4114 6430
334 417 441 471 613

1358 416 1446 471 DE
1482 414 1856 471 TRINITATE
1898 417 2098 473 LIBER
2143 422 2525 479 SECUNDUS.

3485 436 3589 490 (ἱίό

332 529 483 601 αὐτῷ
520 529 885 599 προσήκουσιν
938 531 989 599 (ὃ
1042 531 1163 601 μηδ’
1216 533 1390 585 εἰπεῖν
1459 534 1673 602 εὐαγὲς,
1731 537 1779 588 εί
1843 536 1911 606 μὴ

2020 550 2349 609 egestatem,
2382 544 2466 597 vel
2496 543 2621 612 quia
2651 543 2864 597 abunde
2914 560 3019 599 non
3064 547 3182 611 det,
3228 549 3423 603 bellum
3480 552 3588 621 ipsi

333 620 645 674 ὑποθέσεων
674 621 768 673 καὶ
797 621 1146 676 ὑποστάσεων
1182 623 1523 696 μοχθηρῶν)·
1561 626 1681 678 οὐδὲ
1712 627 1915 697 ἀνῆκεν

331 702 378 780 ᾧ
406 711 792 782 ὀργισθήσεται
819 728 833 741 ’
874 729 893 763 t
922 713 1081 784 Φείδῃ
1111 733 1129 765 ι
1163 714 1291 786 γὰρ,
1319 716 1473 785 φησὶ,
1515 734 1534 767 ‹
1569 717 1805 782 πάντων,
1838 719 1917 772 ὅτι

332 799 513 854 πάντα
537 800 607 855 σά
646 804 783 867 ἐστι,
814 803 1060 858 Δέσποτα
1108 805 1399 877 φιλόψυχε·
1438 808 1533 861 καὶ
1559 807 1619 860 rb
1642 807 1918 880 ἄφθαρτόν

333 908 430 944 σου
463 890 689 962 Πνεῦμα
726 893 873 947 ἐστὶν
916 897 977 970 ἐν,
1017 896 1202 949 πᾶσιν.
1238 915 1259 949 s
1298 895 1513 950 Τούτων
1536 897 1593 952 δὲ
1625 898 1699 970 μὴ
1729 899 1915 964 ὄντων,

331 983 386 1036 τί
419 999 499 1037 σοι
548 983 896 1038 ὑπολείπεται
929 969 1278 1056 σοφίζεσθαις
1316 988 1403 1052 Ὠς
1449 988 1610 1044 πάλιν
1658 969 1786 1045 ὃταν
1832 992 1918 1046 λέ·-

332 1092 499 1146 γηται
532 1075 562 1126 ὁ
608 1073 755 1140 Υἱὸς,
792 1076 825 1148 ἢ
870 1077 931 1130 τὸ
964 1078 1118 1147 ἆγιον
1167 1079 1409 1151 Πνεῦμα,
1454 1082 1713 1153 παρέχειν
1759 1081 1916 1136 θεῖκά

333 1167 652 1237 δωρήματα,
687 1166 925 1238 εὔδηλον,
958 1171 1031 1233 ὡς
1078 1171 1296 1225 εὐδοκία
1343 1175 1582 1245 πατρική
1611 1191 1623 1205 ·
1662 1175 1778 1239 πῶς
1806 1175 1916 1247 γὰρ

334 1258 433 1328 οὐχ
462 1258 667 1324 οὖτως;
714 1261 1014 1332 Τοιγαροῦν
1054 1263 1322 1334 άκρόασαι
1368 1265 1581 1319 Παύλου
1614 1267 1917 1337 Ῥωμαίους

334 1349 644 1415 διδάξαντος
665 1368 677 1383 ⁸
726 1371 744 1403 s
774 1353 894 1407 Ὀτι
927 1355 960 1427 ή
995 1355 1184 1423 ἀγάπη
1226 1354 1318 1408 τοῦ
1361 1356 1495 1410 Θεοῦ
1529 1359 1824 1430 ἐκκέχυται
1857 1362 1915 1413 ἐν

335 1444 453 1505 ταῖς
487 1435 736 1514 καρδίαις
768 1443 923 1513 ἡμῶν
953 1444 1040 1498 διὰ
1082 1444 1396 1515 Πνεύματος
1424 1448 1579 1516 ἁγίου
1619 1449 1711 1503 τοῦ
1734 1450 1916 1505 δοθέν-

335 1547 429 1593 τος
476 1533 632 1601 ἡμῖν·
661 1549 679 1581 ι
728 1532 842 1598 καὶ,
884 1554 903 1585 s
939 1534 1091 1587 Ὅσοι
1150 1535 1426 1605 Πνεύματι
1477 1536 1612 1591 Θεοῦ
1671 1540 1912 1607 ἄγονται,

337 1616 483 1675 οὗτοι
512 1623 618 1674 υἱοὶ
640 1622 775 1675 Θεοῦ
807 1625 973 1676 εἰσιν·
1005 1644 1024 1675 s
1076 1626 1170 1679 καὶ
1208 1628 1369 1682 πάλιν
1393 1646 1405 1658 ·
1453 1648 1471 1680 t
1522 1630 1580 1682 Ὀ
1609 1626 1700 1684 οὖν
1727 1632 1914 1701 ἐπιχο-

339 1714 525 1785 ρηγῶν
576 1716 701 1784 ὑμῖν
738 1715 799 1768 rb
847 1716 1097 1787 Πνεῦμα,
1137 1719 1232 1771 καὶ
1282 1721 1517 1791 ἐνεργῶν
1561 1723 1815 1795 δυνάμεις
1858 1724 1916 1777 ἐν

2022 630 2272 685 illaturus
2302 633 2371 685 sit
2396 647 2412 686 :
2451 646 2627 701 neque
2657 632 2798 687 alius
2828 633 2940 703 (70)
2983 637 3268 705 quisquam
3294 680 3310 705 ,
3341 640 3433 708 qui
3464 656 3587 696 cum

2020 736 2086 776 eo
2121 723 2188 777 de
2219 722 2447 792 imperio
2492 725 2818 788 contendat,
2863 726 3153 795 invenitur,
3184 738 3245 783 ut
3289 730 3416 786 huic
3446 732 3587 787 invi-

2022 815 2179 879 deat,
2210 829 2271 869 ac
2294 825 2570 881 vereatur,
2603 828 2670 868 ne
2700 814 2804 869 sibi
2833 827 3143 885 exmquetut
3176 833 3238 873 ea
3265 824 3583 892 occupando

2019 920 2139 973 quae
2186 906 2252 959 ad
2297 920 2357 961 se
2401 907 2718 974 pertinent:
2764 906 2816 960 id
2851 908 2996 976 quod
3023 924 3092 964 ne
3139 910 3321 966 dicere
3368 913 3583 983 quidem

2019 998 2102 1053 las
2153 1008 2268 1061 est,
2322 998 2422 1053 nisi
2475 998 2563 1051 ubi
2611 998 2678 1051 de
2732 997 2980 1068 malignis
3038 998 3355 1057 substantiis
3409 1016 3589 1060 sermo

2022 1089 2091 1141 sit
2141 1086 2276 1159 (7i).
2326 1086 2510 1157 Neque
2562 1088 2631 1142 ob
2671 1087 2760 1153 id,
2802 1088 2942 1157 quod
2972 1088 3138 1144 semel
3178 1091 3422 1160 remisit,
3463 1107 3589 1148 rur-

2020 1194 2111 1232 sus
2142 1179 2413 1233 irascitur.
2444 1198 2463 1229 ‹
2488 1178 2799 1250 Parcis(72)
2826 1199 2844 1230 ι
2871 1180 3014 1235 enim
3039 1199 3058 1233 ι
3084 1181 3354 1248 omnibus,
3382 1201 3400 1234 ι
3420 1182 3592 1253 inquit

2020 1267 2319 1337 Scriptura,
2349 1287 2370 1320 ι
2407 1269 2727 1339 quiaomnia
2777 1280 2866 1325 tua
2909 1282 3069 1338 sunt,
3120 1273 3342 1327 Domine
3384 1284 3591 1328 amator

2020 1358 2331 1412 animarum
2363 1376 2377 1411 :
2413 1367 2467 1413 et
2496 1360 2921 1429 incorruptibilis
2952 1370 3074 1416 tuus
3109 1361 3343 1432 Spiritus
3397 1373 3480 1419 est
3529 1363 3584 1417 in

2017 1448 2290 1503 omnibus.
2325 1468 2344 1500 ι
2376 1450 2509 1503 Cum
2563 1464 2689 1504 vero
2743 1451 2856 1504 btec
2908 1451 3089 1507 dicere
3132 1468 3403 1521 nequeas,
3456 1454 3587 1523 quid

2021 1537 2112 1592 tibi
2141 1538 2463 1607 relinquitur
2485 1539 2550 1593 ad
2579 1540 2817 1609 captiose
2842 1541 3246 1596 cavillandum?
3276 1540 3403 1597 Vice
3428 1558 3588 1598 versa

2017 1642 2139 1681 cmn
2192 1625 2358 1682 Filius
2388 1635 2504 1681 aut
2549 1628 2787 1698 Spiritus
2848 1638 3069 1684 sanctus
3111 1633 3353 1701 prabere
3391 1633 3588 1689 dicitur

2018 1717 2198 1770 divina
2231 1717 2368 1771 dona
2391 1757 2406 1784 ,
2436 1717 2668 1773 Paterna
2699 1720 3092 1788 complacentia
3147 1723 3197 1777 id
3248 1723 3363 1777 ﬁeri
3411 1726 3583 1779 mani-

343 1807 502 1873 ύμῖν·
543 1826 561 1856 ι
597 1808 689 1861 καὶ
711 1808 1016 1878 Κορινθίοις
1042 1809 1100 1862 τὸ
1136 1811 1350 1881 πρῶτον
1372 1830 1386 1840 ⁸
1418 1833 1436 1865 ‹
1459 1815 1520 1867 Ei
1553 1814 1610 1867 δέ
1637 1816 1911 1886 Πνεύματι

2017 1809 2215 1863 festum
2260 1820 2389 1865 est:
2443 1811 2535 1880 qui
2592 1811 2735 1865 enim
2790 1812 2948 1867 aliter
3001 1813 3117 1867 lieri
3154 1815 3369 1884 potest?
3402 1814 3587 1884 Itaque

339 1894 558 1964 ἄγεσθε,
581 1898 679 1950 οὐκ
698 1898 778 1950 ἔτι
805 1900 926 1951 ἐστέ
957 1900 1060 1953 ὑπὸ
1079 1902 1240 1971 νόμον
1262 1920 1275 1934 ’
1303 1922 1321 1953 ι
1354 1905 1446 1957 καὶ
1477 1904 1742 1969 Γαλάταις
1759 1924 1772 1937 ο
1790 1885 1821 1957 is
1857 1907 1911 1961 Ὀ

2018 1898 2242 1953 Paulum
2293 1900 2417 1955 audi
2475 1899 2749 1957 Romanos
2805 1903 2922 1957 lucc
2975 1904 3257 1960 docentem
3290 1923 3303 1959 :
3337 1923 3356 1956 ι
3392 1906 3587 1960 (Ibat-i-

339 1987 446 2059 γάρ
474 1990 685 2059 καρπὸς
730 1990 824 2043 τοῦ
864 1991 1180 2062 Πνεύματός
1210 1993 1357 2047 ἐστιν
1403 1994 1612 2066 ἀγάπη,
1653 1998 1813 2068 χαρά,
1838 2001 1916 2053 εἱ-

343 2083 496 2153 ρήνη,
536 2081 900 2153 μακροθυμία,
940 2083 1264 2153 χρηστότης,
1318 2085 1663 2157 ἀγαθωσύνη,
1709 2090 1908 2155 πίστις,

339 2170 599 2239 πραότης,
645 2170 959 2241 ἐγκράτεια.
1011 2171 1166 2225 Κατὰ
1209 2172 1317 2225 τῶν
1364 2174 1618 2228 τοιούτων
1650 2178 1750 2232 οὐκ
1797 2179 1911 2233 ἔστι

337 2259 517 2328 νόμος.
563 2278 581 2308 ›
642 2260 732 2313 Διὸ
803 2260 1077 2315 κάνταῦθα
1133 2265 1394 2333 προεῖπε·
1438 2284 1455 2314 ι
1509 2266 1812 2337 Διαιρέσεις
1855 2270 1911 2323 δὲ

336 2351 692 2421 χαρισμάτων
748 2351 875 2413 εἰσὶ,
905 2351 967 2403 rb
1002 2352 1058 2404 δέ
1092 2352 1223 2405 αὐτὸ
1276 2352 1524 2424 Πνεῦμα·
1563 2374 1582 2405 s
1626 2354 1768 2411 τοῦτ’
1797 2358 1911 2413 ἔστι

336 2440 501 2508 (κατὰ
528 2439 760 2509 ἔλλειψιν
788 2441 943 2510 λόγου
991 2444 1085 2496 καὶ
1126 2444 1447 2515 συγκοπὴν),
1477 2446 1536 2497 rb
1562 2447 1912 2520 χαριζόμενον

336 2530 595 2600 Πνεῦμα*
634 2531 727 2584 καὶ
758 2530 931 2596 οὕτως
970 2534 1278 2603 ἐπήγαγεν·
1326 2554 1345 2586 ‹
1377 2534 1449 2588 Τὸ
1486 2535 1544 2589 ἓν
1571 2537 1747 2590 καὶτὸ
1783 2540 1913 2592 αὐτὸ

336 2620 593 2690 Πνεῦμα,
636 2621 872 2695 διαιροῦν
924 2623 1029 2694 ἰδία
1078 2626 1292 2697 ἑκάστῳ
1337 2626 1520 2691 καθὼς
1573 2626 1853 2697 βούλεταιο
1887 2650 1905 2682 s

324 2710 479 2763 -ὦστε
512 2712 808 2779 ἀποδεῖξαι,
842 2714 922 2767 ὅτι
948 2714 1099 2779 αὐτὸ,
1137 2718 1232 2769 καὶ
1264 2718 1570 2788 χαρίζεται,
1607 2720 1700 2772 καὶ
1746 2720 1834 2791 [98
1860 2721 1911 2792 b]

332 2800 549 2873 διαιρεῖ,
598 2803 914 2874 ὁμοφρόνως
959 2804 1117 2875 δῆλον
1166 2807 1248 2859 ὃτι
1298 2806 1376 2877 τῷ
1428 2808 1537 2874 ἐνὶ,
1590 2803 1650 2861 οῦ
1689 2810 1910 2880 Πνεῦμά

337 2894 484 2954 ἐστι,
537 2893 630 2945 καὶ
688 2894 767 2955 είς
815 2892 874 2946 ὃν
926 2894 1105 2949 πάντα
1159 2897 1453 2965 ἀνάγεται,
1517 2898 1591 2961 ὡς
1624 2899 1912 2969 Ῥωμαίοις

332 2982 551 3053 ἐγράφη
578 2999 591 3012 ⁸
631 3003 648 3034 ‹
677 2983 795 3036 Ὀτι
830 2984 889 3049 ἐξ
918 2986 1103 3051 αὑτοῦ,
1140 2987 1236 3041 καὶ
1268 2987 1337 3041 δι’
1364 2987 1547 3052 αὐτοῦ,
1581 2990 1676 3041 καὶ
1702 2991 1782 3054 είς
1813 2991 1910 3042 αύ-

336 3075 427 3127 τὸν
458 3073 527 3127 τὰ
563 3074 757 3129 πάντα.
790 3094 808 3125 ι
852 3076 1091 3147 Πρόσεχε
1128 3079 1184 3131 δὲ
1225 3079 1315 3132 καὶ
1362 3081 1473 3143 τοῖς
1514 3080 1691 3143 ἄλλοις
1724 3082 1908 3145 πᾶσιν,

2022 1999 2104 2045 tas
2142 1990 2254 2060 (75)
2302 1990 2397 2046 Dei
2451 1992 2642 2048 dill’usa
2694 2002 2780 2048 est
2827 1995 2881 2049 in
2931 1995 3189 2050 cordibus
3237 1996 3439 2051 nostris
3486 2009 3584 2066 per

2021 2080 2282 2150 Spiritum
2310 2091 2556 2137 sanctum
2576 2124 2593 2149 ,
2620 2085 2711 2153 qui
2736 2086 2893 2141 datus
2914 2095 2998 2142 est
3027 2087 3220 2153 nobis;
3256 2108 3275 2140 ι
3296 2097 3351 2143 et
3377 2106 3391 2143 :
3413 2108 3431 2141 ‹
3455 2088 3586 2155 Qui-

2020 2185 2232 2239 cunque
2259 2171 2370 2242 (74)
2400 2172 2604 2250 Spiritu
2636 2172 2731 2227 Dei
2760 2184 3013 2243 aguntur,
3042 2176 3096 2231 bi
3125 2177 3219 2232 lilii
3249 2177 3342 2231 Dei
3373 2188 3517 2232 sunt.
3557 2199 3576 2231 ι

2019 2262 2085 2316 Et
2116 2267 2343 2318 rursus:
2374 2280 2394 2315 ι
2426 2264 2529 2331 Qui
2563 2279 2693 2334 ergo
2724 2266 2835 2337 (75)
2870 2267 3056 2322 tribuit
3086 2268 3239 2323 vobis
3281 2267 3541 2337 Spiritum
3563 2311 3578 2337 ,

2017 2362 2074 2408 et
2102 2364 2365 2423 operatur
2399 2355 2631 2411 virtutes
2663 2356 2714 2410 in
2746 2358 2937 2424 vobis;
2969 2376 2988 2410 ι
3021 2367 3074 2414 et
3103 2359 3154 2412 in
3182 2358 3350 2428 prima
3389 2361 3452 2414 ad
3482 2359 3587 2415 Co-

2021 2444 2252 2500 rinthios
2278 2460 2293 2498 :
2324 2463 2344 2496 ι
2376 2444 2433 2500 Si
2465 2456 2644 2502 autem
2673 2446 2782 2518 (76)
2810 2450 3014 2517 Spiritu
3043 2450 3264 2520 agimini
3286 2490 3301 2514 ,
3341 2466 3444 2504 non
3467 2466 3580 2503 ain-

2021 2533 2159 2602 plius
2187 2537 2322 2589 estis
2348 2537 2449 2591 sub
2472 2536 2610 2607 lege.
2644 2554 2664 2588 ι
2689 2537 2752 2592 Ει
2779 2541 2844 2593 ad
2862 2537 3122 2594 Galatas:
3154 2558 3173 2590 ι
3201 2539 3432 2595 Fructus
3464 2540 3579 2611 (77)

2018 2622 2161 2675 enim
2201 2622 2444 2692 Spiritus
2478 2636 2563 2680 est
2593 2627 2872 2693 cbaritas,
2906 2631 3159 2705 gaudium
3181 2670 3195 2694 ,
3230 2645 3361 2700 pax,
3396 2631 3581 2701 longa-

2021 2713 2276 2779 nimitas,
2339 2716 2615 2785 probitas,
2671 2715 2922 2783 bonitas,
2973 2719 3140 2783 ﬁdes,
3190 2720 3581 2785 mansuetudo,

2018 2806 2369 2861 continentia.
2398 2808 2559 2878 215
2590 2808 2792 2865 Contra
2825 2809 2957 2865 tales
3002 2825 3105 2864 non
3136 2822 3219 2866 est
3251 2811 3357 2867 lex.
3394 2832 3413 2864 ι
3440 2811 3583 2880 Qua-

2018 2901 2236 2960 propter
2278 2894 2365 2949 bic
2405 2909 2619 2964 quoque
2659 2896 2807 2965 prius
2853 2897 3030 2952 dixit:
3058 2916 3076 2949 t
3111 2898 3412 2956 Divisiones
3452 2915 3580 2956 vero

2018 2979 2315 3048 gratiarum
2368 2993 2535 3047 sunt;
2589 2983 2732 3039 idem
2784 2993 2965 3041 autem
3022 2986 3301 3056 Spiritus:
3342 3008 3360 3040 ι
3402 2990 3451 3042 id
3498 3001 3582 3044 est

2012 3066 2162 3138 (per
2205 3069 2436 3139 ellipsim
2490 3074 2791 3137 sermonis,
2846 3085 2900 3129 et
2937 3078 3248 3149 syncOpen)
3285 3098 3302 3130 ι
3339 3078 3580 3148 Spiritus

334 3166 374 3219 ἃ
401 3166 725 3237 προσείρηκε
756 3167 824 3221 τὰ
845 3168 1001 3244 λόγια
1024 3171 1152 3238 περὶ
1186 3168 1366 3223 αὐτοῦ.
1397 3171 1459 3223 El
1483 3170 1527 3225 δ’
1553 3171 1619 3224 ἂν
1647 3171 1754 3244 γάρ
1778 3175 1909 3226 πᾶσι

2019 3157 2108 3225 qui
2139 3158 2301 3214 donat
2334 3179 2349 3216 :
2384 3180 2404 3213 ι
2438 3170 2493 3216 et
2522 3172 2703 3231 postea
2730 3163 3046 3233 subiunxit:
3082 3185 3103 3219 ι
3141 3167 3286 3223 Unus
3333 3180 3387 3223 et
3438 3170 3578 3224 idem

339 3262 643 3329 προσεῖχες,
678 3260 771 3312 καὶ
794 3262 840 3312 εί
864 3260 1144 3322 ἐπίστευες
1171 3260 1319 3330 αὐτῷ
1344 3261 1422 3331 τῷ
1455 3260 1575 3332 Θεῷ
1594 3263 1792 3334 Πατρὶ,
1816 3264 1910 3316 καὶ

2016 3248 2246 3318 Spiritus
2265 3291 2282 3316 ,
2312 3251 2557 3308 dividens
2583 3231 3144 3327 seorsumﬁunicuiqne
3170 3270 3331 3327 prout
3360 3260 3507 3328 vult;
3548 3280 3566 3314 s

336 3348 413 3417 τῷ
456 3350 733 3417 μονογενεῖ
758 3349 922 3401 αὑτοῦ
966 3348 1100 3419 Υἱῷ,
1146 3349 1226 3403 ἔτι
1275 3350 1331 3404 δέ
1378 3352 1612 3415 καὶτοῖς
1640 3352 1913 3416 τοσούτοις

337 3437 531 3504 ἁγίοις,
572 3432 647 3490 ὧν
674 3438 723 3490 οἱ
763 3436 1029 3507 ὀφθαλμοὶ
1071 3439 1168 3507 τῆς
1213 3439 1450 3503 διανοίας
1481 3438 1653 3503 οὕτως
1680 3441 1912 3511 ἐγρηγό-

340 3545 486 3598 ρουν,
510 3527 583 3590 ὡς
608 3529 658 3579 οἱ
684 3527 1025 3599 Χερουὸικοὶ,
1064 3527 1156 3592 οὓς
1184 3531 1364 3599 ἡμεῖς,
1394 3532 1503 3600 ὅσῳ
1535 3529 1696 3582 πλέον
1725 3532 1914 3600 αἰσχυ-

338 3615 544 3685 νόμεθα
572 3618 663 3668 καὶ
690 3617 959 3686 τιμῶμεν,
999 3618 1239 3688 τοσούτῳ
1281 3619 1480 3689 μᾶλλον
1516 3620 1614 3691 τὴν
1643 3619 1788 3690 ἔργῳ
1821 3637 1914 3689 γε-

340 3706 571 3776 νομένην
612 3724 667 3759 τε
710 3711 839 3777 παρ’
892 3708 1067 3763 αὐτῶν
1119 3710 1390 3782 συμϐολὴν
1439 3712 1534 3764 καὶ
1567 3711 1785 3781 διδαχὴν
1820 3713 1913 3766 καὶ

338 3797 439 3866 τὴν
490 3796 858 3868 ἐπιδεχθεῖσαν
891 3798 1071 3852 πίστιν
1120 3799 1294 3869 ὀρθῶς
1340 3800 1604 3871 δεχόμεθα
1631 3817 1645 3843 -°
1679 3802 1728 3853 εί
1757 3802 1801 3854 δ’
1847 3801 1912 3854 ἂν

334 3886 394 3939 δὲ
413 3888 506 3940 καὶ
527 3887 601 3958 μὴ
620 3888 717 3959 τὴν
737 3889 909 3959 ἀρχὴν
926 3888 1291 3957 ἠκολούθησας
1314 3890 1370 3942 ἐν
1393 3890 1544 3960 μέρει
1569 3892 1681 3952 τοῖς
1709 3890 1911 3961 Ἀρείου

338 3979 724 4042 ὑπασπισταῖς,
758 3978 850 4042 οὓς
883 3980 1016 4049 μηδὲ
1060 3978 1241 4048 λέγειν
1276 3980 1423 4050 ἡμᾶς
1455 3980 1562 4051 εἴη,
1614 3982 1747 4052 μηδὲ
1782 3999 1915 4053 μαν-

339 4066 541 4132 θάνειν,
574 4067 838 4139 ἐρυθριῶν
874 4067 1089 4131 αὐτοὺς,
1121 4067 1197 4130 ὡς
1226 4067 1665 4138 περιτεθεικότας
1694 4087 1774 4123 σοι
1799 4070 1915 4123 ὅνο-

342 4178 417 4232 μα
449 4160 769 4221 ἐπισκόπου,
827 4159 1054 4229 διακόνῳ
1103 4159 1210 4231 πρὸ
1258 4159 1445 4214 τούτου
1491 4162 1589 4232 τῆς
1634 4161 1913 4233 όρθοδόξου

339 4252 434 4304 καὶ
482 4249 844 4318 ἀποπολικῆς
913 4249 1239 4319 Ἐκκλησίας
1287 4249 1644 4319 τυγχάνοντι·
1698 4251 1795 4303 οὐκ
1848 4249 1913 4303 ἂν

343 4342 440 4411 μὲν
466 4340 563 4411 τὴν
603 4339 960 4411 παρεξέτασιν
991 4340 1099 4393 τῶν
1129 4339 1257 4409 περὶ
1285 4340 1380 4393 τοῦ
1410 4340 1566 4409 ἁγίου
1593 4341 1914 4410 Πνεύματος

339 4432 644 4502 εἰρημένων
674 4432 810 4502 πρὸς
851 4431 921 4484 τὰ
972 4431 1099 4502 περὶ
1148 4431 1257 4484 τῶν
1303 4433 1614 4502 κτισμάτων
1659 4432 1915 4502 λεχθέντα

340 4523 621 4591 ἐποιήσω,
674 4522 769 4575 καὶ
815 4520 913 4591 τὴν
968 4521 1219 4575 ὑπόνοιαν
1265 4524 1378 4584 τοῖς
1430 4521 1784 4575 συνασεόοῦσί
1832 4539 1913 4576 σοι

340 4610 560 4665 πλείονα
596 4610 821 4675 ἔδωκας,
869 4611 989 4663 ούδέ
1040 4612 1255 4681 ἐχρήσω
1302 4609 1367 4663 ἂν
1416 4611 1678 4686 λοιδορίᾳ,
1715 4611 1800 4665 ἵνα
1835 4610 1908 4681 μὴ

339 4700 484 4753 εἴπω
531 4699 866 4771 βλασφημίᾳ,
926 4701 1130 4772 νικώσῃ
1189 4699 1251 4753 rb
1305 4701 1562 4771 μέτριον’
1613 4701 1809 4754 εἰδέναι
1852 4702 1908 4753 δὲ

340 4786 483 4860 εἶχες
517 4792 603 4855 ἂν,
633 4794 713 4845 ὅτι
750 4792 1039 4862 συμπαρῆν
1070 4794 1160 4845 καὶ
1196 4793 1450 4863 συνήργει
1494 4794 1745 4865 ἀρρήτως
1769 4794 1906 4847 πάν-

412 4970 521 5039 (70)
577 4971 741 5024 Alius.
782 4971 983 5032 Codex,
1033 4969 1177 5023 ἄλλω
1221 4988 1326 5034 τις.
1392 4969 1534 5037 Lego
1590 4971 1748 5035 ἄλλος
1798 4989 1903 5035 τις.

340 5039 519 5159 Μῗιίιιι
558 5042 719 5094 etiam
765 5039 1084 5110 πολεμήσοι,
1122 5041 1204 5094 vel
1252 5040 1558 5112 πολεμήσῃ,
1609 5057 1706 5112 pro
1749 5041 1906 5095 πολεο

343 5126 383 5159 υ.
410 5126 524 5159 σει.

312 5138 323 5148 ο
343 5126 524 5161 μησει.

341 5126 524 5251 fresi).
565 5177 686 5233 Nisi
718 5180 817 5251 tibi
841 5217 855 5231 .
888 5218 943 5233 ..
992 5196 1161 5234 sermo
1212 5180 1313 5251 sit.
1349 5177 1408 5235 In
1461 5179 1672 5246 (ἴκτεροι),
1725 5181 1776 5234 εἰ
1830 5179 1903 5251 μὴ

342 5244 666 5318 ὑποθέσεων.
707 5249 927 5303 Videtur
963 5252 1220 5305 omissum
1248 5249 1447 5318 aliquid
1488 5266 1516 5303 a
1561 5244 1806 5313 librario,
1831 5244 1899 5303 ἰιί

337 5317 619 5391 legendum
648 5320 736 5391 sit,
764 5318 991 5391 exempli
1019 5320 1211 5391 gratia,
1244 5320 1293 5372 εί
1332 5317 1407 5391 μὴ
1436 5320 1527 5373 ἐπὶ
1573 5320 1894 5376 ὑποθέσεων.

564 5386 766 5458 (furcis.
810 5388 939 5458 Sttp.
970 5386 1042 5453 at,
1081 5389 1148 5458 27
1176 5398 1230 5443 et
1257 5386 1373 5458 seq.

412 5453 523 5525 (75)
557 5453 825 5525 Charitas.
862 5457 1013 5511 liom.
1048 5473 1102 5525 γ,
1136 5457 1190 5511 5.

410 5524 521 5595 (Η)
564 5524 889 5595 Quicunque.
928 5526 1087 5581 Rom.
1122 5542 1239 5591 vui,
1272 5528 1360 5583 M.

409 5593 520 5664 (75)
563 5595 664 5658 Qui
690 5593 831 5664 ergo.
862 5594 1042 5650 Galat.
1067 5613 1146 5662 ιιι,
1187 5597 1242 5651 5.

435 5663 522 5732 76)
561 5664 622 5717 Si
646 5663 842 5718 autem.
882 5664 996 5718 Non
1025 5667 1077 5719 in
1105 5668 1120 5720 l
1146 5667 1211 5721 ad
1240 5668 1365 5721 Cor.
1393 5666 1507 5720 bch
1532 5676 1769 5732 exstant,
1806 5669 1897 5721 sed

337 5734 393 5788 in
421 5732 517 5799 Ep.
538 5734 601 5785 ad
620 5732 793 5786 Galat.
816 5748 865 5798 ν,
894 5734 979 5785 18.
1006 5735 1188 5791 Grzcca
1206 5736 1368 5793 editio
1392 5750 1495 5791 non
1522 5735 1682 5791 habet
1713 5754 1899 5792 vocem

333 5805 439 5869 ἔτι,
469 5803 519 5858 id
547 5812 628 5858 est
664 5822 682 5856 ι
713 5803 958 5873 amplius.
987 5824 1007 5856 ι

2014 3349 2071 3392 ut
2100 3339 2348 3395 eumdem
2388 3343 2558 3411 ipsum
2591 3355 2644 3399 et
2677 3345 2915 3414 donare,
2951 3357 3007 3401 et
3041 3348 3281 3405 dividere
3311 3351 3569 3407 ostende-

2015 3439 2135 3495 ret,
2172 3430 2246 3483 ita
2282 3433 2525 3497 scilicet,
2558 3444 2617 3488 ut
2656 3436 2796 3490 idem
2836 3438 3058 3491 onmino
3094 3440 3255 3505 velit,
3292 3450 3456 3509 atque
3492 3443 3581 3497 ille

2014 3535 2173 3584 unus,
2198 3521 2350 3589 cujus
2372 3535 2455 3576 est
2482 3524 2740 3592 Spiritus,
2767 3535 2822 3579 et
2840 3527 2907 3581 ad
2933 3541 3092 3595 quem
3120 3531 3298 3583 omnia
3330 3531 3581 3586 referun-

2016 3620 2140 3679 tur,
2173 3613 2317 3667 sicut
2356 3612 2619 3670 liomanis
2660 3618 2921 3685 scriptum
2966 3628 3049 3672 est
3078 3636 3091 3671 :
3122 3638 3140 3669 ι
3169 3619 3432 3686 Quoniam
3465 3621 3579 3691 (78)

2014 3719 2078 3757 ex
2115 3704 2262 3771 ipso,
2288 3712 2342 3758 et
2368 3719 2464 3772 per
2490 3706 2664 3774 ipsum
2685 3746 2699 3771 ,
2727 3716 2779 3761 et
2811 3708 2864 3761 in
2899 3708 3073 3777 ipsum
3101 3710 3305 3763 omnia.
3333 3729 3351 3761 ι
3379 3706 3575 3765 Verum

2015 3796 2081 3848 ad
2111 3794 2215 3848 alia
2248 3804 2439 3849 cuncta
2476 3796 2635 3849 etiam
2682 3797 2899 3851 oracula
2935 3802 3153 3852 attende
3174 3838 3189 3863 ,
3222 3815 3342 3869 qua:
3370 3800 3436 3856 de
3465 3802 3581 3872 ipso

2017 3882 2312 3953 Scriptura:
2353 3882 2594 3937 habent:
2630 3881 2688 3936 Si
2721 3883 2866 3937 enim
2901 3885 2965 3938 ad
3000 3886 3182 3940 omnia
3223 3889 3574 3957 attendisses,

2014 3992 2080 4030 ac
2108 3976 2156 4029 si
2191 3975 2291 4045 ipsi
2324 3974 2433 4030 Deo
2461 3973 2645 4039 Patri,
2681 3983 2736 4029 et
2765 3973 3053 4045 Unigenito
3087 3977 3254 4047 ipsius
3285 3979 3423 4035 Filio
3454 3996 3574 4037 cre-

2013 4067 2205 4136 deres,
2241 4083 2303 4122 ac
2334 4067 2556 4136 insuper
2591 4075 2670 4121 tot
2695 4067 2930 4131 sanctis,
2957 4082 3187 4137 quorum
3216 4071 3412 4127 mentis
3440 4088 3570 4129 ocu-

2016 4160 2084 4226 li,
2116 4159 2529 4214 cberubicorum
2580 4158 2768 4222 instar,
2818 4146 3021 4229 vigilesf
3057 4160 3169 4230 (79)
3198 4175 3391 4229 erant,
3436 4179 3574 4232 quos

2015 4250 2114 4318 ipsi
2147 4258 2351 4319 quanto
2400 4247 2591 4318 majori
2641 4249 2941 4301 reverentia
2984 4258 3038 4302 et
3069 4249 3271 4305 honore
3296 4254 3577 4322 prosequi-

2017 4358 2158 4408 mur,
2191 4350 2343 4394 tanto
2372 4340 2542 4411 magis
2570 4340 2866 4420 symbolam
2898 4353 3060 4409 opere
3088 4340 3154 4395 ab
3183 4340 3314 4410 ipsis
3342 4340 3539 4398 factam
3562 4385 3577 4407 ,

2013 4442 2068 4488 et
2108 4431 2430 4495 doctrinam,
2463 4440 2519 4484 et
2552 4429 2712 4485 ﬁdem
2745 4430 2812 4484 ab
2853 4429 2919 4483 iis
2953 4429 3233 4498 probatam
3272 4440 3417 4485 recte
3451 4446 3575 4486 sus-

2015 4524 2244 4594 cipimus
2284 4541 2297 4576 :
2349 4537 2413 4575 ac
2456 4523 2503 4577 si
2549 4532 2809 4591 praeterea
2866 4522 3021 4576 initio
3065 4533 3285 4577 secutus
3323 4538 3387 4578 ex
3425 4534 3578 4593 parte

2017 4632 2122 4671 non
2159 4615 2325 4669 fuisse
2354 4614 2467 4666 Arii
2502 4613 2737 4667 asseclas
2760 4652 2775 4676 ,
2811 4627 2947 4681 quos
2982 4627 3080 4668 nec
3115 4615 3394 4667 nominare
3424 4614 3579 4668 nobis

2016 4706 2175 4769 licet,
2213 4720 2311 4759 nec
2358 4719 2617 4767 noscere,
2663 4702 2929 4757 reveritus
2972 4717 3067 4757 eos
3116 4712 3300 4771 utpote
3344 4702 3433 4767 qui
3480 4703 3574 4756 tibi

2017 4810 2210 4849 nomen
2241 4792 2477 4861 episcopi
2524 4792 2633 4863 (80)
2670 4791 3082 4859 imposuerunt,
3129 4806 3249 4844 cum
3282 4799 3437 4844 antea
3488 4805 3576 4845 or-

2087 4970 2196 5042 (77)
2235 4971 2484 5029 Fructus.
2531 4971 2704 5027 Galat.
2746 4989 2797 5035 ν,
2830 4973 2899 5026 22
2921 4980 2974 5042 et
3003 4971 3092 5025 25.
3127 4967 3293 5042 Biblia
3331 4982 3429 5036 pro
3466 4967 3575 5040 γάρ

2014 5038 2293 5113 ίιξῴειίιδέ
2317 5059 2331 5072 υ
2357 5058 2485 5113 _quo
2520 5043 2676 5096 modo
2714 5043 2841 5113 legit
2884 5041 3045 5097 etiam
3095 5038 3353 5110 Didymus
3404 5038 3572 5107 segni.

2012 5109 2328 5181 5570.7Vide
2357 5109 2639 5181 Vulgatatn
2689 5109 3116 5168 traiislationem.

2106 5180 2193 5248 78)
2236 5179 2517 5244 Quoniam.
2562 5181 2715 5235 Boni.
2747 5198 2823 5244 χι,
2858 5180 2944 5236 36.

2226 5248 2431 5329 iiigiles.
2462 5250 2565 5329 Pro
2581 5250 3209 5329 ἐγγρηγρρουν,εῐηρηάο
3222 5246 3574 5329 ἐγρηγόρουν,

2115 5268 2192 5317 ω)
2227 5268 2431 5319 “gues.
2464 5268 2565 5330 ιιι-ο
2581 5268 3209 5374 εγγρηῇορουνωῐηεηαο
3222 5268 3572 5329 εγρηγορουν.

2104 5320 2192 5390 80)
2234 5317 2722 5398 Nomen_e_pisc0pt.
2750 5389 2764 5398 _
2810 5336 2872 5398 ac
2919 5321 3190 5398 locultgne
3234 5326 3327 5398 aut
3373 5321 3572 5398 indicat

2010 5385 2131 5444 enin
2170 5385 2328 5457 quem
2378 5389 2594 5453 refellit,
2650 5385 2897 5460 σχολαῖον
2945 5392 3039 5460 (ut
3076 5387 3328 5451 Socrates
3380 5385 3473 5439 lib.
3521 5401 3575 5440 tv

2013 5460 2153 5515 Hist.
2198 5458 2321 5512 eccl.
2368 5474 2488 5529 cap.
2532 5458 2563 5511 7
2619 5459 2911 5529 loquitur),
2966 5457 3016 5512 id
3067 5465 3148 5511 est
3200 5465 3571 5529 «vacantem:

2140 5499 2153 5513 ι
2198 5499 2321 5512 νννιι
2370 5499 2488 5525 νει-Υ.
2540 5499 2553 5511 Ι
2619 5499 2842 5525 ινῚυιιιιι

2011 5529 2322 5598 episcopum
2362 5523 2556 5592 fuisse;
2596 5523 2903 5597 aut'potiu's
2926 5535 3263 5598 contemptus
3303 5538 3465 5598 causa
3496 5523 3574 5578 sic

2010 5594 2250 5673 loquitur
2276 5598 2545 5673 Didymus,
2567 5606 2623 5650 ut
2646 5594 2767 5673 cuin
2802 5594 3571 5673 indicetpseudofepiscopgm

2011 5685 2039 5720 a
2076 5661 2136 5721 se
2168 5661 2395 5721 baberi':
2426 5683 2529 5735 qua
2567 5668 2775 5720 ratione
2825 5661 3042 5721 concilii
3088 5661 3573 5735 sarili_céttsis_'Pa-

2015 5748 2124 5790 tres
2153 5739 2202 5789 in
2240 5731 2460 5803 cpistola
2503 5735 2783 5806 synodica,
2818 5736 2883 5790 de
2915 5734 3178 5806 episcopis
3210 5733 3381 5806 magni
3409 5731 3578 5786 Alba-

2014 5808 2149 5862 nasii
2218 5804 2543 5864 adversariis
2602 5814 2656 5861 et
2708 5805 3187 5863 calumniatoribus
3265 5804 3575 5875 loquentes.
