4110 6448
523 419 625 476 615

1755 412 1986 467 DIDYMI
2028 410 2495 466 ALEXANDRINI

3657 378 3765 469 eis

522 537 770 592 thodoxm
811 542 866 587 et
902 530 1213 601 apostolicae
1255 526 1506 582 Ecclesia:
1567 527 1828 582 diaconus
1888 543 2079 593 esses;

2186 544 2290 578 των
2349 528 2883 599 δημιουργουμὲνων,
2941 528 3035 582 ἀτε
3084 526 3307 597 Πνεῦμα
3354 527 3446 580 τοῦ
3495 526 3631 580 Θεοῦ
3677 530 3768 583 ἐν·

521 639 792 694 nunquam
843 637 942 687 ea,
981 636 1098 691 qua:
1140 621 1206 674 de
1248 617 1454 687 Spiritu
1499 627 1686 672 sancto
1725 619 1866 671 dicta
1919 627 2085 680 sunt,

525 732 646 769 rum
680 717 745 768 iis
776 727 1182 784 comparasscs,
1216 725 1336 779 quin
1371 710 1436 763 de
1462 709 1726 765 creaturis
1772 710 1913 765 dicta
1963 708 2081 764 lue-

520 813 644 858 runt
665 844 680 867 ,
714 819 814 858 nec
843 805 939 871 iis,
970 802 1060 872 qui
1097 801 1193 856 tibi
1228 801 1281 855 in
1314 800 1589 870 impietate
1618 801 1751 855 socii
1783 810 1940 867 sunt,
1971 815 2087 855 ma—

515 897 689 966 jorem
734 897 1098 966 suspicionem
1130 896 1505 965 ingenerasses
1525 932 1539 956 ,
1574 908 1749 961 neque
1794 894 2040 947 convicio
2067 932 2083 959 ,

520 1003 591 1041 ne
622 989 795 1042 dicam
828 986 1163 1054 blasphemia
1185 1026 1201 1050 ,
1240 985 1455 1040 modum
1502 998 1716 1038 onmem
1756 986 2081 1049 excedente,

520 1096 652 1135 usus
682 1094 832 1134 esses
867 1102 878 1133 :
909 1078 1002 1132 sed
1045 1078 1171 1132 illud
1200 1077 1343 1132 scire
1388 1076 1651 1146 potuisses
1674 1117 1690 1141 ,
1728 1077 1870 1145 quod
1922 1076 2087 1130 simul

518 1173 709 1227 aderat
743 1169 982 1239 Spiritus
1008 1180 1233 1225 sanctus
1253 1208 1269 1233 ,
1304 1176 1366 1223 et
1394 1168 1553 1222 simul
1585 1169 1911 1237 operabatur
1942 1166 2083 1221 inef-

521 1261 781 1326 fabilitcr,
817 1276 939 1314 cum
973 1261 1155 1313 omnia
1193 1260 1408 1313 condita
1439 1268 1594 1323 sunt,
1635 1268 1819 1326 utpote
1849 1256 2086 1328 Spiritus

522 1353 614 1406 Dei
652 1353 704 1405 in
737 1352 925 1405 eodem
955 1351 1299 1412 subsistens;
1333 1350 1425 1404 Dei
1460 1364 1590 1403 vero
1626 1358 1681 1402 et
1719 1348 1896 1402 Patris
1934 1362 2079 1402 com-

519 1443 784 1512 placentia
817 1444 1038 1497 omnino
1071 1443 1170 1497 l‘uit
1193 1483 1207 1507 ,
1238 1444 1380 1497 sicut
1420 1442 1670 1511 superius
1719 1440 1922 1494 dictum
1966 1448 2084 1506 est,

517 1550 616 1603 per
661 1533 856 1588 Filium
908 1532 1144 1588 Verbum
1186 1534 1363 1588 omnia
1411 1548 1478 1587 ex
1512 1531 1682 1585 nihilo
1719 1532 1974 1600 produci,
2013 1532 2084 1585 ita

518 1634 574 1677 ut
613 1623 772 1677 simul
801 1640 921 1677 cum
957 1624 1073 1693 ipso
1107 1624 1438 1693 intelligatur
1465 1621 1597 1693 (qui
1628 1622 1772 1676 enim
1806 1621 1965 1675 aliter
1999 1636 2087 1676 res

515 1728 634 1768 esse
666 1712 921 1784 potest?)
946 1730 1068 1767 cum
1103 1714 1217 1781 ipse
1240 1712 1420 1777 Pater,
1453 1720 1564 1765 tum
1594 1712 1942 1767 sanctiﬁcans
1969 1711 2087 1781 ejus

518 1805 752 1874 Spiritus
775 1845 789 1869 ,
846 1806 899 1859 in
956 1806 1276 1859 creatione:
1329 1804 1639 1858 hominibus
1672 1817 1804 1856 vero
1834 1812 2040 1855 tantum
2065 1845 2078 1868 ,

516 1902 608 1948 aut
644 1895 807 1950 etiam
849 1895 1055 1964 angelis
1094 1896 1410 1964 contingere
1434 1937 1448 1959 ,
1490 1907 1550 1948 ut
1584 1895 1764 1949 multis
1801 1896 2078 1963 personis,
2117 1871 2156 1925 Β

515 1993 571 2038 et
606 1986 858 2041 manibus
888 1985 1166 2053 indigeant
1198 1986 1263 2039 ad
1298 1984 1561 2054 quidlibet
1604 1984 1841 2053 perfecte
1867 2026 1882 2048 ,
1924 1994 1979 2038 et
2007 1983 2084 2039 l‘e-

517 2073 607 2127 lici
634 2089 755 2128 cum
792 2074 938 2128 exitu
969 2075 1136 2144 216
1163 2073 1487 2129 faciendum.
1533 2074 1610 2129 De
1644 2075 1732 2130 bis
1764 2086 1945 2128 autem
1987 2088 2085 2129 nos

518 2164 605 2217 ille
637 2173 819 2219 certos
852 2165 1061 2229 reddit,
1096 2165 1189 2235 qui
1236 2165 1288 2218 in
1329 2180 1425 2229 ea,
1471 2180 1590 2234 quas
1621 2180 1715 2235 per
1756 2166 2082 2234 baptismum

518 2256 596 2315 lit,
632 2263 814 2307 nostra
844 2253 1118 2307 hominum
1153 2256 1590 2324 regeneratione,
1626 2254 1890 2324 Spiritum
1922 2255 2083 2309 simul

516 2359 638 2398 cum
671 2345 790 2398 aliis
821 2346 1067 2412 personis
1106 2347 1518 2401 commemorari
1563 2347 1767 2414 jussit;
1812 2362 1936 2401 nam
1970 2349 2083 2416 ipse

516 2449 729 2504 quoque
764 2447 1221 2491 commemoratur
1256 2446 1314 2491 ut
1345 2438 1506 2492 simul
1539 2454 1812 2507 praesens,
1845 2436 1901 2494 e't
1923 2440 2084 2494 simul

516 2540 780 2595 operans,
806 2538 855 2580 et
885 2527 1137 2582 inell‘abili
1174 2538 1363 2582 natura
1393 2544 1496 2584 non
1526 2529 1767 2584 inferior.
1801 2530 1892 2585 Sic
1923 2544 2074 2601 ergo,

516 2629 572 2673 et
601 2634 704 2671 non
739 2619 895 2674 aliter
936 2620 1047 2674 [nec
1077 2636 1134 2675 se
1171 2622 1396 2688 habent,
1447 2631 1503 2678 et
1548 2620 1698 2693 plura
1746 2631 1926 2678 tamen
1966 2623 2077 2692 (8l)

513 2708 696 2766 dicere
728 2711 993 2766 amittam.
1036 2712 1107 2767 At
1140 2714 1280 2768 enim
1329 2729 1424 2781 per
1477 2714 1738 2783 Spiritum
1768 2714 1932 2769 etiam
1966 2714 2081 2769 dis-

518 2800 702 2856 tribuit
731 2804 866 2856 Deus
886 2843 899 2867 ,
929 2803 1071 2858 sicut
1106 2820 1200 2872 per
1216 2802 1452 2858 Verbum
1476 2821 1629 2860 suum
1649 2814 1816 2858 creat.
1850 2803 1956 2858 Sed
1985 2805 2085 2857 hoc

516 2907 638 2945 eum
685 2907 714 2944 a
756 2894 953 2948 deitatc
1004 2910 1111 2947 nou
1157 2895 1434 2962 excludit,
1466 2896 1606 2949 sicut
1641 2911 1708 2949 ne
1737 2894 1931 2948 Filium
1961 2896 2083 2962 qui—

516 2984 638 3037 dem
671 3002 683 3037 :
719 2986 847 3051 quin
881 2985 990 3040 imo
1026 2988 1139 3039 haec
1165 2987 1330 3041 etiam
1359 2988 1653 3041 ostendunt
1677 3030 1691 3053 ,
1742 2987 1918 3055 ipsum
1962 3001 2086 3041 esse

520 3073 685 3127 Deum
719 3094 730 3126 :
764 3075 1015 3142 quoniam
1052 3077 1116 3130 iis
1142 3117 1157 3141 ,
1197 3078 1286 3145 qui
1323 3093 1420 3146 per
1457 3076 1652 3131 Filium
1696 3078 1867 3131 creati
1918 3088 2081 3143 sunt,

516 3178 614 3233 per
640 3163 898 3232 Spiritum
932 3176 1172 3221 sauctmn
1212 3170 1346 3222 bona
1380 3169 1716 3235 prmbentur,
1749 3170 1958 3237 quaead
1993 3183 2085 3222 sa-
2112 3201 2154 3254 ο

519 3254 679 3307 lutem
723 3255 1043 3323 conferunt,
1090 3271 1317 3327 quaeque
1352 3259 1550 3325 ubique
1580 3258 1964 3313 celebrantur:
2000 3258 2083 3312 al-

520 3354 693 3400 terum
724 3346 866 3399 enim
894 3348 960 3401 ab
988 3346 1156 3401 altero
1202 3348 1439 3416 pendet,
1493 3359 1545 3402 et
1591 3358 1853 3403 creatura:
1904 3349 2086 3403 utilior

515 3447 599 3491 est
634 3437 986 3506 providentia,
1013 3438 1347 3508 copiosa-que
1376 3440 1673 3494 divinorum
1699 3455 1761 3494 ac
1784 3440 2082 3495 cmlestium

516 3523 780 3578 donorum
811 3526 1165 3581 multitudinis
1189 3531 1534 3593 consecutio,
1564 3545 1726 3598 quam
1759 3532 1961 3585 creatio
1988 3548 2003 3595 ;
2031 3542 2085 3586 et

517 3612 682 3682 pluris
714 3617 780 3667 ab
813 3616 1065 3671 onmibus
1097 3618 1399 3673 restituatur
1433 3635 1539 3673 non
1571 3620 1838 3674 exsistere
1859 3664 1873 3685 ,
1923 3637 2081 3689 quam

515 3720 638 3758 cum
669 3706 929 3797 e'xsistas,
959 3722 1189 3777 superna
1223 3710 1546 3765 inexhausta
1582 3712 1718 3765 bona
1751 3726 1855 3765 non
1890 3727 2081 3767 conse-

516 3796 648 3864 qui;
685 3813 803 3866 qua}
842 3800 1002 3852 etiam
1048 3816 1167 3854 cum
1221 3802 1438 3867 dantur,
1487 3818 1591 3858 non
1637 3805 2073 3871 conspiciuntur,

515 3888 658 3943 sicut
687 3904 874 3943 eorum
911 3893 1069 3945 etiam
1125 3894 1352 3951 donator
1385 3906 1438 3949 et
1479 3896 1533 3948 in
1570 3895 1766 3949 saecula
1798 3896 2080 3964 elargitur,

515 3986 572 4031 et
619 3979 1013 4046 qumlaunnudo
1062 3981 1391 4051 ignoratur:
1445 3998 1542 4037 nec
1573 3984 1715 4036 enim
1769 3998 1830 4037 ea
1892 3984 2081 4037 oculus

515 4058 680 4133 vidit,
737 4086 911 4139 neque
960 4073 1108 4126 auris
1168 4074 1406 4140 audivit,
1462 4089 1636 4142 neque
1671 4075 1721 4128 in
1761 4086 1996 4130 mentem
2029 4088 2084 4132 et

513 4157 891 4228 cogitationem
954 4172 1193 4215 nostram
1253 4172 1564 4225 venerunt,
1629 4178 1727 4217 nec
1786 4167 2080 4233 cognitioni

515 4258 711 4303 nostra:
765 4252 1003 4318 exposita
1043 4260 1202 4316 sunt;
1237 4252 1330 4306 sed
1370 4252 1626 4319 quidquid
1679 4254 1961 4308 excelsum
2016 4272 2081 4311 ac

500 4340 742 4396 .sublime
765 4381 780 4407 ,
813 4342 1073 4411 quidquid
1111 4343 1394 4411 pulchrum
1434 4360 1655 4413 usquam
1686 4355 1770 4401 est
1795 4388 1810 4414 ,
1844 4349 1893 4401 id
1926 4364 2086 4402 omne

452 4494 457 4503 ι
515 4430 674 4484 simul
732 4444 915 4485 mente
968 4434 1305 4504 colligimus,
1360 4446 1419 4489 ut
1471 4436 1582 4507 (82)
1635 4439 1814 4507 aliquo
1869 4441 2080 4494 tandem

2187 618 2485 671 υπόστατον
2511 634 2525 649 '
2564 619 2820 690 εύδόκησε
2866 619 2925 671 δὲ
2980 619 3125 685 ἅπαξ
3167 620 3195 670 ὁ
3237 618 3369 680 Θεὸς
3408 619 3499 671 καὶ¹
3549 620 3763 691 Πατὴρ,

2186 709 2327 761 καθά
2357 710 2613 780 ἀνωτέρω
2655 711 2886 780 εἴρηται,
2938 710 3025 763 διὰ
3064 710 3157 762 τοῦ
3197 710 3324 762 Υἱοό
3373 710 3545 777 Λόγου
3586 710 3765 763 πάντα

2187 802 2251 852 ἐκ
2294 800 2368 871 μὴ
2410 800 2576 854 ὄντων
2635 800 3036 873 παροισθῆναι,
3091 802 3572 872 συνεπινοουμένου
3614 802 3767 870 (πῶς

2185 892 2294 963 γὰρ
2336 892 2459 963 05;)
2490 892 2653 946 αὑτοῦ
2686 910 2744 945 τε
2788 892 2882 946 τοῦ
2926 892 3138 963 Πατρὺς
3171 893 3264 945 καὶ
3304 891 3398 945 τοῦ
3440 891 3763 960 ἀγιαστικοῦ

2187 983 2501 1053 Πνεύματος
2532 983 2697 1037 αὑτοῦ
2730 985 2813 1047 είς
2848 984 2910 1036 τὸ
2956 983 3352 1054 δημιουργῆσαι
3375 999 3387 1012 ·
3427 986 3519 1036 ἐπὶ
3554 984 3765 1056 ἀνθρώ-

2188 1091 2304 1127 πων
2324 1074 2401 1139 δὲ,
2428 1074 2461 1144 ἢ
2493 1076 2584 1128 καί
2610 1075 2876 1144 ἀγγέλων,
2909 1075 3067 1146 χρεία
3092 1075 3301 1129 πολλῶν
3334 1074 3639 1146 προσώπων
3666 1078 3764 1129 καὶ

2185 1165 2384 1236 χειρῶν
2412 1169 2493 1230 είς
2528 1166 2588 1219 τὸ
2611 1167 2829 1228 τελείως
2850 1167 2943 1218 καὶ
2972 1165 3397 1237 περιγεγονότως
3417 1167 3593 1220 ὁτιοῦν
3620 1170 3764 1239 πρᾶ-

2188 1253 2293 1319 Eat.
2352 1258 2681 1326 Διεγγυᾶται
2725 1256 2781 1309 δὲ
2824 1255 2912 1327 [99
2942 1255 2996 1328 α]
3030 1255 3201 1310 ταῦτα
3249 1260 3279 1311 ό
3321 1256 3583 1321 θεσπίσας
3619 1275 3761 1328 συμ-

2190 1349 2623 1420 μνημονεύεσθαι
2651 1348 2781 1402 αὐτὸ
2809 1352 2867 1403 ἐν
2894 1352 2959 1420 τῇ
2990 1349 3084 1402 τοῦ
3133 1349 3507 1419 βαπτίσματος
3533 1350 3761 1417 ἀναγεν-

2186 1440 2339 1510 νήσει
2380 1440 2568 1510 ήμῶνο
2610 1441 2685 1504 ὡς
2736 1440 3021 1512 συμπαρὸν
3050 1441 3189 1511 γὰρ,
3234 1443 3328 1494 καὶ
3373 1443 3757 1511 συμπρᾶττον,

2187 1531 2281 1584 καὶ
2324 1532 2423 1602 τῆς
2465 1532 2703 1602 ἀρρήτου
2742 1530 2956 1601 φύσεως
2988 1532 3084 1602 οὐχ
3134 1531 3591 1601 ύποϐιϐαζὸμενον
3628 1550 3761 1604 μνη-

2190 1616 2474 1685 μονεύεται
2506 1619 2597 1670 καὶ¹
2629 1618 2778 1671 αὐτό.
2814 1617 2999 1681 Οὕτως
3041 1620 3141 1689 μὲν
3171 1615 3263 1672 οὖν
3298 1620 3489 1685 ταῦτα,
3520 1620 3614 1674 καὶ
3660 1622 3760 1675 οὐκ

2186 1706 2379 1771 ἄλλως,
2406 1710 2518 1783 acad.
2567 1709 2735 1762 πλείω
2773 1712 3004 1781 παρήσω
3050 1711 3226 1778 λέγειν
3264 1711 3449 1780 ὅμως,
3474 1710 3632 1764 Ἀλλά
3664 1713 3759 1764 καὶ

2185 1794 2275 1848 διὰ
2302 1795 2392 1848 τοῦ
2424 1797 2737 1866 Πνεύματος
2769 1796 3007 1867 διανέμει
3041 1798 3069 1848 ὁ
3106 1797 3257 1861 Θεὸς,
3287 1796 3361 1860 ὡς
3406 1795 3493 1848 διὰ
3528 1795 3620 1848 τοῦ
3656 1797 3759 1848 Δό-

2185 1900 2281 1951 γου
2304 1884 2468 1937 αὑτοῦ
2502 1884 2693 1948 κτίζει.
2732 1885 2898 1939 Τοῦτο
2930 1886 3029 1939 οὐκ
3067 1886 3315 1940 ἐκϐάλλει
3347 1886 3476 1938 αὐτὸ
3508 1886 3608 1955 τ’ἡς
3637 1885 3757 1939 θεό-

2184 1993 2362 2046 τητος,
2390 1976 2465 2041 ὡς
2502 1972 2621 2031 οὐδὲ
2674 1978 2765 2030 τὸν
2800 1977 2956 2030 Υίόνο
3007 1977 3195 2048 μενοῦν
3245 1994 3309 2045 γε
3348 1978 3440 2030 καὶ
3471 1976 3761 2045 ἀποφαίνει

2185 2070 2277 2122 καὶ
2302 2068 2388 2122 διὰ
2406 2067 2609 2121 τούτων
2637 2069 2768 2121 αὐτὸ
2799 2068 2949 2121 Θεόν.
2995 2069 3212 2139 Ἐπειδὴ
3246 2072 3357 2131 τοῖς
3393 2068 3480 2120 διά
3508 2068 3600 2121 τοῦ
3630 2069 3757 2122 Υίοῦ

2185 2159 2471 2227 κτισθεῖσι,
2515 2160 2602 2213 διά
2653 2162 2747 2213 τοῦ
2791 2160 2945 2228 ἁγίου
2974 2161 3287 2231 Πνεύματος
3313 2159 3384 2212 τά
3420 2160 3553 2232 πρὸς
3585 2177 3760 2232 σωτη-

2188 2251 2307 2323 ρίαν
2340 2253 2435 2305 καὶ
2464 2251 2738 2322 πανταχοῦ
2766 2251 3070 2321 λαλούμενα
3103 2252 3401 2322 παρέχεται
3424 2252 3619 2319 ἀγαθά.
3651 2250 3760 2304 Θά-

2182 2358 2340 2413 τερον
2367 2343 2475 2414 γὰρ
2508 2342 2735 2413 θατέρου
2775 2342 3031 2415 ἤρτηται,
3071 2343 3162 2395 καὶ
3192 2341 3269 2412 τῷ
3301 2342 3758 2413 δημιουργηθέντι

2187 2432 2608 2505 συμφορώτερον
2642 2432 2738 2486 τοῦ
2778 2433 3241 2504 δημιουργηθῆναι
3283 2432 3343 2486 τὸ
3391 2434 3753 2505 προνοεῖσθαι,

2185 2523 2396 2579 καὶτοῦ
2428 2525 2640 2596 ῥέοντος
2667 2524 2903 2596 πλήθους
2929 2525 3036 2578 τῶν
3065 2524 3123 2592 ἐξ
3151 2525 3378 2596 οὐρανοῦ
3426 2525 3585 2578 θείων
3623 2542 3758 2580 κατ-

2185 2614 2466 2678 αξιοῦσθαι
2503 2613 2718 2686 δώρων·
2745 2616 2839 2668 καὶ
2868 2616 3256 2687 προτετίμηται
3282 2616 3557 2686 πανταχοῦ
3589 2616 3651 2670 τὸ
3683 2617 3758 2687 μὴ

2185 2704 2454 2773 γενέσθαι,
2485 2704 2579 2758 τοῦ
2626 2706 2914 2777 γενόμενον
2960 2705 3209 2772 ἀτευξίαν
3240 2706 3380 2777 ἔχειν
3407 2707 3515 2759 τῶν
3553 2706 3759 2761 ἄνωθεν

2185 2796 2539 2866 ἀδαπανήτων
2573 2795 2823 2862 ἀγαθῶνί
2860 2796 2894 2850 ἀ
2923 2798 3016 2850 καὶ
3040 2797 3290 2868 διδόμενα
3315 2799 3413 2867 οὐχ
3437 2800 3649 2867 ὁρᾶται,
3682 2800 3758 2863 t‘u;

2186 2889 2278 2943 καί
2314 2891 2342 2941 ὁ
2387 2888 2561 2949 διδοὺς
2595 2888 2688 2940 καὶ
2724 2887 2790 2939 δι’
2824 2887 3031 2942 αἰώνων
3070 2889 3321 2959 ἐπαρκεῖ,
3364 2890 3457 2944 καὶ
3485 2891 3759 2959 ἀγνοεῖταί

2186 2997 2321 3043 πως.
2362 2980 2437 3032 ῡύ
2479 2978 2587 3049 γὰρ
2624 2979 2731 3033 ἴδεν
2769 2979 2910 3032 αὐτὰ
2939 2980 3111 3051 ὄμμα,
3151 2980 3275 3035 οὔτε
3314 2983 3544 3053 ἤκουσεν
3576 2978 3686 3045 οὖς.
3720 2984 3755 3052 ἢ

2186 3073 2265 3135 εἰς
2297 3069 2590 3140 ἐνθύμησιν
2629 3066 2760 3141 ἦλθέ
2796 3089 2883 3124 πω
2909 3091 2921 3103 ·
2969 3074 3063 3126 καὶ
3112 3073 3397 3142 πρόκειται
3443 3075 3509 3144 τῇ
3559 3071 3756 3142 γνώσει

2187 3161 2342 3233 ἡμῶν
2370 3163 2478 3215 πᾶν
2506 3160 2633 3234 περὶ
2661 3163 2842 3219 αὐτῶν
2880 3164 3010 3235 ὕψος
3051 3163 3529 3234 συλλογιζομένων,
3569 3167 3675 3218 πᾶν
3695 3182 3757 3216 τε

2186 3255 2378 3319 κάλλος
2411 3254 2793 3325 συλλεγόντων,
2826 3258 2975 3321 ὅπως
3004 3258 3120 3311 ποτ’
3162 3252 3253 3310 οὖν
3286 3256 3493 3328 πελάζῃ
3521 3255 3597 3325 τῷ
3625 3254 3761 3326 πρέ-

2184 3364 2337 3401 ποντι
2375 3351 2410 3419 ἡ
2436 3349 2616 3413 πίστις
2635 3364 2649 3379 ⁸
2680 3348 2807 3402 ἔνθα
2833 3348 2941 3419 γάρ
2972 3348 3103 3402 αὐτὸ
3140 3347 3389 3417 τάληθὲς,
3415 3348 3448 3417 ἥ
3478 3346 3756 3418 τάκριϐὲς,

2183 3439 2318 3502 τέως
2345 3440 2444 3511 οὑχ
2465 3439 2759 3511 ἁλώσιμον,
2786 3443 2843 3502 ἐς
2866 3440 2928 3491 τὸ
2950 3439 3170 3492 δυνατὸν
3193 3438 3273 3490 δεῖ
3295 3438 3529 3507 βλέπειν.
3572 3439 3625 3489 Ἀ
3635 3437 3763 3490 πλα-

2183 3528 2280 3599 νὴς
2327 3526 2419 3582 οὖν
2462 3529 2609 3596 ἔλεξε
2664 3528 2813 3599 φωνὴ
2866 3530 2992 3599 περὶ
3037 3530 3129 3581 τοῦ
3165 3529 3457 3599 γενομένου
3491 3530 3760 3600 ἀμετόχου

2184 3619 2418 3672 τούτων·
2470 3638 2487 3669 ι
2522 3619 2700 3673 Καλὸν
2744 3615 2812 3689 ἦν
2855 3618 2932 3688 τῷ
2984 3618 3254 3691 ἀνθρώπῳ
3300 3622 3512 3690 ἐκείνῳ,
3557 3623 3607 3674 εί
3661 3622 3760 3674 οἰκ

2184 3708 2465 3779 ἐγεννήθη.
2502 3728 2521 3758 ι
2573 3709 2742 3772 Αὐτὸς
2793 3705 2887 3762 οὖν
2944 3711 3164 3764 σεαυτὸν
3213 3710 3280 3763 δι’
3327 3712 3506 3774 αἰτίας
3556 3713 3761 3782 ἤγαγες

2184 3800 2307 3870 ἤδη,
2339 3800 2432 3851 καὶ
2457 3802 2532 3862 είς
2564 3800 2756 3853 ἐαυτὸν
2799 3800 3176 3871 περιέτρεψας,
3211 3802 3275 3872 ἧν
3304 3802 3431 3855 εἴλω
3458 3802 3578 3855 καθ’
3606 3804 3760 3874 ήμών

2185 3889 2519 3959 κατηγορίαν
2541 3904 2555 3918 ⁶
2599 3889 2693 3942 καὶ
2733 3890 2917 3952 ἁπλῶς
2946 3891 3054 3942 τῶν
3099 3890 3235 3959 ἀέρα
3272 3891 3579 3944 τυπτόντων
3611 3892 3761 3944 οὐδὲν

2184 3980 2457 4051 διαφέρειν
2516 3980 2730 4047 ἔδοξας,
2783 3982 3077 4053 προαχθεὶς
3137 3985 3217 4046 είς
3275 3983 3336 4035 τὸ
3389 3983 3618 4055 ἀπορίας
3680 4001 3759 4036 τι-

2184 4071 2302 4135 νὰς,
2348 4071 2410 4124 τὸ
2466 4072 2529 4142 δὴ
2587 4072 2895 4144 λεγόμενον,
2941 4073 3226 4138 καττύσαι,
3291 4075 3384 4129 καὶ
3417 4073 3503 4145 [99
3551 4073 3600 4145 b]
3659 4092 3757 4144 με-

2183 4160 2316 4224 ταξὺ
2356 4162 2513 4215 θείων
2557 4164 2897 4234 πραγμάτων
2948 4164 3041 4216 καὶ
3085 4164 3434 4234 διηγημάτων
3481 4165 3559 4228 είς
3595 4165 3757 4235 μέσον

2186 4253 2400 4322 ἀσόφως
2421 4254 2755 4325 φέρειν,,τῆς
2790 4256 2977 4327 χρείας
3014 4256 3113 4307 οὐκ
3151 4256 3503 4327 ἀπαιτούσης,
3535 4255 3669 4311 ἀλλα
3697 4257 3758 4310 τέ

2186 4362 2304 4399 τινα
2335 4346 2514 4411 ὑλικά,
2545 4347 2640 4400 καὶ
2670 4348 2849 4417 μέντοι
2903 4347 2992 4399 τὸν
3048 4347 3452 4417 ἀντικείμενον,
3488 4350 3580 4402 καὶ
3625 4353 3759 4404 ἀπο-

2188 4437 2537 4509 ϐεϐλημένον,
2579 4440 2673 4492 καὶ
2711 4435 2906 4510 οἷάπερ
2949 4440 3135 4503 ἔλεξας
3178 4442 3565 4495 ὑποϐάλλοντα.
3616 4441 3757 4495 Πολύ

514 4533 677 4587 modo
730 4534 795 4587 ad
845 4535 1126 4589 veritatem
1185 4539 1407 4593 accedat
1455 4540 1588 4596 lich
1627 4551 1852 4611 nostra;
1901 4543 1956 4597 in
2004 4544 2083 4598 al—

2189 4544 2246 4581 τε
2284 4529 2509 4600 ἀπέχεις
2536 4529 2644 4582 τῶν
2671 4530 2912 4592 ἐπιεικές
2953 4548 3002 4582 τι
3050 4531 3142 4583 καὶ
3176 4531 3407 4600 χρηστὸν
3462 4534 3758 4602 πεποιηκό-

513 4644 629 4692 tera
663 4639 805 4694 enim
861 4640 968 4694 vita
1024 4642 1279 4698 duntaxat
1325 4645 1506 4700 divina
1562 4647 1651 4701 illa
1706 4649 1882 4715 bona,
1922 4660 2084 4719 prout

517 4760 705 4800 revera
763 4747 817 4801 in
875 4748 1076 4819 seipsis
1138 4760 1263 4805 sunt
1298 4794 1311 4818 ,
1376 4760 1431 4807 et
1490 4753 1608 4808 sine
1681 4754 1842 4821 velo,
1912 4770 2081 4824 quan—

517 4856 629 4900 tum
678 4863 904 4915 capaces
933 4851 1138 4906 erimus
1160 4890 1176 4913 ,
1209 4852 1557 4919 intuebimur,
1594 4870 1715 4910 cum
1756 4856 1809 4910 in
1836 4856 1937 4912 hac
1970 4858 2081 4913 vita

515 4956 793 5022 percipere
817 4958 1003 5010 eadem
1061 4972 1167 5011 non
1218 4969 1513 5014 valeamus.
1548 4957 1734 5029 Itaque
1766 4961 1812 5015 is
1838 4963 1928 5030 qui
1973 4961 2081 5016 falli

514 5072 619 5112 nun
657 5067 867 5128 potest,
919 5061 986 5116 de
1016 5077 1080 5116 eo
1110 5065 1198 5132 qui
1233 5063 1495 5117 bonorum
1549 5065 1775 5119 istorum
1811 5065 2084 5134 particeps

514 5158 690 5213 factus
735 5177 840 5215 non
870 5173 972 5227 est,
994 5165 1166 5220 dixit:
1197 5185 1215 5218 ι
1247 5166 1451 5220 Bonum
1484 5165 1693 5236 (85315)
1727 5177 1845 5220 erat
1875 5167 2077 5220 homini

514 5292 634 5371 Τῆς,
662 5296 1216 5371 συκοφαντίαςμαύτῆς
1239 5298 1427 5369 μισθὸν
1459 5296 1748 5371 (inquiunt)
1769 5298 1847 5369 τῷ
1881 5299 2096 5371 ilex-sm

524 5330 548 5342 Ι·
568 5330 577 5344 Ι
600 5330 623 5354 ν
662 5330 1019 5364 νυδυγψνυιυιῇ
1047 5330 1213 5368 “Ubiis
1239 5330 1427 5369 μιυυυν
1459 5330 1748 5368 χιιημιιιιηι)
1769 5330 1847 5369 ὐψ
1898 5330 2093 5371 ιυλυργ.

514 5330 807 5439 δεδώκασιν
841 5367 1141 5439 ἐπισκόπου
1182 5370 1384 5439 ὄνομα,
1428 5367 1506 5439 τῷ
1559 5368 1690 5439 μηδὲ
1735 5368 2093 5439 πρεσϐυτέρῳ

515 5433 855 5508 τυγχάνοντι,
883 5438 935 5508 id
970 5448 1054 5490 est
1096 5456 1111 5492 :
1147 5457 1164 5488 t
1198 5433 1297 5505 Ipsi
1329 5433 1571 5508 lsclty'rae'
1605 5433 1886 5492 calum-nia:
1940 5433 2092 5494 istius

518 5504 821 5576 mercedem
867 5505 1132 5561 dederunt
1180 5504 1371 5562 nomen
1422 5504 1682 5576 e'pisc0pi,
1729 5523 1851 5561 cum
1913 5518 2089 5563 tamen

517 5581 587 5645 99
649 5571 933 5645 presbyter
984 5578 1199 5645 quidem
1258 5571 1473 5632 esset.i
1531 5571 1908 5633 Theodoretus
1958 5594 2090 5632 vero

637 5633 675 5715 ιί
708 5633 846 5695 Hist.
875 5633 1027 5709 eccl.',
1058 5662 1177 5715 cap.
1208 5648 1301 5711 ‘24,
1331 5648 1607 5701 Leontium
1660 5666 1688 5702 a
1720 5647 1975 5701 Flaviano
2020 5663 2084 5699 ac

522 5703 762 5786 piorlortl
804 5703 1186 5786 reprehensuri)
1248 5703 1473 5782 narrat,
1529 5721 1669 5786 quod
1727 5719 1937 5772 Aetium
1987 5719 2080 5770 ἐπὶ

519 5770 665 5857 λύμῃ
701 5778 797 5846 τῆς
838 5770 1174 5857 ι’ξεῖκκλησίας
1226 5770 1317 5839 τοῦ
1352 5770 1473 5857 τῆς
1508 5770 1795 5851 δίακονίαξτ
1826 5787 2084 5857 ὀνόματος

518 5840 806 5912 ἠξιώσατο,
838 5849 888 5902 id
922 5840 1078 5918 est,'t
1104 5840 1243 5938 quod
1284 5858 1334 5909 in
1372 5840 1620 5913 Eeclesia:
1646 5840 1938 5929 perniciem
1971 5840 2087 5912 dia:

2187 4638 2315 4687 των,
2357 4622 2449 4674 καὶ
2490 4623 2662 4685 οὐδείς
2725 4639 2782 4674 σε
2834 4622 3172 4693 Χριστιανῶν
3223 4622 3330 4674 τῶν
3380 4622 3480 4684 τὰς
3536 4624 3758 4691 Γραφάς

2186 4711 2361 4783 ὀρθῶς
2401 4698 2496 4765 καὶ
2555 4711 2922 4783 ἀπροσπαθῶς
2978 4713 3489 4783 ἐκμελετησάντων,
3541 4714 3634 4766 καὶ
3676 4709 3757 4779 οἷς

2187 4802 2349 4864 εὐθὺς
2374 4803 2436 4854 τὸ
2463 4802 2781 4872 διαπρέπειν
2824 4802 2916 4853 ἐπὶ
2951 4803 3017 4870 τῇ
3064 4801 3276 4871 δοθείσῃ
3311 4801 3461 4871 παρά
3493 4800 3586 4853 τοῦ
3613 4801 3756 4856 θείου

2186 4891 2500 4963 Πνεύματος
2546 4894 2725 4963 χάριτι
2774 4891 3033 4962 ὑπῆρξεν,
3087 4889 3404 4954 ἀποδέξαιτο
3451 4891 3516 4944 ἂν
3567 4893 3645 4955 εἰς
3691 4895 3761 4946 τὰ

2188 4983 2542 5054 ψυχοϐλαϐὦς
2593 5001 2672 5036 σοι
2723 4981 3108 5054 ἐκπονηθέντα.
3162 4982 3319 5034 Κατὰ
3364 4981 3473 5053 γὰρ
3514 4983 3611 5052 τὴν
3662 4984 3759 5055 σὴν

2188 5078 2521 5149 ἐγχείρησιν,
2558 5075 2952 5146 ἐκϐληθήσεται
2991 5073 3129 5143 τάχα
3160 5074 3308 5125 πᾶσα
3333 5073 3543 5144 Γραιρὴ,
3578 5075 3758 5127 θεολο-

2189 5169 2311 5237 γίας
2344 5169 2567 5236 ἔνδειξιν
2597 5170 2811 5238 ἔχουσα.
2843 5169 2954 5220 Καὶ
2987 5168 3140 5238 φέρε,
3173 5169 3219 5220 εί
3253 5165 3327 5238 μὴ
3360 5158 3530 5221 ταῦτα
3561 5169 3754 5240 ἀληθῆ,

2194 5314 2420 5358 conatus
2455 5304 2670 5357 nomine
2699 5303 2908 5357 Aetium
2943 5302 3190 5370 dignatus
3216 5312 3376 5358 esset.
3413 5321 3431 5353 ι

2262 5371 2377 5444 (81)
2437 5372 2651 5426 Tamen.
2724 5373 2837 5428 Vox
2883 5373 3030 5442 ὅμως
3074 5372 3192 5427 loco
3239 5374 3468 5444 fortasse
3513 5388 3616 5427 non
3662 5389 3757 5426 suo

2192 5442 2365 5508 aniIa
2395 5453 2475 5497 est
2508 5459 2535 5494 a
2581 5444 2799 5498 librario
2831 5462 2843 5496 :
2872 5459 2933 5495 ac
2969 5443 3247 5511 legendum
3288 5442 3543 5506 conjiciat
3579 5445 3702 5507 quis
3735 5465 3746 5496 :

2203 5511 2339 5583 Ἀλλ’
2360 5515 2415 5583 εί
2444 5514 2536 5567 καὶ
2563 5513 2650 5566 διὰ
2673 5513 2769 5566 τοῦ
2800 5512 3116 5583 Πνεύματος
3144 5555 3158 5568 .
3190 5555 3202 5565 .
3233 5553 3246 5565 .
3275 5513 3424 5583 ὅμως
3461 5511 3617 5564 τοῦτο
3660 5513 3761 5565 οὐκ

2189 5581 2462 5660 ἐκϐάλλει,
2504 5585 2683 5638 addita
2734 5599 2924 5652 nempe
2954 5581 3155 5637 vocula
3190 5585 3260 5644 εἰ,
3306 5581 3413 5651 quo
3439 5583 3756 5636 concinnior

2190 5654 2259 5702 sit
2288 5654 2480 5708 oratio.

2262 5719 2374 5784 (8'2)
2418 5720 2503 5777 Ut.
2541 5723 2847 5790 Legendum
2897 5723 3143 5786 fortasse,
3184 5722 3249 5773 ἵν’
3291 5723 3438 5785 ὅπως
3478 5722 3597 5775 ποτ’
3640 5717 3753 5777 οὖν.

2266 5790 2480 5861 (85-75)
2521 5794 2747 5845 Bonum.
2779 5793 2965 5845 Matth.
3007 5793 3247 5857 xxwﬂd,
3271 5804 3325 5845 et
3352 5792 3516 5846 Marc.
3541 5794 3754 5861 xwﬁl.

2195 5846 2493 5931 Utrobiquc
2522 5874 2697 5938 autem
2730 5863 2917 5918 Graeca
2945 5863 3108 5916 editio
3138 5846 3300 5931 paulo
3330 5863 3510 5919 aliter.
3584 5846 3649 5871 Ἴ
