4114 6416
206 468 217 473 ’
305 463 407 519 617

1341 468 1425 521 DE
1467 466 1841 521 TRlNlTATE
1883 467 2082 521 LIBER
2130 466 2513 527 SECUNDUS.

3450 483 3551 539 618

303 576 504 629 οὑτωσὶ
548 574 735 646 πράως
781 577 872 629 καὶ
919 579 1153 648 μετρίως
1197 583 1583 654 σκοπήσωμεν.
1645 584 1784 653 Ἐγώ
1834 603 1883 638 τε

1997 585 2071 639 illi
2096 602 2119 648 ι,
2175 586 2218 639 si
2285 594 2442 640 natus
2497 599 2601 639 nou
2664 585 2871 642 fuisset.
2908 607 2926 641 ι
2978 588 3114 647 Τιιιε
3176 606 3305 664 ergo
3356 604 3555 655 temet-

303 667 413 738 γὰρ
439 658 697 736 άναφῶιῶ
725 668 986 736 ἀκριϐῶς,
1022 673 1116 724 καὶ
1152 672 1250 742 οὐχ
1281 673 1468 737 ἁπλῶς
1497 674 1556 739 ἐξ
1577 676 1886 746 άμφιδόξων

292 756 656 822 ἀποδείξεων,
695 758 808 811 ἀλλ’
838 758 1309 831 ὁμολογουμένων,
1342 764 1538 829 διδάξω
1574 783 1634 818 τε
1667 767 1884 837 ῥᾳδίως,

303 847 398 899 καὶ
427 846 587 915 ὑμεῖς
635 844 962 916 μαθήσεσθε.
1004 847 1235 912 Παῦλος,
1283 852 1312 903 6
1352 851 1444 903 τὸν
1490 851 1553 923 δὴ
1596 852 1917 923 λεγόμενον·

306 934 481 1006 πυρὸς
517 935 843 1006 θερμότερον
888 937 978 990 τὸν
1031 940 1159 1010 περὶ
1201 940 1295 993 τοῦ
1339 942 1579 1012 μεγάλου
1627 943 1763 997 Θεοῦ
1795 944 1889 996 καὶ

242 1049 246 1052 ι
304 1027 558 1096 Σωτῆρος
603 1025 762 1097 ήμῶν
819 1027 991 1098 Ἰησοῦ
1064 1029 1301 1103 Χριστοῦ
1346 1033 1682 1103 μακάριστον
1729 1033 1889 1101 ζῆλον

304 1117 464 1187 ἔχων,
500 1115 700 1187 γράφει
731 1118 964 1188 Χριστὸν
992 1118 1236 1172 διάκονον
1270 1121 1617 1192 γεγενῆσθαι.
1650 1123 1761 1175 Καὶ
1794 1124 1892 1176 αὑο

302 1195 394 1270 τὸς
428 1208 554 1278 περὶ
596 1207 790 1261 ἑαυτοῦ
819 1211 847 1262 6
894 1209 1191 1280 εὐεργέτης
1236 1205 1393 1275 οὗτος
1433 1210 1714 1282 ἐπιφανῶς
1748 1213 1849 1284 ἔφη
1874 1230 1886 1245 ο

312 1317 331 1348 ι
373 1299 621 1369 Ἐντολὴν
660 1298 870 1361 ἔλαϐον,
909 1300 963 1352 τί
1014 1301 1173 1362 εἴπω,
1205 1301 1300 1354 κα1¹
1331 1303 1383 1354 τί
1427 1301 1643 1373 λαλήσω
1668 1319 1682 1334 ο
1720 1323 1737 1354 ι
1774 1304 1885 1367 καὶ,

312 1406 332 1438 ι
361 1386 526 1439 Οὐδὲν
553 1386 646 1438 ἀπ’
676 1386 916 1455 ἐμαυτοῦ
956 1386 1114 1441 ποιῶ.
1142 1408 1159 1438 ι
1212 1390 1318 1442 Καὶ
1369 1390 1595 1460 ἑτέρωθι
1637 1390 1853 1462 εἴρηται
1872 1409 1884 1424 ο

311 1497 333 1531 ι
372 1479 431 1532 '0
458 1478 623 1548 νόμος
652 1478 739 1531 διὰ
783 1479 1058 1542 Μωῦσέως
1094 1480 1249 1550 ἐδόθη
1273 1499 1287 1512 ·
1318 1484 1350 1552 ἡ
1383 1483 1544 1553 χάρις
1570 1483 1722 1553 καὶ“ή
1750 1484 1888 1555 ἀλή-

306 1570 424 1624 θεια
481 1571 571 1623 διὰ
617 1570 787 1641 Ἰησοῦ
842 1558 1079 1642 Χριστοῦ
1120 1572 1357 1641 ἐγένετο.
1394 1592 1413 1624 ι
1466 1575 1576 1629 Καὶ
1613 1576 1762 1646 ὅμως
1805 1594 1892 1630 πι-

307 1660 450 1723 στῶς
480 1661 573 1714 καὶ
601 1650 915 1731 θεοπρεπῶς
952 1660 1103 1714 ταῦθ’
1135 1662 1309 1727 οὕτως
1341 1665 1673 1737 γεγράφθαι,
1705 1667 1793 1721 διὰ
1829 1668 1891 1721 τὺ

305 1753 366 1806 ἓν
395 1752 607 1822 θέλημα
651 1752 950 1821 τῆς·άγίας
1006 1753 1257 1825 Τριάδος,
1298 1757 1392 1809 καὶ
1442 1758 1529 1811 διὰ
1573 1758 1636 1811 τὸ
1687 1760 1765 1823 εἰς
1799 1761 1891 1813 τὸν

308 1842 528 1914 Πατέρα
554 1842 731 1895 πάντα
772 1842 1090 1911 ἀνάγεσθαι,
1114 1845 1366 1915 νοοῦμεν.
1415 1847 1503 1911 Ὡς
1533 1848 1712 1902 τοίνυν
1741 1849 1892 1902 οὐδε-

1988 679 2167 747 ipsum
2187 677 2298 746 jam
2341 685 2564 746 propter
2589 676 2994 736 criminationes
3032 693 3149 739 tuas
3178 684 3292 758 (7i)
3323 688 3375 743 in
3407 690 3554 759 judi-

1989 770 2128 822 cium
2188 767 2448 834 traxisti,
2500 776 2660 838 atque
2721 769 2772 823 in
2829 773 3167 842 temetipsum
3222 791 3339 832 eam
3398 794 3559 835 accu-

1987 857 2291 921 sationem,
2322 871 2481 927 qnam
2520 868 2709 914 contra
2741 874 2838 915 nos
2864 875 3183 932 susceperas
3214 868 3358 939 (75),
3393 872 3556 943 217

1986 947 2299 1002 convertisti
2328 987 2343 1013 ,
2395 948 2637 1019 nihilque
2681 950 2733 1005 in
2781 967 2992 1008 summa
3021 957 3088 1011 ab
3124 957 3220 1023 iis,
3258 962 3349 1030 qui
3376 978 3554 1018 aerem

1989 1036 2303 1102 verberant,
2339 1037 2555 1095 diﬂ'erre
2589 1041 2739 1095 visus
2768 1056 2846 1110 es,
2884 1058 2947 1098 ac
2985 1059 3050 1099 eo
3099 1047 3347 1102 redactus
3388 1050 3554 1117 fuisti,

1989 1135 2046 1180 ut
2075 1126 2248 1183 iutilia
2290 1130 2537 1199 quaedam
2571 1133 2772 1188 sutoris
2803 1134 2975 1190 instar
3015 1134 3096 1208 (ut
3139 1148 3220 1193 εει
3260 1139 3312 1193 in
3340 1156 3558 1210 prover—
3614 1169 3617 1173 <

1988 1217 2097 1287 bio)
2130 1234 2444 1285 consueres,
2474 1229 2529 1276 et
2572 1223 2696 1277 dum
2729 1224 2927 1282 divinis
2955 1228 3021 1283 de
3054 1231 3233 1297 rebus,
3267 1233 3557 1290 doctrinis—

1987 1322 2094 1378 que
2126 1325 2307 1365 sermo
2345 1323 2485 1377 erat,
2523 1330 2643 1368 eum
2680 1316 2781 1369 alia
2826 1319 3071 1386 qnmdam
3119 1337 3147 1376 e
3194 1324 3557 1379 materialihus

1988 1402 2154 1455 rebus
2197 1403 2356 1457 ducta
2390 1405 2662 1473 exetupla,
2695 1408 2814 1461 sine
2862 1409 2967 1463 ulla
3005 1413 3330 1469 necessitate
3363 1417 3413 1470 in
3448 1431 3560 1470 mc-

1990 1492 2136 1544 dium
2170 1481 2654 1558 inscite‘aﬂ’erres,
2708 1500 2818 1550 tum
2851 1500 3011 1553 etiam
3063 1501 3459 1569 adversarium,
3506 1512 3561 1560 et

1990 1582 2301 1651 reprobum,
2332 1598 2396 1637 ac
2426 1583 2521 1638 tibi
2549 1597 2634 1650 ea,
2666 1600 2784 1654 quae
2806 1588 3015 1666 dixisti,
3052 1601 3429 1662 suggerentem
3460 1596 3561 1650 Sa-

1991 1678 2196 1726 tanam.
2239 1671 2471 1728 Tantum
2518 1690 2646 1732 vero
2694 1677 2866 1745 abeSt,
2910 1686 2968 1733 ut
3016 1697 3129 1735 rem
3178 1683 3391 1752 feceris,
3442 1702 3561 1756 qua:

1991 1761 2178 1816 deceat
2210 1778 2424 1832 aequum
2472 1780 2535 1821 ac
2574 1768 2801 1836 probum
2834 1771 3028 1832 virum,
3065 1782 3120 1826 ut
3157 1790 3188 1827 e
3235 1775 3561 1834 Christianis

1993 1852 2320 1918 hominibus,
2352 1856 2442 1924 qui
2476 1856 2790 1928 Scripturas
2829 1874 2996 1932 recte,
3027 1872 3078 1919 et
3111 1865 3289 1922 animo
3314 1870 3380 1923 ab
3413 1872 3561 1925 omni

310 1935 409 2004 μία
457 1936 747 1986 ἐπινοεῖται
787 1933 1113 2006 παραλλαγὴ
1162 1935 1414 2007 θεότητος
1462 1939 1554 1992 ἐπὶ
1615 1938 1708 1992 τοῦ
1760 1940 1883 1994 Υίοῦ

1997 1942 2230 2010 partium
2265 1918 2445 1999 studio
2481 1918 2657 2002 alieno
2683 1952 2911 2006 scrutati
2942 1918 3005 2008 ac
3039 1956 3281 2011 meditati
3321 1968 3469 2022 sunt,
3507 1967 3561 2015 ct

308 2024 453 2096 (οὔτε
474 2025 583 2096 γάρ
604 2025 858 2091 διακονεῖ,
896 2026 972 2090 ὡς
1000 2026 1209 2089 ἀλλοῖος
1236 2028 1301 2099 τῆ
1336 2028 1496 2098 φύσει
1521 2029 1717 2101 ἀλλοίῳ
1735 2050 1749 2065 ·
1779 2031 1889 2085 οὔθ’

307 2117 496 2185 ὑφέσει
524 2116 822 2187 δυνάμεως,
849 2116 962 2170 ἀλλ’
988 2117 1066 2180 ὡς
1085 2117 1215 2181 Υἱὸς
1238 2118 1411 2187 Λόγος
1432 2121 1645 2191 ,γνησίῳ
1677 2120 1854 2192 Πατρί
1874 2136 1887 2153 ⁸

305 2205 417 2261 οὔτ’
454 2206 675 2278 ἐντολὴν
708 2206 996 2277 λαμϐάνει,
1032 2208 1107 2271 ὡς
1165 2209 1374 2277 ἀγνοῶν
1410 2209 1472 2263 τὸ
1514 2211 1637 2264 δέον
1683 2213 1779 2265 καὶ
1831 2214 1893 2266 τὸ

306 2297 570 2367 πατρικὸν
617 2296 881 2368 βούλημα,
913 2298 1027 2352 ἀλλ’
1073 2298 1150 2361 ὡς
1198 2300 1573 2372 προείρηται),
1618 2301 1761 2356 οὕτω
1799 2304 1891 2357 καὶ

305 2386 433 2458 [100
485 2388 537 2460 a]
588 2389 651 2441 τὸ
703 2388 883 2442 θεῖκὸν
931 2389 1173 2459 Πνεῦμα.
1224 2390 1334 2444 Καὶ
1468 2394 1656 2465 τρόπις)
1693 2394 1761 2447 τὰ
1794 2394 1889 2448 τοῦ

303 2476 441 2533 Θεοῦ
471 2479 646 2546 Λόγου
680 2479 1010 2550 ἀναφέρεται
1033 2483 1114 2543 είς
1140 2480 1232 2533 τὸν
1259 2479 1391 2533 Θεὸν
1419 2482 1660 2554 Πατέρα,
1692 2485 1886 2555 τούτῳ,

302 2569 400 2621 καὶ
430 2568 530 2620 οὐκ
580 2568 744 2640 ἄλλῳ,
787 2569 855 2623 τὰ
902 2570 996 2623 τοῦ
1045 2571 1201 2639 ἁγίου
1242 2572 1576 2642 Πνεύματος.
1611 2565 1778 2627 Ὥστε
1809 2569 1890 2638 οἷς

299 2659 371 2713 ἂν
415 2660 629 2730 ἐπῆραν
669 2661 731 2714 τὸ
760 2661 1013 2733 φρόνημα
1047 2661 1227 2715 αὐτῶν
1265 2663 1550 2735 αίρετικοὶ,
1581 2664 1793 2730 τούτοις
1823 2666 1891 2720 ἂν

302 2752 426 2805 καθ’
459 2751 668 2805 ἑαυτῶν
694 2751 793 2823 τὴν
815 2754 903 2806 ἐπ’
931 2752 1222 2824 ἀλαζονεία
1259 2755 1354 2808 καὶ
1392 2754 1681 2828 κακοδοξίᾳ
1706 2757 1889 2811 διαϐο-

302 2840 400 2912 λὴν
429 2830 706 2909 ἐκίνησαν.
739 2843 854 2897 Οὐκ
896 2842 1027 2916 ἔστη
1066 2847 1250 2911 αὐτοῖς
1293 2847 1419 2917 ἄχρι
1462 2848 1666 2901 τούτων
1695 2847 1766 2901 τά
1788 2848 1888 2918 τῆς

302 2930 533 2994 ἀσεϐοῦς
556 2933 650 2985 καὶ
680 2933 997 3005 ἀπροσήκου
1021 2935 1293 3007 διαϐολῆς.
1319 2934 1523 2990 Θολοῦν
1551 2936 1659 3006 γάρ
1683 2936 1888 3008 πειρὼ-

307 3040 456 3094 μενοι
482 3024 581 3093 τὴν
614 3025 744 3094 περὶ
798 3025 896 3096 τῆς
942 3027 1194 3099 θεότητος
1237 3027 1331 3081 τοῦ
1377 3028 1533 3096 ἁγίου
1576 3026 1888 3099 Πνεύματος

304 3114 565 3185 ἄχραντον
610 3115 787 3181 δόξαν,
838 3115 913 3180 ὡς
958 3118 1172 3183 οὐδενὸς
1223 3115 1409 3182 αὐτοῖς
1461 3119 1669 3187 ἀγαθοῦ
1708 3120 1888 3192 ὑπάρ-

304 3220 484 3272 χοντος
520 3205 648 3274 παρ’
682 3204 870 3271 αὑτοῦ,
926 3206 1043 3279 ἅμα
1087 3208 1143 3262 δὲ
1180 3208 1274 3262 καὶ
1321 3210 1469 3280 ἡμᾶς
1510 3210 1591 3273 εἱς
1635 3210 1887 3281 ἔγκλημα

306 3295 505 3364 βαλεῖν,
537 3297 691 3349 αὐτοὶ
736 3292 880 3352 οῦτοι
933 3302 982 3352 oi
1037 3302 1373 3372 χρησάμενοι
1423 3300 1762 3365 διδασκάλοις
1796 3303 1889 3357 ἀν·-

303 3385 534 3456 θρώπων
579 3388 743 3452 τισὶν,
779 3389 880 3443 οὐκ
915 3391 1131 3445 ὀκνοῦσι
1165 3393 1441 3461 νεαλογεῖν
1470 3393 1568 3446 καὶ
1591 3392 1706 3446 τόδε
1732 3394 1889 3446 αὐτο-

303 3476 468 3542 λεξεὶ,
532 3480 616 3532 ὅτι
671 3479 1041 3548 λαμϐάνοντες
1089 3485 1249 3553 ἡμεῖς
1297 3486 1375 3547 είς
1412 3483 1599 3554 θεῖκὴν
1647 3483 1800 3549 ἀξίαν
1826 3484 1888 3538 τὸ

301 3569 617 3638 διαγορεῦον
642 3572 901 3645 γραφίον,
932 3573 1061 3647 ι-Τὸ
1112 3574 1336 3659 Πνεῦμα
1369 3575 1503 3629 ὅπου
1529 3574 1670 3629 θέλει
1692 3578 1834 3637 πνεῖ,
1862 3594 1880 3627 ι

302 3661 385 3721 εἰς
422 3660 763 3730 ἀνθρωπείαν
797 3662 959 3731 φύσιν
987 3666 1297 3736 κατάγομεν
1334 3665 1467 3719 αὑτό
1490 3681 1505 3697 ·
1534 3665 1722 3736 ἐπειδὴ
1764 3665 1885 3735 μεθ’

301 3748 469 3820 ἕτερα
512 3750 658 3819 ἔχει·
696 3772 716 3804 ‹
745 3752 931 3818 Οὕτως
977 3754 1129 3808 ἔσται
1179 3757 1287 3819 πᾶς
1321 3758 1349 3809 6
1384 3756 1780 3827 γεγεννημένος
1820 3757 1885 3808 ὲκ

297 3839 395 3901 τοῦ
426 3840 761 3911 Πνεύματος.
802 3862 821 3893 ι
858 3845 1021 3897 Αὐτοὶ
1062 3845 1140 3905 δὲ,
1182 3848 1366 3917 φησὶν,
1401 3845 1526 3900 οὔτε
1574 3849 1657 3910 είς
1699 3845 1884 3917 θεῖκὴν

299 3932 457 3996 ἀξίαν
494 3933 755 4000 ἀνάγουσι
790 3936 852 3989 τὸ
882 3935 1126 4007 Πνεῦμα,
1162 3936 1286 3990 οὔτε
1319 3940 1399 4003 εἰς
1423 3938 1523 4011 τὴν
1552 3938 1660 3991 τῶν
1685 3937 1885 3992 λοιπῶν

300 4023 462 4093 φύσιν
510 4025 894 4081 καθέλκουσιν⁹
941 4027 1038 4100 τὴν
1092 4031 1203 4102 γάρ
1258 4026 1431 4102 μέσην
1477 4031 1630 4097 τάξιν
1678 4030 1882 4100 ἐπέχει,

301 4116 437 4186 μήτε
465 4114 598 4179 Θεὸς
627 4114 724 4181 ὢν,
749 4120 886 4188 μήτε
906 4118 966 4171 ἒν
993 4138 1043 4173 τι
1069 4121 1177 4174 τῶν
1197 4121 1420 4175 λοιπῶν.
1449 4122 1559 4176 Καὶ
1580 4122 1662 4185 τίς
1688 4120 1886 4183 αὐτοὺς

295 4205 374 4276 τῷ
401 4206 514 4261 ὄντι
541 4208 642 4278 τῆς
665 4210 932 4281 τοσαύτης
959 4199 1164 4284 τόλμης
1191 4214 1251 4266 οὑ
1275 4214 1574 4285 Tradiderat;
1601 4209 1769 4283 Δεῦρο
1792 4206 1884 4265 οὖν

298 4299 592 4369 προσέχετε
619 4300 710 4352 τὸν
736 4302 979 4356 νοῦν·δι⁹
1004 4303 1202 4373 ὀλίγων
1231 4304 1340 4377 γάρ
1373 4305 1585 4376 φράσω.
1633 4302 1884 4357 Μάλιστα

301 4389 401 4460 μὲν
442 4392 543 4444 οὐκ
588 4385 739 4445 εἶπεν
774 4416 796 4435 ι
846 4393 1034 4458 Οὕτως
1077 4395 1225 4448 ἐστὶν
1255 4398 1283 4449 6
1312 4395 1616 4467 ἄνθρωπος,
1642 4397 1670 4448 6
1698 4394 1883 4459 άπλῶς

296 4481 582 4553 ἄνθρωπος
610 4502 623 4514 ·
665 4484 803 4548 ἀλλ’,
850 4506 867 4537 ι
908 4485 1093 4551 Οὕτως
1125 4486 1281 4540 ἔσται
1305 4489 1411 4551 πᾶς
1437 4489 1466 4540 ό
1486 4487 1882 4557 γεγεννημένος

1990 2033 2185 2101 quibus
2229 2033 2411 2089 datum
2461 2048 2561 2102 est,
2600 2049 2657 2094 ut
2700 2041 2879 2096 statim
2927 2059 3022 2114 per
3061 2061 3375 2104 concessam
3420 2066 3449 2105 a
3482 2052 3564 2106 di-

1990 2121 2117 2199 vino
2170 2121 2373 2194 Spiritu
2432 2129 2662 2196 gratiam
2713 2133 3063 2205 proficerent,
3121 2138 3298 2195 nullus
3355 2151 3406 2197 te
3456 2159 3561 2198 non

1990 2221 2287 2281 aversetur,
2338 2227 2401 2269 ac
2454 2229 2515 2270 ea
2573 2232 2679 2273 non
2732 2232 2972 2291 respuat,
3020 2238 3141 2295 ηυδε
3190 2243 3380 2299 magna
3437 2246 3563 2286 CUI“
3654 2284 3659 2290 .

1987 2298 2290 2353 animarum
2341 2302 2581 2370 pernicie
2637 2320 2665 2359 a
2712 2316 2763 2362 te
2806 2309 3080 2366 elaborata
3130 2298 3301 2371 sunt.
3334 2316 3388 2372 Si
3432 2321 3562 2389 quid

1988 2389 2137 2443 enim
2174 2399 2402 2447 conatus
2432 2394 2509 2449 tui
2541 2397 2802 2466 valerent,
2837 2401 3017 2458 nullus
3048 2402 3160 2474 jam
3197 2405 3431 2466 fortasse
3463 2427 3559 2466 no-

1988 2477 2074 2533 bis
2105 2478 2403 2550 Scripturae
2447 2481 2598 2540 locus
2641 2487 3038 2559 relinqueretur
3067 2496 3429 2568 theologicum
3471 2515 3562 2554 ar-

1989 2579 2304 2637 gumentum
2361 2573 2805 2634 subministrans.
2857 2579 2971 2650 Age
3021 2598 3168 2650 vero,
3225 2596 3403 2643 utrum
3451 2590 3564 2646 haec

1990 2672 2116 2713 vera
2162 2660 2291 2728 sint,
2323 2665 2444 2718 sine
2477 2663 2756 2721 iracundia
2803 2678 2857 2723 et
2889 2684 3045 2741 aequo
3074 2675 3256 2732 animo
3289 2680 3565 2749 expenda-

1990 2762 2127 2804 mus.
2165 2747 2302 2805 Nam
2347 2766 2448 2822 ego
2488 2756 2633 2821 quod
2663 2755 2807 2821 volo,
2842 2752 3096 2817 accurate
3140 2747 3418 2821 ostendam
3455 2782 3563 2825 non

1988 2851 2054 2892 ex
2101 2839 2391 2911 ambiguis,
2441 2846 2537 2898 sed
2580 2858 2647 2899 ex
2693 2849 2877 2913 certis,
2926 2859 2983 2905 et
3021 2857 3407 2911 controversia;
3456 2874 3564 2913 non

1988 2929 2242 3011 obnoxiis
2275 2933 2621 3000 testimoniis,
2672 2944 2727 2991 et
2755 2937 2915 2994 facile
2971 2951 3133 3011 atque
3178 2945 3425 3014 expedite
3466 2951 3565 3004 do-

1989 3006 2146 3087 cebo,
2181 3036 2383 3093 vosque
2416 3024 2660 3081 discetis.
2710 3026 3063 3088 Beatissimus
3096 3034 3186 3089 ille
3225 3035 3444 3105 Paulus,
3475 3043 3565 3096 cui

1988 3111 2136 3168 zelus
2167 3113 2309 3184 igne,
2340 3123 2400 3168 ut
2433 3115 2745 3186 loquuntur,
2780 3119 3043 3178 fervidior
3085 3134 3200 3182 erat
3240 3143 3338 3198 pro
3367 3145 3563 3200 magno

1915 3249 1960 3308 Β
1991 3206 2121 3271 Deo,
2155 3215 2209 3261 et
2251 3205 2534 3264 Salvatore
2575 3220 2762 3267 nostro
2795 3210 2921 3268 Iesu
2954 3217 3191 3285 Christo,
3235 3222 3422 3278 scribit
3449 3223 3561 3295 (76)

1992 3297 2300 3351 ministrum
2351 3297 2552 3352 factum
2596 3313 2718 3355 esse
2766 3302 3076 3373 Christum;
3124 3317 3179 3364 et
3228 3309 3343 3380 ipse
3396 3314 3461 3368 de
3505 3330 3565 3369 se

1989 3386 2108 3457 ipso
2148 3387 2423 3441 beneficus
2446 3387 2547 3442 iste
2569 3387 2821 3448 Salvator
2849 3405 3040 3465 aperte
3069 3399 3208 3470 dixit
3243 3419 3256 3454 :
3292 3420 3310 3453 ι
3341 3401 3566 3458 Mandac

1989 3486 2100 3532 tum
2136 3477 2249 3548 (77)
2289 3479 2508 3547 accepi,
2558 3483 2688 3550 quid
2735 3486 2949 3553 dicam,
3000 3497 3056 3542 et
3105 3490 3233 3558 quid
3280 3493 3503 3562 loquar;
3540 3513 3558 3546 ι

1987 3578 2083 3624 et:
2127 3586 2146 3620 ι
2176 3568 2318 3623 Nihil
2344 3570 2455 3641 (78)
2493 3584 2525 3624 a
2566 3588 2651 3629 me
2682 3576 2799 3643 ipso
2841 3577 3018 3645 facio;
3052 3598 3071 3631 ι
3109 3590 3165 3635 ει
3197 3582 3322 3637 alibi
3358 3586 3561 3639 dictmn

1989 3657 2090 3739 fuit
2125 3677 2137 3713 :
2181 3675 2203 3710 ι
2232 3659 2341 3715 Lex
2375 3660 2487 3732 (79)
2517 3676 2616 3733 per
2658 3666 2898 3736 Moysem
2931 3669 3055 3724 data
3105 3680 3220 3738 est;
3262 3675 3461 3741 gratia,
3508 3685 3564 3730 et

1989 3750 2190 3805 veritas
2221 3767 2317 3821 per
2348 3750 2533 3809 Iesum
2568 3750 2842 3811 Christum
2894 3757 3035 3814 facta
3087 3770 3186 3814 est.
3221 3780 3239 3815 ι
3278 3763 3349 3817 Et
3385 3773 3560 3823 tamen

1988 3842 2102 3897 haec
2142 3841 2393 3910 fideliter,
2437 3853 2492 3900 et
2537 3861 2721 3912 sensu,
2770 3850 2860 3916 qui
2899 3850 3008 3905 Deo
3063 3855 3369 3922 conveniat,
3416 3859 3560 3912 acci-

1986 3934 2221 4003 pientes,
2281 3935 2402 3991 ideo
2449 3936 2524 3991 ita
2571 3938 2775 4008 scripta
2819 3953 2938 3995 esse
2996 3940 3370 4014 intelligimus,
3418 3951 3583 4019 quod,

1986 4040 2091 4080 una
2137 4036 2193 4082 et
2242 4028 2429 4084 eadem
2488 4037 2689 4085 sanctae
2741 4030 3028 4086 Trinitatis
3080 4035 3329 4095 voluntas
3375 4042 3466 4105 sit,
3507 4053 3562 4097 et

1985 4118 2130 4187 quod
2154 4120 2339 4173 omnia
2374 4122 2440 4175 ad
2468 4120 2688 4176 Patrem
2723 4122 3049 4180 referantur.
3082 4126 3236 4182 Sicut
3262 4144 3392 4201 ergo
3416 4133 3558 4189 nulla

1985 4209 2203 4264 deitatis
2257 4212 2545 4269 diversitas
2599 4213 2654 4269 in
2708 4213 2850 4272 Filio
2893 4216 3212 4289 intelligitur
3265 4221 3411 4293 (nam
3461 4240 3562 4280 nec

1986 4300 2260 4355 ministrat
2296 4305 2448 4373 quasi
2498 4313 2691 4360 natura
2743 4307 2956 4363 alienus
3008 4310 3203 4375 alieno,
3261 4322 3353 4367 aut
3406 4316 3558 4383 quasi

1986 4394 2195 4448 minore
2243 4396 2481 4465 potentia
2530 4399 2807 4467 praeditus,
2865 4402 2959 4455 sed
3010 4410 3065 4456 ut
3108 4402 3276 4461 Filius
3322 4403 3557 4462 Verbum

1985 4486 2221 4555 genuino
2271 4487 2417 4542 Patri
2458 4504 2684 4560 :—neque
2735 4493 3051 4548 mandatum
3108 4496 3335 4568 accipit,
3402 4501 3556 4570 quasi

296 4575 361 4628 ὲκ
388 4574 483 4627 τοῦ
503 4575 817 4647 Πνεύματος
836 4595 849 4608 ·
878 4596 897 4628 ι
928 4578 1050 4631 ἀντὶ
1075 4580 1189 4641 τοῦ,
1219 4580 1247 4633 6
1270 4578 1628 4645 mraﬁtwesi;
1650 4580 1880 4646 ἀναγεν-

1987 4576 2248 4646 ignorans
2272 4578 2401 4647 quid
2436 4577 2614 4635 facere
2640 4591 2909 4650 oporteat,
2947 4595 3000 4639 et
3033 4586 3161 4655 quid
3192 4587 3351 4643 Pater
3388 4591 3554 4653 velit;

296 4664 522 4737 νηθῆναι
565 4667 623 4719 ὲν
667 4670 733 4738 τῇ
790 4667 911 4739 θείᾳ
955 4670 1328 4742 κολυμϐήθρᾳ,
1364 4672 1460 4726 καὶ
1494 4670 1747 4741 γενέσθαι
1776 4671 1875 4736 (ὡς

367 4839 478 4910 (74)
524 4838 740 4909 Propter
786 4841 1174 4896 criminationes
1218 4853 1357 4898 luas.
1420 4844 1472 4897 in
1529 4844 1751 4907 Graeco,
1800 4843 1868 4897 δι’

296 4909 497 4979 αἰτίας,
559 4912 738 4977 itaque
789 4913 923 4979 verti
973 4913 1134 4965 etiam
1180 4924 1403 4979 posset:
1444 4914 1589 4968 «Per
1646 4930 1870 4968 accusa-

298 4978 495 5033 tionem
525 4988 692 5052 tuam1
723 5000 741 5030 ι
779 4978 976 5052 verum
1002 4981 1069 5052 δι’
1105 4978 1285 5044 αἰτίας
1308 4983 1461 5052 ἄγειν
1490 4984 1628 5038 idem
1657 4984 1871 5037 videtur

294 5046 622 5123 esse‘atque
672 5048 737 5102 δι’
772 5049 952 5114 αἰτίας
1001 5051 1164 5123 ἔχειν.
1221 5046 1527 5123 Lege'pttum
1579 5068 1707 5123 vero
1750 5067 1869 5107 esse

293 5117 599 5204 ειιερῖεείιιε
628 5117 1062 5204 Sttttt'aliquattdo
1089 5141 1101 5175 :
1133 5117 1425 5204 Αὐτὸςῗοῦν
1446 5122 1662 5204 ⁸ιιηειιυιῖῷ
1688 5123 1870 5204 αίτίας

295 5186 420 5262 (_aul
447 5186 878 5262 μοιίιιεαίτίαν)
923 5191 1224 5262 ἐπήγαγες.
1271 5186 1404 5247 Nam
1443 5186 1673 5248 forensis
1719 5186 1870 5247 iocu-

294 5258 387 5317 tio,
421 5259 601 5311 αἰτίαν
632 5258 877 5327 ἐπάγειν,
916 5258 1057 5315 valet
1109 5258 1374 5317 (causam
1408 5262 1708 5326 inleudere,
1741 5280 1761 5315 ι
1814 5271 1871 5316 ιιι

290 5341 480 5382 omnes
502 5340 718 5382 norunt.

361 5397 475 5473 (75)
528 5396 862 5473 _Sus_reperas.
920 5399 1228 5473 iAuGraaco,
1295 5402 1422 5457 εἴλω
1490 5418 1584 5473 per
1636 5420 1722 5458 ω·
1762 5419 1865 5472 qna

290 5471 504 5539 ratione
538 5469 591 5520 in
616 5470 909 5539 Sapientia:
938 5470 1095 5533 libro,
1127 5487 1213 5526 ex.
1248 5476 1443 5539 gratia,
1466 5469 1585 5538 cap.
1624 5469 1864 5535 tx,‘ve'rs.

290 5534 344 5602 7,
374 5538 601 5600 legimus
630 5554 645 5592 :
677 5536 749 5591 Σύ
800 5555 867 5609 με
928 5540 1191 5613 προείλω-
1219 5534 1466 5612 βασιλέα.
1518 5534 1869 5598 Contenduut

288 5620 451 5679 porro
476 5617 684 5662 veteres
714 5610 1079 5679 grammatici,
1114 5610 1490 5666 innec-tendum
1514 5614 1591 5679 sic
1623 5627 1745 5666 esse
1768 5614 1869 5666 hoc

289 5676 536 5750 verbum,
593 5674 802 5750 ttem'pe
837 5678 1080 5750 εἱλόμην,
1122 5681 1286 5746 εἵλου,
1334 5682 1525 5746 είλετο,
1576 5674 1691 5735 ἰιοιι
1742 5698 1869 5736 vero

286 5745 1125 5821 εἱλόμην,,είλωγεῖλατοίιιιιοιι
1172 5745 1517 5820 Phrynicho,
1563 5763 1723 5821 atque
1759 5752 1867 5805 He-

289 5819 516 5867 rodtano
553 5816 825 5886 inelegans
849 5816 1080 5872 videtur.
1121 5820 1199 5874 Ac
1227 5816 1359 5873 sane
1388 5816 1726 5874 Atticismutn
1759 5838 1863 5875 nou

287 5886 424 5954 sapit
483 5888 598 5941 lucc
681 5886 1072 5949 inilesio,.ctsi
1126 5891 1266 5944 illius
1314 5892 1556 5962 exempla
1611 5891 1865 5947 Urvillius

565 5980 837 6042 Ριτιιοι..
872 5983 988 6042 Gn.
1026 5982 1302 6043 XXXIX

1981 4668 2075 4723 sed
2121 4683 2188 4724 eo
2217 4671 2398 4735 modo,
2432 4672 2522 4742 qui
2566 4684 2725 4727 antea
2778 4675 2954 4730 dic:us
2994 4680 3099 4749 est)
3130 4697 3143 4733 :
3171 4679 3250 4734 sic
3291 4683 3450 4736 etiam
3489 4685 3556 4737 de

1969 4845 2213 4922 attulerit
2271 4848 2335 4900 ad
2388 4848 2667 4904 Cltaritou.
2729 4866 2849 4922 pag.
2904 4854 3053 4910 334:
3094 4856 3341 4913 dubitare
3405 4860 3553 4915 enim

1970 4915 2146 4968 adhuc
2177 4915 2318 4992 licet,
2351 4928 2528 4992 utrum
2563 4935 2625 4974 ea
2654 4915 2967 4992 aucttTribus
2999 4925 3149 4992 ipsis,
3199 4941 3266 4980 an
3315 4927 3552 4983 librarii»-

1969 4998 2124 5036 usutn
2174 4987 2255 5039 sui
2295 4989 2550 5053 temporis
2590 4991 2790 5044 secutis
2828 4987 3110 5048 tribuenda
3138 4987 3240 5051 dsit.
3290 4997 3554 5053 Ditivmus

1968 5054 2272 5135 segttt.145
2300 5058 2349 5119 b,
2386 5057 2520 5112 dixit
2546 5058 2806 5125 ἀνείλετο,
2841 5070 2896 5115 ει
2939 5079 3108 5133 segni.
3135 5064 3238 5119 195
3271 5085 3324 5135 a,
3359 5054 3549 5121 εἵλετο.

1970 5122 2078 5201 Sed
2131 5140 2182 5201 tu
2211 5136 2520 5201 solit‘ment.
2556 5130 2613 5201 in
2644 5131 2769 5201 ’Acl.
2824 5144 2989 5198 aposl.
3025 5150 3098 5196 Vl,
3138 5135 3208 5190 45
3261 5138 3424 5201 (tom.
3487 5137 3555 5194 IV

1974 5191 2171 5274 Ληρερι.
2211 5192 2382 5274 you.
2406 5200 2523 5274 pag.
2549 5197 2659 5269 ετ)
2690 5201 2824 5274 dixit
2858 5191 3154 5274 ἐίλάμεθα,
3198 5191 3430 5261 εἵλαντο.

2049 5211 2171 5248 ιεεα.
2220 5211 2375 5248 won.
2406 5211 2523 5319 pag.
2549 5211 2659 5269 27)
2690 5211 2818 5254 uixit

2213 5262 2427 5334 Scribit.
2458 5264 2476 5319 Ι
2503 5283 2611 5321 om.
2648 5285 2736 5334 xv,
2766 5270 2818 5324 8.

2047 5332 2158 5402 (77)
2202 5332 2530 5389 Mandatum.
2557 5332 2844 5398 Joa‘ufxn.
2874 5340 2963 5402 49.
2992 5342 3080 5397 ubi
3116 5343 3282 5399 Biblia
3312 5346 3507 5399 habent
3534 5367 3546 5401 :

1974 5402 2143 5486 apes;
2176 5420 2265 5486 μοι
2305 5405 2536 5486 ἐντολὴν
2566 5407 2754 5486 ἔδωκε,
2790 5410 2842 5464 τί
2885 5412 3047 5486 sint»),
3083 5415 3175 5467 καὶ
3213 5415 3264 5468 τί
3312 5414 3549 5486 λαλήσω,

1975 5473 2026 5527 id
2052 5483 2134 5527 est
2152 5473 2314 5543 (ipse
2334 5473 2541 5554 (Pater)
2569 5480 2896 5554 mandatum
2913 5473 3057 5536 dedit
3076 5486 3234 5554 inulti,
3257 5502 3275 5536 ι
3294 5494 3399 5539 etc.
3415 5473 3547 5554 Cap.

1973 5556 2100 5624 vero
2122 5558 2182 5624 _x_,
2224 5544 2487 5624 versi}.
2521 5544 2715 5624 legitur
2743 5550 3002 5624 :_Tadcqv
3034 5553 3133 5624 τὴν
3172 5544 3391 5624 ἐντολὴν
3426 5544 3549 5609 ἐλά-

1972 5610 2086 5677 ϐον,
2122 5614 2171 5690 id
2208 5621 2290 5690 est
2325 5631 2385 5666 ει
2414 5610 2863 5690 Mandatumhoc
2886 5610 3100 5690 (accepi;
3129 5643 3145 5676 ι
3198 5635 3303 5679 etc.
3345 5610 3546 5682 Vareni

1970 5697 2099 5762 ergo
2129 5681 2384 5762 ἔλαϐονε
2438 5688 2677 5741 set-nudo
2736 5688 2837 5743 hoc
2884 5688 3001 5745 loco
3029 5681 3098 5746 'iu'
3120 5694 3351 5762 primum
3397 5696 3547 5751 illu.u

1976 5752 2552 5825 tralustttlﬂgvidytnus.

2043 5821 2154 5890 (78)
2200 5818 2553 5880 NihiifJoan.
2584 5840 2700 5888 \'I|l,
2730 5826 2820 5881 23.

2043 5891 2155 5965 (79)
2187 5890 2316 5948 Lex.
2347 5892 2504 5951 Joan.
2555 5912 2595 5962 ι,
2639 5897 2723 5954 i7.
2760 5898 2933 5956 Biblia
2961 5917 2974 5955 :
3003 5901 3269 5968 Μωσέως.

3190 5999 3270 6058 ‘20
