4114 6430
580 410 685 464 619

1808 411 2039 477 ῡΙΒΥλΙι
2079 411 2546 489 ΑιΕΧΑΝρΙιιΝι

3711 413 3825 469 6ἓο

575 522 776 592 Spiritu
831 526 1021 575 sancto
1076 520 1262 576 eadem
1313 524 1517 578 sentire
1565 512 1841 582 debemus.
1872 528 2037 599 218
2074 528 2135 582 Et

2239 530 2558 593 Καθολικοῖς
2589 529 2921 598 ὲκπέφανται
2956 526 3322 598 χαράγμασιν)
3360 525 3510 591 θείας
3561 526 3825 589 κοινωνὸς

573 612 838 680 quomodo
870 627 988 681 qua:
1019 611 1111 667 Dei
1145 613 1305 669 Verbi
1333 627 1482 680 sunt,
1521 616 1828 673 referuntur
1865 623 1931 674 ad
1971 619 2134 675 Deum

575 702 809 769 Patrem,
849 704 1038 760 eodem
1083 715 1138 760 et
1178 721 1282 760 non
1324 707 1431 761 alio
1474 710 1632 762 modo
1671 711 1735 765 ad
1778 710 1951 779 ipsum
1997 711 2137 771 refe-

572 804 767 853 runtur
795 811 914 864 quas
959 806 1083 852 sunt
1115 797 1354 867 Spiritus
1383 800 1578 854 sancti.
1624 799 1695 853 Ea
1733 801 1900 872 igitur
1933 803 2133 868 omnia,

570 887 639 941 ob
668 902 787 956 qua:
817 902 937 944 sese
980 884 1240 945 audacter
1266 891 1563 946 extulerint
1596 892 1855 957 haeretici,
1900 894 2133 963 ipsorum

573 978 980 1032 accusationem
1011 978 1067 1032 in
1116 979 1370 1048 ipsosmet
1412 995 1521 1034 non
1569 972 1761 1049 injtiria
1810 985 2132 1053 retorqueri,

576 1084 642 1124 ac
673 1084 767 1123 eos
804 1071 1126 1139 arrogantia:
1170 1085 1291 1126 reos
1319 1086 1459 1136 esse,
1495 1080 1548 1127 et
1595 1088 1876 1144 perperam
1912 1075 2134 1140 sentire,

570 1161 967 1215 demonstrant.
1024 1161 1130 1216 Sed
1168 1162 1255 1217 hic
1285 1178 1387 1217 non
1437 1165 1578 1218 sistit
1615 1165 1825 1231 illorum
1867 1165 2049 1236 impia.
2082 1175 2137 1220 et

569 1251 829 1307 indecens
882 1252 1169 1308 calumnia.
1231 1252 1630 1333 immaculatum
1704 1256 1846 1311 enim
1904 1255 2136 1324 Spiritus

574 1345 745 1397 sancti
779 1344 1003 1413 gloriam
1040 1344 1092 1398 in
1135 1345 1252 1413 ejus
1292 1345 1571 1400 divinitate
1611 1347 1791 1410 sitam,
1817 1347 1970 1415 quasi
2015 1347 2134 1401 nul-

572 1434 682 1487 lum
727 1434 841 1505 (80)
872 1436 941 1492 ab
986 1451 1052 1491 eo
1091 1437 1409 1492 beneﬁcium
1467 1439 1796 1506 acceperint,
1853 1438 2135 1506 inquinare

571 1536 854 1594 conantes,
894 1544 956 1583 ac
986 1529 1144 1583 simul
1173 1544 1270 1583 nos
1315 1530 1481 1599 culpa:
1519 1545 1638 1585 reos
1669 1530 1875 1592 facere.
1913 1530 1999 1583 isti
2033 1531 2133 1599 ipsi

571 1619 894 1685 quibusdam
942 1620 1251 1675 hominibus
1301 1630 1354 1674 ut
1404 1621 1675 1691 magistris
1721 1628 1954 1688 utentes,
1994 1620 2134 1675 hanc

568 1712 734 1766 etiam
772 1713 1070 1767 doctrinam
1116 1712 1275 1781 plane
1318 1726 1507 1766 novatn
1537 1710 1731 1766 afferre
1761 1711 1873 1779 (81)
1907 1727 2011 1767 non
2044 1726 2135 1767 ve-

562 1813 781 1865 rentur,
815 1811 869 1858 et
902 1803 1055 1859 hisce
1097 1802 1281 1859 verbis
1317 1817 1606 1872 exponere.
1648 1801 1915 1856 Nimirum
1964 1801 2135 1868 Spiri-

2243 620 2473 688 φύσεως.
2504 621 2614 673 Kal
2644 619 3003 691 παραπλήσιά
3029 622 3143 672 ἐστι
3169 617 3340 672 ταῦτα
3374 617 3473 687 τῷ,
3512 638 3530 669 ι
3567 617 3824 687 Ποιήσω-

2246 729 2342 781 μεν
2362 712 2646 782 ἄνθρωπον
2677 715 2797 765 κατ’
2826 711 3007 767 εἰκόνα
3028 711 3122 763 καὶ
3149 709 3407 780 ὁμοίωσιν
3445 709 3754 779 ἡμετέρανο
3799 728 3818 758 ι

2196 815 2209 829 ⁸
2242 802 2337 855 καὶ
2367 801 2465 872 τῷ,
2504 821 2523 853 ‹
2564 803 2681 855 ’Ίνα
2723 802 2952 873 γένησθε
2996 803 3115 855 κατ’
3153 800 3335 854 εἰκόνα
3378 799 3473 852 τοῦ
3532 799 3825 863 κτίσαντος

2240 892 2409 960 ἡμᾶς.
2449 910 2466 941 ι
2498 894 2605 946 Kal
2634 894 2709 956 ὡς
2738 894 2799 946 οὐ
2837 893 3157 947 καθέλκεται
3186 895 3214 946 ὁ
3239 890 3461 961 ὕψιστος
3489 890 3698 962 Πατὴρ,
3725 892 3825 944 καὶ

2241 983 2270 1033 ὁ
2293 982 2417 1045 Υἱὸς
2439 982 2625 1048 αὐτοῦ,
2649 984 2712 1036 ὲκ
2742 983 2905 1037 τῶνδε
2927 983 3036 1037 τῶν
3061 982 3229 1051 ἁγίων
3256 978 3363 1035 καῖ
3381 981 3521 1061 ὑπὲρ
3541 983 3687 1052 ἡμᾶς
3710 999 3828 1049 φω-

2241 1071 2346 1124 νῶν
2369 1073 2806 1145 είςάνθρωπείαν
2823 1074 2983 1143 φύσιν
3011 1091 3023 1103 ⁸
3046 1072 3171 1144 [100
3187 1071 3236 1144 b]
3258 1070 3430 1135 οὕτως
3450 1071 3644 1125 οὐδὲτὸ
3665 1071 3826 1141 ἅγιον

2241 1163 2485 1232 Πνεῦμα,
2516 1167 2585 1217 ὲκ
2612 1165 2716 1218 τῶν
2761 1166 3162 1236 προλεχθὲντων
3192 1164 3393 1237 ῥητῶν.
3425 1165 3520 1218 καὶ
3554 1163 3664 1217 τῶν
3692 1165 3827 1235 περὶ

2242 1254 2387 1323 ἡμᾶς
2424 1254 2586 1307 αὐτοῦ
2633 1255 3229 1327 φιλανθρωπευμάτων.
3262 1258 3492 1309 Ἔπειτα
3538 1255 3689 1308 δοκεῖ
3726 1256 3824 1307 αὐ-

2241 1346 2369 1410 τοῖς,
2421 1345 2481 1397 τό
2526 1362 2589 1413 γε
2641 1345 2720 1399 ἔτι
2766 1348 2966 1417 χεῖρον,
3012 1348 3150 1417 μήτε
3199 1345 3332 1399 Θεὸν
3383 1341 3520 1399 εἶναι
3560 1345 3623 1398 τὸ
3665 1345 3825 1414 ἅγιον

2242 1436 2488 1507 Πνεῦμα,
2521 1441 2657 1508 μήτε
2709 1438 2767 1490 ἓν
2821 1454 2873 1490 τι
2907 1434 3015 1490 τῶν
3062 1437 3282 1491 λοιπῶν.
3323 1436 3707 1490 Ὑπολείπεται
3760 1435 3825 1487 τὸ

2240 1527 2584 1601 ἀνύπαρκτον
2608 1528 2738 1581 αὐτὸ
2760 1531 2919 1582 νοεῖν.
2949 1528 3058 1581 Kal
3090 1528 3264 1591 ἄλλως
3286 1545 3298 1558 ’
3328 1529 3391 1581 Εἰ
3432 1528 3504 1598 μὴ
3539 1527 3709 1589 ἔστιν,
3745 1527 3823 1590 ὡς

2241 1619 2525 1687 φάσκουσι,
2565 1619 2715 1684 Θεὸς,
2744 1618 2820 1689 τῷ
2862 1619 3024 1690 κοινῷ
3051 1618 3191 1688 λόγῳ
3222 1619 3329 1672 τῶν
3369 1618 3681 1688 κτισμάτων
3717 1618 3822 1670 ὑπ-

2240 1711 2449 1778 άγεται.
2478 1710 2641 1765 Οὐδὲν
2664 1710 2721 1763 δὲ
2752 1708 2988 1763 τοιοῦτον
3008 1713 3302 1780 τεκμήριον
3325 1710 3381 1761 ἔν
3406 1709 3645 1780 Γραφαῖς
3666 1709 3818 1778 εὑρί-

2241 1818 2449 1865 σκεται,
2501 1802 2621 1855 οὐδὲ
2670 1801 2841 1872 μέσης
2885 1800 3098 1870 φύσεως
3144 1796 3282 1855 εἶναι
3327 1800 3815 1872 κεχρησμῴδηται·

569 1903 680 1948 tum
701 1903 956 1950 sanctum
993 1911 1023 1951 a
1052 1896 1227 1957 nobis,
1265 1895 1389 1949 dum
1423 1895 1598 1950 locum
1633 1892 1783 1948 illum
1815 1894 2130 1961 Scripturae,

2239 1894 2345 1947 πᾶν
2376 1894 2432 1947 δὲ
2454 1882 2784 1955 τούναντίον,
2808 1894 2890 1945 ὅτι
2915 1892 3143 1963 Πνεῦμα
3178 1893 3270 1946 τοῦ
3305 1893 3462 1958 Θεοῦ,
3500 1894 3594 1946 καὶ
3617 1893 3645 1945 ὃ
3665 1896 3819 1965 παρά

570 1987 660 2041 ubi
702 1988 921 2054 dicitur,
953 2007 971 2039 ι
1007 1987 1245 2058 Spiritus
1272 1987 1407 2058 (82),
1455 1986 1542 2041 ubi
1597 1985 1733 2049 vult,
1787 1986 1978 2054 spirat,
2017 2005 2034 2037 ι
2071 1986 2135 2039 de

2239 1984 2330 2037 τοῦ
2359 1985 2569 2056 Πατρὸς
2594 1983 2969 2055 ἐκπορεύεται,
2999 1985 3092 2037 καὶ
3117 1983 3340 2055 Πνεῦμα
3375 1985 3532 2038 θεῖον.
3560 1985 3818 2039 Λείπεται

570 2078 749 2131 divina
822 2078 1083 2148 dignitate
1159 2077 1612 2146 interpretamur,
1694 2076 1760 2129 ad
1847 2076 2135 2129 humanam

571 2168 935 2224 conditionem
995 2168 1227 2237 deprimi
1277 2168 1557 2236 inquiunt;
1601 2167 1795 2222 ibidem
1842 2168 1984 2222 enim
2020 2175 2139 2237 post

567 2261 675 2313 alia
702 2260 868 2313 verba
905 2257 1116 2313 additur
1143 2276 1156 2313 :
1193 2276 1213 2309 ι
1246 2258 1336 2312 Sic
1366 2259 1469 2313 erit
1501 2257 1612 2327 (83)
1642 2257 1818 2312 omnis
1858 2257 1949 2327 qui
1982 2268 2138 2312 natus

568 2360 656 2403 est
686 2364 750 2403 ex
792 2348 1018 2418 Spiritu.
1052 2365 1071 2399 ι
1111 2347 1211 2417 Ipsi
1266 2362 1394 2402 vero
1447 2361 1622 2416 neque
1668 2347 1733 2399 ad
1778 2345 2015 2401 divinam
2053 2347 2138 2400 di-

573 2441 855 2511 gnitatem,
886 2440 1157 2509 inquiunt,
1190 2438 1449 2508 Spiritum
1493 2439 1823 2506 extollimus,
1872 2453 2046 2509 neque
2073 2440 2139 2493 ad

573 2529 903 2599 reliquarum
930 2537 1302 2584 creaturarum
1332 2532 1577 2581 naturain
1603 2542 1723 2591 eum
1745 2526 2134 2595 deprimimus:

573 2635 696 2673 nam
747 2621 984 2674 medium
1027 2620 1202 2674 locum
1253 2628 1416 2681 tenet,
1466 2634 1588 2672 cum
1642 2632 1815 2687 neque
1856 2615 1999 2673 Deus
2043 2618 2136 2685 sit,

572 2722 747 2779 neque
775 2725 937 2763 unum
971 2708 1185 2779 aliquod
1209 2723 1276 2763 ex
1300 2708 1543 2774 reliquis.
1575 2707 1712 2774 Quis
1738 2716 1919 2762 autem
1955 2722 2138 2762 revera

572 2809 771 2853 tantam
796 2800 1006 2855 illorum
1023 2800 1302 2855 audaciam
1328 2814 1431 2853 non
1452 2798 1892 2853 condemnaverit
1906 2798 1930 2853 ?
1944 2799 2142 2854 Adeste

570 2906 701 2959 ergo
725 2892 851 2953 huc,
890 2899 945 2945 et
970 2891 1206 2945 animum
1240 2889 1503 2945 attendite
1538 2907 1551 2943 :
1586 2903 1708 2943 nam
1740 2891 1928 2959 paucis
1961 2891 2141 2948 verbis

574 2982 788 3048 loquar.
822 2979 959 3034 Illud
990 2996 1117 3034 vero
1157 2982 1495 3050 potissimum
1534 2979 1970 3046 animadvertite,
2000 2982 2141 3049 quod

572 3088 678 3125 non
704 3072 840 3126 dixit
883 3071 1160 3142 Scriptura
1195 3091 1208 3126 :
1255 3091 1272 3123 ι
1302 3073 1393 3128 Sic
1422 3084 1504 3128 est
1538 3074 1720 3136 homo,
1759 3074 1855 3143 qui
1886 3083 1972 3129 est
2013 3074 2142 3130 sim-

572 3164 785 3230 pliciter
836 3163 1028 3223 bonto;
1061 3184 1078 3215 ι
1121 3164 1214 3218 sed
1261 3164 1395 3217 dixit
1428 3182 1442 3217 :
1480 3184 1498 3215 ι
1532 3164 1622 3219 Sic
1668 3165 1772 3218 erit
1808 3165 2012 3232 omnis,
2046 3164 2136 3233 qui

565 3264 731 3310 natus
774 3265 855 3309 est
895 3271 960 3310 ex
1010 3254 1256 3324 Spiritu:
1296 3258 1313 3307 ι
1362 3255 1546 3318 idest,
1592 3254 1699 3321 Qui
1735 3255 1925 3325 dignus
1959 3254 2134 3310 factus

565 3355 652 3402 est
698 3357 756 3401 ut
807 3356 1218 3416 regeneraretur
1279 3345 1329 3399 in
1381 3346 1560 3399 divina
1604 3345 1830 3415 piscina,
1880 3352 1934 3400 et
1984 3344 2136 3400 ﬁeret

567 3438 734 3508 (sicut
765 3438 819 3493 in
845 3438 1141 3493 Catholicis
1162 3436 1296 3509 (84),
1326 3439 1427 3491 ho‘c
1452 3447 1554 3503 est,
1595 3435 1991 3493 universalibus
2021 3452 2135 3491 ma—

568 3528 873 3584 nifestatum
927 3536 1009 3584 est
1059 3527 1304 3600 Litteris)
1370 3528 1567 3584 divinae
1619 3541 1845 3583 consors
1905 3537 2131 3582 naturae.

566 3621 695 3688 Quae
752 3622 913 3676 verba
968 3621 1164 3677 similia
1217 3630 1341 3678 sunt
1392 3622 1541 3677 hisce
1590 3620 1974 3677 :rFaciamtts
2019 3619 2130 3691 (85)

567 3712 839 3767 hominem
891 3713 1187 3768 secttndurn
1246 3712 1555 3798 imaginem,
1614 3722 1671 3769 et
1727 3712 2131 3767 similitudinem

567 3815 843 3873 nostram;
878 3825 897 3859 ι
943 3818 997 3861 et
1043 3806 1127 3861 his
1174 3806 1334 3861 aliis:
1372 3825 1391 3859 ι
1426 3805 1494 3862 Ut
1533 3805 1652 3860 sitis
1693 3803 1802 3875 (86)
1834 3803 2130 3859 secundum

564 3896 854 3967 imaginem
906 3897 1023 3966 ejus
1068 3897 1159 3967 qui
1211 3897 1418 3952 creavit
1456 3912 1572 3950 nos.
1613 3916 1632 3948 ι
1677 3895 1743 3950 Et
1786 3893 2135 3963 quemadmo-

565 3986 691 4043 dum
734 3989 1042 4045 Altissimus
1099 3988 1299 4054 Pater,
1358 4002 1422 4041 ac
1480 3986 1649 4041 Filius
1696 3984 1813 4053 ejus
1870 3997 1966 4051 per
2012 3997 2135 4037 san-

2237 2074 2298 2127 τὸ
2324 2074 2455 2129 Θεὸν
2507 2070 2666 2140 εἶναι,
2701 2075 2808 2129 ἀπό
2857 2091 2917 2127 τε
2944 2074 3052 2127 τῶν
3096 2074 3301 2146 Πέτρου
3342 2076 3434 2128 καὶ
3460 2076 3673 2129 Παύλου
3704 2094 3820 2145 φωρ

2239 2165 2365 2231 νῶν,
2421 2166 2528 2220 ἀπό
2559 2183 2619 2218 τε
2661 2166 2840 2236 πάσης
2892 2165 3101 2229 ἐννοίας
3156 2165 3264 2218 τῶν
3320 2167 3550 2238 Γραφῶν
3598 2169 3692 2221 καὶ
3716 2167 3819 2237 τῆς

2245 2276 2261 2307 ι
2287 2257 2642 2329 ἐκπορεύεται
2667 2277 2685 2309 ι
2723 2257 2940 2324 λέξεως.
2988 2257 3258 2329 ’Λόριστος
3311 2259 3421 2331 γὰρ
3450 2256 3603 2324 οῦσα,
3636 2260 3697 2314 τὸ
3730 2261 3816 2314 ἀΐ-

2238 2346 2348 2399 διον
2374 2346 2465 2400 καὶ
2502 2344 2803 2417 ἀχώριστον
2835 2347 2933 2417 τῆς
2967 2347 3181 2416 φύσεως
3207 2348 3370 2403 αὑτοῦ
3399 2351 3497 2419 τῆς
3520 2349 3654 2419 πρὸς
3682 2351 3818 2403 ἐκεῖ·

2239 2454 2349 2500 νον,
2389 2436 2448 2503 ἐξ
2481 2431 2541 2490 οὗ
2593 2437 2847 2508 ἀρρήτως
2880 2438 3228 2509 προέρχεται,
3273 2439 3523 2494 θειότατα
3549 2441 3817 2494 ἐνδείκνυ-

2238 2545 2347 2580 ται.
2375 2526 2484 2580 Kal
2510 2527 2608 2598 μὲν
2628 2527 2692 2598 δὴ
2717 2527 2809 2581 καὶ
2836 2527 2993 2581 τοῦτο
3014 2544 3025 2556 ·
3052 2529 3115 2582 Et
3141 2529 3305 2601 μηδὲν
3324 2530 3432 2585 τῶν
3446 2530 3621 2585 ἄλλων
3649 2532 3818 2604 ὑπάρ-

2240 2634 2343 2687 χει,
2364 2616 2548 2689 ὦσπερ
2575 2614 2669 2671 οὗν
2699 2617 2856 2672 τοῦτο
2880 2616 3056 2672 αὐτῶν
3085 2618 3300 2690 ἀληθὲς,
3325 2619 3455 2684 Θεός
3479 2620 3642 2673 ἐστιν.
3673 2621 3817 2693 Πρὸς

2239 2706 2445 2772 τούτοις
2467 2725 2480 2736 σ
2512 2708 2575 2760 Ei
2595 2706 2745 2761 οὐδὲν
2778 2707 2995 2761 κτιστὸν
3022 2711 3080 2762 ὲν
3114 2711 3213 2780 μιᾷ
3242 2709 3534 2764 ὑποστάσει
3565 2710 3817 2781 εὑρίσκε-

2240 2815 2349 2865 ται,
2379 2798 2455 2862 ὡς
2482 2799 2541 2852 ὲν
2570 2797 2650 2869 τῷ
2675 2796 2876 2870 πρώτῳ
2911 2798 3204 2870 ἀπεδείχθη
3238 2799 3441 2870 βιϐλίῳ,
3470 2800 3532 2853 τὸ
3572 2800 3629 2854 δὲ
3662 2801 3818 2870 ἅγιον

2241 2889 2466 2960 Πνεῦμα
2491 2889 2549 2943 ἒν
2575 2890 2667 2942 καὶ
2701 2889 2858 2959 μόνον
2902 2890 3003 2959 τῆς
3032 2890 3235 2954 ὲνάδος,
3285 2891 3401 2961 ήτοι
3453 2890 3696 2962 μονάδος,
3736 2892 3822 2945 οῦ-

2242 2981 2363 3045 σίας
2399 2981 2580 3034 ἐστίν’
2606 2982 2682 3044 ὼς
2716 2980 2782 3035 ἂν
2814 2976 2992 3034 τοίνυν
3028 2981 3405 3051 φενακίζοντες
3432 2981 3490 3048 ἐξ
3520 2981 3721 3046 αὐτῶν,
3743 2976 3821 3035 ὧν

2243 3070 2507 3144 ἔγραψαν,
2542 3072 2802 3144 νοηθεῖεν,
2830 3072 2932 3127 κᾶν
2952 3073 3197 3127 δοκοῦσιν
3220 3071 3361 3127 εἶναι
3381 3075 3542 3128 δεινοὶ
3569 3077 3763 3139 εἰπεῖν,
3791 3077 3822 3129 ὃ

2245 3168 2531 3238 βούλοιντο,
2556 3168 2650 3222 καὶ
2680 3167 2816 3239 μηδὲ
2851 3165 3114 3230 ἒνναύτοῖς
3163 3166 3261 3236 τῆς
3292 3166 3413 3219 καθ’
3438 3166 3595 3237 ήμῶν
3619 3167 3821 3237 ὀφρύος

2240 3257 2624 3330 ὲκπορισθείη·
2659 3258 2989 3327 καυχήματα
3042 3255 3149 3326 γὰρ
3179 3254 3495 3325 ἀνθρώπινα
3536 3258 3671 3326 ταχὺ
3728 3256 3819 3321 ἐξ·

2239 3349 2538 3422 ελέγχεται.
2573 3350 2739 3418 Σοφὸς
2785 3349 2913 3420 περὶ
2943 3349 3173 3401 ἑκάστου
3211 3347 3388 3402 αὐτῶν
3413 3341 3515 3401 ὧδε
3549 3348 3820 3418 διείληφεν

2236 3441 2409 3512 ἁνήρ·
2446 3461 2465 3493 ι
2498 3443 2589 3511 Μὴ
2622 3441 2792 3495 πολλὰ
2825 3439 3064 3508 σοφίζου,
3095 3441 3180 3494 ἵνα
3216 3439 3290 3511 μὴ
3320 3439 3618 3511 ὲκπλαγῇς.
3648 3459 3666 3491 ι
3704 3440 3817 3494 Kal

2240 3535 2268 3586 ὁ
2290 3534 2560 3603 Στέφανος
2575 3534 2630 3586 δὲ
2652 3534 2710 3585 ἐν
2733 3535 2853 3595 ταῖς
2877 3532 3147 3604 Πράξεσιν
3180 3531 3274 3583 ὡδί
3304 3548 3420 3595 πως
3443 3531 3692 3596 ὀνειδίζει
3726 3526 3819 3584 αὒ-

2236 3624 2376 3685 τοῖς·
2420 3642 2438 3673 ι
2462 3612 2957 3693 Σκληροτράχηλοι,
2995 3622 3089 3675 καὶ
3137 3620 3499 3690 ἀπερίτμητοι
3523 3622 3587 3690 τῇ
3621 3618 3817 3690 καρδίᾳ

2239 3713 2466 3776 καὶτοῖς
2491 3711 2643 3775 ὠσὶν,
2673 3712 2830 3781 ὑμεῖς
2863 3712 2950 3765 ἀεὶ
2979 3710 3359 3782 τῷ¹Πνεύματι
3390 3708 3467 3781 τῷ
3497 3709 3638 3779 ἁγίῳ
3667 3712 3819 3764 ἀντι-

2238 3803 2463 3856 πίπτετε
2483 3817 2497 3833 ³
2534 3803 2610 3866 ὼς
2639 3804 2687 3855 οἱ
2712 3803 2947 3875 πατέρες
2983 3803 3156 3872 ὑμῶν,
3187 3802 3280 3856 καὶ
3307 3802 3484 3872 ὑμεῖς.
3511 3820 3529 3852 ι
3565 3800 3817 3872 Πατέρας

2237 3893 2294 3947 δὲ
2323 3892 2501 3946 αὐτῶν
2530 3892 2630 3964 ἔφη
2660 3895 2894 3965 Ἀρειον,
2946 3894 3065 3966 [101
3102 3892 3158 3965 η]
3191 3893 3539 3959 Μακεδόνων,
3574 3893 3673 3963 τὴν
3702 3892 3819 3945 ὀλέ-

2240 3981 2388 4054 θριον
2411 3982 2597 4037 δυάδα.
2626 3984 2895 4055 Ἔρχομαι
2913 3980 3004 4038 οὖν
3027 3985 3112 4054 ἐφ’
3134 3983 3319 4055 ἕτερον
3345 3982 3659 4051 κεφάλαιον.

563 4088 685 4135 etas
747 4080 908 4137 hasce
951 4080 1273 4142 locutiones,
1346 4092 1465 4147 quae.
1540 4084 1757 4142 captum
1806 4083 2051 4130 nostrum
2120 4074 2417 4139 excedunt,
2467 4075 2530 4129 ad
2586 4077 2832 4131 humanae
2888 4085 3096 4131 natura‘.
3144 4076 3505 4131 conditionem
3561 4090 3666 4127 non
3716 4072 3815 4128 de-

563 4170 858 4238 primitur;
922 4172 997 4225 ita
1063 4183 1129 4224 ne
1185 4168 1420 4238 Spiritus
1477 4177 1701 4220 sanctus
1794 4164 2011 4234 quidem
2075 4178 2173 4234 per
2245 4166 2512 4222 antedicta
2578 4169 2916 4234 testimonia,
2986 4174 3076 4224 aut
3137 4183 3235 4238 per
3300 4184 3454 4223 suam
3525 4184 3650 4239 erga
3715 4183 3815 4222 nos

563 4262 991 4331 benignitatem,
1042 4260 1107 4312 ad
1195 4274 1315 4313 eam
1378 4256 1654 4326 redigitur.
1720 4254 1922 4310 Deinde
1999 4253 2019 4327 (
2038 4256 2179 4324 quod
2242 4258 2391 4326 pejus
2451 4258 2629 4335 adhuc
2680 4259 2804 4329 est)
2868 4259 3127 4329 Spiritum
3193 4268 3441 4314 sanctum
3503 4274 3602 4314 nec
3649 4259 3815 4329 219

566 4354 733 4408 Deum
789 4367 909 4408 esse
950 4364 1160 4421 putant,
1213 4366 1384 4420 neque
1428 4367 1591 4405 ttltttm
1640 4349 1853 4420 aliquod
1894 4366 1960 4404 ex
1997 4350 2239 4421 reliquis.
2282 4351 2466 4407 Restat
2492 4367 2623 4424 ergo
2656 4361 2715 4408 ut
2774 4353 2947 4423 ipsum
3009 4355 3326 4409 exsistentia
3385 4365 3657 4410 carentem
3718 4370 3815 4422 pu-

569 4452 703 4496 tent.
736 4443 801 4495 Et
830 4443 1024 4496 aliter:
1059 4443 1114 4503 Si
1174 4442 1314 4497 Deus
1345 4458 1448 4496 non
1506 4452 1611 4505 est,
1640 4450 1696 4495 ιιι
1726 4441 1826 4511 ipsi
1868 4441 2135 4511 inquiunt.
2177 4443 2448 4497 communi
2483 4454 2870 4499 creaturarum.
2894 4445 3108 4507 rationi,
3177 4459 3242 4501 ac
3312 4445 3609 4501 deﬁnitioni
3643 4447 3813 4516 subji-

562 4532 727 4587 citur.
784 4535 856 4588 At
889 4549 1015 4589 vero
1055 4536 1256 4590 nullum
1312 4536 1474 4606 hujus
1529 4538 1603 4592 rei
1661 4547 2034 4608 argumentum
2085 4538 2139 4590 in
2179 4535 2473 4607 Scripturis
2539 4540 2827 4594 invenitur.
2882 4538 3065 4609 Neque
3101 4554 3233 4595 vero
3293 4540 3483 4595 media:
3532 4541 3812 4606 cujusdam

567 4637 774 4684 natura:
821 4644 943 4684 esse
993 4630 1191 4686 dicitur
1234 4642 1290 4685 ‘a
1351 4632 1546 4687 divinis
1602 4631 1704 4688 illis
1757 4632 2022 4700 oraculis;
2071 4633 2167 4688 sed
2207 4633 2382 4703 ipsum
2411 4636 2741 4690 econtrario
2802 4648 2927 4690 esse
2993 4636 3143 4688 aiunt
3191 4643 3246 4689 et
3296 4633 3554 4702 Spiritum
3602 4635 3717 4696 Dei,
3758 4647 3815 4688 et

566 4733 686 4773 eum
713 4720 802 4788 qui
838 4736 867 4774 a
916 4718 1075 4776 Patre
1134 4721 1398 4791 procedit,
1439 4731 1494 4776 et
1532 4722 1789 4798 .divinum
1843 4720 2123 4790 Spiritum.
2168 4721 2355 4777 Restat
2417 4738 2546 4793 ergo
2579 4732 2636 4777 ut
2700 4724 2770 4777 sit
2803 4723 2942 4778 Deus
2975 4733 3086 4776 tum
3118 4737 3183 4777 ex
3242 4722 3409 4787 Petri,
3444 4738 3508 4777 ac
3545 4722 3694 4776 Pauli
3733 4723 3815 4778 lo-

565 4813 888 4879 cutionibus,
955 4825 1068 4870 tum
1120 4829 1185 4871 ex
1264 4817 1408 4871 omni
1472 4815 1871 4886 Scripturarum
1912 4829 2096 4881 sensu,
2144 4824 2199 4871 et
2236 4815 2915 4887 verbi,rproceditt.Cum
2968 4818 3112 4871 enim
3157 4817 3260 4872 hoe
3316 4816 3653 4870 indeﬁnitum
3715 4819 3809 4883 sit,

564 4914 821 4960 :eternam
856 4922 973 4962 esse
1000 4907 1141 4963 illius
1177 4916 1444 4974 naturam,
1490 4916 1648 4975 atque
1676 4908 1741 4960 ab
1783 4906 1893 4971 illo,
1922 4920 1985 4959 ex
2020 4920 2127 4975 quo
2166 4904 2508 4962 iuel't‘abiliter
2545 4925 2563 4958 ι
2601 4906 2864 4977 procedit,
2905 4925 2924 4959 ο
2966 4904 3377 4975 inseparabilem
3404 4947 3418 4973 ,
3472 4904 3812 4960 divinissime

563 5000 820 5055 ostendit.
854 5005 923 5053 At
948 5000 1059 5055 hoc
1081 5001 1245 5054 etiam
1273 4999 1429 5054 addo.
1470 4998 1524 5052 Si
1553 4999 1692 5052 nulla
1719 4998 1765 5053 is
1796 5008 1879 5053 est
1908 5014 1975 5054 ex
2002 4998 2122 5053 aliis
2161 4999 2343 5064 rebus,
2387 5008 2445 5053 ut
2479 5012 2607 5055 vere
2640 4999 2886 5070 profecto
2943 4998 3044 5068 ipsi
3107 4999 3358 5070 inquiunt
3395 5017 3411 5054 :
3450 4999 3592 5055 Deus
3646 5001 3812 5070 igitur

564 5103 667 5147 est.
700 5092 780 5147 Ad
810 5093 926 5147 haec
960 5107 974 5147 :
1013 5089 1070 5144 Si
1103 5090 1234 5146 nihil
1269 5090 1409 5159 quod
1436 5101 1675 5146 creatqu
1709 5090 1797 5155 sit,
1832 5091 1885 5144 in
1945 5106 2049 5143 una
2077 5090 2376 5162 hypOstasi,
2407 5090 2521 5145 sive
2551 5090 2848 5145 substantia
2912 5106 3033 5147 esse
3100 5092 3394 5159 invenitur,
3428 5096 3568 5150 sicut
3601 5094 3654 5147 in
3709 5095 3818 5163 pri-

565 5202 654 5243 mo
694 5188 830 5243 libro
857 5188 969 5260 (87)
999 5189 1424 5242 demonstratum
1454 5195 1555 5251 est,
1592 5165 1824 5256 Spiritus
1857 5198 1983 5240 vero
2009 5190 2250 5249 sanctus,
2292 5194 2474 5255 utpote
2526 5201 2665 5240 unus
2728 5193 2783 5240 et
2831 5185 3003 5251 solus,
3061 5185 3128 5242 ad
3197 5187 3478 5251 unitatem,
3518 5197 3634 5242 .ant
3695 5203 3812 5241 mo-

567 5278 762 5335 nadcm
815 5279 1067 5335 essentite
1150 5278 1422 5348 pertinet:
1465 5277 1746 5333 barreticos
1803 5290 1932 5346 ergo
1988 5289 2053 5330 ex
2103 5276 2167 5331 iis
2242 5276 2393 5347 ipsis,
2441 5290 2559 5344 qua:
2617 5277 2971 5347 scripserunt,
3018 5278 3340 5347 impostores
3395 5294 3517 5335 esse
3557 5279 3829 5348 intelligi--

635 5411 750 5550 (80;
784 5411 1027 5466 Nullum.
1068 5410 1123 5465 In
1158 5412 1366 5493 Grteco,
1389 5411 1561 5466 οὐδέν.
1590 5409 1757 5475 Lego,
1787 5409 2019 5474 οὐδενός.

635 5482 719 5550 (81
795 5480 1000 5536 Novam
1036 5482 1245 5550 a/Ierre.
1277 5481 1332 5535 lu
1363 5482 1572 5544 Graeco,
1596 5479 1890 5548 νεαλογεῖν.
1918 5478 2129 5545 Legen-

2304 5410 2415 5479 (84)
2451 5409 2758 5467 Cuthoticis.
2794 5412 3029 5469 Primam
3070 5413 3214 5471 Petri
3243 5414 3546 5485 Epistolam
3585 5414 3807 5471 indicat.

2307 5482 2418 5550 (85)
2449 5479 2751 5537 Faciamus.
2789 5481 2926 5539 Gen.
2956 5501 2995 5547 I,
3023 5484 3118 5539 26.

635 5478 750 5552 (8|)
795 5480 1000 5536 Novam
1036 5482 1245 5551 a/Ierre.
1277 5481 1332 5535 lu
1356 5482 1572 5544 Graeco,
1596 5479 1890 5552 νεαλογεῖν.
1918 5478 2129 5552 Legen-

2307 5482 2418 5552 (85)
2449 5479 2765 5552 Faciamus.
2789 5481 2926 5539 Gen.
2956 5501 2995 5547 I,
3023 5484 3118 5539 26.

566 5549 690 5605 dum
720 5549 868 5620 putet
899 5553 1037 5621 quis,
1072 5549 1375 5620 νεολογεῖν·
1413 5562 1469 5605 at
1495 5566 1663 5618 segm.
1700 5550 1801 5604 156
1842 5567 1873 5605 a
1938 5550 2130 5603 iterum

566 5621 799 5673 occurrit
831 5635 933 5673 vox
948 5620 1348 5687 νεαλογοῦντες.

2307 5549 2421 5687 (86)
2460 5550 2523 5606 Ut
2553 5549 2691 5610 sitis.
2734 5551 2865 5609 Vide
2900 5564 3012 5609 not.
3042 5555 3098 5618 4,
3128 5569 3249 5624 pag.
3290 5551 3411 5608 186.
3545 5620 3556 5632 .
3591 5621 3602 5632 _

2309 5620 2394 5687 (87
2451 5621 2515 5675 In
2545 5625 2717 5687 primo
2745 5624 2895 5677 libro.
2952 5623 3007 5676 In
3040 5627 3303 5687 capitibus
3341 5622 3658 5687 deperdttts,
3685 5623 3771 5687 api

565 5621 933 5691 occur_t'it_vox
948 5620 1348 5691 νεαλογοῦντες.

2309 5620 2421 5687 (87)
2451 5621 2515 5675 In
2545 5625 2717 5691 primo
2745 5624 2895 5677 libro.
2952 5623 3007 5676 In
3040 5620 3303 5689 capitibus
3341 5620 3658 5691 deperditis,
3685 5623 3806 5691 api-

636 5688 749 5768 ce)
787 5687 1032 5768 ξρενειιιρ-
1064 5687 1217 5768 δρψ.

563 5829 592 5879 ι
638 5756 753 5836 (aa)
789 5756 883 5811 Sic
921 5760 1042 5815 erit.
1090 5759 1222 5816 Ibid.
1290 5760 1463 5817 liibtia
1521 5774 1618 5829 pro
1678 5757 1851 5824 ἔσται,
1886 5758 2132 5828 habent,

599 5842 698 5879 στι.

599 5842 698 5880 στι.

2394 5690 2713 5763 Legehnjus
2762 5710 2798 5747 lt
2854 5694 2975 5749 libri
3023 5709 3141 5763 cap.
3197 5694 3250 5758 θ,
3305 5706 3517 5763 paragr.
3561 5690 3652 5758 2t,
3685 5708 3807 5762 pag.
