4114 6434
532 409 634 464 625

1768 404 2001 463 DIDYMI
2046 404 2222 463 ALEX
2235 405 2512 462 ANDBI‘NI

3674 415 3793 471 624

531 528 678 584 enim
717 528 942 597 Spiritui
980 535 1189 590 sancto.
1233 536 1289 584 et
1324 530 1498 594 nobis,
1555 529 1686 594 nibil
1743 533 1880 586 ultra
1934 533 2099 603 impos

2206 529 2392 585 θέσθαι
2426 532 2554 601 ὑμῖν
2593 529 2775 602 βάρος,
2809 531 2945 602 πλὴν
2972 530 3194 597 τούτων,
3247 527 3321 588 ὧν
3350 535 3656 604 ἐπάναγκες
3685 538 3788 590 ἀπ-

533 633 660 673 nere
687 619 837 673 vobis
863 620 1066 687 oneris,
1097 629 1292 689 praeter
1321 621 1457 684 haec,
1481 636 1600 690 qua:
1618 622 1918 677 necessaria
1941 631 2065 678 sunt
2089 641 2103 677 :

537 719 594 762 ut
618 709 940 764 abstineatis
972 712 1042 766 ab
1087 710 1379 765 immolatis
1407 710 1842 774 simulacrorum,
1869 720 1925 766 et
1977 726 2105 766 san-

507 785 715 872 ‘gnine,
749 810 805 856 et
856 800 1140 868 suﬂ‘ocato,
1195 811 1250 856 et
1296 802 1680 869 fornicatione;
1723 819 1751 858 a
1781 804 1975 874 quibus
2013 819 2108 858 cu-

534 885 826 948 stodientes
883 907 999 960 vos,
1043 894 1181 948 bene
1220 888 1422 964 agetis.
1460 912 1479 946 ι
1525 894 1678 961 Quod
1725 895 1900 949 visum
1941 893 2106 948 fuerit

531 979 602 1044 ei,
633 983 723 1051 qui
761 983 1010 1037 subditus
1043 983 1132 1048 sit,
1178 999 1282 1038 non
1332 999 1461 1040 vero
1501 985 1770 1048 dominus,
1819 1000 1979 1038 nemo
2023 1001 2108 1038 ra-

533 1075 644 1121 tum
682 1069 846 1124 habet
879 1087 893 1124 :
931 1070 1190 1140 quidquid
1233 1078 1410 1124 autem
1462 1070 1634 1124 visum
1670 1070 1831 1123 fuerit
1866 1070 2002 1139 regi,
2047 1078 2104 1124 et

533 1153 620 1220 iis,
650 1157 742 1225 qui
775 1158 843 1213 ab
875 1158 989 1228 ipso
1020 1158 1256 1227 praefecti
1291 1167 1440 1220 sunt.
1474 1158 1600 1213 illud
1633 1169 1716 1213 est
1753 1158 1876 1223 lex;
1919 1168 1972 1213 et
2015 1158 2101 1214 bis

535 1244 770 1312 quidem.
805 1247 894 1316 qui
950 1256 1160 1317 parent,
1187 1247 1435 1311 laudem;
1481 1248 1562 1301 his
1611 1263 1761 1311 vero,
1797 1249 1886 1316 qni
1939 1249 2095 1318 221

2211 620 2427 691 έχεσθαι
2458 622 2600 691 ὑμᾶς
2627 621 2734 674 ἀπὸ
2761 621 3142 686 εἰδωλοθύτων,
3164 625 3255 677 καὶ
3281 626 3527 695 αἵματος,
3555 627 3648 679 καὶ
3665 645 3791 680 πνι-

2209 710 2358 774 κτοῦ,
2391 713 2486 765 καὶ
2520 712 2771 781 πορνείας
2791 727 2805 742 ο
2832 712 2890 778 ἐξ
2915 709 2990 765 ὧν
3022 713 3406 785 διατηροῦντες
3439 718 3684 781 ἑαυτοὺς,
3720 713 3785 772 εὗ

2209 799 2464 871 πράξετε.
2492 818 2510 850 ι
2538 800 2610 852 Τὸ
2639 799 2795 866 δόξαν
2821 801 2898 871 τῷ
2927 802 3240 872 ὑπεξουσίῳ,
3267 805 3362 857 καὶ
3385 804 3458 875 μὴ
3481 805 3674 876 κυρίῳ,
3696 807 3791 858 οὑ-

2207 890 2320 953 δεὶς
2349 890 2630 962 προσίεται
2652 905 2666 922 ⁶
2708 893 2815 944 πᾶν
2843 892 2901 944 δὲ
2930 893 2958 946 ὃ
2990 911 3042 946 τι
3073 892 3139 946 ἂν
3165 893 3290 965 δόξῃ
3319 894 3528 964 βασιλεῖ
3550 897 3644 948 καὶ
3673 899 3789 961 τοῖς

2210 981 2300 1034 ὑπ’
2332 979 2495 1035 αὑτοῦ
2536 981 3011 1052 προχειρισθεωιν,
3055 983 3212 1038 τοῦτο
3277 987 3460 1056 νόμος.
3513 991 3626 1050 τοῖς
3686 989 3790 1058 μὲν

2206 1073 2467 1143 ὑπηκόοις
2496 1071 2740 1134 ἔπαινον,
2769 1077 2882 1137 τοῖς
2916 1074 2960 1127 δ’
2983 1076 3266 1131 ἀπειθοῦσι
3296 1079 3538 1134 κίνδυνον
3580 1079 3785 1150 φέρων.

2211 1181 2230 1213 ι
2255 1161 2320 1214 Ἠ
2343 1181 2362 1214 ι
2399 1163 2506 1233 γὰρ
2546 1179 2564 1214 r
2590 1163 2859 1234 παρακοὴ,
2884 1183 2904 1216 ι
2961 1167 3148 1236 φησιν,
3205 1185 3223 1217 ι
3257 1167 3482 1222 θάνατον
3513 1169 3787 1240 κατεργά-

2208 1252 2393 1317 (erat?
2425 1255 2459 1324 ἡ
2481 1253 2535 1306 δὲ
2563 1255 2798 1326 ὑπακοὴ,
2832 1254 2976 1326 ζωὴν
2998 1257 3214 1310 αἰώνιον
3231 1275 3246 1289 ο
3273 1277 3291 1309 ι

532 1349 637 1389 non
679 1337 1073 1405 obtemperant,
1112 1337 1405 1406 periculum
1455 1336 1629 1393 affert.
1689 1339 1823 1394 Nam
1866 1357 1884 1390 ι
1917 1338 2274 1398 inobedientia
2311 1343 2409 1414 (1),
2443 1363 2462 1396 ι
2498 1344 2690 1414 inquit,
2724 1363 2744 1398 ι
2780 1356 3005 1401 mortem
3034 1359 3308 1418 operatur,
3347 1349 3650 1404 obedientia
3696 1364 3792 1405 au-

534 1434 636 1481 tem
669 1429 829 1482 vitam
877 1440 1134 1484 aeternam
1159 1448 1172 1484 :

607 1520 884 1576 Potentior
921 1522 997 1593 (2)
1038 1525 1177 1578 enim
1206 1532 1280 1579 ut
1329 1540 1440 1592 rex,
1474 1543 1593 1580 cum
1641 1527 1892 1579 irascitur
1924 1528 2032 1581 viro

1817 1615 1894 1687 [in
1899 1617 2102 1684 feriori.

533 1701 686 1757 Sicut
708 1717 837 1772 ergo
864 1717 958 1757 rex
1001 1703 1065 1758 ad
1108 1719 1332 1774 magnos
1360 1702 1660 1773 praefectos.
1689 1705 1777 1772 qui
1803 1708 2103 1774 proximum

531 1794 605 1858 ab,
631 1807 697 1847 eo
730 1793 907 1847 locum
954 1803 1161 1862 tenent,
1187 1795 1492 1863 quibusque
1543 1795 1880 1849 subditorum
1941 1796 2104 1862 habe-

539 1895 636 1934 nas
664 1881 926 1949 regendas
969 1881 1140 1947 dedit,
1174 1880 1425 1951 proprias
1474 1883 1784 1938 sanctiones
1832 1884 2106 1938 transmit-

543 1977 660 2025 tere
689 1971 856 2036 solet;
892 1971 944 2026 hi
981 1985 1108 2026 vero
1141 1986 1234 2026 eas
1271 1973 1560 2042 obsignare
1614 1973 1716 2041 (3),
1752 1985 1808 2029 et
1857 1975 2106 2030 omnibus

534 2067 690 2114 notas
719 2058 922 2124 facere,
953 2068 1010 2114 ut
1049 2075 1239 2116 omnes
1272 2061 1360 2127 iis,
1404 2078 1523 2132 quae
1548 2078 1578 2119 a
1611 2078 1757 2134 rege,
1793 2074 1885 2119 aut
1934 2065 2105 2135 impe-

532 2156 714 2203 ratore
738 2149 947 2203 sancita
991 2158 1138 2216 sunt,
1165 2164 1284 2205 sese
1312 2150 1700 2218 subjiciant,'et
1750 2168 1937 2208 earum
1981 2169 2105 2209 san-

531 2237 773 2290 ctionum
834 2236 1190 2292 violatoribus
1261 2240 1500 2309 pericula
1561 2243 1756 2296 minari
1813 2258 2107 2299 consueveo

532 2334 692 2381 runt:
718 2326 788 2380 ita
809 2325 972 2380 etiam
995 2329 1243 2398 apostoli,
1263 2346 1397 2400 quos
1422 2331 1625 2400 primos
1646 2334 1822 2402 posuit
1847 2333 1986 2388 Deus
2005 2334 2104 2406 (4),

533 2429 652 2468 cum
700 2416 958 2485 Spiritum
1011 2426 1257 2473 sanctum
1319 2422 1535 2490 propria
1581 2434 1846 2492 potestate
1917 2426 2106 2494 praedi-

535 2513 670 2569 tum,
712 2515 767 2561 et
813 2506 962 2563 Patri
1021 2509 1538 2566 consubstantialem
1583 2527 1706 2569 esse
1747 2516 1950 2570 scirent
2001 2515 2102 2586 (5),

533 2594 605 2650 ita
640 2596 973 2666 scripserunt
1004 2615 1019 2654 :
1056 2597 1186 2655 Visa
1224 2612 1372 2669 sunt,
1416 2603 1691 2674 inquiunt,
1731 2607 1846 2660 haec
1887 2617 1942 2661 et
1993 2608 2106 2662 haec

532 2683 757 2755 Spiritui
792 2698 981 2744 sancto
1024 2689 1108 2761 (ut
1137 2692 1272 2762 regi,
1302 2702 1358 2748 et
1408 2694 1756 2762 dominatori,
1786 2705 1841 2751 et
1869 2697 2103 2751 curatori

529 2778 793 2852 generis),
830 2790 884 2835 et
918 2781 1077 2838 nobis
1106 2797 1342 2852 quoque,
1372 2791 1558 2852 utpote
1583 2785 1674 2854 qui
1702 2787 1967 2856 segregati
2011 2801 2104 2840 su-

530 2884 674 2936 mus,
718 2874 777 2924 ut
811 2886 1174 2940 praeessemus
1201 2874 1348 2938 tidei,
1381 2883 1434 2926 et
1456 2874 1748 2940 Ecclesiis;
1794 2892 1813 2926 r
1845 2891 1875 2928 a
1913 2877 2106 2944 quibus

533 2960 905 3015 custodientes
949 2964 1325 3030 vosmetipsos,
1353 2962 1486 3017 bene
1512 2964 1726 3033 agetis;
1754 2981 1774 3015 ι
1815 2963 1899 3017 sin
1926 2972 2104 3018 autem

2209 1527 2524 1596 erla'aaw
2551 1528 2661 1598 γὰρ
2687 1528 3009 1595 βασιλεὺς,
3059 1529 3157 1582 ὅτε
3201 1529 3456 1598 χώσεται
3481 1529 3787 1671 ἀνδρὶρῖξῖές

3745 1621 3784 1654 ι.

3745 1621 3784 1654 ι.

2209 1686 2368 1740 Καθὰ
2386 1687 2565 1742 τοίνυν
2603 1687 2791 1741 εἴωθεν
2828 1686 3080 1758 βασιλεὺς
3143 1689 3240 1759 μὲν
3271 1689 3368 1752 τὰς
3399 1690 3589 1743 ἑαυτοῦ
3623 1709 3786 1762 νομο-

2137 1745 2178 1803 B
2207 1776 2390 1841 θεσίας
2442 1781 2553 1841 τοῖς
2579 1778 2804 1847 ἔγγιστα
2828 1745 3106 1849 ’μεγάλοις
3131 1745 3364 1849 ἀρχουσι
3379 1745 3784 1850 καταπέμπειν,

2204 1862 2284 1930 οἷς
2308 1867 2405 1932 τὰς
2436 1869 2591 1940 ἡνίας
2642 1870 2750 1922 τῶν
2784 1869 3103 1941 ἀρχομένων
3151 1869 3377 1924 δέδωκεν
3403 1888 3414 1900 ·
3443 1871 3682 1936 ἐκείνους
3706 1873 3786 1937 δὲ,

2205 1959 2419 2012 πάντων
2471 1961 2550 2024 εἰς
2599 1959 2796 2028 γνῶσιν
2859 1960 3044 2031 φέρειν
3072 1958 3396 2026 τυποῦντας,
3453 1963 3788 2018 ὑποκύπτειν

2203 2051 2315 2113 τοῖς
2342 2050 2493 2122 παρὰ
2525 2051 2787 2121 βασιλέως
2851 2051 3238 2116 θεσπισθεῖσιν,
3285 2054 3380 2107 καὶ
3434 2054 3787 2120 ἀπειλοῦντας

2203 2143 2316 2204 τοῖς
2347 2140 2772 2212 παραϐαίνουσιν
2806 2141 3078 2195 κίνδυνον·
3122 2141 3264 2196 οὕτω
3290 2145 3383 2198 καὶ
3409 2145 3459 2197 οἱ
3478 2145 3788 2205 ἀπόστολοι.

2204 2230 2296 2295 οὓς
2328 2231 2478 2284 ἔθετο
2508 2231 2756 2303 πρώτους
2785 2235 2812 2286 ὁ
2841 2233 2994 2298 Θεὸς,
3041 2234 3102 2288 τὸ
3125 2235 3466 2299 αὐτεξούσιον
3497 2235 3589 2290 τοῦ
3625 2239 3792 2292 Πνευο

2208 2341 2393 2393 ματος,
2447 2325 2539 2376 καὶ
2588 2323 2649 2376 τὸ
2682 2325 2818 2394 πρὸς
2850 2323 2942 2377 τὸν
2997 2325 3216 2394 Πατέρα
3245 2326 3529 2395 ὁμοούσιον
3561 2328 3786 2396 εἰδότες,

2207 2413 2523 2466 ἐπέστελλον
2547 2431 2559 2444 ·
2593 2399 2831 2480 Ἕδοξεν,
2877 2415 3059 2484 φησὶν,
3092 2414 3216 2468 τάδε
3253 2417 3346 2469 καὶ
3376 2417 3501 2469 τάδε
3541 2417 3620 2488 τῷ
3647 2418 3788 2490 ἁγίῳ

2207 2493 2608 2572 Πνεύματΐὼς
2644 2502 2873 2572 βασιλεῖ,
2909 2503 3000 2556 καὶ
3033 2504 3373 2576 ὲξουσιαστῇ,
3399 2510 3492 2559 καὶ
3529 2507 3789 2579 κηδεμόνι

2204 2592 2298 2646 τοῦ
2349 2593 2568 2660 γένουςο
2619 2595 2712 2646 καὶ
2757 2594 2885 2664 ἡμῖν
2939 2593 3016 2650 δὲ.
3049 2594 3123 2657 ὡς
3176 2596 3566 2666 προεστηκέναι
3594 2599 3788 2672 ἀφορι-

2208 2684 2408 2738 σθεῖσιν
2438 2687 2536 2756 τῆς
2563 2685 2796 2747 πίστεως
2847 2686 2938 2737 καὶ
2969 2684 3076 2740 τῶν
3119 2687 3474 2757 Ἐκκλησιῶν.
3537 2708 3554 2740 ι
3581 2691 3669 2757 Ἐξ
3707 2685 3788 2748 ὧν

2204 2775 2582 2846 διατηροῦντες
2608 2777 2850 2838 ἑαυτοὺς,
2886 2771 2944 2829 εὖ
2985 2777 3238 2848 πράξετε·
3266 2797 3284 2829 ι
3328 2781 3789 2850 παρατρώσαντες

2204 2865 2281 2929 δὲ,
2322 2865 2503 2934 φησιν,
2531 2865 2590 2917 τὸ
2621 2864 2860 2916 ἐναντίον
2883 2865 3165 2918 πείσεσθε.·
3195 2866 3528 2938 Ἐμέμνηντο
3554 2869 3663 2940 γὰρ
3687 2871 3784 2924 τοῦ

2206 2957 2458 3028 Σωτῆρος
2487 2957 2669 3020 αὐτοῖς
2691 2957 2970 3030 εἰρηκότος
2993 2957 3049 3008 ὲν
3077 2957 3154 3026 τῷ
3186 2957 3322 3010 κατὰ
3351 2959 3576 3029 Μάρκον
3604 2961 3786 3029 Εὐαγ-

534 3050 800 3120 pr'aecepta
831 3051 946 3106 haec
984 3052 1335 3116 violaveritis.
1375 3069 1462 3112 res
1498 3053 1791 3124 (inquiunt)
1817 3066 2006 3110 contra
2047 3069 2099 3110 se

2207 3049 2371 3119 γελῐῳ
2389 3066 2402 3078 θ
2443 3069 2461 3101 ι
2489 3050 2562 3102 Οὐ
2586 3049 2695 3120 γάρ
2757 3050 2879 3101 ἐστε
2906 3049 3064 3119 ὑμεῖς
3113 3051 3160 3102 οἱ
3186 3049 3492 3114 λαλοῦντες,
3551 3051 3689 3105 ἀλλὰ
3719 3051 3780 3105 τὸ

535 3139 753 3194 habebit
778 3139 888 3211 (6).
932 3141 1128 3195 Eorum
1180 3143 1324 3198 enim
1379 3145 1762 3212 meminerunt,
1808 3161 1928 3214 quae
1980 3145 2103 3200 Sal-

535 3239 692 3284 vator
725 3229 855 3299 ipsis
894 3231 1107 3286 dixerat
1161 3233 1212 3285 in
1277 3233 1570 3304 Evangelio
1623 3236 1920 3290 secundum
1960 3231 2103 3291 Mai-

534 3336 656 3374 cum
687 3337 705 3375 :
741 3340 760 3372 ι
797 3319 912 3376 Non
945 3323 1087 3378 enim
1139 3322 1216 3395 (7)
1251 3339 1346 3380 vos
1380 3325 1512 3380 estis
1546 3327 1636 3395 qui
1669 3326 1973 3398 loquimini,
2005 3328 2099 3380 sed

536 3411 772 3482 Spiritus
802 3424 1040 3482 sanctus.
1081 3437 1101 3467 ι
1152 3416 1328 3486 Atque
1359 3427 1417 3472 ut
1445 3432 1602 3473 nemo
1627 3418 1918 3489 capitulum
1967 3418 2101 3472 hoc-

533 3517 616 3568 ee,
648 3513 1114 3574 argumentumve,
1152 3509 1294 3578 quod
1342 3523 1482 3562 nunc
1520 3510 1919 3578 persequimur,
1949 3509 2099 3578 parvi

535 3595 794 3649 momenti
821 3608 942 3650 esse
981 3599 1301 3669 suspicetur,
1337 3599 1432 3654 sed
1464 3615 1652 3657 omnes
1699 3602 1942 3670 eamdem
1977 3613 2100 3654 esse

536 3694 737 3740 sanctae
765 3682 1022 3740 Trinitati
1058 3686 1416 3754 voluntatem,
1450 3701 1505 3744 et
1532 3689 1852 3758 iussionem,
1883 3699 1938 3744 et
1965 3704 2096 3758 ope-

534 3773 804 3830 rationem
857 3777 1104 3842 credant,
1154 3778 1386 3849 ideoque
1425 3780 1668 3836 eamdem
1715 3781 1877 3836 etiam
1927 3779 2096 3834 deita-

603 3994 680 4065 (1)
717 3993 1092 4050 Inobediemia.
1129 3997 1184 4052 In
1211 3998 1398 4054 Bibliis
1429 3999 1542 4053 haec
1585 4015 1689 4052 non
1727 3997 1927 4052 iuveni.
1973 3995 2107 4050 Num

532 4066 934 4187 resgicitliom.
969 4081 1020 4132 ν,
1050 4067 1139 4131 19,
1181 4079 1274 4123 aut
1309 4069 1350 4122 ll
1404 4067 1529 4122 Cor.
1561 4083 1656 4130 vn,
1683 4066 1790 4120 1θῖ

598 4138 620 4204 (
660 4132 678 4204 )
708 4131 998 4191 Potentior.
1037 4135 1300 4192 Homerus
1325 4136 1489 4190 Iliad.
1524 4137 1616 4191 lib.
1652 4151 1690 4201 ι,
1726 4151 1868 4191 vers.
1896 4134 1983 4189 80.

627 4204 681 4274 '5)
715 4204 1022 4274 Obsignare.
1056 4206 1420 4275 Sententiaiin
1469 4205 1656 4260 Caeco
1683 4207 1817 4259 adeo
1853 4204 2100 4275 perplexa

529 4282 633 4350 est,
682 4283 745 4350 ⁸ιιι
785 4289 943 4328 voces
1000 4276 1208 4350 aliquas
1254 4292 1284 4350 ο
1338 4274 1556 4329 librario
1613 4274 1864 4350 omissas
1897 4283 2098 4350 putem.

531 4342 854 4410 Suspicatus
907 4359 1024 4396 sum
1072 4346 1374 4397 addendum
1429 4358 1549 4398 esse
1595 4342 1813 4398 verbu'm
1863 4343 2096 4408 κελεύει,

2205 3140 2429 3211 Πνεῦμα
2486 3139 2546 3193 τὺ
2602 3141 2775 3208 ἅγιον.
2801 3159 2819 3192 ι
2881 3140 2991 3193 Καὶ
3047 3139 3185 3192 ὥστε
3244 3140 3442 3211 μήτινα
3495 3141 3784 3195 ὑπολαϐεῖν
3823 3140 3835 3151 “

2207 3229 2335 3302 [1οΞ
2359 3229 2413 3304 ιι]
2451 3230 2642 3301 μικρὸν
2675 3225 2834 3293 εἶναι,
2877 3230 2905 3283 ὃ
2951 3230 3178 3301 μέτιμεν
3225 3227 3320 3282 νῦν
3353 3231 3666 3299 κεφάλαιον,
3698 3249 3784 3286 πι-

2207 3321 2414 3375 στεύειν
2445 3322 2502 3375 se
2557 3321 2654 3392 τὴν
2701 3321 2867 3390 αὐτὴν
2899 3317 3030 3374 εἶναι
3064 3324 3127 3392 τῇ
3170 3322 3301 3393 ἁγίᾳ
3330 3323 3516 3393 Τριάδι
3546 3322 3784 3392 θέλησιν,

2205 3413 2497 3482 πρόσταξιν
2523 3430 2602 3476 τε,
2639 3412 2915 3482 ἐνέργειάν
2965 3429 3045 3476 τε,
3085 3406 3164 3476 οἷς
3198 3413 3386 3466 ἕπεται
3438 3411 3500 3466 τὸ
3542 3414 3636 3466 καὶ
3685 3414 3784 3484 τὴν

2205 3503 2374 3572 αὐτὴν
2402 3499 2543 3556 εἶναι
2577 3502 2711 3571 αὑτῇ
2745 3501 3003 3570 θεότηταο
3041 3501 3250 3564 Παῦλος
3269 3505 3296 3556 ὁ
3322 3503 3536 3574 πρῶτον
3566 3505 3782 3576 γενόμε.

2204 3611 2292 3657 νος
2325 3592 2637 3664 νομομαθὴς
2670 3593 2763 3644 καὶ
2806 3590 3060 3660 διώκτης,
3105 3593 3198 3646 καὶ
3231 3592 3453 3666 ὕστερον
3493 3597 3663 3668 αὐτῆς
3686 3598 3783 3668 τῆς

2205 3682 2513 3752 ἀφθέγκτου
2546 3680 2850 3750 οἰκονομίας
2887 3681 3618 3754 ἀναδειχθεὶςμυσταγωγὸς,
3650 3705 3778 3740 συν-

2205 3775 2396 3846 ᾴδοντα
2447 3773 2574 3844 περ)⁸
2623 3771 2712 3825 τοῦ
2747 3772 2959 3843 Πατρδς
3009 3774 3101 3827 καὶ
3148 3774 3242 3828 τοῦ
3272 3775 3402 3830 Υἱοῦ
3455 3777 3781 3849 διαγορεύει,

2215 3994 2437 4051 illustris
2467 3992 2864 4065 magniﬁcentia
2894 4003 2981 4048 tua
3019 3993 3147 4065 legis
3186 4005 3425 4050 tenorem
3455 3997 3651 4054 litteris
3665 4000 3778 4057 suis

2213 4066 2510 4139 edictisque
2535 4063 2850 4139 propositis,
2877 4066 2941 4139 ad
2970 4063 3502 4139 omniuinjudicutn,
3546 4080 3599 4122 et
3647 4085 3776 4139 pro-

2212 4133 2796 4190 vincialium’notitiam
2828 4133 2986 4186 faciat
3017 4135 3321 4201 pervenire.
3355 4153 3376 4187 ι

2285 4206 2362 4274 (4)
2403 4203 2583 4274 Posuit
2616 4201 2773 4274 Deus.
2809 4203 2888 4256 Ex
2917 4201 2936 4254 Ι
2965 4206 3030 4256 ad
3055 4204 3178 4256 Cor.
3210 4220 3307 4269 xu,
3337 4204 3425 4258 23.

2279 4271 2356 4345 (5)
2396 4271 2528 4328 Cum
2547 4271 2686 4345 Spir.
2713 4283 2892 4345 sancto
2918 4275 3408 4345 consubstantialem
3427 4291 3536 4328 esse
3566 4277 3774 4336 scirent.

2206 4341 2380 4415 Simili
2422 4345 2578 4415 modo
2608 4343 2721 4395 haec
2771 4341 2892 4395 libri
2947 4343 3202 4415 Actorum
3231 4346 3422 4415 _verba
3459 4349 3678 4415 accepit
3723 4350 3772 4403 in

531 4411 697 4482 idest
729 4431 748 4482 ι
776 4412 948 4481 jubet,
981 4431 1000 4463 ι
1028 4429 1094 4482 ac
1140 4430 1236 4481 pro
1277 4412 1580 4476 τυποῦντας
1651 4414 1933 4482 legendum
1981 4429 2100 4469 esse
2131 4418 2175 4474 D
2205 4414 2298 4469 lib.
2333 4414 2406 4467 De
2433 4411 2572 4481 Spir.
2602 4420 2802 4482 sancto,
2833 4410 3087 4482 num.23,
3112 4412 3202 4466 ubi
3229 4413 3343 4466 haec
3372 4410 3636 4482 legimus':
3669 4435 3688 4467 ‹
3711 4417 3777 4470 Et

528 4479 623 4534 τοῦ
679 4479 905 4545 πάντας,
960 4481 1038 4534 vel
1065 4479 1366 4545 τυποῦντας
1408 4481 1502 4535 τοῦ
1558 4479 1786 4545 πάντᾶς·
1842 4493 1896 4535 at
1925 4499 1991 4537 ne
2023 4487 2105 4541 sic

528 4551 744 4616 quidem
774 4549 1036 4602 concinna
1073 4552 1311 4605 redditur
1341 4553 1534 4605 oratio.
1591 4554 1695 4607 Sed
1735 4552 1961 4607 miriﬁce
2018 4553 2096 4608 lo-

529 4635 651 4692 cum
687 4620 829 4692 hunc
859 4618 1146 4692 illustrabit
1191 4623 1327 4675 alius
1371 4619 1619 4692 Gregorii
1671 4621 1895 4692 Nysseni
1950 4621 2104 4680 locus

530 4687 851 4762 buicvalde
882 4688 1090 4762 sunilis,
1149 4706 1359 4762 nempe
1383 4687 1598 4762 initium
1648 4687 1929 4755 orationis,
1983 4707 2103 4762 quae

531 4758 867 4829 inscribitur,
905 4775 924 4807 ι
955 4757 1008 4810 In
1036 4774 1156 4829 eos,
1187 4757 1287 4829 qui
1315 4759 1570 4813 diﬂ‘erunt
1593 4761 1880 4828 baptisma,
1913 4780 1932 4812 ›
1957 4757 2100 4829 quod

531 4827 620 4900 sic.
645 4841 704 4880 se
728 4827 948 4900 _ltabet:
985 4828 1047 4879 υἱ
1099 4827 1553 4900 τῆςίοικουμένης
1595 4827 1794 4900 ταύτης
1838 4827 2096 4900 βασιλεῖς,

527 4895 692 4971 ᾐνίκα
725 4893 789 4971 ἦν
815 4895 1008 4971 νόμους
1029 4893 1453 4971 συγήράψωσιῖλ...
1485 4893 1595 4971 τοῖς
1618 4893 1876 4971 ἄρχουσίν
1901 4893 2098 4965 αὐτοῦς

529 4963 942 5040 ἐγχειρίζοντες,
977 4965 1058 5040 δι’Δ
1079 4963 1312 5040 egebas
1345 4968 1622 5040 κελεύουσι
1656 4963 1785 5031 ’τοῖς
1839 4963 2097 5040 ὑπηκόοις

523 5033 961 5112 δημοσιεύεσθαιμ,
995 5036 1059 5088 ἵν’
1087 5036 1273 5112 0:319;
1291 5038 1618 5112 ἀπαράϐατα
1649 5033 2096 5112 προστεταῨμένα

529 5104 867 5178 φυλάττοιτο,
897 5106 948 5158 id
973 5116 1076 5168 est,
1119 5125 1141 5157 ι
1177 5106 1343 5175 Ilnjus
1373 5104 1555 5162 niuudi
1582 5104 1756 5178 reges,
1793 5124 1914 5162 cum
1935 5104 2093 5176 leges

529 5175 915 5249 scripserint,..
972 5190 1063 5249 eas
1096 5180 1368 5249 tradentes
1397 5175 1824 5249 magistratibus,
1858 5194 1953 5246 per
1977 5175 2093 5232 illos

527 5259 621 5316 eas
643 5243 848 5316 jubent
867 5245 1130 5316 evulgari,
1159 5262 1219 5300 ac
1251 5243 1585 5302 innotescére
1614 5243 1871 5311 subditis,
1898 5257 1954 5299 ut
1975 5262 2094 5316 quae

527 5311 790 5385 imperata
827 5311 1044 5385 fuerin],
1080 5315 1332 5369 inviolata
1364 5328 1665 5372 serventur.
1700 5336 1718 5368 ι
1768 5319 1887 5372 Mos
1930 5311 2092 5385 po'rro

528 5382 648 5456 iste,
676 5383 740 5434 de
762 5397 878 5456 quo
913 5382 1184 5456 Nysscmjs
1211 5401 1276 5456 ac
1323 5386 1577 5456 Didymus
1625 5382 1943 5455 loquuntur,
1999 5401 2092 5439 ne-

527 5452 726 5522 minem
759 5453 907 5514 latet,
945 5452 1032 5522 qui
1072 5453 1151 5507 vel
1207 5452 1640 5510 Tltcodo'sianuut
1682 5452 1922 5510 codicem
1971 5464 2090 5508 tart-

527 5529 638 5573 tum
673 5521 988 5594 inspexerit.
1020 5523 1094 5576 Ita
1129 5525 1178 5577 in
1212 5527 1329 5593 ejus
1369 5527 1575 5594 c_odicis
1608 5526 1934 5594 Appendice,
1968 5523 2085 5593 lege

525 5604 638 5650 XVI.
701 5590 964 5663 liunorius
1031 5590 1323 5663 imperator
1381 5590 1723 5647 Theodorum
1776 5590 2086 5663 praefectum

523 5660 778 5729 praetorio
807 5661 889 5714 bis
915 5660 1326 5716 verbis’atfatnr
1358 5681 1372 5716 :
1412 5683 1430 5713 ι
1462 5664 1526 5716 Ει
1555 5679 1622 5718 ne
1656 5660 2085 5729 quis—contuma-

522 5727 617 5802 (_:_i_;e
682 5744 790 5802 suae
855 5731 1062 5797 culpant
1121 5733 1370 5802 praecepti
1445 5727 1786 5799 ignotatioue
1848 5743 2078 5794 tueatur,

526 5796 801 5850 Theodore
835 5812 1030 5865 parens
1079 5796 1419 5868 cbarissime,
1468 5796 1639 5870 atque
1685 5805 2080 5868 amantissime,

2207 4499 2274 4538 ex
2321 4482 2439 4536 aliis
2474 4480 2996 4550 'quoqueiplurimis
3047 4482 3178 4534 locis
3224 4480 3524 4537 subsistens
3579 4496 3770 4538 natura

2206 4547 2871 4622 demonstraturSpiritus
2899 4550 3072 4604 sancti
3098 4567 3112 4602 :
3145 4564 3213 4622 ut
3245 4551 3300 4622 in
3335 4550 3422 4622 illo
3451 4554 3595 4617 quod
3629 4557 3773 4622 Apo-

2204 4623 2328 4676 stoli
2360 4621 2644 4676 scribunt:
2675 4637 2693 4670 ι
2730 4618 2909 4671 Visum
2943 4627 3027 4672 est
3069 4618 3212 4671 enim
3270 4618 3493 4686 Spiritui
3551 4618 3762 4682 sancto,

2202 4697 2257 4745 et
2293 4692 2489 4745 nobis:
2527 4708 2546 4740 ι
2586 4688 2711 4756 quia
2737 4687 2837 4740 hoc
2869 4687 3010 4756 quod
3043 4687 3266 4748 dicitur,
3325 4705 3344 4736 ι
3380 4688 3549 4739 visum
3605 4699 3708 4754 est,
3743 4711 3761 4741 ι

2201 4775 2308 4814 non
2331 4760 2696 4825 operationem
2745 4757 3035 4824 signiﬁcat,
3070 4757 3162 4825 sed
3192 4765 3458 4825 naturam.

2271 4829 2346 4898 (6)
2368 4817 2441 4882 'Se
2462 4827 2682 4898 Itabe_bit.
2715 4817 2916 4898 (iudex,
2953 4822 3212 4898 πήσεσθε.
3257 4817 3428 4891 Lego,
3484 4823 3763 4881 πείσεσθε.

2202 4891 2339 4952 Cum
2368 4912 2527 4966 porro
2551 4891 2608 4949 εὖ
2637 4893 2994 4966 πράττεινεὶι
3025 4911 3044 4943 ι
3081 4903 3226 4966 recte
3253 4907 3433 4962 agere,
3469 4913 3485 4944 ι
3525 4907 3578 4948 et
3605 4917 3623 4946 ι
3656 4915 3773 4964 pru-

2197 4962 2411 5037 sper‘at'n
2435 4966 2593 5018 vitam
2614 4962 2796 5037 agere,
2827 4983 2845 5015 ι
2869 4964 3082 5037 videtur
3102 4962 3357 5037 Didymus
3381 4966 3540 5017 Verba
3575 4962 3680 5032 illa,
3708 4967 3768 5021 εὖ

2197 5030 2456 5106 πράξετε,
2489 5030 2764 5100 accepisse
2797 5031 3132 5106 perinde_ac
3154 5030 3219 5106 si;
3245 5030 3484 5106 valerent
3513 5050 3527 5087 :
3583 5054 3601 5086 ε
3636 5030 3768 5104 prm-

2195 5099 2340 5160 clare
2370 5099 2643 5159 vobiscum
2702 5099 2909 5174 agetur.
2944 5119 2964 5152 ι
3021 5099 3136 5170 Ego
3182 5099 3390 5171 Vulgati
3449 5099 3762 5174 interpretis

2196 5175 2612 5247 translatiqnem
2643 5171 2861 5247 retinui.

2265 5244 2342 5314 (7)
2375 5241 2498 5296 Non
2531 5242 2687 5295 enim.
2717 5241 2880 5314 Marc.
2905 5255 3022 5314 χιιι,
3055 5241 3142 5296 il.
3189 5243 3243 5297 In
3298 5245 3438 5299 libro
3479 5243 3645 5314 etiam
3674 5242 3770 5314 De

2196 5309 2341 5383 Spir.
2373 5321 2574 5383 sanctor,
2593 5326 2737 5383 nutu.
2757 5309 2930 5383 20,61
2951 5313 3218 5383 similibus
3235 5314 3436 5369 Christi
3463 5315 3600 5381 apud
3631 5313 3770 5364 Mat-

2194 5379 2392 5438 tliteum
2421 5382 2598 5438 verbis
2629 5379 2790 5434 infert
2827 5381 3058 5447 Spiritus
3082 5386 3253 5438 sancti
3283 5379 3760 5439 consubStantiali-

2195 5463 2354 5524 tatem
2388 5471 2401 5506 :
2439 5471 2456 5504 ι
2493 5453 2546 5505 In
2583 5451 2688 5504 alio
2731 5465 2955 5524 quoque
2995 5451 3112 5524 (ait)
3154 5454 3468 5524 Evangelio
3514 5451 3754 5524 dicitur:

2207 5540 2226 5574 ι
2255 5521 2370 5576 Non
2393 5524 2533 5577 enim
2562 5536 2657 5575 vos
2684 5521 2836 5584 estis,
2868 5521 2959 5590 qui
3015 5521 3329 5591 loquimini,
3378 5522 3471 5578 sed
3528 5521 3768 5591 Spiritus

2190 5592 2367 5650 Patris
2390 5596 2570 5657 vestri,
2616 5591 2706 5660 qui
2730 5591 2968 5659 loquitur
2993 5592 3046 5644 in
3069 5590 3238 5648 vobis.
3269 5611 3288 5643 ι
3329 5593 3385 5646 Si
3419 5608 3546 5660 ergo
3596 5590 3768 5657 Spiri-

2193 5673 2278 5716 tus
2322 5662 2499 5716 Patris
2539 5664 2590 5714 in
2626 5662 2886 5728 apostolis
2921 5661 3247 5729 loquitur,...
3285 5663 3487 5730 liquido
3516 5669 3761 5728 apparet,

2191 5731 2428 5798 ejusdem
2464 5743 2668 5784 natura:
2703 5729 2958 5797 Spiritum
2999 5747 3116 5786 esse
3158 5747 3278 5787 cum
3335 5729 3493 5796 Filio,
3539 5740 3592 5783 ct
3632 5741 3756 5782 cum

2190 5801 2372 5864 Patre,
2411 5800 2563 5867 cujus
2597 5800 2832 5868 Spiritus
2860 5809 2962 5853 est.
3000 5817 3017 5849 ι
