4114 6440
529 495 634 553 627
690 518 695 529 -
1758 483 1992 542 DlDYMl
2033 477 2497 538 ALEXANDRINI
3664 462 3768 521 628

533 628 559 668 ‹
603 610 729 666 Haec
757 606 888 663 dicit
914 606 1025 679 (23)
1054 604 1286 677 Spiritus
1331 613 1553 662 sanctus
1594 619 1610 658 :
1645 602 1936 674 Segregatc
1963 600 2093 654 mihi

2229 596 2314 662 οῦ,
2346 614 2364 647 ι
2391 594 2602 658 Παῦλος
2627 591 2845 662 δέσμιος
2899 587 3072 660 Ἰησοῦ
3106 580 3341 657 Χριστοῦ
3362 600 3376 612 ·
3405 602 3423 636 ι
3453 582 3547 637 καὶ
3567 580 3765 636 πάλιν,

532 684 778 764 Pauium,
835 707 890 754 et
921 673 1247 753 'Barnabam
1301 699 1352 753 in
1404 711 1563 766 opus,
1620 695 1684 749 ad
1734 694 1876 764 quod
1917 692 2099 747 vocavi

2250 687 2385 741 Τάδε
2423 685 2572 753 λέγει
2608 684 2667 737 τὸ
2703 681 2925 753 Πνεῦμα
2963 680 3024 733 τὸ
3061 678 3214 747 ἅγιον
3236 696 3249 708 ·
3314 673 3634 766 Ἀφορίσατε
3684 690 3778 745 μοι

531 806 646 849 eos.
689 810 709 844 ι
751 761 881 857 Quae
915 788 1076 843 verba
1100 788 1297 844 similia
1332 761 1457 843 sunt
1482 787 1584 841 illis
1609 804 1622 841 :
1651 803 1669 837 ι
1708 761 1966 839 Dominus
1988 781 2100 854 (24)

2228 781 2290 833 τὸν
2316 778 2524 832 Παῦλον
2553 776 2648 830 καὶ
2695 774 2787 827 τὸν
2814 770 3096 844 Βαρνάϐαν
3123 771 3202 833 εἰς
3249 768 3309 820 τὸ
3336 768 3516 839 ἔργον,
3545 761 3574 817 ὃ
3604 779 3775 857 προσ-

535 891 713 937 autem
747 852 924 935 dixit:
966 878 1253 949 ingredere
1294 878 1347 932 in
1397 878 1668 933 civitatem
1695 915 1710 941 ,
1757 885 1812 930 et
1853 873 1924 928 ibi
1955 852 2100 928 dice-

2228 871 2477 941 ιέκλημαι
2524 866 2719 930 αὐτούς
2745 883 2758 897 ·
2786 885 2804 917 ι
2859 865 3043 935 ὅμοιον
3073 860 3171 932 τῷ,
3224 878 3243 911 ι
3266 860 3323 913 '0
3354 858 3410 912 δὲ
3432 948 3437 949 ν
3462 856 3666 949 Κύριος
3699 852 3807 913 six

537 983 625 1026 tur
672 970 792 1036 tibi,
850 970 979 1039 quid
1030 946 1101 1024 *ιε
1140 975 1386 1039 oporteat
1438 966 1654 1031 facere;
1724 984 1743 1018 ι
1800 975 1856 1019 et
1915 979 2105 1019 rursus

2228 980 2305 1017 ιεν
2324 980 2337 993 ·
2361 959 2583 1016 Εῐσελθε
2615 961 2694 1023 είς
2730 956 2827 1028 τὴν
2875 954 3048 1018 πόλιν,
3099 952 3259 1006 κάκεῖ
3282 946 3643 1039 λαληθήσεταί
3673 964 3779 1039 σοι’,

537 1061 698 1116 Petro
725 1077 746 1111 ι
774 1034 910 1115 dixit
940 1034 1314 1128 Spiritus-(25)
1344 1077 1355 1111 :
1387 1053 1626 1125 Surgens
1650 1053 1782 1109 vade
1803 1052 1855 1106 in
1887 1051 2103 1105 domum

2228 1053 2257 1106 εί
2287 1069 2348 1106 σε
2398 1051 2479 1104 δεῖ
2507 1050 2701 1104 ποιεῖν.
2729 1066 2748 1100 ι
2790 1046 2900 1100 Καὶ
2939 1044 3101 1098 πάλιν
3146 1040 3225 1112 τῷ
3256 1040 3449 1128 Πέτριρ
3511 1034 3664 1091 εἶπεν
3720 1036 3783 1089 τὸ

537 1150 792 1207 Cornelii.
837 1167 857 1202 ι
919 1124 1094 1219 Atque
1145 1124 1221 1203 in-
1259 1124 1513 1217 Epistolis
1564 1144 1760 1201 Paulus
1821 1141 2106 1198 Timotheo

2228 1144 2456 1216 Ῑνεῦμα⁹
2499 1161 2517 1194 ι
2539 1138 2800 1202 Ἀναστὰς
2834 1134 3128 1207 πορεύθητι
3169 1134 3251 1195 εἰς
3277 1131 3368 1185 τὸν
3390 1124 3538 1219 οἷκον
3564 1129 3795 1219 Κορνηο.

540 1242 730 1297 scribit
770 1259 784 1296 :
854 1259 873 1294 ι
911 1239 1147 1312 Spiritus
1196 1249 1375 1294 autem
1426 1237 1536 1309 (26)
1587 1248 1842 1306 expresse
1893 1232 2042 1288 dicit.
2080 1249 2100 1283 ι

540 1328 780 1385 Observa
811 1344 994 1400 porro,
1026 1343 1132 1383 non
1164 1327 1334 1382 solum
1362 1336 1457 1396 per
1482 1326 1620 1381 hanc
1654 1338 1836 1379 vocem
1855 1330 1913 1377 ut
1944 1320 2107 1390 legis-

544 1419 767 1474 latorem
815 1433 1003 1474 rursus
1055 1433 1086 1472 a
1136 1417 1302 1472 Paulo
1352 1416 1593 1472 exhiberi
1643 1414 1902 1484 Spiritum
1958 1409 2106 1483 [nam

541 1527 679 1568 voce
711 1511 826 1576 illa,
860 1510 1056 1583 ῥητῶς,
1083 1511 1184 1566 hoc
1211 1518 1310 1575 est,
1337 1525 1592 1580 expresse,
1631 1510 1744 1563 sive
1769 1514 1945 1576 aperte
1970 1506 2107 1577 (27),

544 1603 621 1658 illi
648 1603 810 1658 etiam
849 1603 930 1656 usi
981 1583 1127 1665 sunt,
1157 1601 1248 1671 qui
1286 1601 1582 1654 mundanas
1622 1598 1769 1669 leges
1799 1596 1912 1668 (28)
1976 1597 2112 1652 tule-

546 1692 717 1764 runt],
748 1693 843 1749 sed
868 1692 990 1748 aliis
1022 1705 1238 1762 quoque
1269 1690 1594 1746 testimoniis
1621 1689 1880 1760 atqualem
1914 1687 2109 1754 Patris,

545 1799 610 1838 ac
644 1783 878 1853 Spiritus
920 1783 1403 1846 sancti'naturam,
1440 1789 1493 1836 et
1538 1791 1855 1851 potestatem
1890 1781 2112 1835 demon-

544 1875 705 1930 strari
736 1893 750 1929 :
793 1888 915 1928 nam
946 1873 1110 1930 simili
1152 1874 1311 1928 modo
1333 1872 1400 1927 de
1431 1872 1539 1927 Deo
1566 1881 1621 1927 et
1650 1871 1809 1926 Patre
1854 1873 2034 1927 multis
2058 1873 2110 1927 in

546 1962 682 2019 locis
718 1963 983 2032 scriptum
1012 1969 1098 2018 est
1131 1978 1145 2014 :
1183 1978 1202 2014 ι
1244 1960 1368 2016 llaec
1402 1961 1533 2017 dicit
1585 1961 1841 2017 Dominus
1871 1963 2115 2032 omnipo—
2143 1942 2186 2000 Β

545 2067 689 2114 tens.
721 2076 741 2110 ι
794 2055 1045 2135 Haeretici
1097 2071 1248 2121 vero,
1284 2055 1375 2126 qui
1423 2056 1605 2111 omnia
1651 2073 1772 2127 quae
1808 2073 1932 2114 vera
1983 2059 2111 2124 sint,

547 2150 885 2218 impugnant,
938 2147 1070 2203 nihil
1102 2147 1340 2204 sublime
1367 2146 1437 2203 de
1469 2148 1647 2203 divina
1680 2148 2012 2217 operatione,
2057 2160 2116 2206 ut

553 2254 654 2307 par
681 2247 846 2307 esset,
882 2239 1204 2309 sentientes,
1242 2239 1336 2296 sed
1392 2238 1447 2295 in
1481 2239 1743 2309 futilibus,
1782 2249 1837 2297 et
1869 2242 2116 2298 inanibus

551 2330 892 2395 commentis,
944 2339 1000 2386 et
1040 2330 1094 2385 in
1132 2331 1198 2386 iis
1234 2331 1507 2398 omnibus,
1558 2347 1681 2403 qua:
1722 2336 1980 2389 tenaciter
2023 2348 2117 2404 ap-

550 2419 951 2489 prehenderint,
992 2421 1334 2492 inhaerentes,
1364 2431 1526 2493 atque
1567 2423 1681 2478 haec
1711 2432 1895 2493 utpote
1937 2425 2117 2480 refra-

551 2511 706 2567 ctarii
762 2520 1015 2583 tanquam
1073 2513 1230 2568 firma
1292 2513 1631 2582 proferentes
1682 2523 2009 2586 opponunt.-
2043 2517 2120 2573 De

550 2602 743 2674 angelo
770 2618 1006 2675 quoque,
1042 2604 1314 2674 inquiunt,
1352 2605 1663 2674 Zacharias,
1695 2622 1816 2662 cum
1856 2607 2121 2677 spectavit

554 2696 608 2749 ln
640 2694 846 2750 visione
892 2695 1298 2764 candelabrum,
1351 2699 1428 2753 ait
1462 2716 1474 2752 :
1522 2716 1541 2751 ι
1571 2698 1803 2771 Angelus
1838 2698 1974 2771 (29),
2027 2697 2119 2770 qui

551 2785 874 2857 loquebatur
902 2787 954 2842 in
988 2802 1098 2845 me.
1131 2806 1151 2843 ι
1188 2786 1373 2859 itaque
1405 2788 1662 2859 Spiritum
1693 2771 1938 2844 sanctum
1967 2788 2121 2859 quasi

551 2879 800 2950 angelum
843 2879 1150 2950 quempiam
1202 2881 1402 2937 habere
1436 2881 1562 2936 licet
1612 2880 1747 2953 (50).
1801 2880 1907 2935 Sed
1940 2881 2022 2934 vel
2056 2895 2122 2935 ex

553 2971 655 3024 hoc
681 2971 798 3041 ipso
837 2978 1323 3048 apparetueorum
1368 2968 1532 3041 224
1589 2969 1937 3025 tenacitatem
1989 2969 2122 3042 (51),

553 3074 617 3114 ac
639 3060 912 3115 sordidam
955 3061 1343 3131 parcimoniam
1378 3061 1508 3131 ipsis
1540 3059 1921 3117 detrimentum
1961 3059 2125 3115 affer-

553 3164 614 3205 re
639 3147 750 3221 (32)
793 3167 807 3205 :
849 3163 972 3205 nam
1005 3150 1229 3220 angelus
1271 3148 1360 3204 ille
1393 3164 1497 3204 non
1535 3163 1601 3204 ex
1640 3142 1844 3219 seipso‘
1867 3150 2125 3220 loqueba-

558 3251 668 3305 tur,
699 3254 801 3297 nec
842 3242 1060 3313 propria
1110 3241 1193 3297 sui
1226 3243 1395 3311 ipsius
1435 3240 1619 3305 verba,
1652 3239 1744 3296 sed
1775 3256 1895 3310 qua:
1926 3256 1957 3295 a
1993 3240 2123 3306 Deo,

486 3372 503 3383 .
554 3332 780 3405 eiusque
824 3333 1028 3403 Spiritu
1057 3332 1240 3401 jussus
1285 3332 1479 3398 fuerat,
1526 3342 1584 3386 ut
1615 3333 1863 3388 minister
1887 3334 2121 3391 dicebat.

559 3421 651 3477 Sic
673 3422 815 3476 enim
851 3421 1001 3477 locus
1038 3420 1126 3478 ille
1152 3435 1212 3478 se
1239 3422 1400 3477 habet
1430 3440 1443 3476 :
1473 3440 1492 3474 ι
1530 3421 1596 3476 Ει
1638 3423 1963 3492 interrogavi
1991 3423 2127 3497 (55),

558 3524 613 3566 ct
659 3512 773 3567 dixi
804 3513 872 3568 ad
896 3513 1167 3582 angelum,
1192 3514 1285 3583 qui
1325 3512 1646 3582 loquebatur
1677 3515 1730 3569 in
1769 3529 1876 3580 me,
1899 3515 2123 3572 dicens:

557 3600 695 3667 Quid
738 3609 865 3658 sunt
917 3602 1072 3658 haec?
1125 3612 1178 3658 et
1217 3602 1492 3672 respondit
1523 3602 1767 3673 angelus,
1799 3605 1889 3674 qui
1940 3604 2127 3676 loque-

554 3696 716 3749 batur
747 3693 797 3748 in
832 3709 941 3759 me,
972 3704 1027 3749 et
1058 3694 1195 3749 dixit
1244 3695 1310 3749 ad
1333 3680 1431 3749 'me
1463 3715 1475 3750 :
1526 3695 1632 3751 Iste
1669 3707 1754 3752 est
1791 3711 1971 3752 sermo
2021 3697 2128 3751 Do—

564 3782 695 3837 mini
722 3784 788 3837 ad
817 3782 1142 3851 Zorobabel,
1180 3785 1368 3841 dicens
1394 3802 1407 3839 :
1430 3785 1544 3841 Non
1577 3786 1630 3840 in
1674 3786 1988 3841 fortitudine
2019 3803 2131 3841 ma-

561 3888 690 3944 gna,
722 3890 899 3945 neque
930 3877 982 3931 in
1016 3877 1232 3943 robore,
1271 3877 1364 3932 sed
1395 3878 1447 3931 in
1480 3875 1684 3947 Spiritu
1710 3891 1848 3940 meo,
1870 3877 1997 3932 dicit
2018 3878 2127 3934 Do-

564 3966 744 4023 minus
770 3968 1134 4038 omnipotens.
1174 3987 1193 4022 ι
1234 3968 1438 4023 Deinde
1470 3968 1662 4033 Filius,
1699 3976 1752 4021 et
1800 3966 2033 4036 Spiritus
2063 3972 2130 4027 ad

634 4102 749 4177 (2'5)
787 4105 913 4162 Haec
941 4107 1087 4161 dicit.
1116 4107 1240 4177 Act.
1267 4122 1384 4172 xm,
1409 4105 1466 4159 2.
1503 4104 1635 4159 Vide
1662 4113 1783 4177 not.
1806 4106 1871 4159 ad
1894 4121 2016 4176 pag.
2039 4106 2129 4162 55.

562 4178 623 4232 In
647 4175 794 4232 libro
813 4178 974 4231 etiam
1010 4177 1086 4231 De
1120 4176 1271 4245 Spir.
1306 4184 1509 4238 sancto,
1533 4189 1678 4228 nmn.
1715 4175 1805 4240 25,
1835 4177 1936 4231 hoc
1971 4175 2133 4232 textu

562 4246 755 4310 utitur,
786 4256 843 4301 ut
869 4247 1060 4316 probet
1087 4245 1348 4316 Spiritum
1374 4254 1620 4316 sanctum
1647 4245 1971 4316 auctoritate
1997 4262 2133 4316 prae-

532 4317 736 4377 ,ditum
765 4312 919 4381 esse;
947 4330 1012 4371 eo
1050 4312 1192 4370 enim
1218 4315 1400 4375 allato,
1437 4312 1714 4381 subiungit
1744 4333 1756 4369 :
1804 4332 1822 4366 ι
1856 4312 2134 4381 Quae'vox

567 4385 884 4449 divinitatis,
916 4393 973 4439 et
1000 4384 1339 4439 auctoritatis
1378 4382 1560 4448 index,
1605 4398 1710 4437 non
1742 4397 2003 4452 creatam,
2039 4388 2135 4440 sed

564 4456 866 4509 increatam
900 4453 1257 4508 substantiam
1292 4453 1645 4508 demonstrat.
1677 4471 1696 4505 ι
1730 4452 1872 4525 Lege
1916 4465 2131 4519 caetera,

562 4537 689 4593 qua;
712 4525 1027 4593 sequuntur.

640 4590 756 4660 (24)
791 4589 1068 4661 Dominus.
1110 4591 1230 4649 Act.
1260 4607 1335 4655 ιι,
1359 4590 1393 4647 6
1421 4591 1536 4661 (seu
1566 4592 1641 4655 7).
1691 4590 1878 4646 Graeca
1923 4594 2134 4648 editio:

568 4662 664 4733 καὶ
688 4663 718 4716 ὁ
736 4660 938 4732 Κύριος
960 4662 1095 4733 πρὸς
1114 4662 1296 4733 αὐτόν·
1330 4662 1639 4733 Ἀνάστηθι,
1658 4661 1758 4733 καί.
1779 4661 2008 4725 εἴσελθε,
2032 4675 2138 4718 etc.

568 4729 729 4802 Tum,
759 4729 857 4798 pro
884 4729 1056 4802 κάκεῖ
1116 4731 1274 4788 liabet
1324 4732 1437 4787 καί.
1494 4729 1600 4789 seu
1658 4730 1809 4800 Vulg.
1861 4734 1958 4786 int.
2013 4733 2145 4802 legit

569 4801 753 4872 κάκεῖ,
789 4801 1151 4872 utADidymus.
1621 4870 1668 4872 __
1767 4868 1817 4872 Α,
1920 4870 1933 4872 _
2026 4860 2033 4866 ,

648 4868 763 4940 (25)
796 4869 940 4924 Dixit
978 4868 1263 4941 'Spiritus.
1316 4872 1438 4927 Act.
1500 4888 1556 4939 χ,
1613 4870 1698 4935 l9,
1759 4868 1851 4924 20.
1911 4870 2141 4928 Sensum

568 4939 723 5001 citat.
755 4954 862 4993 non
890 4939 1071 4996 verba.

648 5008 762 5079 (26)
802 5007 1028 5079 Spiritus
1057 5022 1256 5067 autem.
1283 5010 1302 5065 Ι
1333 5011 1474 5066 Tim.
1510 5024 1582 5075 ιν,
1617 5009 1667 5063 1.

646 5077 760 5151 (27)
785 5077 1003 5151 Aperte.
1032 5078 1269 5136 Joannes
1298 5080 1733 5151 Cbrysostomus.
1760 5082 1915 5151 bom.
1942 5079 2031 5151 16
2084 5082 2142 5135 in

574 5146 800 5218 Epist.l
842 5151 912 5202 ad
954 5148 1282 5205 Timotheum
1331 5146 1428 5204 sic'
1455 5149 1724 5218 explicat:
1779 5151 1843 5205 Ti
1896 5149 1955 5202 δέ
1999 5151 2139 5214 ἐστι,

570 5216 1139 5301 ῥητῶςβμφανερεῖδςν,
1173 5216 1896 5301 σαφὲςρβμρλογοιξμένωςη
1941 5218 2016 5284 ὡς
2058 5221 2142 5301 ,μὴ

578 5286 959 5368 ἀμφιϐάλλει-δ,
989 5286 1039 5342 id
1066 5298 1147 5368 est
1170 5306 1183 5342 :
1210 5307 1236 5368 Δ(
1271 5287 1406 5368 Quid
1436 5286 1615 5344 autem
1642 5286 1743 5345 sibi
1784 5292 2013 5368 vultvos
2045 5286 2142 5368 ρηἓ

576 5355 719 5419 τῶςῖ
741 5370 945 5425 aperte,
976 5356 1277 5418 manifeste.
1326 5358 1443 5412 sine
1471 5361 1857 5421 controversia,
1884 5361 2001 5413 sine
2045 5355 2143 5413 dii-

580 5426 863 5498 bitatione.
894 5446 914 5479 ι
942 5427 1096 5498 Quod
1128 5442 1256 5498 vero
1286 5427 1360 5481 ait
1381 5428 1655 5498 Didymus,
1692 5430 1930 5483 civilium
1959 5428 2138 5498 legum

580 5494 779 5550 latores
803 5496 1065 5551 vocabulo
1096 5496 1277 5568 ῥητῶς
1307 5512 1433 5568 usos
1459 5494 1628 5554 fuisse
1664 5498 1749 5565 (ut
1781 5494 2136 5568 dicerentex.

580 5579 664 5633 gr.
701 5582 719 5614 ι
756 5578 1009 5639 expresse
1032 5565 1325 5632 sancimus,
1349 5565 1622 5639 jubemus,
1656 5577 1919 5639 vetamus,
1948 5586 1979 5639 AD
2008 5567 2138 5639 etc.)

519 5654 527 5661 ·
584 5642 766 5706 utrum
796 5635 864 5688 de
895 5636 1274 5703 imperatorum
1300 5637 1778 5691 constitutionibus
1836 5635 2135 5706 legibusve,

584 5715 654 5754 an
684 5701 750 5755 de
784 5701 1158 5775 praefectorum
1188 5710 1461 5774 praetorio,
1487 5715 1581 5760 aut
1602 5705 1827 5761 aliorum
1854 5701 2141 5775 m‘agistraé

582 5777 733 5847 tuum
752 5772 945 5826 edictis
965 5772 1327 5847 accipiendum
1350 5777 1420 5830 sit
1436 5817 1450 5839 ,
1471 5775 1705 5847 viderint
1738 5772 2139 5847 iurisconsulti.

585 5835 795 5915 Nullum
819 5853 949 5915 sane
980 5843 1030 5895 in
1058 5833 1301 5913 pro’mptu
1340 5833 1757 5915 estr'exemplum'
1784 5859 1848 5898 ex
1898 5844 1985 5907 iis,
2016 5861 2137 5915 qua:

583 5914 820 5975 exstant,
859 5910 1237 5981 imperatorum
1270 5910 1740 5972 constitutionibus
1768 5915 2006 5983 ductum,
2029 5910 2135 5985 quo

2206 1236 2345 1291 λίου.
2372 1253 2390 1287 ι
2429 1232 2540 1287 Καὶ
2573 1230 2638 1302 δὴ
2668 1231 2726 1282 ὲν
2767 1225 3105 1288 Ἐπιστολαῖς
3130 1221 3341 1286 Παῦλος
3368 1217 3618 1290 Τιμοθέῳ
3641 1217 3784 1287 γρά-

2210 1344 2298 1397 φει
2324 1343 2338 1356 ι
2404 1343 2423 1376 ι
2446 1323 2520 1377 To
2543 1322 2598 1376 δὲ
2632 1318 2856 1390 Πνεῦμα
2894 1316 3072 1390 ῥητῶς
3131 1314 3299 1382 λέγει.
3324 1331 3343 1364 ι
3381 1312 3523 1381 Ὅρα
3546 1302 3659 1371 οὖν,
3711 1305 3788 1378 μὴ

2213 1417 2371 1488 μόνον
2396 1415 2477 1469 ὅτι
2528 1412 2616 1468 διά
2641 1410 2735 1465 τοῦ
2780 1409 3020 1462 τοιούτου
3048 1406 3291 1477 ῥήματος
3329 1403 3357 1455 ὁ
3381 1399 3593 1462 Παῦλος
3627 1412 3789 1488 νομοξ

2211 1486 2372 1578 θέτην
2395 1503 2551 1569 αὖθις
2585 1502 2862 1572 ἀπέφηνεν
2885 1499 2945 1552 τὸ
2984 1494 3208 1567 Πνεῦμα
3256 1495 3343 1566 (τῇ
3385 1490 3493 1561 γάρ
3523 1488 3665 1554 λέξει
3690 1486 3787 1542 τοῦ

2217 1619 2237 1652 ι
2258 1600 2435 1671 ῥητῶς
2459 1616 2476 1649 ι
2507 1594 2601 1650 καὶ
2621 1594 2671 1646 oi
2693 1588 2969 1662 κοσμικῶς
3002 1585 3496 1657 θεσμοθετήσαντες
3522 1578 3791 1671 ἐχρήσαν-

2210 1699 2314 1767 το),
2344 1692 2462 1747 ἀλλ’
2498 1691 2580 1744 ὅτι
2626 1689 2721 1743 καὶ
2748 1684 2904 1739 ἄλλαι
2945 1680 3238 1755 μαρτυρίαι
3288 1679 3349 1731 τὸ
3389 1677 3501 1730 ἴσον
3528 1670 3792 1767 τῆςπρδς

2210 1760 2303 1841 τὸν
2331 1782 2552 1854 Πατέρα
2596 1778 2835 1849 φύσεως,
2871 1775 2965 1829 καὶ
2993 1770 3278 1842 αὐθεντίας
3327 1767 3418 1822 τοῦ
3442 1766 3597 1837 ἁγίου
3627 1760 3792 1818 Πνεύ·

2217 1893 2386 1948 ματος
2412 1871 2765 1927 δεικνύουσιν.
2814 1864 3214 1937 Ὀμοιοτρόπως
3241 1860 3350 1931 γάρ
3377 1859 3504 1931 περὶ
3538 1855 3629 1910 τοῦ
3656 1855 3791 1909 Θεοῦ

2214 1969 2310 2022 καὶ
2339 1969 2551 2040 Πατρδς
2573 1969 2630 2022 ὲν
2660 1967 2872 2030 πολλοῖς
2893 1966 3203 2035 γέγραπται
3225 1977 3238 1991 ο
3276 1977 3295 2011 ι
3317 1957 3457 2011 Τάδε
3497 1954 3643 2022 λέγει
3681 1950 3795 2004 Κύ-

2219 2077 2329 2135 ριος
2352 2060 2765 2132 παντοκράτωρ.
2790 2078 2808 2111 ι
2842 2056 3119 2129 Αἱρετικοὶ
3149 2054 3235 2137 δὲ,
3266 2047 3345 2114 οἷς
3382 2047 3585 2117 τάληθῆ
3618 2044 3797 2098 πάντα

2215 2153 2605 2224 ἀντιλεγόμενα
2655 2153 2907 2223 ὑπάρχει,
2945 2147 3095 2202 οὐδὲν
3137 2144 3285 2209 ἀξιον
3313 2141 3428 2212 τῆς
3468 2139 3617 2201 Θείας
3653 2139 3798 2207 svsp-

2216 2246 2369 2315 γείας
2393 2243 2720 2307 ἐννοοῦντες,
2750 2243 2879 2313 περὶ
2906 2238 3203 2309 φαντασίας
3224 2236 3281 2289 δὲ
3297 2233 3574 2295 διακένους
3601 2228 3800 2301 διατρί-

2217 2337 2423 2401 ϐοντες,
2458 2337 2552 2391 καὶ
2570 2330 2645 2391 ὧν
2676 2335 2742 2390 ἂν
2774 2332 2944 2404 ἀπρὶξ
2973 2328 3362 2391 ὲπιλάὸωνται,
3392 2325 3585 2389 ταῦτα,
3621 2319 3696 2384 ὥς
3719 2337 3801 2373 τι-

2217 2447 2304 2494 νες
2326 2429 2634 2488 ἀντίτυποι,
2665 2427 2742 2491 ὡς
2799 2425 2993 2495 βέϐαια
3028 2420 3390 2493 προφέροντες
3415 2412 3800 2471 ἀντιτιθέασιν.

2218 2515 2406 2585 Εἶπεν,
2441 2518 2626 2591 φησιν,
2672 2516 2767 2571 καὶ
2833 2512 2962 2586 περὶ
2990 2511 3223 2581 ἀγγέλου
3249 2507 3544 2580 Ζαχαρίας,
3576 2506 3664 2559 ὅτε
3704 2503 3802 2575 τὴν

2219 2610 2486 2665 ὀπτασίαν
2537 2609 2636 2680 τὴν
2691 2606 2819 2681 περὶ
2850 2607 2952 2678 τῆς
2989 2602 3207 2674 λυχνίας
3232 2600 3514 2655 τεθέαται·
3561 2616 3580 2648 ι
3604 2596 3661 2650 Ὁ
3699 2595 3801 2663 ἀγ-

2220 2706 2376 2772 γελος
2397 2703 2425 2755 ὁ
2459 2699 2633 2754 λαλῶν
2665 2698 2796 2771 [103
2821 2696 2877 2770 α]
2899 2698 2957 2749 ὲν
2979 2695 3121 2767 ἐμοί.
3154 2713 3171 2747 ι
3220 2692 3489 2747 Δύνασθαι
3515 2685 3607 2743 οῦν
3643 2685 3804 2758 δῆθεν

2221 2790 2448 2860 ἄγγελον
2476 2787 2712 2842 νοεῖσθαι
2744 2786 2806 2841 τὸ
2834 2787 2985 2855 ἀγιον
3018 2783 3266 2855 Πνεῦμα.
3322 2779 3461 2834 Ἀλλ’
3487 2775 3712 2831 αὐτόθεν
3743 2773 3807 2829 τὸ

2222 2881 2477 2952 γλίσχρον
2509 2878 2688 2933 αὐτῶν
2736 2878 3202 2946 ἀποικονομείται.
3240 2874 3300 2928 '0
3314 2873 3422 2943 γάρ
3452 2869 3679 2940 ἄγγελος
3706 2867 3808 2927 οὐκ

2225 2974 2318 3044 ἀφ’
2352 2972 2568 3039 ἑαυτοῦ,
2628 2971 2751 3031 οὔτε
2811 2971 2922 3025 ἴδια
2958 2971 3198 3043 ῥήματα,
3228 2953 3397 3038 ’ἅπερ
3421 2965 3477 3019 δὲ
3506 2962 3810 3037 προσετάτ-

2224 3083 2346 3120 τετο
2377 3064 2530 3137 παρά
2558 3063 2652 3119 τοῦ
2679 3062 2813 3117 Θεοῦ
2841 3063 2936 3117 καὶ
2984 3061 3078 3115 τοῦ
3109 3059 3423 3131 Πνεύματος
3480 3054 3670 3115 αὑτοῦ,
3690 3054 3808 3107 δια-

2226 3154 2398 3209 κονῶν
2430 3155 2634 3223 ἔλεγεν.
2661 3153 2908 3223 Περιέχει
2948 3151 3002 3204 δὲ
3031 3150 3203 3212 οὕτως
3225 3166 3236 3178 ·
3278 3167 3295 3201 ι
3315 3146 3421 3201 Καὶ
3454 3144 3806 3216 ὲπηρώτησα,

2228 3246 2323 3301 καὶ
2351 3242 2480 3300 εἶπα
2505 3244 2639 3317 πρὸς
2666 3243 2756 3298 τὸν
2788 3242 3013 3313 ἄγγελον
3046 3242 3135 3296 τὸν
3176 3238 3437 3293 λαλοῦντα
3463 3239 3518 3292 ὲν
3544 3236 3688 3306 ἐμοὶ,
3723 3234 3813 3288 λέ-

2235 3356 2346 3408 γων
2366 3356 2378 3369 '
2406 3336 2470 3390 Τί
2510 3338 2623 3389 ἐστι
2656 3335 2865 3401 ταῦτα;
2912 3335 3021 3387 Καὶ
3053 3330 3324 3404 ἀπεκρίθη
3346 3332 3373 3384 ὁ
3402 3327 3626 3400 ἄγγελος
3659 3328 3687 3380 ὁ
3710 3325 3805 3381 λα-

2233 3428 2339 3482 λῶν
2364 3429 2422 3481 ὲν
2450 3427 2595 3497 ἐμοὶ,
2649 3426 2744 3481 καὶ
2764 3422 2915 3480 εἶπεν
2946 3425 3082 3497 πρός
3116 3440 3182 3494 με
3209 3439 3222 3453 ο
3258 3415 3427 3485 υῦτος
3465 3423 3493 3474 ὁ
3519 3419 3675 3489 λόγος
3696 3420 3811 3471 Κυ-

2238 3519 2350 3590 ρίου
2375 3516 2512 3590 πρδς
2535 3515 2857 3588 Ζοροόάδελ,
2882 3514 3053 3583 λέγων
3075 3512 3215 3567 Ὀὐκ
3242 3513 3298 3567 ὲν
3320 3510 3544 3581 δυνάμει
3578 3507 3811 3582 μεγάλῃ,

2233 3611 2354 3665 οὐδὲ
2376 3612 2433 3665 ὲν
2465 3608 2628 3680 ἰσχύϊ,
2658 3606 2773 3662 ἀλλ’
2806 3607 2840 3677 ἢ
2882 3608 2939 3660 ὲν
2972 3603 3249 3675 Πνεύματί
3284 3621 3405 3674 μου,
3433 3603 3582 3672 λέγει
3610 3600 3812 3675 Κύριος

2235 3701 2648 3773 παντοκράτωρ.
2678 3718 2697 3751 ι
2740 3700 2973 3752 Ἔπειτα
3003 3684 3233 3767 ἄγγελος
3262 3695 3463 3768 ἐκλήθη
3492 3697 3522 3749 ὁ
3545 3693 3692 3758 Υἱὸς,
3717 3692 3815 3746 καὶ

2234 3793 2295 3845 τὸ
2322 3790 2568 3860 Πνεῦμα,
2619 3789 2677 3843 ὲν
2724 3791 2787 3861 τῇ
2832 3786 2950 3860 δρυ⁴ί
3001 3790 3067 3860 τῇ
3103 3785 3367 3860 Μαμϐρῆ,
3393 3787 3483 3840 ὅτε
3534 3786 3567 3856 ἡ
3608 3781 3814 3851 ἔνδοξος

2237 3883 2408 3954 Τριάς
2430 3880 2587 3952 ὤφθη
2619 3880 2698 3953 τῷ
2736 3880 3004 3952 Ἁϐραάμ,
3041 3879 3131 3934 διὰ
3154 3880 3216 3934 τὸ
3263 3877 3511 3949 ἀγγεῖλαι
3542 3876 3611 3930 τὰ
3639 3876 3815 3945 ἀγνω-

2240 3990 2359 4029 στα.
2387 3972 2530 4045 Πρὸς
2555 3966 2657 4039 οἷς,
2684 3973 2750 4026 ὲκ
2776 3972 2875 4044 τῆς
2914 3970 3208 4043 ἀγγελικῆς
3248 3969 3483 4040 πληθύος
3512 3968 3687 4031 οὐδεὶς
3717 3966 3816 4021 αύ-

2237 4108 2289 4163 id
2317 4108 2691 4163 conﬁrmetur.
2724 4108 2839 4163 Nisi
2875 4109 3014 4164 forte
3046 4108 3149 4162 buc
3189 4108 3494 4177 pertineant
3535 4104 3814 4177 iuriscon-

2236 4179 2501 4233 sultorum
2542 4180 2839 4233 locutiones
2885 4180 2936 4231 iu
2964 4173 3580 4247 Digesta'pnstmotlum‘
3607 4173 3811 4247 relata}.

2237 4247 2314 4301 lta
2338 4247 2668 4303 Modestinus
2695 4250 2771 4303 ait
2797 4266 2812 4304 :
2848 4266 2868 4299 ι
2892 4248 2957 4302 Ει
2987 4243 3376 4317 principalibus
3410 4243 3812 4317 constitutioni-

2236 4318 2340 4372 bus
2384 4331 2641 4385 expresse
2695 4327 2940 4381 cavetur,
2978 4316 2999 4368 ι
3035 4328 3140 4372 etc.
3170 4316 3322 4382 Quae
3380 4316 3549 4369 verba
3598 4319 3817 4368 exstant

2239 4387 2334 4442 lib.
2377 4402 2499 4441 XLIV
2522 4386 2743 4456 Digest.,
2771 4389 2850 4442 tit.
2884 4388 2936 4451 l,
2968 4387 3070 4456 leg.
3101 4386 3156 4441 2.
3181 4385 3590 4456 Julianusvero
3608 4384 3812 4456 eodem

2239 4456 2358 4518 lib..
2393 4458 2477 4511 tit.
2508 4456 2562 4520 5,
2591 4452 2700 4526 leg.
2722 4457 2778 4521 5,
2825 4458 2943 4511 ait:
2983 4474 3002 4508 ι
3025 4452 3168 4510 Cum
3222 4465 3408 4525 aperte
3440 4454 3554 4524 lege
3602 4452 3812 4507 Julia...

2240 4536 2520 4586 caveatur.
2559 4546 2580 4578 1
2623 4535 2727 4581 6ιο.
3218 4573 3225 4580 .

2315 4594 2437 4665 (28)
2467 4594 2779 4665 Mundanas
2793 4596 2951 4665 leges.
2984 4594 3119 4650 Vide
3147 4603 3302 4665 notas
3328 4593 3393 4647 ad
3419 4607 3590 4661 segin.
3632 4591 3735 4646 125
3760 4592 3813 4645 ι.

2315 4663 2713 4733 (29)‘Augelus.
2747 4663 2911 4718 Zacb.
2942 4679 3014 4729 tv,
3051 4665 3074 4718 1
3109 4694 3135 4705 -
3161 4663 3215 4717 5.

2315 4729 2428 4805 (50)
2465 4729 2632 4805 Quasi
2656 4736 2963 4805 angelum...
2992 4735 3182 4787 habere
3209 4731 3349 4805 licet.
3379 4729 3689 4805 infirmet),
3712 4729 3819 4782 Δύ-

2242 4800 2438 4885 γασθαι
2469 4800 2584 4867 οῦν,
2619 4800 2741 4860 εις(
2761 4804 2870 4859 Sed
2900 4806 3151 4858 mendum
3181 4800 3397 4870 aliquod
3440 4800 3567 4856 illuc
3606 4801 3822 4855 videtur

2246 4889 2549 4928 ll'l'eDSISse.

2315 4891 2840 5013 ῗῗῇείεῗξίιασίιαιειη.
2878 4941 3082 5013 Codex,
3120 4940 3183 4994 τὸ
3205 4939 3501 5013 λγλισχρον,
3554 4940 3674 4995 sine
3728 4953 3823 5013 ac:

2245 5009 2425 5083 centu.
2445 5011 2914 5083 Nimirumrquum
2970 5011 3062 5083 alii
3111 5009 3677 5083 εει-ἰοειηιίγλίσχρος,
3718 5009 3819 5083 alii

2242 5081 2518 5154 γλισχρός,
2551 5082 2803 5154 librarius
2832 5081 3029 5154 noster
3049 5095 3171 5136 eam
3198 5094 3312 5136 rem
3359 5082 3413 5135 in
3446 5081 3626 5136 medio
3652 5081 3819 5134 relin-

2244 5150 2514 5219 quendam
2549 5152 2785 5205 fortasse
2817 5150 3046 5205 censuit.

2314 5220 2427 5292 (52)
2463 5219 2843 5273 Detrimentum
2878 5219 3088 5289 afferre.
3102 5221 3172 5292 (In
3206 5221 3418 5289 Graeco,
3452 5222 3515 5275 τὸ
3562 5220 3820 5292 γλίσχρον

2242 5289 2422 5345 αὐτῶν
2448 5292 2909 5358 ἀποικονομεῖται·
2941 5293 3079 5357 quod
3098 5290 3289 5348 Latine
3319 5294 3387 5347 ad
3411 5289 3671 5346 amusSim
3700 5289 3822 5342 red-

2243 5362 2372 5415 dere
2390 5360 2616 5432 (difﬁcile
2642 5368 2748 5432 est.
2788 5359 3023 5432 Videtur
3049 5373 3233 5416 autem
3272 5361 3632 5432 proverbialis
3667 5360 3817 5410 Ιο‹·ιι-

2246 5432 2339 5494 tio,
2373 5427 2860 5500 Alexandrinorum
2897 5429 3122 5483 forsitan
3152 5427 3368 5500 propria
3393 5450 3407 5485 :
3432 5433 3672 5500 verbum
3690 5441 3821 5481 sane

2242 5497 2724 5568 ἀποικονομείσθαι
2753 5500 2981 5568 necdum
3013 5497 3315 5555 alibi-milii
3356 5499 3633 5568 occurrit.)
3658 5497 3713 5550 ln
3739 5510 3823 5568 co

2245 5585 2406 5638 porro
2431 5565 2691 5638 particula
2721 5567 2829 5620 ἀπό
2862 5587 2880 5619 ι
2906 5571 3270 5636 negationem,
3310 5588 3330 5622 ι
3362 5585 3454 5624 seu
3505 5587 3524 5619 ε
3558 5565 3819 5638 privatio-

2243 5636 2369 5714 iiein
2402 5636 2690 5714 signiﬁcat,
2731 5649 2790 5714 ut
2827 5638 2881 5691 in
2933 5641 3154 5714 vocibus
3201 5641 3606 5714 ἀποκήρυκτος,
3660 5636 3824 5688 ἀπευ-

2242 5707 2845 5781 κτᾳιῖρςίάποφατικόν,
2866 5708 3071 5781 et‘alii_s
3100 5710 3150 5763 id
3167 5725 3358 5781 genus.

2315 5769 2528 5849 (53)'Et
2558 5769 2894 5849 interrogaui.
2932 5777 3003 5830 Ex
3030 5769 3260 5833 Zaiclt‘ur.
3307 5795 3378 5847 tv,
3415 5778 3533 5843 4-6,
3591 5769 3822 5831 nonnul-

2245 5849 2310 5906 lis
2328 5847 2544 5905 Omissis
2570 5847 2923 5902 intcrmcdiis.
