4114 6422
268 462 376 517 δὸῚ

1308 458 1394 514 DE
1429 458 1808 515 TBINITATE
1847 459 2050 515 LIBER.
2095 458 2482 516 SECUNDUS.

3433 461 3538 516 058

266 576 346 648 τῷ
382 576 514 641 ἴσως
564 576 658 630 καὶ
691 574 894 647 ὁμοίως
922 574 1049 630 ναὸν
1095 575 1240 649 ἔχειν
1271 576 1363 631 τὸν
1396 576 1683 649 ἄνθρωπον
1703 593 1716 607 ·
1759 577 1851 631 καὶ

1958 577 2120 642 bitas,
2169 576 2286 632 laus
2329 575 2516 631 Israel.
2550 593 2570 627 ι
2626 573 2948 631 Universam
2995 590 3127 657 vero
3168 576 3403 632 ﬁdelium
3454 594 3542 632 ra-

264 668 347 721 ὂτι
387 667 417 719 δ
455 664 532 719 ὣν
570 660 720 728 οἶκος
761 664 854 718 τοῦ
900 665 1148 737 Πατρὸς,
1178 666 1292 737 ἔχει
1335 668 1431 721 καὶ
1469 667 1560 720 τὸν
1598 669 1656 721 ἐν
1703 667 1854 738 αὐτῷ

264 758 396 812 ὄντα
431 757 578 824 Υἱὸν,
624 759 720 812 καὶ
766 758 829 811 τὸ
870 744 1097 829 Πνεῦμα
1140 759 1235 812 τοῦ
1274 759 1445 813 Θεοῦ·
1474 760 1550 824 ὡς
1590 756 1658 814 αῦ
1693 760 1855 815 πάλιν

263 848 359 902 τοῦ
400 847 556 913 Υἱοῦ,
591 849 625 919 ἢ
659 846 755 901 τοῦ
801 848 1118 921 Πνεύματος
1149 851 1247 920 τῆς
1290 850 1687 921 ἐπιφοιτήσεως
1725 868 1857 904 κατ-

262 940 538 1006 αξιωθεὶς,
570 942 636 993 ἐκ
671 939 873 1003 παντὸς
905 940 1017 1010 ἔχει
1048 942 1143 995 καὶ
1174 941 1266 994 τὸν
1296 940 1536 1012 Πατέρα.
1557 943 1669 994 Καὶ
1693 942 1856 996 πάλιν

263 1032 324 1083 ἐν
355 1033 422 1102 τῇ
458 1030 585 1102 [I05
604 1030 657 1103 ὸ]
693 1032 832 1103 αὐτῇ
886 1031 1116 1103 δευτέρᾳ
1151 1031 1462 1103 Ἐπιστολῇ*
1500 1051 1519 1083 ι
1548 1033 1617 1085 Ἢ
1649 1033 1748 1086 οὐκ
1781 1033 1857 1086 οῖ-

263 1123 413 1189 δατε,
443 1124 526 1176 ὃτι
564 1123 633 1177 τά
679 1122 905 1194 σώματα
951 1123 1105 1195 ὑμῶν
1138 1124 1266 1188 ναὸς
1312 1122 1406 1176 τοῦ
1441 1125 1499 1177 ἐν
1538 1125 1666 1195 ὑμῖν
1697 1124 1854 1194 ἁγίου

264 1213 585 1284 Πνεύματός
626 1215 796 1277 ἐστιν,
844 1207 903 1267 οὗ
951 1213 1104 1283 ἔχετε
1147 1212 1256 1266 ἀπὸ
1298 1212 1394 1265 τοῦ
1425 1212 1583 1276 Θεοῦ,
1620 1213 1714 1266 καὶ
1753 1212 1853 1265 οὐκ

264 1305 390 1359 ἐστὲ
422 1305 662 1371 ἐαυτῶν;
699 1305 1046 1377 ἠγοράσθητε
1086 1306 1195 1376 γὰρ
1244 1304 1430 1375 τιμῆς.
1473 1303 1746 1368 Δοξάσατε
1788 1303 1854 1374 δὴ

262 1397 355 1451 τὸν
398 1397 533 1451 Θεὸν
573 1397 662 1451 τὸν
695 1399 754 1450 ἐν
800 1400 911 1459 τοῖς
952 1395 1199 1467 σώμασιν
1234 1396 1409 1467 ὑμῶν.
1432 1396 1575 1460 ι,Τά
1623 1394 1853 1466 σώματα

263 1489 373 1543 τῶν
402 1488 612 1543 πιστῶν
643 1489 770 1542 ναὸν
797 1488 889 1542 τοῦ
924 1489 1082 1557 ἁγίου
1113 1489 1433 1560 Πνεῦματος
1471 1484 1613 1542 εἶναι
1659 1486 1851 1551 εἰπὼν,

264 1578 618 1651 ἐνουθέτησεν
648 1578 888 1646 δοξάζειν
916 1580 1005 1633 τὸν
1034 1580 1167 1634 Θεὸν
1191 1583 1248 1634 ἐν
1279 1583 1393 1643 τοῖς
1423 1579 1661 1650 σώμασι,
1695 1580 1852 1650 δῆλον

263 1674 347 1727 ὅτι
379 1672 443 1727 τὸ
480 1673 632 1742 ἅγιον
663 1672 906 1744 Πνεῦμα.
937 1672 1127 1741 Λέγων
1167 1673 1225 1726 δὲ
1262 1672 1395 1725 αὐτὸ
1432 1672 1540 1727 ἀπὸ
1567 1671 1662 1725 τοῦ
1694 1672 1849 1738 Θεοῦ,

264 1764 527 1828 διδάσκει,
565 1764 639 1827 ὡς
679 1765 821 1818 κατὰ
866 1764 1026 1834 φύσιν
1069 1764 1314 1835 πρόεισιν
1361 1763 1421 1828 ἐξ
1451 1765 1640 1821 αὐτοῦ.
1675 1766 1850 1836 Ὅπερ

269 1853 427 1922 αὖθις
475 1859 716 1928 παριστᾷ
765 1857 859 1910 καὶ
892 1858 951 1911 τὺ
984 1856 1110 1911 ναὸν
1140 1852 1280 1909 εἶναι
1317 1855 1481 1908 αὑτοῦ
1515 1857 1607 1910 τὸν
1640 1856 1849 1928 ἄνθρω-

1959 669 2214 723 tionalem
2247 656 2499 722 naturam
2547 667 3005 737 incircumscripti
3039 656 3131 723 Dei
3176 678 3412 723 sanctum
3451 668 3576 722 hau

1956 762 2256 816 bitaculum
2312 760 2463 825 dicit,
2516 768 2575 813 ut
2608 770 2758 828 puto.
2810 758 3071 828 Spiritum
3110 770 3359 814 sanctum
3407 775 3538 831 ergo

1958 869 2063 907 non
2096 853 2257 906 modo
2292 851 2458 906 Deum
2503 858 2625 904 esse
2652 852 3079 905 demonstratum
3113 858 3220 914 est,
3254 851 3347 905 sed
3375 853 3539 904 etiam

1950 945 2220 1017 aequalem
2247 950 2304 995 et
2333 938 2567 994 similem
2599 938 2773 1003 Patri,
2804 949 2861 994 et
2883 938 3043 1003 Filio,
3071 946 3184 992 tum
3219 941 3343 1009 quia
3376 941 3539 993 trimn

1956 1048 2308 1101 personarum
2348 1033 2540 1102 a-quali
2563 1043 2619 1086 et
2645 1031 2808 1085 simili
2844 1034 3003 1086 modo
3033 1032 3286 1101 templum
3311 1042 3396 1087 est
3428 1032 3537 1103 (72)

1956 1126 2153 1190 homo;
2195 1135 2306 1179 tmn
2341 1126 2505 1180 etiam
2543 1123 2667 1193 quia
2710 1123 2804 1193 qui
2855 1124 3046 1178 domus
3074 1135 3161 1179 est
3204 1124 3402 1186 Patris,
3449 1124 3540 1177 Fi-

1957 1217 2086 1270 lium
2126 1230 2339 1285 quoque
2376 1215 2429 1269 in
2462 1229 2522 1270 se
2556 1213 2717 1268 habet
2770 1215 3144 1276 exsisteutem,
3188 1225 3242 1266 ct
3275 1212 3538 1282 Spiritum

1958 1309 2050 1363 Dei
2083 1327 2096 1362 :
2130 1310 2271 1363 sicut
2305 1308 2542 1362 vicissim
2585 1307 2674 1375 qui
2710 1305 2858 1371 Filii,
2896 1316 2990 1360 aut
3039 1306 3277 1377 Spiritus
3305 1307 3541 1361 adventu

1953 1400 2151 1471 dignus
2178 1400 2352 1455 Iactus
2381 1410 2487 1463 est,
2518 1400 2681 1453 habet
2729 1399 2952 1454 omnino
2989 1399 3154 1452 etiam
3189 1398 3443 1466 Patrem;
3485 1408 3543 1454 et

1956 1503 2146 1544 rursus
2182 1488 2234 1543 in
2270 1489 2458 1544 eadem
2502 1487 2736 1542 secunda
2783 1486 3018 1557 Epistula
3046 1486 3154 1560 (75)
3196 1504 3210 1541 :
3257 1506 3277 1541 ι
3319 1490 3398 1543 Αιι
3441 1503 3539 1543 ne-

1954 1582 2128 1647 scitis,
2163 1580 2309 1651 quod
2345 1595 2573 1650 corpora
2611 1590 2788 1634 vestra
2816 1579 2930 1650 (74)
2961 1579 3216 1649 templum
3268 1590 3396 1635 sunt
3442 1596 3540 1635 ex-

1954 1673 2200 1729 sistentis
2244 1674 2298 1727 in
2329 1673 2480 1728 vobis
2522 1671 2698 1727 sancti
2741 1672 3000 1739 Spiritus,
3036 1685 3194 1740 quem
3249 1672 3461 1728 habetis
3504 1689 3535 1728 a

1955 1766 2085 1831 Deo,
2116 1776 2302 1821 etnon
2342 1765 2477 1820 estis
2511 1764 2721 1818 vestri?
2761 1764 2935 1834 Empti
2984 1765 3129 1818 enim
3179 1766 3311 1819 estis
3345 1766 3539 1832 pretio.

1951 1858 2263 1915 Glorilicate
2300 1858 2488 1922 Deum,
2529 1858 2621 1928 qui
2666 1866 2750 1913 est
2787 1858 2840 1912 in
2887 1856 3205 1926 corporibus
3256 1857 3471 1912 vestris.
3515 1873 3538 1909 ι

270 1966 393 2012 πον,
431 1948 559 2013 ἴσως
589 1949 682 2002 τοῦ
724 1950 936 2019 Πατρός
977 1948 1069 2002 καὶ
1101 1948 1195 2002 τοῦ
1246 1947 1401 2000 Υίοῦ.
1438 1948 1670 2019 Ὁμοίως
1700 1951 1758 2001 ἐν
1786 1951 1850 2019 τῇ

1958 1950 2245 2030 [:ostquam
2276 1949 2514 2004 Iidelium
2542 1965 2770 2021 corpora
2804 1940 3060 2017 templum
3094 1964 3214 2003 esse
3249 1949 3384 2002 dixit
3412 1947 3538 2016 Spi-

266 2042 405 2113 αὺτῇ
434 2041 663 2112 δευτέρᾳ
691 2040 977 2110 Ἐπιστολῇ
1001 2058 1014 2069 ο
1040 2041 1238 2110 «Ἄχρι
1267 2039 1378 2110 γάρ
1399 2040 1496 2110 τῆς
1532 2042 1770 2111 σήμερον
1792 2041 1853 2093 τὸ

264 2133 398 2185 αὐτὸ
439 2131 700 2203 κάλυμμα
744 2133 837 2184 ἐπὶ
863 2133 928 2201 τῇ
962 2129 1272 2199 ἀναγνώσει
1316 2130 1415 2200 τῆς
1451 2130 1689 2193 Παλαιᾶς
1723 2133 1852 2183 Δια-

265 2224 441 2296 θήκης
479 2224 652 2295 μένει,
704 2223 779 2293 μὴ
833 2221 1353 2291 ἀνακαλυπτόμενον
1400 2222 1503 2291 (ὅτι
1535 2223 1592 2274 ἐν
1631 2221 1853 2293 Χριστῷ

265 2315 680 2384 καταργεῖται).
707 2313 874 2365 Ὅταν
902 2312 959 2364 δὲ
987 2310 1293 2382 ἐπιστρέψῃ
1332 2311 1468 2382 πρὸς
1499 2311 1723 2381 Κύριον,
1755 2329 1853 2366 πε-

266 2407 560 2475 ριαιρεῖται
598 2404 657 2456 τὸ
698 2402 981 2472 κάλυμμα.
1039 2401 1098 2453 '0
1145 2402 1204 2454 δὲ
1250 2400 1457 2473 Κύριος
1513 2401 1573 2454 τὸ
1628 2402 1852 2474 Πνεῦμά

261 2499 447 2553 ἐστιν’
482 2492 545 2553 οὗ
590 2499 647 2551 δὲ
693 2498 754 2551 τὸ
799 2498 1027 2567 Πνεῦμα
1084 2498 1313 2568 Κυρίου,
1365 2501 1483 2551 ἐκεῖ
1541 2498 1846 2571 ἐλευθερία.

273 2590 470 2660 Ἡμεῖς
519 2590 576 2642 δὲ
622 2588 825 2651 πάντες
867 2589 1377 2659 ἀνακεκαλυμμένῳ
1420 2589 1699 2661 προσώπῳ
1752 2592 1849 2663 τὴν

257 2682 424 2747 δόξαν
473 2681 679 2750 Κυρίου
728 2680 1237 2750 κατοπτριζόμενοι,
1293 2679 1392 2750 τὴν
1443 2681 1616 2756 αὐτὴν
1665 2682 1850 2735 εἰκόνα

268 2768 767 2845 μεταμορφούμεθα
795 2769 904 2822 ἀπὸ
935 2768 1092 2839 δόξης
1123 2771 1204 2832 εἰς
1246 2769 1426 2834 δόξαν,
1462 2769 1714 2841 καθάπερ
1742 2772 1849 2825 ἀπὸ

267 2863 470 2935 Κυρίου
516 2861 849 2945 Πνεύματος.
875 2880 893 2912 ι
936 2862 1048 2914 Καὶ
1089 2861 1292 2931 Κύριον
1342 2862 1669 2924 τοσαυτάκις
1711 2863 1848 2917 ὠνό-

271 2972 436 3023 μασεν
458 2956 520 3008 τὸ
551 2954 773 3025 Πνεῦμα
801 2955 862 3007 τὸ
892 2954 1070 3023 ἅγιον,
1098 2961 1194 3008 καὶ
1222 2953 1535 3026 ἐλευθερίαν
1568 2956 1847 3028 δωρούμε-

244 3065 374 3110 -νον,
407 3043 487 3111 οἷς
526 3048 803 3117 ἐπιφαίνει
840 3047 936 3100 καὶ
979 3045 1138 3110 δόξαν
1185 3045 1307 3116 ἔχον
1353 3048 1410 3100 ἐν
1450 3046 1646 3118 ἐαυτῷ.
1696 3048 1760 3100 Ἡ
1791 3048 1848 3102 δὲ

276 3139 416 3192 πᾶσα
436 3137 533 3192 τοῦ
574 3136 871 3207 κεφαλαίου
902 3136 1169 3209 ἑρμηνεία
1196 3137 1307 3206 ἔχει
1334 3130 1466 3190 ᾆδε·
1499 3137 1579 3191 Τά
1606 3138 1704 3208 τῆς
1735 3138 1848 3190 Πα-

272 3232 440 3296 Ααιᾶς,
490 3230 691 3301 φησιν,
742 3229 1020 3300 Διαθήκης
1078 3228 1346 3282 Ἰουδαϊκὰ
1398 3231 1846 3301 παρατηρήματα

270 3321 349 3377 ἑτι
380 3321 550 3393 μένει,
580 3320 655 3393 μὴ
678 3319 1168 3373 ἀποσκεπασθέντα
1195 3322 1291 3373 καὶ
1317 3320 1631 3388 γνωσθέντα
1664 3320 1847 3386 ἐνίοις,

264 3415 347 3468 ὅτι
376 3416 718 3485 κατήργηται
763 3414 819 3465 ἐν
852 3409 1095 3483 Χριστῷ,
1128 3410 1207 3483 τῷ
1235 3411 1473 3464 εἰπόντι·
1513 3429 1531 3461 ι
1557 3410 1671 3462 Οὐκ
1688 3405 1850 3480 ἦλθον

267 3505 567 3559 καταλῦσαι
604 3505 697 3557 τὸν
723 3504 909 3575 νόμον,
940 3504 1079 3557 ἀλλὰ
1115 3502 1436 3574 πληρῶσαν
1465 3520 1483 3553 ι
1517 3500 1661 3554 τοῦτ’
1681 3501 1847 3567 ἔστιν,

271 3598 299 3670 η
338 3597 566 3661 παῦσαι,
607 3597 640 3668 ἧ
676 3596 736 3650 τὸ
776 3595 962 3648 λεῖπον
1006 3594 1422 3666 ἀναπληρῶσαι.
1464 3595 1630 3647 Ὅταν
1671 3593 1730 3646 δέ
1766 3610 1853 3656 τις

267 3688 568 3760 ἐπιστρέψῃ
593 3687 725 3760 πρὸς
751 3689 977 3760 Κύριον,
1013 3687 1107 3741 καὶ
1142 3690 1382 3765 μεταστῇ
1411 3686 1518 3740 ἀπὸ
1557 3683 1649 3739 τοῦ
1678 3685 1849 3739 τύπου

269 3784 348 3846 είς
375 3780 475 3866 την
512 3780 788 3852 ἀλήθειαν,
819 3775 928 3834 ἀπὸ
949 3778 1043 3833 τοῦ
1073 3779 1240 3850 νόμου
1271 3780 1350 3842 εἰς
1373 3777 1472 3849 τὴν
1499 3778 1679 3849 χάριν,
1712 3775 1854 3831 κατὰ

272 3875 346 3937 τό,
380 3892 399 3925 ι
428 3874 541 3927 Οὐκ
570 3873 695 3925 ἐστὲ
724 3873 830 3926 ὑπὸ
869 3871 1054 3943 νόμον,
1104 3871 1218 3925 ἀλλ’
1266 3871 1372 3923 ὑπὸ
1416 3871 1595 3942 χάριν,
1619 3889 1637 3922 ι
1678 3871 1852 3941 ἀττορ-

268 3968 450 4039 ριπτεῖ
481 3967 657 4018 ἐκεῖνο
687 3965 746 4017 τὸ
776 3963 965 4034 ὥσπερ
997 3962 1124 4035 [I05
1157 3961 1211 4033 a]
1278 3962 1656 4030 συγκαλύπτον
1688 3960 1850 4014 αὑτὸν

269 4060 533 4130 κάλυμμα
553 4075 565 4090 ·
598 4060 784 4129 ὅμοιον
811 4055 980 4108 ποιῶν
1004 4056 1234 4125 Μωῦσῇ,
1266 4054 1659 4125 περιαιροῦντι,
1690 4053 1853 4123 ἡνίκα

267 4150 611 4219 διαλέγεσθαι
659 4149 877 4219 ἠξιοῦτο
916 4146 995 4217 τῷ
1041 4147 1259 4217 ἀοράτῳ
1307 4144 1447 4215 Θεῷ,
1495 4144 1554 4197 τὸ
1588 4144 1865 4214 κάλυμμα,

272 4244 363 4298 τοῦ
396 4243 689 4315 προσώπου
721 4242 909 4305 αὐτοῦ,
948 4241 1040 4294 τοῦ
1076 4243 1139 4293 ἐκ
1182 4240 1282 4310 τῆς
1314 4239 1502 4307 θεῖκῆς
1530 4236 1854 4307 ἐπιφανείας

264 4336 680 4408 δεδοξασμένον,
712 4336 806 4389 καὶ
838 4326 1401 4407 ἀμαυροῦντοξδίκην
1430 4332 1671 4402 ἡλιακῶν
1698 4330 1854 4385 ἀκτί-

268 4446 377 4482 νων
423 4432 549 4492 τοὺς
595 4427 910 4499 ὀφθαλμοὺς
952 4425 1060 4479 τῶν
1101 4424 1516 4489 ἐνατενιζόντων
1545 4422 1711 4494 αὐτῷ.
1750 4422 1854 4478 Τὸν

270 4522 327 4575 δὲ
375 4522 583 4594 Κύριον
631 4519 867 4575 ἐνταῦθα
913 4520 976 4573 τὸ
1027 4519 1183 4589 ἅγιον
1223 4517 1448 4589 Πνεῦμα
1493 4513 1630 4571 εἶναι
1671 4516 1849 4587 λέγει·

1957 2043 2096 2097 ritus
2137 2040 2346 2105 sancti,
2407 2041 2572 2097 Deum
2626 2041 3036 2111 gloriﬁcandum
3083 2055 3205 2095 esse
3264 2051 3446 2094 monet
3487 2042 3537 2094 in

1956 2133 2308 2201 corporibus;
2358 2132 2607 2187 videlicet
2647 2131 2906 2202 Spiritum
2966 2142 3240 2186 sanctum.
3286 2131 3539 2200 luqniens

1957 2238 2106 2288 vero,
2150 2240 2184 2276 a
2221 2223 2330 2277 Deo
2389 2224 2538 2278 illum
2592 2238 2692 2279 nos
2738 2223 2962 2288 habere,
3001 2224 3175 2291 ipsum
3240 2225 3538 2277 secundum

1956 2327 2204 2370 naturam
2248 2317 2360 2389 (75)
2406 2331 2470 2372 ex
2510 2316 2618 2371 Deo
2665 2318 2964 2387 procedere
2992 2318 3167 2370 docet.
3202 2314 3254 2367 Id
3293 2318 3433 2385 quod
3473 2330 3539 2370 ex

1952 2425 2018 2463 eo
2047 2424 2234 2462 rursus
2261 2407 2638 2476 conﬁrmatur,
2670 2409 2815 2478 quod
2859 2407 3115 2476 templum
3140 2408 3257 2475 ejus
3288 2407 3358 2461 sit
3382 2408 3543 2461 homo

1953 2501 2421 2569 a-qualiteratquc
2459 2498 2641 2554 Patris
2691 2510 2745 2553 et
2776 2497 2918 2552 Filii.
2965 2497 3022 2551 In
3062 2500 3249 2554 eadem
3285 2497 3541 2553 similiter

1953 2596 2189 2647 secunda
2224 2594 2461 2664 Epistola
2499 2612 2513 2648 :
2546 2612 2564 2644 ι
2602 2592 2782 2661 Usque
2816 2593 2928 2657 (76)
2961 2593 3014 2646 in
3049 2593 3368 2646 hodiernum
3393 2592 3540 2646 enim

1952 2686 2094 2738 diem
2137 2684 2276 2738 idem
2323 2682 2568 2738 velamen
2604 2683 2658 2736 in
2696 2683 2930 2737 lectione
2961 2682 3169 2736 Veteris
3209 2680 3539 2735 Tcstamenti

1954 2785 2134 2829 manet
2158 2789 2264 2830 non
2295 2775 2595 2830 revelatum
2623 2774 2902 2845 (quoniam
2935 2770 3046 2844 (77)
3081 2756 3152 2824 in.
3172 2771 3392 2825 Christo
3416 2786 3543 2825 eva-

1950 2867 2185 2936 cuatur).
2219 2865 2357 2920 Cum
2386 2874 2565 2919 autem
2598 2879 2896 2919 conversus
2935 2863 3098 2916 fuerit
3128 2863 3194 2915 ad
3228 2862 3538 2928 Domimnn,

1950 2958 2197 3013 aufertur
2225 2956 2488 3012 velamen.
2523 2956 2785 3011 Dominus
2816 2963 2994 3008 autem
3028 2953 3268 3023 Spiritus
3295 2964 3375 3007 est
3404 2971 3416 3005 :
3448 2954 3545 3006 ubi

1947 3059 2127 3104 autem
2178 3047 2412 3117 Spiritus
2439 3045 2675 3111 Domini,
2704 3046 2774 3100 ibi
2808 3045 3050 3099 libertas.
3091 3045 3198 3099 Nos
3226 3042 3389 3114 23o
3415 3060 3543 3098 vero

1950 3155 2144 3195 omnes
2177 3141 2412 3195 revelata
2438 3139 2576 3194 facie
2603 3141 2828 3209 gloriam
2860 3138 3072 3194 Domini
3101 3139 3463 3208 Spei-ulantcs,
3488 3137 3540 3191 in

1876 3273 1921 3333 ο
1951 3234 2196 3288 eamdem
2219 3234 2507 3303 imaginem
2542 3232 2995 3286 transfuru’ramur
3014 3247 3040 3283 a
3056 3231 3225 3301 gloria
3242 3232 3291 3284 in
3311 3231 3539 3300 gloriam

1958 3336 2211 3393 tanquam
2266 3337 2296 3376 a
2359 3323 2570 3376 Domini
2625 3321 2851 3389 Spiritu.
2887 3340 2907 3373 ι
2959 3321 3224 3386 Observa,
3278 3322 3539 3391 Spiritum

1953 3412 2200 3469 sanctum
2236 3422 2290 3467 et
2320 3412 2605 3467 Dominum
2642 3415 2840 3483 Sil'piIlS
2864 3414 2952 3466 hic
2988 3415 3193 3478 vocari,
3226 3423 3277 3467 et
3305 3413 3542 3481 largien-

1956 3515 2060 3559 tem
2099 3505 2406 3558 libertatem
2444 3504 2532 3569 iis,
2565 3505 2760 3573 quibus
2799 3503 3085 3570 illucescit,
3134 3515 3189 3557 et
3243 3504 3534 3558 habentem

1954 3595 2182 3666 gloriam
2226 3594 2277 3647 in
2309 3594 2626 3661 semetipso.
2661 3592 2858 3649 Totius
2887 3603 3068 3647 autem
3106 3593 3327 3660 capituli
3367 3596 3538 3647 inter-

1954 3684 2185 3757 pretatio
2238 3683 2320 3738 sic
2382 3698 2442 3737 se
2504 3680 3007 3747 habetzludaicie,
3066 3682 3262 3752 inquit,
3333 3681 3542 3739 Veteris

1954 3775 2289 3833 Testamenti
2342 3774 2751 3829 observationes
2798 3774 2976 3828 adhuc
3018 3783 3240 3828 manent
3289 3790 3393 3829 non
3456 3789 3541 3830 re-

1955 3881 2109 3927 tecta:
2141 3868 2433 3933 nonnullis,
2462 3867 2554 3937 qui
2589 3882 2695 3920 non
2725 3880 3081 3937 cognoscunt,
3115 3883 3207 3921 eas
3229 3877 3537 3934 evacuatas,

1953 3968 2067 4022 sive
2119 3964 2405 4031 abrogatas
2452 3976 2571 4016 esse
2615 3961 2667 4013 in
2716 3960 2955 4025 Christo,
2993 3961 3082 4029 qui
3126 3960 3309 4017 dixit:
3355 3981 3374 4014 ι
3423 3962 3537 4016 Non

1956 4058 2077 4111 veni
2105 4055 2219 4127 (78)
2250 4054 2461 4109 solvere
2490 4053 2687 4123 legem,
2711 4054 2804 4106 sed
2825 4053 3070 4120 implere,
3099 4071 3118 4104 ι
3153 4054 3201 4106 id
3222 4063 3323 4119 cst,
3358 4065 3451 4108 aut
3487 4057 3536 4110 ei

1957 4147 2116 4199 Iidem
2164 4144 2460 4213 imponere,
2494 4154 2587 4195 aut
2641 4143 2783 4209 quod
2839 4144 3011 4207 deest,
3068 4144 3340 4212 supplere.
3402 4145 3535 4199 Cum

1954 4253 2084 4293 vero
2112 4238 2235 4307 quis
2264 4251 2557 4291 conversus
2579 4234 2743 4289 fuerit
2766 4236 2832 4288 ad
2869 4235 3174 4299 Dominum,
3195 4246 3248 4288 et
3282 4237 3539 4289 transmi-

1956 4341 2197 4399 gravertt
2223 4344 2291 4384 ex
2328 4338 2455 4398 typo
2491 4328 2543 4381 in
2587 4328 2895 4393 veritatem,
2935 4343 3001 4381 ex
3045 4327 3160 4397 lege
3196 4327 3247 4381 in
3283 4330 3535 4398 gratiam,

1953 4421 2108 4492 juxta
2142 4420 2305 4474 illud:
2342 4438 2362 4471 ι
2398 4418 2515 4473 Non
2550 4422 2679 4475 estis
2703 4419 2815 4491 (79)
2852 4422 2954 4475 snh
2994 4421 3131 4489 lege,
3162 4422 3255 4475 sed
3283 4422 3380 4475 sub
3411 4437 3539 4492 gra-

1956 4515 2066 4580 tia;
2109 4531 2128 4564 ι
2177 4511 2307 4566 illud
2332 4511 2579 4565 velamen
2625 4510 2829 4580 objicit,
2873 4514 3015 4579 quod
3044 4526 3169 4566 eum
3213 4512 3377 4566 veluti
3415 4513 3540 4566 abs-

271 4656 390 4711 tio:
420 4658 478 4711 ἐν
501 4656 664 4727 ἁγίῳ,
691 4655 743 4710 id
774 4662 858 4710 est
895 4673 912 4706 ι
947 4655 1001 4727 ιιι
1028 4664 1247 4727 sancto.
1286 4672 1305 4705 ι
1372 4652 1684 4727 Symmachi
1736 4665 1856 4727 ve_r-
1889 4665 1933 4720 ο
1965 4646 2474 4727 Sp._sanrto,__num.
2515 4646 2605 4710 24,
2642 4661 2704 4700 ac
2728 4654 3011 4727 postquam
3047 4649 3537 4727 primum_etcrtio

275 4729 485 4781 sionem
543 4722 630 4781 hic
678 4728 925 4793 sequitur
980 4725 1260 4794 Didymus,
1314 4722 1433 4791 quae
1495 4722 1748 4794 habebat,
1797 4723 1856 4775 ἐν

276 4797 473 4863 ἁγίοις.
510 4798 580 4849 At
613 4799 664 4849 in
695 4792 788 4848 lib.
824 4795 900 4849 De
929 4792 1303 4862 Spit-(sancto,
1335 4809 1483 4846 num.
1524 4792 1594 4845 24
1624 4793 1854 4861 legitur:

282 4885 302 4918 ι
333 4867 410 4921 Tit
444 4878 624 4920 autem
666 4868 717 4919 in
748 4874 937 4920 sancto
968 4866 1201 4918 habitas.
1235 4885 1252 4915 ι

347 4937 458 5008 (72)
493 4934 763 5008 Templum
799 4934 1121 5008 eu._HSimili
1162 4935 1323 5008 modo
1352 4933 1431 5008 Δἰιι
1470 4932 1566 5008 lib.
1596 4932 1685 5008 De_
1704 4931 1849 5003 Spir.

271 5004 478 5071 sancto,
512 5004 661 5062 num.
692 5006 763 5060 25
797 5025 809 5060 :
855 5023 873 5055 ι
908 5006 962 5059 Si
997 5013 1176 5057 autctn
1230 5004 1281 5057 iu
1332 5005 1512 5064 domo,
1542 5005 1737 5070 inquit,
1798 5016 1853 5058 et

275 5079 475 5147 templo
524 5075 665 5148 (cod.
716 5086 917 5139 noster,
953 5084 1019 5148 et
1074 5076 1125 5127 in
1158 5073 1405 5148 templo],
1459 5090 1567 5143 quo
1611 5074 1768 5148 I’ater
1792 5084 1847 5127 et

278 5143 535 5202 Salvator
597 5147 887 5209 inhabitat,
950 5145 1094 5199 illico
1159 5143 1437 5197 invenitur
1504 5155 1558 5196 ct
1612 5143 1846 5212 Spiritus

275 5229 604 5283 Sanctus,“
642 5222 743 5271 hoc
783 5216 1010 5269 indivisa
1054 5215 1339 5267 Trinitatis
1380 5216 1685 5268 substantia
1750 5216 1844 5268 de-

277 5296 684 5341 monstratur...
723 5285 856 5340 Cum
884 5301 1013 5352 ergo
1045 5286 1281 5353 Spiritus
1308 5297 1552 5349 sanctus,
1592 5286 1849 5338 similiter

275 5367 334 5411 ut
376 5358 535 5411 Pater
563 5369 618 5410 et
646 5356 837 5410 Filius.
878 5365 1133 5419 mentem,
1183 5365 1238 5408 et
1290 5356 1605 5408 interiorem
1670 5357 1847 5408 humi-

277 5443 402 5481 nem
431 5428 736 5481 inhabitare
766 5429 1049 5490 doceatur,
1084 5440 1187 5477 non
1221 5427 1396 5478 dicant
1445 5425 1709 5495 ineptum,
1753 5425 1847 5478 sed

274 5499 502 5565 impium
539 5507 620 5551 est
655 5512 776 5550 eum
811 5498 992 5548 dicere
1022 5506 1352 5565 creaturam.
1388 5513 1408 5546 ι

349 5563 463 5638 (75)
510 5565 754 5621 Secunda
790 5566 1048 5638 Epistola.
1102 5563 1322 5638 Locum
1346 5565 1518 5638 Pauli,
1553 5565 1643 5638 qui
1675 5571 1854 5618 exstat

275 5638 330 5693 in
356 5634 529 5706 prima
561 5641 626 5691 ad
655 5639 779 5690 Cur.
814 5651 897 5701 ιιι,
937 5636 999 5687 Ili
1035 5646 1089 5689 et
1141 5634 1466 5706 t7,_citavit
1516 5636 1674 5706 paulo
1731 5647 1855 5690 ante

274 5704 433 5777 quasi
466 5709 810 5774 desumptnm
841 5722 903 5759 ex
931 5708 1185 5759 secunda.
1226 5704 1375 5757 Nunc
1407 5721 1590 5758 rursus
1620 5705 1671 5757 in
1693 5722 1849 5759 enm—

276 5783 399 5833 dent
464 5780 711 5845 impingit
762 5777 990 5842 lapidem
1019 5792 1031 5828 :
1064 5791 1185 5828 nam
1230 5777 1345 5845 haec
1383 5790 1597 5843 quoque
1630 5786 1851 5829 exstant

279 5862 383 5899 non
418 5846 471 5900 in
502 5844 761 5909 secunda,
797 5849 891 5899 sed
929 5846 979 5898 in
1013 5846 1182 5913 prima
1216 5847 1280 5897 ad
1309 5844 1436 5898 Cur.
1470 5860 1542 5907 vi,
1582 5846 1646 5899 19
1678 5858 1730 5898 ct
1754 5846 1845 5900 20.

279 5916 581 5987 Utrumque
617 5931 744 5971 vero
782 5917 1148 5971 testimonium
1178 5915 1333 5970 allcrt
1360 5916 1520 5971 etiam
1556 5932 1604 5970 tn
1640 5918 1727 5972 lib.
1770 5915 1845 5970 De

1963 4720 2138 4787 capite
2168 4719 2368 4782 attulit,
2399 4733 2430 4773 e
2458 4730 2621 4787 sexto,
2653 4720 2832 4784 capite
2909 4718 2990 4771 sic
3058 4722 3213 4773 ali‘crt
3264 4719 3490 4772 alterum
3520 4738 3533 4772 :

1967 4808 1985 4838 ι
2022 4786 2081 4841 Et
2113 4801 2230 4857 post
2262 4805 2365 4841 non
2411 4789 2576 4841 multa
2602 4786 2823 4858 [rectius
2860 4788 3023 4841 codex
3067 4800 3278 4843 uoster:
3322 4800 3376 4842 et
3422 4798 3539 4855 post

1960 4858 2150 4930 multa]
2196 4860 2435 4928 ejusdem
2485 4860 2764 4930 Epistolas:
2805 4877 2822 4908 ι
2855 4858 3109 4921 Nescitis,
3164 4860 3357 4927 inquit,
3410 4864 3536 4927 quia

1959 4929 2188 5002 corpora
2215 4929 2673 5002 VCSII'EIAIettIpiUIII
2709 4929 2945 5002 Spiritus
2985 4933 3157 5002 sancti
3192 4939 3338 4994 sunt,
3372 4945 3536 4999 quem

1956 4997 2167 5052 habetis
2201 5016 2229 5052 a
2273 4998 2457 5053 Deo?»
2497 4998 2622 5052 Vide
2645 5010 2756 5051 not.
2793 4997 2880 5061 ἶὸ,
2924 5013 3044 5066 pag.
3072 5000 3161 5053 62.

2028 5069 2142 5140 (ῖ4)
2176 5070 2409 5137 Carpam
2434 5079 2626 5122 vestra.
2651 5067 2837 5140 Graeca
2861 5069 3058 5140 editio:
3089 5068 3150 5121 τὸ
3172 5068 3331 5138 σῶμα
3358 5070 3535 5140 ὑμῶν,

1955 5141 2007 5196 id
2037 5137 2131 5195 est
2154 5158 2172 5191 ι
2205 5155 2402 5207 corpus
2433 5151 2688 5208 vestrum.
2723 5156 2742 5189 ι
2780 5137 2845 5190 Et
2870 5139 3027 5204 paulo
3065 5152 3183 5208 post
3208 5158 3221 5193 :
3251 5137 3341 5192 τὸν
3396 5137 3528 5193 Θεὸν

1954 5213 2013 5266 ὲν
2066 5209 2146 5280 τῷ
2201 5208 2414 5281 σώματι
2446 5207 2622 5279 ὑμῶν,
2661 5212 2845 5271 idest,
2910 5225 2928 5257 ι
2965 5207 3128 5265 Deum
3188 5212 3241 5263 in
3303 5226 3532 5280 corpore

1957 5296 2155 5336 VCSII'II.
2193 5300 2212 5332 ι

2027 5352 2138 5421 (75)
2188 5350 2487 5404 Secundum
2536 5359 2805 5406 naturam.
2858 5351 2975 5406 Non
3032 5367 3126 5421 per
3179 5352 3532 5407 creationem.

1956 5422 2088 5476 Vide
2128 5436 2238 5475 not.
2276 5421 2364 5482 tisi,
2413 5437 2531 5490 pag.
2561 5422 2683 5474 212.

2033 5492 2145 5560 (76)
2178 5491 2366 5561 Usque.
2400 5492 2437 5546 Il
2468 5492 2595 5545 Cur.
2627 5508 2705 5555 III,
2738 5493 2919 5548 I448.

2032 5562 2145 5632 (77)
2177 5563 2459 5627 Quamdiu.
2487 5561 2673 5632 Graeca
2701 5566 2866 5616 editio
2894 5581 2906 5615 :
2955 5562 2983 5614 ὅ
3006 5578 3078 5625 τι,
3112 5562 3160 5614 id
3187 5571 3269 5616 est
3299 5580 3317 5612 ι
3343 5561 3482 5631 quod
3511 5581 3531 5614 ι

1961 5631 2189 5697 scilicet,
2226 5651 2243 5682 ι
2272 5632 2536 5684 velamen.
2571 5651 2589 5681 ι
2626 5631 2961 5687 Versiculum
2997 5635 3060 5686 I5
3094 5634 3278 5686 omisit
3307 5635 3540 5688 fortasse

1962 5718 2067 5755 non
2110 5703 2383 5773 Dtdyinus,
2418 5703 2512 5753 sed
2548 5702 2817 5774 librarius,
2873 5704 3030 5755 simili
3093 5717 3279 5756 vocum
3333 5718 3542 5774 καταρ-

1956 5775 2158 5845 γεῖται,
2265 5775 2440 5824 κεῖται
2476 5772 2859 5845 terminatione
2885 5778 3160 5845 ιΙεευιιιιιδ.

2029 5844 2141 5913 (78)
2182 5843 2304 5913 tVon
2342 5844 2474 5913 veni.
2509 5841 2698 5896 Matth.
2733 5858 2785 5907 v,
2820 5844 2906 5896 I7.

2029 5915 2139 5984 (79)
2179 5912 2299 5967 Non
2332 5912 2469 5967 estis.
2503 5913 2656 5968 lium.
2694 5929 2766 5980 vt,
2800 5917 2884 5969 Ii.
