4110 6428
228 465 343 523 641

1270 461 1356 515 ΒΕ
1396 461 1768 515 TRINITATE
1813 461 2012 516 LIBER
2058 461 2308 518 SECUNI
2338 463 2448 520 US.

3379 469 3480 525 ϐίίί

229 581 337 634 καὶ
370 575 726 646 νοσφίσασθαι
766 575 875 630 ἀπὸ
924 579 1024 648 τῆς
1065 577 1231 648 τιμῆς
1272 578 1365 631 τοῦ
1407 579 1640 650 χωρίους
1688 579 1796 649 Οὐχ

1925 582 2150 651 spernit,
2216 584 2310 635 sed
2361 581 2566 646 Deum;
2611 581 2701 650 qui
2743 583 2902 636 ctiam
2947 584 3036 638 dat
3060 585 3171 657 (9'5)
3229 587 3484 656 Spiritum

231 669 400 738 μένον
427 685 510 721 σοι
540 666 752 737 ἔμενεν,
791 666 886 720 καὶ
913 666 1119 736 πραθὲν
1145 668 1205 720 ὲν
1227 671 1292 740 τῇ
1339 671 1406 740 σῇ
1455 665 1672 741 ἐξουσίᾳ
1710 670 1816 723 ὑπ-

229 763 437 830 ῆρχενς
492 757 606 811 Οὐκ
661 757 874 826 ἐψεύσω
933 757 1274 829 ἀνθρώποις,
1322 759 1460 813 ἀλλὰ
1505 760 1584 830 τῷ
1626 759 1764 830 Θεῷ.
1794 779 1812 811 i

225 842 453 910 Εῦθέως
467 848 524 901 δὲ
546 849 640 901 καὶ
661 848 797 918 πρὸς
819 848 1155 920 Σάπφειραν,
1171 850 1270 920 τὴν
1299 851 1538 904 Ἀνανίου
1565 855 1815 918 γυναῖκα,

229 937 387 1004 λέγει
422 935 548 990 τάδε
569 952 583 966 ο
623 954 643 986 ι
668 935 732 989 Τί
755 937 835 989 ὃτι
863 935 990 1006 [107
1012 935 1068 1007 a]
1095 937 1450 1008 συνεφωνήθη
1475 939 1602 1009 ὑμῖν
1629 941 1818 1010 πειρά-

232 1043 327 1080 σαι
353 1025 414 1078 τὸ
455 1024 678 1095 Πνεῦμα
713 1026 953 1096 Κυρίου;
979 1045 995 1077 i
1050 1027 1406 1097 ὁμοιότροπον
1435 1026 1534 1096 τῷ,
1573 1046 1591 1078 ι
1621 1029 1718 1080 Οὐ·
1739 1028 1814 1099 μὴ

228 1117 521 1187 πειράσεις
566 1115 771 1187 Κύριον
806 1117 897 1170 τὸν
928 1117 1059 1171 Θεόν
1094 1135 1252 1170 σουί
1284 1119 1377 1171 καὶ
1411 1119 1488 1188 τῷ
1519 1119 1814 1190 παρὰοΊα-

228 1206 412 1260 κώὸου
461 1207 755 1277 γραφέντι·
804 1224 823 1256 ι
865 1206 922 1258 '0
977 1206 1086 1277 γὰρ
1137 1206 1270 1270 Θεὸς
1320 1207 1651 1278 ἀπείραστός
1697 1209 1811 1262 ἐστι

229 1296 448 1350 κακῶν·
495 1297 742 1368 πειράζει
785 1298 841 1351 δὲ
866 1299 1028 1363 αὐτὸς
1065 1299 1319 1353 οὐδένα.»
1377 1301 1436 1354 'O
1459 1301 1514 1354 δὲ
1556 1301 1813 1372 Ἰωάννης

229 1386 501 1454 Θεολογῶν
550 1387 610 1440 τὸ
656 1389 913 1459 Πνεῦμα,
957 1389 1032 1453 ὼς
1088 1391 1344 1461 ἀνωτέρω
1397 1391 1612 1462 ἐλέχθη,
1671 1393 1806 1462 ἔφη’

235 1499 256 1531 ι
278 1479 509 1550 Πνεῦμα
543 1482 572 1532 ὁ
611 1480 766 1542 Θεὸς,
802 1481 896 1535 καὶ
922 1482 1049 1542 τοὺς
1082 1481 1517 1551 προσκυνοῦντας
1544 1482 1724 1548 αὐτὸν,
1752 1484 1811 1535 ὲν

228 1569 511 1639 Πνεῦμα-ει
554 1569 648 1622 καὶ
699 1570 926 1640 ἀληθείᾳ
958 1571 1040 1624 δεῖ
1071 1575 1420 1642 προσκυνεῖν.
1449 1591 1467 1622 ι
1517 1572 1605 1635 Ὡς
1638 1571 1747 1642 γὰρ
1781 1574 1810 1624 ὁ

226 1663 366 1726 Θεδς
391 1663 633 1733 Πνεῦμα,
668 1663 762 1716 καὶ
786 1663 848 1716 τὸ
881 1663 1034 1731 ἅγιον
1063 1663 1226 1718 αὑτοῦ
1263 1663 1486 1734 Πνεῦμα
1517 1663 1647 1725 Θεός
1666 1678 1680 1692 ·
1717 1664 1808 1716 καὶ

189 1745 193 1749 ’
226 1755 305 1818 ὼς
337 1755 365 1807 ὁ
392 1755 526 1818 Θεὸς
564 1756 737 1808 ἐκεῖνό
764 1757 910 1808 ἐστιν
937 1757 1030 1807 καὶ
1052 1755 1292 1822 λέγεται,
1325 1755 1352 1807 ὃ
1379 1755 1526 1806 ἐστιν
1559 1754 1619 1806 τὸ
1644 1753 1809 1806 Πνεῦ-

229 1863 310 1916 μα
339 1846 504 1900 αὑτοῦ
527 1865 539 1877 ·
572 1845 714 1899 οὕτω
747 1848 840 1900 καὶ
886 1846 946 1898 τὸ
981 1846 1133 1912 ἅγιον
1162 1847 1387 1916 Πνεῦμα
1427 1846 1603 1899 ἐκεῖνό
1634 1848 1802 1908 ἐστιν,

1919 686 2074 726 suum
2122 681 2364 727 sanctum
2417 675 2468 726 in
2525 673 2696 728 nobis.
2728 691 2750 726 ι
2786 674 2976 732 Petrus
3005 689 3180 732 autem
3228 680 3314 734 ille
3351 685 3486 736 inter

1917 763 2190 828 apostolos
2235 763 2593 831 principatum
2653 773 2840 819 tenens
2864 767 3010 835 (94),
3052 767 3309 836 Spiritum
3363 758 3489 826 san-

1917 860 2061 904 ctum
2088 851 2254 905 Deum
2284 867 2347 906 ac
2377 852 2536 921 232
2562 852 2844 906 Dominum
2869 869 2987 908 esse
3009 869 3192 923 aperte
3222 869 3482 921 statuens.

1915 941 2041 994 dum
2099 941 2382 1010 quemdam
2439 943 2654 996 nomine
2705 941 2966 996 Anauiam
3019 959 3138 998 cum
3187 949 3484 1002 coci-mina-

1917 1030 2060 1085 tione
2087 1032 2450 1099 redargueret,
2479 1033 2549 1085 ita
2579 1034 2643 1085 ad
2678 1035 2896 1086 verbum
2930 1034 3140 1089 locutus
3165 1047 3254 1088 est
3283 1056 3295 1090 :
3334 1056 3352 1087 ι
3377 1039 3485 1091 Cur
3585 1104 3590 1108 ~

1915 1120 2154 1189 implevit
2175 1121 2285 1192 (95)
2320 1121 2548 1176 Satanas
2581 1139 2676 1178 cor
2706 1133 2877 1189 tuum,
2912 1133 2971 1177 ut
3023 1127 3330 1180 mentireris
3363 1127 3484 1196 Spi-

1915 1212 2039 1265 ritui
2079 1222 2286 1278 sancto,
2337 1223 2391 1266 et
2429 1213 2706 1267 l'raudares
2765 1217 2830 1268 de
2884 1217 3058 1284 pretio
3108 1217 3260 1285 agri?
3299 1217 3484 1271 Nonne

1913 1319 2136 1359 manens
2175 1305 2267 1358 tibi
2300 1305 2574 1369 tnanebat,
2614 1315 2665 1358 et
2697 1309 3080 1360 venumdatum
3127 1310 3178 1361 in
3236 1318 3324 1361 tua
3366 1316 3485 1363 erat

1911 1394 2217 1461 potestate?
2245 1393 2356 1446 Non
2393 1409 2451 1446 es
2489 1395 2744 1448 mentitus
2796 1397 3104 1449 hominibus
3127 1438 3142 1461 ,
3176 1399 3267 1451 sed
3306 1398 3476 1452 lico.)

1915 1485 2108 1538 Statim
2135 1499 2264 1539 vero
2295 1483 2618 1553 Sapphiram
2644 1499 2856 1554 quoque
2890 1487 3112 1540 Auanite
3156 1504 3376 1543 uxorem
3401 1491 3480 1545 sic

1910 1575 2198 1647 alloquitur
2229 1593 2242 1626 :
2280 1592 2297 1626 ι
2328 1574 2504 1640 Quare
2527 1575 2641 1644 (96)
2678 1578 2930 1629 convenit
2960 1577 3102 1631 inter
3131 1593 3246 1642 vos,
3286 1588 3342 1632 ut
3367 1588 3482 1633 ten-

1912 1667 2096 1720 taretis
2143 1665 2402 1735 Spiritum
2460 1665 2710 1719 Domini?
2749 1686 2768 1719 ι
2809 1669 2897 1736 qui
2930 1678 3104 1723 textus
3143 1669 3335 1726 similis
3395 1678 3483 1726 est

1909 1758 1980 1809 illi
2012 1776 2026 1811 :
2065 1777 2082 1808 ι
2115 1756 2228 1810 Νοιι
2268 1759 2496 1810 lentahis
2521 1756 2632 1828 (97)
2682 1758 2962 1812 Dominum
3018 1760 3180 1812 Deum
3222 1769 3411 1814 tuum:
3450 1779 3472 1814 ι

1906 1859 1958 1902 et
1983 1849 2050 1905 ei,
2089 1850 2178 1916 qui
2222 1864 2251 1900 a
2301 1847 2502 1901 Jacobo
2528 1850 2764 1918 scriptus
2795 1859 2923 1904 est‘:
2961 1869 2978 1900 ι
3013 1852 3152 1904 Deus
3187 1853 3328 1904 enim
3365 1851 3476 1922 (98)

227 1938 256 1991 ὃ
292 1941 464 2001 ὲστιν,
503 1933 564 1991 οὗ
603 1937 826 2009 Πνεῦμα
870 1940 1147 2008 τυγχάνει,
1188 1937 1332 1990 τοῦτ’
1376 1937 1535 1990 ἔστιν.
1573 1937 1796 2008 ἄναρχος

1910 1940 2186 1993 tentationi
2235 1940 2498 1993 obnoxius
2544 1955 2647 1992 non
2683 1948 2767 1994 est
2815 1942 3113 2008 malorum;
3152 1943 3266 2011 ipse
3297 1955 3474 1996 autem

227 2028 390 2091 Θεός.
434 2029 556 2099 Χρὴ
600 2029 677 2090 δὲ,
731 2029 914 2098 φησιν,
965 2030 1112 2097 ἡμᾶς
1156 2029 1214 2080 ἐν
1260 2027 1366 2096 ὅλῳ
1415 2027 1494 2097 τῷ
1539 2027 1811 2097 πνεύματι

225 2116 391 2190 ἡμῶν
436 2119 828 2184 ἁνενδυάστως,
878 2120 1014 2190 μετὰ
1055 2119 1334 2189 ἀληθείας,
1361 2119 1472 2183 ικαὶ
1513 2119 1585 2189 μὴ
1612 2117 1812 2186 χείλεσι

226 2211 395 2281 μόνον
434 2250 449 2274 ,
516 2213 612 2264 καὶ⁸
683 2212 859 2280 λόγοις
924 2212 1130 2280 ψιλοῖς,
1209 2209 1272 2262 τὸ
1359 2209 1512 2277 ἆγιον
1588 2209 1810 2279 Πνεῦμα

223 2305 576 2373 προσκυνεῖν.
630 2303 692 2356 Ei
736 2303 792 2355 δὲ
826 2303 1027 2356 εἴποιεν
1075 2300 1476 2365 Μακεδονιανοὶ,
1508 2301 1589 2354 ὅτι
1635 2301 1694 2354 ἐν
1733 2299 1812 2372 τῷ

225 2479 467 2534 ἀθετῶν.
501 2479 731 2534 Verbum
766 2491 927 2546 porro
949 2477 1157 2531 ἀθετεῖν
1197 2475 1676 2546 νυιεοιοίιιιιίιιειη
1713 2473 1798 2527 in-

226 2549 460 2617 terpreti
503 2548 600 2617 hoc
630 2548 681 2601 in
721 2545 836 2602 loco
867 2557 969 2617 est,
1006 2566 1025 2617 ι
1056 2545 1345 2612 spernere:
1381 2565 1399 2597 ι
1431 2545 1798 2617 Hieronymus

225 2614 417 2674 autem
439 2617 490 2670 in
515 2616 712 2682 Didymi
739 2617 872 2670 libro
898 2615 972 2669 De
996 2616 1138 2684 Spir.
1163 2626 1340 2669 sancto
1369 2614 1678 2668 vertendum
1708 2627 1802 2680 po-

225 2690 342 2742 tius
372 2701 492 2741 esse
512 2687 640 2749 vult,
675 2703 694 2736 ι
724 2686 1088 2754 praevaricari,
1123 2703 1142 2735 ι
1203 2699 1364 2754 quam
1402 2703 1425 2754 ι
1459 2697 1735 2754 spernere.
1774 2700 1792 2733 ι

225 2756 468 2811 Numero
506 2755 648 2810 enim
679 2751 748 2810 49
779 2765 832 2808 et
857 2754 946 2818 50,
988 2757 1077 2808 tibi
1119 2751 1255 2808 idem
1287 2753 1434 2808 Pauli
1467 2753 1614 2808 locus
1642 2751 1801 2805 aﬂ‘er-

230 2837 343 2890 tur,
374 2825 619 2893 quamvis
651 2827 702 2878 in
739 2823 1028 2878 Veronensi
1059 2825 1296 2878 editione
1334 2824 1421 2876 vix
1445 2832 1793 2893 agnoscatur,

228 2897 347 2950 haec
377 2890 640 2962 legimus:
679 2913 698 2946 ι
729 2893 879 2960 Quod
923 2895 966 2962 si
999 2895 1252 2962 paulatim
1305 2890 1623 2962 negligentia
1669 2890 1796 2944 sub-

229 2909 347 2950 haec
377 2909 640 2962 legllllllS:
679 2913 698 2946 ι
729 2909 879 2960 υιιοιι
923 2909 966 2946 ει
999 2909 1252 2962 pautatim
1305 2909 1370 2946 ne
1411 2909 1623 2959 "genua
1669 2909 1791 2944 8111)-

229 2973 453 3033 τιιρεηιε
477 2964 742 3033 coeperint
777 2964 841 3015 ad
871 2961 1049 3031 pejora
1073 2963 1342 3033 conﬂuere
1363 2909 1550 3032 [gcodex
1577 2963 1753 3013 noster
1771 2975 1791 3014 :

233 3031 540 3105 corruere],
567 3033 837 3087 concitant
861 3033 1144 3105 adversum
1170 3046 1232 3105 se
1253 3031 1610 3105 habitatorem
1636 3045 1792 3105 suum

234 3099 836 3173 Spiritum'sauctum...
871 3101 1010 3173 Huic
1031 3103 1158 3170 quid
1191 3102 1365 3173 simile
1406 3109 1464 3173 e_t_
1503 3099 1795 3173 Apostolus

233 3169 298 3226 ad
353 3171 858 3226 Thessalonicenses
910 3169 1149 3226 scribens
1199 3171 1314 3224 ait:
1372 3189 1389 3220 ι
1423 3169 1605 3238 Neque
1649 3169 1791 3222 enim

235 3242 452 3296 vocavit
485 3256 584 3295 nos
633 3241 769 3294 Deus
814 3240 880 3294 ad
917 3240 1330 3300 immunditiam,
1365 3240 1457 3293 sed
1489 3239 1554 3292 ad
1586 3239 1791 3292 sancti-

233 3311 539 3366 ﬁcatione":
567 3309 796 3379 :iitaque
841 3309 931 3379 qui
974 3310 1180 3376 spernit
1229 3305 1378 3379 Diue,
1431 3309 1565 3378 quod
1605 3306 1789 3379 melius

229 3379 548 3458 hebetaria
569 3375 772 3458 Graeco,
804 3375 891 3458 qui
921 3375 1348 3458 prmvaricat'ur],
1374 3375 1787 3458 nonliomincm

230 3449 697 3519 pmvaricabitur,
735 3447 832 3502 sed
855 3448 1042 3519 Deum,
1078 3447 1341 3519 quiidedit
1373 3447 1632 3519 Spiritum
1651 3460 1788 3519 san-

225 3513 377 3574 etum
408 3534 560 3573 suum
595 3520 646 3572 in
678 3519 848 3573 vobis.
884 3537 902 3568 ι
936 3515 1068 3570 Nam
1096 3513 1151 3570 in
1179 3517 1262 3570 his
1287 3513 1624 3570 sermonibus
1651 3513 1789 3568 Deus

226 3601 433 3642 vocans
479 3603 572 3656 per
619 3587 775 3641 (idem
835 3589 886 3641 in
937 3587 1441 3648 sanetilicatioiiem,
1499 3587 1553 3656 id
1591 3593 1693 3656 est,
1727 3592 1786 3637 ut

228 3659 405 3711 sancti
437 3655 667 3727 spiritus
698 3657 886 3710 tierent
914 3658 1218 3727 credentes,
1247 3657 1393 3727 dedit
1419 3656 1498 3710 eis
1531 3655 1789 3722 Spiritum

229 3726 504 3782 sanctum.
538 3745 557 3776 ι
595 3728 672 3779 Ita
702 3728 868 3781 editio
899 3726 1217 3779 Veronensis
1247 3743 1260 3778 :
1292 3726 1383 3778 sed
1409 3727 1572 3778 codex
1608 3734 1791 3776 noster

229 3811 355 3862 pro,
392 3812 410 3846 ι
442 3811 542 3848 non
576 3797 840 3849 hominem
883 3795 1342 3863 praevaricabitur,
1365 3813 1382 3844 ι
1413 3793 1590 3857 habet,
1629 3810 1650 3840 ι
1685 3807 1788 3844 nun

227 3865 505 3920 hominem
559 3866 958 3930 praevaricator,
990 3883 1008 3916 ι
1061 3873 1116 3918 et
1170 3864 1237 3916 ita
1285 3864 1558 3931 legendum
1615 3871 1786 3930 puto:

227 3935 418 3990 Grtcca
455 3937 594 3988 enim
622 3935 768 3988 Pauli
811 3936 972 3988 verba
1001 3944 1158 3988 sunt:
1197 3933 1296 3984 οὐκ
1328 3932 1624 4004 ἄνθρωπον
1663 3931 1792 3985 ἀθε-

226 4008 330 4058 τεῖς
374 4004 497 4057 [ιιιιι
531 4020 626 4072 pro
660 4007 722 4057 iis
755 4004 950 4068 verbis,
980 4022 998 4055 ι
1034 4014 1090 4056 ut
1126 4005 1296 4056 sancti
1331 4003 1560 4072 Spiritus
1603 4003 1792 4056 fierent

227 4076 534 4137 credentes,
567 4093 586 4124 ι
625 4076 784 4128 habet
816 4076 952 4127 idem
983 4075 1188 4127 codex:
1232 4091 1250 4123 ι
1285 4085 1342 4125 ιιι
1379 4074 1548 4126 sancti
1598 4072 1790 4125 ﬂerent

227 4144 534 4199 credentes.
566 4162 584 4195 ι
621 4143 884 4198 Praeterea
922 4159 1070 4196 num.
1099 4143 1168 4195 45
1207 4143 1442 4210 ejusdem
1478 4142 1595 4194 libri
1628 4145 1790 4194 verba

229 4214 350 4269 haec
389 4212 538 4283 Isaiae
583 4229 701 4283 cap.
757 4228 909 4276 mu,
955 4227 1101 4266 vers.
1140 4211 1197 4274 8,
1243 4211 1304 4264 οὺ
1355 4212 1428 4282 μὴ
1460 4210 1787 4280 ἀθετήσωσι,

227 4283 398 4360 vertit
443 4281 819 4354 iheronimus,
880 4298 1036 4360 _¢__non
1079 4281 1578 4360 pravarieabuntur
1608 4297 1676 4360 :_i
1735 4289 1790 4332 et

228 4353 394 4421 paulo
435 4360 573 4421 post,
622 4348 770 4408 rium.
817 4353 1024 4407 scilicet
1068 4348 1156 4417 Δῐ-ι,
1206 4351 1294 4404 ubi
1331 4350 1418 4404 ille
1452 4348 1601 4403 Isaia:
1642 4351 1790 4403 locus

229 4423 558 4492 explicatur,
586 4424 699 4476 haec
728 4423 988 4492 legimus:
1024 4439 1042 4472 ι
1079 4421 1143 4474 Et
1182 4421 1467 4492 factus_est
1498 4422 1584 4492 eis
1613 4421 1662 4472 in
1697 4433 1788 4492 sa-

233 4489 486 4545 lutetuzi
546 4491 599 4546 id
654 4489 940 4556 est,'illis,
994 4493 1060 4544 de
1113 4491 1306 4558 quibus
1355 4489 1614 4543 Dominus
1671 4490 1788 4542 ait:

237 4579 256 4611 ι
286 4559 490 4630 Nonne
510 4561 736 4630 populus
766 4576 915 4614 meus
948 4559 1064 4622 ﬁlii,
1103 4570 1158 4630 et
1201 4561 1307 4613 non
1354 4560 1790 4630 praevaricahnn-

1915 2028 2182 2082 neminem
2209 2036 2429 2079 tentat.»
2464 2026 2700 2082 Joannes
2723 2044 2851 2083 vero
2879 2031 3112 2098 Spiritus
3143 2033 3475 2086 divinitatem

1913 2131 2180 2181 asserens,
2212 2118 2350 2171 sicut
2385 2120 2631 2187 superius
2649 2119 2758 2190 (99)
2795 2121 2995 2174 dictum
3026 2132 3131 2186 est,
3159 2123 3230 2176 ait
3257 2141 3273 2178 :
3301 2141 3318 2173 ι
3354 2123 3474 2191 Spi-

1913 2210 2047 2264 ritus
2073 2209 2146 2278 (l)
2177 2223 2257 2264 est
2283 2209 2443 2273 Deus,
2474 2220 2528 2264 et
2551 2225 2662 2277 eos,
2691 2212 2779 2280 qui
2811 2213 3038 2266 adorant
3066 2214 3232 2278 illum,
3277 2215 3325 2266 in
3359 2214 3475 2284 Spi-

1914 2301 2017 2353 ritu
2065 2309 2120 2354 et
2153 2300 2379 2354 veritate
2411 2311 2620 2370 oportet
2667 2302 2915 2358 adorare.
2945 2322 2964 2355 i
2993 2302 3125 2356 Nam
3163 2307 3299 2359 sicut
3334 2305 3472 2359 Deus

1904 2481 2023 2526 ctor
2048 2473 2289 2526 veritatis
2319 2489 2525 2537 amans,
2559 2486 2738 2530 utrum
2772 2474 2990 2530 ferenda
3019 2479 3087 2530 sit
3121 2478 3287 2533 Annte
3319 2479 3472 2536 Com-

1907 2557 2085 2602 neme,
2114 2557 2175 2595 ac
2231 2541 2424 2596 Justini
2461 2543 2715 2598 Febronii
2760 2547 3108 2601 confidentia.
3146 2549 3276 2601 Nam
3325 2553 3469 2605 schio

1912 2613 2141 2664 smatica
2176 2615 2388 2682 quidem
2425 2613 2509 2665 illa
2562 2617 2813 2682 πήρη-ιχ
2872 2616 3187 2669 universalis
3222 2618 3472 2674 Ecclesia:

1905 2682 2199 2748 primatum
2253 2679 2420 2751 Itonia
2459 2679 2974 2751 Constantinopolim
3023 2687 3338 2741 translatum
3385 2705 3472 2743 as-

1909 2760 2134 2823 severat
2165 2751 2215 2823 in
2245 2749 2520 2823 Alexiude,
2556 2753 2694 2807 libro
2727 2749 2918 2820 primo,
2952 2770 3072 2823 pag.
3113 2755 3182 2810 29
3222 2759 3350 2811 edit.
3372 2759 3472 2813 Ve-

1905 2830 2062 2891 netae.
2097 2818 2392 2891 Febronius
2416 2836 2540 2891 vero
2591 2818 2838 2876 eumdem
2885 2818 3173 2891 primatum
3235 2830 3466 2882 nondum

1899 2889 2116 2957 quidem
2150 2889 2255 2942 alio
2294 2890 2612 2945 translatum
2642 2891 2790 2957 dicit,
2816 2889 2906 2944 sed
2935 2909 3054 2945 eum
3090 2905 3261 2947 tamen
3301 2915 3318 2946 ι
3344 2913 3464 2949 cum

1899 2958 2044 3010 omni
2082 2955 2204 3022 jure
2265 2973 2362 3012 suo
2393 2977 2412 3008 ι
2474 2955 2792 3014 universalis
2844 2960 3096 3015 Ecclesiae
3144 2965 3464 3019 auctoritate

1902 3024 2150 3101 Romano
2170 3030 2422 3097 episcopo
2447 3029 2669 3095 auferri,
2695 3044 2856 3100 atque
2879 3035 2943 3084 ad
2966 3031 3465 3101 Myrinphitensem.

1901 3098 2290 3168 verbi_causa,
2337 3109 2433 3168 aut
2473 3098 3462 3168 Constantinopolilariumantistitem

1905 3165 2189 3239 transferri
2221 3183 2380 3239 posse
2422 3167 2495 3221 ita
2527 3171 2732 3233 statuit,
2773 3165 2843 3223 ut
2865 3172 3000 3223 hanc
3020 3173 3377 3239 opinationem
3408 3177 3470 3227 li-

1897 3235 2104 3309 denter,
2137 3237 2276 3309 sicut
2306 3238 2462 3309 solet,
2505 3256 2524 3289 ι
2547 3240 2598 3291 in
2634 3255 2692 3292 se
2737 3235 3069 3294 verissimam
3104 3259 3122 3291 ι
3159 3254 3331 3298 vocet.
3364 3243 3466 3309 Qui

1898 3306 2119 3379 cunrde
2141 3308 2370 3372 primatu
2401 3308 2516 3372 ipso
2549 3324 2612 3361 ex
2645 3310 2942 3374 Scriptura,
2977 3326 3041 3364 ex
3093 3309 3360 3379 Patribus,
3389 3306 3467 3367 et

1897 3374 2163 3443 conciliis,
2200 3386 2361 3443 atque
2400 3391 2466 3429 ex
2519 3394 2614 3431 usu
2667 3382 2933 3433 constanti
2969 3392 3023 3434 et
3066 3383 3315 3436 uniformi
3347 3374 3469 3437 'dis-
3531 3391 3535 3395 ’

1893 3441 2096 3522 eiplina
2147 3441 2492 3522 judicandum
2555 3462 2676 3500 esse
2734 3445 3030 3522 I'ectissiine
3095 3453 3300 3522 doceat,
3345 3454 3468 3522 jure

1894 3511 2019 3563 illud
2049 3512 2115 3565 ab
2147 3517 2260 3581 ipso
2297 3525 2696 3590 easpcetjunus,
2725 3527 2815 3590 aut
2848 3519 3025 3590 potius
3053 3511 3367 3590 exigimus:
3407 3531 3466 3574 ut

1892 3595 2215 3658 argumenta
2231 3598 2296 3635 ex
2333 3585 2480 3658 hisee
2510 3585 2748 3658 fontibus
2781 3588 3019 3641 derivata
3052 3587 3103 3639 in
3135 3585 3307 3642 lu'eem
3339 3605 3463 3658 pro-

1891 3649 2047 3715 ferat,
2109 3654 2303 3717 quibus
2358 3653 2410 3705 id
2465 3654 2768 3717 conlirmet,
2839 3667 2932 3709 aut
2982 3672 3146 3710 unum
3192 3649 3381 3714 saltem
3433 3673 3465 3711 e

1890 3721 2096 3797 s:._i_ictis
2131 3720 2398 3797 Patrihus,
2433 3723 2513 3776 vel
2553 3725 2799 3778 conciliis
2847 3727 3105 3787 nominet,
3165 3743 3194 3781 a
3247 3744 3353 3797 quo
3406 3727 3460 3782 id

1891 3788 2212 3842 aﬂirmatum
2247 3791 2336 3843 sit.

1961 3857 2512 3933 (95‘)_C_ur_r_impleril.
2541 3862 2761 3933 A_ct._v,
2794 3865 2828 3918 5
2876 3873 2930 3917 et
2966 3864 3019 3917 4.
3061 3866 3192 3920 Vide
3222 3876 3330 3919 not.
3371 3865 3460 3933 82,

1892 3939 2014 3996 pag.
2035 3928 2124 3982 65.
2147 3931 2202 3982 lu
2225 3931 2359 3982 libro
2384 3945 2541 3998 porro
2560 3929 2633 3983 De
2651 3931 2794 3998 Spir.
2821 3945 3022 3997 sancto,
3046 3951 3193 3988 num.
3219 3938 3302 3998 l8,
3322 3928 3460 3991 idem

1892 4009 2267 4064 argumentum
2335 4000 2728 4055 Macedonia‘nis
2760 4004 3035 4068 olijiciens,
3076 4007 3186 4058 haec
3239 4008 3462 4060 dictavit

1891 4068 2190 4144 theologus
2231 4080 2446 4123 noster:
2493 4087 2529 4144 _(
2562 4069 2742 4144 Neque
2800 4073 2944 4124 enim
3009 4071 3226 4144 [rectius
3298 4081 3462 4129 codex

1893 4145 2112 4211 uoster_:
2146 4136 2329 4206 Neque
2361 4138 2510 4210 vero]
2540 4155 2602 4193 ex
2636 4136 2716 4194 his
2753 4152 2979 4211 tantum,
3009 4136 3143 4211 ‘qua:
3196 4146 3461 4210 praemisi-

1894 4221 2032 4282 mus,
2069 4206 2349 4282 Trinitatis
2386 4206 2562 4282 unitas
2587 4212 2814 4264 docetur
2841 4210 2981 4282 [eoJ.
3011 4206 3216 4266 uoster}
3265 4219 3459 4267 edoce-

1893 4273 2359 4351 tur]._.._Arguen_s
2405 4279 2595 4351 Petrus
2655 4273 2938 4344 Ananiaim,
2996 4283 3046 4333 in
3095 4297 3159 4334 eo
3203 4286 3342 4351 quod
3409 4287 3459 4337 in

1895 4346 2202 4416 venditione
2232 4349 2367 4416 agri,
2395 4349 2548 4413 cujus
2588 4363 2648 4402 se
2699 4362 2866 4403 toxum
2917 4353 3146 4416 pretium
3197 4346 3461 4407 obtulisse

1893 4415 2404 4494 dicebatpl'rau’detu
2459 4419 2752 4494 fecissere
2799 4415 2974 4494 medio
3025 4420 3209 4494 [codex
3254 4437 3458 4494 uoster:

1897 4497 1964 4535 ex
2027 4486 2297 4557 dimidio],
2345 4490 2513 4540 sancti
2559 4487 2790 4556 Spiritus
2835 4486 3097 4544 unitatem
3148 4495 3213 4544 ad
3264 4493 3454 4556 Deum,

1898 4568 2000 4606 non
2055 4561 2348 4609 secundum
2396 4572 2698 4619 munerum,
2746 4561 2838 4611 sed
2887 4559 3042 4626 juxta
3098 4564 3456 4614 substantiam

233 4612 370 4684 turi
399 4612 424 4682 id
454 4612 564 4684 Hoc
580 4612 740 4684 (enim
769 4612 1122 4698 ipsumquod
1145 4612 1251 4683 non
1282 4612 1616 4699 prievaricati
1647 4637 1792 4691 sunt,
1827 4612 1872 4666 Ῑ)
1902 4627 2290 4699 corripi-obavit,
2342 4627 2562 4680 dicens:
2599 4641 2603 4644 ·
2629 4645 2647 4676 ι
2683 4612 2916 4699 λιιτιιιιιῖ,
2962 4612 3128 4696 quare
3169 4612 3461 4697 complevit

234 4715 334 4754 nec
367 4710 688 4768 spreverunt
725 4713 955 4768 patrem,
989 4700 1068 4752 eis
1095 4698 1388 4768 factus'est
1418 4699 1468 4750 in
1501 4698 1748 4749 salutem.
1773 4715 1792 4747 ›

230 4769 416 4892 ὼιθῦ)
451 4769 570 4821 Dat.
601 4766 736 4824 Cod.
769 4768 1032 4836 διδοῦντα,
1076 4783 1173 4838 pro
1207 4766 1436 4820 διδόντα.
1497 4768 1625 4820 Vide
1675 4768 1799 4820 Sui-

305 4854 380 4892 [ιι.

305 4854 380 4892 m.

301 4909 415 4977 (94)
446 4906 806 4974 Principatum
836 4919 1032 4961 tenens.
1079 4906 1246 4973 Quem
1288 4907 1387 4959 hoc
1443 4905 1667 4977 iu_loco
1707 4904 1798 4958 τὸν

233 4974 321 5029 τά-
354 4974 591 5046 πρωτεῖα
643 4977 699 5030 ὲν
752 4977 1064 5040 ἀποστόλοις
1103 4977 1292 5046 ἔχοντα
1333 4982 1484 5028 vocat
1517 4974 1794 5043 Didymus,

237 5046 287 5098 id
313 5059 398 5100 est
433 5065 449 5096 ι
487 5050 687 5113 primas
743 5049 880 5100 inter
931 5052 1198 5115 apostolos
1245 5057 1535 5107 tenentem,
1577 5061 1796 5115 reum-

236 5117 358 5168 dem
391 5115 530 5168 idem
573 5118 624 5168 in
654 5114 1054 5169 cuinmentariis
1099 5117 1150 5166 in
1187 5116 1314 5168 Arta
1352 5125 1534 5182 apart.
1562 5114 1628 5165 ad
1670 5129 1788 5182 cap.

235 5199 288 5248 x,
316 5201 451 5254 vers.
499 5185 564 5237 10
597 5189 750 5249 (tom.
787 5184 844 5236 ιν
877 5187 1070 5238 Anecd.
1099 5184 1284 5247 \\'oll'.,
1311 5199 1429 5254 pag.
1478 5181 1568 5253 5‘2)
1614 5181 1799 5250 appel-

233 5256 362 5306 lat‘it
388 5253 480 5305 τὸν
513 5254 622 5307 τῶν
651 5255 963 5309 ἀποστόλων
990 5255 1234 5324 ἔξαρχον,
1271 5253 1322 5308 lt.
1375 5270 1423 5324 e.
1474 5269 1492 5302 ι
1519 5255 1791 5324 apostolo-

233 5339 352 5375 rum
385 5327 702 5378 exarchum.
730 5343 748 5375 ι
791 5326 928 5394 Qua;
958 5323 1188 5394 dignitas
1222 5341 1344 5394 eum
1377 5323 1533 5394 Petro
1592 5339 1694 5375 non
1724 5323 1790 5392 ab

234 5394 474 5446 Ecclesia
508 5394 700 5448 i-ollata
736 5401 824 5459 sit,
850 5393 944 5448 sed
985 5405 1038 5447 a‘
1068 5395 1174 5448 Deo
1219 5411 1281 5446 ac
1329 5393 1554 5444 Domino
1603 5403 1788 5444 uOstro

229 5461 353 5516 Iesu
383 5464 620 5526 Christo,
661 5481 778 5516 eam
808 5467 906 5532 ipsi
943 5464 1198 5526 adimere,
1231 5479 1293 5516 ac
1341 5463 1493 5513 alteri
1539 5462 1786 5532 conferre

231 5547 334 5602 non
363 5533 665 5600 potuissent
693 5531 929 5587 universi
967 5534 1214 5602 apostoli,
1259 5542 1350 5584 aut
1400 5533 1645 5602 universa
1685 5531 1786 5602 Ee-

231 5599 416 5677 cle'sia.
455 5603 606 5677 Quod
636 5605 712 5677 de
740 5604 898 5677 l‘etro
929 5599 1060 5677 dixii,
1091 5604 1378 5677 primatum
1399 5601 1512 5677 ipsi
1546 5615 1660 5677 non
1715 5599 1784 5653 ab

235 5672 471 5733 homine,
489 5674 581 5723 sed
619 5688 645 5723 a
674 5672 892 5726 Christo
924 5669 1174 5726 collatum
1192 5685 1331 5733 esse,
1359 5672 1409 5722 id
1437 5669 1779 5722 'de-ltoinaua

232 5741 376 5802 sede,
433 5740 653 5810 ejusque
700 5743 941 5795 antistite
985 5744 1042 5797 S.
1075 5742 1354 5805 Duiliasus,
1401 5736 1458 5792 S.
1511 5739 1777 5810 Gelasius,

234 5821 412 5875 atquc,
457 5822 511 5859 ut
567 5808 700 5863 alios
748 5813 931 5864 Patres
977 5810 1398 5878 prietermittam,
1444 5808 1774 5860 (ecumcuica

234 5888 468 5945 synodus
515 5878 818 5934 Flotcutiua
868 5884 1184 5936 docuerunt.
1225 5878 1434 5932 Judicet
1479 5879 1654 5945 itaque
1701 5880 1774 5931 le-

1903 4691 2131 4767 Sataiias
2161 4710 2255 4748 cor
2291 4705 2461 4758 tuum,
2517 4706 2573 4748 ut
2624 4698 2929 4751 tuentireris
2980 4691 3204 4767 Spiritui
3251 4691 3456 4766 sancto,

1899 4770 1954 4814 et
1979 4763 2335 4818 ahseonderes
2361 4767 2425 4818 de
2454 4767 2627 4832 pretio
2653 4767 2810 4835 agri?
2847 4763 3037 4820 Nonne
3092 4784 3315 4822 manens
3363 4763 3457 4822 titii

1899 4835 2170 4904 manebat,
2199 4845 2250 4888 et
2276 4837 2548 4887 venditum
2586 4835 2636 4886 in
2676 4846 2762 4889 tua
2792 4850 2906 4890 erat
2946 4839 3248 4904 p0testate?
3279 4841 3458 4903 Quare

1900 4903 2126 4967 potauiin
2169 4905 2220 4955 in
2261 4906 2425 4958 corde
2469 4916 2558 4956 tuo
2604 4905 2740 4958 hanc
2788 4903 2958 4960 rem?’
2997 4905 3108 4958 Non
3153 4909 3458 4961 hominibus

1898 4972 2153 5025 mentitus
2173 4988 2251 5036 cs,
2290 4973 2538 5044 sedilieo.
2573 4991 2592 5024 ι
2628 4977 2684 5028 Si
2716 4977 2857 5028 enim
2891 4978 2978 5044 qui
3011 4975 3242 5029 Domino
3263 4979 3456 5028 menti-

1896 5047 2006 5103 tur,
2033 5044 2287 5114 mentitur
2309 5043 2530 5114 Spiritui
2559 5056 2764 5109 sancto,
2797 5058 2851 5098 et
2883 5043 2972 5114 qui
3007 5047 3229 5113 Spiritui
3265 5057 3456 5099 sancto

1896 5110 2171 5179 mentitur,
2206 5115 2462 5164 mentitur
2500 5111 2642 5166 Deo:
2667 5117 2794 5167 nulli
2827 5110 3060 5169 dubium'
3087 5127 3190 5179 est,
3235 5130 3457 5169 consor-

1895 5178 2023 5229 tium
2055 5178 2288 5248 Spiritus
2311 5184 2481 5234 sancti
2512 5197 2633 5236 esse
2663 5199 2784 5237 cum
2809 5183 2938 5238 Deo.
2971 5205 2989 5237 ι

1960 5250 2074 5316 (96)
2110 5250 2302 5315 Quare.
2328 5255 2446 5305 Act.
2483 5266 2532 5317 v,
2571 5254 2624 5308 9.

1988 5319 2073 5390 d7)
2107 5323 2226 5372 tVou
2283 5323 2523 5390 (putabis.
2579 5323 2730 5375 Deut.
2771 5336 2844 5384 Vt,
2903 5323 2993 5386 16,
3037 5333 3089 5376 et
3141 5322 3326 5378 Matth.
3379 5341 3452 5390 tv,

1886 5384 1938 5436 7.
1967 5384 2265 5465 iitr'uliique
2290 5389 2458 5443 Biblia
2478 5393 2692 5465 habent
2717 5393 2874 5465 ὶοὺκ
2897 5384 3262 5465 ἐκπειράσεις.

1959 5461 2065 5526 (98)
2100 5458 2239 5512 Deus
2273 5467 2429 5514 enim.
2469 5458 2583 5515 Jac.
2615 5476 2652 5523 ι,
2686 5461 2768 5514 15.

1958 5531 2070 5598 (99)
2107 5529 2376 5595 Superius.
2423 5531 2550 5583 Vide
2582 5545 2754 5594 segni.
2796 5530 2864 5584 6t)
2901 5549 2954 5584 a.
2987 5530 3343 5586 Vcrisimilius
3376 5544 3456 5586 la-

1885 5611 2005 5650 tnen
2045 5607 2127 5651 est
2170 5601 2362 5668 respici
2397 5601 2482 5652 hic
2517 5618 2546 5652 a
2573 5602 2874 5668 Didymoea
2899 5618 3016 5668 ίμιιε
3043 5606 3456 5668 interciderunt,

1885 5683 2073 5744 neinpe
2100 5682 2256 5736 caput
2283 5681 2553 5735 octavum,
2594 5682 2685 5721 aut
2712 5687 2932 5739 nonum,
2966 5674 3044 5724 vel
3075 5674 3266 5726 decimi
3299 5675 3454 5744 hujus

1879 5736 2110 5788 initium.

1951 5805 2526 5884 (“Ahgspiriluﬁjuam
2568 5824 2640 5878 tv,
2674 5809 2765 5864 ει.
2805 5809 2934 5867 Vide
2954 5830 3121 5884 segni.
3175 5812 3268 5866 lii-3
3312 5817 3365 5879 ιι,
3401 5830 3454 5871 ει

1881 5887 1992 5927 Ιιυι.
2022 5875 2110 5938 98,
2138 5892 2258 5946 pag.
2282 5879 2397 5934 157.
