4114 6414
610 413 717 472 615

1837 413 2072 469 DIDYMI
2113 412 2583 468 ALEXANDitINl

3763 418 3872 472 6“

609 543 694 587 est
744 528 1002 600 Spiritus,
1039 528 1109 584 ito
1163 527 1328 581 etiam
1385 533 1607 580 sanctus
1661 538 1776 593 eius
1810 525 2052 594 Spiritus
2100 535 2174 581 est

2285 525 2426 595 ἁγίῳ
2468 523 2749 594 Πνεύματι
2787 523 2890 595 ἔφη
2923 524 2986 577 τὸ
3024 522 3203 593 λόγιον
3242 522 3335 576 τὸν
3374 522 3508 578 Θεὸν
3542 530 3873 596 προσκυνεῖ-

611 624 750 678 Deus
779 622 1038 676 :ctsicnt
1089 622 1230 675 Deus
1277 629 1333 673 et
1379 626 1483 682 est,
1518 625 1571 670 et
1622 632 1744 672 esse
1784 617 1983 673 dicitur
2027 617 2177 679 illud,

608 700 749 782 quod
789 723 872 766 est
906 712 1143 781 Spiritus
1168 711 1321 776 ejus;
1362 711 1431 762 ita
1476 709 1641 762 etiam
1689 707 1922 776 Spiritus
1959 718 2180 762 sanctus

608 801 735 854 illud
767 813 868 865 est,
896 800 1039 869 quod
1072 811 1152 853 est
1184 799 1290 858 ille,
1322 798 1475 867 cujus
1505 797 1738 865 Spiritus
1779 808 1893 851 est:
1928 797 2177 850 nimirum

608 899 693 943 est
737 890 988 958 principii
1045 904 1239 956 expers
1276 888 1436 941 Deus.
1495 886 1620 940 Haec
1671 895 1933 961 ergo‘esl
1997 900 2178 940 eorum

610 983 895 1035 verborum
942 980 1205 1034 sententia
1241 995 1256 1035 :
1303 976 1526 1046 Oportet
1575 993 1674 1032 uos
1703 986 1813 1033 toto
1857 987 2041 1030 nostro
2073 975 2182 1044 spi-

612 1072 716 1125 ritu
734 1070 810 1142 (Ξ)
850 1070 1182 1124 conﬁdenter
1206 1084 1268 1122 ac
1289 1069 1406 1121 sine
1446 1067 1782 1121 haesitatione
1806 1065 1909 1138 (ὅ),
1940 1080 2060 1119 cum
2092 1080 2183 1118 ve-

613 1160 793 1222 ritate,
832 1174 933 1213 non
974 1174 1101 1211 vero
1135 1159 1262 1212 solis
1296 1158 1468 1217 labiis,
1518 1158 1779 1224 nudisque
1817 1155 2178 1215 sermonibus,

612 1252 870 1320 Spiritum
889 1250 1048 1320 233
1067 1262 1308 1303 sanctum
1333 1251 1577 1303 adorare.
1598 1247 1747 1312 Quod
1779 1247 1822 1300 si
1851 1247 2085 1299 dixerint
2102 1245 2178 1315 (4)

610 1344 999 1402 Μειοειίοιιίιιιιὶ,
1025 1344 1074 1394 itt
1096 1341 1256 1394 allato
1285 1339 1578 1404 Scriptura:
1591 1336 2180 1405 oraculmliciqnidem,

609 1436 752 1503 quod
806 1435 856 1487 in
892 1433 1092 1500 Spiritu
1150 1440 1343 1484 sancto
1382 1429 1522 1483 Deus
1565 1428 1843 1495 adoratur,
1885 1442 1993 1480 non
2052 1440 2181 1479 vero

608 1527 769 1578 etiam
801 1525 926 1588 dici,
953 1522 1092 1591 quod
1130 1521 1368 1589 Spiritus
1413 1522 1690 1582 adoratur',
1725 1517 1856 1570 illud
1889 1519 2048 1594 etiam
2090 1531 2183 1570 co-

609 1624 799 1683 gentur
832 1614 1029 1676 dicere,
1063 1627 1158 1665 nos
1203 1612 1253 1664 in
1302 1609 1441 1664 Filio
1480 1611 1724 1669 adorare,
1772 1624 1876 1661 non
1924 1624 2050 1661 vero
2089 1609 2180 1661 Fi-

610 1703 737 1757 lium
794 1704 1004 1757 adorari
1057 1720 1070 1756 :
1115 1703 1338 1772 ipsemet
1395 1702 1537 1755 enim
1591 1703 1712 1753 ait:
1762 1718 1781 1750 ‹
1821 1699 2026 1769 Εεοβ)
2061 1715 2177 1751 smn

606 1797 845 1848 veritas:
878 1813 897 1845 ι
931 1809 993 1848 ac
1026 1808 1092 1846 ne
1121 1795 1201 1847 sic
1235 1793 1453 1861 quidem
1503 1791 1607 1844 ulla
1654 1791 1757 1843 erit
1784 1807 1847 1845 ex
1892 1792 1994 1843 boc
2032 1801 2178 1843 textu

2283 615 2440 678 σθαι,
2480 615 2600 685 οὐχὶ
2628 616 2720 668 καὶ
2762 615 2825 668 τὸ
2874 615 3101 686 Πνεῦμα
3141 615 3591 687 προσκυνείσθαν
3621 617 3873 685 ἀναγκα-

2281 707 2569 778 σθήσονται
2614 705 2782 771 λέξαι,
2830 707 2912 759 ὅτι
2961 707 3056 759 καὶ
3099 709 3156 759 ὲν
3185 707 3265 776 τῷ
3296 707 3583 777 Υῐῷ,ούχὶ
3628 709 3724 762 καὶ
3776 710 3870 764 τὸν

2279 797 2427 851 Υίόν.
2461 798 2632 860 Αὐτὸς
2673 797 2782 867 γὰρ
2825 797 2948 868 ἔφη’
2989 816 3007 849 ι
3043 797 3182 865 Ἐγώ
3211 801 3325 869 είμι
3370 799 3658 870 ἡάλήθεια
3685 803 3735 851 οι
3772 801 3871 853 καὶ

2278 889 2377 959 οὐχ
2422 887 2602 952 ἕξουσι
2643 889 2764 942 οὐδὲ
2807 889 2915 943 ἀπὸ
2947 888 3041 942 τοῦ
3084 889 3249 960 ῥητοῦ
3292 889 3447 943 τοῦδε
3495 891 3765 962 διαφορὰν
3813 894 3869 944 αξ

2282 982 2548 1051 μακάριαι
2590 980 2918 1044 ὑποστάσεις
2967 973 3129 1034 αὗται
3214 974 3442 1043 Ἡσαΐας
3482 982 3559 1044 δὲ,
3600 982 3730 1053 περὶ
3768 983 3870 1052 τῆς

2293 1069 2617 1141 Ἐκκλησίας
2669 1070 2763 1123 καὶ
2816 1069 2926 1122 τῶν
2968 1073 3025 1124 ὲν
3067 1072 3202 1141 αὐτῇ
3253 1068 3729 1141 ὲκπὰιδευομένων
3765 1073 3869 1145 τὴν

2283 1160 2472 1229 σοφίαν
2501 1162 2594 1215 τοῦ
2621 1162 2933 1231 Πνεύματος
2961 1161 3340 1232 προφητεύων,
3373 1162 3468 1215 ὡδί
3493 1180 3611 1227 πως
3640 1164 3749 1216 ἀπὸ
3772 1165 3868 1217 τοῦ

2279 1251 2412 1305 Θεοῦ
2441 1252 2726 1321 καταλέγει
2753 1270 2766 1283 ο
2802 1273 2820 1305 t
2863 1254 2995 1306 Ἰδοὺ
3049 1253 3158 1322 ἐγὼ
3207 1252 3479 1322 ὲτοιμάζω
3508 1269 3589 1305 σοι
3616 1252 3868 1323 ἄνθρακα

2279 1344 2370 1396 τὸν
2403 1342 2549 1395 λίθον
2580 1361 2696 1404 σου,
2754 1344 2849 1397 καὶ
2893 1344 2963 1397 τὰ
3006 1343 3232 1412 θεμέλιά
3267 1356 3360 1394 σου
3398 1342 3731 1411 σάπφειρον·
3767 1342 3865 1394 καὶ

2282 1432 2430 1505 θήσω
2459 1435 2557 1498 τὰς
2592 1436 2852 1499 ἐπάλξεις
2897 1452 2989 1487 σου
3039 1437 3247 1499 ἴασπιν,
3281 1435 3377 1487 καὶ
3404 1433 3503 1496 τὰς
3549 1433 3725 1495 πύλας
3769 1450 3863 1485 σου

2279 1526 2459 1590 λίθους
2498 1528 2865 1603 ικρυοτάλλου,
2916 1529 3010 1580 καὶ
3060 1527 3151 1580 τὸν
3198 1525 3482 1597 περίϐολόν
3530 1542 3624 1577 σου
3683 1525 3866 1588 λίθους

2279 1618 2589 1681 ἐκλεκτοὺς,
2608 1620 2700 1671 καὶ
2719 1619 2925 1681 πάντας
2941 1620 3065 1683 τοὺς
3090 1615 3237 1681 υἱούς
3258 1636 3350 1671 σου
3370 1619 3647 1679 διδακτοὺς
3666 1616 3826 1670 Θεοῦ.
3841 1637 3859 1667 ι

2281 1700 2535 1769 Ἦστινος
2571 1707 2907 1778 προφητείας
2940 1708 2967 1759 ό
2998 1708 3188 1776 Σωτὴρ
3210 1706 3618 1777 ἐμνημόνευσεν
3638 1703 3764 1775 [1θῖ
3809 1702 3863 1773 b]

2282 1799 2411 1867 παρ’
2453 1795 2694 1869 Ἰωάννῃ,
2726 1796 2926 1849 εἰπών’
2966 1815 2984 1846 ι
3016 1796 3203 1849 Ἔστιν
3235 1794 3616 1866 γεγραμμένον
3652 1794 3710 1845 ὲν
3750 1795 3865 1855 τοῖς

607 1886 882 1940 beatarum
916 1885 1140 1937 istarum
1172 1883 1544 1953 bypostasium
1589 1880 1971 1947 discrepantia.
2014 1882 2174 1934 Isaias

2284 1887 2589 1955 προφήταις
2610 1903 2623 1917 ·
2661 1886 2769 1938 Καὶ
2800 1884 3009 1939 ἔσονται
3046 1887 3242 1948 πάντες
3267 1885 3504 1938 διδακτοὶ
3533 1881 3667 1936 Θεοῦ
3705 1903 3724 1934 ι
3753 1881 3864 1934 Καὶ

607 1988 733 2028 vero
774 1975 839 2027 de
883 1973 1124 2026 Ecclesia
1170 1972 1522 2040 propltetans,
1560 1983 1614 2024 et
1658 1971 1723 2025 de
1770 1971 1877 2035 bis,
1904 1972 1993 2035 qni
2036 1971 2181 2025 inea

606 2066 924 2134 sapientiam
957 2064 1200 2134 Spiritus
1238 2065 1521 2129 docentur.
1562 2074 1722 2131 atque
1758 2061 1926 2116 Deum
1959 2063 2181 2134 loquen-

610 2129 715 2210 tet—u
740 2129 1019 2219 inducens,
1058 2155 1199 2208 hunc
1229 2154 1362 2207 texit
1393 2129 1732 2221 cataloguin:
1769 2170 1788 2203 ι
1826 2129 2081 2221 Ecce‘ego
2104 2151 2179 2222 (6)

613 2260 860 2315 pracparo
896 2246 990 2298 tibi
1022 2244 1410 2298 carbunculum
1442 2245 1670 2313 lapidem
1720 2254 1889 2309 tuum,
1917 2254 1966 2296 et
1993 2244 2182 2295 funda-

613 2344 789 2388 ntenta
829 2343 915 2389 tua
949 2333 1294 2401 sapphirum;
1331 2342 1384 2386 et
1415 2347 1609 2401 ponam
1662 2332 2055 2401 propugnacula
2092 2345 2177 2385 tua

613 2426 892 2494 iaSpidetn,
923 2436 974 2479 et
1001 2435 1182 2492 portas
1214 2435 1332 2478 tuas
1361 2423 1563 2492 lapides
1594 2423 1825 2492 crystalli
1860 2424 1955 2492 (7),
1986 2431 2039 2476 et
2071 2423 2181 2477 Val-

612 2517 718 2569 ltnn
753 2528 897 2569 tuum
940 2515 1145 2586 lapides
1173 2515 1420 2580 solet-tos,
1452 2523 1506 2569 et
1537 2529 1728 2568 omnes
1769 2514 1907 2567 lilios
1935 2525 2052 2567 tuus
2084 2515 2181 2566 du—

607 2619 724 2662 ctos
763 2608 851 2660 Dei
876 2608 1018 2678 (8).»
1061 2606 1229 2675 Cujus
1276 2605 1573 2676 prophetia:
1627 2605 1873 2659 meminit
1927 2602 2179 2658 Salvator

606 2702 741 2768 apud
769 2698 1026 2753 Joannem
1067 2699 1316 2769 inquiens
1351 2716 1364 2753 :
1397 2716 1415 2748 ε
1454 2697 1725 2763 Scriptum
1750 2710 1833 2751 est
1852 2698 1926 2767 (9)
1965 2698 2016 2750 in
2051 2712 2179 2766 pro-

605 2791 778 2860 phetis
807 2810 820 2845 :
857 2790 920 2844 Et
950 2801 1107 2844 erunt
1150 2776 1339 2844 omnes
1367 2790 1509 2843 docti
1558 2788 1671 2842 Dei.
1700 2807 1718 2838 ι
1757 2787 1851 2842 His
1882 2802 2007 2841 vero
2052 2803 2179 2841 con-

607 2896 860 2937 sentanea
898 2883 1291 2937 scribit.etiam
1320 2880 1520 2936 Paulus
1552 2880 2125 2935 Tliessalonicettsibus
2160 2897 2175 2933 :

613 2994 632 3027 ι
664 2976 768 3029 Vos
799 2975 1070 3045 enim(l0)
1106 2976 1203 3043 ipsi
1255 2990 1284 3027 a
1324 2974 1433 3027 Deo
1477 2974 1620 3027 docti
1656 2974 1809 3037 estis,
1844 2981 1902 3026 ut
1944 2970 2179 3041 diligatis

608 3082 703 3122 vos
747 3067 1038 3119 inviceth
1072 3068 1243 3120 Ambo
1290 3080 1429 3139 ’vero
1483 3066 1549 3119 de
1608 3062 1809 3133 Spiritu
1866 3072 2056 3118 sancto
2108 3062 2181 3117 lo-

610 3169 868 3228 qnuntur.
912 3158 990 3210 Ita
1039 3167 1092 3211 et
1143 3157 1195 3210 in
1246 3155 1452 3211 Joanne
1499 3170 1686 3210 rursus
1746 3154 1820 3209 ait
1867 3155 2175 3209 Dominus:

2286 1975 2496 2038 Παῦλος
2520 1976 2576 2029 δὲ
2604 1975 3083 2031 Θεσσαλονικεῦσιν
3112 1976 3378 2030 ἀκόλουθα
3405 1975 3605 2028 τούτων
3630 1974 3860 2045 γράψει’

2292 2068 2491 2119 «Αὐτοὶ
2538 2066 2648 2138 γὰρ
2680 2068 2839 2137 ὑμεῖς
2880 2067 3206 2122 θεοδίδακτοί
3252 2070 3373 2120 ἐστε
3414 2068 3494 2128 είς
3532 2067 3593 2118 τὸ
3639 2064 3863 2134 ἀγαπᾷν

2285 2158 2569 2228 ἀλλήλους.
2600 2177 2617 2208 ι
2671 2159 2996 2229 Ἀμφότεροι
3033 2159 3087 2212 δὲ
3141 2159 3269 2229 περὶ
3316 2157 3408 2209 τοῦ
3443 2156 3596 2224 ἁγίου
3643 2155 3862 2222 λέγουσι

2286 2249 2621 2318 Πνεύματος,
2652 2249 2729 2312 ὡς
2764 2251 2821 2301 ἐν
2876 2250 3095 2320 Ἰωάννῃ
3140 2244 3296 2311 αὖθις
3321 2251 3348 2301 ὁ
3369 2246 3643 2314 Δεσπότης
3673 2243 3822 2311 λέγει
3843 2258 3856 2271 ·

2291 2360 2308 2392 ι
2348 2342 2582 2402 Ἐκεῖνος
2611 2341 2753 2410 ὑμᾶς
2784 2340 3021 2404 διδάξει.,
3044 2341 3136 2393 καὶ
3175 2341 3477 2409 ἀναμνήσει
3519 2337 3716 2389 πάντα.
3746 2356 3763 2386 ι
3795 2335 3862 2388 Et

2282 2433 2460 2486 τοίνυν
2488 2435 2536 2485 oi
2572 2433 2677 2485 ὑπὸ
2704 2432 2795 2485 τοῦ
2831 2434 2984 2502 ἁγίου
3014 2431 3331 2498 Πνεύματος
3361 2428 3757 2497 διδασκόμενοι,
3781 2425 3862 2478 δι·-

2282 2525 2467 2579 δακτο).
2495 2525 2627 2579 Θεοῦ
2674 2525 2979 2591 ἀκούουσιν,
3010 2525 3064 2578 τί
3092 2525 3238 2577 ἐστιν
3267 2523 3328 2576 τὸ
3364 2523 3516 2591 ἆγιον
3548 2519 3793 2590 Πνεῦμα,
3829 2517 3871 2570 ἁ

2282 2617 2666 2693 ἀναγινώσκων
2710 2616 2915 2681 νοείτω,
2944 2616 3158 2669 ἀκούων
3187 2614 3280 2668 καί⁸
3311 2612 3498 2683 ἐτέρου
3518 2611 3816 2681 αὑχοῦντος
3841 2621 3857 2637 ·

2289 2726 2308 2757 ‹
2347 2707 2405 2759 '0
2435 2706 2565 2770 Θεὸς
2592 2704 2825 2771 ἐδίδαξέν
2858 2723 2923 2777 με
2956 2706 3145 2774 σοφίαν
3166 2722 3214 2757 ἰ
3249 2705 3342 2758 καὶ
3375 2704 3563 2757 πάλιν*
3596 2721 3625 2753 ‹,
3656 2700 3861 2753 Ἐδίδα-

2285 2795 2371 2857 ξὲν
2404 2814 2470 2866 με
2502 2798 2530 2848 ό
2570 2797 2703 2860 Θεδς
2744 2800 2809 2850 ὲκ
2848 2798 3096 2868 νεότητός
3144 2814 3275 2867 μου.
3299 2815 3316 2849 ι
3367 2795 3645 2865 Κέκληται
3674 2794 3730 2846 δὲ
3765 2792 3862 2844 καὶ

2284 2884 2659 2949 θεόπνευστος,
2689 2886 2780 2939 καὶ
2825 2886 2945 2940 θεία
2970 2889 3003 2957 ἡ
3036 2884 3245 2956 Γραφὴ.
3276 2886 3351 2948 ὡς
3387 2883 3482 2937 τοῦ
3528 2882 3863 2941 πνεύσαντος

2282 2976 2450 3047 αὐτὴν
2475 2976 2631 3045 ἁγίου
2664 2977 2803 3029 Πνεύ
2813 2995 2978 3047 ματος
3000 2977 3135 3030 Θεοῦ
3159 2976 3520 3059 καθεστῶτρς,
3548 2975 3691 3028 κατὰ
3711 2972 3862 3026 Παῦ-

2282 3064 2372 3119 λον
2404 3056 2684 3138 γράφοντα
2723 3067 2970 3139 Τιμοθέῳ
3018 3069 3079 3121 τὸ
3110 3068 3360 3140 δεύτερον
3380 3085 3395 3099 ·
3434 3056 3451 3117 ι
3482 3069 3637 3120 Πᾶσα
3668 3062 3861 3137 Γραφὴ

2284 3155 2657 3220 θεόπνευστος,
2691 3159 2784 3211 καὶ
2835 3158 3129 3229 ὠφέλιμος.
3157 3178 3176 3211 ι
3206 3159 3315 3211 Καὶ
3342 3155 3497 3220 αὖθις
3533 3156 3591 3208 δὲ
3628 3155 3859 3225 Πέτρος,

615 3269 634 3301 ι
676 3251 768 3304 Ille
796 3248 909 3321 (ll)
943 3264 1039 3304 vos
1087 3249 1322 3312 docebit,
1368 3256 1423 3302 et
1469 3248 1520 3301 in
1561 3248 1873 3301 memoriam
1909 3245 2174 3301 revocabit

2282 3245 2574 3317 ἀποφέρων
2597 3246 2658 3299 τὸ
2685 3248 2758 3318 μὴ
2785 3247 2894 3300 δεῖν
2924 3248 3132 3302 οἴεσθαι
3171 3248 3233 3301 τὸ
3259 3248 3412 3316 ἅγιον
3440 3245 3660 3315 Πνεῦμα
3684 3244 3862 3299 τελεῖν

608 3342 811 3394 omnia.
847 3359 864 3391 ι
897 3338 950 3393 Si
982 3355 1111 3406 ergo
1139 3339 1229 3408 qui
1263 3354 1291 3392 a
1337 3336 1541 3407 Spiritu
1594 3350 1784 3392 sancto
1821 3337 1996 3392 edocti
2029 3344 2175 3399 sunt,

608 3433 693 3484 dot
712 3432 753 3484 ti
786 3448 813 3484 a
847 3431 958 3484 Deo
1002 3432 1257 3485 dicuntur
1295 3447 1306 3482 :
1349 3429 1475 3498 quid
1525 3430 1595 3483 sit
1648 3428 1882 3497 Spiritus
1935 3424 2177 3493 sanctus,

524 3556 527 3563 ι
613 3540 632 3573 ι
655 3523 744 3591 qui
783 3521 1066 3593 lcgit(12),
1105 3521 1390 3589 intelligat,
1423 3538 1443 3571 ι
1479 3535 1598 3574 cum
1630 3521 1812 3574 audiat
1849 3519 2009 3573 etiam
2038 3521 2170 3574 alte-

610 3630 725 3667 rum
771 3614 1086 3686 gloriantem
1136 3629 1152 3666 :
1194 3630 1213 3664 ‹
1256 3610 1524 3680 Deus(15)
1580 3612 1761 3666 docuit
1816 3626 1903 3665 me
1960 3611 2175 3680 sapien-

609 3707 770 3771 tiam;
810 3724 829 3757 ι
875 3714 929 3759 et
964 3720 1190 3760 rursus:
1231 3724 1249 3755 ‹
1271 3705 1460 3759 Docuit
1487 3702 1597 3774 (14)
1633 3718 1720 3758 me
1760 3702 1899 3757 Deus
1927 3718 1954 3756 a
1981 3702 2176 3772 juven-

679 3861 756 3932 (Ξ)
790 3858 992 3932 (Nostro
1017 3862 1227 3923 spiritu.
1251 3860 1308 3914 In
1339 3860 1475 3915 libro
1503 3864 1665 3916 etiam
1698 3860 1769 3914 De
1795 3859 1936 3925 Spir.
1964 3870 2166 3922 sancto,

608 3947 757 3987 ltum.
786 3931 875 3996 57,
902 3933 1059 3983 verba
1091 3932 1177 3984 illa
1230 3949 1249 3982 ι
1281 3933 1334 3983 ltt
1383 3932 1575 3999 spiritu
1615 3943 1669 3984 et
1715 3932 1961 3999 verit-tte,
1998 3948 2016 3981 ι
2080 3933 2159 3981 sic

605 4001 843 4069 exponit,
871 4010 926 4052 ttt
953 4004 1017 4053 ad
1050 4000 1305 4068 Spiritum
1340 3997 1606 4065 sat—ictum,
1640 4011 1694 4053 et
1725 3999 1789 4069 ad
1825 3997 2018 4052 Filium
2055 4013 2162 4052 non

607 4067 825 4124 referat.
864 4089 880 4120 ι
912 4069 1011 4138 Qui
1068 4067 1505 4138 transcendentes
1547 4067 1763 4138 (inquit)
1825 4069 2066 4138 umbras,
2108 4075 2162 4121 et

607 4138 867 4205 imagines
900 4137 1106 4192 Veteris
1147 4137 1475 4191 Testamenti
1505 4136 1740 4190 cultores
1772 4136 1882 4188 veri
1935 4138 2164 4190 adurant

610 4207 824 4261 Patrem
866 4226 885 4259 ε
918 4209 968 4260 in
1001 4208 1213 4275 Spiritu,
1242 4217 1296 4260 et
1348 4209 1592 4260 veritate.
1641 4206 1697 4259 lit
1742 4206 1932 4274 spiritu
1965 4225 1984 4257 ι
2039 4208 2164 4276 quia

606 4277 931 4343 corporaiia,
981 4288 1035 4329 et
1084 4277 1300 4329 humilia
1360 4280 1828 4331 transcenderunt.
1887 4294 1905 4326 ι
1936 4277 1990 4333 lu
2020 4276 2159 4330 veri-

609 4354 738 4409 tate,
772 4364 790 4395 ι
822 4347 947 4411 quia
979 4354 1150 4413 typos;
1195 4357 1247 4398 et
1282 4345 1518 4408 umbras,
1548 4355 1601 4400 et
1641 4347 1968 4413 exemplaria
2001 4347 2164 4399 relin-

607 4423 856 4482 quentes,
887 4415 951 4465 ad
974 4415 1141 4481 ipsius
1167 4416 1404 4471 veritatis
1428 4431 1620 4469 venere
1640 4416 2014 4482 substantiam,
2041 4424 2157 4471 et...

611 4485 677 4535 ad
704 4482 1037 4552 spirjtttaletn
1071 4483 1203 4552 legis
1223 4487 1462 4538 notitiam
1496 4496 1875 4551 pervenerunt.
1910 4504 1927 4536 ι

679 4551 755 4620 (5)
797 4547 920 4604 Siue
969 4547 1314 4608 Itwsitc'ttiotte.
1355 4547 1554 4613 Codex.
1610 4555 2003 4618 ἁνενδυάστως.

610 4619 923 4675 litl‘ursitan
953 4623 1073 4689 quis
1101 4623 1276 4688 legere
1299 4663 1314 4686 ,
1356 4624 1768 4686 ἁνενδοιάστως·
1817 4635 1869 4677 at
1915 4626 2166 4678 librarius

608 4701 884 4763 segmento
938 4695 1098 4746 etiam
1129 4693 1231 4747 1‘22
1264 4711 1294 4745 a
1332 4695 1569 4763 srripsit,
1608 4693 1989 4756 ἐνόυάσαντας.
2026 4693 2163 4759 Quin

608 4760 746 4814 alius
788 4777 998 4830 quoque
1039 4760 1461 4817 Alexandrinus
1482 4766 1737 4830 scriptor,
1776 4779 1964 4830 nempe
2001 4766 2168 4817 Atba—

607 4833 815 4896 nasitts,
849 4835 1137 4886 habetnon
1175 4834 1338 4886 semel
1363 4833 1688 4899 ὲνδυαστῶς,
1741 4836 1791 4888 id
1837 4847 1921 4887 est
1966 4850 1985 4882 ι
2015 4833 2169 4887 dubi-

610 4911 800 4955 taliter.
837 4920 855 4952 ι
894 4901 1020 4954 Vide
1059 4912 1233 4956 tamen
1263 4917 1432 4962 Segni.
1467 4904 1562 4957 184
1590 4904 1640 4956 b.

680 4970 754 5041 (4)
797 4970 947 5035 Quod
985 4975 1030 5024 si
1058 4973 1305 5025 dixerint.
1337 4972 1393 5027 In
1431 4974 1610 5027 verbis
1646 4971 1773 5029 illis.
1808 4989 1826 5022 ι
1856 4968 1912 5023 In
1940 4969 2163 5041 spiritu,

606 5049 661 5093 et
694 5040 942 5104 veritate,
971 5061 988 5092 ι
1036 5043 1294 5109 Spiritum
1324 5054 1568 5096 sanctum
1605 5062 1621 5092 ι
1644 5042 1866 5110 spiritus
1896 5059 1913 5090 ι
1952 5040 2170 5094 nomine
2218 5062 2225 5067 θ

609 5112 875 5179 designari
952 5113 1200 5165 volebant
1268 5112 1654 5165 Macetloniani.
1717 5111 1975 5179 Didymus
2046 5123 2170 5163 vero

610 5191 720 5232 ltttn
750 5182 858 5242 hic,
892 5190 1001 5232 tttttt
1031 5198 1197 5249 segni.
1246 5182 1344 5235 154
1372 5186 1422 5245 b,
1451 5184 1608 5233 aliter
1650 5197 1711 5234 ea
1763 5182 2166 5248 interpretatur.

610 5249 903 5317 Uti-ubique
926 5257 1103 5303 tamen
1132 5254 1405 5305 contendit
1429 5293 1444 5317 ,
1467 5266 1654 5303 eorum
1686 5249 1946 5302 rationem
1977 5250 2169 5301 nullius

608 5335 726 5371 esse
775 5321 1043 5386 ponderis,
1093 5321 1193 5373 etsi
1244 5320 1439 5374 locutio
1480 5321 1591 5383 illa,
1633 5337 1651 5370 ί
1686 5323 1735 5372 itt
1774 5317 1999 5386 Spiritu,
2038 5337 2057 5369 ι
2105 5320 2169 5370 ad

609 5386 866 5456 Spttittttn
903 5402 1149 5443 sanctum
1183 5392 1470 5443 referatur.
1504 5390 1699 5442 Eodem
1727 5389 1886 5456 plane
1914 5388 2073 5456 utndo
2113 5404 2172 5441 se

607 5461 771 5525 gessit
797 5462 1135 5525 postmodum
1180 5462 1499 5513 Ambrosius
1527 5460 1580 5512 itt
1615 5461 1708 5511 lib.
1733 5455 1801 5511 ιιι
1852 5457 1924 5509 De
1958 5455 2170 5525 Spiritu

606 5541 809 5589 sancto,
838 5545 959 5594 cap.
1010 5529 1093 5592 11,
1134 5546 1281 5582 ιιιιιιι.
1326 5530 1411 5594 ἹΟ,
1463 5529 1529 5582 72
1583 5539 1636 5582 et
1689 5528 1778 5589 75,
1818 5537 1980 5596 atque
2014 5544 2174 5595 ςινειιο

608 5609 845 5648 tnentmn
884 5600 1256 5654 haereticorum
1296 5601 1347 5655 iu
1389 5599 1900 5668 ipsosmetretorsil,
1931 5607 1986 5651 ut
2012 5596 2174 5668 Didy-

609 5678 751 5715 III'IS.

681 5732 754 5801 (ό)
800 5733 932 5805 Ego.
967 5734 1122 5794 Joan.
1156 5754 1267 5801 xw,
1308 5738 1361 5793 6.

682 5808 756 5871 (Li)
829 5808 961 5855 Iz'rce
1014 5822 1126 5866 rqn.
1193 5809 1292 5860 lsa.
1371 5824 1479 5873 t.tv,
1562 5807 1745 5861 11-15.
1810 5807 2172 5874 Hieronymus

2283 3336 2341 3389 ἐν
2365 3337 2646 3406 κτίσμασι,
2668 3338 2972 3402 καθολικῶς
2997 3340 3056 3392 τὸ
3080 3339 3330 3410 δεύτερον
3354 3339 3553 3409 γράφει
3573 3355 3617 3388 ·‹
3645 3338 3719 3390 Οὐ
3749 3337 3861 3406 γὰρ

2285 3417 2554 3498 θελήματί
2589 3429 2875 3499 ἀνθρώπου
2925 3429 3126 3502 ἠνέχθη
3176 3430 3481 3501 προφητεία
3528 3429 3697 3492 ποτὲ,
3739 3427 3857 3481 ἀλλ’

2284 3518 2387 3572 ὑπὸ
2414 3520 2731 3590 Πνεύματος
2766 3521 2923 3587 ἁγίου
2950 3522 3241 3590 φερόμενοι
3270 3520 3537 3590 ἐλάλησαν
3574 3519 3682 3572 ἀπὸ
3717 3515 3854 3572 Θεοῦ

2279 3609 2424 3679 ἅγιοι
2463 3610 2792 3680 ἄνθρωποι.»
2832 3611 2942 3663 Καὶ
2973 3613 3028 3663 αἱ
3063 3612 3297 3681 Πράξεις
3321 3612 3379 3663 δὲ
3404 3612 3510 3664 τῶν
3545 3609 3857 3664 ἀποστόλων

2281 3702 2627 3773 περιέχουσιν
2675 3701 2833 3754 τάδε·
2892 3702 3160 3775 «Πέτρος,
3225 3704 3486 3776 πλησθεὶς
3539 3704 3857 3773 Πνεύματος

2281 3875 2507 3932 quoque
2528 3874 2645 3930 post
2686 3862 2968 3932 Didytnnm
2997 3864 3109 3917 hcce
3136 3865 3201 3917 ad
3240 3846 3762 3932 ECCleSitltllil‘eliliil
3800 3861 3853 3914 in

2275 3929 2579 3987 Comment.
2622 3937 2687 3985 ad
2724 3929 2866 3989 lin—nc
2895 3934 3066 3989 locum
3099 3944 3227 3987 tom.
3262 3932 3351 3995 ιγ,
3374 3948 3496 4001 pag.
3538 3931 3683 3986 651.¹

2345 4019 2423 4090 (7)
2466 4019 2687 4081 Lat-idea
2729 4022 2989 4090 crystalli.
3032 4022 3300 4090 Complut.
3349 4020 3519 4075 editio
3568 4034 3667 4088 pro
3713 4036 3853 4089 κρυ-

2267 4088 2491 4161 στάλλου
2561 4092 2716 4145 habet
2761 4088 3662 4161 κρυστάλλους.Ἐτιιηοοίιιιυιειιείε
3686 4088 3852 4161 vero:

2262 4160 2373 4213 Καὶ
2432 4160 2534 4225 τάς
2587 4161 2761 4224 πύλας
2801 4159 2908 4213 σου
2973 4161 3188 4225 λίθους,
3250 4160 3621 4231 κρυστάλλους
3645 4159 3850 4222 λίθους.

2339 4250 2418 4321 (8)
2474 4251 2658 4306 Decios
2694 4252 2809 4305 Dei.
2857 4250 2913 4321 Id
2939 4261 3039 4316 est,
3078 4253 3266 4306 doctos
3291 4267 3319 4302 a
3350 4249 3485 4305 Deo.

2341 4320 2414 4389 (9)
2459 4321 2725 4386 Scriptum
2753 4331 2851 4375 est.
2880 4320 3034 4374 Joan.
3064 4336 3135 4383 νι,
3171 4321 3262 4375 45.

2340 4392 2450 4459 (t0)
2501 4391 2597 4445 Vos
2629 4396 2782 4444 enim.
2819 4392 2836 4444 Ι
2872 4389 3066 4444 Thess.
3098 4406 3171 4451 tv,
3202 4392 3252 4443 9.

2342 4458 2451 4531 (11)
2489 4460 2610 4515 Ille.
2664 4460 2820 4516 Juan.
2875 4476 2984 4523 xiv,
3033 4458 3122 4512 26.
3176 4459 3319 4513 Cital
3370 4475 3588 4515 sensum
3644 4459 3845 4531 potius,

2055 4553 2162 4607 Μη,
2198 4519 2241 4573 D
2271 4519 2444 4607 quam
2466 4534 2655 4607 verba.
2703 4532 2854 4583 Ilttnc
2885 4519 3013 4582 vero
3046 4531 3218 4607 lucum
3248 4531 3340 4607 _sic
3370 4532 3606 4607 explicat
3643 4519 3694 4607 in
3748 4519 3845 4583 lib.

2272 4600 2344 4652 De
2386 4598 2585 4668 Spiritu
2617 4614 2823 4666 sancto,
2864 4599 3120 4668 numam
3157 4617 3170 4653 :
3202 4617 3219 4648 ι
3247 4599 3469 4653 Dor-ebit
3520 4602 3697 4654 omnia
3753 4613 3848 4654 eos

2273 4672 2361 4735 qui
2408 4667 2458 4723 in
2515 4672 2617 4722 title
2664 4670 2863 4724 Cbristi
2923 4667 3147 4738 perfecti
3205 4679 3372 4723 sunt:
3404 4670 3583 4722 omnia
3637 4678 3843 4732 autem,

2273 4741 2356 4792 illa
2387 4755 2509 4807 qua:
2539 4739 2840 4806 spiritttalia
2872 4748 2998 4793 sunt
3026 4748 3081 4792 et
3118 4739 3523 4792 intellectualia.
3553 4756 3573 4790 ι

2342 4832 2453 4901 (l2)
2493 4829 2594 4896 Qui
2628 4830 2770 4899 legit.
2794 4829 3038 4901 _Locutio
3070 4830 3268 4885 biblica
3299 4846 3364 4901 ex
3410 4828 3571 4884 Marc.
3613 4845 3728 4893 χιιι,
3755 4829 3842 4883 14.

2342 4899 2453 4969 (15)
2496 4902 2653 4953 Deus.
2700 4904 2754 4953 ltt
2793 4899 3013 4968 Vulgata
3071 4900 3435 4969 translatione
3478 4915 3599 4969 non,
3630 4909 3847 4953 exstant

2271 4968 2387 5024 Itaac
2420 4970 2599 5033 vetba,
2656 4974 2749 5023 sed
2796 4980 3010 5023 exstant
3049 4970 3100 5023 itt
3135 4969 3343 5024 Grieca.
3397 4968 3527 5021 Nam
3584 4968 3843 5023 Proverb.

2275 5056 2400 5104 xxx,
2465 5041 2521 5103 5,
2586 5040 2672 5093 ubi
2728 5040 2984 5107 Vulgattts
3038 5040 3137 5093 ittt.
3201 5041 3384 5100 liabet,
3441 5037 3609 5092 (Non
3675 5039 3839 5107 didici

2271 5112 2609 5178 sapientiam,
2641 5128 2658 5158 ι
2696 5106 2879 5162 ϐτιιιειι
2919 5108 3083 5162 editio
3137 5111 3298 5164 liabet
3328 5129 3340 5162 :
3371 5107 3502 5171 Θεὸς
3539 5108 3595 5161 δὲ
3637 5106 3843 5170 ἐδίδαξὲ

2274 5195 2342 5249 με
2378 5179 2590 5248 σοφίαν,
2620 5180 2669 5231 id
2708 5187 2810 5243 est,
2848 5197 2866 5229 ι
2896 5179 3035 5232 Deus
3080 5189 3258 5232 autem
3307 5179 3487 5233 docuit
3520 5192 3604 5231 me
3630 5179 3846 5246 sapien-

2274 5254 2421 5301 tiam.
2454 5269 2472 5300 ι
3160 5254 3165 5271 ¹

2342 5317 2453 5387 (14)
2494 5316 2702 5387 Docuit.
2747 5316 2883 5370 l’sal.
2920 5333 3046 5387 Lxx,
3079 5331 3227 5387 vers.
3257 5317 3323 5370 l8
3348 5318 3377 5387 ν(
3402 5332 3494 5372 seu
3526 5317 3591 5370 17
3616 5321 3652 5381 ὶ.
3679 5315 3840 5387 Com-

2272 5385 2536 5452 pltitensis
2571 5387 2732 5440 editio
2759 5405 2773 5441 :
2808 5389 2863 5441 '0
2890 5386 3020 5449 Θεός
3059 5404 3181 5456 μου,
3210 5386 3246 5441 ἃ
3278 5386 3520 5451 ἐδίδαξας
3552 5403 3619 5455 με
3644 5388 3708 5438 ὲκ
3732 5385 3848 5438 νεό-

2270 5457 2432 5529 τητός
2466 5474 2589 5527 μου,
2622 5458 2671 5509 id
2699 5467 2798 5521 est,
2853 5474 2871 5529 ς
2901 5457 3038 5511 Dens
3074 5472 3246 5520 tuens,
3284 5472 3403 5529 quas
3434 5456 3661 5529 docuisti
3700 5470 3787 5529 me
3815 5475 3843 5507 ιι

2267 5525 2549 5593 iuventute
2594 5543 2732 5579 mea.
2761 5547 2780 5578 ι
2850 5528 3106 5596 Didymus
3156 5525 3335 5596 autem
3385 5527 3444 5596 iu
3488 5525 3624 5577 libro
3678 5525 3843 5577 etiam

2276 5597 2350 5648 De
2381 5599 2589 5663 Spiritu
2619 5609 2819 5663 sancto,
2849 5595 2997 5650 ttulit.
3027 5597 3115 5657 51,
3145 5595 3321 5649 allinia
3347 5595 3657 5663 scripserat,
3684 5608 3749 5647 ac
3781 5609 3845 5649 ne

2277 5668 2346 5736 ibi
2383 5669 2597 5734 quidem
2644 5668 2771 5736 legit
2798 5666 3038 5736 voculatn
3081 5667 3249 5729 illam,
3296 5664 3449 5736 &,id_
3478 5673 3563 5717 cst
3614 5678 3841 5736 cquae.»

2278 5731 2568 5793 litcecn'tm
2621 5731 2934 5789 ibt'ltabcnt
2972 5734 3115 5785 edita
3160 5734 3488 5801 exemplaria
3526 5752 3537 5787 :
3569 5752 3586 5783 ι
3614 5731 3744 5786 Nam
3791 5742 3845 5783 et

2282 5806 2442 5859 l’ater
2476 5807 2629 5859 dotet
2660 5808 2738 5856 sic
2769 5802 3056 5873 discipulos
3082 5816 3231 5868 suos,
3264 5800 3478 5859 dicente
3504 5805 3617 5869 illo,
3659 5800 3749 5872 qui
3776 5802 3844 5854 ab
