4114 6418
609 452 714 511 647
1840 452 1997 507 01οΥ
2011 454 2079 507 ιιι
2121 450 2586 508 ALEXANDlllNl
3704 455 3856 514 36‘8

607 571 727 625 dem
760 567 872 622 illi:
909 567 1001 622 scd
1035 564 1287 636 perplexa
1340 562 1455 634 (τε)
1482 563 1634 630 adeo,
1668 573 1724 619 et
1769 567 1978 620 ratione
2007 569 2172 621 desti-

2278 566 2483 637 στέρων
2515 568 2609 621 καὶ
2646 567 2770 629 τοὺς
2802 564 3107 635 ὁμόφρονας
3146 564 3279 634 ἡμῖν
3326 563 3750 634 ἁναμνήσοντες,
3778 561 3860 621 ὧν

606 671 721 717 tuta
755 669 838 714 est
866 672 1051 712 eorum
1079 657 1276 719 oratio,
1313 666 1372 709 ut
1399 671 1467 708 ne
1489 668 1555 709 ex
1588 654 1654 709 iis
1683 656 1921 725 quidem,
1965 658 2055 726 qui
2093 657 2172 711 vel

2274 660 2384 713 ἀπὸ
2419 658 2525 711 τῶν
2566 657 2792 729 Γραφῶν
2846 656 3176 728 ἀκηκόασιν*
3230 655 3356 719 τοὺς
3391 655 3436 708 δ’
3493 656 3689 720 ἄλλους
3735 659 3862 712 πει-

608 752 890 805 minimum
918 746 1404 817 quomodocnnqne
1447 746 1754 801 ratiocinari
1803 745 2003 811 Valent,
2036 747 2172 803 ullus

2275 760 2478 812 σοντες,
2502 746 2578 819 τῷ
2607 765 2671 817 γε
2701 747 2785 817 ἐφ’
2809 749 2960 818 ἡμῖν,
2989 747 3063 818 μὴ
3088 745 3230 801 οὕτω
3254 744 3501 817 γνώμης,
3532 746 3565 818 ἢ
3593 748 3857 813 πίστεως,

606 842 675 896 sit
706 841 786 895 eis
808 852 1145 894 assensurus.
1202 837 1284 890 Ad
1335 836 1647 890 illustrauda
1697 836 1864 900 enim,
1900 850 1965 890 ac
1997 837 2176 917 discu-

606 932 784 987 tienda
817 930 997 984 divina
1029 926 1269 991 oracula,
1325 926 1377 980 in
1410 928 1606 996 quibus
1644 941 1763 981 cum
1796 929 1862 981 de
1885 927 1997 993 ipsa
2029 928 2175 981 nullo

606 1024 767 1076 modo
822 1018 1213 1076 contemnenda
1261 1017 1479 1082 deitate,
1536 1029 1647 1070 tum
1700 1018 1766 1072 de
1820 1019 2174 1073 rationalibus

606 1113 749 1167 illius
784 1125 1039 1165 manuum
1092 1109 1371 1179 aperibus,
1440 1122 1629 1176 nempe
1685 1109 1753 1162 de
1782 1109 1958 1171 nobis,
1993 1124 2174 1165 sermo

603 1215 708 1272 est,
730 1202 1123 1273 quadrupedes,
1160 1211 1213 1254 et
1264 1201 1619 1254 inanimatum
1654 1200 1938 1255 aediﬁcium
1973 1201 2025 1255 in
2061 1218 2174 1257 tne-

603 1296 749 1349 dium
781 1291 1031 1357 aﬂerunt,
1066 1305 1130 1345 ac
1151 1291 1449 1345 tremendis
1480 1289 1776 1360 Scriptum
1802 1293 2057 1357 textibus,
2086 1307 2172 1348 re-

604 1385 809 1453 busque
835 1383 997 1436 veluti
1029 1382 1280 1447 illudunt,
1339 1388 1395 1436 et
1454 1394 1550 1449 per
1596 1383 1754 1436 rudes
1805 1382 1988 1445 hasce,
2020 1382 2171 1437 inﬁr-

604 1488 826 1543 masque
844 1473 1285 1527 ratiocinationes
1320 1472 1387 1526 ad
1410 1486 1566 1525 suum
1591 1472 1827 1541 ipsorum
1855 1474 2170 1528 barathrum

604 1566 857 1628 invitant,
888 1579 1074 1619 eorum
1112 1563 1288 1618 instar
1315 1563 1407 1632 qui
1461 1576 1623 1632 parva
1659 1564 1893 1632 quadam
1925 1579 2047 1619 esca
2073 1566 2173 1635 pis-

603 1671 695 1711 ces
718 1657 784 1710 ad
816 1658 1031 1711 hamum
1098 1655 1340 1717 trahunt,
1395 1662 1450 1709 et
1505 1655 1745 1723 capiunt.
1780 1653 1888 1709 Nos
1914 1668 2041 1711 vero
2080 1658 2168 1726 qui

603 1748 743 1801 nulla
773 1754 1011 1817 unquam
1041 1747 1328 1802 occasione
1360 1756 1466 1800 non
1496 1746 1915 1812 declaravimus,
1939 1749 2172 1803 maxime

602 1839 758 1894 nobis
785 1849 899 1893 ιοιο
931 1840 1057 1894 vita:
1091 1842 1345 1904 decursu,
1394 1846 1454 1890 ut
1494 1838 1650 1892 nobis
1687 1838 1906 1907 quidem
1937 1840 2167 1907 videtur,

2271 840 2349 902 ὡς
2398 839 2642 909 ἔχουσιν,
2684 837 2779 892 τοῦ
2822 839 3011 892 λοιποῦ
3058 838 3224 909 ἔχειν.
3267 840 3333 892 Οί
3385 837 3494 909 γὰρ
3542 839 3857 910 ἀξιούμενοι

2238 938 2241 943 ’
2273 930 2414 1001 ἔχειν
2439 932 2725 986 κατοικοῦν
2749 934 2807 985 ὲν
2842 932 3027 994 ἀὐτοῖς
3058 930 3120 983 τὸ
3159 929 3401 1001 πληροῦν
3432 930 3503 983 τὰ
3548 931 3729 985 πάντα
3768 934 3859 985 ὲν-

2272 1026 2574 1078 υπόστατον
2602 1022 2826 1095 Πνεῦμα
2853 1022 2948 1077 τοῦ
2977 1021 3133 1086 Θεοῦ,
3158 1020 3280 1075 οὔτε
3309 1022 3449 1076 κατὰ
3472 1023 3790 1093 ὁμωνυμίαν
3820 1024 3855 1093 ἢ

2275 1107 2638 1188 συνωνυμίαν,
2662 1116 2782 1169 οὔτε
2807 1115 2947 1169 κατὰ
2974 1115 3321 1187 ἁλληγορίαν,
3351 1113 3476 1193 οὔτε
3517 1116 3658 1170 κατὰ
3687 1133 3860 1186 μετα-

2273 1206 2467 1278 φορὰν,
2518 1206 2644 1269 ναὸς
2692 1205 2855 1259 αὑτοῦ
2906 1204 3292 1275 ὠνομὰσμεθα,
3331 1204 3465 1257 ἁλλὰ
3518 1205 3725 1275 κυρίως
3761 1206 3858 1258 καὶ

2273 1297 2414 1350 κατὰ
2451 1296 2727 1367 ἀλήθειαν.
2766 1296 2926 1348 Ὅθεν
2963 1297 2991 1347 ὁ
3038 1295 3380 1359 Ἀπόστολος,
3423 1296 3485 1349 ού
3535 1294 3612 1365 τῷ
3658 1296 3718 1348 ὲν
3753 1297 3856 1349 Ἰε-

2276 1386 2591 1459 ροσολύμοις
2619 1386 2734 1457 ναῷ
2779 1386 2873 1440 καὶ
2910 1385 3161 1446 ἐκείνοις.
3210 1380 3292 1448 οἷς
3341 1386 3510 1438 εἰκόνι
3555 1388 3865 1458 ἐχρήσαντο

2271 1478 2556 1549 αἱρετικοὶ,
2590 1459 2727 1531 ἁλλὰ
2763 1480 2873 1547 γὰρ
2922 1479 3152 1547 πιστοίς,
3197 1475 3331 1529 Θεδν
3377 1476 3564 1546 σαφῶς
3607 1477 3670 1530 τὸ
3698 1479 3858 1546 ἅγιον

2271 1568 2498 1639 Πνεῦμα
2540 1565 2681 1621 εἷναι
2729 1568 2966 1630 δεικνὺς,
3003 1565 3137 1636 ἔφη’
3180 1586 3197 1617 ι
3227 1567 3342 1620 Οὐκ
3386 1565 3585 1630 οἴδατε,
3616 1568 3698 1621 ὅτι
3728 1568 3858 1635 ναὸς

2271 1659 2405 1712 Θεοῦ
2440 1660 2582 1723 ἐστε,
2610 1659 2705 1712 καὶ
2737 1658 2799 1711 τὸ
2832 1657 3054 1728 Πνεῦμα
3076 1657 3172 1710 τοῦ
3199 1657 3334 1711 Θεοῦ
3365 1659 3503 1712 οίκεί
3539 1661 3597 1712 ὲν
3630 1661 3798 1730 ὑμῖν;
3832 1680 3851 1712 ι

2273 1749 2383 1802 Καὶ
2441 1748 2576 1819 πρὸς
2627 1746 2945 1818 Ἐϐραίους*
2998 1746 3272 1816 «Μέτοχοι
3324 1746 3643 1816 Πνεύματος
3696 1748 3857 1815 ἁγίου

2273 1838 2458 1906 ὲσμέν.
2492 1856 2510 1888 ›
2550 1837 2613 1889 Ei
2640 1836 2749 1907 γὰρ
2774 1837 2900 1899 ναὸς
2924 1834 3018 1889 τοῦ
3065 1834 3220 1903 ἁγίου
3262 1834 3601 1905 Πνεύματος,
3644 1835 3741 1906 οὐχ
3777 1836 3857 1900 ὡς

602 1948 745 1986 cura:
768 1929 953 1996 fuisse,
987 1941 1045 1985 ut
1082 1931 1215 1985 nihil
1238 1943 1440 1985 temere
1470 1929 1960 2000 pronuntiaremus,
1990 1941 2082 1985 aut
2103 1947 2169 1986 ex

2270 1922 2598 1992 Θεοῦ,’ἁλλὰ
2628 1927 2781 2000 παρὰ
2811 1928 2872 1980 τὸ
2908 1928 3081 1980 ἐννεῖν
3120 1926 3214 1980 καὶ
3249 1927 3480 1979 ἐνοικεῖν
3510 1926 3700 1996 ἐσμεν,
3734 1928 3857 1980 οὐδὲ

599 2023 724 2077 odio
754 2022 807 2076 in
870 2022 1217 2091 quempiam,
1265 2020 1470 2089 quique
1524 2020 1823 2073 convicium
1871 2021 2168 2090 quodlibet,

600 2114 812 2169 tametsi
845 2129 949 2168 non
989 2114 1268 2182 injustum,
1323 2113 1613 2166 vitavimos
1662 2110 1799 2182 (27),
1837 2111 1902 2166 iis
1925 2112 2167 2182 quidem,

598 2206 689 2274 qui
723 2204 1103 2273 prudentiores
1151 2213 1296 2268 sunt,
1336 2204 1541 2272 quique
1582 2194 1870 2257 nobiscum
1905 2202 2169 2267 sentiunt,
2212 2274 2217 2279 Δ

598 2310 662 2349 ea
703 2296 755 2349 in
786 2296 1105 2349 memoriam
1132 2308 1389 2350 revocare
1429 2293 1727 2363 pergimus,
1776 2306 1896 2363 qua!
1918 2307 1983 2347 ex
2020 2291 2173 2346 Scri-

598 2387 771 2454 pturis
800 2388 1156 2451 audiverunt;
1195 2385 1411 2439 caeteris
1439 2400 1567 2437 vero
1595 2384 1747 2450 illud,
1780 2382 2171 2454 quantum(28)

601 2480 823 2547 quidem
857 2479 912 2531 in
961 2478 1114 2532 nobis
1169 2488 1275 2543 est,
1337 2476 1693 2545 persuadere,
1722 2484 1779 2528 ut
1806 2474 1963 2528 aliam
1997 2474 2049 2528 in
2078 2489 2172 2544 po-

599 2578 804 2624 sterum
838 2570 906 2623 ab
959 2584 1047 2634 ea,
1100 2580 1263 2637 quam
1303 2580 1445 2620 nunc
1495 2565 1717 2631 habent,
1751 2565 2076 2619 sententiam
2106 2578 2172 2618 ac

596 2644 755 2715 ﬁdem
784 2660 1200 2731 amplectantur.
1240 2658 1341 2724 Qui
1374 2658 1521 2713 enim
1552 2657 1696 2725 digni
1727 2656 1853 2711 facti
1875 2672 2081 2724 sumus,
2112 2666 2172 2712 ut

595 2753 930 2808 habitantem
961 2752 1013 2806 in
1043 2752 1197 2806 nobis
1230 2750 1343 2822 (29)
1375 2751 1702 2804 traheremus
1739 2764 1888 2815 eum,
1923 2751 2014 2819 qui
2048 2764 2169 2805 om-

594 2843 684 2898 nia
718 2843 926 2911 implet,
957 2841 1337 2896 subsistentem
1396 2839 1656 2909 Spiritum
1707 2838 1837 2905 Dei;
1871 2854 2047 2910 neque
2075 2855 2173 2909 per

593 2936 1025 3005 bomonymiam,
1057 2945 1149 2989 aut
1176 2933 1584 3003 synonymiam,
1631 2946 1809 3003 neque
1849 2948 1947 3003 per
1969 2932 2172 3002 allego-

597 3026 767 3088 riam,
804 3039 977 3094 neque
1006 3039 1102 3095 per
1137 3025 1505 3093 metaphoram
1539 3023 1797 3092 templum
1843 3022 1961 3093 ejus
1999 3024 2172 3078 norni-

597 3119 714 3173 nati
740 3132 946 3183 sumus,
980 3118 1073 3171 sed
1108 3116 1345 3185 proprie.
1409 3123 1465 3169 et
1519 3118 1814 3170 secundum
1857 3115 2167 3170 veritatem.

596 3208 957 3275 Quamobrem
989 3207 1285 3266 manifesto
1315 3204 1609 3277 Apostolus
1625 3206 1888 3275 Spiritum
1918 3216 2165 3261 sanetum

2273 2019 2366 2074 τοῦ
2395 2018 2531 2073 Θεοῦ
2554 2020 2679 2082 ναὸς
2705 2018 3016 2087 κληθέντες,
3035 2016 3110 2080 ὼς
3136 2015 3272 2070 Θεοῦ
3306 2014 3851 2088 προσηγορεύθημεν.

2272 2111 2381 2164 Καὶ
2405 2113 2434 2164 ὁ
2457 2110 2587 2173 Θεὸς
2616 2110 2674 2162 δὲ
2704 2109 2915 2180 Πατὴρ,
2945 2106 3281 2171 δεσποτικῶς
3310 2110 3459 2179 ἡμᾶς
3492 2109 3854 2180 κεκτημένος,

2271 2202 2412 2255 οἰκεῖ
2432 2202 2490 2253 ὲν
2525 2202 2657 2271 ἡμῖν
2687 2199 2835 2269 (ναὸς
2863 2198 2974 2270 γὰρ
2995 2198 3117 2269 Θεῷ
3150 2199 3296 2270 μόνῳ
3320 2198 3605 2270 ἁρμόζει),
3626 2199 3723 2253 καὶ
3751 2216 3855 2252 πα-

2276 2292 2590 2363 ραπλησίως
2621 2287 2806 2355 αὐτοῦ,
2827 2292 2858 2343 ὃ
2887 2307 2945 2343 τε
2988 2290 3283 2361 μονογενὴς
3312 2290 3477 2344 αὐτοῦ
3517 2290 3664 2353 Υἱὸς,
3703 2290 3765 2343 τό
3793 2306 3856 2344 τε

2272 2384 2329 2437 ἓν
2363 2384 2530 2438 αὑτοῦ
2561 2384 2717 2451 ἆγιον
2750 2382 2997 2452 Πνεῦμα.
3043 2383 3155 2436 Καὶ
3201 2382 3260 2434 ὃν
3295 2382 3497 2452 τρόπον
3537 2384 3566 2436 ὁ
3588 2381 3728 2445 ’Θεὸς
3757 2382 3857 2435 καί

2272 2475 2482 2546 Πατὴρ,
2529 2475 2633 2529 κᾶν
2682 2473 2756 2544 μὴ
2799 2474 3127 2545 γέγραπται,
3172 2475 3255 2526 ὃτι
3297 2472 3668 2545 ἐξηγορὰσατο
3705 2476 3854 2545 ἡμᾶς

2271 2564 2349 2636 τῷ
2383 2566 2497 2637 ίδίῳ
2527 2567 2743 2637 αἵματι,
2781 2566 3059 2634 Δεσπότης
3090 2565 3246 2635 ἡμῶν
3279 2567 3427 2618 ἐστιν
3447 2583 3460 2597 ο
3500 2564 3643 2619 οὕτω
3672 2566 3766 2619 καὶ
3791 2565 3856 2620 τὸ

2272 2657 2494 2728 Πνεῦμα
2520 2657 2681 2710 αὐτοῦ
2711 2658 2772 2710 τὸ
2804 2656 2977 2725 ἂγιον.
3018 2656 3240 2720 Τούτοις
3269 2656 3379 2727 γὰρ
3397 2659 3507 2720 τοῖς
3538 2656 3674 2729 πρὸς
3698 2673 3855 2727 περι-

2271 2748 2485 2823 γραφὴν
2512 2747 2613 2818 τῆς
2639 2747 2891 2817 θεότητος
2922 2745 3018 2800 τοῦ
3052 2746 3209 2815 ἁγίου
3259 2747 3577 2817 Πνεύματος
3619 2748 3853 2819 λεγομέ-

2270 2860 2382 2905 νοις
2432 2840 2712 2895 ἁκολουθεῑ
2758 2839 2819 2892 τὸ
2863 2840 3258 2912 παραπλησίως
3299 2841 3390 2894 καὶ
3445 2841 3537 2893 ἐπὶ
3585 2840 3679 2893 τοῦ
3712 2839 3852 2894 Θεοῦ

2269 2932 2483 3005 Πατρὸς
2502 2932 2955 3002 ὲκλαμϐἁνεσθαι.
2987 2932 3083 2996 Τίς
3110 2930 3202 2986 οὖν
3232 2932 3297 2987 ἂν
3321 2932 3562 2986 πείθοιτο
3585 2933 3855 2987 δικαιότε⁴

2272 3018 2364 3096 ρον
2393 3019 2589 3093 Παύλῳ
2625 3023 2718 3077 καὶ
2750 3026 2862 3086 τοῖς
2894 3022 3073 3086 ἄλλοις
3104 3024 3301 3091 ἁγίοις,
3335 3024 3365 3094 ἢ
3398 3024 3717 3095 Μακεδονίῳ
3757 3027 3856 3079 καὶ

2268 3115 2347 3186 τῷ
2374 3114 2627 3177 πλαστῶς
2660 3114 3051 3184 μετανοήσαντι
3087 3114 3316 3185 ’Δρείῳς
3350 3114 3413 3168 Εἰ
3441 3116 3539 3185 μὲν
3569 3116 3680 3187 γάρ
3704 3118 3855 3169 ἐστιν

2269 3208 2454 3273 αὐτοῖς
2486 3206 2590 3260 τῶν
2631 3206 2801 3275 ἁγίων
2846 3206 3024 3275 λόγος,
3079 3206 3197 3271 πῶς
3250 3206 3388 3278 [109
3431 3207 3493 3279 ιι]
3527 3207 3716 3263 ἔλαθον
3759 3210 3856 3265 τά·

596 3302 765 3357 Deum
792 3315 913 3355 esse
937 3301 1246 3364 ostendens,
1284 3315 1392 3354 non
1428 3298 1625 3368 templo
1650 3295 2163 3369 Hierosolymitano,

2270 3298 2456 3364 ξαν-τες
2520 3300 2745 3363 ἑαυτοὺς
2803 3300 2861 3353 ὲν
2925 3302 3039 3361 τοίς
3094 3300 3564 3372 ἀντιταττομένοις
3582 3343 3596 3365 ,
3645 3304 3738 3356 καὶ
3788 3306 3853 3357 ού

599 3394 739 3449 lisve
774 3394 957 3456 rebus,
991 3393 1187 3462 quibus
1217 3401 1275 3445 ut
1309 3391 1572 3461 exemplis
1618 3392 1699 3446 usi
1735 3400 1863 3446 sunt
1897 3392 2162 3457 haeretici,

596 3489 690 3542 sed
742 3485 987 3540 fidelibus
1038 3487 1158 3539 ait:
1192 3501 1211 3537 ι
1244 3482 1482 3541 Nescitis
1547 3482 1687 3555 (ὅθ),
1736 3484 1880 3553 quod
1910 3485 2169 3554 templum

597 3578 691 3632 Dei
719 3578 873 3644 estis,
906 3587 960 3631 et
990 3576 1223 3647 Spiritus
1252 3577 1344 3631 Dei
1379 3577 1588 3631 habitat
1617 3577 1670 3630 in
1715 3576 1909 3632 vobis?
1944 3595 1964 3629 ι
2000 3576 2066 3631 Et
2100 3576 2169 3631 ad

596 3669 895 3729 Hebraeos:
932 3667 1283 3739 t-Participes
1308 3668 1423 3741 (51)
1449 3668 1685 3737 Spiritus
1710 3670 1884 3725 sancti
1921 3683 2162 3723 sumus.»

598 3756 654 3809 Si
690 3758 834 3811 enim
876 3757 1003 3821 ναός
1030 3756 1104 3828 (id
1139 3760 1237 3812 est'
1266 3757 1542 3827 templum)
1599 3757 1834 3829 Spiritus
1874 3760 2044 3814 sancti
2081 3774 2169 3813 su-

598 3863 722 3902 mus
749 3864 853 3903 non
884 3858 936 3900 nt
977 3848 1089 3915 Dei,
1120 3840 1216 3905 sed
1240 3849 1648 3905 inhabitationis
1678 3864 1840 3906 causa
1885 3852 2164 3916 duntaxat,

595 3940 759 3994 ducto
810 3936 973 4011 236
1028 3941 1237 3995 scilicet
1296 3944 1516 3996 nomine
1554 3943 1706 4006 ναός,
1749 3944 1891 4012 quod
1920 3954 2007 3997 est
2036 3956 2170 3996 tem-

597 4028 765 4098 plum,
800 4044 829 4082 a
866 4030 1027 4083 verbo
1053 4032 1244 4094 ὲννεῖν,
1281 4046 1471 4098 nempe
1523 4032 1771 4096 ἐνοικεῖν,
1802 4032 1943 4101 quod
1977 4039 2057 4086 est
2087 4032 2172 4086 in-

595 4121 806 4176 colere:
833 4122 1099 4191 sequitur,
1130 4133 1188 4176 ut
1220 4136 1289 4176 ne
1329 4133 1456 4176 tunc
1489 4123 1705 4191 quidem
1756 4139 1878 4178 cum
1914 4124 2005 4179 Dei
2036 4135 2172 4179 tem-

599 4210 743 4280 plum
780 4212 954 4265 vocati
1007 4210 1231 4274 fuimus,
1283 4210 1539 4280 templum
1577 4210 1669 4266 Dei
1720 4223 1775 4267 ιιι
1811 4213 1904 4268 Del
1933 4216 2172 4270 denomi-

599 4303 709 4356 nati
762 4304 951 4358 simus.
981 4303 1051 4355 At
1083 4317 1210 4356 vero
1234 4310 1287 4356 et
1318 4302 1459 4357 Deus
1502 4303 1681 4371 Pater,
1713 4307 1800 4375 qui
1830 4322 1929 4362 nos
1960 4317 2018 4362 ut
2048 4308 2168 4363 Do-

597 4394 773 4447 minus
805 4393 1064 4463 possidet,
1095 4394 1300 4446 habitat
1327 4394 1378 4447 in
1406 4395 1560 4449 nobis
1584 4395 1729 4465 (nam
1758 4398 1854 4452 soli
1893 4396 2003 4454 Deo
2031 4410 2172 4454 tem-

596 4486 742 4553 plum
775 4485 1072 4551 convenit),
1100 4493 1173 4548 ct,
1201 4485 1449 4540 similiter
1479 4502 1542 4542 ac
1589 4488 1722 4558 ipse,
1761 4504 1881 4544 cum
1925 4492 2170 4562 unigeni-

599 4568 687 4633 t'us
720 4576 889 4646 ipsius
922 4575 1114 4641 Filius,
1170 4586 1280 4628 tum
1321 4588 1459 4631 unos
1490 4577 1607 4647 ejus
1662 4577 1897 4648 Spiritus
1922 4591 2164 4636 sanctus.

2266 3390 2437 3444 ταυτὰ
2473 3390 2705 3453 ἐκείνοις
2725 3389 2903 3457 λέγειν
2934 3391 3029 3443 καὶ
3048 3392 3266 3463 φρονεῖν
3291 3391 3564 3458 ἁξιοῦσινς
3591 3394 3653 3446 Εί
3679 3393 3735 3446 δὲ
3760 3394 3856 3447 ἁλ-

2266 3480 2372 3544 λως
2404 3481 2502 3553 μὲν
2535 3483 2784 3548 ἐκείνοις,
2820 3484 2993 3549 ἄλλως
3027 3486 3083 3539 δὲ
3115 3485 3326 3549 τούτοις
3359 3486 3506 3540 δοκεῖ
3538 3485 3717 3557 (τοῦτο
3742 3489 3854 3560 γὰρ

2265 3562 2666 3643 ἀναμφίλεκτον
2691 3578 2785 3644 ἀφ’
2822 3569 2898 3630 ὧν
2940 3576 3228 3630 δέδεικται.
3276 3578 3351 3630 Uti
3382 3577 3491 3649 γὰρ
3524 3579 3725 3648 τοίχοις
3756 3582 3853 3635 xa‘t

2270 3662 2579 3736 θρέμμασιν
2613 3667 3096 3739 καταφρονητικῶς
3135 3668 3231 3721 καὶ
3272 3668 3659 3739 χλευαστικῶς,
3697 3671 3772 3734 ὡς
3800 3674 3851 3725 al

2269 3754 2524 3827 ὑϐρισταὶ
2551 3752 2718 3823 οὗτοι,
2749 3759 3211 3831 παραϐάλλοντες,
3247 3761 3279 3831 ἢ
3309 3760 3367 3813 ἓν
3395 3761 3489 3815 καὶ
3512 3762 3708 3815 ταυτὸν
3730 3764 3853 3817 τού-

2266 3860 2380 3910 τοις
2407 3843 2546 3902 εἷναι
2591 3844 2977 3919 δοκιμάζοντες
3016 3851 3106 3905 τὸν
3151 3852 3365 3921 λογικὸν
3406 3853 3554 3917 ναὸν,
3598 3854 3691 3906 τὸν
3725 3854 3849 3907 κατ’

2268 3942 2451 3995 εἰκόνα
2480 3941 2572 3994 τοῦ
2603 3941 2763 4005 Θεοῦ,
2816 3943 2877 3996 τὸ
2910 3942 3071 4015 ἔργον
3121 3944 3228 3997 τῶν
3282 3945 3482 4016 χειρῶν
3531 3945 3718 4006 αὐτοῦ,
3754 3945 3851 3999 καὶ

2267 4030 2376 4085 τῶν
2405 4032 2497 4084 ἐπὶ
2528 4032 2632 4103 γῆς
2660 4033 2719 4086 τὺ
2745 4034 3049 4099 κάλλιστον,
3082 4034 3318 4107 ἔχρησαν
3343 4036 3412 4089 τὰ
3442 4037 3735 4108 ἐκκείμενα
3760 4037 3850 4090 λόο

2268 4122 2404 4191 για),
2444 4122 2504 4175 οὐ
2557 4124 2897 4196 Χριστιανῶν
2953 4127 3073 4197 μὲν,
3122 4128 3243 4180 οὐδὲ
3293 4126 3464 4190 ἄλλως
3511 4127 3687 4195 σοφῶν
3732 4130 3852 4181 ἐστι

2267 4214 2452 4269 τοῦτο’
2483 4216 2604 4269 οὐδὲ
2646 4216 2931 4288 ἀληθεύειν
2978 4198 3203 4272 τοιαῦτα
3254 4220 3451 4283 αὐτοὺς
3495 4218 3850 4283 διδάσκοντας

2270 4306 2335 4361 ἄν
2366 4325 2450 4370 τις
2478 4307 2577 4380 τὴν
2624 4309 2796 4379 ἀρχὴν
2825 4309 3055 4381 νομίσοι.
3110 4309 3296 4374 Οῦτως
3342 4311 3398 4364 δὲ
3449 4309 3592 4382 ἔχειν
3623 4309 3850 4380 γνώμης

2269 4396 2467 4460 αὐτοὺς
2502 4398 2578 4461 ὼς
2605 4398 2821 4469 ἀληθῶς
2856 4399 3066 4470 μαθὼν,
3109 4400 3228 4464 πῶς
3257 4400 3357 4455 οὐκ
3397 4402 3642 4474 οἰήσεται
3686 4400 3847 4453 πλέον

2272 4490 2588 4558 σωφρονεῖν,
2619 4487 2685 4540 ἂν
2719 4488 2789 4541 τὰ
2825 4490 2922 4559 μὲν
2953 4490 3243 4560 αίρετικῶν
3286 4490 3486 4563 φεύγῃ,
3516 4490 3754 4544 πείθοιτο
3787 4489 3847 4543 δὲ

2270 4574 2350 4642 οἷς
2383 4579 2561 4650 πολλῷ
2600 4580 2840 4652 ἄμεινον,
2876 4584 3019 4653 φημὶ
3061 4584 3173 4646 τοῖς
3210 4583 3406 4651 ἁγίοις,
3441 4584 3496 4655 ἦ,
3526 4586 3588 4638 τό
3613 4602 3675 4653 γε
3714 4583 3851 4655 ἁλη-

598 4669 667 4725 Ει
691 4640 1143 4738 quemadmodum
1200 4666 1342 4724 Deus
1383 4678 1437 4724 et
1483 4640 1670 4734 Pater,
1701 4640 1978 4742 -quamvis
2008 4675 2072 4729 de
2101 4690 2167 4733 eo

2273 4663 2547 4742 θέστερον,
2580 4674 2692 4735 τοῖς
2716 4672 2882 4726 αὐτοῦ
2916 4672 3010 4726 τοῦ
3046 4673 3212 4740 Θεοῦ;
3240 4676 3326 4728 «ού
3368 4676 3474 4747 γὰρ
3508 4676 3573 4730 ἄν
3611 4694 3714 4742 τις,
3747 4674 3849 4731 κᾶν

596 4755 860 4824 scriptum
892 4766 1009 4808 non
1032 4755 1123 4817 sit,
1149 4756 1293 4824 quod
1328 4770 1429 4809 nos
1462 4759 1680 4826 proprio
1728 4759 1991 4829 sanguine
2020 4761 2172 4815 rede-

599 4844 785 4906 merit.
811 4844 1069 4898 Dominus
1100 4855 1285 4898 noster
1306 4854 1418 4900 est:
1458 4848 1529 4900 ita
1581 4848 1746 4902 etiam
1805 4859 2025 4905 sanctus
2055 4851 2172 4918 eius
2220 4860 2225 4867 ‘

597 4935 856 5006 Spiritus.
889 4933 1012 4989 llatc
1037 4935 1208 5002 enim,
1237 4952 1357 5006 qua:
1385 4938 1450 4997 ad
1483 4939 1891 4995 describendam
1938 4941 2172 5012 Spiritus

595 5112 727 5177 ctio,
776 5118 833 5164 ut
873 5111 1179 5182 intlrmetur
1223 5113 1367 5182 quod
1407 5114 1667 5168 catholica
1713 5114 1869 5168 docet
1908 5115 2170 5181 Ecclesia,

597 5198 700 5235 non
749 5183 904 5236 modo
946 5180 1137 5236 Filium
1179 5180 1301 5237 eset:
1346 5195 1589 5236 nostrum
1631 5202 1647 5234 ι
1673 5186 1977 5249 Dtnnitutm,
2010 5206 2028 5238 ι
2076 5180 2169 5242 sed

595 5265 650 5305 ot
704 5252 964 5319 Spiritum
1016 5264 1262 5325 sanctum
1298 5268 1313 5305 :
1345 5263 1405 5306 ut
1450 5253 1641 5325 colligo
1674 5270 1739 5308 ex
1780 5256 1970 5323 capitis
2014 5258 2172 5325 hujus

596 5332 936 5395 argrtmetyo.
971 5332 1020 5395 et
1057 5336 1121 5375 ex
1150 5324 1241 5395 iis,
1264 5337 1399 5395 _quae
1437 5323 1796 5395 subjiciuntur
1823 5341 1940 5395 pag.
1969 5342 2082 5394 seq.

666 5389 777 5460 ('26)
830 5389 1118 5464 Perplexa.
1146 5392 1202 5464 lu
1230 5389 1473 5464 (Graeco,
1511 5393 1730 5464 ἀπόρως
1776 5389 1871 5447 καὶ
1892 5389 2134 5464 ’ἀλόγως
2155 5411 2168 5428 .

596 5464 737 5528 quod
769 5473 1038 5529 sumptum
1074 5462 1241 5515 videri
1288 5473 1469 5528 queat,
1520 5462 1819 5518 aut‘lncem
1863 5479 2010 5519 certe
2036 5462 2171 5518 ‘tnud

598 5539 779 5602 luatur
799 5547 862 5602 ex
892 5533 1123 5602 Polluce,
1145 5531 1247 5602 qui
1278 5530 1373 5602 lib.
1412 5547 1485 5597 \‘l,
1523 5548 1640 5601 cap.
1672 5535 1741 5587 54
1772 5535 1824 5588 in
1868 5550 2025 5599 eum,
2076 5536 2166 5602 qui

594 5598 749 5666 ὀλίγα
801 5601 892 5674 a.~_.j
940 5598 1224 5674 ἀσθενείας
1277 5600 1457 5669 λέγει,
1511 5604 1562 5657 id
1591 5598 1709 5669 est,
1735 5605 1825 5671 qui
1868 5598 2167 5674 perspicuis

600 5670 889 5743 adversarii
950 5673 1250 5743 rationibus
1309 5675 1621 5740 convictus,
1677 5670 2166 5743 pauca—duntaxat

597 5738 864 5814 balbutire
896 5741 1055 5814 valet,
1086 5742 1356 5814 quadrare
1380 5744 1454 5794 ait
1477 5744 1589 5795 haec
1608 5738 1633 5795 ἐ
1664 5738 1924 5814 Ἄπορος,
1957 5744 2170 5811 ἄλογος,

596 5808 847 5887 ἁφωνος.
881 5848 896 5863 .
926 5851 938 5863 .
972 5810 1066 5891 και
1119 5809 1183 5861 τὰ
1236 5812 1611 5891 ιπιῤῥήματα,
1660 5808 1896 5891 ἀπόρως.
1943 5808 2172 5881 ἀλόγως,

596 5884 849 5945 οφιὲινως,
886 5896 937 5931 κ.
970 5896 1019 5932 τ.
1053 5884 1102 5931 λ.
1155 5896 1272 5947 qua:
1313 5893 1470 5934 verba
1515 5884 1594 5934 sic
1649 5894 1808 5936 vertit
1864 5886 2128 5952 interpres
2161 5901 2173 5936 :

2272 4763 2505 4834 Γραφῶν
2532 4765 2800 4828 παντοίως
2828 4764 3053 4835 ἄπειρος
3078 4760 3136 4837 ᾗ,
3163 4765 3269 4817 ἀπὸ
3307 4768 3398 4836 ιῆς
3426 4766 3604 4823 αὐτῶν
3622 4768 3848 4838 γνώμης

2276 4852 2435 4921 μόνον
2478 4852 2649 4905 ταῦτα
2686 4853 2965 4924 εἰρηκέναι
3017 4853 3144 4914 τοὺς
3195 4854 3448 4923 ἀρίστους
3495 4853 3704 4919 πάντας
3756 4858 3848 4912 καὶ

2275 4942 2520 5007 κλεινοὺς
2548 4944 2791 5007 ἐκείνους
2825 4943 3023 5012 ἄνδρας
3054 4946 3295 5012 φήσειεν,
3332 4944 3445 4998 ἁλλ’
3468 4944 3589 5003 aint
3627 4946 3715 5001 διὰ
3751 4950 3847 5011 τῆς

2281 5136 2301 5190 ι
2337 5118 2641 5190 perplexius,
2665 5132 2914 5175 sermone
2939 5133 3161 5190 carens,
3192 5130 3436 5175 unum...
3472 5129 3630 5190 atque
3658 5122 3850 5175 adver-

2274 5187 2379 5245 bia.
2408 5189 2724 5255 perplexim,
2751 5200 2915 5252 mute,
2937 5188 3192 5252 infauter,
3219 5211 3236 5240 ι
3263 5204 3366 5245 etc.

2349 5258 2463 5325 (27)
2527 5255 2838 5332 Vitarimus.
2896 5258 3090 5332 Δ(Ξοιίιιχ
3146 5266 3428 5324 ιιιιιιιιιυειε,
3482 5262 3842 5332 πεφεύγομεν.

2274 5326 2417 5401 Lego
2450 5325 2835 5401 Διιτειρεύγαμεν.
2886 5328 3024 5401 Quin
3051 5399 3069 5401 μ
3092 5331 3255 5383 etiam
3303 5347 3399 5401 pro
3454 5325 3688 5385 καιτοῦ
3726 5325 3841 5397 δτι,

2274 5396 2555 5466 legendum
2584 5396 2792 5452 videtur
2843 5399 2939 5451 καὶ
2964 5397 3025 5451 τὸ
3045 5399 3147 5453 ὃτι.

2305 5464 2462 5589 6(28)
2506 5464 2771 5531 Quantum
2835 5480 2939 5523 etc.
2980 5468 3087 5524 Pro
3139 5468 3218 5540 τῷ
3256 5487 3319 5539 γε
3394 5474 3679 5540 legendum
3711 5470 3846 5524 forte

2362 5555 2445 5589 γε.

2272 5554 2333 5590 το
2362 5555 2445 5605 γε.

2346 5608 2458 5680 (29)
2492 5607 2557 5680 In
2589 5608 2753 5662 nobis.
2780 5607 2980 5675 Codex,
3010 5608 3070 5663 ὲν
3093 5609 3299 5673 αὐτοῖς.
3333 5611 3471 5680 Lege
3532 5614 3589 5664 ἐν
3612 5612 3841 5673 ἑαυτοῖς,

2273 5688 2364 5728 aut
2391 5678 2449 5727 ὲν
2484 5678 2685 5740 αὐτοῖς.

2351 5746 2461 5814 150)
2506 5747 2750 5802 Nescitis.
2784 5748 2801 5801 Ι
2841 5747 2967 5801 Cor.
3001 5762 3083 5810 ιιι,
3110 5747 3197 5803 16.

2349 5816 2463 5883 (51)
2510 5814 2821 5884 Ρωιίεῳεε.
2853 5818 3013 5869 Ilebr.
3053 5833 3125 5881 \‘l,
3157 5819 3209 5871 4.
3245 5818 3428 5873 ercu
3460 5819 3624 5872 Bilolta
3654 5837 3665 5871 :
3697 5817 3843 5871 Μετε

2278 5885 2435 5953 όχους
2465 5885 2785 5954 γενηθέντας
2818 5885 3131 5957 Πνεύματος
3158 5888 3336 5957 ἁγίου.
3546 5918 3549 5921 -
