  <div class='ocr_page' id='page_1' title='image "/cluster/home/n/w/nwhite01/storage/ocr_20150623/39/mdp.39015010572892/348.png"; bbox 0 0 4114 6434; ppageno 0'>
   <div class='ocr_carea' id='block_1_1' title="bbox 299 420 407 476">
    <p class='ocr_par' dir='ltr' id='par_1_1' title="bbox 299 420 407 476">
     <span class='ocr_line' id='line_1_1' title="bbox 299 420 407 476; baseline 0.019 -3"><span class='ocrx_word' id='word_1_1' title='bbox 299 420 407 476; x_wconf 72' lang='grc'><strong>685</strong></span> 
     </span>
    </p>
   </div>
   <div class='ocr_carea' id='block_1_2' title="bbox 1319 412 2484 472">
    <p class='ocr_par' dir='ltr' id='par_1_2' title="bbox 1319 412 2484 472">
     <span class='ocr_line' id='line_1_2' title="bbox 1319 412 2484 472; baseline 0.003 -3"><span class='ocrx_word' id='word_1_2' title='bbox 1319 416 1406 470; x_wconf 84' lang='lat' dir='ltr'><strong>DE</strong></span> <span class='ocrx_word' id='word_1_3' title='bbox 1443 414 1820 468; x_wconf 71' lang='lat' dir='ltr'><strong>TRlNlTATE</strong></span> <span class='ocrx_word' id='word_1_4' title='bbox 1861 414 2057 468; x_wconf 69' lang='lat' dir='ltr'><strong>LIBER</strong></span> <span class='ocrx_word' id='word_1_5' title='bbox 2100 412 2484 472; x_wconf 77' lang='lat' dir='ltr'><strong>SECUNDUS.</strong></span> 
     </span>
    </p>
   </div>
   <div class='ocr_carea' id='block_1_3' title="bbox 3437 423 3542 478">
    <p class='ocr_par' dir='ltr' id='par_1_3' title="bbox 3437 423 3542 478">
     <span class='ocr_line' id='line_1_3' title="bbox 3437 423 3542 478; baseline 0.019 -2"><span class='ocrx_word' id='word_1_6' title='bbox 3437 423 3542 478; x_wconf 70' lang='lat'><strong>686</strong></span> 
     </span>
    </p>
   </div>
   <div class='ocr_carea' id='block_1_4' title="bbox 292 524 1866 602">
    <p class='ocr_par' dir='ltr' id='par_1_4' title="bbox 292 524 1866 602">
     <span class='ocr_line' id='line_1_4' title="bbox 292 524 1866 602; baseline -0.005 -17"><span class='ocrx_word' id='word_1_7' title='bbox 292 529 606 602; x_wconf 72' lang='grc' dir='ltr'>γνησιότητι</span> <span class='ocrx_word' id='word_1_8' title='bbox 637 527 734 581; x_wconf 75' lang='grc' dir='ltr'>τοῦ</span> <span class='ocrx_word' id='word_1_9' title='bbox 765 527 964 581; x_wconf 82' lang='grc' dir='ltr'>οἰκείου</span> <span class='ocrx_word' id='word_1_10' title='bbox 1010 527 1190 580; x_wconf 77' lang='grc' dir='ltr'>τόκου·</span> <span class='ocrx_word' id='word_1_11' title='bbox 1217 525 1280 578; x_wconf 75' lang='grc' dir='ltr'>τὸ</span> <span class='ocrx_word' id='word_1_12' title='bbox 1325 525 1381 578; x_wconf 83' lang='grc' dir='ltr'><strong>δὲ</strong></span> <span class='ocrx_word' id='word_1_13' title='bbox 1410 527 1564 594; x_wconf 74' lang='grc' dir='ltr'>ἅγιον</span> <span class='ocrx_word' id='word_1_14' title='bbox 1604 524 1830 596; x_wconf 78' lang='grc' dir='ltr'><strong>Πνεῦμα</strong></span> <span class='ocrx_word' id='word_1_15' title='bbox 1853 565 1866 588; x_wconf 90' lang='grc'><strong>,</strong></span> 
     </span>
    </p>
   </div>
   <div class='ocr_carea' id='block_1_5' title="bbox 1972 524 3540 602">
    <p class='ocr_par' dir='ltr' id='par_1_5' title="bbox 1976 527 3540 598">
     <span class='ocr_line' id='line_1_5' title="bbox 1976 527 3540 598; baseline 0.008 -21"><span class='ocrx_word' id='word_1_16' title='bbox 1976 541 2090 590; x_wconf 86' lang='lat' dir='ltr'><strong>nes,</strong></span> <span class='ocrx_word' id='word_1_17' title='bbox 2134 539 2198 578; x_wconf 85' lang='lat' dir='ltr'><strong>ac</strong></span> <span class='ocrx_word' id='word_1_18' title='bbox 2257 541 2419 594; x_wconf 83' lang='lat' dir='ltr'><strong>supra</strong></span> <span class='ocrx_word' id='word_1_19' title='bbox 2447 540 2664 580; x_wconf 89' lang='lat' dir='ltr'><strong>onmem</strong></span> <span class='ocrx_word' id='word_1_20' title='bbox 2717 527 2917 582; x_wconf 88' lang='lat' dir='ltr'><strong>inimici</strong></span> <span class='ocrx_word' id='word_1_21' title='bbox 2970 538 3292 598; x_wconf 86' lang='lat' dir='ltr'><strong>potestatem</strong></span> <span class='ocrx_word' id='word_1_22' title='bbox 3349 535 3540 588; x_wconf 66' lang='lat' dir='ltr'><strong>alititll&#39;</strong></span> 
     </span>
    </p>
   </div>
   <div class='ocr_carea' id='block_1_6' title="bbox 293 615 1869 690">
    <p class='ocr_par' dir='ltr' id='par_1_6' title="bbox 293 615 1869 690">
     <span class='ocr_line' id='line_1_6' title="bbox 293 615 1869 690; baseline -0.004 -16"><span class='ocrx_word' id='word_1_23' title='bbox 293 619 648 690; x_wconf 78' lang='grc' dir='ltr'>ἀνοιχθέντων</span> <span class='ocrx_word' id='word_1_24' title='bbox 696 617 876 687; x_wconf 77' lang='grc' dir='ltr'>αὐτῷ,</span> <span class='ocrx_word' id='word_1_25' title='bbox 936 617 1012 681; x_wconf 80' lang='grc' dir='ltr'>ὡς</span> <span class='ocrx_word' id='word_1_26' title='bbox 1060 616 1269 686; x_wconf 85' lang='grc' dir='ltr'>βασιλεί</span> <span class='ocrx_word' id='word_1_27' title='bbox 1308 617 1399 670; x_wconf 76' lang='grc' dir='ltr'>καὶ</span> <span class='ocrx_word' id='word_1_28' title='bbox 1459 615 1714 685; x_wconf 78' lang='grc' dir='ltr'><strong>ἀνωτέρω</strong></span> <span class='ocrx_word' id='word_1_29' title='bbox 1771 615 1869 685; x_wconf 77' lang='grc' dir='ltr'>τῆς</span> 
     </span>
    </p>
   </div>
   <div class='ocr_carea' id='block_1_7' title="bbox 292 707 1864 779">
    <p class='ocr_par' dir='ltr' id='par_1_7' title="bbox 292 707 1864 779">
     <span class='ocr_line' id='line_1_7' title="bbox 292 707 1864 779; baseline -0.003 -14"><span class='ocrx_word' id='word_1_30' title='bbox 292 711 540 779; x_wconf 84' lang='grc' dir='ltr'>ἀγγέλων</span> <span class='ocrx_word' id='word_1_31' title='bbox 562 709 776 778; x_wconf 83' lang='grc' dir='ltr'>φύσεως</span> <span class='ocrx_word' id='word_1_32' title='bbox 815 709 926 762; x_wconf 75' lang='grc' dir='ltr'>ὄντι</span> <span class='ocrx_word' id='word_1_33' title='bbox 944 749 958 772; x_wconf 92' lang='grc'><strong>,</strong></span> <span class='ocrx_word' id='word_1_34' title='bbox 987 708 1096 760; x_wconf 83' lang='grc' dir='ltr'><strong>τῶν</strong></span> <span class='ocrx_word' id='word_1_35' title='bbox 1125 707 1390 778; x_wconf 77' lang='grc' dir='ltr'><strong>οὐρανῶν,</strong></span> <span class='ocrx_word' id='word_1_36' title='bbox 1451 707 1728 768; x_wconf 79' lang='grc' dir='ltr'>κατελθὸν,</span> <span class='ocrx_word' id='word_1_37' title='bbox 1762 709 1864 760; x_wconf 81' lang='grc' dir='ltr'><strong>ἐπ-</strong></span> 
     </span>
    </p>
   </div>
   <div class='ocr_carea' id='block_1_8' title="bbox 294 800 1870 875">
    <p class='ocr_par' dir='ltr' id='par_1_8' title="bbox 294 800 1870 875">
     <span class='ocr_line' id='line_1_8' title="bbox 294 800 1870 875; baseline -0.001 -19"><span class='ocrx_word' id='word_1_38' title='bbox 294 806 483 875; x_wconf 84' lang='grc' dir='ltr'>έμενεν</span> <span class='ocrx_word' id='word_1_39' title='bbox 528 803 620 854; x_wconf 83' lang='grc' dir='ltr'>ἐπὶ</span> <span class='ocrx_word' id='word_1_40' title='bbox 659 801 750 854; x_wconf 85' lang='grc' dir='ltr'><strong>τὸν</strong></span> <span class='ocrx_word' id='word_1_41' title='bbox 796 801 924 854; x_wconf 77' lang='grc' dir='ltr'><strong>Υἰὸν</strong></span> <span class='ocrx_word' id='word_1_42' title='bbox 963 801 1056 854; x_wconf 81' lang='grc' dir='ltr'>τοῦ</span> <span class='ocrx_word' id='word_1_43' title='bbox 1100 800 1254 853; x_wconf 78' lang='grc' dir='ltr'>Θεοῦ.</span> <span class='ocrx_word' id='word_1_44' title='bbox 1283 801 1450 869; x_wconf 71' lang='grc' dir='ltr'>Φησὶν</span> <span class='ocrx_word' id='word_1_45' title='bbox 1477 801 1586 871; x_wconf 86' lang='grc' dir='ltr'><strong>γάρ</strong></span> <span class='ocrx_word' id='word_1_46' title='bbox 1611 817 1624 830; x_wconf 74' lang='grc' dir='ltr'>ο</span> <span class='ocrx_word' id='word_1_47' title='bbox 1665 819 1683 850; x_wconf 84' lang='grc' dir='ltr'><strong>ι</strong></span> <span class='ocrx_word' id='word_1_48' title='bbox 1739 800 1870 855; x_wconf 83' lang='grc' dir='ltr'>Ἰδοὺ</span> 
     </span>
    </p>
   </div>
   <div class='ocr_carea' id='block_1_9' title="bbox 295 889 1870 964">
    <p class='ocr_par' dir='ltr' id='par_1_9' title="bbox 295 889 1870 964">
     <span class='ocr_line' id='line_1_9' title="bbox 295 889 1870 964; baseline -0.004 -14"><span class='ocrx_word' id='word_1_49' title='bbox 295 893 647 964; x_wconf 79' lang='grc' dir='ltr'><strong>ἀνεῴχθησαν</strong></span> <span class='ocrx_word' id='word_1_50' title='bbox 674 893 724 945; x_wconf 80' lang='lat' dir='ltr'><strong>oi</strong></span> <span class='ocrx_word' id='word_1_51' title='bbox 743 893 980 962; x_wconf 78' lang='grc' dir='ltr'>οὐρανοὶ,</span> <span class='ocrx_word' id='word_1_52' title='bbox 1017 891 1110 945; x_wconf 81' lang='grc' dir='ltr'><strong>καὶ</strong></span> <span class='ocrx_word' id='word_1_53' title='bbox 1145 892 1252 944; x_wconf 78' lang='grc' dir='ltr'>ἴδον</span> <span class='ocrx_word' id='word_1_54' title='bbox 1275 893 1334 944; x_wconf 76' lang='grc' dir='ltr'>τὸ</span> <span class='ocrx_word' id='word_1_55' title='bbox 1354 892 1576 962; x_wconf 76' lang='grc' dir='ltr'>Πνεῦμα</span> <span class='ocrx_word' id='word_1_56' title='bbox 1604 889 1699 944; x_wconf 72' lang='grc' dir='ltr'>τοῦ</span> <span class='ocrx_word' id='word_1_57' title='bbox 1733 890 1870 944; x_wconf 74' lang='grc' dir='ltr'>Θεοῦ</span> 
     </span>
    </p>
   </div>
   <div class='ocr_carea' id='block_1_10' title="bbox 295 975 1872 1052">
    <p class='ocr_par' dir='ltr' id='par_1_10' title="bbox 295 975 1872 1052">
     <span class='ocr_line' id='line_1_10' title="bbox 295 975 1872 1052; baseline -0.008 -10"><span class='ocrx_word' id='word_1_58' title='bbox 295 987 624 1042; x_wconf 76' lang='grc' dir='ltr'>καταῦαἴνον</span> <span class='ocrx_word' id='word_1_59' title='bbox 670 984 744 1045; x_wconf 83' lang='grc' dir='ltr'>ὡς</span> <span class='ocrx_word' id='word_1_60' title='bbox 784 982 1132 1052; x_wconf 75' lang='grc' dir='ltr'>περιστεράν.</span> <span class='ocrx_word' id='word_1_61' title='bbox 1176 979 1350 1052; x_wconf 74' lang='grc'><strong>»[119</strong></span> <span class='ocrx_word' id='word_1_62' title='bbox 1398 980 1454 1052; x_wconf 81' lang='grc' dir='ltr'><strong>η]</strong></span> <span class='ocrx_word' id='word_1_63' title='bbox 1483 981 1610 1032; x_wconf 69' lang='lat' dir='ltr'><strong>Nos:</strong></span> <span class='ocrx_word' id='word_1_64' title='bbox 1662 975 1774 1041; x_wconf 79' lang='grc' dir='ltr'>οὖν,</span> <span class='ocrx_word' id='word_1_65' title='bbox 1821 978 1872 1030; x_wconf 79' lang='grc' dir='ltr'><strong>τί</strong></span> 
     </span>
    </p>
   </div>
   <div class='ocr_carea' id='block_1_11' title="bbox 297 1071 1868 1142">
    <p class='ocr_par' dir='ltr' id='par_1_11' title="bbox 297 1071 1868 1142">
     <span class='ocr_line' id='line_1_11' title="bbox 297 1071 1868 1142; baseline -0.005 -12"><span class='ocrx_word' id='word_1_66' title='bbox 297 1081 440 1130; x_wconf 81' lang='grc' dir='ltr'>ἐστιν</span> <span class='ocrx_word' id='word_1_67' title='bbox 473 1076 534 1128; x_wconf 77' lang='grc' dir='ltr'><strong>τὸ</strong></span> <span class='ocrx_word' id='word_1_68' title='bbox 577 1075 729 1142; x_wconf 69' lang='grc' dir='ltr'>ἅγιον</span> <span class='ocrx_word' id='word_1_69' title='bbox 768 1073 1010 1142; x_wconf 80' lang='grc' dir='ltr'><strong>Πνεῦμα,</strong></span> <span class='ocrx_word' id='word_1_70' title='bbox 1047 1073 1142 1125; x_wconf 80' lang='grc' dir='ltr'>ἆτε</span> <span class='ocrx_word' id='word_1_71' title='bbox 1179 1073 1271 1124; x_wconf 81' lang='grc' dir='ltr'><strong>τὸν</strong></span> <span class='ocrx_word' id='word_1_72' title='bbox 1303 1071 1494 1124; x_wconf 83' lang='grc' dir='ltr'>ἑαυτοῦ</span> <span class='ocrx_word' id='word_1_73' title='bbox 1525 1071 1668 1134; x_wconf 75' lang='grc' dir='ltr'>ναὸν,</span> <span class='ocrx_word' id='word_1_74' title='bbox 1702 1072 1868 1140; x_wconf 79' lang='grc' dir='ltr'>ἡμᾶς,</span> 
     </span>
    </p>
   </div>
   <div class='ocr_carea' id='block_1_12' title="bbox 294 1161 1866 1237">
    <p class='ocr_par' dir='ltr' id='par_1_12' title="bbox 294 1161 1866 1237">
     <span class='ocr_line' id='line_1_12' title="bbox 294 1161 1866 1237; baseline -0.004 -17"><span class='ocrx_word' id='word_1_75' title='bbox 294 1167 368 1237; x_wconf 81' lang='grc' dir='ltr'>τῷ</span> <span class='ocrx_word' id='word_1_76' title='bbox 404 1166 613 1235; x_wconf 66' lang='grc' dir='ltr'>ὑψίστῳ</span> <span class='ocrx_word' id='word_1_77' title='bbox 645 1164 763 1232; x_wconf 79' lang='grc' dir='ltr'><strong>Θεῷ</strong></span> <span class='ocrx_word' id='word_1_78' title='bbox 795 1163 1260 1233; x_wconf 78' lang='grc' dir='ltr'><strong>συγκαθεσθῆναι,</strong></span> <span class='ocrx_word' id='word_1_79' title='bbox 1294 1163 1389 1216; x_wconf 73' lang='grc' dir='ltr'><strong>καὶ</strong></span> <span class='ocrx_word' id='word_1_80' title='bbox 1423 1161 1866 1232; x_wconf 69' lang='grc' dir='ltr'>συνὼξασθῆναι,</span> 
     </span>
    </p>
   </div>
   <div class='ocr_carea' id='block_1_13' title="bbox 295 1251 1868 1324">
    <p class='ocr_par' dir='ltr' id='par_1_13' title="bbox 295 1251 1868 1324">
     <span class='ocr_line' id='line_1_13' title="bbox 295 1251 1868 1324; baseline -0.004 -15"><span class='ocrx_word' id='word_1_81' title='bbox 295 1257 386 1309; x_wconf 72' lang='grc' dir='ltr'>καὶ</span> <span class='ocrx_word' id='word_1_82' title='bbox 416 1253 848 1324; x_wconf 65' lang='grc' dir='ltr'>συμῶισιλεῦσαι</span> <span class='ocrx_word' id='word_1_83' title='bbox 891 1255 1070 1315; x_wconf 86' lang='grc' dir='ltr'>ποιεῖ,</span> <span class='ocrx_word' id='word_1_84' title='bbox 1097 1252 1190 1304; x_wconf 77' lang='grc' dir='ltr'>καὶ</span> <span class='ocrx_word' id='word_1_85' title='bbox 1212 1253 1300 1304; x_wconf 83' lang='grc' dir='ltr'>ὅτε</span> <span class='ocrx_word' id='word_1_86' title='bbox 1338 1251 1488 1322; x_wconf 82' lang='grc' dir='ltr'>μένει</span> <span class='ocrx_word' id='word_1_87' title='bbox 1525 1253 1618 1304; x_wconf 65' lang='grc' dir='ltr'><strong>ἐπὶ</strong></span> <span class='ocrx_word' id='word_1_88' title='bbox 1645 1252 1736 1304; x_wconf 81' lang='grc' dir='ltr'><strong>τὸν</strong></span> <span class='ocrx_word' id='word_1_89' title='bbox 1771 1268 1868 1320; x_wconf 88' lang='grc' dir='ltr'>μο-</span> 
     </span>
    </p>
   </div>
   <div class='ocr_carea' id='block_1_14' title="bbox 296 1341 1869 1416">
    <p class='ocr_par' dir='ltr' id='par_1_14' title="bbox 296 1341 1869 1416">
     <span class='ocr_line' id='line_1_14' title="bbox 296 1341 1869 1416; baseline -0.004 -16"><span class='ocrx_word' id='word_1_90' title='bbox 296 1347 483 1416; x_wconf 84' lang='grc' dir='ltr'>νογενῆ</span> <span class='ocrx_word' id='word_1_91' title='bbox 526 1347 691 1398; x_wconf 80' lang='grc' dir='ltr'>Θεόν⁸</span> <span class='ocrx_word' id='word_1_92' title='bbox 739 1345 831 1398; x_wconf 77' lang='grc' dir='ltr'><strong>καὶ</strong></span> <span class='ocrx_word' id='word_1_93' title='bbox 875 1346 924 1396; x_wconf 84' lang='grc' dir='ltr'><strong>εί</strong></span> <span class='ocrx_word' id='word_1_94' title='bbox 981 1343 1144 1407; x_wconf 86' lang='grc' dir='ltr'>ὁσίως</span> <span class='ocrx_word' id='word_1_95' title='bbox 1191 1341 1442 1410; x_wconf 80' lang='grc' dir='ltr'>λέγουσιν</span> <span class='ocrx_word' id='word_1_96' title='bbox 1491 1342 1758 1412; x_wconf 74' lang='grc' dir='ltr'>αἱρετικοὶ</span> <span class='ocrx_word' id='word_1_97' title='bbox 1795 1341 1869 1412; x_wconf 84' lang='grc' dir='ltr'>μὴ</span> 
     </span>
    </p>
   </div>
   <div class='ocr_carea' id='block_1_15' title="bbox 295 1434 1868 1507">
    <p class='ocr_par' dir='ltr' id='par_1_15' title="bbox 295 1434 1868 1507">
     <span class='ocr_line' id='line_1_15' title="bbox 295 1434 1868 1507; baseline -0.003 -17"><span class='ocrx_word' id='word_1_98' title='bbox 295 1435 722 1507; x_wconf 76' lang='grc' dir='ltr'>συγκαθέζεσθαι</span> <span class='ocrx_word' id='word_1_99' title='bbox 784 1436 936 1502; x_wconf 76' lang='grc' dir='ltr'>αὐτὸ,</span> <span class='ocrx_word' id='word_1_100' title='bbox 998 1437 1092 1490; x_wconf 76' lang='grc' dir='ltr'>καὶ</span> <span class='ocrx_word' id='word_1_101' title='bbox 1153 1435 1722 1506; x_wconf 76' lang='grc' dir='ltr'>συμπροσκυνεῖσθαι,</span> <span class='ocrx_word' id='word_1_102' title='bbox 1775 1434 1868 1486; x_wconf 77' lang='grc' dir='ltr'><strong>καὶ</strong></span> 
     </span>
    </p>
   </div>
   <div class='ocr_carea' id='block_1_16' title="bbox 295 1511 1867 1600">
    <p class='ocr_par' dir='ltr' id='par_1_16' title="bbox 295 1511 1867 1600">
     <span class='ocr_line' id='line_1_16' title="bbox 295 1511 1867 1600; baseline -0.004 -18"><span class='ocrx_word' id='word_1_103' title='bbox 295 1527 708 1600; x_wconf 79' lang='grc' dir='ltr'>συμϐασιλεύειν</span> <span class='ocrx_word' id='word_1_104' title='bbox 747 1526 824 1597; x_wconf 85' lang='grc' dir='ltr'>τῷ</span> <span class='ocrx_word' id='word_1_105' title='bbox 863 1527 982 1598; x_wconf 85' lang='grc' dir='ltr'><strong>Θεῷ</strong></span> <span class='ocrx_word' id='word_1_106' title='bbox 1008 1511 1204 1598; x_wconf 81' lang='grc' dir='ltr'>Πατρί.</span> <span class='ocrx_word' id='word_1_107' title='bbox 1245 1527 1336 1598; x_wconf 84' lang='grc' dir='ltr'><strong>Μὴ</strong></span> <span class='ocrx_word' id='word_1_108' title='bbox 1374 1528 1576 1598; x_wconf 81' lang='grc' dir='ltr'>ὁμοίως</span> <span class='ocrx_word' id='word_1_109' title='bbox 1604 1527 1661 1578; x_wconf 81' lang='grc' dir='ltr'>δὲ</span> <span class='ocrx_word' id='word_1_110' title='bbox 1692 1526 1867 1596; x_wconf 81' lang='grc' dir='ltr'>ἡμῶν,</span> 
     </span>
    </p>
   </div>
   <div class='ocr_carea' id='block_1_17' title="bbox 293 1616 1866 1689">
    <p class='ocr_par' dir='ltr' id='par_1_17' title="bbox 293 1616 1866 1689">
     <span class='ocr_line' id='line_1_17' title="bbox 293 1616 1866 1689; baseline -0.003 -17"><span class='ocrx_word' id='word_1_111' title='bbox 293 1623 398 1674; x_wconf 85' lang='grc' dir='ltr'><strong>τῶν</strong></span> <span class='ocrx_word' id='word_1_112' title='bbox 432 1619 688 1680; x_wconf 75' lang='grc' dir='ltr'>κτιστῶν,</span> <span class='ocrx_word' id='word_1_113' title='bbox 729 1619 824 1674; x_wconf 75' lang='grc' dir='ltr'>καὶ</span> <span class='ocrx_word' id='word_1_114' title='bbox 852 1621 909 1672; x_wconf 85' lang='grc' dir='ltr'><strong>ὲν</strong></span> <span class='ocrx_word' id='word_1_115' title='bbox 941 1619 1176 1689; x_wconf 82' lang='grc' dir='ltr'>τοσαύτῃ</span> <span class='ocrx_word' id='word_1_116' title='bbox 1210 1618 1430 1686; x_wconf 81' lang='grc' dir='ltr'>ἀγαθῶν</span> <span class='ocrx_word' id='word_1_117' title='bbox 1453 1617 1628 1688; x_wconf 77' lang='grc' dir='ltr'>ἔργων</span> <span class='ocrx_word' id='word_1_118' title='bbox 1665 1616 1866 1686; x_wconf 86' lang='grc' dir='ltr'>γυμνό-</span> 
     </span>
    </p>
   </div>
   <div class='ocr_carea' id='block_1_18' title="bbox 293 1705 1870 1782">
    <p class='ocr_par' dir='ltr' id='par_1_18' title="bbox 293 1705 1870 1782">
     <span class='ocr_line' id='line_1_18' title="bbox 293 1705 1870 1782; baseline -0.004 -17"><span class='ocrx_word' id='word_1_119' title='bbox 293 1730 414 1782; x_wconf 84' lang='grc' dir='ltr'>τητι</span> <span class='ocrx_word' id='word_1_120' title='bbox 431 1709 730 1782; x_wconf 75' lang='grc' dir='ltr'>τηλικαῦτα</span> <span class='ocrx_word' id='word_1_121' title='bbox 753 1711 1104 1776; x_wconf 78' lang='grc' dir='ltr'><strong>ἐλπιζόντων,</strong></span> <span class='ocrx_word' id='word_1_122' title='bbox 1126 1707 1341 1780; x_wconf 77' lang='grc' dir='ltr'>νοηθείη</span> <span class='ocrx_word' id='word_1_123' title='bbox 1380 1709 1440 1761; x_wconf 77' lang='grc' dir='ltr'>τὸ</span> <span class='ocrx_word' id='word_1_124' title='bbox 1464 1709 1616 1776; x_wconf 77' lang='grc' dir='ltr'>ἆγιον</span> <span class='ocrx_word' id='word_1_125' title='bbox 1638 1705 1784 1762; x_wconf 67' lang='grc' dir='ltr'><strong>Πελεῦ</strong></span> <span class='ocrx_word' id='word_1_126' title='bbox 1795 1723 1870 1776; x_wconf 91' lang='grc' dir='ltr'><strong>μα</strong></span> 
     </span>
    </p>
   </div>
   <div class='ocr_carea' id='block_1_19' title="bbox 293 1796 1868 1868">
    <p class='ocr_par' dir='ltr' id='par_1_19' title="bbox 293 1796 1868 1868">
     <span class='ocr_line' id='line_1_19' title="bbox 293 1796 1868 1868; baseline -0.003 -16"><span class='ocrx_word' id='word_1_127' title='bbox 293 1801 385 1854; x_wconf 74' lang='grc' dir='ltr'>τοῦ</span> <span class='ocrx_word' id='word_1_128' title='bbox 431 1799 566 1853; x_wconf 78' lang='grc' dir='ltr'>Θεοῦ</span> <span class='ocrx_word' id='word_1_129' title='bbox 619 1799 1084 1868; x_wconf 77' lang='grc' dir='ltr'>συγκαθέζεσθαι,</span> <span class='ocrx_word' id='word_1_130' title='bbox 1133 1799 1228 1853; x_wconf 78' lang='grc' dir='ltr'><strong>καὶ</strong></span> <span class='ocrx_word' id='word_1_131' title='bbox 1277 1796 1730 1862; x_wconf 78' lang='grc' dir='ltr'>συνδοξὰζεσθαι,</span> <span class='ocrx_word' id='word_1_132' title='bbox 1773 1796 1868 1848; x_wconf 79' lang='grc' dir='ltr'><strong>καὶ</strong></span> 
     </span>
    </p>
   </div>
   <div class='ocr_carea' id='block_1_20' title="bbox 1975 615 3543 686">
    <p class='ocr_par' dir='ltr' id='par_1_20' title="bbox 1975 615 3543 686">
     <span class='ocr_line' id='line_1_20' title="bbox 1975 615 3543 686; baseline 0.01 -20"><span class='ocrx_word' id='word_1_133' title='bbox 1975 615 2084 670; x_wconf 82' lang='lat' dir='ltr'><strong>lare</strong></span> <span class='ocrx_word' id='word_1_134' title='bbox 2111 616 2244 682; x_wconf 79' lang='lat'><strong>(85).</strong></span> <span class='ocrx_word' id='word_1_135' title='bbox 2281 628 2444 686; x_wconf 85' lang='lat' dir='ltr'><strong>atque</strong></span> <span class='ocrx_word' id='word_1_136' title='bbox 2475 618 2590 669; x_wconf 77' lang='lat' dir='ltr'><strong>tunc</strong></span> <span class='ocrx_word' id='word_1_137' title='bbox 2633 619 2811 670; x_wconf 98' lang='lat' dir='ltr'><strong>omnia</strong></span> <span class='ocrx_word' id='word_1_138' title='bbox 2858 621 3182 676; x_wconf 85' lang='lat' dir='ltr'><strong>conculcare</strong></span> <span class='ocrx_word' id='word_1_139' title='bbox 3231 639 3330 678; x_wconf 92' lang='lat' dir='ltr'><strong>nos</strong></span> <span class='ocrx_word' id='word_1_140' title='bbox 3381 625 3543 681; x_wconf 79' lang='lat' dir='ltr'><strong>facie-</strong></span> 
     </span>
    </p>
   </div>
   <div class='ocr_carea' id='block_1_21' title="bbox 1971 705 3544 772">
    <p class='ocr_par' dir='ltr' id='par_1_21' title="bbox 1971 705 3544 772">
     <span class='ocr_line' id='line_1_21' title="bbox 1971 705 3544 772; baseline 0.006 -14"><span class='ocrx_word' id='word_1_141' title='bbox 1971 708 2104 768; x_wconf 73' lang='lat' dir='ltr'><strong>bat:</strong></span> <span class='ocrx_word' id='word_1_142' title='bbox 2142 715 2196 758; x_wconf 91' lang='lat' dir='ltr'><strong>et</strong></span> <span class='ocrx_word' id='word_1_143' title='bbox 2219 705 2342 757; x_wconf 88' lang='lat' dir='ltr'><strong>dum</strong></span> <span class='ocrx_word' id='word_1_144' title='bbox 2385 705 2544 758; x_wconf 84' lang='lat' dir='ltr'><strong>simul</strong></span> <span class='ocrx_word' id='word_1_145' title='bbox 2587 705 2814 759; x_wconf 76' lang='lat' dir='ltr'><strong>docebat</strong></span> <span class='ocrx_word' id='word_1_146' title='bbox 2856 721 3068 772; x_wconf 84' lang='lat' dir='ltr'><strong>clunes,</strong></span> <span class='ocrx_word' id='word_1_147' title='bbox 3111 709 3404 764; x_wconf 69' lang='lat' dir='ltr'><strong>salutarem</strong></span> <span class='ocrx_word' id='word_1_148' title='bbox 3446 713 3544 766; x_wconf 93' lang='lat' dir='ltr'><strong>ho-</strong></span> 
     </span>
    </p>
   </div>
   <div class='ocr_carea' id='block_1_22' title="bbox 1979 790 3544 872">
    <p class='ocr_par' dir='ltr' id='par_1_22' title="bbox 1979 790 3544 872">
     <span class='ocr_line' id='line_1_22' title="bbox 1979 790 3544 872; baseline 0.004 -20"><span class='ocrx_word' id='word_1_149' title='bbox 1979 790 2216 852; x_wconf 79' lang='lat' dir='ltr'><strong>minibus</strong></span> <span class='ocrx_word' id='word_1_150' title='bbox 2283 813 2404 852; x_wconf 87' lang='lat' dir='ltr'><strong>esse</strong></span> <span class='ocrx_word' id='word_1_151' title='bbox 2466 799 2932 866; x_wconf 73' lang='lat' dir='ltr'><strong>regenerationem</strong></span> <span class='ocrx_word' id='word_1_152' title='bbox 2983 821 2998 854; x_wconf 84' lang='lat'><strong>:</strong></span> <span class='ocrx_word' id='word_1_153' title='bbox 3051 803 3241 857; x_wconf 84' lang='lat' dir='ltr'><strong>aderat</strong></span> <span class='ocrx_word' id='word_1_154' title='bbox 3307 803 3544 872; x_wconf 84' lang='lat' dir='ltr'><strong>Spiritus</strong></span> 
     </span>
    </p>
   </div>
   <div class='ocr_carea' id='block_1_23' title="bbox 1971 887 3545 965">
    <p class='ocr_par' dir='ltr' id='par_1_23' title="bbox 1971 887 3545 965">
     <span class='ocr_line' id='line_1_23' title="bbox 1971 887 3545 965; baseline 0.005 -25"><span class='ocrx_word' id='word_1_155' title='bbox 1971 899 2192 941; x_wconf 83' lang='lat' dir='ltr'><strong>sanctus</strong></span> <span class='ocrx_word' id='word_1_156' title='bbox 2247 889 2375 942; x_wconf 92' lang='lat' dir='ltr'><strong>item</strong></span> <span class='ocrx_word' id='word_1_157' title='bbox 2422 897 2480 941; x_wconf 91' lang='lat' dir='ltr'><strong>ut</strong></span> <span class='ocrx_word' id='word_1_158' title='bbox 2525 887 2727 942; x_wconf 85' lang='lat' dir='ltr'><strong>Pater:</strong></span> <span class='ocrx_word' id='word_1_159' title='bbox 2761 890 2846 944; x_wconf 90' lang='lat' dir='ltr'><strong>hic</strong></span> <span class='ocrx_word' id='word_1_160' title='bbox 2898 893 3043 944; x_wconf 89' lang='lat' dir='ltr'><strong>enim</strong></span> <span class='ocrx_word' id='word_1_161' title='bbox 3076 907 3106 946; x_wconf 92' lang='lat' dir='ltr'><strong>e</strong></span> <span class='ocrx_word' id='word_1_162' title='bbox 3137 895 3290 949; x_wconf 60' lang='lat' dir='ltr'><strong>caelis</strong></span> <span class='ocrx_word' id='word_1_163' title='bbox 3326 897 3545 965; x_wconf 88' lang='lat' dir='ltr'><strong>proprio</strong></span> 
     </span>
    </p>
   </div>
   <div class='ocr_carea' id='block_1_24' title="bbox 1975 980 3544 1060">
    <p class='ocr_par' dir='ltr' id='par_1_24' title="bbox 1975 980 3544 1060">
     <span class='ocr_line' id='line_1_24' title="bbox 1975 980 3544 1060; baseline 0.007 -26"><span class='ocrx_word' id='word_1_164' title='bbox 1975 980 2108 1034; x_wconf 85' lang='lat' dir='ltr'><strong>Filio</strong></span> <span class='ocrx_word' id='word_1_165' title='bbox 2143 982 2517 1034; x_wconf 87' lang='lat' dir='ltr'><strong>testimonium</strong></span> <span class='ocrx_word' id='word_1_166' title='bbox 2545 982 2884 1048; x_wconf 78' lang='lat' dir='ltr'><strong>perhibebat,</strong></span> <span class='ocrx_word' id='word_1_167' title='bbox 2915 1001 2977 1039; x_wconf 90' lang='lat' dir='ltr'><strong>ac</strong></span> <span class='ocrx_word' id='word_1_168' title='bbox 2999 1001 3120 1040; x_wconf 89' lang='lat' dir='ltr'><strong>eum</strong></span> <span class='ocrx_word' id='word_1_169' title='bbox 3148 1002 3332 1040; x_wconf 83' lang='lat' dir='ltr'><strong>verum</strong></span> <span class='ocrx_word' id='word_1_170' title='bbox 3369 1001 3422 1043; x_wconf 92' lang='lat' dir='ltr'><strong>et</strong></span> <span class='ocrx_word' id='word_1_171' title='bbox 3452 1006 3544 1060; x_wconf 82' lang='lat' dir='ltr'><strong>ge-</strong></span> 
     </span>
    </p>
   </div>
   <div class='ocr_carea' id='block_1_25' title="bbox 1975 1069 3544 1143">
    <p class='ocr_par' dir='ltr' id='par_1_25' title="bbox 1975 1069 3544 1143">
     <span class='ocr_line' id='line_1_25' title="bbox 1975 1069 3544 1143; baseline 0.008 -24"><span class='ocrx_word' id='word_1_172' title='bbox 1975 1069 2199 1122; x_wconf 90' lang='lat' dir='ltr'><strong>nuinum</strong></span> <span class='ocrx_word' id='word_1_173' title='bbox 2231 1085 2355 1125; x_wconf 78' lang='lat' dir='ltr'><strong>esse</strong></span> <span class='ocrx_word' id='word_1_174' title='bbox 2406 1071 2838 1136; x_wconf 83' lang='lat' dir='ltr'><strong>testilicabatur;</strong></span> <span class='ocrx_word' id='word_1_175' title='bbox 2871 1074 3105 1142; x_wconf 73' lang='lat' dir='ltr'><strong>Spiritus</strong></span> <span class='ocrx_word' id='word_1_176' title='bbox 3145 1093 3274 1131; x_wconf 89' lang='lat' dir='ltr'><strong>vero</strong></span> <span class='ocrx_word' id='word_1_177' title='bbox 3299 1091 3544 1143; x_wconf 86' lang='lat' dir='ltr'><strong>sanctus,</strong></span> 
     </span>
    </p>
   </div>
   <div class='ocr_carea' id='block_1_26' title="bbox 1973 1160 3547 1234">
    <p class='ocr_par' dir='ltr' id='par_1_26' title="bbox 1973 1160 3547 1234">
     <span class='ocr_line' id='line_1_26' title="bbox 1973 1160 3547 1234; baseline 0.005 -24"><span class='ocrx_word' id='word_1_178' title='bbox 1973 1160 2178 1226; x_wconf 83' lang='lat' dir='ltr'><strong>apertis</strong></span> <span class='ocrx_word' id='word_1_179' title='bbox 2223 1161 2322 1214; x_wconf 86' lang='lat' dir='ltr'><strong>sibi</strong></span> <span class='ocrx_word' id='word_1_180' title='bbox 2373 1161 2525 1214; x_wconf 65' lang='lat' dir='ltr'><strong>caelis</strong></span> <span class='ocrx_word' id='word_1_181' title='bbox 2557 1170 2614 1212; x_wconf 92' lang='lat' dir='ltr'><strong>ut</strong></span> <span class='ocrx_word' id='word_1_182' title='bbox 2647 1161 2778 1228; x_wconf 75' lang='lat' dir='ltr'><strong>regi,</strong></span> <span class='ocrx_word' id='word_1_183' title='bbox 2819 1171 2871 1214; x_wconf 90' lang='lat' dir='ltr'><strong>et</strong></span> <span class='ocrx_word' id='word_1_184' title='bbox 2895 1178 3055 1232; x_wconf 88' lang='lat' dir='ltr'><strong>supra</strong></span> <span class='ocrx_word' id='word_1_185' title='bbox 3090 1165 3404 1234; x_wconf 74' lang='lat' dir='ltr'><strong>angelorum</strong></span> <span class='ocrx_word' id='word_1_186' title='bbox 3451 1181 3547 1218; x_wconf 90' lang='lat' dir='ltr'><strong>na-</strong></span> 
     </span>
    </p>
   </div>
   <div class='ocr_carea' id='block_1_27' title="bbox 1975 1252 3547 1326">
    <p class='ocr_par' dir='ltr' id='par_1_27' title="bbox 1975 1252 3547 1326">
     <span class='ocr_line' id='line_1_27' title="bbox 1975 1252 3547 1326; baseline 0.004 -23"><span class='ocrx_word' id='word_1_187' title='bbox 1975 1260 2147 1304; x_wconf 90' lang='lat' dir='ltr'><strong>turam</strong></span> <span class='ocrx_word' id='word_1_188' title='bbox 2171 1252 2478 1313; x_wconf 73' lang='lat' dir='ltr'><strong>exsistcttti,</strong></span> <span class='ocrx_word' id='word_1_189' title='bbox 2523 1253 2856 1306; x_wconf 71' lang='lat' dir='ltr'><strong>descendens</strong></span> <span class='ocrx_word' id='word_1_190' title='bbox 2882 1255 3134 1308; x_wconf 89' lang='lat' dir='ltr'><strong>manebat</strong></span> <span class='ocrx_word' id='word_1_191' title='bbox 3159 1269 3320 1326; x_wconf 83' lang='lat' dir='ltr'><strong>supra</strong></span> <span class='ocrx_word' id='word_1_192' title='bbox 3351 1255 3547 1310; x_wconf 88' lang='lat' dir='ltr'><strong>Filium</strong></span> 
     </span>
    </p>
   </div>
   <div class='ocr_carea' id='block_1_28' title="bbox 1976 1341 3548 1416">
    <p class='ocr_par' dir='ltr' id='par_1_28' title="bbox 1976 1341 3548 1416">
     <span class='ocr_line' id='line_1_28' title="bbox 1976 1341 3548 1416; baseline 0.004 -22"><span class='ocrx_word' id='word_1_193' title='bbox 1976 1343 2088 1394; x_wconf 82' lang='lat' dir='ltr'><strong>Dei.</strong></span> <span class='ocrx_word' id='word_1_194' title='bbox 2123 1342 2378 1394; x_wconf 82' lang='lat' dir='ltr'><strong>Aitenim</strong></span> <span class='ocrx_word' id='word_1_195' title='bbox 2429 1341 2752 1410; x_wconf 73' lang='lat' dir='ltr'><strong>Scriptura:</strong></span> <span class='ocrx_word' id='word_1_196' title='bbox 2793 1362 2810 1394; x_wconf 85' lang='grc' dir='ltr'><strong>ι</strong></span> <span class='ocrx_word' id='word_1_197' title='bbox 2841 1345 2982 1399; x_wconf 77' lang='lat' dir='ltr'><strong>Ecce</strong></span> <span class='ocrx_word' id='word_1_198' title='bbox 3035 1345 3147 1416; x_wconf 83' lang='grc'><strong>(86)</strong></span> <span class='ocrx_word' id='word_1_199' title='bbox 3202 1348 3374 1415; x_wconf 88' lang='lat' dir='ltr'><strong>aperti</strong></span> <span class='ocrx_word' id='word_1_200' title='bbox 3423 1358 3548 1402; x_wconf 91' lang='lat' dir='ltr'><strong>sunt</strong></span> 
     </span>
    </p>
   </div>
   <div class='ocr_carea' id='block_1_29' title="bbox 1974 1432 3542 1500">
    <p class='ocr_par' dir='ltr' id='par_1_29' title="bbox 1974 1432 3542 1500">
     <span class='ocr_line' id='line_1_29' title="bbox 1974 1432 3542 1500; baseline 0.005 -16"><span class='ocrx_word' id='word_1_201' title='bbox 1974 1432 2121 1496; x_wconf 69' lang='lat' dir='ltr'><strong>caeli,</strong></span> <span class='ocrx_word' id='word_1_202' title='bbox 2156 1442 2208 1484; x_wconf 90' lang='lat' dir='ltr'><strong>et</strong></span> <span class='ocrx_word' id='word_1_203' title='bbox 2237 1433 2489 1486; x_wconf 86' lang='lat' dir='ltr'><strong>viderunt</strong></span> <span class='ocrx_word' id='word_1_204' title='bbox 2521 1433 2784 1500; x_wconf 84' lang='lat' dir='ltr'><strong>Spiritum</strong></span> <span class='ocrx_word' id='word_1_205' title='bbox 2820 1435 2910 1490; x_wconf 86' lang='lat' dir='ltr'><strong>Dei</strong></span> <span class='ocrx_word' id='word_1_206' title='bbox 2956 1437 3369 1491; x_wconf 84' lang='lat' dir='ltr'><strong>descendentem</strong></span> <span class='ocrx_word' id='word_1_207' title='bbox 3399 1439 3542 1492; x_wconf 86' lang='lat' dir='ltr'><strong>sicut</strong></span> 
     </span>
    </p>
   </div>
   <div class='ocr_carea' id='block_1_30' title="bbox 1975 1522 3544 1598">
    <p class='ocr_par' dir='ltr' id='par_1_30' title="bbox 1975 1522 3544 1598">
     <span class='ocr_line' id='line_1_30' title="bbox 1975 1522 3544 1598; baseline 0.004 -22"><span class='ocrx_word' id='word_1_208' title='bbox 1975 1523 2297 1576; x_wconf 81' lang='lat' dir='ltr'><strong>columbam.</strong></span> <span class='ocrx_word' id='word_1_209' title='bbox 2317 1542 2334 1574; x_wconf 75' lang='grc' dir='ltr'><strong>ι</strong></span> <span class='ocrx_word' id='word_1_210' title='bbox 2363 1522 2657 1578; x_wconf 73' lang='lat' dir='ltr'><strong>Considera</strong></span> <span class='ocrx_word' id='word_1_211' title='bbox 2684 1541 2812 1594; x_wconf 83' lang='lat' dir='ltr'><strong>ergo</strong></span> <span class='ocrx_word' id='word_1_212' title='bbox 2842 1535 3003 1596; x_wconf 81' lang='lat' dir='ltr'><strong>atque</strong></span> <span class='ocrx_word' id='word_1_213' title='bbox 3027 1527 3282 1598; x_wconf 82' lang='lat' dir='ltr'><strong>intellige,</strong></span> <span class='ocrx_word' id='word_1_214' title='bbox 3326 1529 3452 1596; x_wconf 83' lang='lat' dir='ltr'><strong>quid</strong></span> <span class='ocrx_word' id='word_1_215' title='bbox 3471 1531 3544 1584; x_wconf 91' lang='lat' dir='ltr'><strong>sit</strong></span> 
     </span>
    </p>
   </div>
   <div class='ocr_carea' id='block_1_31' title="bbox 1976 1613 3544 1687">
    <p class='ocr_par' dir='ltr' id='par_1_31' title="bbox 1976 1613 3544 1687">
     <span class='ocr_line' id='line_1_31' title="bbox 1976 1613 3544 1687; baseline 0.002 -19"><span class='ocrx_word' id='word_1_216' title='bbox 1976 1613 2214 1683; x_wconf 88' lang='lat' dir='ltr'><strong>Spiritus</strong></span> <span class='ocrx_word' id='word_1_217' title='bbox 2245 1626 2487 1679; x_wconf 86' lang='lat' dir='ltr'><strong>sanctus,</strong></span> <span class='ocrx_word' id='word_1_218' title='bbox 2518 1615 2629 1687; x_wconf 84' lang='lat'><strong>(87)</strong></span> <span class='ocrx_word' id='word_1_219' title='bbox 2664 1619 2756 1686; x_wconf 88' lang='lat' dir='ltr'><strong>qui</strong></span> <span class='ocrx_word' id='word_1_220' title='bbox 2788 1633 2944 1671; x_wconf 86' lang='lat' dir='ltr'><strong>suum</strong></span> <span class='ocrx_word' id='word_1_221' title='bbox 2976 1619 3145 1686; x_wconf 84' lang='lat' dir='ltr'><strong>ipsius</strong></span> <span class='ocrx_word' id='word_1_222' title='bbox 3177 1620 3457 1686; x_wconf 82' lang='lat' dir='ltr'><strong>templum,</strong></span> <span class='ocrx_word' id='word_1_223' title='bbox 3493 1622 3544 1671; x_wconf 86' lang='lat' dir='ltr'><strong>id</strong></span> 
     </span>
    </p>
   </div>
   <div class='ocr_carea' id='block_1_32' title="bbox 1973 1707 3547 1780">
    <p class='ocr_par' dir='ltr' id='par_1_32' title="bbox 1973 1707 3547 1780">
     <span class='ocr_line' id='line_1_32' title="bbox 1973 1707 3547 1780; baseline 0.005 -22"><span class='ocrx_word' id='word_1_224' title='bbox 1973 1713 2200 1772; x_wconf 83' lang='lat' dir='ltr'><strong>estnos,</strong></span> <span class='ocrx_word' id='word_1_225' title='bbox 2230 1720 2350 1760; x_wconf 92' lang='lat' dir='ltr'><strong>cum</strong></span> <span class='ocrx_word' id='word_1_226' title='bbox 2381 1707 2648 1760; x_wconf 58' lang='lat' dir='ltr'><strong>altissimo</strong></span> <span class='ocrx_word' id='word_1_227' title='bbox 2695 1710 2799 1763; x_wconf 81' lang='lat' dir='ltr'><strong>Deo</strong></span> <span class='ocrx_word' id='word_1_228' title='bbox 2837 1712 3156 1774; x_wconf 75' lang='lat' dir='ltr'><strong>cnnsedere,</strong></span> <span class='ocrx_word' id='word_1_229' title='bbox 3189 1722 3240 1766; x_wconf 91' lang='lat' dir='ltr'><strong>et</strong></span> <span class='ocrx_word' id='word_1_230' title='bbox 3273 1712 3547 1780; x_wconf 75' lang='lat' dir='ltr'><strong>conglori-</strong></span> 
     </span>
    </p>
   </div>
   <div class='ocr_carea' id='block_1_33' title="bbox 1978 1795 3547 1872">
    <p class='ocr_par' dir='ltr' id='par_1_33' title="bbox 1978 1795 3547 1872">
     <span class='ocr_line' id='line_1_33' title="bbox 1978 1795 3547 1872; baseline 0.003 -24"><span class='ocrx_word' id='word_1_231' title='bbox 1978 1795 2148 1858; x_wconf 83' lang='lat' dir='ltr'><strong>lirari,</strong></span> <span class='ocrx_word' id='word_1_232' title='bbox 2201 1807 2254 1850; x_wconf 84' lang='lat' dir='ltr'><strong>et</strong></span> <span class='ocrx_word' id='word_1_233' title='bbox 2292 1812 2629 1868; x_wconf 80' lang='lat' dir='ltr'><strong>conregnare</strong></span> <span class='ocrx_word' id='word_1_234' title='bbox 2683 1799 2832 1864; x_wconf 80' lang='lat' dir='ltr'><strong>facit,</strong></span> <span class='ocrx_word' id='word_1_235' title='bbox 2887 1811 2941 1855; x_wconf 89' lang='lat' dir='ltr'><strong>et</strong></span> <span class='ocrx_word' id='word_1_236' title='bbox 2996 1817 3159 1871; x_wconf 80' lang='lat' dir='ltr'><strong>super</strong></span> <span class='ocrx_word' id='word_1_237' title='bbox 3214 1805 3547 1872; x_wconf 80' lang='lat' dir='ltr'><strong>unigenitum</strong></span> 
     </span>
    </p>
   </div>
   <div class='ocr_carea' id='block_1_34' title="bbox 295 1873 1866 1968">
    <p class='ocr_par' dir='ltr' id='par_1_34' title="bbox 295 1887 1866 1962">
     <span class='ocr_line' id='line_1_34' title="bbox 295 1887 1866 1962; baseline -0.004 -18"><span class='ocrx_word' id='word_1_238' title='bbox 295 1889 710 1961; x_wconf 79' lang='grc' dir='ltr'>συμϐασιλεύειν</span> <span class='ocrx_word' id='word_1_239' title='bbox 742 1891 820 1962; x_wconf 80' lang='grc' dir='ltr'>τῷ</span> <span class='ocrx_word' id='word_1_240' title='bbox 859 1889 998 1961; x_wconf 81' lang='grc' dir='ltr'><strong>Θεῷ·</strong></span> <span class='ocrx_word' id='word_1_241' title='bbox 1024 1891 1136 1944; x_wconf 84' lang='grc' dir='ltr'>ἀλλ’</span> <span class='ocrx_word' id='word_1_242' title='bbox 1166 1890 1241 1953; x_wconf 85' lang='grc' dir='ltr'>ὡς</span> <span class='ocrx_word' id='word_1_243' title='bbox 1285 1887 1510 1958; x_wconf 78' lang='grc' dir='ltr'>Πνεῦμα</span> <span class='ocrx_word' id='word_1_244' title='bbox 1549 1887 1714 1940; x_wconf 69' lang='grc' dir='ltr'>αὐτοῦ</span> <span class='ocrx_word' id='word_1_245' title='bbox 1733 1929 1744 1948; x_wconf 89' lang='grc'><strong>,</strong></span> <span class='ocrx_word' id='word_1_246' title='bbox 1772 1887 1866 1939; x_wconf 78' lang='grc' dir='ltr'><strong>καὶ</strong></span> 
     </span>
    </p>
   </div>
   <div class='ocr_carea' id='block_1_35' title="bbox 1972 1873 3549 1968">
    <p class='ocr_par' dir='ltr' id='par_1_35' title="bbox 1973 1891 3549 1968">
     <span class='ocr_line' id='line_1_35' title="bbox 1973 1891 3549 1968; baseline 0.003 -24"><span class='ocrx_word' id='word_1_247' title='bbox 1973 1891 2135 1945; x_wconf 87' lang='lat' dir='ltr'><strong>Deum</strong></span> <span class='ocrx_word' id='word_1_248' title='bbox 2157 1901 2368 1947; x_wconf 88' lang='lat' dir='ltr'><strong>manet:</strong></span> <span class='ocrx_word' id='word_1_249' title='bbox 2391 1909 2454 1948; x_wconf 88' lang='lat' dir='ltr'><strong>ac</strong></span> <span class='ocrx_word' id='word_1_250' title='bbox 2478 1895 2617 1959; x_wconf 88' lang='lat' dir='ltr'><strong>vide,</strong></span> <span class='ocrx_word' id='word_1_251' title='bbox 2639 1909 2765 1949; x_wconf 90' lang='lat' dir='ltr'><strong>num</strong></span> <span class='ocrx_word' id='word_1_252' title='bbox 2789 1896 2934 1964; x_wconf 90' lang='lat' dir='ltr'><strong>pium</strong></span> <span class='ocrx_word' id='word_1_253' title='bbox 2959 1907 3314 1966; x_wconf 67' lang='lat' dir='ltr'><strong>sanctumque</strong></span> <span class='ocrx_word' id='word_1_254' title='bbox 3331 1897 3385 1952; x_wconf 88' lang='lat' dir='ltr'><strong>lit</strong></span> <span class='ocrx_word' id='word_1_255' title='bbox 3407 1901 3549 1968; x_wconf 87' lang='lat' dir='ltr'><strong>quod</strong></span> 
     </span>
    </p>
   </div>
   <div class='ocr_carea' id='block_1_36' title="bbox 295 1978 1868 2053">
    <p class='ocr_par' dir='ltr' id='par_1_36' title="bbox 295 1978 1868 2053">
     <span class='ocr_line' id='line_1_36' title="bbox 295 1978 1868 2053; baseline -0.004 -17"><span class='ocrx_word' id='word_1_256' title='bbox 295 1984 452 2053; x_wconf 72' lang='grc' dir='ltr'>φύσει</span> <span class='ocrx_word' id='word_1_257' title='bbox 473 1983 604 2047; x_wconf 75' lang='grc' dir='ltr'>Θεὸς</span> <span class='ocrx_word' id='word_1_258' title='bbox 625 1983 719 2036; x_wconf 75' lang='grc' dir='ltr'><strong>καὶ</strong></span> <span class='ocrx_word' id='word_1_259' title='bbox 745 1983 1023 2045; x_wconf 82' lang='grc' dir='ltr'>Βασιλεὺς.</span> <span class='ocrx_word' id='word_1_260' title='bbox 1047 1982 1140 2034; x_wconf 77' lang='grc' dir='ltr'>καὶ</span> <span class='ocrx_word' id='word_1_261' title='bbox 1161 1981 1346 2044; x_wconf 81' lang='grc' dir='ltr'>ἀϊδίως</span> <span class='ocrx_word' id='word_1_262' title='bbox 1375 1978 1868 2048; x_wconf 80' lang='grc' dir='ltr'>συγκαθεζόμενος,</span> 
     </span>
    </p>
   </div>
   <div class='ocr_carea' id='block_1_37' title="bbox 296 2070 1871 2147">
    <p class='ocr_par' dir='ltr' id='par_1_37' title="bbox 296 2070 1871 2147">
     <span class='ocr_line' id='line_1_37' title="bbox 296 2070 1871 2147; baseline -0.006 -16"><span class='ocrx_word' id='word_1_263' title='bbox 296 2079 389 2131; x_wconf 74' lang='grc' dir='ltr'><strong>καὶ</strong></span> <span class='ocrx_word' id='word_1_264' title='bbox 431 2077 643 2147; x_wconf 80' lang='grc' dir='ltr'>πλήρης</span> <span class='ocrx_word' id='word_1_265' title='bbox 672 2076 936 2146; x_wconf 76' lang='grc' dir='ltr'>ἀχράντου</span> <span class='ocrx_word' id='word_1_266' title='bbox 966 2074 1123 2142; x_wconf 56' lang='lat' dir='ltr'><strong>sugq;</strong></span> <span class='ocrx_word' id='word_1_267' title='bbox 1176 2074 1456 2144; x_wconf 84' lang='grc' dir='ltr'><strong>ὑπάρχων.</strong></span> <span class='ocrx_word' id='word_1_268' title='bbox 1499 2073 1561 2124; x_wconf 85' lang='grc' dir='ltr'><strong>υἱ</strong></span> <span class='ocrx_word' id='word_1_269' title='bbox 1599 2070 1708 2141; x_wconf 75' lang='grc' dir='ltr'>γὰρ</span> <span class='ocrx_word' id='word_1_270' title='bbox 1755 2086 1871 2122; x_wconf 81' lang='grc' dir='ltr'>κτι-</span> 
     </span>
    </p>
   </div>
   <div class='ocr_carea' id='block_1_38' title="bbox 297 2162 1872 2236">
    <p class='ocr_par' dir='ltr' id='par_1_38' title="bbox 297 2162 1872 2236">
     <span class='ocr_line' id='line_1_38' title="bbox 297 2162 1872 2236; baseline -0.004 -15"><span class='ocrx_word' id='word_1_271' title='bbox 297 2169 430 2234; x_wconf 77' lang='grc' dir='ltr'>στοὶ,</span> <span class='ocrx_word' id='word_1_272' title='bbox 455 2168 596 2220; x_wconf 80' lang='grc' dir='ltr'>κατὰ</span> <span class='ocrx_word' id='word_1_273' title='bbox 643 2168 801 2236; x_wconf 81' lang='grc' dir='ltr'>χάριν</span> <span class='ocrx_word' id='word_1_274' title='bbox 835 2165 971 2234; x_wconf 84' lang='grc' dir='ltr'>μετὰ</span> <span class='ocrx_word' id='word_1_275' title='bbox 1010 2163 1108 2235; x_wconf 80' lang='grc' dir='ltr'>τὴν</span> <span class='ocrx_word' id='word_1_276' title='bbox 1146 2165 1443 2217; x_wconf 78' lang='grc' dir='ltr'>ἀνάστασιν</span> <span class='ocrx_word' id='word_1_277' title='bbox 1476 2162 1681 2215; x_wconf 80' lang='grc' dir='ltr'>τούτων</span> <span class='ocrx_word' id='word_1_278' title='bbox 1707 2163 1872 2227; x_wconf 81' lang='grc' dir='ltr'>ἀξιω-</span> 
     </span>
    </p>
   </div>
   <div class='ocr_carea' id='block_1_39' title="bbox 296 2253 1869 2330">
    <p class='ocr_par' dir='ltr' id='par_1_39' title="bbox 296 2253 1869 2330">
     <span class='ocr_line' id='line_1_39' title="bbox 296 2253 1869 2330; baseline -0.003 -19"><span class='ocrx_word' id='word_1_279' title='bbox 296 2257 581 2330; x_wconf 82' lang='grc' dir='ltr'>θήσονται,</span> <span class='ocrx_word' id='word_1_280' title='bbox 631 2255 990 2318; x_wconf 80' lang='grc' dir='ltr'>ἀπολαύοντες</span> <span class='ocrx_word' id='word_1_281' title='bbox 1030 2254 1135 2308; x_wconf 83' lang='grc' dir='ltr'><strong>τῶν</strong></span> <span class='ocrx_word' id='word_1_282' title='bbox 1187 2253 1406 2322; x_wconf 82' lang='grc' dir='ltr'>ἀγαθῶν</span> <span class='ocrx_word' id='word_1_283' title='bbox 1445 2255 1543 2324; x_wconf 84' lang='grc' dir='ltr'><strong>τῆς</strong></span> <span class='ocrx_word' id='word_1_284' title='bbox 1588 2253 1832 2324; x_wconf 81' lang='grc' dir='ltr'>βαιλείας</span> <span class='ocrx_word' id='word_1_285' title='bbox 1855 2295 1869 2317; x_wconf 90' lang='grc'><strong>,</strong></span> 
     </span>
    </p>
   </div>
   <div class='ocr_carea' id='block_1_40' title="bbox 295 2343 1871 2419">
    <p class='ocr_par' dir='ltr' id='par_1_40' title="bbox 295 2343 1871 2419">
     <span class='ocr_line' id='line_1_40' title="bbox 295 2343 1871 2419; baseline -0.002 -16"><span class='ocrx_word' id='word_1_286' title='bbox 295 2352 396 2404; x_wconf 81' lang='grc' dir='ltr'><strong>οὐκ</strong></span> <span class='ocrx_word' id='word_1_287' title='bbox 417 2351 570 2413; x_wconf 71' lang='grc' dir='ltr'>ὅντες</span> <span class='ocrx_word' id='word_1_288' title='bbox 593 2349 648 2403; x_wconf 80' lang='grc' dir='ltr'><strong>δὲ</strong></span> <span class='ocrx_word' id='word_1_289' title='bbox 676 2349 932 2418; x_wconf 82' lang='grc' dir='ltr'>βασιλεῖς.</span> <span class='ocrx_word' id='word_1_290' title='bbox 959 2343 1112 2400; x_wconf 78' lang='grc' dir='ltr'>Οἶδεν</span> <span class='ocrx_word' id='word_1_291' title='bbox 1135 2347 1244 2419; x_wconf 86' lang='grc' dir='ltr'>γὰρ</span> <span class='ocrx_word' id='word_1_292' title='bbox 1275 2348 1308 2418; x_wconf 84' lang='grc' dir='ltr'><strong>ἡ</strong></span> <span class='ocrx_word' id='word_1_293' title='bbox 1333 2347 1545 2417; x_wconf 79' lang='grc' dir='ltr'>Γραφὴ,</span> <span class='ocrx_word' id='word_1_294' title='bbox 1577 2346 1744 2418; x_wconf 82' lang='grc' dir='ltr'>ἄλλην</span> <span class='ocrx_word' id='word_1_295' title='bbox 1771 2347 1871 2417; x_wconf 79' lang='grc' dir='ltr'>μὲν</span> 
     </span>
    </p>
   </div>
   <div class='ocr_carea' id='block_1_41' title="bbox 269 2437 1871 2512">
    <p class='ocr_par' dir='ltr' id='par_1_41' title="bbox 269 2437 1871 2512">
     <span class='ocr_line' id='line_1_41' title="bbox 269 2437 1871 2512; baseline -0.004 -18"><span class='ocrx_word' id='word_1_296' title='bbox 269 2441 445 2512; x_wconf 73' lang='grc' dir='ltr'>ιὴλίου</span> <span class='ocrx_word' id='word_1_297' title='bbox 493 2440 672 2505; x_wconf 80' lang='grc' dir='ltr'>δόξαν,</span> <span class='ocrx_word' id='word_1_298' title='bbox 714 2439 878 2509; x_wconf 78' lang='grc' dir='ltr'>ἄλλην</span> <span class='ocrx_word' id='word_1_299' title='bbox 924 2438 979 2490; x_wconf 77' lang='grc' dir='ltr'><strong>δὲ</strong></span> <span class='ocrx_word' id='word_1_300' title='bbox 1030 2438 1258 2508; x_wconf 79' lang='grc' dir='ltr'>σελήνης</span> <span class='ocrx_word' id='word_1_301' title='bbox 1309 2439 1401 2490; x_wconf 78' lang='grc' dir='ltr'><strong>καὶ</strong></span> <span class='ocrx_word' id='word_1_302' title='bbox 1455 2437 1729 2508; x_wconf 83' lang='grc' dir='ltr'>ἀστέρων·</span> <span class='ocrx_word' id='word_1_303' title='bbox 1776 2437 1871 2489; x_wconf 73' lang='grc' dir='ltr'><strong>καὶ</strong></span> 
     </span>
    </p>
   </div>
   <div class='ocr_carea' id='block_1_42' title="bbox 293 2525 1871 2601">
    <p class='ocr_par' dir='ltr' id='par_1_42' title="bbox 293 2525 1871 2601">
     <span class='ocr_line' id='line_1_42' title="bbox 293 2525 1871 2601; baseline -0.004 -15"><span class='ocrx_word' id='word_1_304' title='bbox 293 2534 499 2586; x_wconf 85' lang='grc' dir='ltr'>τούτων</span> <span class='ocrx_word' id='word_1_305' title='bbox 523 2531 684 2584; x_wconf 68' lang='grc' dir='ltr'>πάλιν</span> <span class='ocrx_word' id='word_1_306' title='bbox 703 2530 957 2601; x_wconf 78' lang='grc' dir='ltr'>διάφορον</span> <span class='ocrx_word' id='word_1_307' title='bbox 978 2528 1153 2594; x_wconf 78' lang='grc' dir='ltr'>δόξαν.</span> <span class='ocrx_word' id='word_1_308' title='bbox 1186 2546 1204 2578; x_wconf 89' lang='grc' dir='ltr'><strong>ι</strong></span> <span class='ocrx_word' id='word_1_309' title='bbox 1249 2528 1448 2598; x_wconf 74' lang='grc' dir='ltr'>Ἀστὴρ</span> <span class='ocrx_word' id='word_1_310' title='bbox 1471 2525 1601 2598; x_wconf 81' lang='grc' dir='ltr'>γὰρ,</span> <span class='ocrx_word' id='word_1_311' title='bbox 1637 2546 1656 2577; x_wconf 83' lang='grc'><strong>›</strong></span> <span class='ocrx_word' id='word_1_312' title='bbox 1683 2527 1871 2597; x_wconf 74' lang='grc' dir='ltr'>φησὶν,</span> 
     </span>
    </p>
   </div>
   <div class='ocr_carea' id='block_1_43' title="bbox 301 2617 1874 2694">
    <p class='ocr_par' dir='ltr' id='par_1_43' title="bbox 301 2617 1874 2694">
     <span class='ocr_line' id='line_1_43' title="bbox 301 2617 1874 2694; baseline -0.003 -19"><span class='ocrx_word' id='word_1_313' title='bbox 301 2645 319 2675; x_wconf 86' lang='grc' dir='ltr'><strong>ι</strong></span> <span class='ocrx_word' id='word_1_314' title='bbox 355 2624 585 2694; x_wconf 83' lang='grc' dir='ltr'>ἀστέρος</span> <span class='ocrx_word' id='word_1_315' title='bbox 608 2623 850 2694; x_wconf 83' lang='grc' dir='ltr'>διαφέρει</span> <span class='ocrx_word' id='word_1_316' title='bbox 875 2624 932 2674; x_wconf 78' lang='grc' dir='ltr'>ὲν</span> <span class='ocrx_word' id='word_1_317' title='bbox 957 2621 1102 2694; x_wconf 77' lang='grc' dir='ltr'><strong>δόξῃ.</strong></span> <span class='ocrx_word' id='word_1_318' title='bbox 1119 2640 1136 2672; x_wconf 76' lang='grc' dir='ltr'><strong>ι</strong></span> <span class='ocrx_word' id='word_1_319' title='bbox 1165 2620 1274 2673; x_wconf 81' lang='grc' dir='ltr'><strong>Καὶ</strong></span> <span class='ocrx_word' id='word_1_320' title='bbox 1298 2621 1326 2672; x_wconf 85' lang='grc' dir='ltr'><strong>ὀ</strong></span> <span class='ocrx_word' id='word_1_321' title='bbox 1349 2618 1624 2689; x_wconf 76' lang='grc' dir='ltr'>ὀφθαλμὸς</span> <span class='ocrx_word' id='word_1_322' title='bbox 1644 2617 1738 2671; x_wconf 83' lang='grc' dir='ltr'>τοῦ</span> <span class='ocrx_word' id='word_1_323' title='bbox 1769 2620 1874 2671; x_wconf 86' lang='grc' dir='ltr'><strong>σώ-</strong></span> 
     </span>
    </p>
   </div>
   <div class='ocr_carea' id='block_1_44' title="bbox 298 2712 1873 2788">
    <p class='ocr_par' dir='ltr' id='par_1_44' title="bbox 298 2712 1873 2788">
     <span class='ocr_line' id='line_1_44' title="bbox 298 2712 1873 2788; baseline -0.004 -18"><span class='ocrx_word' id='word_1_324' title='bbox 298 2735 470 2788; x_wconf 88' lang='grc' dir='ltr'>ματος</span> <span class='ocrx_word' id='word_1_325' title='bbox 521 2716 629 2769; x_wconf 86' lang='grc' dir='ltr'><strong>τῶν</strong></span> <span class='ocrx_word' id='word_1_326' title='bbox 652 2716 826 2770; x_wconf 82' lang='grc' dir='ltr'>ἄλλων</span> <span class='ocrx_word' id='word_1_327' title='bbox 857 2715 1034 2786; x_wconf 84' lang='grc' dir='ltr'>μελῶν</span> <span class='ocrx_word' id='word_1_328' title='bbox 1065 2713 1388 2784; x_wconf 85' lang='grc' dir='ltr'>τιμιώτερός</span> <span class='ocrx_word' id='word_1_329' title='bbox 1443 2715 1581 2765; x_wconf 81' lang='grc' dir='ltr'>ἐστι·</span> <span class='ocrx_word' id='word_1_330' title='bbox 1611 2712 1750 2783; x_wconf 83' lang='grc' dir='ltr'>πλὴν</span> <span class='ocrx_word' id='word_1_331' title='bbox 1778 2713 1873 2766; x_wconf 77' lang='grc' dir='ltr'>καὶ</span> 
     </span>
    </p>
   </div>
   <div class='ocr_carea' id='block_1_45' title="bbox 298 2804 1869 2878">
    <p class='ocr_par' dir='ltr' id='par_1_45' title="bbox 298 2804 1869 2878">
     <span class='ocr_line' id='line_1_45' title="bbox 298 2804 1869 2878; baseline -0.003 -17"><span class='ocrx_word' id='word_1_332' title='bbox 298 2808 457 2872; x_wconf 73' lang='grc' dir='ltr'>αὐτὸς</span> <span class='ocrx_word' id='word_1_333' title='bbox 502 2807 661 2878; x_wconf 72' lang='grc' dir='ltr'>σῶμά</span> <span class='ocrx_word' id='word_1_334' title='bbox 707 2809 882 2860; x_wconf 69' lang='grc' dir='ltr'>ἐστιν·</span> <span class='ocrx_word' id='word_1_335' title='bbox 923 2806 1065 2860; x_wconf 79' lang='grc' dir='ltr'>ὥστε</span> <span class='ocrx_word' id='word_1_336' title='bbox 1107 2805 1360 2858; x_wconf 80' lang='grc' dir='ltr'>τοσοῦτον</span> <span class='ocrx_word' id='word_1_337' title='bbox 1393 2806 1541 2875; x_wconf 85' lang='grc' dir='ltr'>ἡμᾶς</span> <span class='ocrx_word' id='word_1_338' title='bbox 1586 2804 1869 2858; x_wconf 82' lang='grc' dir='ltr'>ἀνακαινι-</span> 
     </span>
    </p>
   </div>
   <div class='ocr_carea' id='block_1_46' title="bbox 301 2893 1867 2967">
    <p class='ocr_par' dir='ltr' id='par_1_46' title="bbox 301 2893 1867 2967">
     <span class='ocr_line' id='line_1_46' title="bbox 301 2893 1867 2967; baseline -0.004 -15"><span class='ocrx_word' id='word_1_339' title='bbox 301 2899 521 2961; x_wconf 82' lang='grc' dir='ltr'>σθέντας</span> <span class='ocrx_word' id='word_1_340' title='bbox 582 2898 686 2967; x_wconf 79' lang='grc' dir='ltr'><strong>τῆς</strong></span> <span class='ocrx_word' id='word_1_341' title='bbox 754 2898 904 2960; x_wconf 81' lang='grc' dir='ltr'>θείας</span> <span class='ocrx_word' id='word_1_342' title='bbox 947 2897 1238 2950; x_wconf 76' lang='grc' dir='ltr'>ἀπολαύειν</span> <span class='ocrx_word' id='word_1_343' title='bbox 1270 2895 1602 2965; x_wconf 79' lang='grc' dir='ltr'>οἰκειότητος</span> <span class='ocrx_word' id='word_1_344' title='bbox 1627 2933 1640 2957; x_wconf 92' lang='grc'><strong>,</strong></span> <span class='ocrx_word' id='word_1_345' title='bbox 1679 2893 1802 2946; x_wconf 83' lang='grc' dir='ltr'>ὅσον</span> <span class='ocrx_word' id='word_1_346' title='bbox 1832 2895 1867 2964; x_wconf 83' lang='grc' dir='ltr'><strong>ἡ</strong></span> 
     </span>
    </p>
   </div>
   <div class='ocr_carea' id='block_1_47' title="bbox 299 2983 1874 3061">
    <p class='ocr_par' dir='ltr' id='par_1_47' title="bbox 299 2983 1874 3061">
     <span class='ocr_line' id='line_1_47' title="bbox 299 2983 1874 3061; baseline -0.004 -18"><span class='ocrx_word' id='word_1_347' title='bbox 299 2991 395 3060; x_wconf 84' lang='grc' dir='ltr'><strong>τῆς</strong></span> <span class='ocrx_word' id='word_1_348' title='bbox 422 2989 696 3061; x_wconf 82' lang='grc' dir='ltr'>ἡμετέρας</span> <span class='ocrx_word' id='word_1_349' title='bbox 723 2987 936 3060; x_wconf 80' lang='grc' dir='ltr'>φύσεως</span> <span class='ocrx_word' id='word_1_350' title='bbox 975 2987 1245 3058; x_wconf 75' lang='grc' dir='ltr'>ἐνδέχεται</span> <span class='ocrx_word' id='word_1_351' title='bbox 1275 2987 1506 3058; x_wconf 87' lang='grc' dir='ltr'>δύναμις</span> <span class='ocrx_word' id='word_1_352' title='bbox 1527 3026 1542 3052; x_wconf 86' lang='grc'><strong>,</strong></span> <span class='ocrx_word' id='word_1_353' title='bbox 1575 2983 1759 3049; x_wconf 85' lang='grc' dir='ltr'>καθὼς</span> <span class='ocrx_word' id='word_1_354' title='bbox 1786 2983 1874 3037; x_wconf 83' lang='grc' dir='ltr'>λέ-</span> 
     </span>
    </p>
   </div>
   <div class='ocr_carea' id='block_1_48' title="bbox 299 3097 504 3149">
    <p class='ocr_par' dir='ltr' id='par_1_48' title="bbox 299 3097 504 3149">
     <span class='ocr_line' id='line_1_48' title="bbox 299 3097 504 3149; baseline -0.005 -14"><span class='ocrx_word' id='word_1_355' title='bbox 299 3097 504 3149; x_wconf 80' lang='grc' dir='ltr'>γουσιν.</span> 
     </span>
    </p>
   </div>
   <div class='ocr_carea' id='block_1_49' title="bbox 305 3171 1686 3246">
    <p class='ocr_par' dir='ltr' id='par_1_49' title="bbox 305 3171 1686 3246">
     <span class='ocr_line' id='line_1_49' title="bbox 305 3171 1686 3246; baseline -0.001 -18"><span class='ocrx_word' id='word_1_356' title='bbox 305 3193 532 3246; x_wconf 79' lang='lat' dir='ltr'><strong>namque</strong></span> <span class='ocrx_word' id='word_1_357' title='bbox 581 3175 859 3245; x_wconf 86' lang='lat' dir='ltr'><strong>Scriptura</strong></span> <span class='ocrx_word' id='word_1_358' title='bbox 893 3175 1051 3228; x_wconf 78' lang='lat' dir='ltr'><strong>aliain</strong></span> <span class='ocrx_word' id='word_1_359' title='bbox 1081 3193 1110 3227; x_wconf 82' lang='lat' dir='ltr'><strong>e</strong></span> <span class='ocrx_word' id='word_1_360' title='bbox 1145 3190 1202 3226; x_wconf 78' lang='lat' dir='ltr'><strong>se</strong></span> <span class='ocrx_word' id='word_1_361' title='bbox 1247 3173 1375 3227; x_wconf 88' lang='lat' dir='ltr'><strong>solis</strong></span> <span class='ocrx_word' id='word_1_362' title='bbox 1437 3171 1686 3241; x_wconf 81' lang='lat' dir='ltr'><strong>gloriam,</strong></span> 
     </span>
    </p>
   </div>
   <div class='ocr_carea' id='block_1_50' title="bbox 1979 1974 3550 2056">
    <p class='ocr_par' dir='ltr' id='par_1_50' title="bbox 1979 1974 3550 2056">
     <span class='ocr_line' id='line_1_50' title="bbox 1979 1974 3550 2056; baseline 0.003 -18"><span class='ocrx_word' id='word_1_363' title='bbox 1979 1987 2129 2039; x_wconf 81' lang='lat' dir='ltr'><strong>aiunt</strong></span> <span class='ocrx_word' id='word_1_364' title='bbox 2162 1986 2424 2049; x_wconf 74' lang='lat' dir='ltr'><strong>hzerelici,</strong></span> <span class='ocrx_word' id='word_1_365' title='bbox 2461 1987 2638 2056; x_wconf 85' lang='lat' dir='ltr'><strong>ipsum</strong></span> <span class='ocrx_word' id='word_1_366' title='bbox 2671 1989 2831 2042; x_wconf 86' lang='lat' dir='ltr'><strong>simul</strong></span> <span class='ocrx_word' id='word_1_367' title='bbox 2873 2005 2974 2042; x_wconf 93' lang='lat' dir='ltr'><strong>non</strong></span> <span class='ocrx_word' id='word_1_368' title='bbox 3019 1991 3228 2056; x_wconf 86' lang='lat' dir='ltr'><strong>sedere,</strong></span> <span class='ocrx_word' id='word_1_369' title='bbox 3261 2005 3360 2044; x_wconf 85' lang='lat' dir='ltr'><strong>nec</strong></span> <span class='ocrx_word' id='word_1_370' title='bbox 3390 1974 3550 2044; x_wconf 72' lang='lat' dir='ltr'><strong>simul</strong></span> 
     </span>
    </p>
   </div>
   <div class='ocr_carea' id='block_1_51' title="bbox 1979 2078 3552 2149">
    <p class='ocr_par' dir='ltr' id='par_1_51' title="bbox 1979 2078 3552 2149">
     <span class='ocr_line' id='line_1_51' title="bbox 1979 2078 3552 2149; baseline 0.004 -21"><span class='ocrx_word' id='word_1_371' title='bbox 1979 2078 2211 2140; x_wconf 84' lang='lat' dir='ltr'><strong>adorari,</strong></span> <span class='ocrx_word' id='word_1_372' title='bbox 2245 2093 2344 2132; x_wconf 89' lang='lat' dir='ltr'><strong>nec</strong></span> <span class='ocrx_word' id='word_1_373' title='bbox 2365 2078 2526 2131; x_wconf 86' lang='lat' dir='ltr'><strong>simul</strong></span> <span class='ocrx_word' id='word_1_374' title='bbox 2565 2093 2795 2149; x_wconf 80' lang='lat' dir='ltr'><strong>regnare</strong></span> <span class='ocrx_word' id='word_1_375' title='bbox 2825 2096 2947 2132; x_wconf 83' lang='lat' dir='ltr'><strong>cum</strong></span> <span class='ocrx_word' id='word_1_376' title='bbox 2997 2081 3104 2134; x_wconf 87' lang='lat' dir='ltr'><strong>Deo</strong></span> <span class='ocrx_word' id='word_1_377' title='bbox 3152 2080 3332 2135; x_wconf 87' lang='lat' dir='ltr'><strong>Patre.</strong></span> <span class='ocrx_word' id='word_1_378' title='bbox 3383 2081 3552 2136; x_wconf 81' lang='lat' dir='ltr'><strong>Nemo</strong></span> 
     </span>
    </p>
   </div>
   <div class='ocr_carea' id='block_1_52' title="bbox 1978 2169 3547 2240">
    <p class='ocr_par' dir='ltr' id='par_1_52' title="bbox 1978 2169 3547 2240">
     <span class='ocr_line' id='line_1_52' title="bbox 1978 2169 3547 2240; baseline 0.004 -22"><span class='ocrx_word' id='word_1_379' title='bbox 1978 2177 2158 2218; x_wconf 85' lang='lat' dir='ltr'><strong>autem</strong></span> <span class='ocrx_word' id='word_1_380' title='bbox 2193 2177 2361 2236; x_wconf 80' lang='lat' dir='ltr'><strong>putet,</strong></span> <span class='ocrx_word' id='word_1_381' title='bbox 2399 2179 2646 2222; x_wconf 78' lang='lat' dir='ltr'><strong>sanctum</strong></span> <span class='ocrx_word' id='word_1_382' title='bbox 2681 2169 2778 2224; x_wconf 72' lang='lat' dir='ltr'><strong>Dei</strong></span> <span class='ocrx_word' id='word_1_383' title='bbox 2819 2171 3082 2240; x_wconf 84' lang='lat' dir='ltr'><strong>Spiritum</strong></span> <span class='ocrx_word' id='word_1_384' title='bbox 3113 2186 3236 2226; x_wconf 90' lang='lat' dir='ltr'><strong>cum</strong></span> <span class='ocrx_word' id='word_1_385' title='bbox 3271 2171 3380 2226; x_wconf 90' lang='lat' dir='ltr'><strong>Deo</strong></span> <span class='ocrx_word' id='word_1_386' title='bbox 3409 2186 3547 2226; x_wconf 85' lang='lat' dir='ltr'><strong>con-</strong></span> 
     </span>
    </p>
   </div>
   <div class='ocr_carea' id='block_1_53' title="bbox 1978 2259 3548 2332">
    <p class='ocr_par' dir='ltr' id='par_1_53' title="bbox 1978 2259 3548 2332">
     <span class='ocr_line' id='line_1_53' title="bbox 1978 2259 3548 2332; baseline 0.004 -22"><span class='ocrx_word' id='word_1_387' title='bbox 1978 2259 2187 2320; x_wconf 79' lang='lat' dir='ltr'><strong>sedere,</strong></span> <span class='ocrx_word' id='word_1_388' title='bbox 2229 2269 2284 2312; x_wconf 91' lang='lat' dir='ltr'><strong>et</strong></span> <span class='ocrx_word' id='word_1_389' title='bbox 2326 2260 2750 2327; x_wconf 71' lang='lat' dir='ltr'><strong>conglorillcari,</strong></span> <span class='ocrx_word' id='word_1_390' title='bbox 2803 2271 2858 2315; x_wconf 91' lang='lat' dir='ltr'><strong>et</strong></span> <span class='ocrx_word' id='word_1_391' title='bbox 2901 2276 3231 2332; x_wconf 66' lang='grc' dir='ltr'><strong>(τουπ-ρεπιιτο</strong></span> <span class='ocrx_word' id='word_1_392' title='bbox 3271 2278 3336 2316; x_wconf 91' lang='lat' dir='ltr'><strong>co</strong></span> <span class='ocrx_word' id='word_1_393' title='bbox 3370 2263 3548 2324; x_wconf 88' lang='lat' dir='ltr'><strong>modo,</strong></span> 
     </span>
    </p>
   </div>
   <div class='ocr_carea' id='block_1_54' title="bbox 1979 2350 3552 2422">
    <p class='ocr_par' dir='ltr' id='par_1_54' title="bbox 1979 2350 3552 2422">
     <span class='ocr_line' id='line_1_54' title="bbox 1979 2350 3552 2422; baseline 0.005 -22"><span class='ocrx_word' id='word_1_394' title='bbox 1979 2363 2086 2416; x_wconf 85' lang='lat' dir='ltr'><strong>quo</strong></span> <span class='ocrx_word' id='word_1_395' title='bbox 2123 2363 2243 2414; x_wconf 81' lang='lat' dir='ltr'><strong>nos,</strong></span> <span class='ocrx_word' id='word_1_396' title='bbox 2292 2352 2383 2418; x_wconf 85' lang='lat' dir='ltr'><strong>qui</strong></span> <span class='ocrx_word' id='word_1_397' title='bbox 2421 2350 2642 2404; x_wconf 80' lang='lat' dir='ltr'><strong>inrreati</strong></span> <span class='ocrx_word' id='word_1_398' title='bbox 2691 2366 2795 2405; x_wconf 89' lang='lat' dir='ltr'><strong>non</strong></span> <span class='ocrx_word' id='word_1_399' title='bbox 2843 2367 3051 2418; x_wconf 89' lang='lat' dir='ltr'><strong>sumus,</strong></span> <span class='ocrx_word' id='word_1_400' title='bbox 3104 2365 3266 2422; x_wconf 85' lang='lat' dir='ltr'><strong>atque</strong></span> <span class='ocrx_word' id='word_1_401' title='bbox 3306 2355 3359 2408; x_wconf 87' lang='lat' dir='ltr'><strong>in</strong></span> <span class='ocrx_word' id='word_1_402' title='bbox 3401 2363 3552 2408; x_wconf 82' lang='lat' dir='ltr'><strong>tanta</strong></span> 
     </span>
    </p>
   </div>
   <div class='ocr_carea' id='block_1_55' title="bbox 1977 2442 3552 2510">
    <p class='ocr_par' dir='ltr' id='par_1_55' title="bbox 1977 2442 3552 2510">
     <span class='ocr_line' id='line_1_55' title="bbox 1977 2442 3552 2510; baseline 0.006 -18"><span class='ocrx_word' id='word_1_403' title='bbox 1977 2442 2238 2493; x_wconf 89' lang='lat' dir='ltr'><strong>honorum</strong></span> <span class='ocrx_word' id='word_1_404' title='bbox 2291 2457 2515 2510; x_wconf 89' lang='lat' dir='ltr'><strong>operum</strong></span> <span class='ocrx_word' id='word_1_405' title='bbox 2561 2442 2804 2498; x_wconf 84' lang='lat' dir='ltr'><strong>nuditate</strong></span> <span class='ocrx_word' id='word_1_406' title='bbox 2855 2444 3006 2508; x_wconf 85' lang='lat' dir='ltr'><strong>talia,</strong></span> <span class='ocrx_word' id='word_1_407' title='bbox 3055 2461 3118 2500; x_wconf 87' lang='lat' dir='ltr'><strong>ac</strong></span> <span class='ocrx_word' id='word_1_408' title='bbox 3158 2457 3264 2498; x_wconf 88' lang='lat' dir='ltr'><strong>tam</strong></span> <span class='ocrx_word' id='word_1_409' title='bbox 3295 2447 3552 2502; x_wconf 82' lang='lat' dir='ltr'><strong>sublimia</strong></span> 
     </span>
    </p>
   </div>
   <div class='ocr_carea' id='block_1_56' title="bbox 1979 2533 3554 2604">
    <p class='ocr_par' dir='ltr' id='par_1_56' title="bbox 1979 2533 3554 2604">
     <span class='ocr_line' id='line_1_56' title="bbox 1979 2533 3554 2604; baseline 0.006 -22"><span class='ocrx_word' id='word_1_410' title='bbox 1979 2543 2290 2598; x_wconf 87' lang='lat' dir='ltr'><strong>speramus;</strong></span> <span class='ocrx_word' id='word_1_411' title='bbox 2333 2546 2457 2584; x_wconf 89' lang='lat' dir='ltr'><strong>nam</strong></span> <span class='ocrx_word' id='word_1_412' title='bbox 2498 2533 2767 2598; x_wconf 84' lang='lat' dir='ltr'><strong>considet,</strong></span> <span class='ocrx_word' id='word_1_413' title='bbox 2815 2533 3273 2604; x_wconf 78' lang='lat' dir='ltr'><strong>conglorillcatnr,</strong></span> <span class='ocrx_word' id='word_1_414' title='bbox 3325 2547 3380 2589; x_wconf 84' lang='lat' dir='ltr'><strong>et</strong></span> <span class='ocrx_word' id='word_1_415' title='bbox 3424 2551 3554 2592; x_wconf 87' lang='lat' dir='ltr'><strong>con-</strong></span> 
     </span>
    </p>
   </div>
   <div class='ocr_carea' id='block_1_57' title="bbox 1980 2623 3549 2693">
    <p class='ocr_par' dir='ltr' id='par_1_57' title="bbox 1980 2623 3549 2693">
     <span class='ocr_line' id='line_1_57' title="bbox 1980 2623 3549 2693; baseline 0.004 -19"><span class='ocrx_word' id='word_1_416' title='bbox 1980 2631 2164 2688; x_wconf 76' lang='lat' dir='ltr'><strong>regnat</strong></span> <span class='ocrx_word' id='word_1_417' title='bbox 2217 2637 2338 2676; x_wconf 91' lang='lat' dir='ltr'><strong>cum</strong></span> <span class='ocrx_word' id='word_1_418' title='bbox 2381 2623 2490 2676; x_wconf 90' lang='lat' dir='ltr'><strong>Deo</strong></span> <span class='ocrx_word' id='word_1_419' title='bbox 2527 2633 2585 2676; x_wconf 92' lang='lat' dir='ltr'><strong>ut</strong></span> <span class='ocrx_word' id='word_1_420' title='bbox 2618 2623 2852 2692; x_wconf 88' lang='lat' dir='ltr'><strong>Spiritus</strong></span> <span class='ocrx_word' id='word_1_421' title='bbox 2891 2624 3028 2690; x_wconf 80' lang='lat' dir='ltr'><strong>eius,</strong></span> <span class='ocrx_word' id='word_1_422' title='bbox 3078 2636 3136 2678; x_wconf 90' lang='lat' dir='ltr'><strong>ut</strong></span> <span class='ocrx_word' id='word_1_423' title='bbox 3169 2637 3359 2678; x_wconf 88' lang='lat' dir='ltr'><strong>natura</strong></span> <span class='ocrx_word' id='word_1_424' title='bbox 3385 2627 3549 2693; x_wconf 69' lang='lat' dir='ltr'><strong>Deus,</strong></span> 
     </span>
    </p>
   </div>
   <div class='ocr_carea' id='block_1_58' title="bbox 1979 2711 3548 2781">
    <p class='ocr_par' dir='ltr' id='par_1_58' title="bbox 1979 2711 3548 2781">
     <span class='ocr_line' id='line_1_58' title="bbox 1979 2711 3548 2781; baseline 0.004 -18"><span class='ocrx_word' id='word_1_425' title='bbox 1979 2723 2035 2764; x_wconf 93' lang='lat' dir='ltr'><strong>ut</strong></span> <span class='ocrx_word' id='word_1_426' title='bbox 2070 2711 2204 2776; x_wconf 77' lang='lat' dir='ltr'><strong>Rex,</strong></span> <span class='ocrx_word' id='word_1_427' title='bbox 2253 2721 2310 2765; x_wconf 91' lang='lat' dir='ltr'><strong>ut</strong></span> <span class='ocrx_word' id='word_1_428' title='bbox 2344 2712 2412 2766; x_wconf 90' lang='lat' dir='ltr'><strong>ab</strong></span> <span class='ocrx_word' id='word_1_429' title='bbox 2451 2722 2652 2767; x_wconf 78' lang='lat' dir='ltr'><strong>:rterno</strong></span> <span class='ocrx_word' id='word_1_430' title='bbox 2696 2716 3005 2778; x_wconf 74' lang='lat' dir='ltr'><strong>cousizleus,</strong></span> <span class='ocrx_word' id='word_1_431' title='bbox 3040 2725 3098 2768; x_wconf 92' lang='lat' dir='ltr'><strong>ut</strong></span> <span class='ocrx_word' id='word_1_432' title='bbox 3135 2716 3322 2781; x_wconf 86' lang='lat' dir='ltr'><strong>plenus</strong></span> <span class='ocrx_word' id='word_1_433' title='bbox 3370 2718 3548 2771; x_wconf 85' lang='lat' dir='ltr'><strong>incor—</strong></span> 
     </span>
    </p>
   </div>
   <div class='ocr_carea' id='block_1_59' title="bbox 1985 2803 3551 2877">
    <p class='ocr_par' dir='ltr' id='par_1_59' title="bbox 1985 2803 3551 2877">
     <span class='ocr_line' id='line_1_59' title="bbox 1985 2803 3551 2877; baseline 0.006 -23"><span class='ocrx_word' id='word_1_434' title='bbox 1985 2815 2134 2870; x_wconf 88' lang='lat' dir='ltr'><strong>rupta</strong></span> <span class='ocrx_word' id='word_1_435' title='bbox 2193 2814 2354 2872; x_wconf 82' lang='lat' dir='ltr'><strong>atque</strong></span> <span class='ocrx_word' id='word_1_436' title='bbox 2408 2803 2758 2860; x_wconf 83' lang='lat' dir='ltr'><strong>immaculata</strong></span> <span class='ocrx_word' id='word_1_437' title='bbox 2806 2809 2998 2877; x_wconf 76' lang='lat' dir='ltr'><strong>gloria.</strong></span> <span class='ocrx_word' id='word_1_438' title='bbox 3054 2809 3154 2874; x_wconf 86' lang='lat' dir='ltr'><strong>Qui</strong></span> <span class='ocrx_word' id='word_1_439' title='bbox 3207 2809 3349 2863; x_wconf 90' lang='lat' dir='ltr'><strong>enim</strong></span> <span class='ocrx_word' id='word_1_440' title='bbox 3382 2809 3551 2864; x_wconf 78' lang='lat' dir='ltr'><strong>creati</strong></span> 
     </span>
    </p>
   </div>
   <div class='ocr_carea' id='block_1_60' title="bbox 1979 2893 3543 2970">
    <p class='ocr_par' dir='ltr' id='par_1_60' title="bbox 1979 2893 3543 2970">
     <span class='ocr_line' id='line_1_60' title="bbox 1979 2893 3543 2970; baseline 0.006 -24"><span class='ocrx_word' id='word_1_441' title='bbox 1979 2903 2124 2957; x_wconf 87' lang='lat' dir='ltr'><strong>sunt,</strong></span> <span class='ocrx_word' id='word_1_442' title='bbox 2159 2893 2233 2948; x_wconf 87' lang='lat' dir='ltr'><strong>illi</strong></span> <span class='ocrx_word' id='word_1_443' title='bbox 2261 2911 2356 2962; x_wconf 88' lang='lat' dir='ltr'><strong>per</strong></span> <span class='ocrx_word' id='word_1_444' title='bbox 2387 2897 2618 2965; x_wconf 70' lang='lat' dir='ltr'><strong>gratiam</strong></span> <span class='ocrx_word' id='word_1_445' title='bbox 2667 2899 2783 2953; x_wconf 75' lang='lat' dir='ltr'><strong>inec</strong></span> <span class='ocrx_word' id='word_1_446' title='bbox 2833 2911 3233 2968; x_wconf 84' lang='lat' dir='ltr'><strong>consequentur</strong></span> <span class='ocrx_word' id='word_1_447' title='bbox 3284 2913 3402 2970; x_wconf 73' lang='lat' dir='ltr'><strong>post</strong></span> <span class='ocrx_word' id='word_1_448' title='bbox 3456 2916 3543 2955; x_wconf 74' lang='lat' dir='ltr'><strong>re~</strong></span> 
     </span>
    </p>
   </div>
   <div class='ocr_carea' id='block_1_61' title="bbox 1980 2987 3551 3060">
    <p class='ocr_par' dir='ltr' id='par_1_61' title="bbox 1980 2987 3551 3060">
     <span class='ocr_line' id='line_1_61' title="bbox 1980 2987 3551 3060; baseline 0.006 -24"><span class='ocrx_word' id='word_1_449' title='bbox 1980 2987 2373 3041; x_wconf 87' lang='lat' dir='ltr'><strong>surrectionem</strong></span> <span class='ocrx_word' id='word_1_450' title='bbox 2409 2988 2543 3056; x_wconf 89' lang='lat'><strong>(88),</strong></span> <span class='ocrx_word' id='word_1_451' title='bbox 2591 2990 2684 3042; x_wconf 87' lang='lat' dir='ltr'><strong>sed</strong></span> <span class='ocrx_word' id='word_1_452' title='bbox 2717 2991 2787 3042; x_wconf 87' lang='lat' dir='ltr'><strong>ita</strong></span> <span class='ocrx_word' id='word_1_453' title='bbox 2835 3000 2895 3044; x_wconf 89' lang='lat' dir='ltr'><strong>ut</strong></span> <span class='ocrx_word' id='word_1_454' title='bbox 2937 2992 3085 3060; x_wconf 81' lang='lat' dir='ltr'><strong>regni</strong></span> <span class='ocrx_word' id='word_1_455' title='bbox 3135 2993 3350 3060; x_wconf 80' lang='lat' dir='ltr'><strong>quidem</strong></span> <span class='ocrx_word' id='word_1_456' title='bbox 3393 2992 3551 3047; x_wconf 80' lang='lat' dir='ltr'><strong>bonis</strong></span> 
     </span>
    </p>
   </div>
   <div class='ocr_carea' id='block_1_62' title="bbox 1983 3076 3547 3148">
    <p class='ocr_par' dir='ltr' id='par_1_62' title="bbox 1983 3076 3547 3148">
     <span class='ocr_line' id='line_1_62' title="bbox 1983 3076 3547 3148; baseline 0.008 -22"><span class='ocrx_word' id='word_1_457' title='bbox 1983 3076 2198 3130; x_wconf 84' lang='lat' dir='ltr'><strong>fruituri</strong></span> <span class='ocrx_word' id='word_1_458' title='bbox 2253 3079 2382 3141; x_wconf 89' lang='lat' dir='ltr'><strong>sint,</strong></span> <span class='ocrx_word' id='word_1_459' title='bbox 2443 3093 2593 3148; x_wconf 78' lang='lat' dir='ltr'><strong>reges</strong></span> <span class='ocrx_word' id='word_1_460' title='bbox 2647 3095 2772 3134; x_wconf 89' lang='lat' dir='ltr'><strong>vero</strong></span> <span class='ocrx_word' id='word_1_461' title='bbox 2823 3079 2985 3134; x_wconf 82' lang='lat' dir='ltr'><strong>futuri</strong></span> <span class='ocrx_word' id='word_1_462' title='bbox 3039 3098 3142 3135; x_wconf 90' lang='lat' dir='ltr'><strong>non</strong></span> <span class='ocrx_word' id='word_1_463' title='bbox 3202 3085 3331 3138; x_wconf 90' lang='lat' dir='ltr'><strong>sint.</strong></span> <span class='ocrx_word' id='word_1_464' title='bbox 3385 3081 3547 3139; x_wconf 79' lang='lat' dir='ltr'><strong>Novit</strong></span> 
     </span>
    </p>
   </div>
   <div class='ocr_carea' id='block_1_63' title="bbox 1762 3169 3552 3244">
    <p class='ocr_par' dir='ltr' id='par_1_63' title="bbox 1762 3169 3552 3244">
     <span class='ocr_line' id='line_1_63' title="bbox 1762 3169 3552 3244; baseline 0.007 -21"><span class='ocrx_word' id='word_1_465' title='bbox 1762 3169 1813 3223; x_wconf 95' lang='lat' dir='ltr'><strong>id</strong></span> <span class='ocrx_word' id='word_1_466' title='bbox 1877 3179 1962 3224; x_wconf 90' lang='lat' dir='ltr'><strong>est</strong></span> <span class='ocrx_word' id='word_1_467' title='bbox 2000 3169 2327 3236; x_wconf 85' lang='lat' dir='ltr'><strong>claritatem,</strong></span> <span class='ocrx_word' id='word_1_468' title='bbox 2381 3173 2539 3227; x_wconf 85' lang='lat' dir='ltr'><strong>aliam</strong></span> <span class='ocrx_word' id='word_1_469' title='bbox 2603 3173 2762 3241; x_wconf 84' lang='lat' dir='ltr'><strong>Inme,</strong></span> <span class='ocrx_word' id='word_1_470' title='bbox 2816 3185 2978 3244; x_wconf 85' lang='lat' dir='ltr'><strong>atque</strong></span> <span class='ocrx_word' id='word_1_471' title='bbox 3020 3177 3337 3234; x_wconf 88' lang='lat' dir='ltr'><strong>stellarum:</strong></span> <span class='ocrx_word' id='word_1_472' title='bbox 3386 3191 3440 3234; x_wconf 89' lang='lat' dir='ltr'><strong>et</strong></span> <span class='ocrx_word' id='word_1_473' title='bbox 3469 3182 3552 3235; x_wconf 90' lang='lat' dir='ltr'><strong>his</strong></span> 
     </span>
    </p>
   </div>
   <div class='ocr_carea' id='block_1_64' title="bbox 303 3261 3552 3342">
    <p class='ocr_par' dir='ltr' id='par_1_64' title="bbox 303 3261 3552 3342">
     <span class='ocr_line' id='line_1_64' title="bbox 303 3261 3552 3342; baseline 0 -18"><span class='ocrx_word' id='word_1_474' title='bbox 303 3284 487 3324; x_wconf 80' lang='lat' dir='ltr'><strong>rursus</strong></span> <span class='ocrx_word' id='word_1_475' title='bbox 541 3269 783 3322; x_wconf 84' lang='lat' dir='ltr'><strong>eamdem</strong></span> <span class='ocrx_word' id='word_1_476' title='bbox 831 3283 937 3321; x_wconf 90' lang='lat' dir='ltr'><strong>non</strong></span> <span class='ocrx_word' id='word_1_477' title='bbox 995 3282 1111 3320; x_wconf 74' lang='lat' dir='ltr'><strong>es~e</strong></span> <span class='ocrx_word' id='word_1_478' title='bbox 1166 3266 1390 3334; x_wconf 76' lang='lat' dir='ltr'><strong>gloriam</strong></span> <span class='ocrx_word' id='word_1_479' title='bbox 1423 3282 1435 3316; x_wconf 92' lang='lat'>:</span> <span class='ocrx_word' id='word_1_480' title='bbox 1479 3283 1496 3314; x_wconf 89' lang='grc' dir='ltr'><strong>ι</strong></span> <span class='ocrx_word' id='word_1_481' title='bbox 1521 3263 1683 3317; x_wconf 86' lang='lat' dir='ltr'><strong>Stella</strong></span> <span class='ocrx_word' id='word_1_482' title='bbox 1743 3261 1853 3332; x_wconf 88' lang='lat'><strong>(89)</strong></span> <span class='ocrx_word' id='word_1_483' title='bbox 1893 3263 2056 3326; x_wconf 88' lang='lat' dir='ltr'><strong>enim,</strong></span> <span class='ocrx_word' id='word_1_484' title='bbox 2099 3281 2118 3312; x_wconf 71' lang='grc' dir='ltr'><strong>ι</strong></span> <span class='ocrx_word' id='word_1_485' title='bbox 2145 3263 2338 3333; x_wconf 82' lang='lat' dir='ltr'><strong>inquit,</strong></span> <span class='ocrx_word' id='word_1_486' title='bbox 2376 3283 2394 3314; x_wconf 86' lang='grc' dir='ltr'><strong>ι</strong></span> <span class='ocrx_word' id='word_1_487' title='bbox 2432 3281 2460 3316; x_wconf 92' lang='lat' dir='ltr'><strong>a</strong></span> <span class='ocrx_word' id='word_1_488' title='bbox 2500 3267 2650 3318; x_wconf 86' lang='lat' dir='ltr'><strong>stella</strong></span> <span class='ocrx_word' id='word_1_489' title='bbox 2682 3267 2860 3321; x_wconf 78' lang='lat' dir='ltr'><strong>dilfert</strong></span> <span class='ocrx_word' id='word_1_490' title='bbox 2893 3268 2943 3320; x_wconf 91' lang='lat' dir='ltr'><strong>in</strong></span> <span class='ocrx_word' id='word_1_491' title='bbox 2977 3268 3146 3336; x_wconf 76' lang='lat' dir='ltr'><strong>gloria</strong></span> <span class='ocrx_word' id='word_1_492' title='bbox 3173 3286 3188 3333; x_wconf 88' lang='lat'><strong>;</strong></span> <span class='ocrx_word' id='word_1_493' title='bbox 3215 3289 3234 3322; x_wconf 71' lang='grc' dir='ltr'><strong>ι</strong></span> <span class='ocrx_word' id='word_1_494' title='bbox 3272 3281 3326 3324; x_wconf 87' lang='lat' dir='ltr'><strong>et</strong></span> <span class='ocrx_word' id='word_1_495' title='bbox 3359 3287 3552 3342; x_wconf 79' lang='lat' dir='ltr'><strong>corpo-</strong></span> 
     </span>
    </p>
   </div>
   <div class='ocr_carea' id='block_1_65' title="bbox 303 3356 3553 3430">
    <p class='ocr_par' dir='ltr' id='par_1_65' title="bbox 303 3356 3553 3430">
     <span class='ocr_line' id='line_1_65' title="bbox 303 3356 3553 3430; baseline 0.001 -16"><span class='ocrx_word' id='word_1_496' title='bbox 303 3360 376 3414; x_wconf 86' lang='lat' dir='ltr'><strong>ris</strong></span> <span class='ocrx_word' id='word_1_497' title='bbox 419 3360 607 3414; x_wconf 91' lang='lat' dir='ltr'><strong>oculus</strong></span> <span class='ocrx_word' id='word_1_498' title='bbox 635 3359 753 3414; x_wconf 83' lang='lat' dir='ltr'><strong>aliis</strong></span> <span class='ocrx_word' id='word_1_499' title='bbox 787 3359 950 3429; x_wconf 77' lang='lat'><strong>259</strong></span> <span class='ocrx_word' id='word_1_500' title='bbox 989 3359 1246 3410; x_wconf 76' lang='lat' dir='ltr'><strong>ineinhris</strong></span> <span class='ocrx_word' id='word_1_501' title='bbox 1291 3356 1518 3409; x_wconf 72' lang='lat' dir='ltr'><strong>nobilior</strong></span> <span class='ocrx_word' id='word_1_502' title='bbox 1560 3363 1672 3418; x_wconf 90' lang='lat' dir='ltr'><strong>est;</strong></span> <span class='ocrx_word' id='word_1_503' title='bbox 1707 3361 1946 3410; x_wconf 87' lang='lat' dir='ltr'><strong>attamen</strong></span> <span class='ocrx_word' id='word_1_504' title='bbox 1974 3368 2169 3422; x_wconf 88' lang='lat' dir='ltr'><strong>corpus</strong></span> <span class='ocrx_word' id='word_1_505' title='bbox 2227 3365 2284 3408; x_wconf 88' lang='lat' dir='ltr'><strong>et</strong></span> <span class='ocrx_word' id='word_1_506' title='bbox 2349 3357 2461 3424; x_wconf 86' lang='lat' dir='ltr'><strong>ipse</strong></span> <span class='ocrx_word' id='word_1_507' title='bbox 2529 3368 2610 3411; x_wconf 90' lang='lat' dir='ltr'><strong>est</strong></span> <span class='ocrx_word' id='word_1_508' title='bbox 2675 3357 2808 3428; x_wconf 85' lang='lat'><strong>(90).</strong></span> <span class='ocrx_word' id='word_1_509' title='bbox 2848 3357 3030 3428; x_wconf 87' lang='lat' dir='ltr'><strong>Itaque</strong></span> <span class='ocrx_word' id='word_1_510' title='bbox 3098 3377 3194 3415; x_wconf 77' lang='lat' dir='ltr'><strong>IlltS</strong></span> <span class='ocrx_word' id='word_1_511' title='bbox 3230 3360 3553 3430; x_wconf 85' lang='lat' dir='ltr'><strong>baptismate</strong></span> 
     </span>
    </p>
   </div>
   <div class='ocr_carea' id='block_1_66' title="bbox 304 3446 3552 3524">
    <p class='ocr_par' dir='ltr' id='par_1_66' title="bbox 304 3446 3552 3524">
     <span class='ocr_line' id='line_1_66' title="bbox 304 3446 3552 3524; baseline 0.002 -18"><span class='ocrx_word' id='word_1_512' title='bbox 304 3452 542 3506; x_wconf 72' lang='lat' dir='ltr'><strong>renovati</strong></span> <span class='ocrx_word' id='word_1_513' title='bbox 606 3453 784 3506; x_wconf 87' lang='lat' dir='ltr'><strong>divina</strong></span> <span class='ocrx_word' id='word_1_514' title='bbox 857 3451 1222 3504; x_wconf 80' lang='lat' dir='ltr'><strong>lautitiaritate</strong></span> <span class='ocrx_word' id='word_1_515' title='bbox 1291 3458 1494 3502; x_wconf 86' lang='lat' dir='ltr'><strong>tantum</strong></span> <span class='ocrx_word' id='word_1_516' title='bbox 1576 3446 1843 3500; x_wconf 81' lang='lat' dir='ltr'><strong>fruimur.</strong></span> <span class='ocrx_word' id='word_1_517' title='bbox 1884 3455 2143 3514; x_wconf 86' lang='lat' dir='ltr'><strong>quantum</strong></span> <span class='ocrx_word' id='word_1_518' title='bbox 2177 3459 2381 3502; x_wconf 56' lang='lat' dir='ltr'><strong>natura:</strong></span> <span class='ocrx_word' id='word_1_519' title='bbox 2456 3462 2653 3505; x_wconf 75' lang='lat' dir='ltr'><strong>nostra:</strong></span> <span class='ocrx_word' id='word_1_520' title='bbox 2718 3453 2858 3506; x_wconf 89' lang='lat' dir='ltr'><strong>vires</strong></span> <span class='ocrx_word' id='word_1_521' title='bbox 2919 3452 3440 3524; x_wconf 85' lang='lat' dir='ltr'><strong>sinunt:quomodo</strong></span> <span class='ocrx_word' id='word_1_522' title='bbox 3473 3460 3552 3513; x_wconf 85' lang='lat' dir='ltr'><strong>ait</strong></span> 
     </span>
    </p>
   </div>
   <div class='ocr_carea' id='block_1_67' title="bbox 302 3545 554 3614">
    <p class='ocr_par' dir='ltr' id='par_1_67' title="bbox 302 3545 554 3614">
     <span class='ocr_line' id='line_1_67' title="bbox 302 3545 554 3614; baseline 0 -17"><span class='ocrx_word' id='word_1_523' title='bbox 302 3545 515 3614; x_wconf 85' lang='lat' dir='ltr'><strong>quidam</strong></span> <span class='ocrx_word' id='word_1_524' title='bbox 541 3560 554 3596; x_wconf 90' lang='lat'>:</span> 
     </span>
    </p>
   </div>
   <div class='ocr_carea' id='block_1_68' title="bbox 463 3620 1768 3726">
    <p class='ocr_par' dir='ltr' id='par_1_68' title="bbox 463 3620 1768 3726">
     <span class='ocr_line' id='line_1_68' title="bbox 463 3620 1768 3726; baseline 0 -18"><span class='ocrx_word' id='word_1_525' title='bbox 463 3620 715 3712; x_wconf 77' lang='grc' dir='ltr'>Ὁπόσον</span> <span class='ocrx_word' id='word_1_526' title='bbox 741 3657 986 3726; x_wconf 76' lang='grc' dir='ltr'><strong>ἡμέριόν</strong></span> <span class='ocrx_word' id='word_1_527' title='bbox 1023 3674 1091 3710; x_wconf 79' lang='grc' dir='ltr'>κε</span> <span class='ocrx_word' id='word_1_528' title='bbox 1130 3656 1250 3722; x_wconf 85' lang='grc' dir='ltr'><strong>Θεῷ</strong></span> <span class='ocrx_word' id='word_1_529' title='bbox 1287 3656 1459 3726; x_wconf 73' lang='grc' dir='ltr'>γένος</span> <span class='ocrx_word' id='word_1_530' title='bbox 1495 3652 1768 3715; x_wconf 77' lang='grc' dir='ltr'>ίσάζοιτο.</span> 
     </span>
    </p>
   </div>
   <div class='ocr_carea' id='block_1_69' title="bbox 299 3809 1877 3882">
    <p class='ocr_par' dir='ltr' id='par_1_69' title="bbox 299 3809 1877 3882">
     <span class='ocr_line' id='line_1_69' title="bbox 299 3809 1877 3882; baseline -0.003 -16"><span class='ocrx_word' id='word_1_531' title='bbox 299 3811 410 3866; x_wconf 73' lang='grc' dir='ltr'><strong>Καὶ</strong></span> <span class='ocrx_word' id='word_1_532' title='bbox 437 3809 635 3882; x_wconf 76' lang='grc' dir='ltr'>Πέτρος</span> <span class='ocrx_word' id='word_1_533' title='bbox 661 3810 952 3875; x_wconf 76' lang='grc' dir='ltr'>ἐκθειάζων</span> <span class='ocrx_word' id='word_1_534' title='bbox 985 3812 1045 3864; x_wconf 81' lang='grc' dir='ltr'><strong>τὸ</strong></span> <span class='ocrx_word' id='word_1_535' title='bbox 1083 3811 1382 3882; x_wconf 77' lang='grc' dir='ltr'>βάπτισμα,</span> <span class='ocrx_word' id='word_1_536' title='bbox 1447 3811 1522 3874; x_wconf 80' lang='grc' dir='ltr'>ὼς</span> <span class='ocrx_word' id='word_1_537' title='bbox 1562 3809 1694 3864; x_wconf 86' lang='grc' dir='ltr'><strong>Θεοῦ</strong></span> <span class='ocrx_word' id='word_1_538' title='bbox 1727 3810 1877 3874; x_wconf 76' lang='grc' dir='ltr'>ὄντος</span> 
     </span>
    </p>
   </div>
   <div class='ocr_carea' id='block_1_70' title="bbox 296 3901 1877 3973">
    <p class='ocr_par' dir='ltr' id='par_1_70' title="bbox 296 3901 1877 3973">
     <span class='ocr_line' id='line_1_70' title="bbox 296 3901 1877 3973; baseline 0 -18"><span class='ocrx_word' id='word_1_539' title='bbox 296 3901 390 3956; x_wconf 73' lang='grc' dir='ltr'>τοῦ</span> <span class='ocrx_word' id='word_1_540' title='bbox 415 3903 794 3967; x_wconf 76' lang='grc' dir='ltr'>ἀνακτίζοντος</span> <span class='ocrx_word' id='word_1_541' title='bbox 842 3904 990 3973; x_wconf 76' lang='grc' dir='ltr'>ἡμᾶς</span> <span class='ocrx_word' id='word_1_542' title='bbox 1025 3903 1178 3972; x_wconf 81' lang='grc' dir='ltr'>ἁγίου</span> <span class='ocrx_word' id='word_1_543' title='bbox 1228 3902 1562 3972; x_wconf 84' lang='grc' dir='ltr'>Πνεύματος,</span> <span class='ocrx_word' id='word_1_544' title='bbox 1591 3901 1877 3956; x_wconf 73' lang='grc' dir='ltr'>καθολικὸν</span> 
     </span>
    </p>
   </div>
   <div class='ocr_carea' id='block_1_71' title="bbox 295 3990 1876 4065">
    <p class='ocr_par' dir='ltr' id='par_1_71' title="bbox 295 3990 1876 4065">
     <span class='ocr_line' id='line_1_71' title="bbox 295 3990 1876 4065; baseline 0.001 -21"><span class='ocrx_word' id='word_1_545' title='bbox 295 3990 382 4046; x_wconf 81' lang='grc' dir='ltr'><strong>διὰ</strong></span> <span class='ocrx_word' id='word_1_546' title='bbox 407 3993 506 4061; x_wconf 79' lang='grc' dir='ltr'>τῆς</span> <span class='ocrx_word' id='word_1_547' title='bbox 534 3993 753 4062; x_wconf 78' lang='grc' dir='ltr'>πρώτης</span> <span class='ocrx_word' id='word_1_548' title='bbox 787 3993 1102 4063; x_wconf 80' lang='grc' dir='ltr'>Ἐπιστολῆς</span> <span class='ocrx_word' id='word_1_549' title='bbox 1127 3992 1432 4063; x_wconf 71' lang='grc' dir='ltr'>ὲξεέρὼνησε</span> <span class='ocrx_word' id='word_1_550' title='bbox 1449 3995 1728 4065; x_wconf 84' lang='grc' dir='ltr'>κήρυγμα,</span> <span class='ocrx_word' id='word_1_551' title='bbox 1756 3993 1876 4046; x_wconf 85' lang='grc' dir='ltr'>δια-</span> 
     </span>
    </p>
   </div>
   <div class='ocr_carea' id='block_1_72' title="bbox 296 4083 1872 4157">
    <p class='ocr_par' dir='ltr' id='par_1_72' title="bbox 296 4083 1872 4157">
     <span class='ocr_line' id='line_1_72' title="bbox 296 4083 1872 4157; baseline 0.001 -21"><span class='ocrx_word' id='word_1_552' title='bbox 296 4085 519 4156; x_wconf 73' lang='grc' dir='ltr'>γορεῦον</span> <span class='ocrx_word' id='word_1_553' title='bbox 565 4085 751 4138; x_wconf 84' lang='grc' dir='ltr'>ταυτί·</span> <span class='ocrx_word' id='word_1_554' title='bbox 811 4083 1386 4156; x_wconf 83' lang='grc' dir='ltr'>«Ἀναγεγεννημένοι,</span> <span class='ocrx_word' id='word_1_555' title='bbox 1437 4085 1538 4138; x_wconf 81' lang='grc' dir='ltr'>οὐκ</span> <span class='ocrx_word' id='word_1_556' title='bbox 1563 4085 1627 4138; x_wconf 83' lang='grc' dir='ltr'>ὲκ</span> <span class='ocrx_word' id='word_1_557' title='bbox 1661 4087 1872 4157; x_wconf 84' lang='grc' dir='ltr'>σπορᾶς</span> 
     </span>
    </p>
   </div>
   <div class='ocr_carea' id='block_1_73' title="bbox 300 4304 1850 4427">
    <p class='ocr_par' dir='ltr' id='par_1_73' title="bbox 300 4304 1850 4427">
     <span class='ocr_line' id='line_1_73' title="bbox 300 4304 1850 4427; baseline -0.001 -66"><span class='ocrx_word' id='word_1_558' title='bbox 300 4304 482 4427; x_wconf 53' lang='lat' dir='ltr'><strong>Al3(85)</strong></span> <span class='ocrx_word' id='word_1_559' title='bbox 522 4304 824 4362; x_wconf 78' lang='lat' dir='ltr'><strong>Ambulare.</strong></span> <span class='ocrx_word' id='word_1_560' title='bbox 863 4304 1101 4375; x_wconf 85' lang='lat' dir='ltr'><strong>Respicit</strong></span> <span class='ocrx_word' id='word_1_561' title='bbox 1156 4305 1382 4362; x_wconf 78' lang='lat' dir='ltr'><strong>fortasse</strong></span> <span class='ocrx_word' id='word_1_562' title='bbox 1409 4306 1542 4375; x_wconf 88' lang='lat' dir='ltr'><strong>psal.</strong></span> <span class='ocrx_word' id='word_1_563' title='bbox 1591 4321 1678 4373; x_wconf 86' lang='lat' dir='ltr'><strong>xc,</strong></span> <span class='ocrx_word' id='word_1_564' title='bbox 1709 4321 1850 4360; x_wconf 89' lang='lat' dir='ltr'><strong>vers.</strong></span> 
     </span>
    </p>
   </div>
   <div class='ocr_carea' id='block_1_74' title="bbox 369 4413 1868 4514">
    <p class='ocr_par' dir='ltr' id='par_1_74' title="bbox 369 4413 1868 4514">
     <span class='ocr_line' id='line_1_74' title="bbox 369 4413 1868 4514; baseline 0.003 -21"><span class='ocrx_word' id='word_1_565' title='bbox 369 4413 481 4514; x_wconf 47' lang='lat' dir='ltr'><strong>(illi)</strong></span> <span class='ocrx_word' id='word_1_566' title='bbox 526 4443 679 4500; x_wconf 84' lang='lat' dir='ltr'><strong>Ecre.</strong></span> <span class='ocrx_word' id='word_1_567' title='bbox 723 4445 911 4501; x_wconf 84' lang='lat' dir='ltr'><strong>Matth.</strong></span> <span class='ocrx_word' id='word_1_568' title='bbox 945 4460 1001 4498; x_wconf 83' lang='grc' dir='ltr'><strong>ιιι</strong></span> <span class='ocrx_word' id='word_1_569' title='bbox 1026 4483 1042 4508; x_wconf 89' lang='grc'><strong>,</strong></span> <span class='ocrx_word' id='word_1_570' title='bbox 1085 4444 1171 4498; x_wconf 84' lang='grc'><strong>16.</strong></span> <span class='ocrx_word' id='word_1_571' title='bbox 1223 4444 1388 4498; x_wconf 81' lang='lat' dir='ltr'><strong>Biblia</strong></span> <span class='ocrx_word' id='word_1_572' title='bbox 1421 4444 1662 4500; x_wconf 83' lang='lat' dir='ltr'><strong>habent:</strong></span> <span class='ocrx_word' id='word_1_573' title='bbox 1695 4446 1868 4514; x_wconf 82' lang='grc' dir='ltr'>ἀνεῴ-</span> 
     </span>
    </p>
   </div>
   <div class='ocr_carea' id='block_1_75' title="bbox 1903 3649 3462 3724">
    <p class='ocr_par' dir='ltr' id='par_1_75' title="bbox 1903 3649 3462 3724">
     <span class='ocr_line' id='line_1_75' title="bbox 1903 3649 3462 3724; baseline 0.005 -23"><span class='ocrx_word' id='word_1_574' title='bbox 1903 3655 1947 3712; x_wconf 82' lang='lat' dir='ltr'><strong>c</strong></span> <span class='ocrx_word' id='word_1_575' title='bbox 2053 3649 2316 3716; x_wconf 82' lang='lat' dir='ltr'><strong>Quantum</strong></span> <span class='ocrx_word' id='word_1_576' title='bbox 2363 3649 2472 3719; x_wconf 88' lang='grc'><strong>(91)</strong></span> <span class='ocrx_word' id='word_1_577' title='bbox 2529 3651 2746 3704; x_wconf 84' lang='lat' dir='ltr'><strong>mortale</strong></span> <span class='ocrx_word' id='word_1_578' title='bbox 2785 3669 2944 3719; x_wconf 76' lang='lat' dir='ltr'><strong>genus</strong></span> <span class='ocrx_word' id='word_1_579' title='bbox 2986 3653 3095 3708; x_wconf 85' lang='lat' dir='ltr'><strong>Deo</strong></span> <span class='ocrx_word' id='word_1_580' title='bbox 3147 3656 3462 3724; x_wconf 67' lang='lat' dir='ltr'><strong>wquiparuri</strong></span> 
     </span>
    </p>
   </div>
   <div class='ocr_carea' id='block_1_76' title="bbox 2655 3731 2842 3789">
    <p class='ocr_par' dir='ltr' id='par_1_76' title="bbox 2655 3731 2842 3789">
     <span class='ocr_line' id='line_1_76' title="bbox 2655 3731 2842 3789; baseline 0.021 -17"><span class='ocrx_word' id='word_1_581' title='bbox 2655 3731 2842 3789; x_wconf 78' lang='lat' dir='ltr'><strong>potest.</strong></span> 
     </span>
    </p>
   </div>
   <div class='ocr_carea' id='block_1_77' title="bbox 1978 3809 3538 3885">
    <p class='ocr_par' dir='ltr' id='par_1_77' title="bbox 1978 3809 3538 3885">
     <span class='ocr_line' id='line_1_77' title="bbox 1978 3809 3538 3885; baseline 0.004 -20"><span class='ocrx_word' id='word_1_582' title='bbox 1978 3811 2044 3866; x_wconf 86' lang='lat' dir='ltr'><strong>Et</strong></span> <span class='ocrx_word' id='word_1_583' title='bbox 2093 3809 2283 3865; x_wconf 84' lang='lat' dir='ltr'><strong>Petrus</strong></span> <span class='ocrx_word' id='word_1_584' title='bbox 2333 3811 2596 3878; x_wconf 82' lang='lat' dir='ltr'><strong>baptisma</strong></span> <span class='ocrx_word' id='word_1_585' title='bbox 2649 3812 2888 3864; x_wconf 83' lang='lat' dir='ltr'><strong>divinum</strong></span> <span class='ocrx_word' id='word_1_586' title='bbox 2948 3827 3070 3867; x_wconf 88' lang='lat' dir='ltr'><strong>esse</strong></span> <span class='ocrx_word' id='word_1_587' title='bbox 3127 3815 3348 3879; x_wconf 69' lang='lat' dir='ltr'><strong>docens,</strong></span> <span class='ocrx_word' id='word_1_588' title='bbox 3411 3818 3538 3885; x_wconf 87' lang='lat' dir='ltr'><strong>quia</strong></span> 
     </span>
    </p>
   </div>
   <div class='ocr_carea' id='block_1_78' title="bbox 1981 3901 3546 3972">
    <p class='ocr_par' dir='ltr' id='par_1_78' title="bbox 1981 3901 3546 3972">
     <span class='ocr_line' id='line_1_78' title="bbox 1981 3901 3546 3972; baseline 0.003 -16"><span class='ocrx_word' id='word_1_589' title='bbox 1981 3901 2216 3968; x_wconf 87' lang='lat' dir='ltr'><strong>Spiritus</strong></span> <span class='ocrx_word' id='word_1_590' title='bbox 2264 3911 2508 3966; x_wconf 84' lang='lat' dir='ltr'><strong>sanctus,</strong></span> <span class='ocrx_word' id='word_1_591' title='bbox 2540 3916 2568 3953; x_wconf 89' lang='lat' dir='ltr'><strong>a</strong></span> <span class='ocrx_word' id='word_1_592' title='bbox 2603 3915 2710 3970; x_wconf 88' lang='lat' dir='ltr'><strong>quo</strong></span> <span class='ocrx_word' id='word_1_593' title='bbox 2743 3918 2931 3956; x_wconf 87' lang='lat' dir='ltr'><strong>rursus</strong></span> <span class='ocrx_word' id='word_1_594' title='bbox 2960 3918 3230 3970; x_wconf 86' lang='lat' dir='ltr'><strong>creamur,</strong></span> <span class='ocrx_word' id='word_1_595' title='bbox 3270 3906 3408 3960; x_wconf 82' lang='lat' dir='ltr'><strong>Deus</strong></span> <span class='ocrx_word' id='word_1_596' title='bbox 3436 3916 3546 3972; x_wconf 81' lang='lat' dir='ltr'><strong>est,</strong></span> 
     </span>
    </p>
   </div>
   <div class='ocr_carea' id='block_1_79' title="bbox 1979 3991 3547 4063">
    <p class='ocr_par' dir='ltr' id='par_1_79' title="bbox 1979 3991 3547 4063">
     <span class='ocr_line' id='line_1_79' title="bbox 1979 3991 3547 4063; baseline 0.001 -15"><span class='ocrx_word' id='word_1_597' title='bbox 1979 3991 2299 4048; x_wconf 85' lang='lat' dir='ltr'><strong>catholicam</strong></span> <span class='ocrx_word' id='word_1_598' title='bbox 2374 3992 2447 4062; x_wconf 85' lang='lat' dir='ltr'><strong>(id</strong></span> <span class='ocrx_word' id='word_1_599' title='bbox 2535 4001 2619 4046; x_wconf 91' lang='lat' dir='ltr'><strong>est</strong></span> <span class='ocrx_word' id='word_1_600' title='bbox 2697 3993 3078 4063; x_wconf 87' lang='lat' dir='ltr'><strong>univcrsalem)</strong></span> <span class='ocrx_word' id='word_1_601' title='bbox 3137 3994 3438 4048; x_wconf 86' lang='lat' dir='ltr'><strong>doctrinam</strong></span> <span class='ocrx_word' id='word_1_602' title='bbox 3491 3996 3547 4049; x_wconf 89' lang='lat' dir='ltr'><strong>in</strong></span> 
     </span>
    </p>
   </div>
   <div class='ocr_carea' id='block_1_80' title="bbox 1984 4081 3546 4152">
    <p class='ocr_par' dir='ltr' id='par_1_80' title="bbox 1984 4081 3546 4152">
     <span class='ocr_line' id='line_1_80' title="bbox 1984 4081 3546 4152; baseline 0.001 -16"><span class='ocrx_word' id='word_1_603' title='bbox 1984 4084 2155 4152; x_wconf 79' lang='lat' dir='ltr'><strong>prima</strong></span> <span class='ocrx_word' id='word_1_604' title='bbox 2203 4081 2468 4136; x_wconf 87' lang='lat' dir='ltr'><strong>catholica</strong></span> <span class='ocrx_word' id='word_1_605' title='bbox 2529 4081 2768 4150; x_wconf 85' lang='lat' dir='ltr'><strong>Epistula</strong></span> <span class='ocrx_word' id='word_1_606' title='bbox 2822 4083 3133 4150; x_wconf 70' lang='lat' dir='ltr'><strong>praedicavit</strong></span> <span class='ocrx_word' id='word_1_607' title='bbox 3193 4083 3279 4137; x_wconf 89' lang='lat' dir='ltr'><strong>his</strong></span> <span class='ocrx_word' id='word_1_608' title='bbox 3321 4083 3546 4138; x_wconf 83' lang='lat' dir='ltr'><strong>verbis:</strong></span> 
     </span>
    </p>
   </div>
   <div class='ocr_carea' id='block_1_81' title="bbox 1967 4304 3548 4374">
    <p class='ocr_par' dir='ltr' id='par_1_81' title="bbox 1967 4304 3548 4374">
     <span class='ocr_line' id='line_1_81' title="bbox 1967 4304 3548 4374; baseline 0.002 -17"><span class='ocrx_word' id='word_1_609' title='bbox 1967 4317 2025 4358; x_wconf 92' lang='lat' dir='ltr'><strong>nt</strong></span> <span class='ocrx_word' id='word_1_610' title='bbox 2051 4306 2184 4366; x_wconf 78' lang='lat' dir='ltr'><strong>dixi,</strong></span> <span class='ocrx_word' id='word_1_611' title='bbox 2222 4305 2477 4374; x_wconf 87' lang='lat' dir='ltr'><strong>Didymus</strong></span> <span class='ocrx_word' id='word_1_612' title='bbox 2506 4323 2524 4355; x_wconf 84' lang='grc' dir='ltr'><strong>ι</strong></span> <span class='ocrx_word' id='word_1_613' title='bbox 2563 4304 2996 4363; x_wconf 70' lang='grc' dir='ltr'>οοιιεεεεῑοιιιιηι»</span> <span class='ocrx_word' id='word_1_614' title='bbox 3029 4304 3194 4370; x_wconf 87' lang='lat' dir='ltr'><strong>illam,</strong></span> <span class='ocrx_word' id='word_1_615' title='bbox 3223 4315 3305 4359; x_wconf 75' lang='lat' dir='ltr'><strong>ett</strong></span> <span class='ocrx_word' id='word_1_616' title='bbox 3333 4307 3548 4374; x_wconf 77' lang='lat' dir='ltr'><strong>conglo-</strong></span> 
     </span>
    </p>
   </div>
   <div class='ocr_carea' id='block_1_82' title="bbox 1977 4375 3546 4442">
    <p class='ocr_par' dir='ltr' id='par_1_82' title="bbox 1977 4375 3546 4442">
     <span class='ocr_line' id='line_1_82' title="bbox 1977 4375 3546 4442; baseline 0.003 -16"><span class='ocrx_word' id='word_1_617' title='bbox 1977 4375 2328 4430; x_wconf 86' lang='lat' dir='ltr'><strong>rilicatiouem</strong></span> <span class='ocrx_word' id='word_1_618' title='bbox 2355 4413 2371 4436; x_wconf 91' lang='lat'><strong>,</strong></span> <span class='ocrx_word' id='word_1_619' title='bbox 2401 4383 2454 4427; x_wconf 90' lang='lat' dir='ltr'><strong>et</strong></span> <span class='ocrx_word' id='word_1_620' title='bbox 2495 4375 2970 4442; x_wconf 75' lang='lat' dir='ltr'><strong>comrgnationem</strong></span> <span class='ocrx_word' id='word_1_621' title='bbox 2997 4413 3012 4435; x_wconf 93' lang='lat'><strong>,</strong></span> <span class='ocrx_word' id='word_1_622' title='bbox 3053 4384 3105 4427; x_wconf 90' lang='lat' dir='ltr'><strong>et</strong></span> <span class='ocrx_word' id='word_1_623' title='bbox 3149 4379 3546 4430; x_wconf 84' lang='lat' dir='ltr'><strong>conresuscita-</strong></span> 
     </span>
    </p>
   </div>
   <div class='ocr_carea' id='block_1_83' title="bbox 1977 4443 3547 4512">
    <p class='ocr_par' dir='ltr' id='par_1_83' title="bbox 1977 4443 3547 4512">
     <span class='ocr_line' id='line_1_83' title="bbox 1977 4443 3547 4512; baseline 0.003 -16"><span class='ocrx_word' id='word_1_624' title='bbox 1977 4447 2176 4512; x_wconf 77' lang='lat' dir='ltr'><strong>tionem</strong></span> <span class='ocrx_word' id='word_1_625' title='bbox 2202 4459 2323 4496; x_wconf 89' lang='lat' dir='ltr'><strong>cum</strong></span> <span class='ocrx_word' id='word_1_626' title='bbox 2354 4444 2592 4508; x_wconf 80' lang='lat' dir='ltr'><strong>Christo,</strong></span> <span class='ocrx_word' id='word_1_627' title='bbox 2629 4461 2650 4494; x_wconf 71' lang='grc' dir='ltr'><strong>ι</strong></span> <span class='ocrx_word' id='word_1_628' title='bbox 2697 4445 2762 4497; x_wconf 89' lang='lat' dir='ltr'><strong>tle</strong></span> <span class='ocrx_word' id='word_1_629' title='bbox 2791 4461 2893 4511; x_wconf 82' lang='lat' dir='ltr'><strong>qua</strong></span> <span class='ocrx_word' id='word_1_630' title='bbox 2929 4445 3126 4512; x_wconf 65' lang='lat' dir='ltr'><strong>saepius</strong></span> <span class='ocrx_word' id='word_1_631' title='bbox 3157 4443 3355 4500; x_wconf 86' lang='lat' dir='ltr'><strong>Paulus</strong></span> <span class='ocrx_word' id='word_1_632' title='bbox 3379 4485 3394 4506; x_wconf 86' lang='lat'><strong>,</strong></span> <span class='ocrx_word' id='word_1_633' title='bbox 3428 4447 3547 4500; x_wconf 83' lang='lat' dir='ltr'><strong>ideo</strong></span> 
     </span>
    </p>
   </div>
   <div class='ocr_carea' id='block_1_84' title="bbox 291 4513 1866 4594">
    <p class='ocr_par' dir='ltr' id='par_1_84' title="bbox 291 4513 1865 4594">
     <span class='ocr_line' id='line_1_84' title="bbox 291 4513 1865 4594; baseline 0.001 -28"><span class='ocrx_word' id='word_1_634' title='bbox 291 4513 504 4594; x_wconf 61' lang='grc' dir='ltr'>χθησαν</span> <span class='ocrx_word' id='word_1_635' title='bbox 547 4513 806 4594; x_wconf 29' lang='lat' dir='ltr'><strong>absimili</strong></span> <span class='ocrx_word' id='word_1_636' title='bbox 838 4527 921 4568; x_wconf 82' lang='lat' dir='ltr'><strong>est</strong></span> <span class='ocrx_word' id='word_1_637' title='bbox 965 4533 983 4564; x_wconf 88' lang='grc' dir='ltr'><strong>ι</strong></span> <span class='ocrx_word' id='word_1_638' title='bbox 1026 4515 1195 4594; x_wconf 71' lang='lat' dir='ltr'><strong>aperti</strong></span> <span class='ocrx_word' id='word_1_639' title='bbox 1229 4525 1352 4594; x_wconf 66' lang='lat' dir='ltr'><strong>sunt</strong></span> <span class='ocrx_word' id='word_1_640' title='bbox 1389 4515 1458 4569; x_wconf 91' lang='lat' dir='ltr'><strong>ei.</strong></span> <span class='ocrx_word' id='word_1_641' title='bbox 1491 4534 1509 4564; x_wconf 73' lang='grc' dir='ltr'><strong>ι</strong></span> <span class='ocrx_word' id='word_1_642' title='bbox 1555 4515 1688 4594; x_wconf 44' lang='lat' dir='ltr'><strong>.Pro</strong></span> <span class='ocrx_word' id='word_1_643' title='bbox 1742 4513 1865 4594; x_wconf 59' lang='lat' dir='ltr'><strong>tam</strong></span> 
     </span>
    </p>
   </div>
   <div class='ocr_carea' id='block_1_85' title="bbox 1972 4513 3546 4594">
    <p class='ocr_par' dir='ltr' id='par_1_85' title="bbox 1975 4513 3546 4594">
     <span class='ocr_line' id='line_1_85' title="bbox 1975 4513 3546 4594; baseline 0.003 -29"><span class='ocrx_word' id='word_1_644' title='bbox 1975 4517 2042 4567; x_wconf 87' lang='lat' dir='ltr'><strong>de</strong></span> <span class='ocrx_word' id='word_1_645' title='bbox 2075 4515 2138 4566; x_wconf 85' lang='lat' dir='ltr'><strong>iis</strong></span> <span class='ocrx_word' id='word_1_646' title='bbox 2167 4513 2320 4594; x_wconf 73' lang='lat' dir='ltr'><strong>bonis</strong></span> <span class='ocrx_word' id='word_1_647' title='bbox 2343 4513 2614 4594; x_wconf 60' lang='lat' dir='ltr'><strong>loquitur,</strong></span> <span class='ocrx_word' id='word_1_648' title='bbox 2660 4529 2779 4580; x_wconf 66' lang='lat' dir='ltr'><strong>qua:</strong></span> <span class='ocrx_word' id='word_1_649' title='bbox 2827 4514 2985 4594; x_wconf 75' lang='lat' dir='ltr'><strong>simul</strong></span> <span class='ocrx_word' id='word_1_650' title='bbox 3031 4514 3210 4566; x_wconf 75' lang='lat' dir='ltr'><strong>oinuia</strong></span> <span class='ocrx_word' id='word_1_651' title='bbox 3243 4517 3412 4570; x_wconf 88' lang='lat' dir='ltr'><strong>sancti</strong></span> <span class='ocrx_word' id='word_1_652' title='bbox 3447 4533 3546 4570; x_wconf 71' lang='lat' dir='ltr'><strong>cx-</strong></span> 
     </span>
    </p>
   </div>
   <div class='ocr_carea' id='block_1_86' title="bbox 302 4579 1865 4653">
    <p class='ocr_par' dir='ltr' id='par_1_86' title="bbox 302 4579 1865 4653">
     <span class='ocr_line' id='line_1_86' title="bbox 302 4579 1865 4653; baseline 0.001 -17"><span class='ocrx_word' id='word_1_653' title='bbox 302 4579 502 4638; x_wconf 80' lang='lat' dir='ltr'><strong>iiabent</strong></span> <span class='ocrx_word' id='word_1_654' title='bbox 542 4579 681 4650; x_wconf 70' lang='lat' dir='ltr'><strong>sitia,</strong></span> <span class='ocrx_word' id='word_1_655' title='bbox 723 4588 772 4639; x_wconf 83' lang='lat' dir='ltr'><strong>id</strong></span> <span class='ocrx_word' id='word_1_656' title='bbox 806 4595 888 4639; x_wconf 86' lang='lat' dir='ltr'><strong>est</strong></span> <span class='ocrx_word' id='word_1_657' title='bbox 941 4602 960 4635; x_wconf 82' lang='grc' dir='ltr'><strong>ι</strong></span> <span class='ocrx_word' id='word_1_658' title='bbox 999 4579 1148 4637; x_wconf 82' lang='lat' dir='ltr'><strong>vidit.</strong></span> <span class='ocrx_word' id='word_1_659' title='bbox 1200 4604 1218 4636; x_wconf 79' lang='grc' dir='ltr'><strong>ι</strong></span> <span class='ocrx_word' id='word_1_660' title='bbox 1261 4585 1324 4637; x_wconf 80' lang='lat' dir='ltr'><strong>Et</strong></span> <span class='ocrx_word' id='word_1_661' title='bbox 1381 4601 1477 4653; x_wconf 90' lang='lat' dir='ltr'><strong>pro</strong></span> <span class='ocrx_word' id='word_1_662' title='bbox 1540 4584 1615 4648; x_wconf 76' lang='grc' dir='ltr'>ὡς</span> <span class='ocrx_word' id='word_1_663' title='bbox 1669 4587 1865 4639; x_wconf 86' lang='lat' dir='ltr'><strong>habent</strong></span> 
     </span>
    </p>
   </div>
   <div class='ocr_carea' id='block_1_87' title="bbox 297 4653 448 4706">
    <p class='ocr_par' dir='ltr' id='par_1_87' title="bbox 297 4653 448 4706">
     <span class='ocr_line' id='line_1_87' title="bbox 297 4653 448 4706; baseline 0 0"><span class='ocrx_word' id='word_1_664' title='bbox 297 4653 448 4706; x_wconf 81' lang='grc' dir='ltr'>ὡσεί.</span> 
     </span>
    </p>
   </div>
   <div class='ocr_carea' id='block_1_88' title="bbox 372 4720 1764 4791">
    <p class='ocr_par' dir='ltr' id='par_1_88' title="bbox 372 4720 1764 4791">
     <span class='ocr_line' id='line_1_88' title="bbox 372 4720 1764 4791; baseline 0.001 -16"><span class='ocrx_word' id='word_1_665' title='bbox 372 4723 484 4788; x_wconf 81' lang='lat'><strong>(87)</strong></span> <span class='ocrx_word' id='word_1_666' title='bbox 526 4720 650 4786; x_wconf 79' lang='lat' dir='ltr'><strong>Qui.</strong></span> <span class='ocrx_word' id='word_1_667' title='bbox 685 4723 888 4784; x_wconf 71' lang='lat' dir='ltr'><strong>Ctnlex,</strong></span> <span class='ocrx_word' id='word_1_668' title='bbox 919 4723 1034 4776; x_wconf 79' lang='grc' dir='ltr'>ἆτε.</span> <span class='ocrx_word' id='word_1_669' title='bbox 1065 4723 1368 4791; x_wconf 80' lang='lat' dir='ltr'><strong>Legendum</strong></span> <span class='ocrx_word' id='word_1_670' title='bbox 1399 4721 1630 4778; x_wconf 74' lang='lat' dir='ltr'><strong>fortasse</strong></span> <span class='ocrx_word' id='word_1_671' title='bbox 1654 4725 1764 4777; x_wconf 80' lang='grc' dir='ltr'>ὅτε.</span> 
     </span>
    </p>
   </div>
   <div class='ocr_carea' id='block_1_89' title="bbox 373 4791 1864 4862">
    <p class='ocr_par' dir='ltr' id='par_1_89' title="bbox 373 4791 1864 4862">
     <span class='ocr_line' id='line_1_89' title="bbox 373 4791 1864 4862; baseline 0.002 -17"><span class='ocrx_word' id='word_1_672' title='bbox 373 4793 484 4862; x_wconf 72' lang='grc'><strong>(88)</strong></span> <span class='ocrx_word' id='word_1_673' title='bbox 521 4791 646 4846; x_wconf 75' lang='grc' dir='ltr'>Ροδι</span> <span class='ocrx_word' id='word_1_674' title='bbox 677 4795 1122 4849; x_wconf 67' lang='lat' dir='ltr'><strong>resurrectionem.</strong></span> <span class='ocrx_word' id='word_1_675' title='bbox 1169 4795 1292 4847; x_wconf 80' lang='lat' dir='ltr'><strong>Ideo</strong></span> <span class='ocrx_word' id='word_1_676' title='bbox 1325 4795 1441 4862; x_wconf 76' lang='lat' dir='ltr'><strong>inec</strong></span> <span class='ocrx_word' id='word_1_677' title='bbox 1475 4793 1659 4860; x_wconf 84' lang='lat' dir='ltr'><strong>adjicit</strong></span> <span class='ocrx_word' id='word_1_678' title='bbox 1713 4796 1864 4848; x_wconf 81' lang='lat' dir='ltr'><strong>theo-</strong></span> 
     </span>
    </p>
   </div>
   <div class='ocr_carea' id='block_1_90' title="bbox 304 4861 1862 4930">
    <p class='ocr_par' dir='ltr' id='par_1_90' title="bbox 304 4861 1862 4930">
     <span class='ocr_line' id='line_1_90' title="bbox 304 4861 1862 4930; baseline 0.003 -17"><span class='ocrx_word' id='word_1_679' title='bbox 304 4861 455 4930; x_wconf 57' lang='lat' dir='ltr'><strong>logus</strong></span> <span class='ocrx_word' id='word_1_680' title='bbox 485 4873 686 4923; x_wconf 88' lang='lat' dir='ltr'><strong>noster,</strong></span> <span class='ocrx_word' id='word_1_681' title='bbox 719 4863 860 4929; x_wconf 89' lang='lat' dir='ltr'><strong>quod</strong></span> <span class='ocrx_word' id='word_1_682' title='bbox 892 4864 1215 4916; x_wconf 79' lang='lat' dir='ltr'><strong>sententiain</strong></span> <span class='ocrx_word' id='word_1_683' title='bbox 1247 4863 1389 4915; x_wconf 89' lang='lat' dir='ltr'><strong>illam</strong></span> <span class='ocrx_word' id='word_1_684' title='bbox 1421 4861 1571 4914; x_wconf 84' lang='lat' dir='ltr'><strong>Pauli</strong></span> <span class='ocrx_word' id='word_1_685' title='bbox 1610 4865 1862 4929; x_wconf 84' lang='lat' dir='ltr'><strong>respiciat</strong></span> 
     </span>
    </p>
   </div>
   <div class='ocr_carea' id='block_1_91' title="bbox 301 4931 1862 4998">
    <p class='ocr_par' dir='ltr' id='par_1_91' title="bbox 301 4931 1862 4998">
     <span class='ocr_line' id='line_1_91' title="bbox 301 4931 1862 4998; baseline 0.001 -15"><span class='ocrx_word' id='word_1_686' title='bbox 301 4932 550 4998; x_wconf 88' lang='lat' dir='ltr'><strong>superius</strong></span> <span class='ocrx_word' id='word_1_687' title='bbox 587 4948 616 4983; x_wconf 87' lang='lat' dir='ltr'><strong>a</strong></span> <span class='ocrx_word' id='word_1_688' title='bbox 643 4947 699 4984; x_wconf 88' lang='lat' dir='ltr'><strong>se</strong></span> <span class='ocrx_word' id='word_1_689' title='bbox 728 4933 943 4983; x_wconf 83' lang='lat' dir='ltr'><strong>allatam</strong></span> <span class='ocrx_word' id='word_1_690' title='bbox 977 4949 990 4984; x_wconf 91' lang='lat'><strong>:</strong></span> <span class='ocrx_word' id='word_1_691' title='bbox 1022 4951 1041 4983; x_wconf 87' lang='grc' dir='ltr'><strong>ι</strong></span> <span class='ocrx_word' id='word_1_692' title='bbox 1084 4931 1552 4994; x_wconf 85' lang='lat' dir='ltr'><strong>conresnscitavit,</strong></span> <span class='ocrx_word' id='word_1_693' title='bbox 1584 4943 1638 4986; x_wconf 89' lang='lat' dir='ltr'><strong>et</strong></span> <span class='ocrx_word' id='word_1_694' title='bbox 1667 4947 1862 4985; x_wconf 72' lang='lat' dir='ltr'><strong>conse-</strong></span> 
     </span>
    </p>
   </div>
   <div class='ocr_carea' id='block_1_92' title="bbox 301 4999 1865 5071">
    <p class='ocr_par' dir='ltr' id='par_1_92' title="bbox 301 4999 1865 5071">
     <span class='ocr_line' id='line_1_92' title="bbox 301 4999 1865 5071; baseline 0.001 -18"><span class='ocrx_word' id='word_1_695' title='bbox 301 5001 429 5053; x_wconf 83' lang='lat' dir='ltr'><strong>dere</strong></span> <span class='ocrx_word' id='word_1_696' title='bbox 471 5002 594 5052; x_wconf 80' lang='lat' dir='ltr'><strong>l’ecit</strong></span> <span class='ocrx_word' id='word_1_697' title='bbox 645 5003 695 5053; x_wconf 92' lang='lat' dir='ltr'><strong>in</strong></span> <span class='ocrx_word' id='word_1_698' title='bbox 740 5002 1092 5071; x_wconf 66' lang='lat' dir='ltr'><strong>caelestibus:</strong></span> <span class='ocrx_word' id='word_1_699' title='bbox 1132 5022 1150 5053; x_wconf 78' lang='grc' dir='ltr'><strong>ι</strong></span> <span class='ocrx_word' id='word_1_700' title='bbox 1199 5018 1305 5071; x_wconf 76' lang='lat' dir='ltr'><strong>qua</strong></span> <span class='ocrx_word' id='word_1_701' title='bbox 1356 5016 1467 5054; x_wconf 89' lang='lat' dir='ltr'><strong>rem</strong></span> <span class='ocrx_word' id='word_1_702' title='bbox 1507 4999 1738 5054; x_wconf 80' lang='lat' dir='ltr'><strong>futuram</strong></span> <span class='ocrx_word' id='word_1_703' title='bbox 1773 5003 1865 5054; x_wconf 86' lang='lat' dir='ltr'><strong>de-</strong></span> 
     </span>
    </p>
   </div>
   <div class='ocr_carea' id='block_1_93' title="bbox 303 5070 1860 5138">
    <p class='ocr_par' dir='ltr' id='par_1_93' title="bbox 303 5070 1860 5138">
     <span class='ocr_line' id='line_1_93' title="bbox 303 5070 1860 5138; baseline 0.003 -18"><span class='ocrx_word' id='word_1_704' title='bbox 303 5071 474 5122; x_wconf 86' lang='lat' dir='ltr'><strong>notari</strong></span> <span class='ocrx_word' id='word_1_705' title='bbox 511 5071 614 5121; x_wconf 75' lang='lat' dir='ltr'><strong>vult</strong></span> <span class='ocrx_word' id='word_1_706' title='bbox 643 5110 656 5134; x_wconf 93' lang='lat'><strong>,</strong></span> <span class='ocrx_word' id='word_1_707' title='bbox 691 5070 900 5122; x_wconf 86' lang='lat' dir='ltr'><strong>tametsi</strong></span> <span class='ocrx_word' id='word_1_708' title='bbox 935 5073 1191 5138; x_wconf 66' lang='lat' dir='ltr'><strong>praeteriti</strong></span> <span class='ocrx_word' id='word_1_709' title='bbox 1219 5070 1493 5138; x_wconf 64' lang='lat' dir='ltr'><strong>temporis</strong></span> <span class='ocrx_word' id='word_1_710' title='bbox 1523 5072 1702 5123; x_wconf 79' lang='lat' dir='ltr'><strong>verbis</strong></span> <span class='ocrx_word' id='word_1_711' title='bbox 1735 5071 1860 5124; x_wconf 84' lang='lat' dir='ltr'><strong>elle-</strong></span> 
     </span>
    </p>
   </div>
   <div class='ocr_carea' id='block_1_94' title="bbox 301 5140 1863 5210">
    <p class='ocr_par' dir='ltr' id='par_1_94' title="bbox 301 5140 1863 5210">
     <span class='ocr_line' id='line_1_94' title="bbox 301 5140 1863 5210; baseline 0.003 -20"><span class='ocrx_word' id='word_1_712' title='bbox 301 5151 472 5200; x_wconf 89' lang='lat' dir='ltr'><strong>ratur,</strong></span> <span class='ocrx_word' id='word_1_713' title='bbox 511 5159 528 5190; x_wconf 85' lang='grc' dir='ltr'><strong>ι</strong></span> <span class='ocrx_word' id='word_1_714' title='bbox 567 5140 962 5192; x_wconf 74' lang='lat' dir='ltr'><strong>consessionem</strong></span> <span class='ocrx_word' id='word_1_715' title='bbox 1001 5159 1018 5190; x_wconf 77' lang='grc' dir='ltr'><strong>ι</strong></span> <span class='ocrx_word' id='word_1_716' title='bbox 1057 5158 1263 5210; x_wconf 84' lang='lat' dir='ltr'><strong>nempe,</strong></span> <span class='ocrx_word' id='word_1_717' title='bbox 1295 5155 1412 5209; x_wconf 74' lang='lat' dir='ltr'><strong>qua:</strong></span> <span class='ocrx_word' id='word_1_718' title='bbox 1444 5141 1621 5194; x_wconf 77' lang='lat' dir='ltr'><strong>futura</strong></span> <span class='ocrx_word' id='word_1_719' title='bbox 1649 5141 1718 5192; x_wconf 90' lang='lat' dir='ltr'><strong>sit</strong></span> <span class='ocrx_word' id='word_1_720' title='bbox 1745 5151 1863 5208; x_wconf 89' lang='lat' dir='ltr'><strong>post</strong></span> 
     </span>
    </p>
   </div>
   <div class='ocr_carea' id='block_1_95' title="bbox 306 5210 1857 5273">
    <p class='ocr_par' dir='ltr' id='par_1_95' title="bbox 306 5210 1857 5273">
     <span class='ocr_line' id='line_1_95' title="bbox 306 5210 1857 5273; baseline 0.003 -16"><span class='ocrx_word' id='word_1_721' title='bbox 306 5225 327 5257; x_wconf 83' lang='grc' dir='ltr'><strong>ι</strong></span> <span class='ocrx_word' id='word_1_722' title='bbox 357 5210 956 5262; x_wconf 66' lang='grc' dir='ltr'>(ξοηνθειιδεὶιειιίοιιθοη.</span> <span class='ocrx_word' id='word_1_723' title='bbox 992 5227 1010 5259; x_wconf 76' lang='grc' dir='ltr'><strong>ι</strong></span> <span class='ocrx_word' id='word_1_724' title='bbox 1051 5210 1217 5263; x_wconf 82' lang='lat' dir='ltr'><strong>Porro</strong></span> <span class='ocrx_word' id='word_1_725' title='bbox 1257 5219 1568 5263; x_wconf 83' lang='lat' dir='ltr'><strong>sanctorum</strong></span> <span class='ocrx_word' id='word_1_726' title='bbox 1621 5211 1857 5273; x_wconf 74' lang='lat' dir='ltr'><strong>animus,</strong></span> 
     </span>
    </p>
   </div>
   <div class='ocr_carea' id='block_1_96' title="bbox 299 5279 1861 5348">
    <p class='ocr_par' dir='ltr' id='par_1_96' title="bbox 299 5279 1861 5348">
     <span class='ocr_line' id='line_1_96' title="bbox 299 5279 1861 5348; baseline -0.001 -18"><span class='ocrx_word' id='word_1_727' title='bbox 299 5279 456 5330; x_wconf 66' lang='lat' dir='ltr'><strong>siu‘inl</strong></span> <span class='ocrx_word' id='word_1_728' title='bbox 488 5293 550 5330; x_wconf 89' lang='lat' dir='ltr'><strong>ac</strong></span> <span class='ocrx_word' id='word_1_729' title='bbox 585 5289 821 5348; x_wconf 75' lang='lat' dir='ltr'><strong>purgatze</strong></span> <span class='ocrx_word' id='word_1_730' title='bbox 853 5281 988 5339; x_wconf 84' lang='lat' dir='ltr'><strong>sint,</strong></span> <span class='ocrx_word' id='word_1_731' title='bbox 1023 5290 1115 5333; x_wconf 88' lang='lat' dir='ltr'><strong>aut</strong></span> <span class='ocrx_word' id='word_1_732' title='bbox 1137 5319 1152 5342; x_wconf 90' lang='lat'><strong>,</strong></span> <span class='ocrx_word' id='word_1_733' title='bbox 1181 5280 1224 5333; x_wconf 87' lang='lat' dir='ltr'><strong>si</strong></span> <span class='ocrx_word' id='word_1_734' title='bbox 1267 5281 1406 5332; x_wconf 83' lang='lat' dir='ltr'><strong>nulla</strong></span> <span class='ocrx_word' id='word_1_735' title='bbox 1435 5281 1710 5348; x_wconf 76' lang='lat' dir='ltr'><strong>indigeant</strong></span> <span class='ocrx_word' id='word_1_736' title='bbox 1741 5296 1861 5343; x_wconf 88' lang='lat' dir='ltr'><strong>pur-</strong></span> 
     </span>
    </p>
   </div>
   <div class='ocr_carea' id='block_1_97' title="bbox 299 5349 1858 5417">
    <p class='ocr_par' dir='ltr' id='par_1_97' title="bbox 299 5349 1858 5417">
     <span class='ocr_line' id='line_1_97' title="bbox 299 5349 1858 5417; baseline 0.004 -21"><span class='ocrx_word' id='word_1_737' title='bbox 299 5357 536 5412; x_wconf 72' lang='lat' dir='ltr'><strong>gatione.</strong></span> <span class='ocrx_word' id='word_1_738' title='bbox 567 5353 744 5400; x_wconf 86' lang='lat' dir='ltr'><strong>statim</strong></span> <span class='ocrx_word' id='word_1_739' title='bbox 788 5360 908 5416; x_wconf 71' lang='lat' dir='ltr'><strong>post</strong></span> <span class='ocrx_word' id='word_1_740' title='bbox 937 5350 1230 5404; x_wconf 77' lang='lat' dir='ltr'><strong>discessum</strong></span> <span class='ocrx_word' id='word_1_741' title='bbox 1269 5365 1300 5402; x_wconf 90' lang='lat' dir='ltr'><strong>e</strong></span> <span class='ocrx_word' id='word_1_742' title='bbox 1326 5365 1576 5417; x_wconf 87' lang='lat' dir='ltr'><strong>corpore,</strong></span> <span class='ocrx_word' id='word_1_743' title='bbox 1611 5349 1858 5402; x_wconf 84' lang='lat' dir='ltr'><strong>intuitiva</strong></span> 
     </span>
    </p>
   </div>
   <div class='ocr_carea' id='block_1_98' title="bbox 303 5418 1860 5487">
    <p class='ocr_par' dir='ltr' id='par_1_98' title="bbox 303 5418 1860 5487">
     <span class='ocr_line' id='line_1_98' title="bbox 303 5418 1860 5487; baseline 0.001 -19"><span class='ocrx_word' id='word_1_744' title='bbox 303 5418 393 5469; x_wconf 83' lang='lat' dir='ltr'><strong>Dei</strong></span> <span class='ocrx_word' id='word_1_745' title='bbox 424 5418 625 5470; x_wconf 79' lang='lat' dir='ltr'><strong>visione</strong></span> <span class='ocrx_word' id='word_1_746' title='bbox 653 5419 776 5482; x_wconf 87' lang='lat' dir='ltr'><strong>l&#39;rni,</strong></span> <span class='ocrx_word' id='word_1_747' title='bbox 805 5422 992 5484; x_wconf 76' lang='lat' dir='ltr'><strong>dogma</strong></span> <span class='ocrx_word' id='word_1_748' title='bbox 1023 5419 1344 5472; x_wconf 88' lang='lat' dir='ltr'><strong>catholicum</strong></span> <span class='ocrx_word' id='word_1_749' title='bbox 1373 5430 1455 5472; x_wconf 87' lang='lat' dir='ltr'><strong>est</strong></span> <span class='ocrx_word' id='word_1_750' title='bbox 1481 5435 1494 5470; x_wconf 87' lang='lat'>:</span> <span class='ocrx_word' id='word_1_751' title='bbox 1524 5419 1665 5485; x_wconf 80' lang='lat' dir='ltr'><strong>quod</strong></span> <span class='ocrx_word' id='word_1_752' title='bbox 1699 5421 1860 5487; x_wconf 77' lang='lat' dir='ltr'><strong>vulgo</strong></span> 
     </span>
    </p>
   </div>
   <div class='ocr_carea' id='block_1_99' title="bbox 301 5487 1860 5554">
    <p class='ocr_par' dir='ltr' id='par_1_99' title="bbox 301 5487 1860 5554">
     <span class='ocr_line' id='line_1_99' title="bbox 301 5487 1860 5554; baseline 0.003 -19"><span class='ocrx_word' id='word_1_753' title='bbox 301 5487 549 5553; x_wconf 88' lang='lat' dir='ltr'><strong>rejieiunt</strong></span> <span class='ocrx_word' id='word_1_754' title='bbox 579 5487 750 5540; x_wconf 73' lang='lat' dir='ltr'><strong>Graeci</strong></span> <span class='ocrx_word' id='word_1_755' title='bbox 801 5488 1134 5540; x_wconf 74' lang='lat' dir='ltr'><strong>belerodoxi.</strong></span> <span class='ocrx_word' id='word_1_756' title='bbox 1169 5488 1272 5540; x_wconf 88' lang='lat' dir='ltr'><strong>Pro</strong></span> <span class='ocrx_word' id='word_1_757' title='bbox 1324 5489 1429 5542; x_wconf 81' lang='lat' dir='ltr'><strong>illis</strong></span> <span class='ocrx_word' id='word_1_758' title='bbox 1478 5497 1677 5554; x_wconf 70' lang='lat' dir='ltr'><strong>pingunt</strong></span> <span class='ocrx_word' id='word_1_759' title='bbox 1725 5487 1860 5540; x_wconf 84' lang='lat' dir='ltr'><strong>illat-</strong></span> 
     </span>
    </p>
   </div>
   <div class='ocr_carea' id='block_1_100' title="bbox 300 5554 1858 5622">
    <p class='ocr_par' dir='ltr' id='par_1_100' title="bbox 300 5554 1858 5622">
     <span class='ocr_line' id='line_1_100' title="bbox 300 5554 1858 5622; baseline 0.001 -15"><span class='ocrx_word' id='word_1_760' title='bbox 300 5554 472 5609; x_wconf 72' lang='grc' dir='ltr'>ιΙιίυιιιι</span> <span class='ocrx_word' id='word_1_761' title='bbox 497 5556 744 5620; x_wconf 70' lang='lat' dir='ltr'><strong>Qua-stur</strong></span> <span class='ocrx_word' id='word_1_762' title='bbox 778 5559 1012 5622; x_wconf 70' lang='lat' dir='ltr'><strong>Angelus</strong></span> <span class='ocrx_word' id='word_1_763' title='bbox 1041 5558 1337 5610; x_wconf 83' lang='lat' dir='ltr'><strong>Panaretus</strong></span> <span class='ocrx_word' id='word_1_764' title='bbox 1367 5559 1648 5609; x_wconf 68' lang='lat' dir='ltr'><strong>catholica)</strong></span> <span class='ocrx_word' id='word_1_765' title='bbox 1678 5557 1858 5610; x_wconf 74' lang='lat' dir='ltr'><strong>Eccle-</strong></span> 
     </span>
    </p>
   </div>
   <div class='ocr_carea' id='block_1_101' title="bbox 297 5624 1858 5685">
    <p class='ocr_par' dir='ltr' id='par_1_101' title="bbox 297 5624 1858 5685">
     <span class='ocr_line' id='line_1_101' title="bbox 297 5624 1858 5685; baseline 0.002 -9"><span class='ocrx_word' id='word_1_766' title='bbox 297 5624 392 5676; x_wconf 71' lang='lat' dir='ltr'><strong>siae</strong></span> <span class='ocrx_word' id='word_1_767' title='bbox 422 5628 654 5678; x_wconf 81' lang='lat' dir='ltr'><strong>maxime</strong></span> <span class='ocrx_word' id='word_1_768' title='bbox 693 5627 934 5679; x_wconf 73' lang='lat' dir='ltr'><strong>infensus</strong></span> <span class='ocrx_word' id='word_1_769' title='bbox 957 5667 970 5685; x_wconf 87' lang='grc'><strong>,</strong></span> <span class='ocrx_word' id='word_1_770' title='bbox 1003 5629 1252 5679; x_wconf 84' lang='lat' dir='ltr'><strong>antitbesi</strong></span> <span class='ocrx_word' id='word_1_771' title='bbox 1285 5629 1318 5680; x_wconf 71' lang='lat'><strong>2</strong></span> <span class='ocrx_word' id='word_1_772' title='bbox 1349 5628 1594 5678; x_wconf 76' lang='lat' dir='ltr'><strong>adversus</strong></span> <span class='ocrx_word' id='word_1_773' title='bbox 1624 5625 1681 5679; x_wconf 91' lang='lat' dir='ltr'><strong>S.</strong></span> <span class='ocrx_word' id='word_1_774' title='bbox 1720 5624 1858 5679; x_wconf 79' lang='lat' dir='ltr'><strong>Tito-</strong></span> 
     </span>
    </p>
   </div>
   <div class='ocr_carea' id='block_1_102' title="bbox 298 5695 1855 5764">
    <p class='ocr_par' dir='ltr' id='par_1_102' title="bbox 298 5695 1855 5764">
     <span class='ocr_line' id='line_1_102' title="bbox 298 5695 1855 5764; baseline 0.003 -20"><span class='ocrx_word' id='word_1_775' title='bbox 298 5709 438 5764; x_wconf 79' lang='lat' dir='ltr'><strong>mam</strong></span> <span class='ocrx_word' id='word_1_776' title='bbox 467 5695 798 5762; x_wconf 78' lang='lat' dir='ltr'><strong>Aquinatem.</strong></span> <span class='ocrx_word' id='word_1_777' title='bbox 841 5695 1060 5750; x_wconf 79' lang='lat' dir='ltr'><strong>Frustra</strong></span> <span class='ocrx_word' id='word_1_778' title='bbox 1091 5711 1217 5748; x_wconf 79' lang='lat' dir='ltr'><strong>vero</strong></span> <span class='ocrx_word' id='word_1_779' title='bbox 1257 5712 1352 5764; x_wconf 87' lang='lat' dir='ltr'><strong>pro</strong></span> <span class='ocrx_word' id='word_1_780' title='bbox 1387 5713 1482 5748; x_wconf 85' lang='lat' dir='ltr'><strong>sua</strong></span> <span class='ocrx_word' id='word_1_781' title='bbox 1512 5697 1760 5764; x_wconf 82' lang='lat' dir='ltr'><strong>Opinione</strong></span> <span class='ocrx_word' id='word_1_782' title='bbox 1789 5712 1855 5750; x_wconf 80' lang='lat' dir='ltr'><strong>ex</strong></span> 
     </span>
    </p>
   </div>
   <div class='ocr_carea' id='block_1_103' title="bbox 300 5763 1854 5835">
    <p class='ocr_par' dir='ltr' id='par_1_103' title="bbox 300 5763 1854 5835">
     <span class='ocr_line' id='line_1_103' title="bbox 300 5763 1854 5835; baseline 0.004 -21"><span class='ocrx_word' id='word_1_783' title='bbox 300 5763 401 5835; x_wconf 77' lang='lat' dir='ltr'><strong>hoc</strong></span> <span class='ocrx_word' id='word_1_784' title='bbox 449 5764 654 5834; x_wconf 42' lang='lat' dir='ltr'><strong>Didymi</strong></span> <span class='ocrx_word' id='word_1_785' title='bbox 699 5766 817 5819; x_wconf 87' lang='lat' dir='ltr'><strong>loco</strong></span> <span class='ocrx_word' id='word_1_786' title='bbox 856 5778 1228 5835; x_wconf 84' lang='lat' dir='ltr'><strong>argumentum</strong></span> <span class='ocrx_word' id='word_1_787' title='bbox 1260 5763 1600 5820; x_wconf 69' lang='lat' dir='ltr'><strong>schistnatici</strong></span> <span class='ocrx_word' id='word_1_788' title='bbox 1636 5767 1722 5819; x_wconf 88' lang='lat' dir='ltr'><strong>isti</strong></span> <span class='ocrx_word' id='word_1_789' title='bbox 1759 5768 1854 5820; x_wconf 88' lang='lat' dir='ltr'><strong>ho-</strong></span> 
     </span>
    </p>
   </div>
   <div class='ocr_carea' id='block_1_104' title="bbox 298 5833 1852 5906">
    <p class='ocr_par' dir='ltr' id='par_1_104' title="bbox 298 5833 1852 5906">
     <span class='ocr_line' id='line_1_104' title="bbox 298 5833 1852 5906; baseline 0.003 -22"><span class='ocrx_word' id='word_1_790' title='bbox 298 5833 471 5888; x_wconf 85' lang='lat' dir='ltr'><strong>mines</strong></span> <span class='ocrx_word' id='word_1_791' title='bbox 499 5833 763 5902; x_wconf 82' lang='lat' dir='ltr'><strong>peterent.</strong></span> <span class='ocrx_word' id='word_1_792' title='bbox 809 5833 942 5891; x_wconf 81' lang='lat' dir='ltr'><strong>Cuui</strong></span> <span class='ocrx_word' id='word_1_793' title='bbox 979 5837 1121 5894; x_wconf 89' lang='lat' dir='ltr'><strong>ouim</strong></span> <span class='ocrx_word' id='word_1_794' title='bbox 1167 5851 1275 5906; x_wconf 72' lang='lat' dir='ltr'><strong>prae</strong></span> <span class='ocrx_word' id='word_1_795' title='bbox 1309 5835 1479 5892; x_wconf 77' lang='lat' dir='ltr'><strong>oculis</strong></span> <span class='ocrx_word' id='word_1_796' title='bbox 1513 5835 1600 5890; x_wconf 85' lang='lat' dir='ltr'><strong>hic</strong></span> <span class='ocrx_word' id='word_1_797' title='bbox 1633 5835 1852 5904; x_wconf 79' lang='lat' dir='ltr'><strong>habent,</strong></span> 
     </span>
    </p>
   </div>
   <div class='ocr_carea' id='block_1_105' title="bbox 1973 4582 3542 4652">
    <p class='ocr_par' dir='ltr' id='par_1_105' title="bbox 1973 4582 3542 4652">
     <span class='ocr_line' id='line_1_105' title="bbox 1973 4582 3542 4652; baseline 0.003 -18"><span class='ocrx_word' id='word_1_798' title='bbox 1973 4591 2144 4652; x_wconf 66' lang='lat' dir='ltr'><strong>[reum</strong></span> <span class='ocrx_word' id='word_1_799' title='bbox 2191 4582 2377 4652; x_wconf 70' lang='lat' dir='ltr'><strong>judicii</strong></span> <span class='ocrx_word' id='word_1_800' title='bbox 2446 4583 2555 4652; x_wconf 71' lang='lat' dir='ltr'><strong>die</strong></span> <span class='ocrx_word' id='word_1_801' title='bbox 2583 4584 2845 4652; x_wconf 80' lang='lat' dir='ltr'><strong>duntaxat</strong></span> <span class='ocrx_word' id='word_1_802' title='bbox 2898 4582 3051 4646; x_wconf 85' lang='lat' dir='ltr'><strong>plene</strong></span> <span class='ocrx_word' id='word_1_803' title='bbox 3099 4596 3542 4652; x_wconf 69' lang='lat' dir='ltr'><strong>consequentur.</strong></span> 
     </span>
    </p>
   </div>
   <div class='ocr_carea' id='block_1_106' title="bbox 1971 4649 3546 4722">
    <p class='ocr_par' dir='ltr' id='par_1_106' title="bbox 1971 4649 3546 4722">
     <span class='ocr_line' id='line_1_106' title="bbox 1971 4649 3546 4722; baseline 0.004 -20"><span class='ocrx_word' id='word_1_804' title='bbox 1971 4650 2106 4718; x_wconf 84' lang='lat' dir='ltr'><strong>Quid</strong></span> <span class='ocrx_word' id='word_1_805' title='bbox 2138 4663 2219 4704; x_wconf 88' lang='lat' dir='ltr'><strong>est</strong></span> <span class='ocrx_word' id='word_1_806' title='bbox 2253 4651 2394 4704; x_wconf 90' lang='lat' dir='ltr'><strong>enim</strong></span> <span class='ocrx_word' id='word_1_807' title='bbox 2442 4649 2860 4722; x_wconf 77' lang='grc' dir='ltr'>συνδοξάζεσθαι</span> <span class='ocrx_word' id='word_1_808' title='bbox 2893 4650 3138 4722; x_wconf 78' lang='grc' dir='ltr'>Χριστῷ,</span> <span class='ocrx_word' id='word_1_809' title='bbox 3186 4667 3277 4705; x_wconf 86' lang='lat' dir='ltr'><strong>seu</strong></span> <span class='ocrx_word' id='word_1_810' title='bbox 3306 4649 3342 4703; x_wconf 69' lang='grc' dir='ltr'><strong>ἰ</strong></span> <span class='ocrx_word' id='word_1_811' title='bbox 3380 4655 3546 4722; x_wconf 73' lang='lat' dir='ltr'><strong>glori-</strong></span> 
     </span>
    </p>
   </div>
   <div class='ocr_carea' id='block_1_107' title="bbox 1971 4720 3546 4791">
    <p class='ocr_par' dir='ltr' id='par_1_107' title="bbox 1971 4720 3546 4791">
     <span class='ocr_line' id='line_1_107' title="bbox 1971 4720 3546 4791; baseline 0.001 -18"><span class='ocrx_word' id='word_1_812' title='bbox 1971 4722 2118 4775; x_wconf 82' lang='lat' dir='ltr'><strong>tieari</strong></span> <span class='ocrx_word' id='word_1_813' title='bbox 2168 4736 2272 4772; x_wconf 87' lang='lat' dir='ltr'><strong>una</strong></span> <span class='ocrx_word' id='word_1_814' title='bbox 2321 4737 2442 4774; x_wconf 85' lang='lat' dir='ltr'><strong>cum</strong></span> <span class='ocrx_word' id='word_1_815' title='bbox 2495 4720 2746 4784; x_wconf 80' lang='lat' dir='ltr'><strong>Christo,</strong></span> <span class='ocrx_word' id='word_1_816' title='bbox 2787 4740 2806 4772; x_wconf 73' lang='grc' dir='ltr'><strong>ι</strong></span> <span class='ocrx_word' id='word_1_817' title='bbox 2866 4720 2966 4774; x_wconf 84' lang='lat' dir='ltr'><strong>nisi</strong></span> <span class='ocrx_word' id='word_1_818' title='bbox 3026 4720 3314 4791; x_wconf 80' lang='lat' dir='ltr'><strong>glorilirari</strong></span> <span class='ocrx_word' id='word_1_819' title='bbox 3373 4720 3546 4778; x_wconf 70' lang='lat' dir='ltr'><strong>instar</strong></span> 
     </span>
    </p>
   </div>
   <div class='ocr_carea' id='block_1_108' title="bbox 1968 4791 3546 4858">
    <p class='ocr_par' dir='ltr' id='par_1_108' title="bbox 1968 4791 3546 4858">
     <span class='ocr_line' id='line_1_108' title="bbox 1968 4791 3546 4858; baseline 0.002 -14"><span class='ocrx_word' id='word_1_820' title='bbox 1968 4792 2215 4844; x_wconf 76' lang='lat' dir='ltr'><strong>Christi?</strong></span> <span class='ocrx_word' id='word_1_821' title='bbox 2261 4791 2413 4858; x_wconf 85' lang='lat' dir='ltr'><strong>cujus</strong></span> <span class='ocrx_word' id='word_1_822' title='bbox 2445 4806 2642 4858; x_wconf 79' lang='lat' dir='ltr'><strong>corpus</strong></span> <span class='ocrx_word' id='word_1_823' title='bbox 2688 4802 2808 4858; x_wconf 84' lang='lat' dir='ltr'><strong>post</strong></span> <span class='ocrx_word' id='word_1_824' title='bbox 2849 4793 3300 4846; x_wconf 84' lang='lat' dir='ltr'><strong>resurrectionem</strong></span> <span class='ocrx_word' id='word_1_825' title='bbox 3342 4793 3546 4858; x_wconf 75' lang='lat' dir='ltr'><strong>glorifi-</strong></span> 
     </span>
    </p>
   </div>
   <div class='ocr_carea' id='block_1_109' title="bbox 1969 4861 3542 4930">
    <p class='ocr_par' dir='ltr' id='par_1_109' title="bbox 1969 4861 3542 4930">
     <span class='ocr_line' id='line_1_109' title="bbox 1969 4861 3542 4930; baseline 0.002 -19"><span class='ocrx_word' id='word_1_826' title='bbox 1969 4871 2149 4913; x_wconf 85' lang='lat' dir='ltr'><strong>catnm</strong></span> <span class='ocrx_word' id='word_1_827' title='bbox 2191 4869 2307 4924; x_wconf 90' lang='lat' dir='ltr'><strong>est,</strong></span> <span class='ocrx_word' id='word_1_828' title='bbox 2351 4876 2444 4930; x_wconf 90' lang='lat' dir='ltr'><strong>seu</strong></span> <span class='ocrx_word' id='word_1_829' title='bbox 2473 4861 2806 4929; x_wconf 76' lang='lat' dir='ltr'><strong>gloriosum,</strong></span> <span class='ocrx_word' id='word_1_830' title='bbox 2851 4877 2916 4914; x_wconf 87' lang='lat' dir='ltr'><strong>ac</strong></span> <span class='ocrx_word' id='word_1_831' title='bbox 2963 4861 3312 4930; x_wconf 88' lang='lat' dir='ltr'><strong>resplendens</strong></span> <span class='ocrx_word' id='word_1_832' title='bbox 3341 4863 3542 4917; x_wconf 78' lang='lat' dir='ltr'><strong>factum</strong></span> 
     </span>
    </p>
   </div>
   <div class='ocr_carea' id='block_1_110' title="bbox 1968 4929 3539 4998">
    <p class='ocr_par' dir='ltr' id='par_1_110' title="bbox 1968 4929 3539 4998">
     <span class='ocr_line' id='line_1_110' title="bbox 1968 4929 3539 4998; baseline 0.003 -18"><span class='ocrx_word' id='word_1_833' title='bbox 1968 4930 2091 4984; x_wconf 87' lang='lat' dir='ltr'><strong>l&#39;nit.</strong></span> <span class='ocrx_word' id='word_1_834' title='bbox 2129 4929 2441 4994; x_wconf 88' lang='lat' dir='ltr'><strong>llujnsmodi</strong></span> <span class='ocrx_word' id='word_1_835' title='bbox 2477 4945 2603 4984; x_wconf 88' lang='lat' dir='ltr'><strong>vero</strong></span> <span class='ocrx_word' id='word_1_836' title='bbox 2633 4948 2651 4980; x_wconf 86' lang='grc' dir='ltr'><strong>ι</strong></span> <span class='ocrx_word' id='word_1_837' title='bbox 2683 4929 3127 4998; x_wconf 74' lang='lat' dir='ltr'><strong>glorilicationem</strong></span> <span class='ocrx_word' id='word_1_838' title='bbox 3160 4949 3178 4982; x_wconf 74' lang='grc' dir='ltr'><strong>ι</strong></span> <span class='ocrx_word' id='word_1_839' title='bbox 3227 4942 3539 4987; x_wconf 89' lang='lat' dir='ltr'><strong>sanctorum</strong></span> 
     </span>
    </p>
   </div>
   <div class='ocr_carea' id='block_1_111' title="bbox 1968 5001 3542 5068">
    <p class='ocr_par' dir='ltr' id='par_1_111' title="bbox 1968 5001 3542 5068">
     <span class='ocr_line' id='line_1_111' title="bbox 1968 5001 3542 5068; baseline 0.002 -17"><span class='ocrx_word' id='word_1_840' title='bbox 1968 5015 2070 5051; x_wconf 92' lang='lat' dir='ltr'><strong>non</strong></span> <span class='ocrx_word' id='word_1_841' title='bbox 2101 5001 2258 5053; x_wconf 88' lang='lat' dir='ltr'><strong>modo</strong></span> <span class='ocrx_word' id='word_1_842' title='bbox 2289 5001 2571 5052; x_wconf 83' lang='lat' dir='ltr'><strong>animabus</strong></span> <span class='ocrx_word' id='word_1_843' title='bbox 2595 5039 2609 5060; x_wconf 90' lang='lat'><strong>,</strong></span> <span class='ocrx_word' id='word_1_844' title='bbox 2651 5001 2743 5053; x_wconf 88' lang='lat' dir='ltr'><strong>sed</strong></span> <span class='ocrx_word' id='word_1_845' title='bbox 2791 5001 3113 5065; x_wconf 72' lang='lat' dir='ltr'><strong>corporibus</strong></span> <span class='ocrx_word' id='word_1_846' title='bbox 3145 5013 3360 5068; x_wconf 89' lang='lat' dir='ltr'><strong>quoque</strong></span> <span class='ocrx_word' id='word_1_847' title='bbox 3390 5017 3542 5056; x_wconf 85' lang='lat' dir='ltr'><strong>com-</strong></span> 
     </span>
    </p>
   </div>
   <div class='ocr_carea' id='block_1_112' title="bbox 1968 5068 3540 5136">
    <p class='ocr_par' dir='ltr' id='par_1_112' title="bbox 1968 5068 3540 5136">
     <span class='ocr_line' id='line_1_112' title="bbox 1968 5068 3540 5136; baseline 0.003 -18"><span class='ocrx_word' id='word_1_848' title='bbox 1968 5071 2346 5121; x_wconf 84' lang='lat' dir='ltr'><strong>inunicandam</strong></span> <span class='ocrx_word' id='word_1_849' title='bbox 2419 5068 2472 5120; x_wconf 90' lang='lat' dir='ltr'><strong>in</strong></span> <span class='ocrx_word' id='word_1_850' title='bbox 2536 5069 2937 5122; x_wconf 87' lang='lat' dir='ltr'><strong>resurrectione</strong></span> <span class='ocrx_word' id='word_1_851' title='bbox 2995 5071 3266 5136; x_wconf 82' lang='lat' dir='ltr'><strong>respicere</strong></span> <span class='ocrx_word' id='word_1_852' title='bbox 3325 5071 3540 5124; x_wconf 85' lang='lat' dir='ltr'><strong>videtur</strong></span> 
     </span>
    </p>
   </div>
   <div class='ocr_carea' id='block_1_113' title="bbox 1965 5138 3534 5206">
    <p class='ocr_par' dir='ltr' id='par_1_113' title="bbox 1965 5138 3534 5206">
     <span class='ocr_line' id='line_1_113' title="bbox 1965 5138 3534 5206; baseline 0.001 -17"><span class='ocrx_word' id='word_1_853' title='bbox 1965 5139 2142 5190; x_wconf 83' lang='lat' dir='ltr'><strong>verbis</strong></span> <span class='ocrx_word' id='word_1_854' title='bbox 2167 5139 2292 5203; x_wconf 87' lang='lat' dir='ltr'><strong>illis,</strong></span> <span class='ocrx_word' id='word_1_855' title='bbox 2317 5152 2436 5204; x_wconf 71' lang='lat' dir='ltr'><strong>quze</strong></span> <span class='ocrx_word' id='word_1_856' title='bbox 2468 5151 2590 5206; x_wconf 83' lang='lat' dir='ltr'><strong>mox</strong></span> <span class='ocrx_word' id='word_1_857' title='bbox 2627 5139 2806 5190; x_wconf 87' lang='lat' dir='ltr'><strong>subdit</strong></span> <span class='ocrx_word' id='word_1_858' title='bbox 2832 5153 2846 5188; x_wconf 89' lang='lat'><strong>:</strong></span> <span class='ocrx_word' id='word_1_859' title='bbox 2878 5157 2897 5188; x_wconf 84' lang='grc' dir='ltr'><strong>ι</strong></span> <span class='ocrx_word' id='word_1_860' title='bbox 2929 5138 2993 5191; x_wconf 90' lang='lat' dir='ltr'><strong>Et</strong></span> <span class='ocrx_word' id='word_1_861' title='bbox 3012 5139 3256 5206; x_wconf 88' lang='lat' dir='ltr'><strong>corporis</strong></span> <span class='ocrx_word' id='word_1_862' title='bbox 3277 5140 3483 5194; x_wconf 89' lang='lat' dir='ltr'><strong>oculus.</strong></span> <span class='ocrx_word' id='word_1_863' title='bbox 3515 5158 3534 5190; x_wconf 74' lang='grc' dir='ltr'><strong><em>ο</em></strong></span> 
     </span>
    </p>
   </div>
   <div class='ocr_carea' id='block_1_114' title="bbox 1963 5205 2929 5274">
    <p class='ocr_par' dir='ltr' id='par_1_114' title="bbox 1963 5205 2929 5274">
     <span class='ocr_line' id='line_1_114' title="bbox 1963 5205 2929 5274; baseline 0.002 -14"><span class='ocrx_word' id='word_1_864' title='bbox 1963 5218 2070 5262; x_wconf 91' lang='lat' dir='ltr'><strong>etc.</strong></span> <span class='ocrx_word' id='word_1_865' title='bbox 2104 5205 2236 5270; x_wconf 80' lang='lat' dir='ltr'><strong>Vide</strong></span> <span class='ocrx_word' id='word_1_866' title='bbox 2273 5221 2442 5274; x_wconf 77' lang='lat' dir='ltr'><strong>segni.</strong></span> <span class='ocrx_word' id='word_1_867' title='bbox 2469 5205 2576 5260; x_wconf 70' lang='lat'><strong>206</strong></span> <span class='ocrx_word' id='word_1_868' title='bbox 2605 5208 2654 5271; x_wconf 72' lang='grc' dir='ltr'>ὁ,</span> <span class='ocrx_word' id='word_1_869' title='bbox 2693 5221 2748 5260; x_wconf 88' lang='lat' dir='ltr'><strong>et</strong></span> <span class='ocrx_word' id='word_1_870' title='bbox 2771 5206 2843 5262; x_wconf 69' lang='lat'><strong>40</strong></span> <span class='ocrx_word' id='word_1_871' title='bbox 2879 5209 2929 5262; x_wconf 74' lang='grc' dir='ltr'><strong>ιι.</strong></span> 
     </span>
    </p>
   </div>
   <div class='ocr_carea' id='block_1_115' title="bbox 2037 5275 2904 5343">
    <p class='ocr_par' dir='ltr' id='par_1_115' title="bbox 2037 5275 2904 5343">
     <span class='ocr_line' id='line_1_115' title="bbox 2037 5275 2904 5343; baseline 0 -14"><span class='ocrx_word' id='word_1_872' title='bbox 2037 5277 2167 5343; x_wconf 64' lang='grc'><strong>(89).</strong></span> <span class='ocrx_word' id='word_1_873' title='bbox 2213 5277 2398 5331; x_wconf 82' lang='lat' dir='ltr'><strong>Stella.</strong></span> <span class='ocrx_word' id='word_1_874' title='bbox 2440 5276 2456 5329; x_wconf 92' lang='lat' dir='ltr'><strong>l</strong></span> <span class='ocrx_word' id='word_1_875' title='bbox 2515 5275 2642 5331; x_wconf 82' lang='lat' dir='ltr'><strong>Cor.</strong></span> <span class='ocrx_word' id='word_1_876' title='bbox 2685 5293 2773 5342; x_wconf 83' lang='lat' dir='ltr'><strong>xv,</strong></span> <span class='ocrx_word' id='word_1_877' title='bbox 2814 5279 2904 5331; x_wconf 71' lang='grc'><strong>41.</strong></span> 
     </span>
    </p>
   </div>
   <div class='ocr_carea' id='block_1_116' title="bbox 2033 5345 3538 5418">
    <p class='ocr_par' dir='ltr' id='par_1_116' title="bbox 2033 5345 3538 5418">
     <span class='ocr_line' id='line_1_116' title="bbox 2033 5345 3538 5418; baseline -0.001 -18"><span class='ocrx_word' id='word_1_878' title='bbox 2033 5345 2146 5418; x_wconf 83' lang='grc'>(90)</span> <span class='ocrx_word' id='word_1_879' title='bbox 2179 5345 2378 5414; x_wconf 78' lang='lat' dir='ltr'><strong>Corpus</strong></span> <span class='ocrx_word' id='word_1_880' title='bbox 2401 5355 2451 5398; x_wconf 84' lang='lat' dir='ltr'><strong>et</strong></span> <span class='ocrx_word' id='word_1_881' title='bbox 2479 5348 2586 5418; x_wconf 74' lang='lat' dir='ltr'><strong>ipse</strong></span> <span class='ocrx_word' id='word_1_882' title='bbox 2610 5356 2706 5402; x_wconf 74' lang='lat' dir='ltr'><strong>est.</strong></span> <span class='ocrx_word' id='word_1_883' title='bbox 2743 5347 2852 5400; x_wconf 89' lang='lat' dir='ltr'><strong>lloe</strong></span> <span class='ocrx_word' id='word_1_884' title='bbox 2881 5346 3111 5418; x_wconf 74' lang='lat' dir='ltr'><strong>fortasse</strong></span> <span class='ocrx_word' id='word_1_885' title='bbox 3147 5345 3265 5418; x_wconf 82' lang='lat' dir='ltr'><strong>vult</strong></span> <span class='ocrx_word' id='word_1_886' title='bbox 3297 5362 3311 5399; x_wconf 88' lang='lat'><strong>:</strong></span> <span class='ocrx_word' id='word_1_887' title='bbox 3355 5345 3538 5398; x_wconf 73' lang='lat' dir='ltr'><strong>Sancti</strong></span> 
     </span>
    </p>
   </div>
   <div class='ocr_carea' id='block_1_117' title="bbox 1965 5413 3538 5485">
    <p class='ocr_par' dir='ltr' id='par_1_117' title="bbox 1965 5413 3538 5485">
     <span class='ocr_line' id='line_1_117' title="bbox 1965 5413 3538 5485; baseline 0.002 -18"><span class='ocrx_word' id='word_1_888' title='bbox 1965 5413 2136 5470; x_wconf 83' lang='lat' dir='ltr'><strong>Deum</strong></span> <span class='ocrx_word' id='word_1_889' title='bbox 2161 5413 2438 5484; x_wconf 81' lang='lat' dir='ltr'><strong>corporeis</strong></span> <span class='ocrx_word' id='word_1_890' title='bbox 2465 5413 2636 5468; x_wconf 85' lang='lat' dir='ltr'><strong>oculis</strong></span> <span class='ocrx_word' id='word_1_891' title='bbox 2673 5432 2740 5469; x_wconf 90' lang='lat' dir='ltr'><strong>ne</strong></span> <span class='ocrx_word' id='word_1_892' title='bbox 2787 5427 2913 5469; x_wconf 89' lang='lat' dir='ltr'><strong>tunc</strong></span> <span class='ocrx_word' id='word_1_893' title='bbox 2943 5417 3156 5482; x_wconf 85' lang='lat' dir='ltr'><strong>quidem</strong></span> <span class='ocrx_word' id='word_1_894' title='bbox 3185 5413 3368 5468; x_wconf 87' lang='lat' dir='ltr'><strong>videre</strong></span> <span class='ocrx_word' id='word_1_895' title='bbox 3419 5427 3538 5485; x_wconf 85' lang='lat' dir='ltr'><strong>pot-</strong></span> 
     </span>
    </p>
   </div>
   <div class='ocr_carea' id='block_1_118' title="bbox 1961 5486 3316 5551">
    <p class='ocr_par' dir='ltr' id='par_1_118' title="bbox 1961 5486 3316 5551">
     <span class='ocr_line' id='line_1_118' title="bbox 1961 5486 3316 5551; baseline -0.002 -12"><span class='ocrx_word' id='word_1_896' title='bbox 1961 5495 2137 5544; x_wconf 86' lang='lat' dir='ltr'><strong>erunt,</strong></span> <span class='ocrx_word' id='word_1_897' title='bbox 2161 5502 2281 5537; x_wconf 82' lang='lat' dir='ltr'><strong>cum</strong></span> <span class='ocrx_word' id='word_1_898' title='bbox 2318 5506 2334 5534; x_wconf 83' lang='grc' dir='ltr'><strong>ι</strong></span> <span class='ocrx_word' id='word_1_899' title='bbox 2367 5486 2597 5550; x_wconf 68' lang='lat' dir='ltr'><strong>gloriosa</strong></span> <span class='ocrx_word' id='word_1_900' title='bbox 2634 5505 2652 5536; x_wconf 69' lang='grc' dir='ltr'>ιι</span> <span class='ocrx_word' id='word_1_901' title='bbox 2678 5496 2838 5538; x_wconf 86' lang='lat' dir='ltr'><strong>erunt</strong></span> <span class='ocrx_word' id='word_1_902' title='bbox 2861 5501 3046 5538; x_wconf 84' lang='lat' dir='ltr'><strong>eorum</strong></span> <span class='ocrx_word' id='word_1_903' title='bbox 3069 5498 3316 5551; x_wconf 87' lang='lat' dir='ltr'><strong>corpora.</strong></span> 
     </span>
    </p>
   </div>
   <div class='ocr_carea' id='block_1_119' title="bbox 2032 5553 3543 5623">
    <p class='ocr_par' dir='ltr' id='par_1_119' title="bbox 2032 5553 3543 5623">
     <span class='ocr_line' id='line_1_119' title="bbox 2032 5553 3543 5623; baseline 0 -15"><span class='ocrx_word' id='word_1_904' title='bbox 2032 5555 2140 5623; x_wconf 91' lang='grc'><strong>(91)</strong></span> <span class='ocrx_word' id='word_1_905' title='bbox 2175 5554 2462 5618; x_wconf 81' lang='lat' dir='ltr'><strong>Quantum.</strong></span> <span class='ocrx_word' id='word_1_906' title='bbox 2527 5556 2805 5606; x_wconf 82' lang='lat' dir='ltr'><strong>Librarius</strong></span> <span class='ocrx_word' id='word_1_907' title='bbox 2837 5557 2975 5607; x_wconf 91' lang='lat' dir='ltr'><strong>hunc</strong></span> <span class='ocrx_word' id='word_1_908' title='bbox 3012 5569 3223 5605; x_wconf 79' lang='lat' dir='ltr'><strong>versum</strong></span> <span class='ocrx_word' id='word_1_909' title='bbox 3258 5555 3307 5606; x_wconf 90' lang='lat' dir='ltr'><strong>in</strong></span> <span class='ocrx_word' id='word_1_910' title='bbox 3337 5553 3543 5608; x_wconf 83' lang='lat' dir='ltr'><strong>codicis</strong></span> 
     </span>
    </p>
   </div>
   <div class='ocr_carea' id='block_1_120' title="bbox 1961 5623 3543 5694">
    <p class='ocr_par' dir='ltr' id='par_1_120' title="bbox 1961 5623 3543 5694">
     <span class='ocr_line' id='line_1_120' title="bbox 1961 5623 3543 5694; baseline 0 -19"><span class='ocrx_word' id='word_1_911' title='bbox 1961 5631 2199 5694; x_wconf 74' lang='lat' dir='ltr'><strong>margine</strong></span> <span class='ocrx_word' id='word_1_912' title='bbox 2232 5626 2306 5677; x_wconf 80' lang='lat' dir='ltr'><strong>sic</strong></span> <span class='ocrx_word' id='word_1_913' title='bbox 2333 5626 2562 5694; x_wconf 72' lang='lat' dir='ltr'><strong>explicat</strong></span> <span class='ocrx_word' id='word_1_914' title='bbox 2589 5642 2600 5676; x_wconf 92' lang='lat'>:</span> <span class='ocrx_word' id='word_1_915' title='bbox 2632 5624 2981 5694; x_wconf 71' lang='grc' dir='ltr'>Σημείωσαι,</span> <span class='ocrx_word' id='word_1_916' title='bbox 3013 5623 3208 5676; x_wconf 72' lang='grc' dir='ltr'>ὁπόσον</span> <span class='ocrx_word' id='word_1_917' title='bbox 3237 5623 3294 5675; x_wconf 68' lang='grc' dir='ltr'>τὸ</span> <span class='ocrx_word' id='word_1_918' title='bbox 3329 5623 3543 5694; x_wconf 75' lang='grc' dir='ltr'>ἀνθρώ-</span> 
     </span>
    </p>
   </div>
   <div class='ocr_carea' id='block_1_121' title="bbox 1959 5691 3544 5764">
    <p class='ocr_par' dir='ltr' id='par_1_121' title="bbox 1959 5691 3544 5764">
     <span class='ocr_line' id='line_1_121' title="bbox 1959 5691 3544 5764; baseline -0.005 -18"><span class='ocrx_word' id='word_1_919' title='bbox 1959 5712 2111 5746; x_wconf 66' lang='grc' dir='ltr'>πίνον</span> <span class='ocrx_word' id='word_1_920' title='bbox 2139 5693 2290 5763; x_wconf 84' lang='grc' dir='ltr'>γένος</span> <span class='ocrx_word' id='word_1_921' title='bbox 2340 5698 2406 5764; x_wconf 81' lang='grc' dir='ltr'>τῇ</span> <span class='ocrx_word' id='word_1_922' title='bbox 2436 5693 2548 5764; x_wconf 68' lang='grc' dir='ltr'><strong>Δτοῦ</strong></span> <span class='ocrx_word' id='word_1_923' title='bbox 2601 5691 2734 5744; x_wconf 71' lang='grc' dir='ltr'>Θεοῦ</span> <span class='ocrx_word' id='word_1_924' title='bbox 2768 5691 2925 5762; x_wconf 83' lang='grc' dir='ltr'>φύσει</span> <span class='ocrx_word' id='word_1_925' title='bbox 2965 5693 3185 5745; x_wconf 76' lang='grc' dir='ltr'>δύναται</span> <span class='ocrx_word' id='word_1_926' title='bbox 3248 5691 3544 5764; x_wconf 70' lang='grc' dir='ltr'>προσεγγί-</span> 
     </span>
    </p>
   </div>
   <div class='ocr_carea' id='block_1_122' title="bbox 1959 5762 3542 5833">
    <p class='ocr_par' dir='ltr' id='par_1_122' title="bbox 1959 5762 3542 5833">
     <span class='ocr_line' id='line_1_122' title="bbox 1959 5762 3542 5833; baseline 0.003 -19"><span class='ocrx_word' id='word_1_927' title='bbox 1959 5780 2070 5826; x_wconf 83' lang='grc' dir='ltr'>σαι,</span> <span class='ocrx_word' id='word_1_928' title='bbox 2110 5762 2160 5818; x_wconf 84' lang='lat' dir='ltr'><strong>id</strong></span> <span class='ocrx_word' id='word_1_929' title='bbox 2205 5774 2290 5818; x_wconf 81' lang='lat' dir='ltr'><strong>est</strong></span> <span class='ocrx_word' id='word_1_930' title='bbox 2345 5762 2565 5825; x_wconf 56' lang='lat' dir='ltr'><strong>(Nota,</strong></span> <span class='ocrx_word' id='word_1_931' title='bbox 2619 5775 2877 5832; x_wconf 82' lang='lat' dir='ltr'><strong>quantum</strong></span> <span class='ocrx_word' id='word_1_932' title='bbox 2930 5764 3222 5818; x_wconf 82' lang='lat' dir='ltr'><strong>humanum</strong></span> <span class='ocrx_word' id='word_1_933' title='bbox 3279 5762 3447 5833; x_wconf 70' lang='lat' dir='ltr'><strong>genus</strong></span> <span class='ocrx_word' id='word_1_934' title='bbox 3474 5765 3542 5818; x_wconf 83' lang='lat' dir='ltr'><strong>ad</strong></span> 
     </span>
    </p>
   </div>
   <div class='ocr_carea' id='block_1_123' title="bbox 1958 5833 2900 5903">
    <p class='ocr_par' dir='ltr' id='par_1_123' title="bbox 1958 5833 2900 5903">
     <span class='ocr_line' id='line_1_123' title="bbox 1958 5833 2900 5903; baseline -0.002 -17"><span class='ocrx_word' id='word_1_935' title='bbox 1958 5833 2049 5888; x_wconf 85' lang='lat' dir='ltr'><strong>Dei</strong></span> <span class='ocrx_word' id='word_1_936' title='bbox 2082 5847 2328 5888; x_wconf 87' lang='lat' dir='ltr'><strong>naturam</strong></span> <span class='ocrx_word' id='word_1_937' title='bbox 2363 5844 2536 5903; x_wconf 84' lang='lat' dir='ltr'><strong>potest</strong></span> <span class='ocrx_word' id='word_1_938' title='bbox 2575 5834 2856 5889; x_wconf 75' lang='lat' dir='ltr'><strong>accedere.</strong></span> <span class='ocrx_word' id='word_1_939' title='bbox 2881 5851 2900 5884; x_wconf 77' lang='grc' dir='ltr'><strong>ι</strong></span> 
     </span>
    </p>
   </div>
  </div>
