4114 6456
345 458 461 512 usa
1387 460 1471 515 DE
1511 461 1883 518 TRlNlTATE
1925 461 2125 521 LIBER
2166 466 2549 526 SECUNDUS.
3487 474 3588 528 690

343 573 624 644 Πνεόματί
648 577 825 629 ἐστιν·
862 577 1049 649 ἐπειδὴ
1096 579 1295 650 γράφει
1318 596 1332 609 ο
1396 598 1413 629 ι
1438 578 1561 631 Ἐὰν
1594 581 1668 649 μή
1693 597 1777 644 τις
1809 598 1901 649 γεν

2035 595 2298 650 potestate
2326 587 2543 655 praadita
2573 596 2672 651 est,
2710 603 2771 641 ac
2809 588 3036 657 Spiritus
3068 599 3305 647 sanctus.
3339 598 3389 643 et
3429 590 3585 643 simul

341 664 485 736 νηθῇ
511 665 570 730 ἐξ
600 665 790 730 ὓδατος
810 670 906 722 καὶ
937 670 1273 741 Πνεῦματος.
1303 686 1326 722 ι
1354 669 1524 722 Τοῦτο
1544 669 1599 722 δὲ
1628 673 1907 744 κατηγορῆ

2029 690 2148 728 eum
2204 677 2320 745 ipso
2364 677 2658 746 gloriﬁcata
2708 696 2721 731 :
2771 695 2890 731 cum
2956 680 3208 747 scriptum
3275 680 3379 733 sit:
3431 679 3583 733 «Nisi

344 756 438 811 σαί
470 758 619 810 ἐστιν
659 758 890 823 ἑαυτῶν,
953 760 1028 824 ὠς
1068 761 1593 831 ἐπιλαμϐανομένων
1625 762 1718 815 τοῦ
1751 764 1908 825 καλῶς

2027 765 2147 831 quis
2192 776 2350 819 natus
2389 766 2548 819 fuerit
2576 781 2639 819 ex
2667 781 2804 835 aqua
2835 776 2888 819 et
2924 765 3148 833 Spiritu.
3182 787 3200 819 ι
3236 772 3303 822 At
3338 769 3436 821 hoc
3460 770 3573 837 qui-

348 845 722 918 ρθεγξαμὲνου
752 850 891 905 αὐτὰ
935 852 1194 922 Χριστοῦ,
1235 852 1330 906 καὶ
1380 852 1673 917 διαϐαλεῖν,
1732 852 1767 906 ἃ
1803 854 1908 924 μηδ

2028 857 2144 906 dem
2176 865 2261 908 est
2283 856 2601 920 semctipsos
2626 871 2880 910 accusare
2905 874 2917 919 ;
2954 874 3072 909 nam
3102 857 3372 911 Clu-istum
3405 860 3576 927 ipsum

355 938 603 1008 ὶΜῶμος
622 940 894 995 διαϐαλεῖν
924 941 1238 1012 δυνήσεται·
1280 944 1342 995 οὐ
1373 943 1477 1015 μὴν
1508 945 1640 1000 ἴδιον
1667 946 1908 1015 Χριστια

2024 943 2328 1012 obiurgant,
2385 945 2473 1012 qui
2529 948 2663 998 scite
2725 947 2827 1000 ista
2876 947 3034 1000 verba
3104 948 3368 1013 protulit:
3402 966 3464 1003 ac
3517 965 3578 1002 ca

349 1027 469 1081 κῶν.
503 1030 614 1099 Οὐχ
637 1029 714 1093 ὼς
740 1031 1089 1087 συντάττεται
1128 1033 1236 1103 γὰρ
1270 1035 1302 1103 ὴ
1336 1034 1466 1102 ἁγία
1489 1034 1922 1105 Τριὰς’ὲμνημο-

338 1117 506 1186 νεύθη
532 1120 709 1173 καὶτὸ
745 1119 920 1194 ὕδωρ·
982 1123 1095 1176 ἀλλ’
1128 1123 1202 1186 ὡς
1234 1126 1262 1177 ὁ
1293 1123 1448 1192 λόγος
1493 1124 1772 1190 ἀπέδωκε,
1829 1125 1922 1179 καὶ

335 1205 412 1268 ὡς
442 1207 674 1279 ἑτέρωθι
705 1210 822 1283 ἅμα
870 1211 947 1282 τῷ
979 1212 1232 1284 ἀθανάτῳ
1282 1213 1400 1284 Θεῷ
1443 1213 1615 1285 θνητά
1655 1232 1921 1286 συνεμνη-

337 1298 602 1370 μονεύθη.
653 1300 961 1371 Γέγραπται
995 1303 1103 1376 γάρ
1123 1322 1136 1334 ·
1175 1323 1193 1355 ι
1219 1305 1502 1376 Ἥμαρτον
1529 1308 1608 1370 είς
1631 1305 1723 1361 τὸν
1759 1306 1920 1378 οὐρα-

334 1388 427 1442 νὸν
480 1392 579 1444 καὶ
610 1394 689 1457 εἰς
746 1393 838 1446 σέ·
859 1413 877 1444 ι
914 1395 1007 1448 καὶ
1036 1395 1230 1450 πάλινι
1267 1414 1285 1447 ι
1328 1394 1675 1452 Ἐπίστευσεν
1736 1398 1765 1451 ὁ
1793 1395 1920 1460 λαὸς

333 1480 414 1550 τῷ
457 1481 583 1552 Θεῷ
647 1484 739 1539 καὶ
780 1486 1007 1541 Mutuus!
1058 1485 1135 1557 τῷ
1187 1486 1478 1559 θεράποντι
1529 1488 1694 1544 αὐτοῦ
1717 1506 1730 1518 ·
1756 1507 1775 1541 ι
1822 1490 1918 1545 καὶ

284 1580 293 1585 ’
332 1571 503 1626 πάλιν
529 1589 543 1602 ·
606 1575 765 1637 «Πᾶς
799 1577 830 1629 δ
881 1576 1009 1640 λαὸς
1063 1576 1309 1646 ἐφοϐεῖτο
1348 1578 1439 1633 τὸν
1488 1578 1621 1633 Θεὸν
1667 1579 1761 1633 κα)⁸
1809 1580 1913 1633 Σα-

333 1662 519 1733 μουήλ
542 1678 557 1694 ⁸
583 1682 603 1717 ι
659 1666 752 1719 καὶ
782 1666 969 1721 πάλιν·
1020 1666 1172 1724 ἆΚαὶ
1217 1666 1287 1741 ἧν
1322 1669 1562 1741 ῥομφαία
1600 1669 1679 1741 τῷ
1729 1671 1916 1742 Κυρίῳ

331 1755 431 1807 καὶ
484 1754 565 1826 τῷ
612 1756 813 1811 Γεδεών
837 1776 850 1789 ο
883 1778 902 1810 ι
968 1761 1063 1814 καὶ
1117 1761 1179 1814 τὸ
1234 1761 1819 1832 προσυφανθησόμενον
1855 1762 1915 1815 δὲ

328 1838 549 1903 τούτοις
595 1840 856 1912 θεώρημα
934 1845 1285 1914 καίριον,καὶ
1334 1844 1556 1909 ἐπάξιον
1603 1846 1705 1915 τῆς
1744 1846 1911 1917 ὀρθῆς

330 1928 576 1994 πίστεώς
592 1934 756 1985 ἐστιν.
783 1934 844 1989 Et
865 1933 994 2004 γὰρ,
1011 1935 1148 1989 κατά
1185 1935 1266 1991 τὸν
1291 1935 1557 2000 Παῦλον,ι
1592 1939 1672 1998 είς
1695 1935 1787 1988 τὸν
1817 1936 1911 1991 θάο

328 2036 495 2075 νατον
541 2019 637 2075 τοῦ
686 2022 919 2093 Χριστοῦ
950 2024 1042 2077 κα).
1076 2025 1154 2087 είς
1184 2025 1415 2095 Χριστὸν
1457 2044 1476 2077 ι
1504 2023 1910 2095 βαπτιζόμεθα,

326 2110 513 2182 ὀρθῶς
545 2113 891 2192 συνειρράσθη
922 2112 1002 2183 τῷ
1033 2112 1311 2184 Πνεὺματι
1341 2114 1403 2169 τὸ
1440 2113 1603 2185 ὕδωρ.
1648 2115 1780 2173 Ἀπὸ
1805 2114 1913 2187 γὰρ

326 2201 431 2270 τῆς
465 2200 705 2272 πλευρᾶς
733 2201 828 2255 τοῦ
861 2202 1112 2273 Σωτῆρος
1154 2202 1298 2274 ὕδωρ
1357 2205 1451 2261 καὶ
1483 2202 1623 2275 αἷμα
1649 2204 1785 2277 ὁμοῦ
1818 2205 1911 2276 ἐρ-

329 2292 551 2360 ρευσεν,
580 2291 655 2353 ὡς
685 2291 785 2344 οὐκ
820 2292 1006 2359 ἀγνοεῖ
1052 2293 1084 2363 ἡ
1123 2291 1313 2363 λόγχη,
1356 2293 1452 2346 καὶ
1489 2294 1518 2346 ὁ
1549 2293 1906 2364 στρατιώτης.

326 2373 481 2451 Πρὸς
506 2382 709 2451 τούτῳ,
734 2383 803 2444 εί,
825 2382 900 2445 ὡς
928 2381 1137 2445 Παῦλος
1162 2383 1392 2454 ἔγραψε,
1454 2384 1757 2455 Κορινθίοις
1789 2386 1906 2455 μὲν·

332 2491 352 2523 ι
395 2472 607 2535 Πάντες
644 2471 843 2543 βρῶμα
869 2472 930 2526 τὸ
967 2473 1335 2543 πνευματικὸν
1380 2473 1615 2543 ἔφαγον,
1649 2478 1743 2529 καί
1777 2478 1911 2531 πάν-

324 2576 424 2622 τες
454 2560 518 2613 τὸ
557 2560 690 2613 αὐτὸ
721 2563 1088 2632 πνευματικὸν
1126 2562 1309 2617 ἔπινον
1339 2564 1507 2635 πόμα.
1549 2567 1769 2620 Ἕπινον
1800 2569 1910 2640 γὰρ

325 2649 397 2702 ἐκ
436 2651 813 2722 πνευματικῆς
846 2652 1247 2723 ἀκολουθούσης
1280 2654 1485 2724 πέτρας
1506 2671 1521 2687 ο
1556 2656 1588 2725 ή
1625 2655 1683 2708 δὲ
1735 2657 1909 2727 πέτρα

326 2736 398 2811 ἦν
426 2741 458 2793 ὁ
490 2739 751 2810 Χριστόςο
795 2762 814 2793 ι
853 2737 1007 2805 αὖθίς
1032 2759 1124 2797 τε’
1168 2762 1186 2795 ι
1226 2745 1336 2801 Καὶ
1370 2744 1569 2810 πάντες
1600 2745 1659 2799 ἒν
1687 2748 1910 2819 Πνεῦμα

324 2829 695 2902 ὲποτίσθησαν
717 2847 733 2863 ο
773 2851 791 2884 ι
836 2832 1103 2904 Ἑϐραίοις
1136 2833 1156 2905 [
1184 2834 1283 2889 120
1314 2834 1388 2907 b]
1440 2836 1517 2892 δέ·
1558 2855 1576 2888 ι
1626 2837 1909 2894 Ἀδύνατον

325 2922 439 2993 γὰρ
477 2923 609 2987 τοὺς
640 2922 786 2991 ἅπαξ
830 2923 1236 2992 φωτισθέντας,
1270 2927 1644 2998 γευσαμένους
1689 2945 1750 2982 τε
1805 2929 1906 2999 τῆς

321 3010 536 3080 δωρεᾶς
586 3011 685 3081 τῆς
734 3013 1091 3085 ἐπουρανίου,
1143 3014 1237 3067 καὶ
1284 3014 1541 3084 μετόχους
1578 3014 1908 3087 γενηθέντας

323 3101 650 3174 Πνεῦματος
714 3103 901 3172 ἁγίου,
963 3103 1057 3157 καὶ
1117 3104 1283 3157 καλὸν
1340 3105 1711 3174 γευσαμένους
1768 3105 1905 3161 Θεοῦ

2021 1034 2442 1099 calumniantur,
2485 1050 2604 1104 quae
2650 1050 2715 1089 ne
2756 1036 2957 1090 Momus
2997 1036 3072 1104 (2)
3120 1037 3335 1104 quidem
3374 1040 3582 1092 calum-

2022 1124 2159 1177 nia‘ri
2190 1134 2374 1193 queat.
2402 1126 2455 1183 Id
2483 1138 2658 1185 tamen
2684 1126 3019 1181 Christianos
3045 1113 3283 1181 dedecet.
3310 1128 3416 1182 Nrc
3440 1131 3580 1182 enim

2024 1212 2206 1265 habita
2239 1216 2446 1267 ratione
2487 1215 2712 1280 ordinis,
2755 1230 2817 1269 ac
2865 1216 3140 1283 dignitatis
3181 1226 3472 1270 memorata
3508 1220 3579 1270 ibi

2019 1316 2101 1359 est
2134 1314 2255 1373 pOst
2280 1318 2521 1360 sanctam
2549 1307 2869 1362 Trinitatem
2895 1310 3057 1364 etiam
3090 1326 3225 1378 aqua
3257 1328 3270 1376 ;
3325 1312 3415 1364 sed
3454 1313 3579 1379 quia

2019 1397 2094 1451 sic
2153 1412 2328 1452 sermo
2376 1399 2528 1465 tulit;
2576 1399 2716 1455 sicut
2767 1401 2891 1454 alibi
2954 1416 3165 1469 quoque
3245 1403 3399 1457 simul
3457 1420 3582 1456 cum

2021 1480 2307 1537 immortali
2338 1483 2446 1536 Deo
2475 1484 2723 1537 mortalia
2769 1496 3190 1539 commemorata
3243 1499 3366 1540 sunt
3402 1508 3415 1540 :
3445 1491 3581 1542 scri-

2017 1571 2453 1638 ptumestenim:
2492 1590 2509 1622 ι
2538 1572 2758 1626 Peccavi
2797 1574 2946 1645 (5)iu
2971 1576 3245 1637 etclum,et
3289 1578 3339 1630 in
3374 1588 3491 1637 ten
3528 1590 3583 1632 et

2019 1677 2247 1717 rursus:
2291 1682 2307 1713 ι
2333 1661 2574 1716 Credidit
2603 1662 2681 1735 (4)
2718 1665 2941 1732 pepulits
3002 1666 3128 1730 Deo,
3179 1678 3228 1720 et
3286 1667 3450 1737 Moysi
3499 1670 3575 1720 lii—

2015 1752 2159 1807 mulo
2228 1752 2428 1822 ejus“
2491 1763 2543 1807 et
2609 1770 2794 1807 rursus
2857 1774 2870 1808 :
2931 1774 2950 1807 ι
3008 1757 3191 1810 Omnis
3274 1758 3348 1828 (5)
3412 1776 3579 1827 pupil--

2014 1843 2094 1897 lus
2128 1843 2345 1903 timebat
2371 1843 2555 1917 Deum,
2585 1853 2636 1897 et
2675 1844 3008 1909 Samuelem;
3054 1865 3072 1897 ι
3117 1856 3169 1899 et
3198 1862 3423 1900 rursus:
3463 1867 3482 1900 ι
3517 1850 3579 1903 Et

1945 1918 1982 1972 Β
2013 1932 2499 2003 ονιιι(6)ι“οιιψιιιιθιι
2527 1932 2773 1996 Domino,
2795 1944 2848 1988 et
2869 1934 3163 1992 Gedeoni.»
3199 1936 3406 1991 Sensus
3429 1953 3577 2000 vero,

2012 2035 2169 2088 quem
2204 2020 2530 2089 speculando
2568 2036 2634 2074 ex
2680 2022 2744 2076 iis
2789 2024 2965 2077 verbis
3000 2037 3269 2088 eruemus,
3300 2040 3570 2094 quemque

2012 2111 2168 2181 261
2202 2110 2288 2165 hic
2322 2110 2697 2180 subjiciemus,
2749 2126 2849 2166 nec
2891 2108 3315 2181 intempestivus
3338 2112 3413 2182 (7)
3450 2108 3572 2174 est,

2012 2210 2068 2256 et
2100 2210 2243 2269 recta
2278 2200 2381 2255 lide
2415 2202 2626 2271 dignus.
2677 2201 2731 2255 Si
2766 2202 2907 2256 enim
2933 2201 3084 2271 juxta
3121 2202 3342 2256 Paulum
3368 2202 3444 2274 (8)
3474 2222 3498 2267 τι
3526 2205 3577 2256 ἰιι

2013 2299 2239 2345 mortem
2263 2289 2465 2345 Christi
2488 2332 2502 2356 ,
2526 2300 2584 2346 et
2609 2292 2663 2345 iu
2693 2291 2964 2350 Christum
2997 2311 3015 2344 ι
3041 2295 3396 2362 baptizamur,
3434 2306 3578 2349 recte

2012 2394 2116 2435 una
2136 2395 2258 2435 cum
2299 2380 2504 2451 Spiritu
2533 2383 2805 2438 nominata
2832 2394 2915 2439 est
2943 2398 3075 2453 aqua
3111 2401 3125 2436 :
3157 2401 3277 2436 nam
3309 2400 3373 2437 ex
3408 2385 3576 2438 latere

2011 2471 2307 2528 Salvatoris
2339 2489 2476 2542 aqua
2504 2484 2567 2528 -et
2622 2476 2844 2545 sanguis
2884 2475 3047 2530 simul
3089 2474 3280 2540 ﬂuxit,
3338 2484 3394 2529 ut
3432 2479 3579 2529 novit

2009 2563 2194 2618 laurea
2223 2563 2334 2633 (9),
2365 2574 2419 2623 et
2450 2565 2623 2619 miles.
2661 2564 2928 2619 Prteterea
2969 2565 3166 2618 Paulus
3214 2566 3435 2634 scripsit
3466 2566 3573 2619 Co-

2010 2656 2228 2711 rinthiis
2266 2657 2528 2726 quidem:
2569 2675 2588 2709 ι
2622 2657 2823 2713 Omnes
2877 2657 2991 2728 (10)
3048 2672 3225 2711 escam
3284 2658 3575 2725 spiritalem

2012 2743 2433 2810 manducarunt,
2469 2755 2522 2799 et
2553 2760 2741 2803 omnes
2782 2748 3029 2800 eumdem
3080 2747 3376 2814 Spiritalem
3427 2748 3575 2799 bitte-

2011 2835 2141 2891 bant
2183 2845 2406 2904 potum:
2457 2836 2715 2891 bibebant
2755 2837 2897 2889 enim
2937 2837 3005 2889 de
3046 2836 3273 2904 spiritali
3317 2846 3576 2904 sequente

2009 2935 2201 2996 petra:
2258 2937 2408 2998 petra
2458 2941 2639 2982 autem
2688 2937 2808 2982 erat
2860 2927 3151 2994 Christus;
3191 2947 3207 2978 ι
3238 2939 3293 2982 et
3344 2943 3528 2981 rursus
3558 2946 3574 2979 :

2014 3036 2033 3069 ι
2065 3018 2129 3071 Et
2170 3031 2358 3071 omnes
2389 3017 2499 3087 (ll)
2545 3032 2651 3072 uno
2683 3017 2874 3085 spiritu
2919 3017 3085 3086 potati
3124 3028 3286 3081 sunt;
3322 3036 3339 3068 ι
3368 3018 3430 3069 ad
3473 3016 3577 3071 lle~

2008 3108 2179 3163 brteos
2212 3120 2337 3160 vero
2367 3124 2380 3160 :
2410 3125 2429 3158 ι
2466 3106 2799 3177 [inpossibile
2841 3107 2953 3178 (12)
3001 3117 3086 3162 est
3123 3108 3265 3162 enim
3312 3123 3409 3161 eos
3437 3148 3452 3173 ,
3487 3109 3577 3176 qui

324 3193 482 3263 ῥῆμα
519 3211 537 3243 ι
562 3198 593 3263 .(
613 3191 674 3246 τὸ
709 3193 767 3246 δὲ
828 3193 982 3262 ἅγιον
1028 3193 1281 3265 Πνεῦμα,
1308 3194 1456 3266 ῥῆμα
1486 3193 1580 3247 τοῦ
1609 3194 1743 3248 Θεοῦ
1789 3196 1904 3249 Πα-

2010 3201 2174 3257 semel
2208 3209 2335 3256 sunt
2366 3201 2688 3265 illuminati,
2716 3208 3186 3270 gustaveruntque
3222 3198 3421 3251 donum
3460 3212 3576 3252 cae-

319 3282 459 3353 τρὸς
490 3284 852 3354 ἀνευφημήθη
875 3284 895 3355 )
915 3301 929 3315 ·
954 3284 1235 3356 ἀραρότως
1258 3288 1314 3340 ἓν
1336 3286 1414 3361 τῷ
1441 3286 1593 3340 ὕδατι
1621 3289 1648 3340 ὁ
1673 3289 1907 3360 Χριστὸς

2010 3294 2177 3359 leste,
2213 3303 2268 3346 et
2300 3292 2590 3361 participes
2624 3290 2750 3343 tacti
2803 3298 2929 3343 sunt
2977 3289 3211 3359 Spiritus
3253 3288 3429 3341 sancti
3460 3330 3474 3352 ,
3523 3297 3575 3340 et

321 3376 415 3428 καὶ
451 3375 513 3427 τὸ
539 3374 693 3443 ἆγιον
722 3373 967 3446 Πνεῦμα,
1000 3377 1092 3430 καὶ
1126 3376 1378 3430 οὐδέποτε
1411 3378 1540 3449 παρ’
1570 3378 1746 3432 οὐδενὶ
1776 3380 1904 3437 ἄνευ

320 3465 415 3518 τοῦ
481 3465 836 3535 βαπτιστικοῦ
894 3465 1083 3530 ὕδατος
1132 3469 1160 3519 ό
1210 3468 1441 3537 Χριστὸς
1490 3469 1584 3521 καὶ
1643 3469 1704 3522 τὸ
1751 3470 1906 3538 ἅγιον

322 3556 575 3628 Πνεῦμα.
611 3558 786 3610 Ὅπου
811 3553 904 3610 οὖν
937 3558 998 3610 τὸ
1027 3558 1167 3612 θεῖον
1198 3561 1518 3630 μυστήριον,
1546 3560 1620 3624 ὡς
1651 3561 1744 3614 τοῦ
1773 3561 1904 3615 Υίοῦ

323 3649 415 3704 τοῦ
455 3649 613 3714 Θεοῦ,
652 3648 797 3706 οὕτω
829 3650 922 3705 καὶ
949 3649 1055 3702 τοῦ
1088 3650 1268 3704 θεῖκοῦ
1299 3651 1612 3721 Πνεῦματος
1644 3653 1904 3725 τεθεσμο-

325 3740 570 3811 θέτηται,
599 3742 693 3795 καὶ
721 3742 820 3799 τὴν
849 3741 968 3811 ἴσην
994 3742 1299 3813 μαρτυρίαν
1334 3734 1717 3814 ἀπηνέγκαντο
1739 3745 1906 3814 ἄμφω

326 3832 383 3884 αί
427 3832 696 3903 μακάριαι
741 3833 833 3884 καὶ
882 3832 1191 3896 αὐτοτελεῖς
1229 3834 1587 3898 ὑποστάσεις·
1641 3835 1754 3898 πῶς
1806 3837 1906 3890 οὐκ

327 3922 557 3990 ἀφθονία
594 3924 688 3976 καὶ
734 3921 908 3976 ταῦτα
950 3922 1016 3976 δι’
1052 3921 1379 3987 ἀποδείξεων
1415 3925 1540 3994 περὶ
1585 3919 1681 3994 τῆς
1714 3928 1905 3995 ὀμοου-

330 4013 573 4082 σιότητος
606 4013 786 4066 αὐτῶν
830 4016 1011 4078 ὲστινς
1063 4012 1203 4081 Ἐγὼ
1239 4010 1332 4067 οὗν
1370 4010 1555 4084 οἶμαι,
1590 4016 1663 4078 ὡς
1694 4017 1787 4068 καὶ
1817 4015 1905 4069 διὰ

330 4102 484 4157 τοῦτο
512 4107 591 4166 είς
632 4098 792 4167 οἶνον,
829 4106 919 4157 καὶ
950 4103 1233 4175 κρείττονα
1263 4104 1429 4170 οἴνου,
1464 4105 1525 4158 τὸ
1568 4105 1707 4177 ὕδωρ
1774 4125 1903 4177 μετ-

333 4196 515 4257 έϐαλε,
532 4197 626 4250 καὶ
652 4197 990 4267 εὐφροσύνην
1012 4195 1090 4265 τῷ
1112 4196 1334 4267 γαμικῷ
1355 4196 1554 4268 δείπνῳ
1577 4198 1899 4269 παρέσχετο’

332 4284 664 4355 ἀσυμφανῶς
718 4286 923 4351 διδάξαι
960 4285 1258 4355 βουληθεὶς,
1289 4287 1373 4339 ὅτι
1403 4287 1498 4340 καὶ
1536 4287 1597 4340 τὸ
1633 4286 1773 4358 ὕδωρ
1824 4290 1903 4352 είς

334 4376 599 4431 ἀθάνατον
624 4376 817 4448 χρῆσιν
838 4377 932 4431 τοῦ
958 4377 1328 4447 βαπτίσματος
1358 4377 1643 4448 μετέθηκε,
1700 4379 1793 4431 καὶ
1817 4379 1904 4432 διὰ

333 4467 427 4521 τοῦ
463 4467 831 4538 βαπτίσματος
868 4469 927 4522 τὸ
973 4468 1156 4522 λεῖπον
1186 4468 1286 4536 τῆς
1320 4468 1555 4532 πίστεως
1598 4468 1902 4541 ἀνθρώποις

2006 3383 2204 3438 bonum
2244 3390 2598 3454 gustaverunt
2640 3382 2730 3434 Dci
2775 3381 3041 3446 verbum;
3077 3400 3095 3433 ι
3132 3380 3368 3450 Spiritus
3401 3390 3577 3432 autem

2007 3483 2228 3527 sanctus
2282 3474 2502 3527 verbum
2556 3472 2648 3525 Dei
2696 3470 2871 3529 Patris
2920 3471 3097 3524 dictus
3145 3480 3224 3525 est
3256 3469 3391 3540 (t5).
3436 3472 3501 3521 At
3534 3470 3576 3522 si

2011 3562 2123 3615 lucc
2157 3563 2227 3614 ita
2270 3577 2330 3616 se
2365 3562 2597 3623 habent,
2631 3570 2995 3629 congruenter
3021 3559 3133 3629 (Η)
3172 3560 3222 3612 in
3255 3574 3391 3626 aqua
3419 3560 3573 3612 Chri-

2007 3661 2121 3704 st-us
2142 3689 2158 3714 ,
2195 3661 2249 3703 et
2280 3650 2516 3717 Spiritus
2544 3658 2766 3703 sanctus
2799 3649 3139 3718 intelligitur,
3188 3663 3286 3701 nec
3331 3663 3563 3713 linquant

2008 3743 2122 3797 siue
2153 3756 2292 3809 aqua
2335 3728 2645 3808 haptismali
2676 3739 2725 3790 in
2769 3739 2878 3792 ullo
2919 3739 3136 3793 homine
3176 3739 3384 3791 habitat
3417 3737 3560 3791 Chri-

2007 3839 2157 3894 stus,
2200 3838 2256 3882 et
2292 3826 2526 3897 Spiritus
2570 3834 2810 3879 sanctus.
2858 3826 2991 3880 Cum
3036 3842 3165 3895 ergo
3208 3829 3374 3878 divini
3416 3825 3576 3892 hujus

2010 3922 2250 3992 mysterii
2309 3919 2577 3975 institutio
2629 3920 2770 3973 sicut
2827 3918 2944 3971 Filii
3002 3920 3132 3983 Dei,
3191 3920 3261 3972 ita
3303 3928 3356 3971 et
3412 3921 3575 3972 divini

2010 4015 2247 4084 Spiritus
2278 4028 2400 4069 esse
2432 4014 2644 4067 dicatur
2674 4013 2725 4065 in
2755 4012 3051 4080 Scriptnris
3071 4051 3087 4075 ,
3114 4026 3342 4080 cumque
3375 4013 3576 4081 aequale

2010 4105 2374 4159 testimonium
2407 4107 2620 4172 utrique
2658 4104 2861 4168 hcatm,
2890 4117 2954 4155 ac
2982 4118 3075 4168 per
3101 4117 3158 4157 se
3189 4102 3437 4169 perfect-te
3472 4105 3571 4173 hy-

2012 4197 2213 4267 postasi
2247 4197 2635 4265 perhibeatur:
2671 4195 2794 4261 quis
2831 4210 3028 4261 negare
3065 4203 3273 4264 puli'st,
3309 4197 3576 4248 uberrime

2006 4302 2189 4343 earum
2215 4284 2829 4341 consubstantialitatem
2860 4300 2888 4338 e
2917 4285 3211 4354 Seripturis
3240 4287 3575 4339 demonstra-

2009 4378 2095 4432 ri?
2122 4377 2230 4447 Ego
2259 4378 2424 4447 igitur
2446 4386 2593 4445 puto,
2623 4377 2692 4430 ob
2720 4377 2857 4429 hanc
2889 4377 3050 4429 etiam
3087 4378 3345 4429 rationem
3379 4393 3574 4445 aquam

2007 4469 2060 4523 in
2095 4470 2280 4523 viuum
2303 4507 2318 4531 ,
2346 4478 2401 4522 et
2432 4469 2483 4520 in
2517 4467 2568 4520 id
2597 4510 2610 4533 ,
2637 4467 2778 4533 quod
2811 4467 3000 4520 melius
3028 4479 3144 4520 erat
3175 4470 3297 4521 vino
3318 4509 3331 4525 .
3365 4484 3393 4520 a
3421 4468 3578 4521 Chri-

334 4557 708 4629 άνεπλήρωσε,
761 4558 898 4628 μετὰ
925 4561 1018 4612 τοῦ
1046 4557 1226 4611 θεῐκοῦ
1261 4558 1400 4611 Πνεύ
1410 4576 1597 4629 ματος,
1622 4562 1908 4633 συμφωνίᾳ

2015 4568 2103 4614 sto
2131 4568 2391 4611 mutatam
2415 4573 2555 4623 esse,
2576 4574 2640 4612 ac
2666 4574 2787 4612 eum
2816 4557 3037 4626 nuptiali
3064 4573 3230 4612 t'teuze
3257 4558 3578 4611 hilaritatem

330 4649 421 4704 τοῦ
453 4650 589 4706 Θεοῦ
624 4651 718 4705 καὶ
746 4649 979 4722 Πατρός.
1020 4651 1131 4703 Καὶ
1164 4650 1260 4719 τῆς
1295 4651 1452 4714 σκιᾶς
1487 4640 1595 4722 γὰρ
1623 4651 1715 4704 τοῦ
1756 4650 1900 4705 θείου

398 4809 475 4880 (‘2)
506 4807 739 4880 Momm.
782 4807 985 4880 Voces,
1034 4808 1213 4872 καλῶς
1265 4816 1317 4880 et
1381 4805 1906 4880 Mdipog,_iudi_rare

332 4874 577 4933 videntur
604 4877 795 4943 respici
825 4893 853 4930 a
886 4876 1110 4947 Didyme
1143 4878 1387 4947 adagium
1424 4874 1546 4947 illud
1579 4894 1591 4927 :
1630 4874 1799 4928 Παντὶ
1827 4874 1905 4945 τῷ

331 4948 479 5020 καλῷ
512 4947 700 5020 μῶμος
730 4946 944 5010 ἕπεται,
986 4946 1167 5002 idest:
1210 4967 1227 4997 ι
1256 4946 1523 5020 Quidqpid
1558 4956 1760 5020 rectum
1796 4954 1901 5020 est,

335 5013 749 5087 reprehenSiunc
799 5032 904 5071 non
931 5028 1078 5069 «aret
1109 5036 1119 5069 :
1150 5037 1167 5068 ι
1208 5020 1287 5070 vel
1325 5034 1337 5068 :
1382 5034 1399 5065 ι
1432 5013 1717 5068 Pulchrum
1749 5017 1905 5082 quid-

332 5085 458 5141 libet
484 5087 692 5141 Mutuus
726 5087 1086 5153 persequitur.
1119 5106 1134 5138 ι

399 5157 479 5226 (5)
514 5157 748 5210 Peccavi.
793 5153 923 5209 Lur.
965 5156 1166 5218 xv,18.
1230 5153 1395 5207 Biblia
1431 5168 1524 5222 pro
1551 5155 1630 5215 είς
1686 5153 1747 5206 σὲ
1807 5154 1903 5207 ha-

332 5226 455 5281 hent
516 5226 749 5279 ἐνώπιόν
778 5242 895 5284 σου.
925 5226 973 5277 id
1008 5237 1089 5278 est
1122 5245 1139 5276 ι
1169 5241 1347 5277 coram
1377 5233 1447 5277 te.
1478 5244 1494 5275 ι

402 5297 476 5365 (xi)
499 5296 754 5350 Credidit.
782 5296 952 5349 Exod.
987 5310 1097 5358 xw,
1159 5297 1244 5349 5t.
1300 5291 1510 5348 Biblia:
1580 5292 1903 5345 ἐπίστευσαν

333 5381 428 5432 pro
454 5368 794 5419 ἐπίστευσεν.
1336 5426 1337 5429 η

398 5436 475 5506 (5)
509 5436 713 5492 Omnis.
758 5435 928 5503 lites.
966 5450 1060 5498 xu,
1107 5434 1172 5488 18
1228 5434 1341 5501 (seu
1368 5431 1474 5500 l9).
1511 5432 1722 5486 (litatur
1782 5446 1902 5485 seu.

336 5522 445 5561 SllS.

402 5576 477 5644 (li)
516 5572 576 5627 Et
624 5585 757 5628 erat.
826 5574 1142 5644 Judiravu.
1190 5572 1279 5627 20.
1328 5572 1476 5644 (Duae
1530 5570 1901 5644 VtthlﬂLhtol

337 5639 473 5707 erat,
498 5663 515 5696 ι
550 5661 654 5700 non
691 5653 903 5698 exstant
925 5646 976 5695 in
1005 5643 1208 5705 Bibliis,
1245 5643 1337 5696 sed
1372 5642 1641 5694 adduntur
1674 5655 1703 5692 a
1738 5639 1900 5711 Didy-

339 5728 420 5766 me
448 5716 623 5769 locum
658 5713 969 5768 memoriter
1002 5713 1254 5766 dictante.

406 5785 481 5851 (7)
528 5784 636 5837 Nec
666 5782 1065 5848 intempestivus.
1094 5783 1296 5843 Codex,
1331 5779 1527 5851 κέριον.
1567 5778 1711 5847 Lego
1774 5779 1895 5833 καί·

406 5797 481 5851 (τι)
528 5797 636 5837 ινεε
666 5797 1065 5848 ιηιιηῳεδιιιειιε.
1094 5797 1296 5843 unum,
1331 5797 1527 5904 διεξιόν.
1570 5797 1711 5847 nego
1774 5797 1895 5833 και-

342 5870 472 5920 ριον.
503 5853 633 5910 Vide
661 5865 770 5908 not.
797 5852 891 5913 '50.
924 5867 1044 5921 pag.
1076 5851 1168 5906 57.
1201 5852 1353 5920 Apud
1434 5851 1733 5904 thanasiuui
1766 5863 1897 5917 quo-

2011 4649 2305 4721 praebuisse
2327 4689 2342 4715 ,
2371 4650 2500 4720 quia
2527 4651 2741 4706 occulte
2772 4667 2834 4705 ac
2881 4655 3108 4721 mystice
3146 4653 3338 4705 docere
3384 4652 3576 4717 voluit,

2013 4820 2118 4873 que
2172 4805 2225 4858 in
2278 4805 2537 4873 opusculo
2575 4805 2971 4873 pseudigrapho
3009 4814 3135 4856 tum.
3198 4805 3258 4865 ll,
3297 4820 3417 4869 pag.
3454 4806 3577 4861 560,

2014 4872 2237 4947 legitur;
2259 4872 2822 4947 ἀκεροπερίσπαστοςέ
2861 4891 2957 4943 pro
2987 4874 3576 4947 ἀκαιροπερίσπαστος.

2084 4944 2160 5011 (8)
2196 4943 2445 4998 Paulum.
2481 4943 2633 4998 [{oiii.
2673 4961 2747 5008 vr,
2790 4945 2842 4998 5.

2083 5013 2160 5077 (9t
2203 5013 2426 5067 Lancea.
2463 5014 2635 5066 Simili
2672 5016 2830 5067 modo
2860 5012 3221 5066 Tertulliauus
3252 5014 3302 5065 in
3335 5014 3469 5077 lihru
3506 5013 3579 5065 De

2014 5073 2268 5151 baptismo
2310 5100 2428 5149 cap.
2469 5084 2502 5136 9
2550 5102 2561 5136 :
2603 5103 2619 5133 ι
2660 5084 3081 5152 Nuuquaut(ait)
3107 5084 3223 5135 sine
3253 5099 3389 5151 aqua
3424 5073 3577 5133 (ἶΙιιί-

2013 5162 2127 5209 stus
2159 5191 2171 5203 .
2207 5192 2220 5205 .
2261 5192 2274 5205 .
2330 5152 2457 5206 Cum
2523 5154 2852 5216 vulneratur,
2880 5169 3015 5221 aqua
3048 5157 3112 5204 de
3139 5153 3299 5207 latere
3329 5168 3577 5219 prorum-

2012 5222 2087 5289 pit
2131 5240 2144 5274 :
2180 5222 2284 5273 scit
2321 5223 2500 5276 laurea
2542 5224 2743 5276 uulitis.
2784 5242 2800 5271 ι

2084 5289 2194 5360 (l0)
2237 5290 2446 5344 Omnes.
2507 5291 2522 5343 Ι
2580 5295 2703 5346 Cur.
2750 5308 2801 5353 τ,
2853 5291 3055 5344 5014.
3111 5291 3324 5360 ltililia:
3375 5290 3575 5352 πάντες

2011 5358 2069 5411 τὸ
2095 5358 2100 5360 ⁷
2130 5360 2259 5432 αὐτὸ
2305 5361 2499 5432 βρῶμα
2550 5362 2948 5431 πνευματικόν,
2990 5378 3024 5412 κ
3082 5376 3130 5412 τ.
3170 5358 3216 5411 λ.
3277 5361 3356 5422 Et,
3399 5360 3577 5412 ἔπινον

2013 5446 2107 5497 pro
2147 5430 2317 5482 ἔπιον.

2080 5498 2188 5568 (II)
2234 5499 2297 5551 Et
2332 5518 2526 5553 omnes.
2561 5499 2577 5551 Ι
2607 5501 2728 5554 Cor.
2766 5517 2860 5559 xu,
2892 5500 2976 5551 15.

2080 5570 2191 5634 (12)
2231 5571 2576 5634 Ιιιιμοδειιιὶίρ.
2618 5571 2775 5621 Ilehr.
2816 5586 2885 5629 ιι,
2916 5570 2948 5621 ὁ
2977 5579 3027 5621 et
3064 5568 3115 5624 5.

2081 5640 2191 5707 (Ιό)
2238 5639 2415 5707 Dictus
2444 5653 2537 5692 est.
2577 5639 2768 5705 Ephes.
2806 5656 2877 5699 γι,
2929 5641 3008 5690 17.

2081 5706 2192 5777 (14)
2230 5706 2602 5778 ςρηρνιιεηιεν.
2642 5710 2844 5769 Codex,
2890 5708 3187 5778 ἀρατότως.
3233 5706 3373 5771 Lego
3437 5709 3574 5778 ἀρα-

2014 5775 2205 5846 ρότως.
2243 5775 2467 5831 Videtur
2510 5794 2635 5833 vero
2670 5777 2884 5847 aliquod
2931 5775 3153 5833 verbum
3192 5779 3452 5833 omissum
3480 5775 3576 5835 hic

2009 5852 2174 5903 fuisse
2214 5865 2240 5901 a
2277 5848 2516 5902 librario.
