4134 6460
464 467 569 523 695

1660 468 1889 523 DIDYMI
1928 469 2395 525 ALEXANDRlNl

3596 464 3701 523 696

465 554 612 637 enim
663 579 1000 636 Cbristusn
1032 579 1217 636 Estote
1268 582 1381 654 (29)
1428 583 1699 652 simplices
1744 587 1883 640 sicut
1936 603 2032 641 co-

2152 605 2242 651 τος.
2283 588 2437 639 Ἔστι
2470 586 2579 657 γὰρ
2641 586 2937 655 περιστερὰ
2970 586 3098 655 μιᾶς
3124 583 3216 637 κα)⁸
3245 582 3578 636 ὀκτακοσίων
3606 582 3706 651 ψή-

470 672 683 728 lutnbae.
722 673 915 740 :Quod
970 675 1012 729 si
1065 676 1227 729 etiam
1283 692 1349 730 ex
1396 690 1650 737 numero,
1702 679 1788 744 qui
1825 677 2032 746 colligi-

473 776 558 819 tur
590 780 657 819 ex
691 776 1122 822 commemorata:
1176 767 1410 823 volucris
1448 769 1692 833 nomine,
1739 770 2035 837 adiumen-

471 865 581 906 tum
618 853 830 922 aliquod
861 853 978 925 (30,
1009 855 1240 908 orationi
1297 863 1492 908 nostrae
1523 870 1843 923 comparare
1868 871 2032 923 opor-

471 954 581 1007 tet,
634 945 679 998 is
726 960 938 1014 quoque
993 946 1299 1001 subindicat
1351 945 1791 1015 quodammodo,
1865 947 2036 1014 Spiri-

474 1045 585 1088 tum
640 1044 883 1088 sanctum
939 1052 1058 1090 esse
1119 1036 1689 1104 incircmnscriptum:
1748 1051 1869 1088 nam
1935 1051 2034 1088 vox

473 1127 775 1197 περιστερά
807 1126 963 1196 (quin
1012 1127 1314 1180 columbam
1363 1126 1650 1195 designat)
1680 1126 1821 1180 valet
1857 1126 2034 1179 octin-

475 1227 633 1285 genta
680 1223 733 1270 et
782 1233 942 1270 unum
971 1217 1079 1288 (5|)
1110 1238 1121 1271 :
1155 1216 1244 1286 qui
1278 1233 1537 1272 numerus
1572 1219 1909 1288 signiﬁcatur
1938 1231 2033 1283 per

476 1325 510 1359 α
532 1349 547 1369 ,
576 1318 626 1362 et
654 1326 700 1361 to
726 1327 737 1361 :
767 1309 873 1362 duo
916 1320 1092 1361 autem
1129 1310 1244 1363 haec
1287 1310 1549 1363 elementa
1583 1320 1709 1362 sunt
1742 1308 1952 1378 initium
1985 1316 2041 1362 et

478 1399 601 1453 linis
630 1392 1310 1453 omniumelementorum.
1345 1398 1513 1453 Porro
1544 1401 1802 1453 diluvium
1841 1401 2036 1461 etiam,

482 1487 622 1554 quod
661 1487 917 1541 mundum
957 1503 985 1540 a
1019 1492 1185 1541 veteri
1221 1488 1507 1556 iniquitate
1538 1489 1853 1557 expurgavit
1886 1488 1998 1558 (32)
2021 1525 2039 1552 ,

482 1577 644 1649 265
685 1578 910 1648 mystice
968 1587 1128 1647 atque
1185 1580 1397 1634 occulte
1448 1580 1766 1634 delictorum
1812 1579 2040 1633 munda—

482 1669 677 1723 tinnem
710 1684 738 1722 a
791 1669 969 1722 divina
1000 1668 1207 1738 piscina
1262 1671 1583 1735 faciendam,
1637 1670 2039 1740 quodammodo

478 1760 888 1828 prtenuntiabat.
923 1760 987 1815 Et
1010 1762 1283 1830 arcaipsa,
1306 1778 1423 1829 qua:
1441 1761 1560 1816 illos
1583 1761 1841 1823 servitvit,
1868 1760 1959 1828 qui
1987 1759 2039 1812 in

478 1863 597 1905 eam
629 1847 846 1902 admissi
872 1858 1016 1913 sunt,
1040 1850 1213 1919 imago
1235 1851 1345 1920 (55)
1371 1861 1490 1904 erat
1518 1851 1833 1904 venerandae
1862 1849 2047 1902 Eccle-

2136 694 2258 746 φου,
2300 677 2501 738 αἵτινες
2536 675 2819 745 δηλοῦνται
2856 674 2943 728 διὰ
2980 674 3074 727 τοῦ
3118 664 3263 743 ἄλέρα
3305 672 3399 726 καὶ
3428 689 3503 725 ω’
3540 671 3606 725 τὰ
3648 671 3706 726 δὲ

2137 769 2374 836 στοιχεῖα
2400 764 2573 818 ταῦτα
2618 765 2759 835 ἀρχὴ
2799 764 2895 816 καὶ
2920 764 3072 825 τέλος
3093 763 3229 816 ὅλων
3264 762 3569 831 καθέστηκε
3600 760 3707 814 τῶν

2138 857 2435 927 στοιχείων.
2466 857 2573 909 Καὶ
2602 858 2631 908 ὁ
2655 855 3035 924 κατακλυσμὸς
3062 853 3239 906 τοίνυν
3258 893 3271 915 ,
3294 855 3322 905 ὁ
3346 853 3443 922 τὴν
3470 851 3706 925 ἀρχαίαν

2135 946 2350 1001 ἀδικίαν
2375 944 2690 1016 ἐκκαθάρας
2716 944 2810 997 τοῦ
2836 943 3062 1012 κόσμου,
3083 942 3453 1013 προεφήτευεν
3475 938 3606 1010 [822
3649 930 3725 1009 ιι]

2136 1036 2294 1088 οἱονεί
2318 1051 2433 1097 πως
2462 1033 2945 1103 ὲπικεκρυμμὲνως
2963 1032 3053 1083 τὸν
3080 1029 3187 1084 ἀπὸ
3211 1028 3310 1098 τῆς
3340 1028 3486 1090 θείας
3517 1028 3707 1097 κολυμ-

2139 1124 2348 1196 ϐήθρας
2398 1124 2506 1176 τῶν
2533 1123 2817 1194 ἁμαρτιῶν
2860 1120 3354 1191 καθαρισμόν·,καὶ
3402 1122 3435 1189 ἡ
3481 1113 3718 1181 κιϐωτὸς

2139 1215 2301 1286 αὐτὴ,
2338 1212 2559 1267 σώσασα
2584 1214 2709 1276 τοὺς
2768 1216 2823 1266 ἐν
2898 1215 3030 1282 αὐτῇ
3079 1211 3500 1280 είσφρήσαντας,
3546 1208 3710 1262 εἰκὼν

2139 1306 2237 1374 τῆς
2268 1307 2470 1373 σεπτῆς
2504 1303 2799 1373 ἐτύγχανεν
2835 1302 3158 1372 Ἑκκλησίας
3190 1303 3283 1354 καὶ
3314 1303 3411 1372 τῆς
3462 1302 3709 1355 ἐντεῦθεν

2142 1392 2493 1463 ὑπαρχούσης
2531 1395 2663 1462 ἡμῖν
2691 1392 2901 1462 ἀγαθῆς
2936 1393 3165 1457 ἐλπίδος·
3204 1394 3295 1446 καὶ
3325 1395 3356 1461 ἡ
3394 1391 3708 1462 περιστερὰ,

2142 1484 2332 1538 κλάδον
2360 1484 2544 1547 ἐλαίας
2577 1483 2852 1553 κομίσασα
2884 1487 2941 1536 ἐν
2966 1486 3032 1554 τῇ
3067 1484 3302 1554 κιϐωτῷ,
3345 1484 3439 1536 καὶ
3486 1483 3583 1553 τῆς
3609 1483 3709 1551 γῆς

2140 1576 2237 1644 τὴν
2259 1572 2525 1639 ἀνάδειξιν
2560 1574 2867 1644 μηνύσασα,
2935 1577 3198 1645 ἐσήμαινε
3226 1573 3319 1627 τοῦ
3360 1573 3514 1640 ἁγίου
3546 1572 3711 1625 Πνεύ-

2145 1684 2314 1738 ματος
2344 1666 2442 1737 τὴν
2501 1668 2844 1737 ὲπιφοίτησιν
2879 1667 2971 1719 καὶ
3002 1667 3101 1737 τὴν
3153 1666 3361 1719 ἄνωθεν
3401 1665 3709 1736 διαλλαγὴν·

2145 1758 2411 1829 σύμϐολον
2444 1757 2553 1828 γὰρ
2582 1760 2633 1828 ἡΔ
2674 1757 2830 1810 ἐλαία
2877 1758 2975 1826 τῆς
3027 1759 3271 1827 εἰρήνης.
3324 1756 3483 1809 Ἀλλὰ
3535 1756 3626 1810 καὶ
3673 1758 3707 1824 ή

2144 1849 2350 1920 ἐρυθρὰ
2376 1848 2611 1903 θάλαττα
2638 1846 2990 1918 είσδεξαμένη
3026 1847 3379 1919 Ἰσραηλίτας,
3402 1845 3511 1899 οὔτ’
3536 1846 3711 1900 ὲνδυά-

479 1939 593 2000 sire,
621 1954 685 1993 ac
711 1939 884 2003 bonas,
910 1954 1028 2008 quae
1056 1941 1181 1993 inde
1213 1940 1366 1994 nobis
1390 1949 1492 2001 est,
1521 1940 1655 2008 spei.
1686 1938 1749 1992 Et
1774 1937 2041 2001 columba,

2152 1958 2366 2003 σαντας,
2397 1940 2507 1993 οὔτ’
2525 1941 2610 1994 ἐπ’
2642 1939 2823 2010 ἀδήλῳ
2840 1936 3253 2002 πιστεύσαντας,
3290 1937 3383 1990 καὶ
3411 1937 3521 1989 τῶν
3547 1938 3713 2006 ὲπηρ-

479 2045 597 2099 qua:
620 2044 825 2084 ramum
847 2030 998 2084 oliva:
1024 2031 1074 2083 in
1103 2046 1281 2084 arcam
1309 2030 1444 2088 tulit.
1463 2045 1525 2083 ac
1550 2029 1752 2083 telluris
1783 2027 2044 2081 detectim

483 2135 601 2174 nem
636 2120 908 2182 indicavit,
958 2121 1189 2189 Spiritus
1232 2124 1401 2175 sancti
1444 2121 1728 2174 adventum
1771 2119 2043 2189 signiﬁca-

482 2212 594 2276 bat,
617 2212 997 2280 ccelestemqne
1023 2212 1542 2277 reconciliationem;
1569 2209 1869 2280 symbolum
1898 2211 2043 2263 enim

484 2299 632 2369 pacis
658 2310 740 2355 est
770 2301 906 2356 olea.
941 2301 1080 2368 Quin
1115 2301 1278 2355 etiam
1316 2315 1463 2355 mare
1492 2300 1755 2362 Rubrum,
1794 2299 1933 2366 quod
1956 2313 2048 2354 eos

485 2390 758 2445 Israelitas
784 2392 1021 2460 excepit,
1056 2392 1148 2458 qui
1181 2406 1355 2460 neque
1382 2389 1645 2459 ancipites
1670 2389 1781 2460 (54)
1808 2388 2045 2452 fuerunt,

489 2496 663 2549 neque
687 2481 738 2534 in
768 2483 976 2536 incerto
1011 2483 1380 2546 crediderunt,
1399 2484 1648 2550 quodque
1682 2481 1846 2534 illosa
1873 2479 2048 2544 malis,

485 2587 605 2643 quae
635 2573 762 2643 ipsis
798 2575 850 2628 in
887 2574 1121 2645 Egypto
1147 2590 1175 2629 a
1203 2573 1484 2629 Pharaone
1546 2574 1772 2644 ejusque
1805 2571 2047 2627 exercitu

635 2823 1334 2880 DEVS’RESPONDITVIG
1346 2823 1713 2880 [NTIETVNO

665 2894 1014 2948 VEIlSIllVS‘
1037 2894 1548 2961 QVORVMHOCPB
1561 2893 1624 2947 IN

665 2962 1026 3017 CIPIVMEST

764 3047 1555 3106 ΑΥΤΟΦΥΕΟΑΔΥΔΔΚΤΟΟΛ

769 3121 1595 3175 ΜΗΤυΡΑΟΤΥΛΗΙΚΤΟΟΟΥ

767 3189 1568 3243 ΝΟΜΑΜΗΤΕΛΟΓΩΧΟΡΟΥ

769 3258 1593 3314 ΜΕΝΟΟΕΝΠΥΡΙΝΕΟΝΤΟΥ

770 3328 1521 3383 ΤΟΘΕΟΩΜΙΚΡΑΔΕΘΕΟΥ

772 3398 1426 3454 MEPICANTEAOIHQC

564 3487 1417 3554 NVMQUISPOTESTSVSPICA
1429 3489 1588 3545 ΒΙοΕ

633 3557 1221 3615 IOVEESSEDICTVM
1256 3600 1270 3615 .
1313 3600 1327 3614 .
1373 3599 1387 3613 .
1434 3601 1448 3616 .
1491 3601 1505 3617 .

498 3649 837 3720 lluneporro
854 3651 1091 3707 codicem
1124 3670 1143 3701 ι
1175 3649 1600 3720 insignissimum
1635 3647 1658 3700 ἱ
1686 3647 1878 3703 merito
1900 3657 2056 3720 vocat

496 3718 909 3775 Montl‘auconus
959 3722 1009 3773 in
1065 3720 1247 3774 Diario
1285 3718 1519 3782 'Itab'co,
1570 3733 1802 3785 eumque
1857 3718 2056 3773 saeculo

496 3798 673 3853 sexto,
728 3799 820 3843 aut
868 3790 1096 3855 septimo
1135 3800 1414 3844 exaratum
1455 3789 1585 3843 dicit
1631 3802 1860 3841 :verum
1906 3788 2058 3854 equi-

496 3856 650 3921 dem,
684 3858 785 3912 nisi
830 3862 958 3913 tanti
1004 3859 1104 3913 viri
1150 3862 1471 3913 auctoritate
1509 3859 1834 3920 deterrerer,
1871 3858 2058 3922 quinto

498 3928 674 3998 potius
702 3927 896 3998 saeculo
929 3930 1188 3998 scriptum
1216 3929 1519 3998 arbitrarer
1541 3947 1574 3982 -:
1610 3943 1669 3998 ea
1717 3942 1848 3998 sane
1887 3927 2056 3979 inter-

499 3995 995 4068 punctionissigna
1015 3995 1181 4068 {quae
1212 3997 1445 4052 Isidorus
1477 3996 1807 4068 llispalensis
1855 4010 2056 4068 memo-

498 4074 600 4129 rat,
635 4065 776 4119 nulla
808 4066 876 4120 ibi
902 4064 1231 4131 occurrunt,
1278 4072 1370 4119 sed
1407 4070 1667 4119 duntaxat
1715 4064 1919 4133 virgula
1962 4079 2056 4116 su-

498 4148 668 4205 perne
700 4137 960 4203 apposita,
987 4153 1144 4203 quam
1177 4137 1455 4205 superiore
1482 4136 1534 4187 in
1569 4133 1861 4205 specimiue
1887 4133 2058 4205 lector

497 4202 822 4258 observavit.
856 4207 984 4270 Qtnc
1011 4202 1130 4259 eum
1166 4202 1395 4270 ita'sint,
1429 4206 1550 4271 quis
1580 4202 2058 4271 niiretttr,rcodicis

498 4282 709 4339 quoque
774 4273 1137 4328 Passinueiani
1217 4270 1532 4341 scriptorem
1621 4273 1673 4325 in
1754 4270 2053 4337 hujusniodi

501 4345 688 4394 menda
722 4342 1008 4411 incidisse?
1031 4344 1325 4411 prtesertim
1357 4357 1477 4395 cum
1515 4356 1650 4410 Opus
1681 4343 1846 4395 hocce
1873 4356 1937 4394 ex
1965 4354 2055 4393 ve-

488 4411 811 4481 ‘tustissimis
842 4410 1169 4466 membranis
1196 4412 1521 4481 descriptum
1549 4413 1615 4464 ab
1647 4426 1711 4465 eo
1742 4411 1906 4481 fuisse
1925 4424 2056 4463 con-

492 4477 661 4546 jicere
700 4481 879 4548 liceat,
921 4491 977 4533 ut
1009 4482 1182 4535 dicam
1233 4482 1283 4533 in
1325 4477 1465 4535 notis
1501 4481 1564 4532 ad
1596 4495 1764 4548 segni.
1804 4479 1902 4534 159
1930 4480 1981 4532 b.

570 4548 681 4619 (28)
712 4547 827 4619 Bﬂe
858 4563 1018 4603 caret.
1056 4550 1109 4603 In
1149 4551 1285 4603 libro
1316 4551 1388 4603 De
1429 4547 1703 4619 baptismi},
1748 4565 1867 4616 cap.
1899 4550 1951 4611 8,
1986 4564 2048 4619 ea

2146 2048 2211 2101 τη
2222 2030 2397 2100 μένων
2430 2031 2613 2093 αὐτοῖς
2647 2030 2831 2084 κακῶν
2860 2031 2917 2081 ὲν
2949 2028 3212 2097 Αἰγύπτῳ
3254 2026 3364 2081 sub
3395 2026 3592 2099 Φαραὼ
3622 2025 3718 2080 καὶ

2147 2121 2241 2174 τοῦ
2272 2120 2676 2192 στρατεύματος
2703 2119 2866 2172 αὐτοῦ
2900 2118 3274 2184 ἀπαλλάξασα,
3303 2118 3396 2171 καὶ
3422 2121 3570 2171 πᾶσα
3597 2117 3653 2170 δὲ
3681 2119 3713 2186 ἡ

2153 2210 2405 2274 ὑπόθεσις
2430 2210 2531 2280 τῆς
2565 2210 2674 2263 ἀπὸ
2728 2208 3004 2276 Αἰγύπτου
3052 2208 3232 2261 αὐτῶν
3260 2207 3402 2273 ὁδοῦ,
3439 2207 3607 2270 τύπος
3650 2203 3715 2277 ἦν

2150 2304 2248 2371 τῆς
2301 2304 2359 2356 ἐν
2417 2301 2495 2372 τῷ
2542 2301 2878 2372 βαπτίσματι
2935 2299 3227 2370 σωτηρίας.
3301 2301 3532 2369 Ἐμήνυε
3587 2297 3715 2369 γὰρ,

2152 2394 2421 2461 Αἴγυπτος
2451 2392 2549 2462 μὲν
2574 2392 2665 2444 τὸν
2706 2392 2930 2461 κόσμον,
2957 2393 3015 2445 ὲν
3041 2384 3085 2458 ᾧ
3112 2390 3171 2443 οὐ
3195 2390 3370 2453 καλῶς
3396 2389 3716 2459 βιοτεύοντες

2155 2483 2464 2554 πράττομεν
2492 2481 2697 2545 κακῶς
2716 2485 2744 2536 ό
2767 2482 2823 2535 δὲ
2847 2482 2994 2546 λαὸς,
3024 2483 3149 2547 τοὺς
3180 2482 3273 2536 νῦν
3304 2482 3696 2553 φωτιζομένους

2155 2575 2225 2629 τὰ
2252 2575 2308 2628 δὲ
2349 2574 2536 2637 ὕδατα,
2595 2574 2985 2645 μεσιτεύσαντα
3012 2574 3092 2645 τῷ
3128 2574 3241 2645 λαῷ
3266 2574 3363 2645 τὴν
3400 2574 3717 2644 ἀσφάλειαν,

2157 2844 2274 2881 rum
2300 2828 2466 2894 vocis,
2496 2829 2809 2899 περιστερά,
2841 2828 3009 2897 prima
3035 2827 3205 2881 littera
3226 2847 3268 2899 π
3288 2828 3425 2899 valet
3446 2842 3608 2891 Lxxx,
3639 2826 3721 2880 al-

2158 2908 2268 2950 tera
2298 2913 2354 2961 γ,
2383 2905 2437 2950 et
2477 2899 2548 2951 ita
2571 2896 2747 2966 'porro
2784 2915 2797 2948 :
2841 2907 2897 2950 ut
2939 2899 3152 2951 tandem
3192 2896 3458 2953 eiiicialur
3506 2913 3713 2950 summa

2155 2967 2584 3035 octingentorum
2616 2977 2670 3019 et
2700 2971 2858 3020 unius
2887 2985 2899 3018 :
2933 2968 3021 3035 qui
3053 2982 3309 3020 numerus
3335 2966 3600 3035 eduobns
3632 2966 3719 3017 iti-

2156 3036 2275 3087 dem
2302 3034 2580 3089 eletnentis
2602 3052 2638 3088 α
2660 3046 2711 3087 et
2731 3054 2776 3088 ω
2796 3034 2985 3103 magno
3009 3036 3165 3089 simul
3193 3034 3419 3103 sumptis
3444 3034 3719 3103 coalescit.

2159 3104 2412 3173 Didymus
2443 3120 2602 3173 porro
2646 3106 2757 3158 haec
2790 3102 3083 3171 sumpsisse
3130 3106 3337 3158 videtur
3381 3120 3449 3157 ex
3499 3102 3721 3162 Irenaeo.

2157 3175 2247 3239 qui
2280 3180 2456 3227 tamen
2502 3190 2562 3226 ea
2601 3189 2704 3228 non
2745 3190 2807 3226 ex
2846 3176 3084 3242 pr0pria,
3131 3176 3222 3227 sed
3270 3189 3336 3227 ex
3371 3173 3720 3226 delirantium

2083 3252 2124 3309 (ς
2160 3242 2535 3296 haereticorum
2595 3244 2860 3295 sententia
2911 3244 3017 3297 seri
3062 3253 3223 3296 serat.
3273 3243 3462 3311 Capite
3508 3242 3721 3307 quidem

2161 3311 2231 3365 M
2291 3312 2446 3380 primi
2483 3311 2606 3383 libri
2666 3329 2680 3365 :
2741 3331 2759 3364 ι
2799 3312 2967 3377 Quem
3021 3259 3234 3383 {inquiti
3291 3327 3410 3365 cum
3443 3310 3506 3363 ad
3534 3310 3721 3383 diapl'i-

2161 3311 2231 3365 M
2291 3312 2446 3380 primi
2483 3311 2606 3366 libri
2666 3329 2680 3365 :
2741 3331 2759 3364 ι
2799 3312 2967 3377 Quem
3021 3310 3234 3380 (inquit)
3291 3310 3410 3365 cum
3443 3310 3506 3363 ad
3534 3310 3725 3377 diapl'i-

2158 3396 2331 3436 smuin
2390 3382 2727 3435 accessisset.
2785 3381 3042 3435 columbte
3103 3384 3392 3434 descensus
3446 3381 3725 3448 perspicue

2157 3451 2410 3512 ostendit,
2458 3466 2579 3519 qua:
2614 3452 2824 3518 quidem
2864 3459 2944 3504 est
2981 3468 3027 3502 ω
3055 3459 3109 3503 et
3133 3467 3199 3519 να.
3252 3449 3585 3519 ΙΙιιῙιιςπίιιιὶιιι
3628 3466 3726 3519 ιιιι-

2160 3534 2338 3571 merus
2366 3531 2450 3573 est
2479 3517 2646 3573 unum
2687 3529 2739 3572 et
2769 3519 3072 3585 octingenta
3121 3518 3345 3587 (Grrrce
3380 3535 3393 3571 :
3423 3517 3543 3586 ἥτις
3574 3518 3723 3572 ἐστὶν

2156 3607 2201 3640 ω
2244 3588 2336 3641 καὶ
2378 3591 2516 3659 α’ίὸ
2563 3589 2674 3659 γὰρ
2715 3587 3180 3659 ἁριΟμὸςᾼαύτῆς,
3224 3588 3464 3659 μίακαὶ
3501 3587 3726 3659 ὀζτακό-

2159 3658 2329 3725 σιαι).
2376 3677 2393 3707 ι
2436 3654 2789 3725 (Ζ.ιι)ἰιι>”νειὸ
2823 3654 3064 3720 proxime
3098 3654 3341 3724 sequenti
3381 3672 3395 3707 :
3449 3676 3467 3707 ‹
3525 3656 3723 3709 Eodem

2160 3730 2318 3779 modo
2361 3727 2609 3780 Carisius
2659 3736 2861 3794 septem
2912 3725 3211 3779 litterarum
3259 3737 3342 3779 est
3386 3764 3400 3778 .
3446 3762 3461 3777 .
3504 3762 3518 3777 .
3551 3728 3725 3791 Atque

2159 3797 2259 3849 bac
2294 3796 2506 3849 ratione
2551 3796 2666 3861 ipse
2711 3810 2770 3849 se
2810 3794 2938 3847 dicit
2971 3812 3026 3861 α,
3066 3806 3116 3848 et
3159 3812 3223 3861 ω,
3258 3803 3315 3848 ιιι
3368 3795 3722 3865 περιστεράν,

2159 3866 2208 3917 id
2245 3871 2349 3930 est,
2401 3865 2703 3918 columbam
2757 3865 2955 3918 indicet
3001 3883 3014 3918 :
3070 3865 3214 3919 hunc
3259 3866 3401 3917 enim
3444 3880 3725 3916 numerum

2158 3934 2317 3987 habet
2349 3936 2460 3987 brec
2486 3934 2619 3986 avis.
2661 3952 2678 3985 ι
2731 3936 2806 3986 Ac
2836 3942 2955 4000 post
2983 3935 3241 3987 Irenaeum
3279 3931 3640 3987 Tertullianus
3671 3933 3720 3985 in

2158 4002 2294 4073 libro
2334 4003 2408 4056 De
2458 4004 2934 4073 prescriplionibtts
2971 4004 3350 4073 iuvencorum
3411 4016 3527 4068 Cap.
3582 4000 3653 4055 50
3708 4019 3723 4056 :

2162 4071 2430 4127 (Marcus
2484 4071 2699 4140 quidam
2750 4071 2988 4140 (inquit)
3042 4082 3096 4125 et
3167 4071 3495 4126 Colarbasus
3529 4085 3721 4123 novam

2161 4141 2404 4210 liazresim
2437 4157 2501 4193 ex
2537 4141 2845 4195 Graecorum
2877 4141 3163 4207 alpliabeto
3198 4148 3583 4210 componentes
3611 4176 3673 4210 ._.
3710 4176 3725 4190 .

2157 4209 2382 4279 Propter
2427 4211 2565 4267 hanc
2599 4212 2738 4265 enim
2766 4225 2981 4264 causam
3000 4209 3280 4279 _Cbristum
3318 4207 3534 4263 dixisse:
3560 4226 3576 4257 ι
3614 4207 3726 4275 Ego

2156 4276 2279 4333 suni
2323 4296 2358 4333 α
2406 4291 2461 4335 et
2504 4298 2567 4335 ω.
2630 4299 2649 4331 ›
2706 4281 2939 4345 Denique
2994 4276 3176 4331 Jesum
3209 4279 3478 4333 Christum
3509 4279 3728 4331 desceno

2158 4350 2328 4413 disse,
2377 4350 2429 4403 id
2479 4361 2581 4415 est,
2625 4350 2927 4404 columbam
2988 4349 3040 4400 in
3089 4347 3272 4402 Jesum
3317 4351 3552 4409 venisse,
3608 4362 3727 4415 quae

2157 4418 2345 4473 Grieco
2377 4420 2591 4474 nomine
2626 4435 2744 4473 cmn
2787 4416 3088 4488 περιστερά
3116 4418 3490 4488 pronuntietur
3511 4417 3732 4488 ,_liabct

2157 4490 2452 4543 secundum
2486 4504 2790 4552 numerum,
2841 4483 3058 4541 DCCCI.
3098 4505 3118 4538 ι
3153 4485 3331 4541 Simili
3360 4487 3516 4538 modo
3541 4483 3730 4539 Hiero-

2159 4573 2351 4630 nymus
2381 4558 2474 4611 lib.
2506 4574 2543 4611 ιι
2580 4559 2630 4612 in
2665 4557 3128 4630 Zachariamcap.
3167 4555 3219 4612 8.
3250 4555 3449 4630 scribit
3476 4572 3497 4630 :_
3523 4573 3541 4605 ι
3580 4553 3730 4620 Quod

500 4612 1138 4694 scripsitnTet‘tu‘l‘lianns,
1161 4636 1309 4694 _qi_t:ie
1349 4621 1433 4694 bis
1475 4612 1827 4694 aliquantulm
1856 4618 2049 4672 similia

2157 4612 2338 4682 autem
2374 4643 2656 4681 numerum
2692 4638 2898 4694 septem
2936 4612 3161 4678 millium
3196 4626 3261 4677 ad
3295 4612 3728 4694 Christianorum

501 4699 645 4741 sunt.
676 4687 857 4759 r'l‘tmc
893 4688 980 4743 ille
1002 4689 1375 4745 sanctissimus
1402 4689 1653 4759 Spiritus,
1685 4690 1878 4758 inquit.
1922 4727 1936 4741 .
1980 4723 1997 4740 .
2039 4727 2053 4741 .

500 4771 665 4823 super
699 4758 945 4825 baptismi
999 4774 1203 4826 aquas,
1252 4758 1501 4828 tanquam
1547 4760 1826 4828 pristinam
1876 4759 2056 4810 sedem

506 4841 913 4896 recpgnnsceus,
947 4828 1302 4896 conquiescit,
1329 4827 1591 4883 columbas
1617 4827 1780 4887 figura
1811 4827 2059 4893 delapsus

505 4895 557 4946 itt
587 4893 893 4967 Dominum,
928 4908 977 4950 ul
1015 4893 1202 4951 natura
1230 4898 1461 4966 Spiritus
1487 4899 1657 4952 saneti
1693 4897 2058 4950 declarareur

504 4979 597 5031 per
617 4965 814 5018 animal
846 4968 1223 5036 simplicitatis,
1252 4965 1305 5022 et
1337 4969 1697 5036 innocentiae;
1727 4967 1866 5034 quod
1896 4967 2058 5019 etiam

502 5035 857 5104 corporaliter
915 5035 1028 5104 ipso
1080 5039 1198 5091 l‘elle
1246 5048 1432 5092 careat
1489 5035 1750 5090 columba.
1805 5035 2056 5101 Ichque,

508 5120 528 5153 α
562 5103 764 5167 l'lstolc,
806 5122 825 5156 ι
859 5103 1050 5174 inquit,
1080 5125 1098 5156 ι
1131 5107 1419 5173 simplices,
1446 5108 1585 5159 sicut
1605 5104 1884 5159 columbae.
1914 5123 1931 5155 ι
1960 5105 2061 5174 Cy-

506 5176 722 5244 prianus
751 5189 962 5244 quoque
993 5179 1044 5228 in
1080 5175 1217 5228 libro
1251 5176 1321 5227 De
1360 5177 1556 5228 unitate
1585 5174 1839 5244 Ecclesia:
1860 5174 2060 5244 colum-

502 5241 625 5294 bam
664 5254 820 5297 vocat
860 5241 889 5296 ι’
918 5244 1112 5297 animal
1146 5261 1247 5296 non
1285 5245 1406 5298 felle
1444 5258 1706 5297 amarum.
1746 5262 1765 5294 ι
1804 5243 1869 5296 Ει
1912 5243 2061 5296 Ruti-

504 5318 609 5363 nus‘
650 5312 704 5362 iu
736 5315 994 5379 psalmum
1026 5328 1169 5367 van
1223 5314 1415 5367 similia
1448 5314 1629 5369 habet.

574 5380 687 5446 (29)
730 5383 928 5435 Eslote.
963 5383 1146 5436 Matth.
1198 5399 1250 5447 Χ,
1287 5383 1372 5437 16.

577 5450 691 5521 (39)
733 5452 977 5521 Aliquod.
1016 5452 1242 5506 Vocibus
1270 5452 1393 5515 illis,
1422 5470 1440 5502 ι
1472 5449 1707 5521 aliquod,
1732 5451 2060 5517 subindicat,

504 5520 921 5591 quodammodo,
956 5541 976 5573 ι
1009 5538 1111 5575 non
1141 5522 1321 5591 magni
1344 5538 1401 5575 se
1432 5522 1607 5574 facere
1637 5520 1774 5575 hanc
1802 5522 2060 5575 rationem

508 5588 1398 5662 manifestoostenditiDidyinus:
1441 5607 1505 5644 ac
1553 5591 1744 5662 merito
1785 5593 1999 5662 quidem
2046 5611 2059 5645 :

505 5670 631 5727 nam
662 5668 716 5711 et
757 5660 943 5727 frigida
991 5661 1122 5716 satis
1156 5658 1256 5720 esu,
1302 5671 1355 5713 et
1388 5678 1450 5714 cx
1484 5661 1695 5714 turbido
1723 5661 1885 5714 etiam
1917 5658 2064 5716 fonte

504 5725 1010 5795 derivataﬂvnletur,
1045 5739 1102 5787 ut
1145 5748 1266 5784 mox
1302 5732 1497 5785 dicam.
1876 5766 1888 5777 ι

577 5794 691 5864 (51)
732 5794 1037 5864 Qetingeuta
1082 5811 1127 5851 et
1176 5816 1354 5852 unum.
1391 5800 1430 5853 lt]
1459 5800 1648 5853 Gnece
1688 5797 1753 5852 ad
1792 5798 2013 5851 verbum
2046 5818 2059 5854 :

506 5879 531 5915 α
568 5862 650 5920 cet
687 5862 1011 5920 calculo—rum
1052 5870 1479 5937 octingentorum
1511 5882 1564 5923 ct
1605 5870 1781 5923 unius.
1828 5886 1847 5919 ι
1894 5866 2063 5924 Nimi-

2160 4714 2354 4751 nomen
2391 4697 2625 4750 diximus
2658 4693 2946 4764 pertinere.
2987 4706 3212 4763 supputa
3249 4694 3435 4748 Grmce
3470 4693 3731 4756 ὲπτάκεις

2159 4767 2382 4837 χιλίους,
2416 4776 2471 4819 et
2494 4766 2872 4836 Χριστιανούς,
2903 4776 2955 4818 et
2985 4764 3233 4837 eumdem
3261 4779 3561 4827 numerum,
3588 4780 3731 4837 stun-

2162 4834 2412 4905 iiiamque
2447 4834 2702 4905 reperies,
2741 4837 2790 4889 id
2822 4844 2924 4898 est,
2959 4835 3106 4888 mille
3151 4842 3446 4903 nongentos
3489 4834 3725 4897 quadra—

2161 4908 2304 4974 ginta
2341 4916 2395 4958 et
2431 4922 2614 4957 ttuutu.
2653 4924 2672 4956 ι

2233 4977 2344 5045 (52)
2378 4976 2724 5045 Expurgarit.
2770 4972 3143 5045 Tertullianus
3178 4971 3317 5045 libro
3362 4971 3436 5045 De
3473 4971 3729 5045 baptismo

2163 5041 2280 5111 cap.
2323 5046 2399 5099 8:
2441 5041 2471 5095 «⁷
2525 5043 2654 5098 Post
2722 5059 2890 5113 aquas
2964 5042 3145 5094 diluvii
3225 5042 3471 5114 (inquit)
3540 5041 3734 5108 quibus
3800 5044 3801 5047 “

2165 5115 2419 5183 iniquitas
2462 5115 2680 5181 antiqua
2720 5122 2942 5182 purgata
2981 5120 3086 5177 est,
3139 5113 3257 5179 post
3290 5113 3638 5182 baptismum,
3675 5119 3730 5163 ut

2164 5184 2233 5237 ita
2265 5186 2515 5247 dixerim,
2554 5184 2756 5245 mundi,
2805 5202 2822 5230 ι
2860 5194 2965 5234 etc.
3380 5183 3394 5197 '

2234 5253 2345 5320 ('55)
2369 5254 2570 5320 Imago.
2604 5253 2833 5305 Constat
2869 5252 2918 5302 id
2956 5265 3029 5320 ex,
3054 5249 3198 5303 Petri
3235 5250 3560 5320 testimonio.
3594 5267 3612 5299 ι
3644 5249 3736 5300 Ar-

2163 5318 2366 5389 ca'tVoe
2390 5318 2589 5391 (inquit
2618 5321 2980 5391 Hieronymus
3022 5319 3122 5391 lib.
3142 5332 3323 5372 contra
3361 5318 3725 5386 Luciferiunos

2164 5387 2284 5462 pag.
2328 5393 2448 5455 195,
2487 5387 2585 5446 ἐιι.
2647 5387 2864 5462 νει-ωιζ)
2925 5387 3176 5462 Ecclesiae
3204 5400 3360 5462 typus
3384 5391 3499 5462 t'nit,
3525 5392 3735 5442 dicente

2166 5456 2323 5514 i’eiro
2369 5461 2625 5530 Apostolo
2655 5477 2666 5510 :
2706 5479 2722 5511 t
2756 5461 2808 5513 Ιιι
2845 5456 2968 5512 arca
3020 5456 3132 5512 Noe
3164 5456 3340 5524 pauci,
3384 5460 3433 5511 id
3468 5467 3573 5530 (est
3607 5470 3728 5510 orto

2165 5532 2357 5583 animm
2404 5529 2565 5585 salvae
2593 5532 2746 5584 factm
2775 5540 2901 5582 sunt
2937 5542 3035 5597 per
3058 5544 3252 5597 aquam
3290 5545 3303 5579 :
3334 5529 3476 5595 quod
3507 5539 3563 5597 et
3625 5540 3725 5579 nus

2167 5616 2305 5651 nunc
2336 5603 2527 5654 similis
2566 5601 2750 5653 fornae
2780 5596 3044 5665 baptisma
3092 5596 3266 5651 salvos
3308 5598 3454 5651 fecit.
3499 5616 3516 5649 ι
3552 5596 3735 5665 Itaque

2167 5671 2531 5725 'l‘ertullianus
2560 5687 2680 5738 cap.
2734 5672 2765 5722 8
2813 5663 2931 5721 libri
2987 5668 3060 5720 De
3102 5666 3358 5736 baptismo
3408 5669 3532 5720 ait:
3594 5684 3614 5719 ι
3649 5663 3734 5719 tibi

2168 5739 2405 5792 Ecrlesia
2432 5751 2515 5793 est
2545 5754 2667 5793 arca
2706 5739 2953 5805 ﬁgurata.
2989 5756 3006 5787 ι

2238 5809 2348 5879 (Si)
2386 5810 2667 5877 Ancipites.
2696 5803 2824 5863 Vide
2856 5817 2963 5862 not.
3000 5806 3050 5872 5,
3087 5818 3205 5874 pag.
3237 5803 3363 5857 252.
