4134 6414
341 480 444 535 697

1365 481 1448 534 DE
1487 482 1860 537 'I‘RINITATE
1901 483 2097 538 LIBElt
2138 485 2521 543 SECUNDUS.

3465 491 3567 550 698

343 591 528 660 ἐδήλου
565 588 625 640 τὸ
664 586 965 656 βάπτισμα·
1006 591 1034 642 6
1077 587 1134 641 δὲ
1198 589 1396 661 Φαραὼ
1435 591 1529 643 καὶ⁸
1580 593 1629 644 οἱ
1676 592 1901 656 ὁπλῖται,

2018 593 2388 655 itntninebanl,
2447 596 2713 659 liberavit,
2763 609 2928 667 alque
2961 599 3094 653 adeo
3136 607 3242 654 luta
3280 599 3418 667 fuga:
3455 603 3565 658 illo-

342 680 430 731 τὸν
460 674 635 728 Σατάν
693 676 945 738 καὶτοὺς
991 676 1268 747 ὑπηρέτας
1314 678 1498 730 αὑτοῦ·
1541 681 1779 750 Μωῦσῆς
1825 682 1902 745 δὲ,

341 771 405 837 τῇ
442 766 621 837 ῥάϐδῳ
647 765 708 818 τὸ
742 766 937 835 πικρὸν
985 765 1126 837 ὕδωρ
1185 768 1454 838 χρήσιμον
1505 771 1756 837 ποιήσας,
1799 789 1899 824 σω-

341 856 849 927 τηρίανσκαθολικὴν
903 858 1289 927 προηγόρευεν.
1345 859 1514 922 Αὐτὸς
1576 862 1683 932 γὰρ
1738 862 1905 916 τύπον

339 949 530 1017 ἔφερεν
570 946 663 1000 τοῦ
719 948 973 1018 Χριστοῦ·
1018 948 1132 1017 ἠδὲ
1169 948 1382 1018 ῥάϐδος,
1430 950 1523 1002 τοῦ
1553 951 1807 1021 σταυροῦ
1846 953 1907 1005 τὸ

338 1038 394 1090 δὲ
424 1037 617 1107 πικρὸν
651 1036 816 1107 ὕδωρ,
862 1037 953 1089 τοῦ
1001 1038 1382 1106 εὐλογηθέντος
1438 1040 1623 1103 ὕδατος
1670 1042 1771 1110 τῆς
1817 1059 1906 1094 κο-

336 1126 675 1197 λυμϐήθρας.
717 1126 811 1180 τοῦ
840 1127 1176 1197 δυσχρήστου
1202 1127 1300 1197 μέν
1334 1145 1460 1181 ποτε
1514 1130 1768 1197 φανέντος
1793 1132 1905 1194 τοῖς

334 1219 605 1280 ἀπίστοις,
640 1218 952 1288 εὑρεθέντος
973 1218 1029 1270 δὲ
1057 1221 1168 1281 τοῖς
1195 1222 1401 1284 πιστοῖς
1431 1222 1510 1284 είς
1562 1223 1741 1274 πᾶσαν
1776 1222 1906 1274 ἀνά-

333 1307 512 1377 ψυξιν,
546 1310 638 1362 καὶ
689 1327 707 1358 ι
770 1309 855 1372 Ὠς
886 1309 1071 1380 δρόσος
1116 1308 1383 1379 Ἀερμὼν,
1429 1313 1461 1381 ἡ
1511 1313 1904 1367 καταϐαίνουσα

333 1397 426 1448 ἐπὶ
458 1396 531 1449 τά
567 1396 667 1467 ὅρη
709 1396 866 1451 Σιών.
910 1417 929 1450 ι
988 1398 1179 1450 Δίδωσι
1250 1401 1307 1453 δὲ
1346 1402 1475 1471 ἡμῖν
1512 1403 1590 1464 εἰς
1626 1403 1784 1455 τοῦτο
1815 1405 1905 1455 εὑ-

254 1562 257 1565 _
335 1488 531 1556 πορίαν
557 1489 862 1559 μαρτυρίας
885 1492 978 1543 καὶ
1013 1493 1045 1562 ἡ
1077 1493 1258 1562 βίϐλος
1309 1494 1416 1547 τῶν
1454 1494 1769 1558 Βασιλειῶν,
1810 1497 1904 1548 καὶ¹

332 1578 468 1649 αὑτὴ
491 1580 547 1629 ἐν
578 1577 705 1649 (12.2
730 1579 781 1651 ὁ]
804 1582 1096 1654 ἀπορρήτῳ
1123 1585 1191 1638 τὰ
1218 1586 1377 1653 ὃμοια
1398 1585 1507 1637 τῶν
1533 1586 1903 1656 προκειμένων

334 1669 725 1738 ὑποφαίνουσα,
777 1673 833 1725 ἐν
867 1675 1020 1744 ῥήσει
1052 1676 1146 1727 καὶ
1178 1675 1432 1729 ὑποθέσει
1457 1678 1522 1745 τῇ
1553 1677 1904 1746 ὑπογεγραμ-

333 1760 492 1834 μένη
526 1780 545 1811 ‹
619 1762 936 1830 Ἐλισσαῖος,
995 1768 1188 1836 φησὶν,
1217 1768 1488 1838 ἐπορεύθη
1535 1769 1650 1838 μετ’
1700 1767 1899 1820 αὐτῶν·

331 1851 424 1904 καὶ
465 1848 628 1921 ἦλθον
657 1855 733 1916 είς
783 1855 872 1910 τὸν
909 1856 1200 1926 Ἰορδάνην,
1259 1861 1353 1912 καὶ
1397 1859 1620 1928 ἔτεμνον
1647 1859 1715 1911 τὰ
1743 1858 1894 1924 ξύλα.

2009 699 2122 735 rntn
2165 698 2231 736 ex
2273 683 2508 754 [Egypto
2554 686 2803 752 historia,
2850 697 3004 758 typus
3050 699 3165 742 erat
3197 690 3310 761 (55)
3358 691 3567 758 salutis,

2006 791 2167 840 quant
2204 776 2256 827 itt
2296 776 2561 844 baptismo
2585 765 2986 846 consequimur.
3021 778 3300 844 Significat?
3323 790 3380 834 at
3423 761 3579 836 enim.

2016 866 2275 934 Egyptus
2304 866 2519 934 quidem
2552 868 2827 931 tnttndtttn,
2856 869 2907 921 itt
2939 884 3068 936 quo,
3103 870 3204 923 nisi
3237 881 3381 925 recte
3421 873 3567 924 viva-

2008 957 2324 1019 ti:11.~‘,ltt:tle
2377 958 2654 1011 nobiscum
2702 961 2907 1028 agitur;
2966 962 3186 1029 p0pnlus
3229 972 3403 1016 autem
3451 981 3565 1031 eas,

2005 1044 2094 1105 qui
2126 1042 2394 1107 baptismo
2432 1059 2573 1095 nunc
2604 1045 3017 1112 illttntittantttr;
3050 1064 3201 1116 aqua:
3254 1065 3402 1115 vero,
3448 1068 3565 1120 qua}

2007 1130 2202 1198 pnpuln
2251 1133 2559 1186 securitatis
2596 1134 2760 1187 veluti
2796 1138 3140 1192 mediatrices
3172 1137 3410 1205 fuerunt,
3481 1143 3567 1194 ba.

2006 1219 2258 1287 ptismtttn
2285 1224 2667 1291 designabant;
2720 1223 2932 1280 Pharao
2974 1237 3173 1289 autem,
3221 1243 3283 1281 ac
3327 1230 3520 1285 milites
3547 1272 3562 1294 ,

2008 1310 2281 1371 Satanam,
2315 1311 2536 1380 ejusque
2569 1313 2872 1377 ministros;
2899 1315 3109 1383 Moyses
3128 1330 3274 1378 vero,
3306 1317 3393 1383 qui
3422 1332 3568 1369 anta-

2008 1415 2119 1452 ram
2149 1398 2258 1469 (36)
2287 1416 2478 1468 aquam
2510 1404 2659 1471 virga
2692 1404 2873 1456 utilem
2903 1404 3046 1470 fecit,
3073 1406 3296 1459 salutem
3343 1409 3559 1460 univer-

1990 1486 2172 1541 .salem
2246 1489 2658 1554 praenttntiabat.
2730 1491 2844 1558 Ipse
2911 1494 3052 1546 enim
3111 1507 3290 1563 typum
3348 1499 3566 1566 gerebat

2003 1573 2238 1636 Christi;
2301 1575 2441 1641 virga
2516 1592 2662 1638 vero,
2711 1580 2926 1644 crucis,
2969 1596 3104 1649 aqua
3152 1594 3332 1636 autem
3380 1601 3563 1640 amara

2006 1664 2337 1718 benedictum
2398 1666 2620 1732 piscina:
2677 1683 2868 1736 aquam
2931 1674 3413 1736 praemonstrabat:
3450 1690 3567 1743 qua:

2004 1772 2140 1823 aqua
2171 1757 2377 1811 inutilis
2407 1759 2623 1827 quidem
2663 1759 2952 1828 aliquando
2978 1762 3093 1814 visa
3118 1771 3201 1817 est
3237 1763 3565 1831 inﬁdelibus,

2007 1847 2250 1902 fidelibus
2273 1863 2404 1901 vero
2435 1850 2582 1901 utilis
2604 1852 2668 1901 ad
2691 1864 2905 1904 Omnem
2937 1851 3398 1921 refrigerationem
3427 1869 3569 1908 cout-

330 1939 441 1992 Καὶ
472 1941 582 1995 ἰδοὺ
612 1945 641 1996 ὁ
678 1939 757 2005 εἷς
780 1944 855 2007 ὡς
889 1922 1213 1999 καταϐάλλει
1251 1946 1346 2015 τὴν
1369 1922 1544 2007 δοκὸν,
1566 1946 1626 1998 τὸ
1662 1922 1898 2015 σιδήριον

2004 1948 2148 2007 perta
2165 1949 2266 2005 est,
2296 1948 2351 1993 et
2376 1958 2394 1990 ‹
2421 1938 2696 2008 Tanquam
2734 1942 3067 1995 rosAermon
3102 1942 3210 2011 (ὅτ)
3240 1943 3568 2000 descendens

330 2027 589 2095 ἐξέπεσεν
622 2033 700 2094 είς
732 2033 791 2085 τὸ
817 2032 980 2105 ὕδωρ·
1017 2035 1111 2087 καὶ
1146 2034 1457 2105 ἀνεϐόησεν·
1479 2031 1549 2087 Ὦ
1594 2033 1768 2105 κύριε·
1806 2034 1899 2087 καὶ

328 2120 460 2173 αὐτὸ
514 2123 866 2193 κεχρημένον.
916 2126 1026 2177 Καὶ
1046 2120 1194 2178 εἶπεν
1220 2128 1248 2179 ὁ
1289 2124 1571 2197 ἄνθρωπος
1599 2125 1692 2178 τοῦ
1741 2125 1896 2178 Θεοῦ·

330 2211 440 2265 Ποῦ
475 2211 698 2276 Enecat);
736 2215 844 2267 Καὶ
896 2215 1165 2280 ἐπέδειξεν
1222 2217 1369 2286 αὐτῷ
1418 2218 1507 2269 τὸν
1553 2219 1735 2273 τόπον.
1790 2219 1900 2271 Καὶ

328 2302 607 2355 ἀπέκλασε
667 2302 839 2366 ξύλον,
867 2305 961 2358 καὶ
989 2305 1211 2376 ἔρριψεν
1254 2308 1384 2360 αὐτὸ
1410 2310 1541 2371 ἐκεῖ,
1579 2311 1672 2362 καὶ
1699 2309 1899 2363 ἐπεπό-

328 2389 460 2443 λασε
518 2392 580 2442 τὸ
611 2391 866 2462 σιδήριον·
899 2394 993 2445 καὶ
1017 2390 1187 2447 εἶπεν·
1236 2395 1485 2464 ’Ύψωσον
1517 2398 1744 2468 σεαυτῷ.
1794 2399 1901 2452 Καὶ

330 2482 566 2546 ἐξέτεινε
626 2482 726 2551 τὴν
757 2485 913 2553 χεῖρα
939 2485 1124 2549 αὑτοῦ,
1180 2487 1274 2539 καὶ
1319 2487 1507 2541 ἔλαϐεν
1523 2489 1673 2542 αὑτό.
1700 2510 1718 2541 ι
1750 2491 1901 2560 Ἐδη-

329 2570 492 2623 λοῦτο
530 2570 655 2641 γὰρ.
689 2571 776 2624 διὰ
821 2573 919 2642 μὲν
964 2575 1264 2628 Ἐλισσαίου
1305 2577 1399 2630 τοῦ
1455 2577 1743 2649 ἀνθρώπου
1804 2581 1899 2634 τοῦ

330 2658 468 2711 Θεοῦ
501 2658 593 2711 τοῦ
622 2659 944 2730 πυθομένου,
979 2682 996 2713 ι
1030 2662 1140 2715 Ποῦ
1190 2665 1443 2729 ἐξέπεσεν
1500 2668 1533 2736 ή
1580 2668 1735 2739 ἀξίνη
1764 2685 1779 2732 ;
1828 2689 1845 2721 ι
1871 2671 1900 2722 6

331 2747 474 2817 μετά
533 2748 839 2817 ἀνθρώπων
889 2752 1180 2821 γενόμενος
1229 2754 1381 2818 Θεὸς,
1429 2758 1459 2809 6
1508 2756 1671 2811 πάλαι
1707 2759 1895 2812 εἰπών’

338 2857 356 2888 ι
410 2839 599 2910 Ἀδὰμ,
626 2840 726 2893 ποῦ
756 2837 832 2904 εἷ;
873 2860 892 2893 ι
926 2843 1013 2895 διὰ
1038 2844 1093 2895 δὲ
1112 2843 1205 2896 τοῦ
1241 2844 1357 2908 ἐνὸς
1384 2846 1692 2916 προσώπου,
1723 2850 1816 2902 τοῦ
1840 2850 1901 2902 τὸ

331 2929 488 2994 ξύλον
520 2930 969 2996 καταϐάλλοντος,
1003 2934 1093 2986 καὶ
1122 2936 1549 3003 ἐπιδεικνύοντος
1593 2941 1682 2995 τὸν
1714 2943 1897 3004 τόπον,

327 3022 384 3074 ἐν
435 3015 482 3089 ᾧ
532 3022 746 3094 ήάξίνη
792 3023 1004 3090 ἔπεσεν,
1032 3028 1060 3078 6
1095 3026 1265 3098 Ἀδὰμ
1289 3029 1318 3079 ὁ
1348 3029 1425 3099 τῷ
1480 3032 1733 3103 ἀλαθήτῳ
1784 3035 1901 3104 Θεῷ

327 3114 782 3184 ἀποκρινάμενος·
815 3135 833 3166 ‹
872 3117 1078 3186 Γυμνός
1100 3121 1234 3188 είμι,
1262 3121 1355 3173 καὶ
1380 3122 1635 3193 ἐκρύϐην,
1670 3145 1687 3175 ι
1711 3127 1804 3179 καὶ
1823 3127 1901 3198 τῷ

326 3202 518 3273 τοιῷδε
575 3207 775 3275 ῥήματι
830 3206 1009 3270 δείξας
1051 3208 1141 3261 τὸν
1195 3209 1377 3275 τόπον,
1415 3210 1542 3265 ἔνθα
1590 3214 1901 3283 αἰδούμενος

330 3293 658 3366 ἐκρύπτετο,
705 3295 785 3348 ἔτι
815 3296 871 3349 δὲ
903 3297 1155 3366 ἐδηλοῦτο
1195 3300 1287 3352 καὶ
1322 3300 1383 3353 τὸ
1414 3302 1599 3368 φυτὸν,
1625 3299 1685 3357 οῦ
1728 3306 1903 3374 ἥψατο

324 3384 425 3440 οὑκ
461 3387 538 3448 είς
565 3385 704 3439 δέον·
734 3387 820 3441 διὰ
849 3387 906 3440 δὲ
952 3388 1045 3441 τοῦ
1077 3390 1331 3453 πεσόντος
1363 3391 1579 3462 σιδήρου
1609 3395 1687 3456 είς
1706 3395 1779 3447 ετὸ
1811 3396 1907 3464 βά-

328 3475 414 3541 θος
451 3475 511 3529 τὺ
538 3477 763 3545 ἀφανὲς,
816 3481 849 3549 ή
891 3478 1119 3550 δύναμις
1157 3481 1258 3550 τῆς
1297 3480 1637 3554 ἀνθρωπείας
1694 3484 1907 3551 φύσεως

327 3565 679 3634 ἐσημαίνετο,
712 3568 744 3637 ἡ
772 3568 1077 3621 ἐκπεσοῦσα
1111 3566 1410 3637 τοῦλφωτὸς
1453 3571 1614 3624 ἕνεκα
1645 3572 1738 3624 τοῦ
1783 3574 1895 3626 ἑπι-

328 3655 515 3709 εαλεῖν
552 3660 708 3727 χεῖρα
738 3659 817 3721 είς
844 3658 903 3711 τὸ
933 3658 1088 3725 ξύλον
1138 3660 1240 3730 τῆς
1286 3660 1450 3731 ζωῆς·
1478 3662 1564 3715 διὰ
1596 3663 1652 3715 δὲ
1680 3662 1773 3715 τοῦ
1805 3663 1907 3731 φά-

328 3764 411 3800 ναι
477 3749 559 3800 ὄτι
612 3744 679 3819 ἦν
731 3750 825 3801 καὶ
852 3750 983 3802 αὐτὸ
1035 3751 1391 3821 κεχρημένον,
1449 3752 1511 3805 τὸ
1576 3753 1715 3806 δόσει
1771 3753 1904 3807 Θεοῦ

328 3839 621 3909 ἐσχηκέναι
655 3839 745 3892 τὸν
774 3841 1214 3911 πρωτόπλαστον,
1259 3844 1326 3913 ἣν
1351 3844 1530 3913 ἀφῆκε
1565 3844 1811 3914 δύναμιν,
1839 3846 1905 3916 ἣν

329 3932 424 3984 καὶ
472 3931 578 3984 ἔδει
611 3932 687 4002 τῷ
719 3932 993 3997 δεδωκότι,
1023 3935 1140 3987 οἵαν
1191 3934 1412 4006 εἴληφεν
1462 3937 1769 3991 ἀποδοῦναι·
1819 3937 1907 3992 διὰ

328 4021 385 4075 δὲ
416 4021 513 4075 τοῦ
564 4022 860 4094 ληφθέντος
890 4025 1070 4090 ξύλου,
1106 4027 1201 4080 καὶ
1236 4027 1485 4097 ῥιφέντος
1515 4029 1654 4082 κατὰ
1686 4029 1780 4082 τοῦ
1820 4030 1906 4083 τό-

332 4130 434 4167 που
462 4114 555 4167 τοῦ
587 4115 800 4185 ἔχοντος
827 4117 887 4169 τὸ
918 4117 1267 4188 ζητούμενον,
1289 4122 1317 4173 ὁ
1350 4118 1721 4190 πολυύμνητος
1752 4138 1907 4173 σταυ-

334 4203 445 4275 ρός·
479 4204 567 4257 διὰ
594 4204 651 4257 δὲ
696 4204 791 4257 τοῦ
827 4203 956 4276 [125
986 4206 1041 4278 ιι]
1085 4206 1369 4276 Ἰορδάνου,
1404 4209 1466 4260 τὸ
1494 4209 1759 4262 ἀθάνατον
1806 4209 1905 4278 βά-

332 4310 563 4363 πτισμα·
594 4296 652 4346 ἐν
677 4295 784 4365 γὰρ
809 4294 885 4365 τῷ
922 4297 1157 4369 Ἰορδάνῃ
1186 4298 1318 4351 ὁτὸν
1356 4299 1624 4369 Ἰορδάνην
1654 4300 1901 4370 ποιήσας,

334 4383 691 4453 βαπτισθῆναι
718 4385 783 4437 δι’
810 4387 958 4457 ἡμᾶς
983 4388 1334 4459 κατηξίωσεν.
1369 4389 1465 4443 Διά
1497 4390 1554 4442 δὲ
1589 4389 1681 4442 τοῦ
1714 4391 1905 4444 ἐπιπο-

333 4475 495 4528 λάσαι
530 4478 640 4540 τοῖς
681 4476 832 4531 ὕδασι
870 4479 961 4532 τὸν
993 4480 1227 4550 σίδηρον,
1262 4480 1354 4532 καὶ
1395 4478 1569 4531 ἐλθεῖν
1625 4478 1762 4548 πρὸς
1812 4480 1902 4531 τὸν

2000 2040 2161 2095 super
2183 2037 2390 2083 montes
2414 2027 2562 2082 Sion.
2578 2047 2597 2081 ι
2630 2028 2733 2083 Sed
2753 2030 2886 2084 liber
2905 2046 3118 2099 quoque
3140 2031 3444 2099 Regnorum
3485 2033 3568 2086 ln-

2002 2118 2270 2171 culentum
2326 2119 2481 2172 nobis
2531 2120 2632 2174 hac
2680 2120 2745 2174 de
2798 2135 2854 2174 re
2915 2112 3119 2189 praebet
3173 2123 3562 2189 testimonium,

2002 2221 2124 2260 cum
2154 2216 2206 2260 et
2242 2208 2355 2275 ipse
2388 2208 2584 2262 similia
2619 2210 3043 2279 prmeedentibns
3079 2226 3276 2267 arcane
3319 2213 3563 2266 subindi-

2001 2307 2083 2351 eet
2121 2299 2170 2349 ιιι
2199 2299 2434 2366 capitulo
2464 2308 2625 2367 atque
2652 2300 2874 2353 historia
2924 2315 3040 2369 qua:
3071 2301 3156 2356 hic
3183 2303 3563 2358 subscribitur.

2007 2405 2024 2438 t
2054 2388 2278 2442 Elisteus
2339 2389 2552 2461 (inquit)
2596 2391 2683 2444 ivit
2725 2390 2833 2461 (38)
2870 2407 2989 2444 cunt
3044 2395 3124 2446 eis
3161 2412 3174 2447 :
3216 2402 3269 2446 et
3307 2403 3569 2446 venerunt

2000 2482 2067 2532 ad
2089 2479 2398 2546 Jordattetn,
2429 2490 2484 2535 et
2510 2481 2789 2536 caedebant
2816 2482 2977 2551 ligna.
3011 2482 3078 2535 Et
3108 2498 3234 2537 ecce
3271 2500 3406 2537 unus
3432 2485 3558 2538 dttttt

2002 2571 2188 2641 dejicit
2237 2574 2468 2636 trabem,
2542 2572 2742 2626 ferrum
2791 2574 2984 2628 cecidit
3033 2575 3197 2645 266
3243 2577 3293 2628 iu
3350 2591 3565 2645 aquam.

2003 2662 2068 2715 Et
2124 2661 2483 2716 exclamavit:
2529 2677 2562 2718 ο
2616 2663 2874 2718 domine:
2913 2676 2960 2718 et
3002 2665 3132 2717 illud
3167 2667 3565 2721 commodatum

2003 2748 2247 2823 (fuerat).
2282 2754 2346 2807 Et
2377 2754 2512 2809 dixit
2538 2754 2705 2808 homo
2734 2755 2862 2808 Dei:
2897 2754 2993 2808 Ubt
3027 2756 3258 2808 cecidit?
3296 2756 3359 2809 Et
3384 2766 3566 2810 osten-

1952 2844 1955 2847 ’
2002 2843 2077 2895 dit
2106 2844 2153 2896 ei
2211 2842 2408 2908 locutu;
2469 2852 2523 2897 et
2579 2843 2737 2912 fregit
2787 2843 3015 2911 lignum,
3064 2853 3118 2897 et
3158 2843 3286 2896 il'nd
3342 2843 3566 2912 proiecit

2000 2931 2144 2994 illnc,
2176 2942 2229 2987 et
2260 2934 2522 2987 inttatavit
2556 2934 2777 2987 ferrum.
2809 2934 2872 2989 Et
2905 2935 3039 2988 dixit
3067 2951 3083 2987 :
3113 2934 3316 2988 Attolle
3342 2935 3458 2987 tibi.
3501 2932 3567 2990 Ει

2000 3023 2242 3079 extendit
2296 3041 2512 3078 manum
2560 3039 2736 3091 suam,
2783 3034 2837 3079 et
2881 3027 3090 3103 accepit
3130 3025 3278 3077 illud.
3307 3044 3325 3076 ι
3355 3025 3564 3079 Etenim

2003 3130 2097 3182 per
2125 3114 2375 3168 Elisteunt
2409 3116 2626 3185 quidem
2665 3117 2932 3170 hominem
2978 3118 3091 3181 Dei,
3138 3127 3192 3171 et
3237 3118 3570 3185 interrogan-

2009 3213 2137 3266 tem,
2200 3223 2219 3255 ι
2248 3206 2346 3259 Ubi
2398 3207 2592 3260 cecidit
2626 3226 2644 3258 ι
2686 3208 2929 3263 securis?
2963 3210 3368 3278 significabatur
3407 3207 3570 3275 Dens,

2005 3297 2095 3364 qui
2128 3313 2247 3349 runt
2280 3298 2588 3351 ltominibns
2615 3310 2860 3355 versatus
2885 3309 2988 3364 est,
3021 3301 3223 3369 quique
3253 3300 3378 3355 olim
3402 3301 3566 3356 dixit:

2009 3389 2209 3439 «Adam
2241 3387 2657 3458 (59),nbies?t
2714 3389 2817 3445 Per
2874 3406 3034 3444 unam
3087 3407 3213 3444 vero
3267 3406 3567 3459 personant,

2002 3489 2122 3543 qua:
2158 3476 2356 3545 lignum
2392 3478 2605 3546 dejicit,
2658 3489 2709 3533 et
2759 3480 2999 3535 ostendit
3043 3481 3241 3541 locum.
3293 3470 3343 3532 in
3393 3495 3556 3546 quem

2003 3569 2206 3623 securis
2257 3569 2471 3634 cecidit,
2525 3571 2761 3625 Adamus
2818 3573 3232 3641 designabatur,
3288 3572 3379 3638 qui
3438 3569 3566 3631 Deo.

2004 3673 2164 3728 quem
2224 3658 2356 3712 nihil
2412 3659 2561 3723 latet,
2620 3662 2917 3728 respondit,
2952 3680 2970 3712 ι
2997 3660 3178 3715 Nudus
3206 3659 3317 3728 (40)
3344 3675 3483 3720 sum,
3515 3668 3570 3712 et

2004 3764 2090 3801 me
2146 3749 2421 3814 abscondi,
2460 3767 2479 3801 ι
2535 3758 2697 3816 atque
2747 3749 2833 3803 his
2870 3751 3051 3804 verbis
3100 3749 3271 3802 locum
3309 3750 3566 3812 ostendit,

2004 3839 2093 3893 ubi
2147 3854 2258 3910 prm
2312 3840 2636 3894 verecundia
2696 3854 2813 3896 sese
2871 3842 3235 3895 abscondebat
3283 3857 3297 3893 :
3355 3842 3572 3907 insuper

2004 3946 2132 3985 vero
2190 3929 2538 3983 indicabatur
2590 3930 2754 3983 etiatn
2818 3931 3038 4000 planta,
3095 3946 3257 4000 quam
3313 3933 3569 4000 tetigerat

2003 4030 2188 4075 contra
2223 4020 2345 4087 fas;
2372 4037 2467 4089 per
2496 4021 2698 4075 ferrum
2740 4031 2943 4086 autem,
2992 4024 3133 4091 quod
3163 4023 3357 4078 cecidit
3383 4024 3435 4076 in
3468 4025 3570 4077 ob-

2004 4128 2215 4168 scuram
2247 4114 2696 4182 profunditatem,
2732 4114 2812 4169 vis
2843 4116 3089 4169 humana:
3114 4125 3319 4169 natura:
3347 4118 3571 4170 denota-

2004 4205 2181 4270 batur,
2222 4222 2340 4275 qua:
2388 4206 2591 4260 excidit
2617 4221 2645 4258 a
2680 4206 2817 4270 luce,
2863 4216 3146 4275 propterea
3180 4208 3319 4274 quod
3354 4224 3567 4261 manuni

2005 4297 2247 4364 iniecerit
2303 4298 2462 4350 homo
2525 4299 2578 4351 in
2625 4298 2827 4366 lignum
2867 4299 3021 4361 vitat;
3065 4312 3158 4366 per
3196 4299 3247 4351 id
3273 4312 3401 4350 vero
3428 4299 3569 4364 qugd

2004 4387 2161 4449 dixit,
2208 4404 2225 4437 t
2256 4387 2316 4441 Et
2350 4388 2481 4439 illttd
2515 4388 2914 4442 commodatum
2950 4392 3142 4451 fuerat,
3179 4407 3197 4440 ι
3232 4388 3569 4457 signiﬁcaba—

2009 4486 2112 4541 tur,
2149 4492 2213 4530 ex
2243 4479 2382 4531 dono
2413 4478 2502 4532 Dei
2536 4479 2789 4532 habuisse
2808 4479 3195 4548 proteiplastum
3226 4494 3368 4541 eam,
3405 4494 3567 4547 quant

332 4564 692 4632 ἀπολέσαντα,
724 4567 784 4620 τὸ
817 4567 904 4621 διὰ
943 4567 1038 4621 τοῦ
1070 4570 1414 4639 φωτίσματος
1443 4570 1521 4632 εἰς
1565 4570 1626 4622 τὸ
1655 4569 1901 4639 οὐράνιον

2004 4569 2185 4622 amisit
2217 4570 2361 4633 vim;
2395 4584 2554 4637 quam
2608 4570 2771 4623 etiam
2817 4570 2964 4623 illum
3021 4571 3327 4643 oportebat
3357 4570 3425 4628 ei.
3478 4569 3567 4636 qui

330 4658 696 4729 ἀναφέρεσθαι
732 4659 951 4730 ὕψωμα,
998 4661 1089 4713 καὶ
1118 4661 1218 4732 τὴν
1247 4661 1513 4733 προτέραν
1541 4661 1897 4731 ἀποδέχεσθαι

329 4750 507 4822 χάριν,
531 4752 624 4803 καὶ
665 4750 762 4822 τὴν
811 4752 1045 4823 ἀρχαίαν
1086 4751 1486 4822 ἀπολαμϐάνειν
1518 4752 1775 4823 πατρίδα·
1812 4751 1899 4806 διὰ

404 4970 517 5041 (55)
555 4969 726 5038 Typus
755 4981 890 5024 erat.
929 4969 1051 5022 llzcc
1100 4972 1182 5024 vix
1249 4972 1468 5041 attingit
1527 4971 1895 5027 Tertulliattns

330 5040 426 5096 lib.
452 5040 527 5093 De
553 5042 694 5105 bapt.
720 5058 836 5109 cap.
863 5042 915 5096 9.
950 5043 1113 5097 Valde
1148 5042 1340 5095 similia
1374 5056 1499 5094 vero
1530 5042 1690 5094 habet
1721 5041 1895 5095 Theo-

332 5111 551 5163 doretns
582 5110 634 5162 iit
658 5111 1070 5165 Commentariis
1098 5112 1148 5164 in
1184 5111 1352 5177 Epist.
1385 5110 1494 5164 lad
1522 5108 1644 5165 Cor.
1678 5125 1794 5175 cap.
1835 5126 1891 5172 ι,

331 5193 476 5233 vers.
507 5180 554 5240 Ι,
587 5190 717 5232 tom.
757 5180 839 5242 Ill,
877 5194 999 5248 pag.
1040 5180 1161 5235 166.
1197 5180 1356 5248 Lege,
1383 5181 1425 5233 si
1462 5181 1654 5246 placet,
1681 5196 1799 5248 qtue
1829 5181 1894 5233 de

332 5196 476 5233 vers.
507 5196 554 5240 ι,
587 5196 717 5232 ιοιιι.
757 5196 839 5242 ιιι,
877 5196 999 5248 pag.
1040 5196 1161 5235 τοι).
1197 5196 1264 5234 LP
1305 5196 1356 5243 e,
1383 5197 1425 5233 st
1462 5196 1654 5246 placet,
1681 5196 1799 5248 qtae
1829 5196 1894 5233 ue

332 5263 494 5303 sensu
526 5250 750 5319 mystico
778 5249 916 5303 libro
944 5266 1018 5305 χιι
1056 5262 1237 5317 contra
1270 5196 1534 5304 grumam
1577 5265 1692 5319 cap.
1721 5251 1789 5303 ‘27
1842 5260 1895 5304 et

333 5334 489 5387 seqq.
530 5320 751 5390 scripsit
795 5320 1132 5387 Augustinus
1168 5336 1184 5373 :
1215 5320 1286 5375 ibi
1340 5320 1482 5374 enim
1545 5321 1660 5374 [NEC
1691 5330 1746 5375 et
1789 5322 1904 5390 ipse

331 5388 575 5453 exempla
595 5388 816 5458 profert.

406 5458 515 5526 (56)
552 5457 823 5512 Amaram.
851 5457 1213 5512 Tertttllianns
1239 5459 1474 5514 breviter
1519 5459 1632 5512 base
1659 5460 1899 5526 exponit.

337 5544 357 5578 ι
400 5529 526 5579 ltent
556 5528 672 5598 (ait)
728 5546 865 5598 aqua
925 5530 991 5582 de
1032 5530 1411 5598 amaritudinis
1462 5529 1592 5582 vitio
1641 5529 1690 5579 in
1748 5545 1899 5582 nsunt

335 5603 676 5651 commodum
712 5597 997 5652 suavitatis
1046 5597 1208 5652 Musei
1249 5598 1389 5666 ligno
1429 5599 1774 5652 remediatur.
1808 5598 1900 5650 Li-

333 5682 495 5731 gntttn
534 5667 659 5720 illttd
691 5678 809 5721 erat
843 5668 1113 5730 Christus,
1147 5678 1419 5719 venenata.-
1448 5676 1502 5719 et
1542 5682 1739 5721 amara:
1764 5679 1909 5721 retro

336 5745 715 5791 naturaevenas
758 5739 809 5790 itt
838 5737 1216 5792 saluberrimas
1234 5735 1906 5802 aqnasbaptisnti,scilicrt

333 5820 399 5855 cx
449 5820 568 5859 sese
623 5808 943 5861 tetnedians.
985 5826 1001 5858 ι
1041 5806 1168 5872 Qum
1224 5820 1351 5858 vero
1393 5806 1646 5875 Didymus
1686 5809 1902 5875 subjicit

336 5889 503 5940 usque
520 5874 583 5927 ad
608 5891 772 5945 srgnt.
807 5878 901 5930 HS
924 5876 971 5933 It.
990 5880 1052 5929 de
1073 5878 1248 5929 tisttott
1273 5874 1893 5943 lnqttitnr"I'crtulliattus.

2007 4660 2178 4728 ipsam
2207 4659 2455 4722 dederat,
2486 4660 2644 4714 talem
2684 4660 2964 4714 restituere
3004 4663 3216 4729 qualem
3259 4670 3564 4729 acceperat.

2006 4750 2108 4804 Per
2142 4751 2337 4820 lignum
2392 4766 2542 4816 vero,
2584 4752 2725 4820 quod
2752 4763 3030 4821 acceptum
3057 4761 3156 4816 cst,
3184 4764 3236 4806 et
3270 4753 3567 4821 projectum

2073 4971 2184 5039 (57)
2214 4968 2482 5039 Tanquam
2517 4987 2602 5024 ros
2660 4972 2904 5025 Aermon.
2940 4970 3013 5024 Ex
3080 4970 3219 5025 Psal.
3257 4987 3462 5035 cxxxtt,
3514 4974 3581 5037 τό.¹

2002 5039 2283 5094 llebrteunt
2322 5040 2617 5109 exemplar,
2666 5052 2716 5094 et
2764 5042 2981 5109 \ttlgata
3008 5042 3284 5094 translatio
3324 5043 3515 5096 habent
3553 5060 3568 5098 ι

2005 5129 2024 5161 ι
2062 5109 2291 5163 Heruteu
2320 5127 2332 5160 :
2373 5127 2391 5159 ι
2426 5108 2608 5164 Graeca
2635 5110 2800 5165 Diblia
2835 5108 2887 5163 et
2930 5111 3181 5178 Didymus
3210 5126 3223 5161 :
3251 5114 3567 5176 «Aethion,»

2000 5196 2183 5234 vacent
2227 5180 2434 5249 scilicet
2463 5180 2995 5249 tribusicunstantent
3026 5181 3263 5249 syllabis.

2083 5250 2193 5319 (58)
2263 5247 2386 5312 Ivt'l,
2447 5260 2554 5303 etc.
2610 5248 2671 5301 IV
2737 5251 2997 5319 ltegavt,
3057 5247 3576 5319 1-7.70mltpltllt'tt-

2008 5318 2275 5391 siseditio
2332 5320 2510 5376 aliter.
2552 5321 2620 5371 At
2655 5318 2833 5373 Biblia’
2865 5318 3202 5391 Francofurti
3233 5321 3373 5370 edita
3413 5322 3574 5391 Didy—

2010 5390 2082 5442 tni
2110 5389 2394 5443 lectionem
2426 5391 2476 5440 itt
2514 5391 2696 5443 ntultis
2736 5391 3014 5442 exhibent.
3053 5387 3349 5455 Utramque
3377 5387 3573 5442 edita}-

2010 5474 2127 5512 netn
2156 5464 2399 5512 conferat
2426 5459 2590 5511 lector
2624 5476 2742 5510 t‘tltll
2786 5463 2886 5512 huc
2917 5458 3121 5527 Didymi
3158 5458 3293 5509 loco.

2081 5529 2193 5599 (59)
2247 5529 2439 5599 Adam.
2500 5528 2635 5599 Gen.
2688 5544 2768 5590 III,
2815 5530 2868 5582 9.
2915 5531 3118 5599 1\_orunt
3175 5538 3352 5578 autem
3387 5542 3575 5580 omnes

2020 5597 2277 5667 theologi,
2317 5598 2443 5666 quid
2480 5597 2545 5650 de
2579 5598 2734 5650 Verbi
2776 5611 2898 5650 ante
2933 5597 3362 5667 lucarttattmtetn
3405 5614 3570 5665 appa-

2021 5664 2304 5720 ritionibus
2334 5664 2604 5719 Settserint
2630 5670 2949 5721 vetustiores
2984 5664 3191 5731 Patres,
3218 5679 3356 5733 quos
3394 5664 3575 5736 sequi-

2016 5746 2103 5791 tur
2140 5738 2316 5807 hocin
2346 5736 2774 5807 loco_Didytnns.
2804 5747 2870 5807 ttt
2902 5748 2953 5790 ct
2980 5752 3149 5803 scgnt.
3181 5738 3249 5789 52
3277 5737 3326 5789 ι’.

2083 5806 2195 5876 (i0)
2225 5804 2430 5861 Nudus.
2463 5803 2614 5859 chi
2636 5821 2714 5868 ιιι,
2758 5806 2837 5859 l0.
