4134 6418
478 452 582 508 703

1711 446 1949 504 DIDYMI
1992 448 2458 507 ALEXANDRINI

3616 452 3712 512 70.5

480 565 614 619 ritus
661 562 857 626 sancti,
887 562 1112 629 ejusque
1153 576 1277 616 cum
1335 561 1470 617 Filio
1528 563 1863 619 identitatcm
1923 564 2044 627 fide,

2154 567 2316 637 πρόςο
2348 567 2413 619 ἐκ
2444 564 2538 618 τοῦ
2563 563 2881 634 πράγματος
2899 566 2960 618 τὸ
2980 567 3148 637 ὄνομα
3177 567 3410 630 καλέσας
3428 584 3442 598 ’
3468 567 3720 622 ἐντεῦθέν

482 663 744 722 quantum
788 662 1001 723 poterat
1049 654 1184 726 (55),
1211 655 1599 723 contemplans,
1640 665 1865 723 septem,
1920 655 2043 710 dum

478 748 543 799 de
595 745 710 814 ipso
766 743 1023 811 loquitur,
1066 753 1221 798 notas
1268 753 1517 799 recenset
1553 745 1604 798 in
1652 745 1738 800 his
1793 746 1969 800 verbis
2029 764 2043 800 :

483 852 502 885 ι
539 834 856 903 Egredietnr
891 834 1002 905 (56)
1037 835 1186 903 virga
1237 849 1302 888 ex
1344 834 1524 888 radice
1555 832 1730 898 Jesse,
1771 843 1827 889 et
1855 834 1951 889 flos
1980 851 2044 890 ex

410 957 419 964 -
480 924 588 990 ipsa
632 924 745 995 (57)
777 925 1072 977 ascendet:
1123 932 1175 977 et
1206 923 1508 991 requiescet
1550 938 1713 991 super
1761 938 1884 977 eum
1932 924 2044 994 (58)

477 1015 716 1082 Spiritus
749 1015 1047 1083 sapientiaa,
1100 1023 1155 1067 et
1203 1013 1587 1081 iutelligentim,
1630 1012 1865 1082 Spiritus
1914 998 2047 1068 con-

475 1105 601 1166 silii,
634 1113 689 1159 et
727 1104 1078 1159 fortitudinis.
1119 1104 1356 1172 Spiritus
1392 1103 1652 1170 scientiae,
1713 1112 1767 1157 et
1808 1104 2042 1173 pietatis.

478 1195 708 1263 Spiritus
770 1196 978 1249 timoris
1041 1194 1151 1266 (59)
1226 1194 1340 1249 Dei.
1377 1213 1394 1244 ι
1466 1192 1632 1248 Recte
1690 1205 1869 1248 autem
1926 1196 2046 1264 quis

478 1289 581 1341 huc
637 1286 881 1343 retulerit
944 1303 1005 1342 ea
1071 1288 1254 1353 etiam,
1313 1302 1431 1355 qua:
1468 1287 1520 1340 in
1560 1286 1835 1342 Zacharize
1881 1303 2043 1342 sensu

479 1378 792 1429 abscondita
863 1386 1032 1435 sunt.
1105 1376 1193 1429 ubi
1275 1376 1533 1442 scriptum
1597 1383 1694 1447 (est
1746 1389 1762 1428 :
1826 1393 1845 1427 ι
1909 1377 2043 1444 Quia

479 1482 607 1522 ecce
639 1467 747 1539 (60)
803 1483 902 1538 ego
961 1468 1168 1522 adduco
1222 1482 1437 1523 servum
1490 1484 1667 1521 meum
1707 1467 1982 1524 Orientem
2028 1486 2041 1522 :

480 1561 603 1627 quia
646 1560 802 1628 lapis,
839 1575 995 1629 quem
1028 1561 1146 1614 dedi
1182 1568 1306 1614 ante
1335 1559 1527 1614 faciem
1562 1559 1672 1631 (61)
1699 1559 1848 1626 Jesu,
1884 1576 2044 1631 super

478 1649 706 1718 lapidem
759 1666 960 1714 unum,
1014 1662 1216 1718 septem
1274 1651 1415 1705 oculi
1457 1662 1604 1704 sunt.
1662 1670 1681 1702 ι
1736 1652 1860 1706 Ilaec
1909 1652 2045 1706 Dens

475 1743 613 1794 dixit
648 1739 773 1795 Jesu
805 1742 1082 1796 sacerdoti
1141 1757 1357 1812 magno.
1409 1742 1652 1807 Adduco,
1696 1743 1892 1810 inquit,
1928 1758 2043 1796 ser-

475 1849 601 1887 vum
653 1849 827 1887 meum
880 1833 1266 1888 Zorobabelem
1317 1834 1369 1886 in
1415 1842 1732 1901 potestatem
1775 1834 1945 1900 regni,
1976 1835 2044 1888 ob

472 1940 635 1993 quam
670 1924 895 1979 illustris
947 1925 1055 1979 erit
1114 1938 1181 1978 ac
1236 1923 1570 1992 splendidus,
1615 1923 1776 1977 veluti
1830 1923 2041 1979 Oriens.

474 2016 740 2073 Nimirum
783 2026 998 2085 sumpto
1022 2032 1088 2071 ex
1123 2017 1236 2086 ipsa
1278 2029 1339 2070 re
1372 2014 1589 2069 nomine
1618 2028 1741 2069 eum
1769 2024 1941 2080 vocat.
1979 2014 2046 2069 Et

475 2107 598 2163 inde
629 2108 942 2162 continuum
995 2122 1326 2172 sermonem,
1369 2120 1435 2158 ac
1490 2104 1607 2159 sine
1660 2105 2045 2174 interruptione

476 2197 712 2262 faciens,
798 2196 1028 2264 lapidem
1086 2196 1329 2250 nominat
1392 2195 1818 2261 Zorobabeletn,
1882 2211 2045 2265 super

477 2302 632 2355 quem
666 2286 829 2339 facies
851 2284 976 2338 Jesu
1009 2285 1217 2337 iirmata
1250 2283 1443 2343 fuerat.
1470 2285 1712 2353 praebens
1741 2286 1841 2353 ipsi
1875 2301 2035 2355 opem

482 2391 574 2447 per
611 2376 906 2439 orationes,
945 2384 999 2431 et
1044 2376 1277 2431 vicissim
1308 2376 1577 2446 accipiens
1604 2377 1672 2431 ab
1719 2392 1783 2432 eo
1833 2392 2043 2445 pacem,

477 2485 637 2537 quam
667 2483 888 2535 regnum
922 2477 1220 2537 comparat.
1270 2467 1563 2537 Postquam
1596 2479 1772 2523 autem
1826 2470 2043 2538 subjun-

479 2559 560 2612 xit
590 2574 603 2610 :
644 2577 663 2609 ι
701 2558 866 2611 Fodio
900 2556 1011 2627 (62)
1041 2557 1268 2619 foveam,
1325 2556 1456 2610 dicit
1508 2557 1765 2611 Dominus
1801 2559 2044 2625 omnipo—

480 2657 620 2713 tens,
642 2659 694 2701 et
721 2647 1070 2702 contrectabo
1099 2660 1311 2702 omnem
1342 2647 1680 2715 iniquitatem
1713 2656 1867 2701 terra:
1899 2648 2042 2701 illius

478 2738 533 2793 in
561 2740 643 2792 die
670 2753 770 2791 una
800 2737 911 2808 (63)
943 2754 957 2790 :
1009 2747 1065 2792 et
1118 2737 1442 2792 convocabit
1473 2740 1844 2807 unusquisque
1872 2739 2044 2807 proxi-

477 2845 619 2885 tuum
657 2844 810 2883 suum
861 2829 960 2883 sub
1004 2829 1113 2883 vile
1160 2843 1257 2884 sua
1298 2827 1433 2898 (64),
1463 2835 1521 2881 οι
1566 2830 1665 2883 sub
1699 2831 1798 2882 ficu
1845 2844 1982 2883 sua:
2017 2846 2036 2880 ι

481 2920 532 2975 id
561 2930 668 2984 est,
705 2930 931 2974 mortem
982 2918 1226 2974 hostibus
1277 2918 1451 2973 infero
1494 2934 1592 2988 per
1647 2920 2041 2988 expeditionem

477 3008 871 3085 Ζυτυὶιιιιιειίιις⁸
892 3008 1027 3063 adeo
1083 3017 1141 3061 ut
1182 3022 1372 3062 ouiues
1422 3009 1569 3063 omni
1613 3009 1854 3063 molestia
1909 3009 2043 3065 libe-

481 3101 608 3165 rati,
644 3111 697 3155 et
729 3101 784 3155 in
820 3115 1009 3169 magna
1063 3113 1240 3153 rerum
1289 3099 1612 3155 abundantia
1654 3101 1818 3155 vitam
1843 3102 2042 3171 degen-

2146 672 2206 708 τε
2236 655 2437 725 συνεχῆ
2478 655 2568 708 τὸν
2603 654 2760 722 λόγον
2794 655 2889 707 καὶ
2920 656 3241 710 ἀδιάστατον
3269 657 3606 729 ποιούμενος,
3636 660 3716 712 λί-

2148 744 2238 797 θον
2290 745 2380 799 τὸν
2423 743 2727 815 Ζοροϐάϐελ
2767 745 3045 816 ὀνομάζει,
3084 749 3169 817 ἐφ’
3210 747 3269 800 δν
3315 749 3376 801 τὸ
3424 751 3715 820 πρόσωπον

2160 832 2335 902 Ἰησοῦ
2367 834 2679 903 ἐστήρικτο,
2721 836 2956 906 παρέχον
2984 836 3132 907 αὑτῷ
3168 837 3267 908 τὴν
3306 839 3369 891 ὲκ
3398 838 3504 891 τῶν
3535 840 3716 911 εὐχῶν

2145 924 2487 995 ἐπικουρίαν,
2523 925 2618 979 καὶ
2644 922 3041 997 άντιλαμϐάνον
3075 926 3203 996 παρ’
3252 928 3417 981 αὑτοῦ
3464 928 3566 998 τῆν
3607 931 3716 984 ἀπὸ

2145 1015 2244 1084 τῆς
2303 1014 2577 1084 βασιλείας
2632 1019 2874 1088 είρήνην.
2928 1016 3110 1071 Εἰπὼν
3160 1017 3218 1070 δὲ
3272 1019 3331 1071 ὲν
3389 1017 3468 1089 τῷ
3527 1021 3712 1090 μέσῳ·

2151 1123 2169 1156 ι
2222 1104 2465 1177 ὐρύσσω
2500 1105 2711 1178 βόθρον,
2743 1108 2889 1177 λέγει
2925 1108 3130 1179 Κύριος
3170 1111 3585 1180 παντοκράτωρ,
3621 1113 3714 1164 καὶ

2145 1195 2453 1267 ψηλαφήσω
2498 1199 2674 1252 πᾶσαν
2725 1198 2822 1270 τὴν
2869 1199 3081 1255 ἀδικίαν
3129 1203 3229 1272 τῆς
3266 1202 3371 1271 τῆς
3406 1202 3620 1272 ἐκείνης
3655 1205 3717 1256 ἐν

2147 1287 2329 1358 ἡμέρᾳ⁸
2373 1290 2470 1359 μιᾷ
2491 1305 2504 1319 ·
2537 1291 2633 1344 καὶ¹
2675 1290 3065 1359 συγκαλέσεται
3099 1291 3326 1354 ἕκαστος
3356 1292 3446 1345 τὸν
3492 1293 3714 1367 πλησίον

2145 1379 2311 1433 αὑτοῦ
2345 1380 2601 1435 ὑποκάτω
2628 1382 2870 1452 ἀμπέλου
2903 1382 3089 1447 αὑτοῦ,
3120 1384 3215 1438 καὶ
3255 1384 3512 1438 ὑποκάτω
3542 1385 3715 1455 συκῆς

2146 1469 2311 1524 αὑτοῦ
2332 1488 2347 1503 ο
2381 1491 2401 1523 ι
2455 1473 2577 1526 ἀντὶ
2605 1473 2720 1537 τοῦ,
2755 1474 2996 1528 Θάνατον
3023 1476 3211 1543 ἐπάγω
3239 1475 3327 1528 διὰ
3353 1476 3451 1546 τῆς
3476 1492 3714 1548 στρατη-

2145 1562 2271 1630 γίας
2319 1562 2414 1616 τοῦ
2460 1565 2765 1636 Ζοροϐάϐελ
2806 1568 2920 1630 τοῖς
2965 1567 3278 1637 πολεμίοις’
3319 1567 3461 1621 ὥστε
3507 1569 3715 1628 πάντας

2147 1653 2324 1723 πάσης
2355 1654 2765 1724 ἀπαλλαγέντας
2806 1659 3071 1729 ταραχῆς,
3124 1658 3218 1712 καὶ
3278 1662 3338 1713 ὲν
3378 1659 3592 1730 ἀφθόνῳ
3631 1660 3711 1713 δι-

2145 1744 2374 1812 άγοντας
2410 1747 2653 1819 εὑθηνίᾳ,
2682 1749 2818 1819 πρὸς
2849 1750 3117 1814 ἑστιάσεις
3139 1751 3397 1823 ἀλλήλους
3413 1753 3714 1823 προτρέπει

2147 1833 2300 1888 σθαι*
2334 1837 2709 1907 μνημονεύσας
2766 1838 2823 1893 δὲ
2873 1841 2965 1893 καὶ
3017 1841 3236 1911 λυχνίας
3292 1844 3516 1915 χρυσῆς,
3568 1845 3710 1897 τοῦτ’

2146 1925 2260 1980 ἐστι
2287 1928 2386 1998 τῆς
2415 1928 2790 2003 καθαροτάτης
2831 1932 3086 1996 πίστεως,
3126 1935 3225 2004 τῆς
3265 1935 3574 2006 ἀρχομένης
3617 1936 3715 2007 μὲν

2146 2016 2205 2085 te
2246 2018 2432 2088 ἡμῶν,
2466 2019 2774 2091 ὑψουμένης
2803 2021 2983 2076 δὲκαὶ
3025 2023 3189 2096 μέχρι
3237 2025 3341 2078 τῶν
3384 2026 3712 2096 ὑπὲρλὴμᾶς

2146 2110 2483 2180 πραγμάτων
2513 2112 2631 2180 (διὰ
2656 2112 2766 2183 γάρ
2790 2113 2883 2166 τοῦ
2915 2115 3119 2184 χρυσοῦ
3150 2116 3212 2169 τὸ
3241 2116 3477 2189 καθαρὸν
3512 2117 3606 2169 καὶ
3636 2117 3714 2169 τί·

2148 2215 2268 2267 μιον
2298 2200 2815 2272 παραλαμϐάνεται·
2849 2204 2909 2256 οὑ
2934 2204 3045 2275 γὰρ
3081 2195 3321 2274 πέφυκεν
3351 2204 3560 2258 ίοῦσθαι
3585 2223 3718 2276 χρυ-

2146 2289 2272 2356 σός)
2298 2307 2311 2320 ·
2358 2290 2528 2345 εἰπὼν
2561 2293 2617 2346 δὲ
2648 2290 2786 2349 εἶναι
2812 2298 2996 2353 ἐπάνω
3045 2300 3215 2370 αὑτῆς
3249 2298 3343 2351 καὶ
3387 2295 3713 2368 λαμπάδιον,

2114 2380 2284 2461 ¹’τοῦτ’
2323 2381 2437 2436 ἔστι
2484 2384 2592 2453 τὴν,
2644 2384 2841 2454 ὑψόθεν
2885 2389 3060 2442 πάντα
3089 2389 3523 2457 καταφαίνουσαν
3564 2385 3715 2439 Θείαν

2143 2472 2323 2542 χάριν,
2364 2473 2458 2526 καὶ
2485 2476 2625 2528 ἑπτὰ
2655 2475 2899 2547 λύχνους,
2929 2480 3049 2533 ἀντὶ
3071 2479 3166 2533 τοῦ
3192 2480 3291 2549 τῆς
3315 2478 3441 2551 [124
3466 2478 3519 2551 b]
3561 2495 3715 2534 πνευ-

2148 2562 2387 2633 ματικῆς
2422 2562 2630 2633 δωρεᾶς
2655 2565 2752 2636 τὴν
2785 2568 3044 2637 ἀφθονίαν
3081 2571 3176 2622 καὶ
3202 2568 3510 2638 τελειότητα
3530 2584 3541 2596 ·
3577 2569 3712 2640 πρὸς

2141 2651 2352 2715 τούτοις
2402 2650 2634 2724 ὕπερθεν
2676 2656 2813 2710 ἑπτὰ
2841 2659 3262 2728 ὲπαρυστρίδας,
3297 2647 3438 2711 τοῦτ’
3478 2656 3595 2711 ἔστι
3651 2655 3717 2708 τὸ

2144 2732 2406 2796 ἄσϐεστον
2437 2742 2530 2795 καὶ
2558 2743 2777 2816 διαρκὲς
2811 2748 2910 2818 τῆς
2939 2747 3148 2801 ἐκεῖθεν
3191 2748 3469 2820 ἐπιρροῆς,
3497 2747 3592 2801 καὶ
3621 2746 3714 2801 δύο

2116 2831 2363 2901 ιὲλαίας·
2417 2832 2474 2884 αἳ
2501 2834 2768 2900 νοοῦνται,
2810 2836 2927 2907 ήτοι
2974 2838 3241 2910 ἱερωσύνη
3293 2839 3386 2892 καὶ
3431 2838 3708 2910 βασιλεία,

2143 2923 2262 2993 ἦτοι
2289 2922 2382 2976 δύο
2410 2924 2548 2986 λαοὶ,
2576 2925 2609 2997 ἢ
2639 2922 2776 2981 οἶκοι
2810 2928 2965 2993 Θεοῦ,
2994 2931 3024 2983 ό
3061 2931 3408 3003 Ἰσραηλιτῶν
3436 2947 3567 2984 ποτε
3613 2930 3710 2985 καὶ

2142 3013 2170 3064 ὁ
2201 3013 2540 3082 Χριστιανῶν
2561 3029 2576 3044 ⁶
2622 3016 2713 3069 καὶ
2745 3016 3102 3090 διαναστήσας
3146 3020 3237 3073 τὸν
3271 3021 3584 3091 προφήτην,
3620 3020 3715 3072 καὶ

2145 3102 2278 3173 πρὸς
2318 3103 2712 3175 ἀκριϐεστέραν
2758 3107 2866 3160 τῶν
2916 3108 3347 3181 δειχθησομένων
3386 3110 3713 3179 κατανόησιν

481 3199 581 3257 tes,
615 3190 680 3243 ad
724 3189 968 3244 convivua
1004 3203 1061 3243 se
1089 3187 1319 3241 invioem
1363 3187 1474 3260 (65)
1515 3188 1748 3243 invitare
1780 3198 1978 3257 queant
2024 3208 2038 3245 :

2148 3195 2503 3267 ἐγρηγορέναι
2564 3197 2656 3250 καὶ
2720 3199 3076 3253 συντετάσθαι
3137 3200 3297 3253 πλέον
3360 3217 3477 3263 πως
3534 3215 3715 3271 παρα·

481 3290 530 3334 et
562 3288 843 3349 postquam
878 3278 1319 3334 commemoravit
1339 3277 1500 3332 etiam
1531 3278 1913 3333 candelabrum
1948 3295 2044 3333 au—

481 3386 628 3425 reum
656 3368 789 3441 (66),
838 3369 887 3423 id
937 3378 1020 3424 est
1054 3368 1392 3437 purissimam
1448 3367 1627 3431 fidem,
1682 3383 1802 3437 qua:
1855 3369 2046 3436 incipit

479 3461 738 3531 quidema
773 3461 924 3514 nobis
942 3459 1076 3531 (67),
1112 3459 1273 3528 270
1290 3458 1566 3512 extollitur
1582 3466 1759 3513 autem
1790 3461 2045 3527 usquead

480 3568 564 3627 ea,
589 3566 707 3621 quae
737 3562 862 3607 sunt
893 3566 1052 3622 supra
1085 3566 1182 3604 nos
1221 3550 1366 3623 (nam
1426 3565 1521 3618 per
1550 3564 1739 3604 aurum
1791 3550 2050 3621 intelligi-

483 3653 568 3698 tur
599 3653 685 3699 res
716 3642 908 3715 munda
944 3650 1000 3696 et
1061 3642 1330 3711 pretiosa;
1366 3656 1489 3695 eum
1523 3655 1711 3694 aurum
1742 3641 1813 3695 ita
1854 3650 2045 3696 natura

482 3741 848 3801 comparatum
903 3731 997 3796 sit,
1029 3740 1088 3783 ut
1120 3731 1413 3799 aeruginem
1444 3745 1549 3784 non
1585 3730 1889 3799 contrahat)
1938 3752 1950 3784 :
1993 3738 2050 3783 et

485 3836 762 3892 poslqttattt
799 3822 952 3885 dixit,
988 3836 1110 3876 esse
1157 3837 1318 3891 super
1348 3821 1525 3891 ipsum
1584 3835 1802 3890 parvam
1839 3820 2049 3888 lampav

486 3917 630 3977 dem,
657 3913 708 3966 id
733 3921 817 3967 est
867 3913 1101 3966 divinam
1141 3913 1390 3981 gratiam,
1443 3928 1562 3981 qua:
1604 3928 1668 3966 ex
1727 3911 1835 3966 alto
1867 3913 2047 3966 omnia

484 4004 766 4067 illuminat,
796 4013 850 4056 et
884 4013 1088 4072 septem
1114 4002 1383 4065 lucernas,
1415 4017 1605 4071 nempe
1635 4000 1893 4071 spiritalis
1917 4017 2044 4068 gra-

485 4094 572 4149 tiae
609 4094 1024 4155 abundantiam,
1075 4102 1129 4146 et
1181 4091 1605 4158 perfectionem;
1662 4107 1725 4146 ac
1784 4102 2043 4160 praeterea

484 4184 711 4252 desuper
738 4194 940 4254 septem
970 4197 1094 4237 esse
1129 4182 1465 4238 iufundibula
1516 4182 1626 4255 (68)
1680 4182 1814 4251 (sive
1860 4198 2049 4236 emun-

557 4359 669 4435 (55)
710 4361 974 4435 Quantum
1003 4361 1321 4435 poter‘a‘taln
1372 4361 1576 4418 Graeco.
1627 4326 2091 4435 EYprfJ'JV'ng"

488 4441 546 4483 ut
588 4430 921 4516 ἀρκούντως,
949 4441 1013 4516 ’ξι
1058 4430 1566 4516 θαρρούντως-(1ης)
1611 4430 1864 4516 adverbio
1900 4430 2039 4516 usus

485 4510 567 4552 9‘!
608 4499 901 4569 Gregorius
949 4499 1380 4569 Thaumaturgus
1427 4503 1477 4554 in
1539 4501 1754 4553 humilia
1813 4503 2041 4554 necdum

486 4570 640 4642 edita
675 4567 741 4642 iii
774 4567 965 4642 0.9»...
1021 4578 1249 4642 saucios,
1276 4567 1404 4642 cum
1438 4570 1547 4623 ait:
1591 4570 1714 4623 Ἐπὶ
1746 4570 1843 4639 τὴν
1874 4571 2048 4642 ἀρχὴν

485 4637 579 4690 τοῦ
628 4639 784 4705 λόγου
833 4636 1176 4710 θαρρούντως
1232 4639 1601 4710 τραπήσομαι,
1642 4642 1691 4695 id
1744 4636 1846 4699 est.
1892 4636 2044 4693 (aui-

488 4723 633 4762 niese
656 4707 1062 4778 ntroulidenter
1098 4707 1238 4778 loqui
1269 4707 1584 4778 incipiam.»

563 4778 674 4847 (56)
703 4776 1029 4847 digredietur.
1064 4776 1267 4839 Isaﬁxt,
1301 4776 1415 4831 1-3.

557 4846 669 4917 (57)
706 4846 786 4899 Ea:
823 4847 959 4919 ipsa.
992 4847 1175 4919 (inc-ca
1206 4849 1370 4902 liiblia
1405 4866 1417 4901 :
1456 4848 1550 4901 Ἐκ
1577 4849 1675 4919 τῆς
1689 4848 1844 4919 ῥίζης
1862 4848 2048 4913 αὑτοῦ,

487 4918 539 4972 id
576 4927 678 4979 est,
722 4935 739 4966 ‹
763 4932 825 4969 ex
849 4918 1029 4970 radice
1064 4916 1198 4979 eius.
1240 4936 1257 4968 ι

557 4988 672 5054 (58)
702 4985 869 5047 Super
895 5002 1030 5038 eum.
1076 4987 1197 5039 l‘ost
1241 4989 1352 5039 ha-c
1384 4990 1549 5040 Verba
1596 4991 1797 5040 addunt
1830 4988 1998 5043 Bibliu
2032 5004 2045 5040 :

430 5110 433 5117 ,
484 5056 709 5124 Πνεῦμα
727 5054 949 5123 Κυρίου,
975 5056 1023 5107 id
1057 5064 1159 5117 est,
1199 5072 1216 5106 ι
1242 5056 1472 5122 Spiritus
1500 5057 1726 5111 Domini.
1750 5076 1766 5108 ι

557 5126 667 5196 (59)
698 5125 925 5196 Spiritus
969 5127 1192 5196 timoris.
1225 5128 1361 5180 Ante
1396 5129 1508 5182 Inec
1563 5128 1719 5180 verba
1752 5126 1921 5179 Biblia
1954 5125 2050 5177 aii--

486 5193 639 5266 dunt,
673 5193 941 5266 ἐμπλήσει
967 5193 1147 5266 αὐτόν,
1190 5196 1241 5249 id
1279 5206 1382 5257 est,
1418 5215 1437 5247 ι
1462 5197 1703 5266 implebit
1735 5197 1928 5264 ipsum.
1958 5213 1975 5245 ι

558 5265 670 5334 (60)
703 5264 842 5329 Quia
878 5280 1013 5334 erce.
1043 5264 1207 5319 Zzuh.
1242 5281 1323 5327 ιιι,
1363 5266 1394 5319 8
1416 5278 1467 5319 et
1488 5266 1541 5320 9.

559 5336 671 5419 (61)
702 5333 1070 5419 AuleJurieilu.
1104 5334 1246 5419 μέμυ
1267 5335 1623 5419 citur-"Graeca
1657 5334 1911 5396 editione,

492 5404 799 5475 προσώπου.
834 5404 964 5456 Nam
999 5405 1147 5469 illud,
1177 5406 1301 5472 πρό,
1336 5422 1362 5457 a
1393 5405 1614 5459 librario
1659 5412 1841 5458 nostro
1885 5410 2051 5457 mula-

486 5489 605 5529 sum
633 5483 779 5540 puto.

560 5545 674 5611 (6‘2)
706 5542 896 5595 Fadio.
930 5543 1095 5596 Zach.
1131 5557 1209 5602 ιιι,
1244 5544 1276 5597 9
1307 5550 1361 5595 et
1388 5543 1471 5595 il).

448 5613 464 5624 ⁵
564 5610 674 5680 (63)
714 5612 779 5664 lu
813 5617 897 5664 die
948 5630 1071 5663 una.
1117 5613 1241 5665 Post
1292 5614 1402 5663 haec
1435 5610 1594 5663 verba
1648 5610 1814 5662 editio
1861 5610 2048 5663 Cra-ra

495 5682 650 5752 habet
682 5698 696 5732 :
736 5683 822 5733 Ἑν
856 5684 921 5749 τῇ
953 5681 1143 5752 ἡμέρα
1172 5682 1374 5752 ἐκείνῃ,
1402 5681 1548 5746 λέγει
1594 5680 2053 5752 Κύριοςωτταντο-

494 5750 741 5831 ιιιράτωρ⁹
766 5749 1407 5832 qum(inultit'Didymus,
1432 5753 1633 5806 addens
1662 5749 1755 5820 pro
1791 5749 1895 5805 illis
1923 5766 2051 5806 CUII-

489 5829 812 5889 juncttouetu
847 5829 954 5871 και.

2150 3287 2441 3350 σκευάσας,
2465 3286 2626 3340 πάλιν
2646 3289 2896 3361 ἐπιφέρει
2917 3307 2930 3320 ’
2965 3309 2985 3342 ι
3014 3290 3133 3344 υὺκ
3155 3291 3215 3344 ὲν
3235 3290 3459 3360 δυνάμει
3482 3288 3711 3362 μεγάλῃ,

2146 3376 2269 3430 οὑδὲ
2301 3377 2359 3430 ὲν
2385 3377 2547 3447 ίσχὺῖ,
2574 3378 2689 3431 ἀλλ’
2723 3379 2756 3449 ἢ
2786 3381 2844 3433 ὲν
2880 3380 3157 3452 Πνεύματί
3184 3397 3308 3451 μου,
3336 3380 3483 3448 λέγει
3511 3379 3729 3450 Κύριος,

2150 3466 2559 3539 παντοκράτωρ.
2602 3464 2698 3530 Τῖς
2744 3463 2794 3519 εἶ
2825 3467 2912 3529 aii,
2969 3467 3031 3521 τὸ
3088 3467 3212 3538 ὄρος
3263 3468 3320 3519 τὸ
3389 3466 3549 3537 μέγα,
3610 3464 3717 3536 πρὸ

2152 3556 2444 3629 προσώπου
2479 3557 2801 3629 Ζοροϐάϐελ,
2847 3557 2940 3610 τοῦ
2988 3556 3335 3628 κατορθῶσαι
3377 3557 3472 3610 καὶ
3513 3556 3716 3621 ὲξοίσαι

2159 3647 2241 3700 τὸν
2268 3647 2412 3701 λίθον
2438 3649 2538 3718 τῆς
2568 3647 2933 3717 κληρονομίας
2966 3647 3186 3717 ἰσότητα
3214 3647 3466 3716 χάριτος;
3504 3665 3523 3697 ι
3555 3647 3717 3716 Ὄρος

2150 3736 2382 3791 ἐνταῦθα
2416 3737 2506 3790 τὸν
2558 3736 2815 3807 πολέμιον
2857 3737 3032 3802 καλεῖ,
3064 3730 3108 3808 ᾧ
3143 3737 3468 3805 διαλέγεται,
3506 3736 3589 3788 ὅτι
3613 3736 3717 3788 Τὸν

2149 3824 2314 3886 λίθον,
2351 3825 2503 3894 φησι,
2548 3825 2647 3895 τῆς
2692 3819 3055 3896 κληρονομίας
3097 3826 3186 3879 τὸν
3222 3824 3545 3897 Ζοροϐάδελ,
3590 3823 3715 3878 κλίΓ

2150 3909 2210 3969 οῦ
2233 3914 2643 3984 ἀντιπρόσωπος
2671 3915 2766 3968 καὶ
2807 3915 3045 3979 ἐναντίος
3071 3916 3265 3987 ὁρμᾷς,
3288 3913 3523 3985 τοσαύτη
3552 3930 3717 3967 πνευ-

2154 4005 2353 4074 ματικὴ
2398 4004 2578 4075 χάρις,
2625 4005 2994 4075 κατορθοῦντα
3026 4005 3124 4070 τάς
3167 4006 3363 4077 μάχας,
3412 4004 3714 4074 περιὸαλεῖι

2151 4095 2226 4157 ὡς
2248 4095 2367 4146 ὅλον
2389 4094 2550 4149 αὑτὸν
2578 4095 2755 4147 δοκεῖν
2778 4094 3097 4166 αὐτόχρημα
3116 4096 3274 4166 χάριν
3297 4094 3580 4167 ὑπάρχειν.
3607 4092 3717 4144 Καὶ

2157 4186 2296 4257 μετὰ
2336 4185 2509 4258 βραχὺ
2541 4185 2773 4257 βεϐαιῶν
2800 4185 2883 4239 ἔτι
2910 4186 3104 4254 ταῦτα,
3139 4186 3471 4257 προφητεύει
3506 4181 3677 4268 οὓτως
3698 4200 3711 4213 ·

2218 4366 2330 4435 (fit)
2361 4364 2496 4421 Sua.
2533 4366 2706 4421 Biblia
2738 4366 2948 4430 arma,
2984 4366 3199 4420 omissis
3227 4365 3433 4419 duobus
3455 4364 3559 4420 illis
3590 4380 3714 4434 pro-

2151 4436 2482 4498 nominibus,
2523 4437 2718 4491 habent
2742 4454 2755 4489 :
2782 4437 2878 4489 sub
2910 4441 3030 4497 vite,
3062 4446 3109 4489 et
3141 4437 3236 4487 sub
3270 4435 3394 4502 ﬁcu.

2363 4504 2433 4579 S_e
2464 4507 2699 4579 invicem.
2729 4504 3214 4579 COliengdXXﬁ-AOU.
3240 4504 3382 4572 Lego
3432 4504 3713 4579 ἀλλήλους.

2245 4575 2335 4643 66)
2367 4573 2611 4643 Aureum.
2639 4575 2802 4630 Zacb.
2833 4591 2903 4631 tv.
2927 4574 2983 4627 2.

2245 4578 2335 4643 (56)
2367 4578 2611 4628 Aureum.
2639 4578 2802 4630 Zacb.
2833 4591 2903 4631 tv.
2927 4578 2983 4627 2.
3556 4578 3561 4579 ⁷

2223 4578 2340 4711 (6'7)
2363 4642 2555 4710 Incipit
2574 4647 2779 4711 quidem
2798 4664 2827 4695 η
2850 4643 3111 4709 ηοόὶεζῡε
3133 4642 3233 4697 hac
3250 4642 3537 4712 locutione,
3557 4661 3716 4712 quam

2153 4726 2217 4767 ex
2251 4713 2503 4780 Origeuis
2544 4712 2635 4767 lib.
2682 4730 2733 4766 ix
2772 4715 2823 4766 in
2871 4714 3162 4781 Epistolam
3194 4717 3261 4765 ad
3315 4711 3714 4767 Ronumosfor-

2155 4793 2296 4836 tas-se
2345 4783 2571 4849 sumpsit
2625 4784 2898 4849 Didymus,
2927 4785 3059 4836 satis
3112 4782 3219 4836 dixi
3271 4782 3324 4836 irt
3379 4782 3611 4849 Epistula
3649 4784 3718 4835 ad

2152 4852 2355 4905 clariss.
2396 4852 2669 4917 prwsulem
2708 4851 2969 4905 Joannem
3006 4852 3328 4906 Are/timum.
3362 4851 3496 4906 Vide
3530 4854 3717 4915 etiam,

2154 4922 2196 4975 si
2230 4921 2421 4991 placet2
2458 4923 2703 4991 superius
2740 4931 2849 4975 not.
2886 4920 2978 4983 85,
3013 4936 3131 4991 pag.
3168 4924 3250 4978 ll.

2224 4987 2336 5057 (68)
2396 4987 2759 5062 quttudibula.
2834 4987 3521 5062 (Σοιιυιιίβπαρυστρίδας.
3578 4990 3723 5062 Lego

2152 5058 2571 5130 ἐπαρυστρίδας.
2601 5059 2728 5130 Quae
2758 5075 2858 5112 vox
2888 5061 3136 5128 ambigua
3188 5058 3269 5114 εει
3300 5058 3362 5114 ιη’
3384 5062 3586 5113 Graecis
3633 5060 3721 5110 ιιι-

2155 5128 2290 5190 Ιιιιιέ,
2339 5129 2483 5181 ιλιι
2504 5131 2646 5182 enim
2698 5128 2822 5181 lntt.
2851 5144 2913 5180 ea
2948 5131 3029 5182 usi
3049 5140 3173 5182 stitit
3205 5131 3269 5182 ad
3317 5130 3719 5197 exprimendam

2151 5198 2338 5252 Graece
2372 5210 2483 5252 tum
2540 5213 2671 5252 voce
2730 5206 2949 5269 mpm:
2988 5198 3334 5269 (muznknth),
3393 5210 3502 5251 tum
3562 5214 3721 5253 voces

2151 5275 2382 5375 ενηρὸιει
2439 5275 2848 5358 (melkahhuim),
2899 5301 2951 5343 et
2977 5290 3149 5349 7mm:
3200 5288 3533 5358 (mali/itali):
3568 5289 3724 5342 modo

2154 5385 2357 5438 scilicet
2394 5399 2413 5431 ι
2442 5380 2800 5444 infundibula,
2827 5397 2845 5431 ι
2878 5381 3014 5443 sive,
3052 5390 3111 5434 ut
3135 5379 3300 5433 vertit
3337 5378 3596 5446 angatus
3640 5380 3723 5431 iu-

2157 5465 2383 5521 ti-rpres,
2422 5449 2745 5521 (inlusoria,
2780 5469 2798 5501 ι
2862 5450 3092 5521 velunt
3152 5450 3313 5521 vertit
3368 5448 3726 5521 Hieronymus

2158 5518 2250 5575 lib.
2289 5538 2302 5576 ι
2337 5522 2390 5573 iu
2425 5518 2768 5582 Zachariam,
2801 5535 2923 5588 pag.
2954 5519 3089 5585 809)
3148 5537 3167 5568 ι
3188 5518 3438 5571 ell‘usoria
3466 5534 3483 5581 ;
3509 5536 3527 5568 ι
3565 5518 3725 5570 modo

2157 5607 2281 5644 vero
2309 5609 2326 5640 ι
2352 5590 2608 5657 forcipes.
2631 5608 2648 5638 ι
2688 5591 2802 5643 sive
2836 5608 2854 5640 ι
2879 5587 3235 5645 einunc-torta.
3275 5606 3293 5638 ι
3348 5588 3399 5640 In
3449 5587 3725 5642 Zacharias

2158 5662 2488 5726 locotquem
2519 5659 2753 5728 explicat
2779 5660 3059 5729 Didymus,
3087 5660 3283 5726 legitur
3306 5673 3509 5729 Attamen
3536 5672 3719 5729 uiuan-

2155 5729 2294 5791 koih,
2326 5730 2466 5796 quod
2499 5743 2566 5782 ex
2593 5726 2809 5792 radice,
2842 5726 2937 5783 seu
2973 5731 3133 5783 verbo
3164 5736 3264 5812 pan
3296 5726 3520 5796 (jazak)
3556 5744 3573 5777 ι
3600 5728 3719 5778 fuit-

2161 5818 2342 5883 dendi,
2377 5836 2393 5868 ι
2430 5818 2541 5873 sive
2575 5816 2923 5875 rcﬂ‘uinlcndi
2950 5837 2967 5871 ι
3003 5818 3445 5888 signiﬁcationem
3488 5817 3719 5873 habente
