4110 6408
549 482 654 537 715

1734 520 1739 523 -
1776 480 2008 538 ΒῙΒΥΜΙ
2051 483 2519 542 ΑιΕΧΑΝῡιιιΝι

3687 481 3793 541 Ἠϐ

542 600 746 658 suntin
779 599 942 652 vitam
1002 598 1052 652 iu
1080 598 1375 655 Jerusalem
1410 619 1423 655 :
1458 602 1581 671 quia
1630 602 1810 659 abluet
1853 607 2098 661 Dominus

2212 607 2269 658 ὲν
2323 602 2599 674 Πνεύματι
2651 602 2881 670 κρίσεως
2916 602 3010 655 καὶ
3052 602 3109 654 ἐν
3146 601 3422 672 Πνεύματι
3460 596 3726 667 καύσεως.
3765 623 3790 655 ›

541 692 731 746 sordcs
760 690 991 743 ﬁliorum
1021 700 1073 743 et
1120 691 1354 745 ﬁliarum
1388 690 1540 755 Sion,
1564 702 1620 746 et
1649 697 1964 765 sanguinem
1994 699 2106 767 (25)

537 779 852 835 emnndabit
893 796 959 835 ex
1004 783 1181 836 medio
1228 798 1416 837 eorum
1467 785 1518 839 in
1554 784 1755 856 Spiritu
1805 787 2016 855 judieii,
2057 800 2112 844 et

541 873 593 925 in
631 872 834 940 Spiritu
870 874 1107 927 ardoris.
1150 893 1168 925 ι
1206 876 1283 927 Ac
1320 875 1512 931 Petrus
1539 889 1595 932 ιιι
1623 884 1873 934 ostendat
1909 881 1960 934 in
1994 882 2108 951 pri-

540 980 627 1018 ma
659 965 919 1032 Epistola,
947 967 1110 1034 quod.
1154 966 1199 1022 si
1235 967 1361 1021 olim
1403 969 1722 1038 baptismus,
1749 973 1840 1040 qui
1890 973 1941 1026 in
1992 988 2111 1027 um-

544 1058 638 1111 bra
670 1067 806 1122 erat,
844 1058 1114 1124 salvabat,
1155 1060 1322 1113 multo
1352 1062 1526 1131 magis
1551 1062 1638 1117 ille
1667 1063 1983 1133 baptismus,
2015 1066 2105 1135 qui

538 1158 622 1203 est
651 1148 703 1202 in
741 1148 990 1215 veritate,
1040 1163 1141 1205 nos
1175 1150 1510 1205 immortales
1555 1154 1752 1219 reddit,
1791 1165 1844 1208 et
1895 1156 2112 1208 deincat

540 1239 675 1310 (24),
721 1240 937 1309 scripsit
996 1243 1066 1296 ita
1106 1260 1123 1296 :
1174 1259 1191 1292 ι
1230 1241 1382 1309 Quod
1439 1252 1494 1297 et
1538 1257 1631 1297 vos
1654 1242 1766 1313 (23)
1794 1245 2103 1315 antitypum

541 1336 676 1403 (aut,
721 1333 914 1388 similis
969 1334 1174 1406 formae)
1235 1351 1376 1391 nunc
1435 1336 1607 1392 salvat
1653 1337 1942 1407 baptisma.
1999 1351 2106 1389 non

540 1427 718 1480 carnis
746 1426 1010 1495 depositio
1039 1428 1300 1493 sordium,
1331 1428 1427 1483 sed
1467 1429 1815 1484 conscientia:
1840 1428 1994 1483 bona:
2022 1427 2106 1480 iu-

541 1496 914 1587 terrogatio‘in
952 1518 1139 1585 Deutn,
1172 1534 1266 1587 per
1300 1521 1746 1575 resurrectionem
1782 1519 1907 1575 Jesu
1941 1519 2103 1574 Chri-

536 1608 627 1671 sti,
657 1606 748 1675 qui
778 1606 916 1661 sedit
973 1607 1086 1677 (26)
1143 1607 1197 1661 in
1243 1609 1463 1664 dextera
1534 1612 1626 1666 Dei
1680 1610 1792 1682 (27)
1832 1611 2108 1680 profectus

539 1697 591 1750 in
625 1698 843 1763 caelum,
890 1698 1151 1769 subjectis
1205 1700 1306 1754 sibi
1356 1702 1581 1770 angelis,
1618 1712 1672 1757 et
1728 1702 2103 1772 potestatibus,

532 1800 585 1842 et
618 1790 930 1844 virtutibus.
983 1808 1001 1842 ι
1060 1789 1229 1845 Porro
1265 1811 1283 1843 ι
1312 1791 1787 1862 interrogationem
1814 1793 1866 1845 in
1893 1794 2056 1846 Deum
2080 1810 2101 1844 ι

533 1878 664 1931 dicit
719 1880 1068 1933 conscientiae
1110 1880 1508 1936 confessionem
1547 1885 1664 1952 (seu
1715 1884 2103 1953 professionem

2212 696 2323 749 Καὶ
2358 696 2443 747 ἴνα
2467 694 2617 766 δείξῃ
2645 693 2849 763 Πέτρος
2871 692 2928 745 ὲν
2946 695 3012 763 τῇ
3038 691 3229 765 πρώτῃ
3274 692 3582 763 Ἐπιστολῇ,
3617 693 3715 757 ὡς,
3742 697 3795 747 ρι

2209 787 2269 840 τὸ
2309 786 2599 856 γενόμενόν
2635 801 2762 838 ποτε
2799 785 2858 838 ὲν
2888 787 3015 856 σκιᾷ
3049 784 3331 854 βάπτισμα
3369 782 3592 847 ἔσωζεν,
3638 786 3794 855 πόσῳ

2213 877 2410 948 μᾶλλον
2433 877 2494 931 τὸ
2513 876 2801 945 γενόμενον
2825 877 2883 929 ὲν
2907 876 3135 948 ἀληθείᾳ
3163 875 3503 929 ἀπαθανατοί
3528 875 3623 928 καὶ
3655 878 3793 929 ἁπο-

2211 968 2323 1021 θεοί
2372 969 2539 1039 ἡμᾶς,
2576 966 2699 1039 [127
2740 966 2795 1038 α]
2830 966 3066 1037 ἔγραψεν
3098 966 3301 1030 οὕτως·
3341 985 3359 1016 ι
3404 968 3469 1019 Ὀ
3518 965 3608 1019 καὶ
3645 967 3791 1036 ὑμᾶς

2209 1057 2496 1112 ἀντίτυπον
2532 1056 2630 1111 νῦν
2657 1054 2818 1121 σώζει
2852 1056 3151 1127 βάπτισμα,
3191 1056 3251 1109 οὐ
3286 1055 3486 1127 σαρκὸς
3531 1056 3791 1119 ἀπόθεσις

2210 1146 2405 1218 ῥύπου,
2458 1147 2593 1201 ἀλλὰ
2646 1147 2998 1219 συνειδήσεως
3050 1147 3262 1217 ὰγαθῆς
3311 1145 3647 1217 ἐπερώτημα
3707 1150 3793 1211 είς

2208 1236 2338 1291 Θεὸν
2370 1236 2435 1290 δι’
2461 1235 2810 1300 ἀναστάσεως
2846 1235 3019 1307 Ἰησοῦ
3058 1235 3320 1307 Χριστοῦ,
3361 1237 3511 1300 ὅστις
3534 1236 3792 1293 ἐκάθισεν

2208 1329 2266 1380 ὲν
2299 1326 2447 1398 δεξιᾷ
2476 1327 2569 1381 τοῦ
2605 1326 2741 1381 Θεοῦ
2779 1327 3067 1399 πορευθεὶς
3097 1330 3177 1391 είς
3207 1328 3453 1397 οὐρανὸν,
3490 1329 3787 1399 ὑποταγέν-

2206 1435 2313 1471 των
2351 1417 2499 1487 αὑτῷ
2547 1418 2818 1487 ἀγγέλων,
2848 1420 2943 1472 καὶ
2975 1417 3254 1483 ἐξουσιῶν,
3289 1419 3383 1472 καὶ
3417 1418 3717 1489 δυνάμεων.
3762 1440 3785 1472 ι

2219 1505 2587 1578 Ἐπερὼτημα
2628 1506 2684 1559 δὲ
2720 1507 2870 1576 λέγει
2916 1510 2997 1570 είς
3042 1507 3175 1561 Θεὸν
3230 1507 3330 1579 τὴν
3360 1508 3649 1580 ὁμολογίαν
3685 1509 3793 1580 τῆς

2209 1601 2583 1668 συνειδήσεως,
2612 1602 2680 1673 ἣν
2722 1602 3071 1673 ὲκτιθέμεθα,
3119 1604 3488 1675 συντιθέμενοι
3528 1604 3788 1675 βαπτίζε-

2208 1692 2331 1746 σθαι
2364 1694 2445 1756 είς
2470 1693 2709 1765 Πατέρα,
2739 1693 2833 1746 καὶ
2864 1694 3013 1756 Υίὸν,
3055 1695 3149 1749 καὶ
3175 1694 3327 1763 ἅγιον
3366 1697 3610 1769 Πνεῦμα,
3645 1698 3789 1751 κατά

2206 1783 2303 1853 τὴν
2339 1783 2432 1836 τοῦ
2465 1784 2669 1854 Κυρίου
2703 1787 2905 1856 φωνήν.
2947 1785 3176 1849 Ἡσαΐας
3201 1783 3293 1841 οὖν
3334 1782 3490 1852 αὖθις
3521 1788 3620 1860 βοᾷ
3650 1790 3788 1861 πρὸς

2207 1877 2330 1940 τοὺς
2363 1877 2437 1948 μὴ
2468 1876 2823 1941 πιστεύοντας
2851 1877 2928 1950 τῷ
2958 1878 3096 1949 ἁγίῳ
3126 1879 3421 1951 Πνεύματι,
3445 1883 3538 1936 καὶ
3560 1883 3647 1935 διὰ
3673 1883 3790 1937 τοῦ·

533 1967 680 2038 lldei)
712 1985 870 2038 quam
904 1972 1246 2040 exponimus,
1283 1987 1405 2027 cum
1442 1977 1796 2029 convenimus
1845 1984 1902 2028 ut
1931 1974 2098 2044 bapti-

2204 1986 2265 2021 το
2288 1970 2361 2039 μὴ
2393 1969 2613 2038 ἔχοντας
2633 1969 2729 2040 τὴν
2759 1970 3056 2040 μέλλουσαν
3088 1971 3453 2043 κληρονομίαν
3472 1989 3483 2002 ⁸
3525 1992 3543 2025 ι
3576 1974 3785 2037 Ἔστιν,

532 2075 719 2112 zetnur
751 2061 802 2113 in
834 2060 1067 2127 Patrem,
1097 2074 1151 2116 et
1182 2063 1400 2129 Filium,
1453 2074 1507 2119 et
1552 2064 1811 2135 Spiritum
1854 2076 2100 2121 sanctum

524 2149 679 2218 juxta
716 2149 924 2207 Domini
969 2155 1304 2209 inaudatum.
1349 2155 1512 2211 Isaias
1560 2170 1690 2226 ergo
1735 2159 1801 2211 ad
1846 2172 1961 2219 eos,
2010 2159 2102 2227 qui

533 2241 758 2311 Spiritui
819 2253 1008 2299 sancto
1041 2262 1144 2299 non
1208 2248 1455 2314 credunt,
1508 2248 1733 2316 ideoque
1789 2263 1896 2302 non
1940 2247 2105 2301 babe-

535 2334 666 2387 bunt
698 2344 980 2389 venturam
1036 2337 1424 2402 luercditatem,
1470 2340 1549 2394 sic
1598 2355 1790 2394 rursus
1843 2341 2040 2395 clamat
2086 2359 2100 2394 :

538 2443 558 2476 ι
593 2425 685 2481 Est
709 2424 842 2498 (28),
880 2427 1073 2497 inquit,
1114 2428 1415 2485 bzereditas.
1436 2432 1525 2497 iis,
1561 2433 1649 2500 qni
1700 2434 1885 2488 colunt
1926 2435 2104 2491 Domi-

532 2532 685 2580 num,
715 2526 768 2572 et
816 2533 910 2573 vos
958 2521 1113 2576 eritis
1154 2521 1265 2594 (29)
1302 2523 1457 2594 justi,
1489 2525 1620 2579 dicit
1682 2526 1957 2581 Dominus.
2012 2529 2101 2583 Si-

534 2610 728 2663 ticntes
759 2609 871 2681 (50)
902 2612 973 2665 ite
1005 2612 1057 2665 in
1091 2627 1309 2682 aquam,
1354 2623 1408 2669 et
1442 2615 1751 2684 quicunque
1794 2632 1898 2671 non
1930 2618 2100 2673 babe-

535 2698 602 2751 tis
627 2709 930 2769 argentum,
963 2711 1153 2756 euntes
1201 2703 1388 2770 emite,
1420 2713 1475 2759 et
1520 2705 1787 2760 comedite
1824 2706 1934 2779 (51)
1986 2707 2102 2762 sine

532 2801 758 2859 argento
781 2801 835 2845 et
881 2793 1056 2861 pretio
1090 2794 1271 2847 vinum
1320 2804 1376 2848 et
1404 2796 1640 2865 adipem.
1678 2815 1697 2849 ι
1727 2797 1935 2867 Aquam
1969 2799 2102 2854 dixit

534 2881 795 2948 Spiritum
830 2893 1101 2951 sanctum,
1147 2893 1202 2938 et
1234 2884 1430 2939 ﬂuenta
1496 2887 1716 2955 piscina:
1751 2888 1941 2953 ipsius.
1976 2886 2096 2942 Vini

533 2985 587 3026 et
620 2974 793 3043 adipis
845 2977 1062 3030 nomine
1112 2987 1238 3031 tunc
1283 2978 1499 3046 quidem
1550 2979 1971 3048 designabantur
2009 2995 2097 3045 ea,

533 3081 652 3132 qua:
680 3064 915 3122 Judaica:
949 3078 1104 3121 erant
1139 3069 1557 3137 propositionis;
1612 3070 1942 3140 2771mm
1971 3087 2100 3127 vero

532 3157 711 3211 divina
775 3159 1081 3212 communio
1123 3159 1367 3228 corporis
1418 3166 1472 3214 et
1531 3162 1807 3230 sanguinis
1850 3163 2094 3227 Domini,

531 3269 692 3321 quam
721 3269 823 3307 una
856 3270 975 3307 cum
1030 3256 1375 3310 renovatione
1413 3256 1571 3310 simul
1599 3256 1815 3325 quidem
1844 3254 2092 3316 emimus.

531 3359 636 3396 non
666 3326 971 3414 argentum,
1006 3346 1099 3399 sed
1158 3344 1317 3400 ﬁdem
1350 3348 1733 3416 expendentes,
1775 3348 1932 3403 simul
1968 3364 2097 3403 vero

528 3438 688 3490 ctiam
715 3439 854 3491 dono
876 3437 1192 3506 accipimus.
1210 3436 1361 3505 Quod
1383 3448 1561 3493 autem
1589 3454 1804 3508 «aquae»
1832 3439 2097 3495 vocabulo

529 3530 761 3597 Spiritus
791 3540 1035 3594 sanctus,
1073 3546 1137 3586 ac
1176 3531 1400 3601 insuper
1439 3531 1610 3602 ipsius
1646 3533 1899 3601 baptismi
1944 3548 2097 3602 aqua:

529 3625 868 3691 tlen‘otentur,
915 3629 1141 3675 testatur
1196 3630 1250 3675 et
1300 3620 1536 3677 Joannes
1575 3623 1825 3692 inquiens
1865 3639 1932 3678 ex
1980 3638 2098 3692 per-

524 3724 655 3762 sona
704 3707 1046 3765 Salvator-is:
1096 3728 1114 3761 ι
1152 3709 1254 3776 Qui
1309 3712 1481 3767 credit
1532 3710 1645 3784 ('52)
1702 3714 1752 3768 in
1816 3729 1920 3778 me,
1957 3714 2097 3768 sicut

525 3797 660 3851 dixit
700 3796 1001 3866 Scriptura,
1030 3798 1249 3852 ﬂmuina
1278 3814 1342 3853 cx
1377 3810 1562 3855 ventre
1595 3800 1711 3868 ejus
1752 3800 1917 3856 ﬂuent
1945 3817 2097 3870 aqua!

524 3883 686 3949 vivae,
723 3902 742 3935 ι
790 3894 844 3937 et
875 3886 1056 3939 statim
1084 3886 1167 3939 bis
1215 3886 1423 3941 addidit
1457 3905 1471 3943 :
1510 3906 1527 3939 ι
1568 3888 1680 3942 lloc
1724 3901 1902 3943 autent
1957 3890 2091 3958 (55),

524 3971 714 4040 inquit,
769 3973 980 4028 dicebat
1037 3975 1103 4029 de
1142 3975 1367 4044 Spiritu,
1404 3990 1561 4046 quem
1608 3989 1886 4046 acccplurt
1936 3991 2130 4047 crant,

524 4063 825 4119 credentes.
869 4085 887 4116 ι
922 4065 1073 4131 Quod
1111 4081 1241 4120 vero
1295 4066 1458 4134 etiam
1493 4070 1664 4139 gratis
1711 4072 1779 4122 ob
1831 4071 2096 4125 exceden-

525 4164 631 4206 tem
669 4153 953 4209 Triuitatis
1005 4155 1321 4220 bonitatem,
1356 4159 1601 4224 quamvis
1649 4160 1869 4227 indigni,
1898 4158 2095 4226 justiti-

521 4257 728 4308 cetnur,
750 4242 901 4298 Pauli
934 4243 998 4297 ad
1043 4245 1312 4300 Romanos
1343 4260 1519 4301 sermo
1542 4250 1775 4305 ostendit
1805 4268 1818 4305 :
1848 4267 1869 4302 ι
1892 4250 2093 4308 Omnes

521 4333 634 4406 (54)
661 4336 830 4402 enim,
868 4335 1062 4404 inquit,
1099 4349 1482 4407 peccaverunt,
1526 4349 1581 4395 et
1609 4342 1935 4409 posteriores
1968 4354 2094 4399 sunt

520 4425 657 4495 (sive
688 4425 868 4497 egent)
920 4426 1091 4496 gloria
1133 4428 1226 4483 Dei
1279 4450 1291 4485 :
1342 4430 1623 4500 justilicati
1684 4434 1855 4501 gratis
1917 4438 2092 4505 gratia

520 4518 690 4587 ipsius
716 4531 811 4586 per
844 4518 1289 4588 redemptionem,
1320 4536 1438 4589 quae
1461 4532 1540 4577 est
1572 4523 1624 4577 in
1657 4522 1873 4580 Christo
1903 4525 2083 4583 ἔθευ.»

516 4786 532 4801 ξ
583 4717 703 4840 (εὸἐ
735 4717 1075 4796 Sanguinem.
1106 4718 1292 4774 Graeca
1319 4721 1517 4802 editio:
1554 4722 1627 4775 Τὸ
1655 4718 1793 4791 αἷμα
1824 4726 2091 4797 Ἰερουσα-
2123 4733 2166 4786 Ι)

518 4786 628 4840 diu.
709 4788 996 4840 κκαθαοιεί
1046 4791 1111 4840 ὲκ
1163 4790 1328 4840 μέσου
1364 4792 1533 4840 αὐτῇς
1587 4794 1644 4840 ὲν
1701 4794 1796 4840 Πν.
1850 4812 1940 4840 κο-
1995 4796 2090 4840 καὶ

518 4786 996 4872 λ’ὴμβκκαθαριεί
1028 4790 1111 4842 ’ὲκ
1163 4790 1333 4872 μέσου⁸
1364 4791 1533 4861 αὐτῆς
1587 4794 1644 4872 έν
1700 4786 1813 4872 Πν..
1850 4786 1940 4866 κρ.
1983 4796 2090 4872 -καὶ

518 4856 795 4927 Πνεύματι
830 4856 1081 4930 καύσεως
1096 4897 1112 4922 ,
1158 4856 1341 4930 idest
1382 4856 1740 4930 «sanguinem
1788 4856 2087 4920 Jerusalem

517 4930 830 5005 cmundabit
850 4944 915 4982 ex
949 4929 1124 4983 medio
1155 4928 1321 4998 ipsius
1354 4931 1404 4983 in
1433 4928 1632 4998 Spiritu
1674 4930 1856 5001 iudicii
1888 4944 1942 4989 et
1969 4936 2088 5005 Spi-

517 4995 623 5049 ritu
648 4998 876 5051 ardoris.
909 5016 928 5048 ι

609 5064 701 5135 24)
747 5066 988 5135 Deiﬁcut.
1022 5066 1078 5121 id
1102 5078 1219 5131 est,
1256 5086 1275 5120 ι
1316 5066 1451 5123 ﬁlios
1481 5070 1573 5124 Dei
1604 5070 1781 5126 eﬂicit.
1822 5091 1843 5124 ι

607 5134 698 5204 ‘25)
744 5134 897 5200 Ωιιοᾶ
941 5146 989 5189 et
1014 5153 1120 5194 vos.
1167 5137 1224 5191 lu
1269 5139 1437 5204 prima
1479 5141 1619 5194 Petr.
1648 5157 1746 5206 ιιι,
1779 5142 1841 5195 21
1884 5153 1939 5196 et
1990 5144 2079 5200 92.

516 5201 699 5281 euge.
723 5206 887 5281 editio
915 5223 927 5258 :
968 5208 1036 5281 ’ξιξ
1058 5207 1154 5281 καὶ
1182 5201 1351 5278 ἡμᾶς,
1384 5211 1434 5262 id
1463 5221 1543 5264 cst
1577 5230 1595 5261 ι
1641 5201 1782 5281 quod
1824 5222 1877 5267 et
1907 5230 2024 5268 nos.
2056 5234 2075 5266 ι

516 5273 858 5345 Settlgatina,
886 5285 944 5328 ιιι
966 5273 1250 5345 Didymus.

593 5341 704 5412 (ἐϋ)
740 5341 909 5397 Sedit.
964 5341 1237 5410 Ριοόστις
1278 5345 1531 5401 ἐκάθισεν
1573 5349 1758 5406 erca
1788 5352 1949 5407 editio
1983 5355 2078 5408 ba-

514 5411 594 5465 bet
625 5413 682 5473 ὅς
711 5413 879 5468 ἐστιν.

582 5480 696 5561 (Ἠ)
729 5484 855 5561 Post
919 5486 1058 5539 banc.
1105 5500 1322 5561 vocem_
1353 5488 1501 5542 addit
1551 5490 1703 5561 Vulg.
1762 5492 2075 5559 interpres:

518 5566 538 5597 ι
574 5549 882 5620 chlutiens
918 5565 1166 5619 mortem,
1193 5567 1250 5610 ut
1276 5556 1397 5610 vita-
1434 5549 1930 5614 mtenntevhaeredes
1958 5562 2077 5616 ρο]-

514 5631 777 5700 paremur.
814 5638 833 5672 ι
872 5623 1074 5700 Quaein
1114 5626 1525 5700 GracisBibliis
1552 5629 1762 5683 desunt.
1793 5629 1869 5684 Ne
1897 5628 2076 5700 Cyril-

513 5688 833 5777 luslqutdem
855 5695 1200 5773 catechaxrv.
1223 5712 1284 5777 ea
1314 5697 1461 5777 legit.
1493 5699 1562 5750 At
1589 5688 2075 5777 tileolognsnoster

512 5772 576 5876 ea.
609 5756 736 5821 legit
766 5758 821 5810 in
845 5764 1186 5818 enarratione
1230 5766 1286 5818 in
1343 5756 1569 5833 puriorem
1617 5756 2072 5841 Petrivepistolam

512 5840 558 5876 at
604 5839 726 5876 can.
764 5841 843 5876 ιιι.

510 5839 576 5878 au
604 5839 726 5893 cap.
764 5841 843 5879 ιιι.

582 5894 693 5964 (9.8)
739 5894 850 5950 Est.
883 5893 987 5948 lsa.
1013 5912 1120 5963 LIV,
1153 5901 1242 5965 l7,
1273 5918 1360 5970 ιν,
1397 5904 1449 5960 l.

1988 6034 2029 6047 σε,

2205 2060 2389 2128 φησιν,
2440 2059 2772 2131 κληρονομία
2820 2064 2934 2125 τοῖς
2993 2061 3353 2133 θεραπεύουσι
3414 2064 3640 2136 Κύριον,
3693 2068 3787 2119 καὶ

2206 2153 2362 2221 ὑμεῖς
2398 2151 2581 2205 ἔσεσθε
2606 2152 2825 2216 δίκαιοι,
2860 2153 3009 2221 λέγει
3045 2154 3265 2225 Κύριος.
3292 2158 3353 2208 Οἱ
3380 2157 3658 2227 διψῶντες,
3689 2176 3785 2211 που

2206 2241 2428 2312 ρεύεσθε
2452 2243 2536 2311 ἐφ’
2570 2241 2715 2313 ὕδωρ
2734 2260 2745 2273 υ
2785 2244 2878 2297 καὶ
2899 2244 3012 2298 ὅσοι
3046 2245 3119 2315 μὴ
3152 2247 3299 2315 ἔχετε
3328 2248 3610 2319 ἀργύριον,
3641 2249 3789 2319 βαδί-

2205 2348 2398 2396 σαντες
2434 2332 2762 2405 ἁγοράσατε,
2812 2334 2906 2386 καί¹
2967 2336 3169 2403 φάγετε
3220 2336 3347 2390 ἄνευ
3392 2338 3652 2409 ἀργυρίου
3692 2341 3786 2393 καὶ

2200 2424 2367 2495 τιμῆς
2386 2419 2527 2478 οἶνον
2555 2427 2650 2478 καὶ
2672 2426 2859 2497 στέαρ.
2896 2445 2918 2480 ο
2959 2427 3143 2499 ’Υδωρ
3181 2424 3333 2483 εἶπεν
3362 2430 3421 2482 τὸ
3469 2430 3691 2500 Πνεῦμα
3723 2433 3785 2484 τὸ

2202 2516 2374 2586 ἆγιον,
2402 2519 2497 2570 καὶ
2529 2518 2629 2588 τῆς
2652 2519 3037 2591 κολυμϐήθρας
3066 2520 3229 2574 αὐτοῦ
3260 2522 3327 2575 τὰ
3348 2522 3565 2592 νάματα
3587 2540 3600 2553 ·
3642 2519 3787 2576 οἶνον

2202 2609 2294 2663 καὶ
2317 2609 2504 2679 στέαρ,
2535 2609 2659 2661 τότε
2686 2612 2783 2680 μὲν
2805 2610 2870 2663 τὰ
2895 2610 2992 2681 τῆς
3016 2611 3328 2682 προθέσεως
3353 2613 3453 2682 τῆς
3489 2613 3787 2684 Ἰουδαϊκῆς

2201 2700 2297 2770 ὲσή
2309 2716 2492 2769 μανεν,
2534 2699 2627 2753 νῦν
2643 2698 2700 2752 δὲ
2724 2700 2822 2770 τὴν
2861 2700 3124 2755 ἀθάνατον
3154 2703 3439 2756 κοινωνίαν
3462 2705 3557 2756 τοῦ
3594 2703 3788 2773 σώμα-

2201 2807 2291 2855 τος
2313 2791 2405 2843 καὶ
2436 2791 2666 2860 αἳματος
2696 2792 2789 2844 τοῦ
2818 2792 3137 2846 δεσποτικοῦ
3160 2812 3173 2824 ·
3207 2795 3396 2865 ἥντινα
3428 2797 3524 2849 σὺν
3550 2796 3627 2867 τῷ
3657 2798 3790 2850 ἀνα⁴

2202 2883 2471 2954 καινισμῷ
2503 2884 2617 2954 ἄμα
2647 2885 2745 2955 μὲν
2768 2886 3137 2957 ἀγοράζομεν,
3170 2889 3351 2941 πίστιν
3376 2890 3468 2941 καὶ
3496 2890 3594 2942 οὐκ
3622 2891 3789 2960 ἀργύο

2204 2989 2314 3043 ριον
2339 2974 2771 3045 κατατιθέμενοι,
2798 2975 2913 3046 ἅμα
2945 2977 3001 3029 δὲ
3024 2978 3118 3031 καὶ
3144 2980 3387 3048 χάρισμα
3411 2979 3781 3049 λαμϐάνομεν.

2203 3065 2323 3118 Ὅτι
2356 3066 2410 3118 δὲ
2447 3066 2590 3138 ὕδωρ
2619 3068 2681 3119 τὸ
2715 3068 2867 3135 ἆγιον
2912 3069 3155 3140 Πνεῦμα,
3203 3070 3282 3123 ἔτι
3316 3070 3421 3143 μὴν
3461 3074 3555 3126 καὶ
3592 3073 3652 3126 τὸ
3687 3073 3784 3126 τοῦ

2201 3156 2570 3229 βαπτίσματος
2621 3160 2785 3212 αὑτοῦ
2847 3160 3014 3228 λέγει,
3066 3164 3159 3214 καὶ
3211 3161 3460 3235 Ἰωάννης
3511 3169 3784 3237 μαρτυρεῖ

2198 3247 2306 3300 άπὸ
2352 3248 2446 3300 τοῦ
2492 3250 2762 3319 Σωτῆρος,
2798 3250 3002 3303 εἰπών’
3040 3271 3058 3300 ι
3103 3250 3161 3304 Ὀ
3206 3253 3479 3306 πιστεύων
3530 3256 3610 3317 εἰς
3656 3256 3778 3325 ἐμὲ,

2201 3338 2381 3401 καθὼς
2420 3335 2570 3392 εἶπεν
2612 3341 2644 3410 ἡ
2683 3341 2866 3413 Γραφή
2891 3358 2904 3370 ·
2943 3344 3174 3413 ποταμοὶ
3207 3344 3269 3397 ἐκ
3302 3346 3401 3415 τῆς
3428 3346 3632 3411 κοιλίας
3679 3349 3779 3399 αύ-

2198 3429 2291 3482 τοῦ
2328 3429 2609 3501 ῥεύσουσιν
2644 3430 2835 3495 ὓδατος
2863 3432 3084 3496 ζῶντος.
3132 3454 3148 3485 ι
3186 3437 3294 3488 Καὶ
3323 3437 3486 3502 εὐθὺς
3509 3440 3776 3511 προσέθη-

2199 3540 2292 3576 κεν
2335 3523 2411 3594 τῴ
2442 3524 2612 3594 λόγῳ·
2654 3543 2673 3576 t
2721 3524 2890 3577 Τοῦτο
2927 3526 3003 3589 δὲ,
3045 3529 3229 3596 φησιν,
3279 3528 3464 3599 ἔλεγεν
3513 3533 3639 3604 περί¹
3681 3533 3775 3587 τοῦ

2198 3615 2533 3685 Πνεύματος,
2574 3610 2634 3669 οῦ
2668 3615 2890 3685 ἔμελλον
2920 3616 3215 3688 λαμϐάνειν
3257 3622 3306 3674 οἱ
3345 3623 3712 3689 πιστεύοντες.
3752 3647 3771 3677 ο

2199 3703 2325 3775 [127
2358 3704 2410 3776 ιι]
2448 3706 2567 3759 Ὅτι
2606 3705 2662 3757 δὲ
2688 3706 2782 3758 καὶ
2819 3710 3019 3778 προῖκα
3048 3708 3419 3781 δικαιούμεθα,
3447 3714 3655 3780 ἀνάξιοι
3687 3716 3776 3769 ὅν-

2195 3815 2306 3861 τες,
2329 3797 2395 3849 δι*
2422 3797 2865 3868 ὑπερϐάλλουσαν
2895 3798 3206 3872 άγαθότητα
3233 3803 3331 3873 τῆς
3356 3805 3602 3875 Τριάδος,
3629 3807 3777 3861 Παύ-

2194 3888 2287 3940 λου
2343 3887 2479 3958 πρὸς
2521 3889 2822 3959 Ῥωμαίους
2869 3890 3090 3957 διέδειξε
3122 3892 3307 3961 λόγος·
3355 3913 3373 3945 ι
3404 3896 3611 3960 Πάντες
3643 3898 3772 3968 γὰρ,

2196 3981 2379 4050 φησιν,
2406 3980 2672 4051 ἥμαρτον,
2705 3981 2797 4035 καὶ
2822 3982 3168 4052 ὑστεροῦνται
3195 3985 3291 4056 τῆς
3316 3985 3472 4058 δόξης
3499 3988 3592 4041 τοῦ
3614 3988 3769 4054 Θεοῦ,

2194 4070 2558 4141 δικαιούμενοι
2583 4072 2787 4143 δωρεὰν
2818 4076 2883 4144 τῇ
2918 4073 3082 4126 αὐτοῦ
3113 4076 3295 4146 χάριτι
3331 4078 3419 4130 διὰ
3441 4081 3538 4149 τῆς
3564 4079 3769 4132 ἀπολυ-

2193 4164 2456 4235 τρώσεως·
2488 4165 2586 4237 τῆς
2614 4167 2669 4217 ἐν
2708 4166 2927 4237 Χριστῷ
2968 4166 3162 4238 Ἰησοῦ.
3198 4187 3216 4219 ι
3254 4170 3364 4239 Τῆς
3398 4168 3601 4241 δωρεᾶς
3632 4171 3768 4225 ταύ-

2192 4272 2293 4327 της
2324 4257 2642 4328 μακαρίζων
2665 4258 2789 4322 τοὺς
2812 4257 3181 4329 ἀξιουμένους,
3209 4261 3236 4312 ὀ
3265 4261 3362 4333 μὲν
3388 4262 3588 4335 Κύριος
3616 4267 3771 4337 παρά

2193 4347 2374 4419 Δουκᾷ
2412 4347 2594 4419 ἔλεγεν
2644 4349 2782 4421 πρὸς
2827 4352 2952 4415 τοὺς
3003 4352 3277 4424 μαθητάςο
3325 4375 3342 4405 ι
3381 4357 3656 4428 Μακάριοι
3719 4360 3771 4413 οἱ

2192 4437 2457 4509 ὀφθαλμοὶ
2506 4442 2554 4493 οἱ
2590 4440 2876 4511 βλέποντες
2913 4441 2949 4495 ἃ
2986 4443 3228 4513 βλέπετε.
3276 4445 3435 4512 Λέγω
3473 4448 3583 4518 γὰρ
3617 4448 3767 4519 ὑμῖν,

2192 4528 2272 4582 ὅτι
2306 4530 2488 4584 πολλοι¹
2515 4531 2793 4602 προφῆται
2832 4532 2925 4585 καὶ
2967 4532 3203 4603 βασιλεῖς
3235 4533 3507 4607 ἠθέλησαν
3550 4538 3695 4605 ίδεῖν,
3731 4540 3762 4594 ἃ

2252 4728 2378 4852 ,(29)
2418 4730 2603 4786 Erilis.
2648 4733 2833 4811 Grzeca
2870 4736 2955 4790 ed.
2994 4734 3182 4789 ἔσεσθέ
3213 4754 3323 4808 μοι,
3347 4737 3398 4790 id
3429 4747 3512 4792 est
3554 4756 3575 4788 ι
3614 4739 3767 4792 eritis

2252 4814 2263 4850 I
2291 4815 2341 4851 ιι.
2375 4819 2394 4850 ι

2193 4814 2341 4851 nillil.
2375 4819 2394 4850 ι

2263 4887 2373 4968 (50)
2411 4889 2679 4968 sitientes.
2712 4894 2923 4968 Contpl.
2956 4896 3041 4950 ed.
3064 4939 3078 4958 ,
3123 4896 3261 4950 Οὐαὶ
3284 4900 3333 4951 οί
3370 4898 3660 4968 διψῶντες,
3698 4916 3762 4954 cx

2190 4959 2417 5033 ltebrteo
2444 4959 2609 5033 fonte,
2634 4964 2723 5032 qui
2760 4959 2921 5019 habet
2982 4969 3221 5020 vocantis
3251 4978 3304 5020 ct
3330 4959 3623 5023 clamantis
3644 4959 3785 5033 par-”

2191 5027 2406 5101 ticulain
2459 5038 2540 5092 *τι
2593 5027 2740 5101 (libi).
2798 5033 3267 5090 Francol‘urteusis
3329 5049 3506 5092 tamen
3594 5027 3764 5092 editio

2188 5097 2389 5151 omittit
2416 5097 2654 5154 meulain
2688 5103 2826 5168 οὐαί,
2859 5114 2916 5156 ιιι
2949 5105 3224 5174 Didymus.

2259 5179 2370 5257 (ﬁt)
2409 5180 2696 5257 (Ῐοιιιιειιὶιιιτ
2752 5184 2937 5257 Graeca
2984 5187 3150 5257 editio
3200 5188 3438 5257 rectius;
3486 5190 3575 5245 hic
3613 5192 3756 5243 enim

2188 5249 2333 5302 addit
2352 5249 2387 5326 ’.ι
2416 5253 2509 5307 καὶ
2534 5252 2827 5326 πορεύεσθε
2854 5254 3308 5326 καιὰγοράσατε,
3334 5259 3384 5311 id
3417 5249 3499 5313 est
3533 5278 3552 5312 ι
3578 5268 3631 5313 et
3663 5260 3756 5323 ite,

2186 5326 2240 5397 et
2269 5319 2431 5373 emite
2463 5338 2475 5373 :
2503 5338 2542 5397 ἰ.
2571 5319 2690 5388 qua:
2736 5324 2897 5378 lectio
2927 5319 3150 5397 Hebraeo
3198 5319 3492 5397 exemplari
3528 5319 3758 5385 censen;

2186 5394 2468 5471 taueqest.
2503 5387 2627 5444 Haec
2662 5402 2836 5447 tamen
2865 5396 3025 5447 verba
3066 5394 3133 5471 ab
3156 5387 3752 5471 aliisquoquepmitti,

2187 5467 2239 5536 ut
2266 5474 2295 5539 a
2325 5458 2569 5528 Didymo,
2588 5469 2818 5539 testatur
2853 5472 3039 5539 amtor
3064 5458 3489 5539 adnotationutit,
3518 5458 3638 5539 qua:
3661 5458 3739 5522 ad?

2181 5525 2338 5594 jectac
2368 5525 2493 5582 sunt
2523 5532 2743 5585 euitioni
2782 5532 3241 5592 Francofurteusi.

2253 5609 2364 5678 (52)
2400 5610 2503 5675 Qui
2538 5615 2724 5668 credit.
2750 5614 2907 5670 Joan.
2940 5631 3039 5681 vn,
3069 5616 3160 5671 58.

2253 5692 2364 5773 (523))
2426 5694 2540 5749 Hoc
2585 5707 2786 5755 auum.
2843 5699 2977 5754 Ibid.
3036 5700 3126 5756 59.
3204 5701 3386 5759 Gmca
3450 5705 3561 5773 cd.,
3629 5699 3753 5760 εἷπε

2182 5760 2279 5832 pro
2312 5760 2517 5829 ἔλεγεν.

2253 5843 2364 5915 (54)
2397 5842 2606 5902 Omnes.
2645 5847 2798 5903 Rom.
2835 5864 2917 5915 ιιι,
2955 5850 3046 5917 25,
3103 5851 3194 5905 ‘24.
