4134 6396
366 374 466 429 725
1391 382 1478 436 DE
1519 350 1891 442 Tamiram
1930 388 2133 445 LIBER
2172 383 2563 445 SECUNDUS.
3499 378 3603 435 τεο

360 484 508 551 οἶκος
541 488 638 543 τοῦ
700 491 877 545 Ιακὼϐ
917 493 1235 567 παρὼργισε
1291 497 1351 550 τὸ
1390 498 1618 569 Πνεῦμα
1648 500 1875 570 Κυρίου.
1912 518 1931 552 ι

2044 502 2305 572 loquitur,
2340 502 2410 558 ob
2433 496 2769 553 identitatcm
2801 494 3053 550 videlicet
3082 492 3318 558 deitatis,
3348 502 3402 548 et
3429 491 3606 547 domi-

363 578 473 631 Καὶ
502 580 530 630 ὁ
566 583 1016 655 πνευματοφόρος
1044 586 1101 638 δὲ
1131 585 1317 652 Δαυῒδ,
1347 587 1407 640 τὸ
1434 588 1568 659 πρὸς
1596 590 1685 641 τὸν
1712 589 1933 660 Πατέρα

2042 594 2297 656 nationis,
2318 600 2373 646 et
2398 587 2674 659 potentitc.
2711 583 2967 640 Micbmas
2996 599 3122 640 vero
3151 584 3401 640 similiter
3431 582 3604 638 Israe-

364 669 604 750 ἰσότιμον
633 672 726 724 καὶ
771 673 1089 745 ίσοδύναμον
1121 676 1214 731 τοῦ
1252 677 1567 750 Πνεύματος
1613 678 1776 733 αὑτοῦ
1806 695 1932 731 συνι·

2042 683 2138 737 lem
2170 723 2184 748 ,
2240 682 2330 752 qui
2387 681 2554 733 Deum
2613 675 2950 739 oll‘enderat,
2998 675 3247 745 deplorat
3309 674 3605 743 inquiens:

359 761 657 830 ολιολογῶν,
675 766 766 817 καὶ
793 766 854 818 τὸ
871 766 994 836 δίχα
1018 768 1110 821 τοῦ
1139 770 1293 838 ἁγίου
1319 771 1458 824 Πνεύ
1466 788 1634 842 ματος
1653 769 1934 842 μηδοτιοῦν

2044 795 2063 828 ι
2095 775 2298 828 Domus
2327 770 2437 843 (75)
2465 768 2633 825 Jacob
2661 773 2728 823 ad
2763 767 3099 822 iracundiam
3144 768 3458 837 provocavit
3485 764 3610 835 Spi-

358 852 465 904 τῶν
491 852 710 921 ἀγαθῶν
736 856 999 927 ὑπάρχειν
1020 862 1086 930 τῇ
1108 861 1302 928 κτίσει,
1328 861 1544 933 ηὑχετο·
1574 880 1593 914 ι
1622 863 1695 915 Τὸ
1714 861 1937 932 Πνεῦμὰ

2042 866 2204 919 ritum
2239 862 2472 917 Domini.
2495 879 2513 911 ι
2546 859 2614 915 Ει
2664 857 2929 928 spiritit‘er
2957 856 3123 911 David
3164 855 3421 926 Spiritum
3454 870 3603 910 eam-

362 960 456 996 σου
515 945 575 998 τὸ
626 946 831 1014 ἀγαθὸν
875 949 1133 1021 ὁδηγήσει
1167 969 1236 1022 με
1287 953 1345 1005 ἐν
1384 956 1455 1023 γῇ
1510 952 1721 1024 εὐθείᾳ·
1761 970 1779 1003 ι
1817 951 1933 1016 καὶ,

364 1053 382 1083 ι
419 1034 698 1107 Πνεύματι
735 1039 1048 1110 ἡγεμονικῷ
1090 1042 1341 1113 στήριξόν
1382 1058 1480 1112 με’
1533 1061 1552 1093 ι
1589 1042 1734 1096 τοῦτ’
1767 1042 1934 1107 ἐστιν,

361 1123 437 1193 τῷ
464 1124 744 1196 Πνεύματί
776 1144 868 1179 σου
894 1127 972 1198 τῷ
996 1129 1206 1201 ἀρχικῷ
1229 1130 1324 1184 καὶ
1353 1131 1600 1197 ἐξουσίαν
1622 1131 1797 1202 ἔχοντι
1824 1148 1938 1184 στε-

363 1214 587 1284 ρέωσον,
619 1214 683 1268 ἵν’
725 1214 867 1270 οὕτω
897 1218 1108 1290 δυνηθῶ
1146 1221 1246 1291 τῆς
1291 1238 1352 1274 τε
1389 1221 1659 1293 ἁμαρτίας
1706 1221 1937 1292 καθαρι-

365 1305 592 1374 σθῆναι,
630 1308 724 1361 καὶ
765 1309 866 1379 τῆς
914 1313 1250 1382 προφητείας
1299 1315 1374 1384 μὴ
1417 1315 1688 1367 ἐκπεσεῖν.
1729 1315 1839 1368 Καὶ
1879 1317 1938 1369 ἐν

364 1396 679 1469 Εὑαγγελίῳ
712 1403 839 1465 τοὺς
884 1403 1213 1469 ἀποστόλους
1251 1406 1517 1459 διδάσκων
1566 1408 1595 1460 ὁ
1638 1407 1939 1479 Δεσπότης,

360 1484 441 1536 δτι
466 1486 564 1555 τῆς
591 1489 782 1541 ἑαυτοῦ
810 1491 1133 1561 ἐπιφανείας
1160 1494 1258 1565 οὑχ
1284 1494 1466 1564 ἥσσων
1492 1495 1644 1549 ἔσται
1672 1498 1704 1567 ἡ
1739 1514 1932 1566 παρου-

365 1576 453 1630 σία
491 1579 584 1632 τοῦ
622 1581 782 1650 ἁγίου
820 1584 1153 1655 Πνεύματος,
1189 1586 1282 1640 καὶ
1331 1589 1365 1658 ἡ
1406 1586 1615 1641 ἐκεῖθεν
1664 1602 1940 1658 περιγινο-

366 1669 501 1741 μένη
544 1675 787 1745 σωτηρία
815 1679 880 1748 τῇ
923 1678 1097 1730 κτίσει
1122 1694 1135 1708 ⁸
1158 1664 1289 1732 ’ἁλλ’
1322 1681 1416 1748 ἴση
1460 1679 1553 1732 καὶ
1596 1681 1628 1750 ἡ
1664 1679 1823 1749 αὑτὴ,
1853 1676 1940 1731 διὰ

365 1760 459 1830 τὴν
488 1763 617 1832 μίαν
647 1764 874 1837 θεότητα
920 1768 1012 1820 κα)⁵
1048 1769 1354 1839 ἐνέργειαν,
1386 1769 1535 1838 λέγει
1555 1787 1567 1800 ·
1611 1789 1627 1820 ι
1666 1769 1938 1840 Συμφέρει

2040 957 2162 1009 dem
2200 969 2321 1008 cum
2368 950 2531 1005 Patre
2573 951 2893 1021 dignitatem
2949 962 3014 1003 ac
3058 947 3353 1017 potentiam
3387 946 3605 1011 habere,

2041 1045 2357 1113 nullumque
2385 1042 2476 1096 ulli
2504 1049 2770 1096 creature
2808 1040 3006 1093 bonum
3033 1037 3153 1092 sine
3182 1036 3385 1106 Spiritu
3421 1047 3611 1090 sancto

2050 1149 2174 1190 esse
2196 1132 2480 1199 conﬁtens,
2507 1132 2582 1186 ita
2639 1129 2965 1200 precabatur
2998 1146 3013 1183 :
3044 1146 3063 1181 ι
3098 1127 3332 1198 Spiritus
3362 1127 3610 1198 (76)tuus

2036 1228 2210 1282 bonus
2235 1226 2463 1294 deducet
2488 1239 2574 1281 me
2609 1225 2662 1279 in
2688 1232 2831 1277 terra
2869 1230 3051 1285 recta;
3084 1240 3102 1273 ι
3129 1232 3217 1276 et:
3240 1220 3476 1291 «Spiritu
3495 1219 3609 1292 (77)

2040 1317 2324 1387 principali
2357 1316 2618 1373 confirma
2646 1330 2751 1377 me,
2785 1332 2806 1365 ι
2846 1314 2898 1368 id
2927 1324 3032 1379 est,
3062 1313 3266 1383 Spiritu
3316 1323 3406 1367 tuo
3438 1314 3610 1366 domi-

2041 1419 2231 1462 natore
2284 1416 2338 1462 et
2388 1416 2704 1476 potestatem
2762 1406 2995 1459 habente
3047 1404 3337 1459 corrobora
3402 1418 3517 1469 me,
3554 1411 3611 1456 ttt

2038 1498 2117 1552 sic
2148 1498 2348 1567 possim
2374 1507 2428 1552 et
2461 1513 2488 1550 a
2514 1507 2737 1567 peccato
2768 1496 3037 1559 mandari,
3066 1504 3119 1549 et
3144 1510 3171 1548 a
3204 1495 3479 1565 prophetia
3505 1511 3609 1550 non

2039 1591 2313 1645 excidere.
2344 1591 2421 1645 Ac
2453 1590 2507 1644 in
2535 1589 2829 1660 Evangelio
2882 1587 3152 1659 apostolos
3204 1588 3402 1642 docens
3432 1587 3611 1643 Domi-

2039 1699 2161 1747 nus,
2196 1682 2365 1753 ipsius
2401 1681 2839 1737 manilestatione
2864 1681 3151 1745 minorem,
3183 1687 3275 1733 aut
3315 1678 3491 1733 minus
3520 1692 3614 1731 ex-

2041 1774 2325 1830 cellentem
2355 1789 2461 1829 non
2496 1774 2611 1827 fore
2662 1774 2949 1827 adventum
2998 1769 3233 1840 Spiritus
3274 1770 3483 1835 sancti;
3513 1784 3613 1824 nec

365 1851 513 1921 ὑμῖν,
554 1854 639 1908 ἵνα
678 1856 788 1925 ἐγὼ
834 1858 1075 1913 ἀπέλθω.
1134 1861 1258 1914 Ἐἁν
1290 1860 1397 1931 γὰρ
1430 1861 1508 1931 μὴ
1543 1860 1653 1929 ἐγὼ
1697 1860 1936 1926 ἀπέλθω,

2044 1864 2211 1930 illam,
2243 1879 2363 1933 quae
2394 1863 2518 1917 inde
2547 1862 2725 1917 futura
2757 1871 2896 1927 erat,
2946 1869 3321 1917 creaturarum
3350 1859 3608 1922 salutem;

364 1943 567 2009 ἐκεῖνος
611 1948 710 2001 οὑκ
756 1949 1007 2019 ἔρχεται,
1053 1952 1115 2005 τὸ
1172 1953 1394 2023 Πνεῦμα
1427 1953 1488 2005 τὸ
1520 1953 1695 2021 ἆγιον.
1760 1972 1778 2004 ι
1830 1954 1941 2006 Καὶ

365 2033 649 2104 σύμφωνον
668 2039 724 2092 δὲ
744 2044 808 2111 τῇ
832 2042 1024 2096 ἑαυτοῦ
1049 2044 1145 2112 τὴν
1168 2044 1258 2095 τοῦ
1282 2043 1437 2109 ἁγίου
1464 2043 1602 2096 Πνεύ
1612 2061 1778 2113 ματος
1798 2044 1939 2098 διδα-

364 2127 586 2182 σκαλίαν
635 2134 947 2201 παριστῶν,
995 2134 1133 2202 ἐφη·
1176 2152 1193 2183 t
1242 2135 1409 2188 Ὅταν
1454 2135 1581 2208 ἔλθῃ
1614 2136 1674 2188 τὸ
1718 2137 1942 2207 Πνεῦμα

361 2218 421 2270 τὸ
449 2219 622 2288 ἅγιον,
663 2225 839 2276 ἐκεῖνο
879 2226 1023 2295 ὑμᾶς
1049 2225 1248 2289 διδάξει
1281 2227 1373 2279 καὶ
1410 2228 1712 2298 ἀναμνήσει
1741 2229 1938 2294 πάντα,

360 2309 395 2361 ἃ
420 2306 574 2365 εἷπον
603 2314 756 2383 ὑμῖν·
800 2334 818 2365 ι
850 2317 966 2381 καὶ,
1003 2336 1020 2368 ι
1068 2319 1183 2370 Οὑκ
1207 2319 1330 2372 ἐστέ
1364 2320 1519 2388 ὑμεῖς
1553 2321 1602 2373 οἰ
1631 2320 1936 2386 λαλοῦντες,

369 2402 504 2455 ἁ).λὰ
527 2404 585 2456 τὸ
621 2404 844 2476 Πνεῦμα
880 2408 972 2461 τοῦ
1011 2410 1223 2481 Πατρὸς
1251 2411 1311 2464 τὸ
1341 2411 1531 2465 λαλοῦν
1564 2414 1620 2465 ἐν
1648 2414 1792 2483 ὑμῖν.
1829 2434 1846 2466 ο
1876 2415 1941 2467 Ei.

361 2491 415 2542 δὲ
450 2493 508 2545 τὺ
539 2494 763 2566 Πνεῦμα
804 2497 896 2550 τοῦ
940 2500 1153 2571 Πατρὸς
1190 2502 1451 2570 ὁμότιμον
1494 2501 1571 2572 τῷ
1613 2503 1818 2574 Πατρὶ,
1863 2504 1940 2568 ὼς

362 2584 759 2651 ἀποδέδεικται,
795 2588 1054 2660 ὁμότιμον
1087 2590 1142 2642 δὲ
1180 2592 1284 2643 καὶ
1329 2590 1405 2661 τῷ
1441 2592 1574 2662 Υίῴ,
1611 2592 1686 2655 ὡς
1731 2594 1940 2663 ὡμολό-

370 2691 523 2744 γηται
549 2693 563 2708 ο
597 2678 777 2746 δῆλον,
805 2680 886 2732 ὃτι
920 2680 1017 2751 τὴν
1044 2682 1165 2750 ἴσην
1203 2684 1298 2734 καὶ
1325 2684 1459 2753 πρὸς
1492 2682 1724 2754 ἀλλήλας
1756 2684 1939 2755 ἔχουσι

361 2766 542 2835 σχέσιν
590 2770 639 2820 ἰί
663 2768 800 2822 θεῖαι
825 2771 1167 2835 ὑποστάσεις.
1202 2772 1330 2844 [150
1354 2772 1409 2845 ιι]
1429 2774 1508 2827 Τὰ
1546 2774 1654 2846 γὰρ
1678 2775 1755 2845 τῷ
1787 2776 1936 2847 αὑτῷ

363 2857 472 2924 ἴσαι,
511 2860 605 2912 καὶ
634 2860 883 2932 ἀλλήλοις
912 2864 1001 2915 ἶσα
1022 2863 1237 2925 πάντως
1260 2864 1435 2917 ἐστίν’
1479 2865 1591 2930 ἴσος
1636 2867 1692 2921 δὲ
1734 2870 1762 2920 ὁ
1810 2869 1939 2932 Υἱὸς

370 2950 435 3018 τῷ
486 2952 682 3023 Πατρὶ,
740 2954 851 3006 ίσον
905 2955 960 3007 δὲ
1011 2957 1103 3009 καὶ
1141 2957 1201 3009 τὸ
1261 2957 1482 3028 Πνεῦμα
1521 2958 1600 3028 τῷ
1657 2958 1804 3030 Υἱῴ·
1846 2960 1941 3030 δῆ-

357 3042 469 3105 λον,
522 3043 601 3095 ὅτι
639 3045 838 3114 ὁμοίως
902 3047 1015 3100 ἴσον
1067 3048 1185 3101 ἐστὶ
1230 3049 1325 3103 κα)⁸
1381 3048 1459 3120 τῷ
1508 3050 1700 3120 Πστρί.
1761 3049 1936 3104 Αὑτοῦ

2041 1959 2134 2015 sed
2166 1957 2426 2027 aequalem
2481 1965 2768 2024 utramque
2816 1969 2936 2009 esse
2986 1962 3040 2008 et
3082 1954 3348 2017 eamdem,
3393 1959 3611 2019 propter

2040 2050 2260 2105 deitatis
2321 2055 2375 2102 et
2430 2048 2759 2118 operationis
2813 2046 3097 2112 unitatem,
3157 2042 3439 2098 declarans
3492 2042 3606 2094 ait:

2048 2161 2067 2193 ο
2105 2140 2327 2195 ProdeSt
2351 2140 2461 2211 (78)
2493 2140 2674 2205 vobis,
2707 2148 2765 2192 ut
2797 2152 2898 2207 ego
2927 2140 3113 2190 abeam
3155 2154 3167 2189 :
3208 2134 3312 2188 nisi
3338 2133 3479 2188 enim
3508 2147 3611 2199 ego

2042 2232 2252 2297 abiero,
2288 2232 2377 2287 ille
2413 2247 2515 2286 non
2546 2231 2693 2285 venit
2721 2230 2787 2283 ad
2817 2244 2928 2292 vos,
2961 2227 3197 2296 Spiritus
3220 2235 3459 2280 sanctus.
3488 2242 3507 2275 ι
3548 2223 3613 2277 Et

2040 2324 2336 2379 doctrinam
2371 2339 2525 2377 suam
2545 2323 2805 2377 doctrina:
2830 2320 3066 2389 Spiritus
3089 2318 3264 2373 saneti
3285 2316 3609 2371 concordem

2040 2415 2443 2478 demonstrans,
2473 2414 2648 2483 inquit
2680 2431 2693 2467 :
2730 2433 2748 2465 ι
2782 2413 2916 2467 Cum
2973 2411 3181 2465 venerit
3235 2410 3347 2482 (79)
3378 2408 3613 2478 Spiritus

2040 2515 2284 2569 sanctus,
2313 2505 2405 2559 ille
2438 2520 2534 2560 vos
2576 2505 2813 2567 docebit,
2846 2512 2902 2558 et
2955 2510 3210 2571 suggeret
3251 2503 3457 2565 omnia,
3492 2516 3613 2568 qtttB

2041 2598 2149 2651 dixi
2178 2597 2365 2659 vobis;
2395 2614 2414 2647 ο
2451 2605 2537 2650 et:
2576 2615 2595 2647 ι
2632 2594 2743 2648 Non
2772 2594 2904 2648 estis
2932 2592 3045 2663 (80)
3073 2608 3164 2647 vos
3190 2594 3279 2661 qui
3308 2591 3612 2661 loquimini.

2040 2688 2132 2740 sed
2166 2685 2402 2754 Spiritus
2434 2684 2612 2739 Patris
2634 2685 2725 2753 qui
2762 2684 3001 2752 loquitur
3046 2682 3098 2735 iu
3134 2682 3305 2735 vobis.
3337 2701 3355 2734 ι
3387 2680 3537 2746 Quod
3567 2682 3612 2735 si

2044 2774 2280 2844 Spiritus
2318 2771 2497 2828 Patris
2517 2774 2781 2843 dignitate
2797 2771 3019 2841 aequalis
3050 2781 3132 2826 est
3166 2770 3332 2834 Patri,
3355 2780 3613 2826 utosten-

2040 2880 2158 2919 sum
2187 2872 2287 2928 est,
2320 2878 2384 2918 ac
2441 2868 2487 2918 si
2523 2863 2660 2917 idem
2718 2865 2982 2932 dignitate
3042 2863 3265 2932 aeuualis
3311 2872 3395 2921 est
3449 2863 3612 2919 etiam

2042 2954 2197 3019 Filio,
2236 2964 2296 3008 ut
2341 2964 2425 3008 εει
2470 2954 2523 3008 in
2571 2953 2859 3017 confesso,
2911 2964 3134 3024 apparet
3210 2954 3468 3024 aqualem
3503 2953 3614 3026 (81)

2038 3046 2200 3099 etiam
2238 3044 2383 3099 inter
2411 3059 2470 3100 se
2503 3044 2820 3099 relationem
2852 3045 3052 3099 habere
3105 3046 3313 3100 divinas
3357 3046 3616 3116 hyposta-

361 3137 536 3190 τοίνυν
588 3139 833 3204 εἰπόντος
876 3141 938 3194 τὸ
995 3141 1280 3195 θεσπέσιον
1337 3142 1561 3213 Πνεῦμα
1626 3143 1805 3197 λαλεῖν
1878 3146 1936 3198 ἐν

2042 3153 2148 3194 ses.
2180 3138 2308 3204 Quae
2335 3138 2479 3192 enim
2511 3146 2635 3191 sunt
2671 3137 2844 3192 eidem
2896 3137 3123 3207 aequalia
3145 3180 3160 3205 ,
3196 3140 3358 3193 etiam
3393 3141 3530 3193 inter
3558 3154 3616 3192 se

362 3231 472 3292 τοῖς
498 3230 834 3293 ἀποστόλοις.
862 3234 889 3285 ὁ
920 3232 1148 3295 Παῦλος,
1173 3232 1259 3286 διὰ
1279 3232 1378 3302 τὴν
1402 3233 1809 3304 ἁπαραλλαξίαν
1837 3233 1939 3304 τῆς

365 3322 575 3389 φύσεως
606 3323 701 3376 καὶ
735 3322 975 3394 διδαχῆς,
1002 3325 1093 3377 τὸν
1118 3326 1350 3396 Χριστὸν
1391 3323 1724 3395 ἰσχυρίζεται
1758 3326 1937 3380 λαλεῖν

365 3414 421 3465 ἐν
448 3413 616 3484 αὐτῷ,
646 3415 903 3485 γράφων
948 3435 966 3468 ε
1000 3418 1061 3469 Εἰ
1091 3416 1318 3490 δοκιμὴν
1352 3419 1562 3488 ζητεῖτε
1597 3417 1691 3470 τοῦ
1725 3420 1782 3471 ἐν
1815 3418 1939 3487 ἐμοὶ

367 3503 648 3568 ὶαλοῦντος
680 3506 935 3578 Χριστοῦ.
979 3526 995 3557 t
1028 3508 1100 3579 Ση
1112 3509 1368 3578 μειωτέον
1394 3509 1471 3571 δὲ,
1519 3509 1593 3571 ὡς
1629 3508 1725 3561 ὅλα
1765 3508 1937 3561 ταῦτα

365 3593 463 3663 τὴν
489 3596 807 3664 ἐπιφάνειαν
840 3596 932 3650 τοῦ
960 3598 1272 3669 Πνεύματος
1300 3598 1627 3662 αὑθεντικῶς
1651 3599 1800 3670 δηλοῖ
1840 3617 1935 3668 γε-

379 3683 626 3753 γενῆσθαι
651 3701 663 3713 ·
682 3687 773 3738 καὶ
806 3688 864 3738 ἐν
901 3686 978 3756 τῷ
1001 3688 1182 3756 Λουκᾷ
1206 3687 1282 3750 δὲ,
1305 3686 1380 3749 ὡς
1409 3687 1729 3757 προελέχθη,
1755 3688 1941 3757 προεί-

368 3787 536 3841 ρηκεν
560 3772 736 3836 αὑτοῖς
755 3790 769 3804 ο
805 3793 824 3824 t
872 3773 1060 3845 Ὑμεῖς
1091 3775 1145 3827 δὲ
1180 3773 1434 3827 καθίσατε
1459 3776 1515 3826 ἐν
1544 3777 1610 3844 τῇ
1641 3774 1808 3839 πόλει,
1834 3774 1943 3839 ἕως

356 3858 425 3917 οῦ
457 3864 748 3935 ἐνδύσησθε
777 3865 1002 3937 δύναμιν
1033 3866 1093 3930 ἐξ
1118 3865 1302 3936 ὕψους.
1339 3885 1358 3916 ι
1388 3865 1536 3936 Αῦτη
1560 3866 1617 3920 δὲ
1645 3866 1943 3937 ἐτύγχανεν

372 3956 398 4023 ἢ
425 3956 519 4008 τοῦ
556 3956 739 4010 θεῐκοῦ
769 3957 1104 4027 Πνεύματος.

2040 3231 2265 3298 mqualia
2292 3230 2513 3284 omnino
2544 3239 2669 3284 sunt
2703 3247 2716 3283 :
2754 3230 2901 3299 atqui
2929 3231 3151 3300 aequalis
3191 3241 3275 3285 est
3305 3230 3471 3285 Filius
3510 3230 3614 3284 Pa-

2041 3322 2132 3386 tri,
2155 3330 2208 3373 et
2228 3319 2449 3388 aequalis
2476 3330 2557 3373 est
2579 3321 2741 3372 etiam
2780 3319 3014 3387 Spiritus
3076 3320 3246 3375 Filio:
3274 3321 3436 3392 283
3487 3336 3611 3392 per-

2040 3412 2285 3479 spicuum
2321 3420 2402 3464 est
2436 3426 2587 3479 ergo,
2609 3411 2868 3480 Spiritum
2903 3413 3156 3467 similiter
3196 3416 3456 3483 :equalcm
3490 3430 3612 3469 esse

2039 3501 2201 3556 etiam
2232 3500 2399 3555 Patri.
2430 3500 2563 3555 Cum
2603 3503 2763 3572 igitur
2809 3503 3051 3556 divinum
3081 3503 3339 3572 Spiritum
3373 3505 3424 3557 in
3481 3521 3613 3574 apo-

2043 3591 2196 3646 stolis
2231 3591 2372 3659 loqui
2413 3591 2612 3645 dixerit
2643 3594 2756 3662 ipse
2801 3592 3014 3659 Filius;
3066 3593 3265 3648 Paulus
3296 3595 3520 3662 pariter,
3545 3600 3614 3649 ob

2045 3691 2250 3737 natura:
2304 3697 2368 3737 ac
2416 3682 2675 3736 doctrinae
2707 3681 2846 3735 nulla
2886 3683 2936 3736 in
2967 3698 3022 3738 re
3067 3684 3423 3752 discrepantis
3465 3685 3617 3738 iden-

2046 3774 2280 3837 titatem,
2337 3771 2609 3828 Christum
2635 3772 2687 3826 in
2719 3786 2779 3826 se
2826 3771 2969 3842 loqui
3002 3785 3302 3839 asseverat,
3332 3777 3456 3829 dum
3481 3779 3619 3831 scri-
3694 3830 3701 3837 ,

2017 3864 2159 3952 bit:
2198 3883 2218 3917 ι
2255 3863 2310 3919 Si
2341 3864 2772 3932 experimentum
2813 3863 2928 3933 (82)
2978 3866 3222 3933 quaeritis
3262 3866 3401 3934 ejus,
3435 3869 3525 3936 qui
3562 3868 3617 3923 in

2049 3970 2135 4009 me
2164 3954 2423 4024 loquitur,
2453 3952 2679 4009 Christi.
2726 3952 3131 4009 Observandum
3183 3971 3343 4024 porro
3392 3957 3479 4013 Itic
3510 3968 3615 4023 est,

369 4050 451 4103 his
478 4049 729 4102 omnibus
767 4052 1053 4103 adventum
1121 4048 1356 4118 Spiritus
1420 4066 1485 4106 ex
1533 4051 1701 4120 ipsius
1732 4058 1999 4118 potestate
2041 4049 2237 4103 factum
2271 4047 2501 4099 ostendi.
2546 4043 2599 4097 lu
2653 4044 2793 4100 Luca
2849 4060 2999 4112 vero,
3036 4055 3093 4099 ut
3139 4058 3296 4100 antea
3363 4047 3475 4119 (85)
3537 4051 3618 4104 di-

369 4147 511 4193 ctum
552 4150 653 4207 est,
711 4140 843 4207 ipsis
893 4139 1150 4207 apostolis
1183 4141 1424 4209 prmdivit
1454 4139 1703 4194 Christus
1734 4155 1748 4193 :
1780 4157 1798 4189 ι
1832 4139 1935 4193 Vos
1974 4148 2152 4193 autem
2184 4136 2295 4207 (8.4)
2325 4136 2504 4190 sedete
2532 4135 2582 4188 in
2619 4136 2859 4201 civitate,
2889 4137 3059 4191 donec
3094 4138 3387 4194 induamini
3420 4141 3620 4195 virtute

368 4246 431 4287 ex
466 4233 574 4288 aito
598 4250 613 4299 ;
637 4251 660 4284 ι
694 4233 890 4287 virtute
917 4232 1125 4287 scilicet
1147 4231 1319 4286 divini
1350 4232 1601 4305 Spiritus.

1002 4325 1158 4378 ΚΕΨ.
1202 4323 1305 4380 lH'.

441 4418 668 4471 Ἤντινα
727 4416 897 4489 ἀλκὴν
955 4417 1303 4488 ἐνδυσάμενοι
1344 4419 1444 4471 οὑκ
1484 4416 1564 4471 ἔτι
1602 4416 1945 4486 εὑκατάπλη-

371 4525 487 4562 κτοι
535 4508 964 4579 καθεστήκεσαν,
998 4509 1073 4571 ὼς
1106 4508 1436 4579 γέγραπται,
1459 4509 1540 4561 ὅτι
1567 4504 1708 4579 ἦσαν
1738 4508 1943 4562 κεκλει-

373 4602 566 4671 σμέναι
595 4603 650 4655 ai
685 4601 867 4673 θύραι,
901 4600 1008 4654 τῶν
1034 4599 1290 4670 μαθητῶν
1316 4601 1703 4674 κρυπτομένων
1736 4600 1825 4654 διὰ
1854 4600 1946 4653 τὸν

373 4694 535 4762 φόϐον
583 4692 690 4746 τῶν
756 4692 1040 4756 Ἰουδαίων,
1081 4680 1189 4745 ¹καὶ
1229 4691 1311 4744 δτι
1342 4692 1546 4764 Πέτρος
1584 4692 1612 4745 ὁ
1653 4690 1945 4760 πρόκριτος

444 4872 555 4939 (75)
602 4870 816 4925 Domus.
848 4869 1009 4923 Micb.
1044 4884 1103 4930 tt,
1150 4868 1203 4923 7.
1246 4866 1473 4939 Vulgata
1500 4866 1797 4939 translatio
1833 4866 1945 4919 haec

377 4935 480 4995 non
523 4935 715 5006 habet,
761 4942 857 4997 sed
896 4942 1144 5010 leguntur
1191 4940 1243 4991 in
1281 4938 1467 4993 Graeca
1496 4935 1635 4990 LXX
1686 4936 1946 5005 Interpre-

377 5022 506 5065 tum.

446 5080 557 5148 (76)
616 5079 862 5143 Spiritus.
934 5078 1078 5133 Psal.
1146 5091 1313 5141 €.\Ltl,
1371 5076 1439 5148 12
1497 5076 1612 5145 (seu
1678 5076 1786 5148 id).
1867 5075 1948 5128 Si-

378 5145 684 5203 tn‘tlia'vcro
709 5167 770 5202 ex
802 5151 905 5204 hoc
941 5148 1131 5216 psalmi
1163 5147 1428 5218 versiculo
1455 5148 1657 5218 colligit
1692 5145 1947 5216 Didymus

379 5221 430 5273 in
473 5220 562 5272 lib.
597 5220 668 5273 De
692 5218 893 5285 Spiritu
927 5230 1127 5278 sam-to,
1157 5233 1304 5270 num.
1333 5215 1421 5269 55.

447 5289 561 5359 (77)
602 5288 826 5359 Spiritu.
894 5289 1036 5342 Psal.
1094 5303 1147 5350 ι,
1206 5288 1270 5359 1-5
1306 5286 1567 5359 (εᾲθιιὲίό).

447 5353 558 5431 (78)
600 5358 845 5431 Prodest.
885 5358 1189 5431 .loan.wx_vt,
1218 5356 1271 5431 7,
1311 5353 1398 5431 ubi
1425 5353 1609 5431 Graeca
1648 5353 1816 5431 editio
1852 5355 1949 5431 ba-

379 5424 467 5484 bet
499 5445 513 5481 :
540 5424 835 5500 ’συμφέρει
865 5470 878 5482 .
926 5470 939 5482 .
979 5466 993 5480 .
1036 5426 1161 5500 Ὲὰν
1185 5425 1308 5500 γὰρῌ
1329 5424 1403 5497 μὴ
1435 5424 1672 5491 ἀπέλθω,
1701 5426 1730 5476 ὁ
1773 5425 1949 5495 Παρὰ-

379 5499 572 5570 κλητος
597 5497 697 5553 οὑκ
722 5497 1014 5570 ἐλεύσεται⁸
1029 5497 1165 5567 πρὸς
1198 5497 1363 5570 ὑμᾶς.

451 5564 560 5638 (79)
599 5570 728 5622 (.‘um
755 5573 966 5623 venerit.
990 5564 1145 5638 lusi".
1167 5564 1279 5628 χεν,
1303 5564 1395 5619 26.
1422 5565 1589 5619 Voces
1616 5574 1789 5618 tamen
1819 5564 1942 5638 illm,

376 5635 509 5710 δῖαν
544 5635 710 5710 ἔλθῃ,
771 5639 895 5710 huc
933 5637 1202 5710 translata:
1249 5646 1373 5710 sunt
1393 5650 1518 5710 Δςετῇ
1546 5650 1683 5710 cap._
1731 5650 1818 5702 xv,

381 5708 511 5777 Nam
540 5699 673 5777 capi.
696 5699 803 5772 ittv,
832 5707 902 5762 26
923 5709 1001 5764 sic
1027 5708 1258 5771 legitur:
1297 5704 1443 5777 ’0δέ
1462 5699 1849 5777 Παράκλητος,
1883 5706 1944 5758 τὸ

382 5775 617 5851 Πνεῦμα
638 5779 698 5833 τὸ
721 5778 965 5848 aviam...
982 5779 1187 5842 ἐκεῖνος
1204 5778 1347 5848 ὑμᾶς
1363 5775 1562 5841 διδάξει
1606 5775 1780 5830 πάντα
1802 5818 1812 5840 ,
1852 5778 1944 5830 καὶ

1976 4331 2022 4389 ι)
2644 4321 2795 4377 CAP.
2837 4320 3024 4376 XVIII.

2124 4416 2236 4483 Qua
2270 4417 2317 4469 vi
2354 4431 2417 4470 ac
2464 4415 2784 4469 Strenuilate
2836 4425 3118 4484 postquam
3179 4415 3344 4468 induti
3383 4413 3618 4481 fuerunt,

2053 4522 2157 4561 non
2190 4507 2423 4575 amplius
2460 4506 2616 4561 facile
2644 4504 3003 4575 perterrct‘teri
3034 4516 3279 4574 potuere,
3330 4507 3471 4561 sicut
3496 4519 3621 4562 tunc

2052 4599 2370 4669 cuntigerat,
2417 4599 2656 4666 quando,
2710 4607 2768 4649 ut
2825 4598 3089 4664 scriptum
3121 4608 3203 4652 est
3243 4597 3377 4667 (85),
3424 4598 3623 4654 clauszn

2053 4698 2208 4744 erant
2242 4697 2429 4755 portae,
2454 4686 2731 4753 discipulis
2777 4701 2897 4739 sese
2940 4685 3341 4741 occultantibus
3403 4696 3622 4756 propter

2048 4864 2264 4936 ὑπομνή
2276 4880 2354 4936 σει
2395 4863 2540 4936 ὑμᾶς
2564 4860 2752 4936 πάντα-
2781 4859 2821 4913 ἂ
2848 4857 3000 4936 εἷπον
3028 4860 3057 4912 ὑ
3067 4862 3175 4930 μίν.

2120 4931 2230 5000 (80)
2255 4931 2390 4986 Non
2424 4931 2576 4985 estis.
2610 4932 2794 4983 Matth.
2834 4947 2884 5000 ι.
2928 4931 3020 4984 ‘20.

2120 4934 2210 5000 (80
2269 4934 2390 4986 Νοη
2424 4934 2576 4985 estis.
2610 4934 2794 4983 Matth.
2834 4947 2884 4987 ι.
2928 4934 3020 4984 ‘20.

2120 4934 2231 5075 (Si;
2272 5000 2577 5075 gigantem.
2616 5001 2821 5061 Codex,
2851 4998 3002 5075 long.
3047 4998 3153 5055 Sed
3188 4998 3482 5075 legojo'qv:

2116 5068 2227 5145 (82)
2260 5068 2792 5145 SLexperimhenluum.
2931 5072 3053 5122 Cor.
3096 5068 3261 5145 Anu,
3318 5069 3372 5121 3.
3432 5068 3618 5125 Graeca

2050 5138 2219 5200 editio
2255 5160 2266 5195 :
2311 5141 2484 5193 Ἐπεὶ.
2509 5180 2519 5192 .
2543 5181 2555 5193 .
2576 5138 2813 5211 ζητεῖτε,
2843 5139 2894 5191 id
2926 5150 3008 5211 est
3042 5156 3060 5189 ι
3086 5140 3377 5207 Quoniam.
3401 5177 3414 5190 .
3437 5154 3620 5211 ,μυω-

2049 5216 2169 5269 ritis
2205 5228 2219 5265 :
2264 5231 2281 5263 I
2319 5208 2787 5281 qu_am‘l_ecttonem
2818 5209 3065 5281 superius
3098 5217 3313 5281 secutus
3341 5217 3423 5281 est
3465 5208 3620 5280 Didy-

2051 5299 2172 5337 mus
2203 5277 2459 5350 pag.'6i.
2482 5278 2749 5350 vulgatus
2786 5293 2915 5333 vero
2957 5278 3053 5331 int.
3093 5279 3287 5350 legisse
3316 5277 3527 5331 videtur
3562 5277 3621 5350 i_tt

2053 5348 2309 5422 Didymus
2340 5351 2442 5422 hoc
2477 5349 2529 5401 'rtt
2552 5348 2713 5422 loco,
2738 5364 2859 5422 cum
2888 5358 3063 5422 vertat
3097 5369 3109 5404 :
3154 5367 3171 5400 ι
3212 5349 3382 5422 An...
3419 5348 3619 5422 qua:_ri_-

2056 5416 2170 5477 tis?
2198 5440 2216 5473 ι
2257 5420 2440 5475 vocula
2472 5420 2617 5472 enint
2647 5421 2717 5482 εί,
2745 5418 2793 5472 id
2821 5426 2903 5471 est
2939 5435 2957 5468 ι
2998 5419 3087 5487 si,
3127 5439 3143 5471 ι
3180 5432 3321 5487 εωρθ
3345 5418 3400 5472 itt
3436 5416 3621 5474 ltibliis

2056 5492 2214 5555 valet,
2241 5509 2265 5542 ο
2296 5488 2552 5559 nunquid.
2593 5508 2611 5539 ι
3354 5526 3357 5531 .

2149 5562 2238 5629 83)
2270 5557 2458 5629 Antea.
2491 5557 2695 5629 Nempe
2728 5572 2900 5628 segm.
2932 5561 3028 5617 75.

2144 5627 2384 5755 84263;”
2429 5627 2638 5683 autem.
2668 5627 2811 5683 Lue.’
2848 5646 2976 5685 xxxv
3002 5670 3019 5695 ,
3083 5629 3173 5685 49.
3217 5627 3345 5687 Vide
3378 5636 3488 5684 not.
3531 5627 3616 5685 lii.

2090 5720 2173 5769 ag.
2216 5705 2334 5755 167.

2052 5720 2173 5773 pag.
2216 5720 2334 5755 tot.

2127 5773 2239 5844 (83)
2272 5771 2532 5840 Scriptum
2557 5778 2650 5823 est.
2688 5769 2843 5826 Jaatt.
2883 5788 2972 5839 xx,
3008 5769 3093 5826 i9.
