4134 6452
473 393 567 447 731

1705 398 1853 453 02ῡῖ
1867 399 1935 452 Ml
1975 397 2443 452 ALEXANDRINI

3609 394 3709 453 73?.

469 505 581 559 rael
613 514 790 559 autem
821 522 1069 577 magnum
1103 523 1297 564 nomen
1333 510 1468 574 ejus.
1492 531 1508 561 ι
1543 511 1673 565 Cum
1709 529 1836 567 vero
1861 516 2033 567 inani-

2145 512 2213 582 τῷ
2245 511 2461 583 Ἰσραὴλ
2508 512 2648 581 μέγα
2680 511 2739 564 τὸ
2787 512 2955 582 ὄνομα
2995 510 3177 565 αὐτοῦ.
3226 510 3601 580 Ἐπιφανέντος
3656 514 3713 566 δὲ

470 596 694 648 feslalus
725 605 805 649 est
828 602 969 652 Deus
1002 597 1234 651 Verbum
1289 609 1344 653 et
1388 601 1552 671 286
1586 602 1845 667 creditus,
1878 605 2042 672 cmpit

468 684 674 740 Novum
706 684 1110 740 Testamentum
1129 704 1251 743 eum
1280 708 1496 760 quoque
1522 693 1601 745 cla
1614 694 1723 746 rius
1749 696 2041 763 prmdicare

472 776 659 833 Deum.
692 784 743 829 et
772 778 1138 847 cognitionem
1188 781 1350 834 etiam
1384 781 1616 851 Spiritus
1648 786 1818 837 sancti
1850 786 2039 852 paula-

468 867 561 919 tim
578 881 642 921 ex
661 877 811 935 parte
828 870 1256 936 subministrare,
1273 887 1369 939 pro
1383 873 1586 928 viribus
1603 876 1805 929 scilicet
1828 876 2036 929 illorum

472 957 560 1024 qui
593 972 713 1010 eam
743 958 992 1026 accipere
1037 960 1324 1016 debebam.
1372 963 1439 1016 lis
1474 965 1615 1018 enim
1646 966 1734 1034 qui
1772 981 1943 1035 nuper
1973 968 2037 1021 ad

469 1049 801 1116 agnitionem
829 1050 1073 1105 veritatis
1124 1055 1294 1106 vocati
1345 1064 1521 1118 erant,
1548 1072 1648 1111 nec
1681 1070 1913 1112 mentem
1946 1060 2040 1113 ha-

470 1139 668 1193 bebant
691 1141 742 1193 in
772 1141 894 1210 ejus
920 1144 1377 1212 contemplatione
1428 1160 1725 1211 versatam,
1763 1154 2036 1204 inaccessa

469 1227 872 1298 quodammodo
904 1233 1302 1301 perfectissima
1335 1235 1636 1301 huiusmodi
1665 1238 1794 1292 fides
1828 1240 2040 1295 videba-

475 1327 581 1372 tur.
618 1320 902 1386 Quomodo
930 1332 1108 1377 autem
1135 1324 1235 1377 hac
1275 1326 1340 1378 de
1371 1340 1426 1376 re
1456 1326 1701 1379 dubitare
1735 1343 2034 1395 possumus,

471 1422 592 1462 curo
644 1410 709 1462 ad
766 1425 881 1465 eam
950 1412 1426 1469 demonstrandam
1485 1417 1695 1471 illoruut
1735 1419 2035 1489 exemplum

472 1501 665 1556 allerre
697 1518 911 1570 queam,
941 1506 1032 1572 qui
1088 1505 1337 1559 deorsum
1386 1524 1576 1562 versus
1606 1512 1770 1566 chaos
1799 1512 2034 1567 inclinati

471 1602 615 1653 Sunt,
654 1594 853 1660 quique
893 1598 958 1648 ad
1002 1597 1140 1649 hanc
1168 1612 1338 1665 usque
1361 1599 1499 1653 diem
1535 1616 1600 1654 ne
1624 1602 1886 1656 divinitati
1916 1605 2070 1671 qui-'

470 1681 591 1734 dem
624 1682 892 1751 Unigeuiti
924 1685 1192 1739 credunt?
1248 1687 1433 1757 Neque
1467 1705 1592 1744 vero
1642 1691 1756 1744 haec
1798 1694 2038 1747 testimo-

471 1776 558 1828 nio
592 1791 688 1829 suo
717 1778 971 1830 destituta
1029 1794 1149 1832 esse
1201 1779 1366 1833 voluit
1418 1780 1639 1844 Paulus,
1691 1798 1812 1835 cum
1842 1783 2035 1839 Corin-

2140 603 2234 655 τοῦ
2268 603 2400 656 Θεοῦ
2442 604 2617 670 Λόγου
2664 603 2756 656 καὶ
2801 604 3210 666 πιστευθέντος,
3258 606 3291 673 ἡ
3330 604 3444 656 Νέα
3472 603 3710 674 Διαθήκη

2140 692 2341 763 ἤρξατο
2370 692 2461 745 καὶ
2498 693 2660 746 αὐτὸν
2706 693 2804 762 μὲν
2833 693 3191 763 τρανέστερον
3240 691 3529 763 κηρύττειν
3557 691 3712 757 Θεὸν,

2140 784 2282 837 κατὰ
2332 784 2498 854 μέρος
2521 784 2599 846 δὲ,
2651 786 2786 852 πρὸς
2837 784 2934 854 τὴν
2978 782 3206 853 δύναμιν
3244 784 3350 837 τῶν
3387 783 3710 853 δεχομένων.

2139 875 2392 945 ἐχορήγει
2421 874 2583 927 πάλιν
2631 874 2848 944 ἡσύχως
2883 872 2982 943 τὴν
3021 874 3149 944 περὶ
3190 873 3284 926 τοῦ
3335 874 3493 941 ἁγίου
3544 873 3712 926 Πνεύ-

2143 980 2309 1033 ματος
2349 963 2568 1033 γνῶσιν.
2605 965 2728 1026 Τοῖς
2776 964 2884 1035 γὰρ
2917 963 3041 1035 ἄρτι
3093 963 3446 1035 κεκλημένοις
3478 966 3557 1027 είς
3588 964 3710 1017 ἐπί-

2138 1072 2337 1121 γνωσιν
2386 1054 2663 1125 ἀληθείας,
2716 1056 2811 1107 καὶ
2859 1054 2960 1106 οὐκ
3013 1054 3234 1125 ὲντριϐἧ
3280 1057 3390 1116 τοῖς
3440 1057 3526 1107 ἐπ’
3572 1056 3710 1125 αὐτῇ

2139 1145 2484 1215 θεωρήμασιν
2528 1144 2625 1215 τὴν
2670 1145 2904 1198 διάνοιαν
2940 1145 3172 1215 ἔχουσιν,
3203 1145 3563 1216 δυσπρόσιτός
3596 1161 3711 1208 πως

2138 1229 2276 1286 εἶναι
2303 1235 2474 1288 ἐδόκει
2516 1237 2549 1305 ἡ
2579 1232 2754 1286 τοιάδε
2799 1232 3102 1304 τελεωτάτη
3147 1233 3349 1293 πίστις.
3402 1232 3510 1284 Καὶ
3548 1233 3601 1287 τί
3632 1232 3714 1284 δεῖ

2138 1325 2265 1395 περὶ
2312 1324 2500 1377 τούτου
2532 1324 2827 1394 διαπορεῖν,
2873 1323 3093 1393 ἔχοντας
3136 1323 3216 1385 είς
3267 1321 3539 1386 ἀπόδειξιν
3586 1324 3711 1386 τοὺς

2138 1417 2267 1486 περὶ
2295 1413 2354 1467 τὸ
2390 1415 2520 1484 χάος
2564 1413 2716 1467 κάτω
2761 1413 3100 1476 νενευκότας,
3132 1413 3227 1465 κα)⁹
3267 1411 3371 1475 ἓως
3407 1412 3509 1481 τῆς
3552 1412 3712 1483 δεῦρο

2141 1505 2275 1576 μηδὲ
2312 1508 2378 1577 τῇ
2421 1505 2636 1575 θεότητι
2676 1504 2769 1559 τοῦ
2801 1503 3139 1572 Μονογενοῦς
3180 1504 3563 1569 πιστεύοντας;
3598 1504 3712 1556 Οὐκ

2137 1596 2428 1666 ἀμάρτυρα
2462 1596 2518 1648 δὲ
2555 1595 2728 1649 ταῦτα
2775 1593 2982 1657 Παῦλος
3015 1595 3176 1656 ποιεῖ,
3215 1592 3442 1663 γράφων
3516 1595 3713 1664 Κορινσ

2138 1686 2271 1748 θίοις
2301 1686 2398 1760 μὲν
2422 1685 2484 1739 τὸ
2513 1684 2726 1756 πρῶτον
2745 1704 2757 1715 ·
2796 1704 2815 1736 ι
2841 1683 3029 1753 Κάγὼ,
3057 1683 3296 1752 ἀδελφοὶ,
3320 1683 3418 1736 οὐκ
3443 1682 3712 1755 ἠδυνήθην

2137 1777 2362 1847 λαλῆσαι
2398 1778 2525 1846 ὑμῖν
2554 1778 2629 1839 ὡς
2676 1778 3079 1846 πνευματικοῖς,
3132 1775 3245 1827 ἀλλ’
3286 1773 3360 1837 ὡς
3400 1776 3707 1845 σαρκικοῖς.

471 1866 599 1920 thiis
652 1867 868 1934 quidem
933 1868 984 1920 in
1044 1869 1215 1937 prima
1278 1869 1514 1938 Epistula
1564 1872 1887 1941 scripserit:
1924 1893 1942 1925 ι
1974 1874 2039 1929 Ει

2150 1843 2509 1935 Ὠς-νηπίους
2536 1868 2593 1918 ἐν
2624 1843 2841 1934 Χριστῷ
2890 1863 3030 1932 γάλα
3071 1864 3212 1933 ὑμᾶς
3246 1843 3490 1924 ἐπότισα,
3520 1864 3614 1915 καὶ
3647 1865 3707 1915 οὐ

470 1972 567 2026 ego
599 1958 734 2028 (l0),
762 1956 979 2025 fratres,
1015 1975 1121 2015 non
1172 1963 1319 2030 potui
1379 1961 1522 2029 loqui
1559 1966 1708 2017 vobis
1744 1966 1894 2033 quasi
1929 1966 2042 2033 Spi-

469 2048 773 2111 ritualibus,
806 2051 898 2102 sed
935 2052 1090 2115 quasi
1140 2053 1445 2107 carnalibus
1490 2071 1502 2106 :
1540 2065 1790 2124 tanquam
1828 2056 2040 2111 infanti-

471 2141 569 2192 bus
600 2139 711 2209 (ιι)
741 2142 791 2193 in
821 2140 1058 2203 Christo,
1118 2143 1204 2198 lac
1253 2144 1404 2198 Vobis
1466 2156 1646 2214 polum
1684 2148 1823 2211 dedi,
1849 2157 1902 2201 et
1932 2165 2038 2203 non

471 2244 646 2281 escam
674 2246 689 2294 ;
726 2230 959 2283 nondum
989 2232 1130 2285 enim
1164 2237 1466 2300 poteratis:
1497 2239 1592 2291 sed
1638 2252 1708 2292 ne
1741 2254 1883 2293 nunc
1920 2241 2038 2307 qui-

471 2321 590 2372 dem
643 2321 754 2389 (12)
805 2324 979 2377 adhuc
1040 2330 1295 2391 potestis;
1351 2328 1525 2382 adlmc
1596 2331 1741 2384 enim
1796 2332 2041 2388 earnales

473 2411 640 2475 estis;
671 2429 689 2461 ι
719 2415 783 2464 ad
816 2413 1065 2468 Hebraeos
1099 2432 1261 2469 vero:
1297 2436 1315 2470 ι
1350 2419 1554 2473 Etenim
1590 2420 1704 2491 (l5)
1735 2437 1855 2475 cum
1880 2425 2043 2477 debe-

476 2501 607 2553 retis
636 2516 760 2555 esse
790 2504 1033 2570 magistri
1095 2515 1313 2575 propter
1361 2519 1591 2578 tempus,
1643 2527 1855 2566 rursum
1902 2514 2041 2567 indi-

473 2591 613 2660 getis
638 2604 694 2646 ut
729 2594 1054 2658 doreamini,
1086 2613 1205 2665 qua:
1235 2599 1342 2652 sint
1380 2601 1643 2655 elementa
1674 2604 1877 2658 exordii
1920 2621 2040 2658 ora-

474 2683 713 2736 cnlo'uut
752 2685 883 2745 Dei;
941 2696 996 2740 et
1032 2688 1156 2741 laeti
1219 2693 1351 2744 CSlis
1403 2692 1702 2760 indigentes
1736 2694 1896 2759 lat-te,
1933 2713 2037 2749 non

474 2774 643 2826 solido
670 2776 780 2845 (ll)
806 2777 954 2830 cibo:
985 2781 1159 2833 omnis
1218 2785 1381 2844 enim,
1408 2786 1498 2851 qui
1562 2786 1718 2839 laetis
1762 2798 1841 2840 est
1878 2789 2044 2856 parti-

474 2879 622 2930 ceps,
654 2883 848 2931 expers
882 2883 909 2917 e
948 2878 965 2917 t
992 2872 1259 2923 sermonis
1283 2870 1539 2937 justitiam;
1568 2874 1745 2930 infans
1762 2878 1904 2930 enim
1930 2887 2039 2932 est:

476 2952 837 3018 perlecuirmu
891 2965 1180 3009 autemest
1232 2957 1436 3011 solidus
1489 2960 1664 3023 cibus,
1704 2975 1912 3026 eorum,
1949 2965 2040 3032 qui

476 3052 693 3108 propter
718 3043 954 3096 habitum
1008 3061 1202 3097 sensus
1246 3046 1571 3101 exercitatos
1622 3050 1817 3103 habent
1848 3052 1912 3104 ad
1938 3054 2045 3105 dis-

476 3133 763 3184 cretionem
807 3133 928 3186 boni
988 3145 1040 3185 et
1095 3137 1239 3189 mali.
1282 3157 1300 3187 ›
1349 3138 1553 3193 Sufﬁcit
1603 3156 1731 3209 ergo
1783 3143 1940 3196 Pater
1970 3144 2044 3196 lno

478 3221 668 3287 quiens
692 3223 865 3287 ipsum
905 3225 1160 3291 Spiritum
1185 3240 1302 3280 eSse
1328 3229 1407 3281 sui
1442 3229 1626 3295 ipsius,
1659 3247 1850 3300 nempe
1875 3233 2043 3301 ipsius

478 3311 676 3367 Patris.
710 3311 916 3368 Sullicit
948 3316 1111 3369 etiam
1143 3316 1326 3382 Filius,
1360 3320 1447 3387 qui
1480 3335 1574 3388 per
1619 3337 1782 3375 unum
1827 3324 2041 3393 quidem

478 3420 694 3463 nomen.
728 3408 820 3459 sed
857 3422 952 3473 per
990 3417 1098 3461 tres
1133 3424 1284 3477 alque
1340 3411 1681 3466 honorandus
1726 3413 2045 3484 hypostases

478 3512 687 3549 omnem
727 3506 989 3550 terrarum
1019 3500 1203 3554 orbem
1237 3500 1288 3555 in
1346 3504 1544 3556 unitate
1578 3504 1698 3559 lidei
1730 3510 2044 3577 congregari

471 3588 655 3656 jussit.
689 3588 746 3640 Si
787 3591 930 3641 enim
976 3588 1154 3645 Patris
1201 3607 1391 3648 nomen
1442 3604 1524 3647 est
1584 3594 1758 3662 Deus,
1805 3600 2045 3666 profecto

476 3680 613 3747 quod
644 3690 728 3734 est
755 3679 916 3733 Pater
956 3681 1067 3749 (qui
1113 3698 1302 3753 nempe
1328 3697 1410 3739 est
1453 3687 1635 3752 Deus),
1664 3688 1713 3741 id
1767 3689 1937 3757 ipsum
1968 3699 2050 3745 est

478 3772 637 3821 etiam
690 3787 809 3823 cum
847 3770 1040 3835 Filius,
1098 3782 1207 3827 tum
1271 3786 1492 3831 sanctus
1549 3777 1639 3832 Dei
1688 3779 1941 3847 Spiritus,
1988 3791 2045 3834 ut

479 3864 822 3929 per-Spicumn
852 3874 955 3918 est.
984 3863 1038 3918 ω
1071 3866 1342 3921 declarant
1363 3870 1633 3938 seraphini
1657 3886 1893 3938 quisque,
1920 3887 2039 3924 eum

479 3964 561 4007 ter
603 3955 808 4018 dicunt,
844 3975 863 4006 ι
892 3955 1143 4021 Sanetus,
1173 3975 1192 4009 ι
1232 3968 1284 4011 ει
1316 3960 1506 4024 semel,
1570 3977 1589 4011 ι
1625 3960 1904 4013 Dominus.
1930 3978 1947 4010 ι
1988 3960 2050 4016 Et

482 4042 626 4107 alibi,
681 4058 787 4098 non
830 4044 969 4099 aliud
1026 4062 1185 4116 quam
1228 4049 1328 4103 ltoc
1378 4051 1547 4118 ipsum
1599 4050 1797 4103 docens
1856 4048 2043 4115 Filius,

482 4133 661 4187 aiebat
692 4133 762 4189 de
791 4152 850 4189 se
906 4137 1021 4206 ipso
1062 4138 1276 4203 quidem
1316 4139 1442 4204 illis,
1483 4141 1571 4208 qui
1608 4142 1653 4194 ei
1705 4157 1809 4194 non
1862 4144 2048 4195 crede-

480 4226 609 4281 bant
635 4235 883 4295 tauquam
917 4243 1045 4281 vero
1072 4229 1181 4283 Deo
1218 4245 1229 4280 :
1261 4247 1279 4280 ι
1304 4228 1413 4299 Ego
1444 4229 1556 4301 (l5)
1589 4231 1641 4285 in
1695 4232 1909 4287 nomine
1936 4231 2043 4286 Pa~

485 4401 656 4454 modis
703 4404 896 4469 accipit
932 4404 1456 4471 theologusunster;
1505 4421 1626 4459 nam
1670 4407 1710 4471 l,
1755 4406 1900 4460 illum
1948 4408 2036 4463 hic

483 4471 546 4523 de
593 4471 769 4531 Patre,
807 4474 895 4538 qui
936 4474 1081 4526 solus
1116 4470 1172 4525 in
1212 4470 1391 4526 Judaza
1436 4478 1679 4539 cognitus
1722 4475 1908 4539 fuerit,
1953 4479 2036 4531 in-

486 4520 838 4615 tigrtu'elatur.‘
881 4542 941 4594 ll.
975 4541 1443 4615 Seperiussegm.
1474 4520 1541 4598 93
1567 4562 1622 4607 a,
1667 4546 1746 4598 sic
1791 4520 2040 4615 accipere
2071 4520 2118 4578 Β

487 4610 832 4686 διίιιυιιιιχςιιιι
889 4628 921 4686 ς.
953 4620 1150 4686 notus»
1207 4610 1355 4665 idem
1395 4613 1494 4675 sit,
1544 4622 1708 4686 atque
1757 4610 2044 4686 ἐπιφανής.

488 4677 573 4732 lll.
610 4679 662 4730 In
698 4677 835 4731 libro
880 4677 955 4733 De
993 4678 1193 4742 Spiritu
1240 4691 1421 4734 sancto
1473 4677 1711 4736 noun—ll
1744 4700 1757 4737 :
1796 4701 1814 4734 ι
1845 4677 2043 4739 Christi

489 4764 707 4823 lttl_tllt:_ll,
745 4748 949 4823 inquit,
991 4750 1295 4823 beneolens,
1343 4762 1466 4805 ante
1501 4754 1785 4823 adventum
1828 4753 1943 4823 ejus
1994 4755 2045 4808 in

487 4815 600 4888 solo
639 4814 849 4871 Israelis
885 4820 1080 4888 populo
1113 4822 1446 4885 versabatur,
1495 4821 1646 4888 quasi
1680 4814 1876 4876 Judaei:
1919 4839 2045 4878 vase

490 4886 796 4956 inclusum:
836 4905 854 4937 ι
885 4886 1050 4942 Notus
1080 4905 1099 4939 ι
1152 4892 1327 4950 enim,
1377 4892 1470 4953 ait,
1512 4886 1530 4939 ι
1564 4890 1615 4942 in
1654 4889 1837 4945 Judaea
1884 4893 2046 4956 Deus,

492 4955 542 5007 in
617 4954 778 5028 Israel
822 4974 1070 5028 magnum
1124 4973 1315 5012 nomen
1346 4960 1478 5028 ejus.
1505 4978 1521 5009 ι
1565 4959 1786 5014 Demqu
1825 4962 1875 5014 in
1903 4954 2052 5017 cont?

492 5025 773 5099 ntentariis
810 5029 864 5079 in
894 5025 1136 5099 l’salutos
1158 5030 1235 5099 ad
1291 5025 1431 5099 hune
1482 5029 1655 5081 locum
1700 5031 1855 5084 dotet
1905 5049 2050 5099 γνω-

493 5093 614 5167 στόν
654 5094 757 5147 dici
791 5111 893 5147 ntlll
928 5097 1082 5167 modo
1118 5097 1167 5148 id
1203 5098 1341 5164 quod
1375 5098 1739 5167 cognoscitur.
1767 5104 1857 5153 sed
1888 5093 2046 5153 etiam

494 5164 546 5216 id
587 5166 726 5235 quod
756 5166 1008 5233 c0guosci
1053 5174 1244 5231 potest,
1278 5168 1408 5219 adeo
1439 5164 1494 5219 ut
1521 5168 1759 5235 γνωστόν
1794 5171 1862 5222 sit
1887 5173 2048 5224 etiam

492 5234 633 5305 quod
666 5234 965 5305 ignoratur,
994 5234 1037 5287 si
1064 5246 1251 5305 potum
1285 5235 1397 5289 ﬁeri
1429 5234 1586 5305 queat
1620 5256 1633 5290 :
1673 5250 1782 5290 tum
1826 5240 2001 5292 subdit
2034 5257 2047 5292 :

492 5301 738 5380 [νωστοῦ
790 5305 965 5357 τοίνυν
1029 5302 1237 5380 οὕτως--
1264 5304 1414 5368 ὄντος
1447 5301 1541 5380 ⁷ἐν
1573 5308 1637 5376 τῇ
1683 5307 1918 5380 Ἰουδαίᾳ
1958 5307 2053 5361 τοῦ

494 5371 648 5429 Θεοῦ,
679 5389 789 5449 agt
818 5374 911 5449 *λη
947 5375 995 5449 id
1027 5385 1127 5449 est,
1153 5393 1169 5423 ι
1200 5374 1333 5449 llum
1370 5392 1497 5445 ergo
1534 5371 1784 5432 ita'uotns
1812 5371 1927 5449 (seu
1958 5395 2050 5433 co-

497 5443 832 5513 gnoseihihs)
867 5447 918 5496 in
960 5443 1141 5513 Judma
1176 5444 1244 5497 sit
1278 5443 1476 5505 Deus.)
1514 5456 1617 5499 etc.

570 5511 945 5580 (l0)AEt’ego.
1005 5511 1020 5565 I
1075 5512 1198 5565 Cor.
1257 5531 1348 5573 ιιι.
1410 5517 1520 5567 15.
1588 5515 1775 5571 Grmca
1843 5517 2050 5572 editio:

499 5580 616 5656 Κα).Δ
635 5578 767 5656 εγὼΔ
796 5578 1031 5652 ἀδελφοὶ,
1056 5583 1154 5636 οὑκ
1180 5583 1467 5656 ἠδυνήθην,
1495 5602 1548 5637 κ.
1576 5601 1625 5637 τ.
1651 5584 1697 5637 λ.

573 5650 683 5718 (ll)
728 5650 995 5720 Tanquam
1054 5650 1361 5719 infantibus.
1402 5650 1599 5709 Cra-ca
1662 5655 1825 5708 editio
1894 5655 2050 5709 dandi

504 5731 629 5792 casu
667 5721 820 5772 habet
856 5722 930 5783 ὡς
961 5723 1203 5788 νηπίοις·
1241 5741 1361 5792 qum
1412 5726 1630 5791 proinde
1677 5728 1833 5778 verba
1873 5726 1939 5777 ibi
1989 5727 2051 5776 ad

509 5788 726 5841 verbum
763 5807 778 5839 ι
826 5791 963 5859 loqui
1004 5812 1020 5843 ›
1063 5788 1271 5850 t'el'erre'
1295 5788 1513 5850 necesse
1553 5806 1654 5849 est.
1701 5802 1765 5849 At
1802 5796 2021 5865 ltiuydm

2142 1956 2367 2027 βρῶμα·
2417 1955 2568 2008 οῦπω
2629 1956 2736 2027 γὰρ
2787 1953 3086 2024 ἠδύνασθε·
3140 1953 3253 2007 ἀλλ’
3311 1953 3432 2005 οὐδὲ
3486 1953 3564 2006 ἔτι
3616 1953 3712 2007 νῦν

2138 2044 2393 2098 δύνασθε·
2427 2045 2507 2097 ἔτι
2540 2044 2648 2115 γὰρ
2678 2044 2926 2115 σαρκικοί
2960 2044 3081 2096 ὲστε
3104 2060 3119 2073 ο
3145 2062 3164 2095 ι
3201 2042 3473 2113 Ἑϐραίοις
3506 2042 3627 2113 [151
3654 2041 3713 2113 b}

2139 2136 2225 2189 δέ·
2263 2155 2281 2186 ι
2311 2137 2420 2189 Καὶ
2454 2136 2561 2207 γὰρ
2608 2136 2914 2204 ὀφείλοντες
2944 2129 3100 2205 ⁸εἶναι
3132 2133 3442 2187 διδάσκαλοι
3487 2134 3575 2188 διὰ
3618 2134 3716 2186 τὸν

2139 2224 2348 2295 χρόνον,
2385 2224 2546 2277 πάλιν
2580 2224 2767 2295 χρείαν
2795 2224 2948 2293 ἔχετε
2976 2222 3069 2276 τοῦ
3092 2223 3361 2277 διδάσκειν
3393 2224 3559 2293 ὑμᾶς,
3588 2223 3712 2275 τίκα

2140 2316 2208 2369 τά
2249 2319 2487 2386 στοιχεῖα
2529 2316 2628 2385 τῆς
2674 2317 2848 2386 ἀρχῆς
2893 2316 3000 2369 τῶν
3033 2315 3226 2383 λογίων
3273 2314 3366 2367 τοῦ
3416 2312 3585 2366 Θεοῦ·
3622 2315 3713 2366 καὶ

2142 2408 2405 2475 γεγόνατε
2440 2407 2632 2477 χρείαν
2661 2406 2874 2475 ἔχοντες
2911 2405 3201 2474 γάλακτος,
3236 2404 3297 2457 οὐ
3328 2405 3555 2475 στερεᾶς
3599 2419 3716 2473 τρο-

2143 2500 2267 2568 φῆς.
2296 2498 2411 2559 Πᾶς
2443 2498 2552 2567 γὰρ
2593 2499 2622 2548 ὁ
2670 2495 2912 2565 μετέχων
2961 2496 3251 2563 γάλακτος,
3298 2493 3522 2563 ἄπειρος
3554 2492 3712 2559 λόγου

2140 2587 2517 2657 δικαιοσύνης’
2549 2589 2740 2657 νήπιος
2785 2586 2893 2655 γάρ
2936 2587 3087 2638 ἐστι’
3135 2583 3353 2636 τελείων
3391 2583 3447 2636 δέ
3490 2585 3636 2634 ἐστιν
3679 2583 3713 2651 ή

2144 2679 2339 2749 στερεὰ
2370 2678 2566 2749 τρορὴ,
2606 2678 2714 2730 τῶν
2744 2676 2834 2729 διὰ
2863 2677 2961 2746 τὴν
2996 2675 3110 2742 ’ἐξιν
3142 2675 3209 2727 τὰ
3252 2674 3581 2744 αἰσθητήρια
3620 2688 3715 2741 γε-

2141 2769 2500 2839 γυμνασμένα
2549 2769 2777 2838 ἐχόντων
2817 2767 2956 2835 πρὸς
2984 2766 3253 2836 διάκρισιν
3311 2763 3475 2817 καλοῦ
3515 2779 3576 2816 τε
3616 2763 3710 2816 καὶ

2144 2860 2335 2912 κακοῦ.
2367 2878 2385 2909 ι
2436 2860 2621 2929 Ἀρκεῖ
2658 2854 2749 2911 οὖν
2783 2858 2811 2908 ὁ
2849 2856 3061 2928 Πατὴρ,
3098 2856 3268 2924 λέγων
3310 2855 3536 2925 Πνεῦμα
3576 2850 3713 2909 εἶναι

2145 2950 2276 3005 αὐτὸ
2319 2949 2549 3002 ἑαυτοῦο
2599 2950 2759 3020 ἀρκεῖ
2807 2949 2863 3002 δὲ
2915 2947 3008 3001 καὶ
3053 2950 3081 3000 ὁ
3121 2947 3281 3009 Υἱὸς,
3331 2946 3594 3008 θεσπίσας
3645 2945 3711 2997 δι’

2147 3040 2263 3103 ένὸς
2295 3041 2393 3110 μὲν
2424 3040 2705 3109 ὀνόματος,
2737 3038 2902 3110 τριῶν
2932 3038 2989 3091 δὲ
3037 3036 3383 3091 ὑποστάσεων
3415 3036 3713 3105 ὁμοτίμων,

2149 3134 2325 3185 πᾶσαν
2365 3131 2462 3201 τὴν
2500 3130 2825 3201 οἰκουμένην
2860 3132 2938 3193 εἰς
2995 3131 3223 3199 ἑνότητα
3258 3126 3583 3196 συνάγεσθαι
3625 3126 3716 3179 πί-

2149 3239 2340 3285 στεως.
2371 3222 2430 3273 Ei
2462 3218 2571 3291 γὰρ
2596 3221 2687 3273 τοῦ
2718 3221 2929 3291 Πατρὸς
2962 3220 3021 3273 τὺ
3048 3219 3217 3289 ενομα
3246 3218 3376 3281 Θεός
3399 3236 3410 3248 ·
3446 3214 3505 3270 εὖ
3531 3216 3719 3287 δῆλον.

2148 3312 2243 3375 ὡς,
2285 3314 2422 3382 ὅπερ
2468 3292 2614 3364 ἐστὶν
2643 3315 2671 3363 ὁ
2708 3312 2897 3382 Πατὴρ
2941 3309 3105 3379 (τοῦτ’
3136 3309 3280 3362 ἐστιν
3327 3306 3514 3375 Θεὸς),
3558 3307 3717 3359 τοῦτο

2151 3405 2384 3476 ὑπάρχει
2411 3404 2439 3457 ὅ
2478 3421 2536 3456 τε
2584 3402 2705 3466 Υἱὸς
2746 3402 2808 3455 τ5
2860 3419 2917 3454 τε
2966 3402 3117 3469 ἅγιον
3168 3399 3389 3469 Πνεῦμα
3426 3396 3519 3451 τοῦ
3554 3395 3711 3451 Θεοῦ.

2154 3498 2329 3567 Ὅπερ
2395 3496 2489 3549 καὶ
2552 3493 2619 3546 τὰ
2683 3493 2926 3563 σεραφὶμ
2986 3492 3166 3562 δηλοῖ,
3229 3490 3457 3558 λέγοντα
3511 3490 3717 3560 τρίτον,

2153 3587 2426 3655 ‹“Αγιος,›
2474 3586 2566 3639 καὶ
2595 3583 2760 3647 ἅπαξ,
2796 3601 2815 3634 ι
2845 3582 3101 3652 Κύριος.»
3142 3583 3250 3635 Καὶ
3279 3582 3505 3653 ἑτέρωθι
3527 3582 3585 3636 δὲ
3615 3581 3717 3635 οὐκ

2145 3680 2290 3742 ἄλλο,
2332 3678 2366 3748 ἢ
2408 3676 2565 3729 τοῦτο
2620 3674 2900 3736 διδάσκων,
2941 3672 3123 3740 ἔλεγεν
3167 3674 3195 3725 ὁ
3240 3672 3400 3737 Υἱὸς,
3445 3672 3573 3742 περὶ
3618 3672 3723 3741 μὲν

2148 3768 2341 3823 ἑαυτοῦ
2396 3769 2506 3828 τοῖς
2566 3765 2640 3835 μὴ
2695 3762 3037 3817 πιστεύουσιν
3090 3762 3256 3834 αὐτῷ,
3296 3763 3372 3826 ὡς
3424 3762 3544 3833 Θεῷ
3580 3763 3715 3832 ἀληο

2147 3856 2308 3927 θινῷ·
2347 3876 2364 3906 ι
2404 3853 2545 3922 Ἐγὼ
2584 3856 2640 3906 ἐν
2683 3853 2758 3922 τῷ
2801 3853 3023 3923 ὀνόματι
3068 3852 3160 3906 τοῦ
3201 3854 3411 3924 Πατρός
3447 3872 3548 3923 μου
3591 3854 3717 3924 ἐλή-

2146 3947 2281 4001 λυθα
2329 3945 2492 4018 (τοῦτ’
2520 3943 2665 3996 ἐστιν
2714 3944 2845 4006 Θεὸς
2895 3944 3155 4011 τοιοῦτος,
3188 3940 3299 4007 οἷος
3341 3946 3587 4010 ἐκεῖνος),
3623 3944 3716 3997 καὶ

2144 4035 2203 4087 οὐ
2237 4031 2540 4103 λαμϐάνετέ
2576 4049 2642 4101 με
2694 4032 2831 4101 (ἀντὶ
2869 4032 2986 4096 τοῦ,
3022 4033 3083 4085 οὐ
3115 4032 3394 4086 πιστεύετέ
3432 4032 3575 4101 μοι)’
3618 4031 3720 4086 ἐὰν

2143 4124 2299 4188 ἄλλος
2326 4121 2451 4193 ἔλθῃ
2478 4124 2533 4175 ὲν
2555 4120 2633 4192 τῷ
2661 4120 2882 4190 ὀνόματι
2908 4120 2986 4191 τῷ
3006 4122 3139 4191 ίδίῳ,
3175 4122 3377 4174 ἐκεῖνον
3398 4117 3627 4189 λήψεσθε
3644 4134 3657 4146 ·
3686 4136 3706 4168 ι

2140 4214 2230 4267 τὸν
2283 4212 2645 4283 ’Δντίχριστον
2696 4211 3066 4281 ὑπεμφαίνων.
3124 4212 3257 4283 Περὶ
3307 4210 3362 4264 δὲ
3412 4208 3507 4262 τοῦ
3554 4207 3713 4276 ἁγίου

2142 4420 2334 4478 quarto
2362 4424 2487 4463 casu
2538 4409 2697 4463 habet
2719 4408 2795 4472 ὡς
2845 4408 3097 4478 νηπίους,
3159 4408 3382 4478 ideoque
3433 4411 3710 4465 referenda

2147 4479 2260 4532 lucc
2294 4491 2420 4533 sunt
2475 4479 2542 4532 ad
2594 4494 2825 4546 sequens
2866 4477 3085 4530 verbum
3133 4477 3399 4547 ἐπότισα.
3447 4482 3587 4547 quod
3633 4489 3717 4534 est

2155 4565 2172 4598 ι
2205 4548 2497 4616 potionavi,
2522 4568 2540 4599 ι
2605 4545 2683 4599 uti
2717 4549 2932 4615 quidam
2988 4557 3215 4616 veteres,
3247 4545 3564 4616 loquuntur,
3617 4564 3715 4602 seu

2154 4635 2172 4668 ι
2205 4615 2384 4685 potum
2417 4618 2558 4672 dedi.
2591 4636 2610 4669 ι
2653 4617 2804 4671 lluue
2847 4631 3065 4671 sensum
3095 4615 3316 4671 exhibet
3345 4615 3568 4685 Vulgata
3612 4616 3715 4671 La-

2154 4687 2263 4739 tina
2295 4688 2483 4740 editio.

2220 4756 2332 4820 (li)
2378 4755 2457 4808 Ne
2491 4769 2627 4808 nunc
2666 4753 2893 4820 quidem.
2925 4753 3111 4809 Graeca
3141 4754 3253 4819 ed.,
3281 4752 3407 4808 οὔτε
3438 4752 3538 4806 ἔτι.

2220 4823 2330 4885 (l5)
2375 4824 2598 4877 Etenim.
2634 4823 2795 4875 Hebr.
2824 4838 2875 4885 ν,
2903 4824 3084 4877 IIl-ll.

2222 4891 2333 4962 (ιιι)
2377 4891 2498 4945 Non
2546 4892 2734 4962 solido.
2775 4891 2959 4946 Gneea
3002 4893 3186 4957 editio,
3216 4893 3313 4946 καὶ
3355 4891 3419 4945 οὐ
3462 4892 3711 4962 στερεᾶς.

2155 4960 2419 5031 Vulgatus
2445 4960 2700 5031 intulegit
2730 4972 2788 5014 ut
2820 4962 3110 5031 Didymus,

2223 5027 2333 5103 (l5)
2377 5029 2508 5099 Ego.
2531 5027 2698 5103 iJoa'n.
2728 5046 2781 5103 ν’,
2811 5027 3319 5103 ιιὸίΑτειιιηθιιιιιιιι
3348 5044 3509 5103 porro
3544 5045 3608 5083 ex
3631 5044 3712 5103 _ea

2150 5098 2440 5163 locutione,
2479 5118 2497 5150 ι
2530 5102 2581 5152 in
2626 5100 2842 5153 nomine
2878 5098 3073 5161 Patris,
3102 5118 3121 5150 ι
3164 5111 3292 5163 aut,
3349 5117 3367 5149 ι
3397 5101 3448 5152 in
3497 5100 3718 5151 nomine

2152 5170 2295 5233 Filii,
2324 5190 2343 5222 ι
2379 5171 2678 5223 derivatum
2723 5167 2904 5221 attulit
2950 5170 3111 5221 etiam
3163 5169 3219 5221 in
3264 5171 3355 5223 hb.
3405 5167 3480 5221 De
3515 5166 3715 5231 Spiritu

2153 5252 2354 5301 sancto,
2404 5254 2550 5291 num.
2580 5236 2693 5290 50:
2733 5254 2751 5286 ι
2781 5236 3039 5305 Spiritum
3086 5250 3370 5301 sanetum,
3422 5237 3629 5305 inquit,
3684 5255 3717 5287 a

2156 5310 2310 5362 Patre
2342 5310 2391 5362 in
2432 5323 2530 5359 suo
2562 5307 2697 5359 mitti
2733 5309 2970 5370 nomine,
3002 5305 3249 5359 Salvator
3298 5308 3548 5367 allirmat,
3590 5320 3716 5359 com

2153 5379 2367 5447 proprie
2400 5376 2695 5429 Salvatoris
2747 5390 2939 5428 nomen
2987 5377 3058 5447 sit
3104 5393 3122 5426 ι
3150 5374 3346 5447 Filius;
3374 5393 3394 5426 ι
3450 5375 3715 5447 siquidem

2156 5444 2359 5502 natura:
2403 5447 2753 5507 c0usortium,
2799 5455 2880 5509 et,
2933 5455 2991 5498 ttt
3040 5446 3113 5513 ita
3165 5446 3375 5508 dicant,
3418 5444 3720 5513 proprietas

2156 5517 2341 5587 [codex
2367 5524 2547 5592 uoster
2584 5515 2669 5592 hic
2729 5515 2901 5578 addit,
2939 5512 3469 5592 ip_s_a]_person§rt_l_m
3510 5528 3586 5592 ex.
3615 5513 3715 5566 ista

2156 5583 2285 5639 {meo
2334 5589 2594 5662 signatur.
2629 5584 2684 5638 In
2716 5601 2817 5654 qua
2852 5583 3208 5653 appellatione
3255 5602 3271 5633 ι
3312 5583 3429 5638 Filii
3456 5600 3477 5634 ι
3518 5583 3720 5662 missus

2155 5674 2182 5707 a
2238 5650 2411 5709 l’atre‘
2441 5654 2673 5721 Spiritus
2720 5650 2960 5716 sanctus,
3008 5669 3112 5707 non
3171 5669 3379 5718 servus,
3424 5666 3529 5721 non
3577 5650 3720 5703 alius

2157 5725 2370 5797 [rectius
2399 5720 2793 5797 codeenoster,
2838 5739 2939 5797 non
2980 5720 3720 5797 alienus],_uee__disjunctu_s

2159 5787 2185 5849 ξι
2235 5794 2367 5851 Filio
2416 5795 2740 5863 intelligitur
2776 5791 2961 5864 [codex
3000 5787 3208 5861 noster,-
3243 5787 3598 5863 intelligitur].
3656 5787 3745 5842 Ειι
