4134 6410
538 317 636 371 735

1781 319 2014 374 DIDYMI
2053 321 2528 379 ALEXANDRIM

3696 333 3804 388 736

533 437 713 506 Neque
744 452 867 490 vero
900 445 968 490 att
1003 457 1014 491 :
1045 435 1098 489 lu
1134 436 1334 492 lsraele
1365 438 1508 500 solo;
1543 453 1673 494 «nec
1715 441 1857 496 enim
1894 441 2005 514 (9.9)
2033 454 2102 499 est

2222 461 2311 515 ρον
2336 444 2511 515 ὕνομα
2562 443 2843 513 δεδομένον
2885 444 2988 498 ὑπὸ
3015 444 3104 499 τὸν
3146 446 3394 518 οὐρανὸν,
3427 452 3482 502 ἐν
3510 437 3556 518 ᾧ
3584 451 3664 505 δεῖ
3694 472 3808 508 σω-

532 529 676 583 aliud
715 544 909 583 nomen
953 531 1137 583 datum
1176 530 1275 584 sub
1307 531 1467 594 coelo,
1513 532 1562 583 in
1605 547 1710 600 quo
1741 534 2111 601 oporteatsal-

535 636 626 674 vos
669 621 804 674 fieri.
874 640 892 671 ι
940 621 1234 676 Zacharias
1268 632 1448 676 autem
1508 623 1587 678 sic
1639 623 1880 692 loquitur
1923 643 1936 679 :
1981 643 1999 676 ι
2048 625 2111 679 Ει

534 717 635 768 erit
669 713 780 782 (50)
812 715 1070 770 Dominus
1124 716 1176 769 in
1225 731 1402 786 regem
1446 732 1608 785 super
1642 733 1857 772 onmem
1908 729 2108 775 terram

535 805 586 858 in
620 807 706 861 die
761 807 871 860 illa.
927 807 1040 860 Erit
1106 807 1382 872 Dominus,
1421 809 1680 864 Dominus
1733 809 2021 880 (5l)unus,
2056 823 2112 867 et

539 909 731 948 nonnon
756 896 801 962 ej
831 912 870 947 is
913 911 1075 948 unum
1117 897 1444 952 circumiens
1489 896 1603 968 (59⁸.)
1659 915 1873 954 onmem
1913 911 2110 956 [errant

535 998 592 1043 et
625 991 930 1054 desertum;
973 1009 991 1041 ι
1022 1000 1072 1044 et
1108 1006 1294 1046 rursus
1347 1007 1505 1047 sacer
1537 993 1783 1049 Psaltes:
1849 1013 1868 1046 ι
1901 995 2110 1050 Erube-

538 1092 691 1135 erant.
730 1082 842 1152 (55)
898 1092 955 1136 et
994 1082 1396 1138 «enfundantur
1433 1084 1484 1136 in
1514 1085 1793 1152 saeculum,
1818 1095 1872 1142 et
1911 1102 2111 1155 cogno-

537 1179 713 1234 scant,
742 1172 882 1240 quod
933 1185 1128 1226 nomen
1167 1171 1259 1225 tibi
1293 1172 1580 1239 Dominus;
1618 1183 1672 1228 tu
1700 1189 1759 1228 es
1783 1175 1932 1229 solus
1954 1176 2112 1232 Altis-

537 1263 708 1316 simus
723 1279 884 1332 super
903 1278 1115 1318 omnem
1143 1272 1362 1318 terram.
1393 1283 1411 1315 ι
1445 1263 1501 1319 Si
1531 1264 1673 1319 enim
1706 1267 1830 1335 quis
1865 1269 1930 1322 ad
1951 1284 2108 1321 unam

537 1369 780 1407 seorsum
817 1355 1145 1423 bypostasim
1181 1357 1375 1410 referat
1405 1356 1530 1410 illud
1563 1377 1581 1408 ι
1615 1353 1754 1411 Deus
1777 1376 1824 1421 ,ι
1873 1369 1925 1411 et
1980 1358 2110 1411 illud

540 1444 845 1511 «Dominus,
861 1457 937 1498 oet
958 1445 1109 1498 illudi
1125 1446 1282 1501 Solus
1303 1447 1663 1512 Altissimus,»
1692 1449 1913 1502 alteram
1933 1451 2112 1504 exclu-

535 1538 630 1590 dit.
669 1535 742 1589 Ex
777 1536 1003 1590 naturali
1023 1551 1148 1590 vero
1172 1537 1522 1592 animinostri
1553 1540 1808 1604 motione,
1834 1547 1961 1593 etex
1980 1554 2110 1593 con-

534 1627 819 1680 suetudine
875 1627 1135 1681 habemus
1158 1639 1208 1680 ut
1237 1628 1289 1680 in
1319 1627 1421 1682 hoc
1449 1629 1788 1694 insistamus,
1823 1638 1882 1682 ut
1919 1643 2111 1698 nempe

532 1731 692 1770 unam
722 1732 1006 1785 personam
1053 1716 1218 1771 Deum
1256 1720 1620 1784 nominantes,
1677 1721 1813 1775 alias
1840 1721 1974 1775 duas
2003 1735 2107 1774 non

2212 534 2424 605 θῆναι.»
2458 534 2568 588 Καὶ
2585 535 2861 607 Ζαχαρίας
2889 536 2946 590 δὲ
2985 536 3165 607 λέγει’
3203 557 3218 588 ι
3249 539 3356 592 Καὶ
3398 540 3549 593 ἔσται
3591 542 3802 612 Κύριος

2211 629 2291 690 εἰς
2321 625 2545 696 βασιλέα
2577 627 2678 680 ἐπὶ
2703 629 2885 682 πᾶσαν
2917 628 3010 699 τὴν
3047 630 3148 700 γῆν
3185 631 3241 682 ὲν
3270 633 3335 701 τῇ
3372 631 3556 704 ἡμέρᾳ
3586 635 3797 706 ἐκείνῃ.

2216 721 2411 772 Ἔσται
2444 719 2669 790 Κύριος,
2716 719 2916 790 Κύριος
2953 715 3052 783 εἷς,
3085 722 3179 774 καὶ
3212 721 3274 774 τὸ
3302 721 3472 793 ὄνομα
3517 723 3682 777 αὐτοῦ
3713 726 3796 791 ἓν,

2213 808 2444 861 κυκλοῦν
2467 810 2648 862 πᾶσαν
2669 809 2766 880 τὴν
2795 809 3018 880 γῆνκαὶ
3044 809 3142 880 τὴν
3171 809 3374 881 ἔρημον
3393 828 3406 840 ·
3422 830 3440 862 ι
3468 812 3561 865 καὶ
3584 814 3744 868 πάλιν
3765 818 3800 868 ὁ

2221 898 2594 970 Ἱεροψάλτηςο
2631 899 3113 969 «Αἰσχυνθήτωσαν
3142 901 3237 953 καὶ
3263 902 3686 974 ὲντραπήτωσαν
3713 905 3798 967 είς

2216 990 2308 1042 τὸν
2327 987 2518 1051 αἰῶνα,
2539 989 2632 1042 καὶ
2649 987 2962 1057 γνώτωσαν,
2983 989 3064 1042 ὅτι
3095 989 3268 1060 ὄνομά
3295 1008 3376 1044 σοι
3400 991 3600 1064 Κύριος
3620 1010 3634 1023 ·
3656 994 3720 1047 σὺ
3741 990 3796 1047 εἴ

2216 1077 2378 1148 μόνος
2415 1075 2675 1146 ’Ύψιστος
2704 1077 2796 1130 ἐπὶ
2822 1079 3000 1132 πᾶσαν
3028 1077 3124 1150 τὴν
3154 1078 3278 1148 γῆν.
3307 1099 3326 1132 ι
3356 1079 3486 1152 [152
3505 1082 3558 1154 b]
3587 1084 3648 1137 Et
3681 1083 3795 1156 γὰρ

2216 1170 2315 1238 μιᾷ
2337 1185 2420 1230 τις
2442 1167 2678 1240 ἀφορίσῃ
2723 1169 3017 1222 ὑποστάσει
3051 1171 3131 1236 τὸ,
3171 1189 3190 1222 ι
3225 1171 3282 1225 Ὀ
3317 1172 3480 1236 Θεὸς,
3510 1192 3528 1225 ι
3577 1175 3670 1228 καὶ
3707 1176 3791 1241 τὸ,

2219 1258 2472 1329 «Κύριος,
2488 1278 2504 1310 ι
2524 1259 2619 1313 κα)⁵
2643 1279 2660 1310 ι
2674 1259 2849 1324 Μόνος
2863 1260 3145 1330 ”Υψιστος,
3159 1281 3177 1312 ι
3200 1263 3560 1336 ὲκὸἁλλειτὴν
3574 1267 3789 1339 ἑτέραν.

2211 1356 2322 1408 Καὶ
2355 1355 2464 1409 ἀπὸ
2511 1357 2611 1427 τῆς
2660 1359 2898 1427 φυσικῆς
2935 1357 2990 1410 δὲ
3032 1358 3188 1429 ἡμῶν
3241 1363 3507 1432 κινήσεως
3556 1362 3648 1416 καὶ
3691 1365 3794 1436 τῆς

2213 1445 2500 1516 συνηθείας
2556 1445 2674 1500 ἔστι
2728 1446 2907 1518 τούτῳ
2953 1449 3266 1519 ἐπιστῆναι.
3316 1451 3614 1523 Εὐχόμενοι
3657 1454 3792 1526 γὰρ,

2211 1535 2319 1588 εἴτε
2365 1537 2630 1608 εἴπωμεν,
2683 1555 2702 1590 ι
2734 1537 2928 1608 Κύριε,
2977 1539 3218 1612 ἐλέησον,
3244 1562 3262 1593 ι
3303 1541 3430 1604 εἴτε,
3476 1563 3495 1596 ι
3535 1544 3594 1599 '0
3634 1544 3791 1610 Θεὸς,

2213 1626 2498 1699 βοήθησον,
2525 1647 2542 1680 ι
2580 1629 2688 1682 εἴτε
2717 1630 2785 1683 τὰ
2819 1633 3227 1703 συναμφότερα,
3258 1634 3318 1686 οὐ
3348 1633 3793 1708 διαμαρτάνομεν

2210 1718 2305 1772 τοῦ
2350 1720 2585 1774 σκοποῖν
2644 1722 3236 1793 συμπεριλαμϐάνομεν
3281 1727 3388 1796 γὰρ
3443 1727 3540 1798 τὴν
3595 1729 3653 1781 ὲν
3692 1733 3795 1802 μιᾷ

531 1808 899 1864 excludamus.
952 1807 1084 1864 Cum
1135 1811 1276 1864 enim
1336 1827 1597 1877 oramus,
1652 1813 1767 1868 sive
1791 1813 2102 1877 dixerimus,

2213 1809 2427 1881 θεότητι
2481 1811 2640 1879 ἁγίαν
2709 1813 2937 1883 Τριὰδα.
2978 1815 3046 1866 Ἣ
3101 1810 3193 1867 οὗν
3249 1817 3323 1887 μὴ
3380 1817 3615 1889 ἀγράφῳ
3671 1819 3793 1872 δια-

536 1917 557 1951 ι
579 1898 758 1967 Kyrie,
787 1899 985 1954 elcisou
1009 1899 1175 1970 (54),)
1207 1902 1307 1956 hoc
1333 1911 1415 1957 est
1439 1902 1678 1967 Domine,
1713 1903 1975 1967 miserere,
1991 1903 2102 1958 sive

529 1989 850 2057 dixerimus,
890 2010 909 2043 ι
939 1989 1098 2057 Deus,
1125 1992 1442 2057 auxiliare,»
1467 1994 1581 2048 sive
1607 1994 1766 2048 ambo
1806 1993 1917 2047 lucc
1944 1995 2100 2048 simul

535 2080 970 2145 promnntit-mus,
1013 2095 1117 2133 non
1159 2083 1474 2135 aberramus
1506 2097 1533 2135 a
1569 2096 1765 2151 scopo;
1789 2082 1955 2152 289
1977 2098 2097 2135 nam

537 2180 718 2223 mente
773 2179 936 2236 atque
997 2172 1347 2242 intelligentia
1383 2173 1544 2227 simul
1589 2176 2103 2244 comprehendimus

528 2271 768 2316 sanctam
801 2262 853 2315 in
883 2277 985 2315 una
1025 2263 1226 2318 dcitate
1258 2265 1612 2320 exsistcntetn
1635 2265 2102 2322 Trinitati-uu.Aut

527 2365 656 2420 ergo
714 2349 966 2405 sublimia
1022 2368 1121 2407 nec
1161 2354 1407 2423 ambigua
1450 2353 1850 2424 Scripturarum
1879 2357 1946 2412 de
1977 2357 2103 2428 Spi-

528 2441 632 2494 ritu
676 2440 766 2494 Dei
805 2443 1134 2508 testimonia,
1175 2459 1295 2514 qum
1329 2444 1491 2498 allata
1529 2454 1672 2512 sunt,
1729 2451 1910 2515 pravis
1940 2457 2102 2516 atque

528 2532 862 2602 cScriptura
911 2549 1014 2588 non
1065 2535 1248 2604 petitis
1295 2535 1642 2605 opinionibus
1701 2552 1963 2592 enervare
1993 2553 2099 2591 non

529 2632 830 2687 eoneulur;
859 2634 951 2677 aut
982 2624 1190 2689 dicant,
1235 2639 1403 2693 quare
1433 2632 1487 2679 et
1527 2623 1626 2693 ipsi
1677 2623 1871 2678 Filium
1905 2633 2102 2679 vocent

525 2715 775 2770 similiter
810 2726 869 2770 ut
894 2732 990 2771 nos
1021 2733 1141 2772 emn
1184 2733 1464 2782 vocamus,
1504 2727 1558 2772 et
1588 2717 1777 2780 Deum,
1802 2725 1855 2770 et
1877 2716 2100 2779 bonum,

2215 1900 2456 1970 στροφῇ,
2503 1899 2605 1964 τὰς
2667 1901 3034 1972 προκειμένας
3101 1904 3462 1974 μεγαλοφυεῖς
3516 1910 3642 1978 περὶ
3695 1911 3796 1964 τοῦ

2210 1988 2528 2060 Πνεύματος
2573 1991 2668 2044 τοῦ
2708 1993 2841 2048 Θεοῦ
2890 1997 3217 2068 ἐγγράφους,
3261 2001 3355 2051 καὶ
3387 2000 3795 2070 ἀναμφιϐόλως

2207 2078 2505 2146 ἀποδείξεις
2529 2082 2767 2154 ἀκυροῦν
2821 2084 3214 2155 βιαζέσθωσαν,
3268 2088 3300 2158 ἢ
3355 2088 3657 2157 λεγέτωσαν
3697 2095 3796 2147 καὶ

2209 2170 2400 2234 αὐτοὶ,
2447 2173 2566 2237 πῶς
2611 2173 2702 2228 τὸν
2737 2175 2865 2230 Υίὸν
2914 2178 3308 2250 παραπλησίως
3355 2180 3512 2250 ἡμῶν
3564 2183 3796 2238 καλοῦσι

2209 2261 2340 2314 Θεὸν
2385 2263 2478 2317 καὶ
2522 2265 2749 2334 ἀγαθὸν,
2795 2267 2902 2321 τῶν
2953 2269 3184 2340 Γραφῶν
3237 2270 3540 2340 λεγουσῶν·
3577 2294 3597 2326 ι
3629 2275 3728 2340 Εἷς
3760 2279 3800 2332 ὁ

2209 2352 2340 2416 Θεός
2363 2370 2377 2383 ·
2404 2372 2422 2404 ι
2461 2354 2586 2418 καὶ,
2635 2375 2653 2407 ι
2679 2357 2867 2422 Οὐδεὶς
2917 2359 3140 2429 ἀγαθὸς,
3185 2363 3233 2415 εί
3285 2362 3359 2433 μὴ
3396 2359 3478 2428 εἷς
3507 2367 3535 2418 ό
3573 2365 3739 2431 Θεός·
3762 2386 3781 2416 ι

2208 2444 2242 2514 ἢ
2300 2443 2417 2508 πῶς
2465 2447 2556 2501 τὸν
2608 2448 2829 2522 Πατέρα
2896 2449 3145 2521 λέγουσιν
3196 2452 3348 2522 ἅγιον
3407 2456 3500 2509 καὶ
3561 2458 3794 2527 Κύριον,

2209 2534 2532 2599 ἀκούοντες·
2581 2557 2599 2590 ι
2632 2534 2727 2603 Εἷς
2777 2540 2960 2610 ἆγιος,
3005 2537 3086 2607 εἷς
3138 2542 3343 2614 Κύριος
3385 2545 3591 2616 Ἰησοῦς
3651 2549 3792 2620 Χρι-

2211 2625 2409 2689 στόςί
2457 2627 2553 2680 καὶ
2619 2629 2814 2684 πάλιν·
2873 2649 2891 2683 ι
2928 2633 2985 2686 '0
3039 2633 3096 2688 δὲ
3161 2635 3367 2706 Κύριος
3429 2636 3490 2690 τὸ
3561 2638 3792 2710 [Ινεῦμά

2209 2716 2380 2770 ἔστιν.
2409 2737 2427 2771 ι

523 2822 644 2862 eum
674 2807 727 2861 in
753 2807 1049 2878 Scripturis
1077 2809 1307 2878 legatur,
1350 2830 1368 2861 ι
1401 2809 1550 2864 Unus
1581 2811 1740 2874 Deus,
1776 2827 1795 2860 ι
1830 2816 1882 2861 et
1914 2823 1928 2859 :
1958 2825 1976 2857 ι
2006 2805 2174 2860 Nemo
2195 2808 2306 2879 (35)
2331 2810 2520 2878 bonus,
2579 2812 2683 2866 nisi
2713 2831 2850 2870 unus
2900 2817 3072 2886 Deus;
3107 2840 3125 2872 ι
3167 2829 3259 2874 aut
3338 2836 3509 2892 quare
3572 2822 3786 2878 Patrem

525 2899 704 2954 ἀίοιιιι
741 2917 759 2949 ι
813 2897 1092 2962 Sanctum,
1149 2908 1202 2952 et
1259 2899 1567 2961 Dominmn,
1590 2917 1608 2950 ι
1668 2913 1789 2952 cum
1821 2895 2064 2961 audiant,
2110 2914 2129 2948 ι
2166 2895 2315 2952 Unus
2351 2909 2572 2954 sanctus
2601 2901 2738 2972 (56),
2797 2921 2932 2962 unus
2997 2903 3254 2964 Dominus
3279 2909 3435 2965 Jesns
3463 2911 3784 2976 Cbristusp

527 2999 583 3045 et
613 3005 799 3044 rursus
826 3007 839 3042 :
867 3007 883 3040 ι
904 2989 1164 3044 Dominus
1191 2989 1303 3060 {'57}
1327 3000 1509 3044 autem
1554 2989 1786 3059 Spiritus
1818 2997 1954 3042 est.»

1158 3081 1242 3136 CA
1253 3081 1308 3134 P.
1347 3078 1465 3137 XX.

596 3169 888 3240 Apostolus
942 3184 1122 3238 porro,
1187 3171 1273 3224 cui
1341 3171 1654 3241 prmdicatio
1711 3170 2101 3226 lucarnatlonis

525 3256 833 3310 concredita
876 3265 978 3321 est,
1006 3271 1104 3310 nos
1135 3256 1419 3328 distinguit
1483 3259 1848 3327 secernitque,
1876 3272 1939 3311 ac
1965 3256 2100 3311 alios

526 3349 740 3414 quidem
768 3349 1079 3417 spirituales
1111 3357 1286 3414 Vocat,
1321 3351 1454 3406 alios
1478 3367 1604 3405 vero
1636 3351 1922 3418 animales,
1965 3350 2099 3404 alios

524 3449 705 3494 autem
739 3440 1008 3506 carnales,
1038 3453 1130 3495 aut
1157 3451 1438 3508 terrenos;
1476 3442 1699 3513 singulis
1733 3443 1938 3498 scilicet
1973 3443 2094 3497 has-
2141 3441 2147 3448 ’

528 3713 547 3745 ι
575 3707 736 3760 super
766 3707 945 3746 omne.
971 3712 990 3744 ι
1020 3691 1076 3746 1η
1106 3693 1245 3746 libro
1278 3692 1349 3746 De
1377 3691 1579 3757 Spiritu
1613 3703 1793 3747 sancto
1820 3709 1969 3746 num.
2001 3695 2088 3756 ll,

529 3765 739 3818 videtur
772 3762 1032 3832 Didymus
1069 3764 1300 3817 dictasse
1329 3763 1422 3814 ἐπὶ
1453 3764 1650 3824 πάντα,
1682 3763 1733 3817 id
1772 3771 1856 3817 est
1884 3783 1902 3814 ι
1931 3779 2092 3833 super

523 3835 728 3895 (uiitnia,
751 3851 768 3884 ι
796 3841 854 3886 ιιι
879 3847 944 3886 ex
978 3844 1098 3886 nota
1128 3834 1368 3900 proxime
1397 3834 1664 3900 sequenti.

596 3904 709 3967 (9.9)
756 3903 863 3955 Nec
888 3903 1042 3955 enim.
1073 3903 1192 3956 Art.
1226 3917 1296 3967 Iv,
1327 3901 1412 3956 l2.
1439 3903 1625 3957 Graeca
1655 3901 1819 3956 editio
1845 3901 2000 3954 habet
2033 3900 2095 3954 τὸ

524 3968 905 4043 δεδομένον-ἐν
949 3971 1289 4043 ἀνθρώποις,
1335 3973 1386 4025 id
1427 3981 1508 4043 est
1565 3974 1795 4043 «datum
1840 3973 1892 4024 in
1930 3971 2099 4024 homi-

529 4040 704 4095 nibus.
730 4061 748 4092 ι
794 4040 922 4095 Vide
944 4040 1192 4110 superius
1224 4057 1390 4110 segni.
1415 4041 1484 4095 87
1514 4058 1567 4094 a.
1601 4040 1656 4093 In
1699 4040 1836 4094 libro
1881 4055 2096 4108 quoque

527 4111 602 4164 De
635 4111 834 4171 Spiritu
876 4121 1058 4164 sancto
1109 4127 1256 4164 num.
1287 4111 1374 4172 11,
1422 4110 1606 4163 omisit
1649 4124 1740 4163 eas
1774 4125 1956 4174 voces,
1991 4127 2011 4160 ι
2041 4111 2092 4164 in

529 4182 856 4234 hominilms.
885 4200 902 4230 ι
939 4180 1012 4233 lbi
1043 4181 1186 4235 enim
1221 4181 1374 4233 valde
1399 4180 1593 4234 similia
1625 4179 1867 4244 dictavit,
1905 4195 2097 4248 nempe

525 4267 643 4317 «ιιιιε
690 4263 987 4318 sequuntur
1015 4269 1026 4302 :
1070 4270 1089 4300 ι
1117 4250 1342 4315 Quando
1393 4256 1572 4302 autem
1600 4287 1614 4302 .
1643 4288 1656 4301 .
1686 4288 1699 4303 .
1739 4249 1988 4303 Salvator
2043 4253 2093 4302 in

524 4322 832 4375 universam
863 4331 1152 4374 terram....
1173 4319 1416 4373 extendit
1444 4319 1760 4373 vocabulum
1795 4334 1972 4382 suum,
1999 4319 2099 4372 im-

525 4390 668 4456 pleto
701 4405 788 4453 eo,
818 4390 958 4457 quod
987 4392 1246 4458 scriptum
1279 4398 1385 4452 est,
1419 4407 1439 4439 ι
1462 4390 1633 4455 Quam
1662 4389 1981 4442 admirabile
2011 4399 2097 4444 est

533 4477 552 4509 ι
603 4474 794 4511 nomen
835 4470 980 4511 tuum
1016 4461 1065 4510 iu
1098 4460 1348 4512 universa
1397 4470 1536 4527 terra
1563 4477 1580 4511 ι
1639 4459 1855 4527 (quibus
1899 4474 2095 4514 consc-

2853 3083 3010 3139 ΚΕΦ.
3047 3086 3094 3137 Κ
3117 3125 3131 3138 .

2277 3167 2512 3240 Διορίζει
2539 3169 2607 3242 δὴ
2632 3166 2724 3224 οὖν
2753 3173 2899 3242 ἡμᾶς
2935 3175 2963 3226 ὁ
3002 3175 3098 3246 τὴν
3128 3177 3437 3247 οἰκονομίαν
3477 3180 3792 3246 πιστευθεὶς,

2217 3257 2557 3324 Ἀπόστολος,
2594 3261 2688 3314 καὶ
2715 3262 2840 3326 τοὺς
2881 3263 2979 3333 μὲν
3023 3267 3426 3335 πνευματικοὺς
3459 3267 3634 3330 καλεῖ,
3659 3271 3786 3333 τοὺς

2201 3349 2259 3403 δὲ
2285 3349 2568 3420 ψυχικοὺς,
2594 3353 2718 3415 τοὺς
2747 3353 2803 3406 δὲ
2841 3357 3156 3425 σαρκικοὺς,
3187 3356 3219 3425 ἢ
3256 3359 3491 3424 χοῖκοὺς,
3536 3359 3644 3411 ἀπὸ
3687 3359 3784 3413 τοῦ

2203 3440 2443 3504 πλείονος
2503 3441 2600 3496 καὶ
2645 3444 3068 3514 ἐπικρατοῦντος
3125 3443 3374 3509 ἑκάστοις
3424 3449 3525 3511 τὰς
3572 3450 3782 3504 τοιάσδε

2198 3692 2265 3746 ad
2301 3689 2607 3745 Dominum.
2642 3683 2897 3760 Didymus
2925 3688 3088 3743 habet
3126 3687 3384 3755 κυκλοῦν,
3416 3693 3470 3746 id
3514 3704 3600 3749 est
3633 3712 3653 3746 ι
3677 3694 3785 3748 cir-

2199 3761 2471 3816 cumiens»
2513 3771 2704 3814 neutro
2745 3775 2966 3828 genere,
2994 3768 3052 3811 ut
3085 3760 3352 3814 referatur
3378 3764 3442 3815 ad
3480 3778 3704 3820 nomen.

2272 3829 2792 3903 (migratum-ant.
2845 3829 2988 3903 Psal.
3040 3844 3250 3903 ωιιςκιι,
3298 3831 3365 3885 16
3415 3841 3467 3885 et
3523 3833 3592 3886 l7
3651 3832 3786 3903 (seu

2203 3900 2271 3954 18
2309 3898 2374 3954 et
2398 3898 2505 3968 l9).
2544 3899 2805 3953 Nonnulla
2858 3899 3176 3952 intermedia
3212 3903 3371 3953 verba
3428 3903 3632 3956 omittit
3660 3898 3781 3958 ὀἰ-

2201 3971 2418 4038 dymus,
2447 3984 2566 4036 quae
2599 3985 2702 4022 non
2741 3969 3104 4038 praetermittit
3135 3982 3302 4038 segni.
3333 3969 3432 4023 198
3452 3987 3512 4038 ia.

2275 4039 2386 4108 (54)
2427 4040 2608 4107 Kyrie,
2627 4037 2842 4091 eleison.
2869 4037 2972 4092 Seu
3002 4038 3420 4108 Cyrie,7eleeson.
3451 4037 3644 4092 Breves
3675 4041 3770 4093 htt-

2198 4107 2435 4177 jusmodi
2471 4109 2928 4176 precatiuuculas.
2973 4123 3110 4176 quas
3145 4127 3165 4158 ι
3188 4107 3535 4177 iaculatorias
3560 4123 3579 4156 ι
3631 4108 3768 4162 dici-

2205 4175 2347 4240 mus,
2385 4175 2656 4231 veteribus
2682 4175 3007 4232 Christianis
3037 4178 3264 4232 usitatas
3291 4175 3452 4231 fuisse
3480 4191 3584 4230 non
3615 4179 3781 4230 modo

2205 4248 2460 4318 Didymus
2512 4257 2619 4301 tum
2671 4248 2955 4318 ltic,itumr
2983 4262 3152 4315 segni.
3189 4246 3344 4300 Πᾶνα
3389 4257 3642 4318 testatur,
3683 4263 3779 4302 ve-

2206 4332 2324 4370 rum
2363 4319 2450 4370 alii
2496 4332 2730 4386 quoque.
2772 4317 2926 4386 Quini
2951 4317 3059 4368 imo
3103 4319 3154 4368 in
3191 4327 3369 4370 castra
3411 4317 3524 4385 ipsa
3557 4331 3586 4369 a
3616 4318 3778 4371 Chri-

2206 4389 2400 4440 stianis
2427 4385 2845 4455 iuq’iera’toribns
2885 4385 3000 4453 ejus
3029 4394 3187 4438 aetate
3221 4387 3467 4455 inductas
3497 4401 3618 4441 esse
3648 4403 3780 4441 con-

2204 4467 2331 4510 stat.
2367 4453 2618 4525 Vegetius
2656 4458 2802 4511 enim
2836 4455 3044 4526 Didymi
3084 4453 3304 4526 aequalis
3335 4455 3427 4508 lib.
3456 4472 3538 4521 ιιι,
3567 4471 3683 4523 cap.
3715 4456 3775 4516 5,

527 4538 760 4589 quenter
786 4528 1076 4594 Apostolus
1109 4529 1364 4597 loquitur,
1408 4546 1428 4579 ι
1463 4526 1576 4581 Νοιι
1621 4525 1764 4581 enim
1810 4530 1953 4582 aliud
2004 4545 2097 4580 no.
2133 4537 2177 4592 ι)
2205 4526 2446 4580 formulae
2476 4546 2495 4578 ι
2543 4525 2682 4581 Deus
2721 4525 2997 4597 nobiscum
3028 4543 3051 4597 ι
3113 4525 3398 4589 meminit,
3433 4542 3595 4596 quam
3631 4541 3660 4579 e
3687 4542 3778 4578 ca-

533 4617 552 4648 c
603 4615 721 4652 men
754 4600 934 4667 datum
963 4610 1046 4650 est
1083 4599 1182 4650 sub
1210 4599 1368 4661 ctelo,
1401 4599 1453 4652 in
1485 4613 1592 4667 quo
1620 4611 1868 4664 oporteat
1900 4599 2096 4652 salvari

533 4687 552 4720 ι
601 4684 760 4729 110s,»
800 4678 854 4720 et
888 4666 1171 4722 Psalmista
1214 4670 1279 4720 ad
1318 4666 1600 4721 Dominum
1646 4669 1904 4736 loquitur,
1940 4687 1960 4720 ι
1991 4668 2100 4720 Ma-

535 4759 552 4787 ι
601 4739 866 4807 guilicasti
901 4754 1062 4806 super
1089 4739 1265 4790 omnia
1298 4753 1492 4808 nomen
1542 4748 1786 4791 sanctqu
1834 4747 2005 4808 tuum)
2035 4757 2049 4792 :
2079 4759 2097 4790 ι

529 4819 655 4860 tunc
705 4809 1027 4875 completum
1075 4818 1176 4869 est,
1214 4825 1231 4858 ι
1268 4807 1608 4873 Unguentum
1643 4808 1872 4860 ellusum
1905 4807 2100 4862 nouten

534 4897 552 4928 ι
602 4887 772 4930 ιιιιιιιι.
796 4897 814 4929 ι
853 4879 925 4930 lta
957 4878 1232 4952 Didymus.
1263 4875 1459 4952 _Nosler
1493 4888 1669 4930 tamen
1706 4879 2102 4952 codexsaapius

529 4963 556 4998 a
611 4963 694 4999 me
750 4947 1201 5001 commemorantes
1263 4947 1375 5004 lucc
1423 4959 1695 5016 postrema
1751 4949 1828 5000 sic
1878 4950 2037 5001 habet
2083 4966 2096 5002 :

533 5033 552 5067 ι
600 5018 805 5081 Quibus
833 5031 1227 5084 c0usequenter
1258 5018 1494 5085 loquitur
1559 5017 1834 5084 apostolus
1898 5019 2099 5084 dit-ens,

533 5105 551 5135 ι
601 5087 715 5139 bon
761 5088 904 5140 enim
942 5087 1087 5142 aliud
1134 5103 1325 5140 nomen
1361 5089 1542 5140 datum
1585 5098 1667 5140 est
1699 5090 1799 5141 sub
1839 5090 1997 5152 cmlo,
2049 5089 2100 5142 iu

527 5173 635 5227 quo
674 5166 920 5224 oporteat
963 5157 1158 5210 salvari
1198 5172 1315 5227 lIOS,
1343 5177 1362 5208 ι
1409 5175 1427 5208 ι
1451 5168 1506 5210 et
1538 5160 1588 5210 in
1630 5156 1859 5211 PSalmis
1888 5161 1953 5209 ad
2001 5159 2102 5211 llo-

528 5226 735 5280 Ininum
786 5228 986 5281 dicitur
1021 5266 1036 5290 ,
1095 5244 1113 5277 ι
1166 5226 1521 5297 Maguilicasti
1567 5242 1731 5294 super
1795 5241 1956 5281 cunne
2005 5245 2102 5281 no-

533 5314 554 5350 ι
597 5312 718 5349 men
749 5307 994 5351 sanctum
1031 5308 1178 5351 tuum
1205 5316 1218 5352 :
1252 5316 1269 5348 ι
1303 5310 1426 5352 tunc
1453 5297 1779 5367 completum
1808 5307 1912 5362 est,
1942 5316 1961 5348 ι
1991 5308 2097 5353 etc.

603 5367 716 5438 (50)
761 5367 828 5420 Et
861 5370 981 5421 erit.
1011 5367 1174 5422 Zacb.
1201 5383 1309 5433 xlv,
1342 5367 1451 5438 θέει
1478 5366 1564 5422 10.

606 5439 722 5508 (⁸51)
767 5437 1040 5508 Dominus,
1068 5438 1342 5492 Dominus.
1372 5437 1560 5493 Graaca
1597 5439 1766 5494 editio
1795 5437 1962 5495 semel
1984 5447 2101 5508 tan-

534 5506 645 5580 tum
698 5507 862 5561 habet
902 5523 1090 5580 vocem
1134 5509 1358 5580 Κύριος,
1393 5509 1444 5563 id
1473 5518 1558 5563 est
1594 5527 1613 5562 ι
1641 5510 1918 5565 Dominus.
1944 5528 1962 5560 ι
2002 5506 2098 5561 Vi-

533 5579 904 5651 tletttr_a_lutem
937 5577 1308 5651 Passioueiani
1355 5580 1559 5636 codicis
1607 5582 1846 5651 scriptor
1886 5597 1953 5635 ex
2006 5596 2097 5634 cr-

537 5660 658 5700 uore
694 5647 779 5699 hic
812 5662 929 5700 eam
968 5649 1211 5704 iterasse.

609 5715 721 5783 (52)
760 5714 1102 5773 Circumieus.
1136 5719 1324 5774 Graeca
1367 5720 1534 5776 editio
1572 5721 1733 5776 habet
1778 5721 2012 5784 κυκλῶν,
2047 5721 2098 5776 id

537 5796 620 5841 est
666 5801 686 5838 ι
718 5785 1041 5844 circumiens
1068 5807 1089 5844 ι
1139 5789 1438 5847 masculino
1469 5805 1688 5862 genere.
1729 5804 1786 5849 ut
1830 5795 2096 5849 referatur

2206 4600 2336 4650 stris
2374 4599 2714 4667 egredientes
2760 4596 2958 4649 milites
2991 4596 3128 4667 elata
3165 4609 3294 4667 voce
3326 4605 3408 4650 ter
3453 4607 3773 4664 pronuntia-

2207 4667 2355 4721 bant.
2383 4665 2462 4722 A'c
2493 4682 2588 4735 pro
2624 4667 3003 4736 superstitioso
3049 4665 3388 4720 ethnicorum
3434 4679 3639 4736 paeane,
3676 4680 3775 4716 au-

2207 4746 2420 4804 tequam
2467 4738 2754 4804 Quisquam
2787 4750 2818 4788 e
2849 4737 3046 4788 castris
3094 4737 3354 4788 adversus
3402 4738 3585 4788 hostes
3619 4750 3778 4803 egre-

2204 4809 2444 4869 deretur,
2516 4809 2785 4859 exercitus
2835 4805 2938 4857 dux
2987 4807 3276 4872 ca-terique
3316 4806 3549 4871 praefecti
3602 4804 3780 4857 accla-

2207 4878 2424 4929 mabant
2461 4879 2598 4930 hanc
2628 4877 2801 4946 ipsam
2831 4876 3194 4946 precationem
3215 4893 3245 4946 γ(
3273 4874 3458 4946 Kyric,
3495 4876 3776 4946 eleison.)

2205 4957 2264 4998 ut
2298 4951 2551 4998 observat
2595 4941 2876 4998 blauritius
2905 4944 2957 4996 in
2990 4941 3287 5009 Strutegico
3318 4941 3412 4998 lib.
3439 4960 3498 5008 ιι,
3532 4959 3648 5010 cap.
3687 4944 3772 5000 l7.

2205 5031 2268 5068 ac
2300 5014 2660 5084 Spanhemius
2702 5014 2755 5067 in
2787 5011 3270 5084 Observatiouibus
3318 5016 3371 5068 in
3415 5017 3643 5084 primam
3676 5011 3774 5066 Juv-

2203 5080 2633 5152 liaui'Apostatze
2673 5083 2993 5137 orationem.
3038 5080 3343 5138 Justiniano
3374 5080 3553 5138 autem
3599 5083 3776 5148 impe-

2204 5167 2357 5208 rante
2404 5154 2725 5208 Antioebeui
2766 5161 3074 5206 terraemotu
3128 5156 3502 5220 perterrefacti
3559 5171 3579 5203 ι
3637 5153 3772 5205 leta--

2204 5227 2346 5294 niam
2390 5225 2697 5294 faciebant»
2731 5223 2812 5294 (ut
2847 5224 2922 5275 ait
2968 5225 3289 5280 Anastasius
3323 5223 3782 5294 Bibliothecarius

2204 5294 2254 5346 iu
2300 5292 2539 5347 Historia
2577 5291 2935 5347 ecclesiastica
2980 5308 3107 5363 pag.
3135 5294 3226 5359 3i,
3281 5297 3368 5348 ed.
3397 5291 3561 5361 Ven.)
3614 5310 3632 5342 ι
3663 5292 3776 5344 cla-

2203 5375 2433 5435 hiantes,
2461 5363 2645 5435 Hyrie,
2677 5365 2902 5418 eleison.
2929 5382 2944 5414 ι
2977 5361 3262 5431 Nunquam
3291 5380 3421 5418 vero
3446 5375 3630 5435 postea
3663 5363 3779 5435 sive

2200 5433 2254 5486 in
2286 5431 2638 5500 Gnecaﬁive
2668 5435 2719 5488 in
2771 5435 2961 5488 Latina
2995 5435 3237 5488 Ecclesia
3288 5431 3560 5490 obsolevit
3589 5431 3779 5501 hujus-

2203 5506 2344 5558 modi
2377 5504 2800 5575 precatiuncula,
2830 5512 2888 5558 ut
2917 5505 3169 5560 omnibus
3201 5515 3386 5560 notum
3425 5515 3534 5560 est.

2271 5573 2389 5643 (55)
2428 5573 2615 5629 Nemo.
2647 5574 2814 5630 Marc.
2849 5592 2906 5638 κ.
2936 5575 3000 5631 18
3035 5591 3052 5640 ;
3089 5575 3218 5630 Luc.
3251 5591 3404 5640 xvut,
3428 5575 3516 5630 l9.

2270 5645 2382 5716 (56)
2425 5644 2569 5702 Unus
2605 5661 2836 5704 sanctus.
2873 5648 3005 5704 Vide
3039 5657 3150 5702 not.
3183 5647 3217 5700 9
3250 5663 3371 5717 pag.
3409 5647 3532 5701 161.

2196 5718 2384 5846 28ιῖιῚ)
2418 5720 2693 5778 Domini“.
2748 5721 2787 5776 ll
2837 5721 2962 5778 Cor.
3003 5735 3086 5784 nt,
3121 5719 3206 5773 l'l.
3231 5715 3360 5773 Vide
3391 5729 3509 5776 not.
3539 5715 3630 5784 9t,
3661 5730 3780 5786 pag.
