  <div class='ocr_page' id='page_1' title='image "/cluster/home/n/w/nwhite01/storage/ocr_20150623/39/mdp.39015010572892/375.png"; bbox 0 0 4134 6466; ppageno 0'>
   <div class='ocr_carea' id='block_1_1' title="bbox 473 547 577 612">
    <p class='ocr_par' dir='ltr' id='par_1_1' title="bbox 473 547 577 612">
     <span class='ocr_line' id='line_1_1' title="bbox 473 547 577 612; baseline -0.01 -1"><span class='ocrx_word' id='word_1_1' title='bbox 473 547 577 612; x_wconf 68' lang='lat'><strong>7:9</strong></span> 
     </span>
    </p>
   </div>
   <div class='ocr_carea' id='block_1_2' title="bbox 1711 530 2500 608">
    <p class='ocr_par' dir='ltr' id='par_1_2' title="bbox 1711 530 2500 608">
     <span class='ocr_line' id='line_1_2' title="bbox 1711 530 2500 608; baseline 0.005 -4"><span class='ocrx_word' id='word_1_2' title='bbox 1711 549 1942 607; x_wconf 71' lang='lat' dir='ltr'><strong>morm</strong></span> <span class='ocrx_word' id='word_1_3' title='bbox 1985 551 2457 608; x_wconf 68' lang='lat' dir='ltr'><strong>ALEXANDRINI</strong></span> <span class='ocrx_word' id='word_1_4' title='bbox 2497 530 2500 534; x_wconf 76' lang='grc'><em>’</em></span> 
     </span>
    </p>
   </div>
   <div class='ocr_carea' id='block_1_3' title="bbox 3628 552 3733 609">
    <p class='ocr_par' dir='ltr' id='par_1_3' title="bbox 3628 552 3733 609">
     <span class='ocr_line' id='line_1_3' title="bbox 3628 552 3733 609; baseline 0.057 -6"><span class='ocrx_word' id='word_1_5' title='bbox 3628 552 3733 609; x_wconf 74' lang='grc' dir='ltr'><strong>τω</strong></span> 
     </span>
    </p>
   </div>
   <div class='ocr_carea' id='block_1_4' title="bbox 473 653 2054 745">
    <p class='ocr_par' dir='ltr' id='par_1_4' title="bbox 473 653 2053 745">
     <span class='ocr_line' id='line_1_4' title="bbox 473 653 2053 745; baseline -0.004 -17"><span class='ocrx_word' id='word_1_6' title='bbox 473 676 652 731; x_wconf 81' lang='lat' dir='ltr'><strong>eulum</strong></span> <span class='ocrx_word' id='word_1_7' title='bbox 695 671 807 745; x_wconf 82' lang='lat' dir='ltr'><strong>(seu</strong></span> <span class='ocrx_word' id='word_1_8' title='bbox 857 653 1036 734; x_wconf 80' lang='lat' dir='ltr'><strong>ﬂatus)</strong></span> <span class='ocrx_word' id='word_1_9' title='bbox 1083 668 1484 739; x_wconf 85' lang='lat' dir='ltr'><strong>Omnipotentis</strong></span> <span class='ocrx_word' id='word_1_10' title='bbox 1529 667 1596 741; x_wconf 84' lang='lat' dir='ltr'><strong>(si</strong></span> <span class='ocrx_word' id='word_1_11' title='bbox 1637 666 1780 723; x_wconf 91' lang='lat' dir='ltr'><strong>enim</strong></span> <span class='ocrx_word' id='word_1_12' title='bbox 1807 669 2053 739; x_wconf 85' lang='lat' dir='ltr'><strong>omnipo-</strong></span> 
     </span>
    </p>
   </div>
   <div class='ocr_carea' id='block_1_5' title="bbox 2159 653 3734 745">
    <p class='ocr_par' dir='ltr' id='par_1_5' title="bbox 2159 667 3734 742">
     <span class='ocr_line' id='line_1_5' title="bbox 2159 667 3734 742; baseline -0.003 -18"><span class='ocrx_word' id='word_1_13' title='bbox 2159 671 2550 741; x_wconf 80' lang='grc' dir='ltr'>παντοκράτιιιρ</span> <span class='ocrx_word' id='word_1_14' title='bbox 2609 670 2797 742; x_wconf 62' lang='grc' dir='ltr'>Πατὴρ</span> <span class='ocrx_word' id='word_1_15' title='bbox 2864 670 3272 742; x_wconf 80' lang='grc' dir='ltr'>ἀσχημάτιστος</span> <span class='ocrx_word' id='word_1_16' title='bbox 3337 667 3432 722; x_wconf 75' lang='grc' dir='ltr'>καὶ</span> <span class='ocrx_word' id='word_1_17' title='bbox 3481 667 3734 739; x_wconf 82' lang='grc' dir='ltr'>ἀόρατος,</span> 
     </span>
    </p>
   </div>
   <div class='ocr_carea' id='block_1_6' title="bbox 473 760 2047 832">
    <p class='ocr_par' dir='ltr' id='par_1_6' title="bbox 473 760 2047 832">
     <span class='ocr_line' id='line_1_6' title="bbox 473 760 2047 832; baseline -0.008 -8"><span class='ocrx_word' id='word_1_18' title='bbox 473 778 590 824; x_wconf 88' lang='lat' dir='ltr'><strong>tens</strong></span> <span class='ocrx_word' id='word_1_19' title='bbox 626 765 788 818; x_wconf 80' lang='lat' dir='ltr'><strong>Pater</strong></span> <span class='ocrx_word' id='word_1_20' title='bbox 822 763 1006 832; x_wconf 70' lang='lat' dir='ltr'><strong>lignum</strong></span> <span class='ocrx_word' id='word_1_21' title='bbox 1057 777 1252 830; x_wconf 81' lang='lat' dir='ltr'><strong>expers</strong></span> <span class='ocrx_word' id='word_1_22' title='bbox 1295 771 1398 826; x_wconf 84' lang='lat' dir='ltr'><strong>est,</strong></span> <span class='ocrx_word' id='word_1_23' title='bbox 1439 771 1492 815; x_wconf 88' lang='lat' dir='ltr'><strong>ct</strong></span> <span class='ocrx_word' id='word_1_24' title='bbox 1549 760 1856 827; x_wconf 74' lang='lat' dir='ltr'><strong>invisibilis,</strong></span> <span class='ocrx_word' id='word_1_25' title='bbox 1905 761 2047 815; x_wconf 80' lang='lat' dir='ltr'><strong>sicut</strong></span> 
     </span>
    </p>
   </div>
   <div class='ocr_carea' id='block_1_7' title="bbox 472 837 2046 920">
    <p class='ocr_par' dir='ltr' id='par_1_7' title="bbox 472 837 2046 920">
     <span class='ocr_line' id='line_1_7' title="bbox 472 837 2046 920; baseline -0.005 -7"><span class='ocrx_word' id='word_1_26' title='bbox 472 868 557 914; x_wconf 89' lang='lat' dir='ltr'><strong>est</strong></span> <span class='ocrx_word' id='word_1_27' title='bbox 609 857 770 911; x_wconf 86' lang='lat' dir='ltr'><strong>etiam</strong></span> <span class='ocrx_word' id='word_1_28' title='bbox 820 837 1033 908; x_wconf 69' lang='lat' dir='ltr'><strong>summe</strong></span> <span class='ocrx_word' id='word_1_29' title='bbox 1083 853 1473 920; x_wconf 87' lang='lat' dir='ltr'><strong>incorporeus,</strong></span> <span class='ocrx_word' id='word_1_30' title='bbox 1523 863 1576 906; x_wconf 89' lang='lat' dir='ltr'><strong>et</strong></span> <span class='ocrx_word' id='word_1_31' title='bbox 1619 867 1778 920; x_wconf 84' lang='lat' dir='ltr'><strong>supra</strong></span> <span class='ocrx_word' id='word_1_32' title='bbox 1833 866 2046 906; x_wconf 90' lang='lat' dir='ltr'><strong>onmem</strong></span> 
     </span>
    </p>
   </div>
   <div class='ocr_carea' id='block_1_8' title="bbox 471 941 2044 1017">
    <p class='ocr_par' dir='ltr' id='par_1_8' title="bbox 471 941 2044 1017">
     <span class='ocr_line' id='line_1_8' title="bbox 471 941 2044 1017; baseline -0.004 -15"><span class='ocrx_word' id='word_1_33' title='bbox 471 948 851 1017; x_wconf 77' lang='lat' dir='ltr'><strong>cogitationem</strong></span> <span class='ocrx_word' id='word_1_34' title='bbox 879 943 1176 1007; x_wconf 78' lang='lat' dir='ltr'><strong>extollitur,</strong></span> <span class='ocrx_word' id='word_1_35' title='bbox 1212 941 1455 1012; x_wconf 80' lang='lat' dir='ltr'><strong>profecto</strong></span> <span class='ocrx_word' id='word_1_36' title='bbox 1493 943 1615 996; x_wconf 82' lang='lat' dir='ltr'><strong>talis</strong></span> <span class='ocrx_word' id='word_1_37' title='bbox 1644 949 1731 998; x_wconf 86' lang='lat' dir='ltr'><strong>est</strong></span> <span class='ocrx_word' id='word_1_38' title='bbox 1761 943 2044 996; x_wconf 72' lang='lat' dir='ltr'><strong>vivificaris</strong></span> 
     </span>
    </p>
   </div>
   <div class='ocr_carea' id='block_1_9' title="bbox 471 1033 2050 1107">
    <p class='ocr_par' dir='ltr' id='par_1_9' title="bbox 471 1033 2050 1107">
     <span class='ocr_line' id='line_1_9' title="bbox 471 1033 2050 1107; baseline -0.002 -16"><span class='ocrx_word' id='word_1_39' title='bbox 471 1051 685 1107; x_wconf 82' lang='lat' dir='ltr'><strong>quoque</strong></span> <span class='ocrx_word' id='word_1_40' title='bbox 737 1036 992 1105; x_wconf 83' lang='lat' dir='ltr'><strong>Spiritus,</strong></span> <span class='ocrx_word' id='word_1_41' title='bbox 1035 1033 1128 1103; x_wconf 87' lang='lat' dir='ltr'><strong>qui</strong></span> <span class='ocrx_word' id='word_1_42' title='bbox 1178 1049 1244 1087; x_wconf 77' lang='lat' dir='ltr'><strong>ex</strong></span> <span class='ocrx_word' id='word_1_43' title='bbox 1293 1033 1411 1102; x_wconf 91' lang='lat' dir='ltr'><strong>ipso</strong></span> <span class='ocrx_word' id='word_1_44' title='bbox 1439 1033 1744 1104; x_wconf 73' lang='lat' dir='ltr'><strong>procedit):</strong></span> <span class='ocrx_word' id='word_1_45' title='bbox 1802 1035 1933 1088; x_wconf 86' lang='lat' dir='ltr'><strong>nihil</strong></span> <span class='ocrx_word' id='word_1_46' title='bbox 1985 1036 2050 1088; x_wconf 89' lang='lat' dir='ltr'><strong>de</strong></span> 
     </span>
    </p>
   </div>
   <div class='ocr_carea' id='block_1_10' title="bbox 471 1124 2047 1194">
    <p class='ocr_par' dir='ltr' id='par_1_10' title="bbox 471 1124 2047 1194">
     <span class='ocr_line' id='line_1_10' title="bbox 471 1124 2047 1194; baseline -0.002 -12"><span class='ocrx_word' id='word_1_47' title='bbox 471 1131 730 1193; x_wconf 75' lang='lat' dir='ltr'><strong>bonitate,</strong></span> <span class='ocrx_word' id='word_1_48' title='bbox 783 1135 877 1180; x_wconf 86' lang='lat' dir='ltr'><strong>aut</strong></span> <span class='ocrx_word' id='word_1_49' title='bbox 926 1124 1250 1188; x_wconf 82' lang='lat' dir='ltr'><strong>:eternitate,</strong></span> <span class='ocrx_word' id='word_1_50' title='bbox 1307 1134 1400 1178; x_wconf 84' lang='lat' dir='ltr'><strong>aut</strong></span> <span class='ocrx_word' id='word_1_51' title='bbox 1448 1125 1628 1178; x_wconf 80' lang='lat' dir='ltr'><strong>divina</strong></span> <span class='ocrx_word' id='word_1_52' title='bbox 1677 1125 1886 1194; x_wconf 80' lang='lat' dir='ltr'><strong>gloria;</strong></span> <span class='ocrx_word' id='word_1_53' title='bbox 1927 1141 2047 1179; x_wconf 85' lang='lat' dir='ltr'><strong>nam</strong></span> 
     </span>
    </p>
   </div>
   <div class='ocr_carea' id='block_1_11' title="bbox 475 1223 2046 1294">
    <p class='ocr_par' dir='ltr' id='par_1_11' title="bbox 475 1223 2046 1294">
     <span class='ocr_line' id='line_1_11' title="bbox 475 1223 2046 1294; baseline -0.003 -14"><span class='ocrx_word' id='word_1_54' title='bbox 475 1227 708 1294; x_wconf 80' lang='lat' dir='ltr'><strong>Spiritus</strong></span> <span class='ocrx_word' id='word_1_55' title='bbox 749 1233 832 1280; x_wconf 88' lang='lat' dir='ltr'><strong>est</strong></span> <span class='ocrx_word' id='word_1_56' title='bbox 862 1233 1105 1286; x_wconf 88' lang='lat' dir='ltr'><strong>sanctus,</strong></span> <span class='ocrx_word' id='word_1_57' title='bbox 1139 1232 1194 1278; x_wconf 87' lang='lat' dir='ltr'><strong>et</strong></span> <span class='ocrx_word' id='word_1_58' title='bbox 1229 1239 1258 1278; x_wconf 92' lang='lat' dir='ltr'><strong>e</strong></span> <span class='ocrx_word' id='word_1_59' title='bbox 1293 1231 1481 1278; x_wconf 83' lang='lat' dir='ltr'><strong>sancto</strong></span> <span class='ocrx_word' id='word_1_60' title='bbox 1523 1223 1630 1278; x_wconf 89' lang='lat' dir='ltr'><strong>Deo</strong></span> <span class='ocrx_word' id='word_1_61' title='bbox 1663 1223 1826 1278; x_wconf 87' lang='lat' dir='ltr'><strong>Patre</strong></span> <span class='ocrx_word' id='word_1_62' title='bbox 1855 1224 2046 1277; x_wconf 78' lang='lat' dir='ltr'><strong>eluxit.</strong></span> 
     </span>
    </p>
   </div>
   <div class='ocr_carea' id='block_1_12' title="bbox 472 1314 2046 1383">
    <p class='ocr_par' dir='ltr' id='par_1_12' title="bbox 472 1314 2046 1383">
     <span class='ocr_line' id='line_1_12' title="bbox 472 1314 2046 1383; baseline -0.003 -13"><span class='ocrx_word' id='word_1_63' title='bbox 472 1316 777 1378; x_wconf 78' lang='lat' dir='ltr'><strong>Allo.uitur</strong></span> <span class='ocrx_word' id='word_1_64' title='bbox 825 1329 955 1382; x_wconf 78' lang='lat' dir='ltr'><strong>ergo</strong></span> <span class='ocrx_word' id='word_1_65' title='bbox 1008 1314 1298 1383; x_wconf 84' lang='lat' dir='ltr'><strong>Apostolus</strong></span> <span class='ocrx_word' id='word_1_66' title='bbox 1345 1314 1656 1382; x_wconf 88' lang='lat' dir='ltr'><strong>spirituales</strong></span> <span class='ocrx_word' id='word_1_67' title='bbox 1696 1315 1780 1368; x_wconf 87' lang='lat' dir='ltr'><strong>his</strong></span> <span class='ocrx_word' id='word_1_68' title='bbox 1821 1316 1998 1368; x_wconf 82' lang='lat' dir='ltr'><strong>verbis</strong></span> <span class='ocrx_word' id='word_1_69' title='bbox 2033 1331 2046 1366; x_wconf 90' lang='lat'><strong>:</strong></span> 
     </span>
    </p>
   </div>
   <div class='ocr_carea' id='block_1_13' title="bbox 480 1405 2048 1478">
    <p class='ocr_par' dir='ltr' id='par_1_13' title="bbox 480 1405 2048 1478">
     <span class='ocr_line' id='line_1_13' title="bbox 480 1405 2048 1478; baseline 0 -20"><span class='ocrx_word' id='word_1_70' title='bbox 480 1427 498 1458; x_wconf 73' lang='grc' dir='ltr'><strong>ι</strong></span> <span class='ocrx_word' id='word_1_71' title='bbox 539 1407 652 1461; x_wconf 83' lang='lat' dir='ltr'><strong>Non</strong></span> <span class='ocrx_word' id='word_1_72' title='bbox 681 1408 812 1460; x_wconf 84' lang='lat' dir='ltr'><strong>estis</strong></span> <span class='ocrx_word' id='word_1_73' title='bbox 845 1406 957 1478; x_wconf 71' lang='grc'>(45)</span> <span class='ocrx_word' id='word_1_74' title='bbox 993 1408 1043 1458; x_wconf 90' lang='lat' dir='ltr'><strong>in</strong></span> <span class='ocrx_word' id='word_1_75' title='bbox 1073 1420 1239 1460; x_wconf 88' lang='lat' dir='ltr'><strong>carne</strong></span> <span class='ocrx_word' id='word_1_76' title='bbox 1261 1445 1276 1470; x_wconf 95' lang='lat'><strong>,</strong></span> <span class='ocrx_word' id='word_1_77' title='bbox 1327 1406 1422 1460; x_wconf 89' lang='lat' dir='ltr'><strong>sed</strong></span> <span class='ocrx_word' id='word_1_78' title='bbox 1457 1406 1510 1459; x_wconf 90' lang='lat' dir='ltr'><strong>in</strong></span> <span class='ocrx_word' id='word_1_79' title='bbox 1539 1405 1768 1472; x_wconf 77' lang='lat' dir='ltr'><strong>Spiritu,</strong></span> <span class='ocrx_word' id='word_1_80' title='bbox 1794 1405 1836 1459; x_wconf 90' lang='lat' dir='ltr'><strong>si</strong></span> <span class='ocrx_word' id='word_1_81' title='bbox 1871 1413 2048 1458; x_wconf 84' lang='lat' dir='ltr'><strong>tamen</strong></span> 
     </span>
    </p>
   </div>
   <div class='ocr_carea' id='block_1_14' title="bbox 475 1495 2054 1566">
    <p class='ocr_par' dir='ltr' id='par_1_14' title="bbox 475 1495 2054 1566">
     <span class='ocr_line' id='line_1_14' title="bbox 475 1495 2054 1566; baseline -0.002 -16"><span class='ocrx_word' id='word_1_82' title='bbox 475 1497 709 1566; x_wconf 83' lang='lat' dir='ltr'><strong>Spiritus</strong></span> <span class='ocrx_word' id='word_1_83' title='bbox 740 1497 828 1550; x_wconf 85' lang='lat' dir='ltr'><strong>Dei</strong></span> <span class='ocrx_word' id='word_1_84' title='bbox 884 1496 1186 1550; x_wconf 71' lang='lat' dir='ltr'><strong>habitat‘in</strong></span> <span class='ocrx_word' id='word_1_85' title='bbox 1225 1496 1412 1563; x_wconf 72' lang='lat' dir='ltr'><strong>tohis;</strong></span> <span class='ocrx_word' id='word_1_86' title='bbox 1445 1515 1462 1546; x_wconf 79' lang='grc' dir='ltr'><strong>ι</strong></span> <span class='ocrx_word' id='word_1_87' title='bbox 1514 1505 1567 1550; x_wconf 89' lang='lat' dir='ltr'><strong>el</strong></span> <span class='ocrx_word' id='word_1_88' title='bbox 1599 1511 1785 1550; x_wconf 89' lang='lat' dir='ltr'><strong>rursus</strong></span> <span class='ocrx_word' id='word_1_89' title='bbox 1817 1515 1830 1550; x_wconf 92' lang='lat'><strong>:</strong></span> <span class='ocrx_word' id='word_1_90' title='bbox 1867 1515 1884 1546; x_wconf 80' lang='grc' dir='ltr'><strong>ι</strong></span> <span class='ocrx_word' id='word_1_91' title='bbox 1923 1495 2054 1548; x_wconf 79' lang='lat' dir='ltr'><strong>Fra-</strong></span> 
     </span>
    </p>
   </div>
   <div class='ocr_carea' id='block_1_15' title="bbox 477 1590 2052 1662">
    <p class='ocr_par' dir='ltr' id='par_1_15' title="bbox 477 1590 2052 1662">
     <span class='ocr_line' id='line_1_15' title="bbox 477 1590 2052 1662; baseline 0.002 -21"><span class='ocrx_word' id='word_1_92' title='bbox 477 1604 585 1644; x_wconf 87' lang='lat' dir='ltr'><strong>tres</strong></span> <span class='ocrx_word' id='word_1_93' title='bbox 611 1590 743 1662; x_wconf 68' lang='grc' dir='ltr'>(Η),</span> <span class='ocrx_word' id='word_1_94' title='bbox 773 1599 826 1642; x_wconf 86' lang='grc' dir='ltr'><strong>οι</strong></span> <span class='ocrx_word' id='word_1_95' title='bbox 869 1590 912 1642; x_wconf 89' lang='lat' dir='ltr'><strong>si</strong></span> <span class='ocrx_word' id='word_1_96' title='bbox 944 1600 1348 1658; x_wconf 78' lang='lat' dir='ltr'><strong>pra-occupatus</strong></span> <span class='ocrx_word' id='word_1_97' title='bbox 1399 1590 1558 1643; x_wconf 80' lang='lat' dir='ltr'><strong>fuerit</strong></span> <span class='ocrx_word' id='word_1_98' title='bbox 1607 1591 1768 1643; x_wconf 88' lang='lat' dir='ltr'><strong>homo</strong></span> <span class='ocrx_word' id='word_1_99' title='bbox 1800 1605 1864 1643; x_wconf 78' lang='lat' dir='ltr'><strong>ex</strong></span> <span class='ocrx_word' id='word_1_100' title='bbox 1903 1591 2052 1644; x_wconf 88' lang='lat' dir='ltr'><strong>vobis</strong></span> 
     </span>
    </p>
   </div>
   <div class='ocr_carea' id='block_1_16' title="bbox 475 1679 2053 1748">
    <p class='ocr_par' dir='ltr' id='par_1_16' title="bbox 475 1679 2053 1748">
     <span class='ocr_line' id='line_1_16' title="bbox 475 1679 2053 1748; baseline 0 -16"><span class='ocrx_word' id='word_1_101' title='bbox 475 1679 530 1732; x_wconf 91' lang='lat' dir='ltr'><strong>in</strong></span> <span class='ocrx_word' id='word_1_102' title='bbox 565 1681 744 1748; x_wconf 88' lang='lat' dir='ltr'><strong>aliquo</strong></span> <span class='ocrx_word' id='word_1_103' title='bbox 775 1679 994 1743; x_wconf 89' lang='lat' dir='ltr'><strong>delicto,</strong></span> <span class='ocrx_word' id='word_1_104' title='bbox 1026 1694 1140 1743; x_wconf 81' lang='lat' dir='ltr'><strong>vos,</strong></span> <span class='ocrx_word' id='word_1_105' title='bbox 1167 1680 1258 1748; x_wconf 88' lang='lat' dir='ltr'><strong>qui</strong></span> <span class='ocrx_word' id='word_1_106' title='bbox 1293 1679 1604 1746; x_wconf 80' lang='lat' dir='ltr'><strong>spirituales</strong></span> <span class='ocrx_word' id='word_1_107' title='bbox 1634 1679 1789 1739; x_wconf 86' lang='lat' dir='ltr'><strong>estis,</strong></span> <span class='ocrx_word' id='word_1_108' title='bbox 1815 1679 2053 1746; x_wconf 81' lang='lat' dir='ltr'><strong>perﬁcito</strong></span> 
     </span>
    </p>
   </div>
   <div class='ocr_carea' id='block_1_17' title="bbox 479 1769 2052 1848">
    <p class='ocr_par' dir='ltr' id='par_1_17' title="bbox 479 1769 2052 1848">
     <span class='ocr_line' id='line_1_17' title="bbox 479 1769 2052 1848; baseline 0 -26"><span class='ocrx_word' id='word_1_109' title='bbox 479 1771 636 1848; x_wconf 51' lang='lat' dir='ltr'><strong>taie&#39;m</strong></span> <span class='ocrx_word' id='word_1_110' title='bbox 685 1771 739 1823; x_wconf 90' lang='lat' dir='ltr'><strong>iu</strong></span> <span class='ocrx_word' id='word_1_111' title='bbox 781 1769 972 1839; x_wconf 87' lang='lat' dir='ltr'><strong>spiritu</strong></span> <span class='ocrx_word' id='word_1_112' title='bbox 1026 1770 1284 1824; x_wconf 87' lang='lat' dir='ltr'><strong>lenitatis.</strong></span> <span class='ocrx_word' id='word_1_113' title='bbox 1343 1789 1362 1822; x_wconf 86' lang='grc'><strong>›</strong></span> <span class='ocrx_word' id='word_1_114' title='bbox 1415 1773 1494 1824; x_wconf 85' lang='lat' dir='ltr'><strong>Ae</strong></span> <span class='ocrx_word' id='word_1_115' title='bbox 1521 1775 1586 1823; x_wconf 91' lang='lat' dir='ltr'><strong>de</strong></span> <span class='ocrx_word' id='word_1_116' title='bbox 1623 1770 1842 1823; x_wconf 83' lang='lat' dir='ltr'><strong>Danicle</strong></span> <span class='ocrx_word' id='word_1_117' title='bbox 1891 1769 2052 1823; x_wconf 86' lang='lat' dir='ltr'><strong>etiam</strong></span> 
     </span>
    </p>
   </div>
   <div class='ocr_carea' id='block_1_18' title="bbox 475 1859 2054 1929">
    <p class='ocr_par' dir='ltr' id='par_1_18' title="bbox 475 1859 2054 1929">
     <span class='ocr_line' id='line_1_18' title="bbox 475 1859 2054 1929; baseline 0.001 -19"><span class='ocrx_word' id='word_1_118' title='bbox 475 1861 736 1927; x_wconf 73' lang='lat' dir='ltr'><strong>scriptum</strong></span> <span class='ocrx_word' id='word_1_119' title='bbox 770 1867 848 1914; x_wconf 81' lang='lat' dir='ltr'><strong>est</strong></span> <span class='ocrx_word' id='word_1_120' title='bbox 881 1877 894 1914; x_wconf 90' lang='lat'>:</span> <span class='ocrx_word' id='word_1_121' title='bbox 949 1877 968 1909; x_wconf 74' lang='grc' dir='ltr'><strong>ι</strong></span> <span class='ocrx_word' id='word_1_122' title='bbox 1007 1859 1244 1927; x_wconf 85' lang='lat' dir='ltr'><strong>Spiritus</strong></span> <span class='ocrx_word' id='word_1_123' title='bbox 1284 1859 1396 1929; x_wconf 69' lang='grc'>(45)</span> <span class='ocrx_word' id='word_1_124' title='bbox 1439 1859 1688 1928; x_wconf 72' lang='grc' dir='ltr'>οορίυειιε</span> <span class='ocrx_word' id='word_1_125' title='bbox 1717 1868 1833 1912; x_wconf 82' lang='lat' dir='ltr'><strong>erat</strong></span> <span class='ocrx_word' id='word_1_126' title='bbox 1873 1859 1925 1912; x_wconf 93' lang='lat' dir='ltr'><strong>in</strong></span> <span class='ocrx_word' id='word_1_127' title='bbox 1976 1861 2054 1926; x_wconf 85' lang='lat' dir='ltr'><strong>ip-</strong></span> 
     </span>
    </p>
   </div>
   <div class='ocr_carea' id='block_1_19' title="bbox 478 1950 2056 2021">
    <p class='ocr_par' dir='ltr' id='par_1_19' title="bbox 478 1950 2056 2021">
     <span class='ocr_line' id='line_1_19' title="bbox 478 1950 2056 2021; baseline 0.002 -19"><span class='ocrx_word' id='word_1_128' title='bbox 478 1966 538 2002; x_wconf 69' lang='lat' dir='ltr'><strong>so</strong></span> <span class='ocrx_word' id='word_1_129' title='bbox 573 1967 586 2004; x_wconf 89' lang='lat'><strong>:</strong></span> <span class='ocrx_word' id='word_1_130' title='bbox 627 1967 646 2002; x_wconf 75' lang='grc' dir='ltr'><strong>ι</strong></span> <span class='ocrx_word' id='word_1_131' title='bbox 679 1951 1018 2020; x_wconf 77' lang='lat' dir='ltr'><strong>amigmatice</strong></span> <span class='ocrx_word' id='word_1_132' title='bbox 1048 1961 1228 2003; x_wconf 87' lang='lat' dir='ltr'><strong>autem</strong></span> <span class='ocrx_word' id='word_1_133' title='bbox 1259 1950 1662 2018; x_wconf 72' lang='lat' dir='ltr'><strong>signiﬁcabatur</strong></span> <span class='ocrx_word' id='word_1_134' title='bbox 1687 1951 1846 2021; x_wconf 77' lang='lat'><strong>291</strong></span> <span class='ocrx_word' id='word_1_135' title='bbox 1888 1951 2056 2021; x_wconf 86' lang='lat' dir='ltr'><strong>Spiri-</strong></span> 
     </span>
    </p>
   </div>
   <div class='ocr_carea' id='block_1_20' title="bbox 2153 759 3740 832">
    <p class='ocr_par' dir='ltr' id='par_1_20' title="bbox 2153 759 3740 832">
     <span class='ocr_line' id='line_1_20' title="bbox 2153 759 3740 832; baseline 0.001 -20"><span class='ocrx_word' id='word_1_136' title='bbox 2153 760 2287 812; x_wconf 77' lang='grc' dir='ltr'>καθδ</span> <span class='ocrx_word' id='word_1_137' title='bbox 2309 760 2406 812; x_wconf 73' lang='grc' dir='ltr'><strong>καὶ</strong></span> <span class='ocrx_word' id='word_1_138' title='bbox 2433 759 2865 831; x_wconf 75' lang='grc' dir='ltr'>ὑπερασιῦματος</span> <span class='ocrx_word' id='word_1_139' title='bbox 2905 763 2999 815; x_wconf 73' lang='grc' dir='ltr'><strong>καὶ</strong></span> <span class='ocrx_word' id='word_1_140' title='bbox 3027 761 3165 832; x_wconf 82' lang='grc' dir='ltr'>ὑπὲρ</span> <span class='ocrx_word' id='word_1_141' title='bbox 3195 761 3376 814; x_wconf 78' lang='grc' dir='ltr'>πᾶσαν</span> <span class='ocrx_word' id='word_1_142' title='bbox 3397 759 3582 829; x_wconf 77' lang='grc' dir='ltr'><strong>νόησιν</strong></span> <span class='ocrx_word' id='word_1_143' title='bbox 3609 759 3740 813; x_wconf 80' lang='grc' dir='ltr'>ἁνα-</span> 
     </span>
    </p>
   </div>
   <div class='ocr_carea' id='block_1_21' title="bbox 2153 848 3741 920">
    <p class='ocr_par' dir='ltr' id='par_1_21' title="bbox 2153 848 3741 920">
     <span class='ocr_line' id='line_1_21' title="bbox 2153 848 3741 920; baseline 0.001 -19"><span class='ocrx_word' id='word_1_144' title='bbox 2153 848 2422 919; x_wconf 76' lang='grc' dir='ltr'>ϐεϐηκὼς,</span> <span class='ocrx_word' id='word_1_145' title='bbox 2459 849 2638 919; x_wconf 69' lang='grc' dir='ltr'>δῆλον,</span> <span class='ocrx_word' id='word_1_146' title='bbox 2667 851 2748 903; x_wconf 80' lang='grc' dir='ltr'><strong>ὅτι</strong></span> <span class='ocrx_word' id='word_1_147' title='bbox 2775 851 2870 906; x_wconf 79' lang='grc' dir='ltr'><strong>καὶ</strong></span> <span class='ocrx_word' id='word_1_148' title='bbox 2901 851 2970 914; x_wconf 81' lang='grc' dir='ltr'><strong>τὸ,</strong></span> <span class='ocrx_word' id='word_1_149' title='bbox 3000 851 3059 916; x_wconf 82' lang='grc' dir='ltr'>ἐξ</span> <span class='ocrx_word' id='word_1_150' title='bbox 3093 849 3258 904; x_wconf 79' lang='grc' dir='ltr'>αὐτοῦ</span> <span class='ocrx_word' id='word_1_151' title='bbox 3301 849 3741 920; x_wconf 77' lang='grc' dir='ltr'><strong>ἐκπορευόμενον</strong></span> 
     </span>
    </p>
   </div>
   <div class='ocr_carea' id='block_1_22' title="bbox 2155 939 3741 1012">
    <p class='ocr_par' dir='ltr' id='par_1_22' title="bbox 2155 939 3741 1012">
     <span class='ocr_line' id='line_1_22' title="bbox 2155 939 3741 1012; baseline 0.001 -21"><span class='ocrx_word' id='word_1_152' title='bbox 2155 939 2736 1010; x_wconf 67' lang='grc' dir='ltr'>ζωογόνον,Πνεῦμα)·</span> <span class='ocrx_word' id='word_1_153' title='bbox 2769 943 2827 994; x_wconf 79' lang='grc' dir='ltr'><strong>οὐ</strong></span> <span class='ocrx_word' id='word_1_154' title='bbox 2877 943 3004 1012; x_wconf 79' lang='grc' dir='ltr'>περὶ</span> <span class='ocrx_word' id='word_1_155' title='bbox 3046 941 3400 1012; x_wconf 76' lang='grc' dir='ltr'>ἁγαθότητος,</span> <span class='ocrx_word' id='word_1_156' title='bbox 3441 939 3741 1012; x_wconf 80' lang='grc' dir='ltr'><strong>ἢάῖδιότη-</strong></span> 
     </span>
    </p>
   </div>
   <div class='ocr_carea' id='block_1_23' title="bbox 2151 1031 3738 1104">
    <p class='ocr_par' dir='ltr' id='par_1_23' title="bbox 2151 1031 3738 1104">
     <span class='ocr_line' id='line_1_23' title="bbox 2151 1031 3738 1104; baseline 0.001 -21"><span class='ocrx_word' id='word_1_157' title='bbox 2151 1049 2263 1094; x_wconf 88' lang='grc' dir='ltr'>τος,</span> <span class='ocrx_word' id='word_1_158' title='bbox 2294 1031 2326 1101; x_wconf 81' lang='grc' dir='ltr'>ἢ</span> <span class='ocrx_word' id='word_1_159' title='bbox 2361 1031 2518 1100; x_wconf 78' lang='grc' dir='ltr'>δόξης</span> <span class='ocrx_word' id='word_1_160' title='bbox 2571 1031 2798 1102; x_wconf 73' lang='grc' dir='ltr'>θεῖκῆςο</span> <span class='ocrx_word' id='word_1_161' title='bbox 2835 1033 3058 1103; x_wconf 80' lang='grc' dir='ltr'>Πνεῦμα</span> <span class='ocrx_word' id='word_1_162' title='bbox 3101 1034 3210 1104; x_wconf 89' lang='grc' dir='ltr'>γάρ</span> <span class='ocrx_word' id='word_1_163' title='bbox 3263 1035 3408 1085; x_wconf 78' lang='grc' dir='ltr'>ἐστιν</span> <span class='ocrx_word' id='word_1_164' title='bbox 3459 1031 3633 1099; x_wconf 75' lang='grc' dir='ltr'>ἅγιον,</span> <span class='ocrx_word' id='word_1_165' title='bbox 3680 1033 3738 1100; x_wconf 79' lang='grc' dir='ltr'><strong>ἐξ</strong></span> 
     </span>
    </p>
   </div>
   <div class='ocr_carea' id='block_1_24' title="bbox 2155 1119 3738 1194">
    <p class='ocr_par' dir='ltr' id='par_1_24' title="bbox 2155 1119 3738 1194">
     <span class='ocr_line' id='line_1_24' title="bbox 2155 1119 3738 1194; baseline 0 -18"><span class='ocrx_word' id='word_1_166' title='bbox 2155 1123 2310 1190; x_wconf 82' lang='grc' dir='ltr'>ἁγίου</span> <span class='ocrx_word' id='word_1_167' title='bbox 2363 1123 2498 1175; x_wconf 83' lang='grc' dir='ltr'>Θεοῦ</span> <span class='ocrx_word' id='word_1_168' title='bbox 2535 1123 2743 1194; x_wconf 80' lang='grc' dir='ltr'>Πατρὸς</span> <span class='ocrx_word' id='word_1_169' title='bbox 2780 1123 3064 1192; x_wconf 68' lang='grc' dir='ltr'>ὲκερανθέν.</span> <span class='ocrx_word' id='word_1_170' title='bbox 3101 1123 3416 1194; x_wconf 82' lang='grc' dir='ltr'><strong>Διαλέγεται</strong></span> <span class='ocrx_word' id='word_1_171' title='bbox 3465 1119 3559 1177; x_wconf 80' lang='grc' dir='ltr'>οὖν</span> <span class='ocrx_word' id='word_1_172' title='bbox 3603 1123 3738 1194; x_wconf 77' lang='grc' dir='ltr'>πρὸς</span> 
     </span>
    </p>
   </div>
   <div class='ocr_carea' id='block_1_25' title="bbox 2153 1215 3736 1287">
    <p class='ocr_par' dir='ltr' id='par_1_25' title="bbox 2153 1215 3736 1287">
     <span class='ocr_line' id='line_1_25' title="bbox 2153 1215 3736 1287; baseline 0.002 -21"><span class='ocrx_word' id='word_1_173' title='bbox 2153 1215 2280 1276; x_wconf 71' lang='grc' dir='ltr'>τοὺς</span> <span class='ocrx_word' id='word_1_174' title='bbox 2328 1216 2732 1284; x_wconf 77' lang='grc' dir='ltr'>πνευματικοὺς</span> <span class='ocrx_word' id='word_1_175' title='bbox 2779 1216 3047 1269; x_wconf 78' lang='grc' dir='ltr'>οὖτωσεί·</span> <span class='ocrx_word' id='word_1_176' title='bbox 3081 1236 3100 1267; x_wconf 77' lang='grc' dir='ltr'><strong>ι</strong></span> <span class='ocrx_word' id='word_1_177' title='bbox 3147 1217 3261 1269; x_wconf 86' lang='grc' dir='ltr'>Οὐκ</span> <span class='ocrx_word' id='word_1_178' title='bbox 3306 1215 3427 1268; x_wconf 79' lang='grc' dir='ltr'>ἐστὲ</span> <span class='ocrx_word' id='word_1_179' title='bbox 3467 1216 3524 1269; x_wconf 84' lang='grc' dir='ltr'>ὲν</span> <span class='ocrx_word' id='word_1_180' title='bbox 3557 1217 3736 1287; x_wconf 74' lang='grc' dir='ltr'>σαρκὶ.</span> 
     </span>
    </p>
   </div>
   <div class='ocr_carea' id='block_1_26' title="bbox 2155 1302 3740 1377">
    <p class='ocr_par' dir='ltr' id='par_1_26' title="bbox 2155 1302 3740 1377">
     <span class='ocr_line' id='line_1_26' title="bbox 2155 1302 3740 1377; baseline 0.002 -22"><span class='ocrx_word' id='word_1_181' title='bbox 2155 1302 2267 1356; x_wconf 78' lang='grc' dir='ltr'>ἀλλ’</span> <span class='ocrx_word' id='word_1_182' title='bbox 2317 1305 2376 1356; x_wconf 82' lang='grc' dir='ltr'><strong>ὲν</strong></span> <span class='ocrx_word' id='word_1_183' title='bbox 2420 1303 2719 1375; x_wconf 75' lang='grc' dir='ltr'>Πνεῦματι,</span> <span class='ocrx_word' id='word_1_184' title='bbox 2777 1305 2936 1377; x_wconf 81' lang='grc' dir='ltr'>εἴπερ</span> <span class='ocrx_word' id='word_1_185' title='bbox 2997 1305 3221 1376; x_wconf 79' lang='grc' dir='ltr'><strong>Πνεῦμα</strong></span> <span class='ocrx_word' id='word_1_186' title='bbox 3274 1304 3414 1358; x_wconf 85' lang='grc' dir='ltr'>Θεοῦ</span> <span class='ocrx_word' id='word_1_187' title='bbox 3475 1306 3616 1359; x_wconf 80' lang='grc' dir='ltr'>οἰκεῖ</span> <span class='ocrx_word' id='word_1_188' title='bbox 3681 1308 3740 1358; x_wconf 82' lang='grc' dir='ltr'>ὲν</span> 
     </span>
    </p>
   </div>
   <div class='ocr_carea' id='block_1_27' title="bbox 2156 1393 3736 1470">
    <p class='ocr_par' dir='ltr' id='par_1_27' title="bbox 2156 1393 3736 1470">
     <span class='ocr_line' id='line_1_27' title="bbox 2156 1393 3736 1470; baseline 0.003 -24"><span class='ocrx_word' id='word_1_189' title='bbox 2156 1393 2316 1464; x_wconf 77' lang='grc' dir='ltr'>ὑμῖν·</span> <span class='ocrx_word' id='word_1_190' title='bbox 2357 1415 2376 1447; x_wconf 74' lang='grc' dir='ltr'><strong>ι</strong></span> <span class='ocrx_word' id='word_1_191' title='bbox 2427 1395 2519 1448; x_wconf 81' lang='grc' dir='ltr'><strong>καὶ</strong></span> <span class='ocrx_word' id='word_1_192' title='bbox 2564 1397 2758 1450; x_wconf 80' lang='grc' dir='ltr'>πάλιν·</span> <span class='ocrx_word' id='word_1_193' title='bbox 2791 1416 2809 1448; x_wconf 77' lang='grc' dir='ltr'><strong>ι</strong></span> <span class='ocrx_word' id='word_1_194' title='bbox 2853 1398 3118 1468; x_wconf 65' lang='grc' dir='ltr'>’Λδελφοὶς</span> <span class='ocrx_word' id='word_1_195' title='bbox 3163 1397 3256 1452; x_wconf 76' lang='grc' dir='ltr'>ἐὰν</span> <span class='ocrx_word' id='word_1_196' title='bbox 3311 1398 3406 1452; x_wconf 79' lang='grc' dir='ltr'>καὶ</span> <span class='ocrx_word' id='word_1_197' title='bbox 3453 1397 3736 1470; x_wconf 76' lang='grc' dir='ltr'>προληφθῇ</span> 
     </span>
    </p>
   </div>
   <div class='ocr_carea' id='block_1_28' title="bbox 2156 1485 3739 1560">
    <p class='ocr_par' dir='ltr' id='par_1_28' title="bbox 2156 1485 3739 1560">
     <span class='ocr_line' id='line_1_28' title="bbox 2156 1485 3739 1560; baseline 0.004 -24"><span class='ocrx_word' id='word_1_198' title='bbox 2156 1485 2440 1557; x_wconf 79' lang='grc' dir='ltr'>ἄνθρωπος</span> <span class='ocrx_word' id='word_1_199' title='bbox 2483 1487 2543 1552; x_wconf 82' lang='grc' dir='ltr'>ἐξ</span> <span class='ocrx_word' id='word_1_200' title='bbox 2581 1488 2734 1557; x_wconf 80' lang='grc' dir='ltr'>ὑμῶν</span> <span class='ocrx_word' id='word_1_201' title='bbox 2784 1489 2842 1542; x_wconf 79' lang='grc' dir='ltr'>ἓν</span> <span class='ocrx_word' id='word_1_202' title='bbox 2882 1507 2985 1543; x_wconf 85' lang='grc' dir='ltr'>τινι</span> <span class='ocrx_word' id='word_1_203' title='bbox 3033 1490 3640 1560; x_wconf 83' lang='grc' dir='ltr'>παραπτώματι,ὑμεῖς</span> <span class='ocrx_word' id='word_1_204' title='bbox 3690 1491 3739 1542; x_wconf 78' lang='lat' dir='ltr'><strong>ci</strong></span> 
     </span>
    </p>
   </div>
   <div class='ocr_carea' id='block_1_29' title="bbox 2158 1579 3740 1650">
    <p class='ocr_par' dir='ltr' id='par_1_29' title="bbox 2158 1579 3740 1650">
     <span class='ocr_line' id='line_1_29' title="bbox 2158 1579 3740 1650; baseline 0.004 -22"><span class='ocrx_word' id='word_1_205' title='bbox 2158 1579 2513 1648; x_wconf 76' lang='grc' dir='ltr'>πνευματικοὶ</span> <span class='ocrx_word' id='word_1_206' title='bbox 2566 1580 2922 1650; x_wconf 81' lang='grc' dir='ltr'><strong>καταρτίζετε</strong></span> <span class='ocrx_word' id='word_1_207' title='bbox 2969 1581 3060 1634; x_wconf 79' lang='grc' dir='ltr'><strong>τὸν</strong></span> <span class='ocrx_word' id='word_1_208' title='bbox 3093 1581 3332 1634; x_wconf 82' lang='grc' dir='ltr'>τοιοῦτον</span> <span class='ocrx_word' id='word_1_209' title='bbox 3373 1583 3432 1634; x_wconf 87' lang='grc' dir='ltr'>ὲν</span> <span class='ocrx_word' id='word_1_210' title='bbox 3467 1580 3740 1650; x_wconf 74' lang='grc' dir='ltr'>πνεύματι</span> 
     </span>
    </p>
   </div>
   <div class='ocr_carea' id='block_1_30' title="bbox 2160 1667 3740 1740">
    <p class='ocr_par' dir='ltr' id='par_1_30' title="bbox 2160 1667 3740 1740">
     <span class='ocr_line' id='line_1_30' title="bbox 2160 1667 3740 1740; baseline -0.001 -20"><span class='ocrx_word' id='word_1_211' title='bbox 2160 1667 2482 1738; x_wconf 81' lang='grc' dir='ltr'>πραότητος.</span> <span class='ocrx_word' id='word_1_212' title='bbox 2523 1685 2541 1716; x_wconf 72' lang='grc' dir='ltr'><strong>ι</strong></span> <span class='ocrx_word' id='word_1_213' title='bbox 2589 1667 2834 1738; x_wconf 74' lang='grc' dir='ltr'><strong>Ἐγράφη</strong></span> <span class='ocrx_word' id='word_1_214' title='bbox 2877 1669 2935 1722; x_wconf 79' lang='grc' dir='ltr'>δὲ</span> <span class='ocrx_word' id='word_1_215' title='bbox 2988 1669 3080 1722; x_wconf 77' lang='grc' dir='ltr'><strong>καὶ</strong></span> <span class='ocrx_word' id='word_1_216' title='bbox 3115 1669 3240 1740; x_wconf 75' lang='grc' dir='ltr'>περὶ</span> <span class='ocrx_word' id='word_1_217' title='bbox 3273 1667 3366 1721; x_wconf 88' lang='grc' dir='ltr'><strong>τοῦ</strong></span> <span class='ocrx_word' id='word_1_218' title='bbox 3403 1667 3619 1738; x_wconf 78' lang='grc' dir='ltr'><strong>Δανιὴλ,</strong></span> <span class='ocrx_word' id='word_1_219' title='bbox 3659 1668 3740 1719; x_wconf 80' lang='grc' dir='ltr'>ὅτι</span> 
     </span>
    </p>
   </div>
   <div class='ocr_carea' id='block_1_31' title="bbox 2164 1756 3742 1832">
    <p class='ocr_par' dir='ltr' id='par_1_31' title="bbox 2164 1756 3742 1832">
     <span class='ocr_line' id='line_1_31' title="bbox 2164 1756 3742 1832; baseline 0.001 -23"><span class='ocrx_word' id='word_1_220' title='bbox 2164 1776 2182 1808; x_wconf 79' lang='grc' dir='ltr'><strong>ι</strong></span> <span class='ocrx_word' id='word_1_221' title='bbox 2215 1758 2440 1830; x_wconf 79' lang='grc' dir='ltr'>Πνεῦμα</span> <span class='ocrx_word' id='word_1_222' title='bbox 2479 1760 2736 1832; x_wconf 81' lang='grc' dir='ltr'>περισσὸν</span> <span class='ocrx_word' id='word_1_223' title='bbox 2769 1756 2837 1831; x_wconf 82' lang='grc' dir='ltr'>ἦν</span> <span class='ocrx_word' id='word_1_224' title='bbox 2876 1761 2933 1812; x_wconf 83' lang='grc' dir='ltr'>ὲν</span> <span class='ocrx_word' id='word_1_225' title='bbox 2959 1759 3137 1830; x_wconf 82' lang='grc' dir='ltr'>αὐτῷ’</span> <span class='ocrx_word' id='word_1_226' title='bbox 3162 1772 3192 1810; x_wconf 77' lang='grc' dir='ltr'><strong>ἰ</strong></span> <span class='ocrx_word' id='word_1_227' title='bbox 3231 1758 3644 1829; x_wconf 79' lang='grc' dir='ltr'><strong>αἰνιγματωδῶς</strong></span> <span class='ocrx_word' id='word_1_228' title='bbox 3684 1757 3742 1811; x_wconf 80' lang='grc' dir='ltr'><strong>δὲ</strong></span> 
     </span>
    </p>
   </div>
   <div class='ocr_carea' id='block_1_32' title="bbox 2157 1849 3740 1922">
    <p class='ocr_par' dir='ltr' id='par_1_32' title="bbox 2157 1849 3740 1922">
     <span class='ocr_line' id='line_1_32' title="bbox 2157 1849 3740 1922; baseline -0.001 -21"><span class='ocrx_word' id='word_1_229' title='bbox 2157 1849 2218 1901; x_wconf 75' lang='grc' dir='ltr'>τὸ</span> <span class='ocrx_word' id='word_1_230' title='bbox 2266 1851 2418 1917; x_wconf 75' lang='grc' dir='ltr'>ἅγιον</span> <span class='ocrx_word' id='word_1_231' title='bbox 2472 1852 2722 1922; x_wconf 75' lang='grc' dir='ltr'>ἐδηλοῦτο</span> <span class='ocrx_word' id='word_1_232' title='bbox 2756 1850 3000 1922; x_wconf 83' lang='grc' dir='ltr'>Πνεῦμα.</span> <span class='ocrx_word' id='word_1_233' title='bbox 3062 1852 3338 1921; x_wconf 81' lang='grc' dir='ltr'>Ψυχικοὺς</span> <span class='ocrx_word' id='word_1_234' title='bbox 3377 1850 3434 1902; x_wconf 84' lang='grc' dir='ltr'><strong>δὲ</strong></span> <span class='ocrx_word' id='word_1_235' title='bbox 3485 1849 3740 1918; x_wconf 79' lang='grc' dir='ltr'>ὀνομάζει</span> 
     </span>
    </p>
   </div>
   <div class='ocr_carea' id='block_1_33' title="bbox 2161 1943 3740 2018">
    <p class='ocr_par' dir='ltr' id='par_1_33' title="bbox 2161 1943 3740 2018">
     <span class='ocr_line' id='line_1_33' title="bbox 2161 1943 3740 2018; baseline -0.003 -20"><span class='ocrx_word' id='word_1_236' title='bbox 2161 1947 2448 2018; x_wconf 84' lang='grc' dir='ltr'>Ἕλληνας,</span> <span class='ocrx_word' id='word_1_237' title='bbox 2486 1945 2794 2010; x_wconf 79' lang='grc' dir='ltr'>Ἰουδαίους,</span> <span class='ocrx_word' id='word_1_238' title='bbox 2829 1947 2922 1998; x_wconf 74' lang='grc' dir='ltr'><strong>καὶ</strong></span> <span class='ocrx_word' id='word_1_239' title='bbox 2953 1947 3284 2017; x_wconf 74' lang='grc' dir='ltr'>αἱρετικοῦς,</span> <span class='ocrx_word' id='word_1_240' title='bbox 3330 1945 3518 2014; x_wconf 77' lang='grc' dir='ltr'>ἐπειδὴ</span> <span class='ocrx_word' id='word_1_241' title='bbox 3551 1943 3740 1996; x_wconf 59' lang='lat' dir='ltr'><strong>collo--</strong></span> 
     </span>
    </p>
   </div>
   <div class='ocr_carea' id='block_1_34' title="bbox 482 2031 2054 2108">
    <p class='ocr_par' dir='ltr' id='par_1_34' title="bbox 482 2041 2054 2108">
     <span class='ocr_line' id='line_1_34' title="bbox 482 2041 2054 2108; baseline 0.002 -15"><span class='ocrx_word' id='word_1_242' title='bbox 482 2053 567 2093; x_wconf 74' lang='lat' dir='ltr'><strong>tus</strong></span> <span class='ocrx_word' id='word_1_243' title='bbox 603 2053 840 2096; x_wconf 85' lang='lat' dir='ltr'><strong>sanctus.</strong></span> <span class='ocrx_word' id='word_1_244' title='bbox 892 2041 1168 2095; x_wconf 82' lang='lat' dir='ltr'><strong>Animales</strong></span> <span class='ocrx_word' id='word_1_245' title='bbox 1210 2057 1339 2095; x_wconf 84' lang='lat' dir='ltr'><strong>vero</strong></span> <span class='ocrx_word' id='word_1_246' title='bbox 1397 2044 1638 2095; x_wconf 84' lang='lat' dir='ltr'><strong>nominat</strong></span> <span class='ocrx_word' id='word_1_247' title='bbox 1679 2042 1918 2108; x_wconf 68' lang='lat' dir='ltr'><strong>Graecos,</strong></span> <span class='ocrx_word' id='word_1_248' title='bbox 1960 2042 2054 2096; x_wconf 85' lang='lat' dir='ltr'><strong>Ju-</strong></span> 
     </span>
    </p>
   </div>
   <div class='ocr_carea' id='block_1_35' title="bbox 2159 2031 3740 2108">
    <p class='ocr_par' dir='ltr' id='par_1_35' title="bbox 2159 2034 3740 2107">
     <span class='ocr_line' id='line_1_35' title="bbox 2159 2034 3740 2107; baseline 0 -18"><span class='ocrx_word' id='word_1_249' title='bbox 2159 2039 2374 2106; x_wconf 82' lang='grc' dir='ltr'>γισμοίς</span> <span class='ocrx_word' id='word_1_250' title='bbox 2423 2037 2520 2088; x_wconf 70' lang='grc' dir='ltr'><strong>καὶ</strong></span> <span class='ocrx_word' id='word_1_251' title='bbox 2581 2037 2953 2107; x_wconf 76' lang='grc' dir='ltr'>διαλογισμοῖς</span> <span class='ocrx_word' id='word_1_252' title='bbox 3002 2035 3279 2106; x_wconf 80' lang='grc' dir='ltr'>στρεϐλοῖς</span> <span class='ocrx_word' id='word_1_253' title='bbox 3325 2034 3740 2106; x_wconf 72' lang='grc' dir='ltr'>ὲναϐρυνόμενοι</span> 
     </span>
    </p>
   </div>
   <div class='ocr_carea' id='block_1_36' title="bbox 481 2130 2055 2199">
    <p class='ocr_par' dir='ltr' id='par_1_36' title="bbox 481 2130 2055 2199">
     <span class='ocr_line' id='line_1_36' title="bbox 481 2130 2055 2199; baseline 0.003 -17"><span class='ocrx_word' id='word_1_254' title='bbox 481 2133 643 2194; x_wconf 66' lang='lat' dir='ltr'><strong>«Ianos,</strong></span> <span class='ocrx_word' id='word_1_255' title='bbox 677 2139 732 2184; x_wconf 91' lang='lat' dir='ltr'><strong>et</strong></span> <span class='ocrx_word' id='word_1_256' title='bbox 763 2130 1071 2193; x_wconf 74' lang='lat' dir='ltr'><strong>haereticos,</strong></span> <span class='ocrx_word' id='word_1_257' title='bbox 1116 2131 1242 2198; x_wconf 84' lang='lat' dir='ltr'><strong>quia</strong></span> <span class='ocrx_word' id='word_1_258' title='bbox 1297 2130 1348 2183; x_wconf 92' lang='lat' dir='ltr'><strong>in</strong></span> <span class='ocrx_word' id='word_1_259' title='bbox 1383 2131 1642 2184; x_wconf 86' lang='lat' dir='ltr'><strong>tortuosis</strong></span> <span class='ocrx_word' id='word_1_260' title='bbox 1689 2130 1928 2199; x_wconf 89' lang='lat' dir='ltr'><strong>ipsorum</strong></span> <span class='ocrx_word' id='word_1_261' title='bbox 1969 2148 2055 2187; x_wconf 85' lang='lat' dir='ltr'><strong>ra-</strong></span> 
     </span>
    </p>
   </div>
   <div class='ocr_carea' id='block_1_37' title="bbox 481 2219 2052 2289">
    <p class='ocr_par' dir='ltr' id='par_1_37' title="bbox 481 2219 2052 2289">
     <span class='ocr_line' id='line_1_37' title="bbox 481 2219 2052 2289; baseline 0.001 -17"><span class='ocrx_word' id='word_1_262' title='bbox 481 2220 916 2274; x_wconf 83' lang='lat' dir='ltr'><strong>tiocinationibus</strong></span> <span class='ocrx_word' id='word_1_263' title='bbox 942 2229 996 2273; x_wconf 90' lang='lat' dir='ltr'><strong>et</strong></span> <span class='ocrx_word' id='word_1_264' title='bbox 1037 2219 1495 2287; x_wconf 83' lang='lat' dir='ltr'><strong>disputationibus</strong></span> <span class='ocrx_word' id='word_1_265' title='bbox 1520 2219 1834 2288; x_wconf 70' lang='lat' dir='ltr'><strong>gloriantes,</strong></span> <span class='ocrx_word' id='word_1_266' title='bbox 1861 2238 2052 2289; x_wconf 84' lang='lat' dir='ltr'><strong>quant-</strong></span> 
     </span>
    </p>
   </div>
   <div class='ocr_carea' id='block_1_38' title="bbox 479 2311 2053 2380">
    <p class='ocr_par' dir='ltr' id='par_1_38' title="bbox 479 2311 2053 2380">
     <span class='ocr_line' id='line_1_38' title="bbox 479 2311 2053 2380; baseline 0.001 -18"><span class='ocrx_word' id='word_1_267' title='bbox 479 2311 572 2363; x_wconf 81' lang='lat' dir='ltr'><strong>vis-</strong></span> <span class='ocrx_word' id='word_1_268' title='bbox 596 2327 780 2365; x_wconf 88' lang='lat' dir='ltr'><strong>earum</strong></span> <span class='ocrx_word' id='word_1_269' title='bbox 817 2311 1236 2364; x_wconf 84' lang='lat' dir='ltr'><strong>imbecillitatem</strong></span> <span class='ocrx_word' id='word_1_270' title='bbox 1279 2312 1538 2375; x_wconf 84' lang='lat' dir='ltr'><strong>sentiant,</strong></span> <span class='ocrx_word' id='word_1_271' title='bbox 1590 2325 1686 2363; x_wconf 89' lang='lat' dir='ltr'><strong>nos</strong></span> <span class='ocrx_word' id='word_1_272' title='bbox 1719 2311 2053 2380; x_wconf 80' lang='lat' dir='ltr'><strong>intpnguant,</strong></span> 
     </span>
    </p>
   </div>
   <div class='ocr_carea' id='block_1_39' title="bbox 479 2401 2051 2471">
    <p class='ocr_par' dir='ltr' id='par_1_39' title="bbox 479 2401 2051 2471">
     <span class='ocr_line' id='line_1_39' title="bbox 479 2401 2051 2471; baseline 0.003 -16"><span class='ocrx_word' id='word_1_273' title='bbox 479 2418 580 2456; x_wconf 86' lang='lat' dir='ltr'><strong>nec</strong></span> <span class='ocrx_word' id='word_1_274' title='bbox 611 2403 776 2456; x_wconf 85' lang='lat' dir='ltr'><strong>Deum</strong></span> <span class='ocrx_word' id='word_1_275' title='bbox 809 2416 931 2458; x_wconf 82' lang='lat' dir='ltr'><strong>esse</strong></span> <span class='ocrx_word' id='word_1_276' title='bbox 959 2401 1288 2456; x_wconf 81' lang='lat' dir='ltr'><strong>conﬁtentur</strong></span> <span class='ocrx_word' id='word_1_277' title='bbox 1337 2401 1598 2471; x_wconf 88' lang='lat' dir='ltr'><strong>Spiritum</strong></span> <span class='ocrx_word' id='word_1_278' title='bbox 1642 2413 1886 2456; x_wconf 86' lang='lat' dir='ltr'><strong>sanctum</strong></span> <span class='ocrx_word' id='word_1_279' title='bbox 1938 2403 2051 2460; x_wconf 86' lang='lat' dir='ltr'><strong>Dei.</strong></span> 
     </span>
    </p>
   </div>
   <div class='ocr_carea' id='block_1_40' title="bbox 481 2493 2056 2547">
    <p class='ocr_par' dir='ltr' id='par_1_40' title="bbox 481 2493 2056 2547">
     <span class='ocr_line' id='line_1_40' title="bbox 481 2493 2056 2547; baseline 0.001 -3"><span class='ocrx_word' id='word_1_280' title='bbox 481 2494 678 2546; x_wconf 77' lang='lat' dir='ltr'><strong>Scribit</strong></span> <span class='ocrx_word' id='word_1_281' title='bbox 713 2505 892 2546; x_wconf 87' lang='lat' dir='ltr'><strong>autem</strong></span> <span class='ocrx_word' id='word_1_282' title='bbox 931 2493 1096 2546; x_wconf 86' lang='lat' dir='ltr'><strong>etiam</strong></span> <span class='ocrx_word' id='word_1_283' title='bbox 1146 2493 1196 2545; x_wconf 91' lang='lat' dir='ltr'><strong>in</strong></span> <span class='ocrx_word' id='word_1_284' title='bbox 1229 2507 1326 2546; x_wconf 87' lang='lat' dir='ltr'><strong>eos</strong></span> <span class='ocrx_word' id='word_1_285' title='bbox 1362 2493 1559 2546; x_wconf 81' lang='lat' dir='ltr'><strong>alicubi</strong></span> <span class='ocrx_word' id='word_1_286' title='bbox 1609 2495 1686 2547; x_wconf 90' lang='lat' dir='ltr'><strong>sic</strong></span> <span class='ocrx_word' id='word_1_287' title='bbox 1721 2511 1735 2547; x_wconf 90' lang='lat'><strong>:</strong></span> <span class='ocrx_word' id='word_1_288' title='bbox 1772 2511 1792 2546; x_wconf 82' lang='grc' dir='ltr'><strong>ι</strong></span> <span class='ocrx_word' id='word_1_289' title='bbox 1831 2494 2056 2546; x_wconf 81' lang='lat' dir='ltr'><strong>Anima-</strong></span> 
     </span>
    </p>
   </div>
   <div class='ocr_carea' id='block_1_41' title="bbox 482 2582 2052 2654">
    <p class='ocr_par' dir='ltr' id='par_1_41' title="bbox 482 2582 2052 2654">
     <span class='ocr_line' id='line_1_41' title="bbox 482 2582 2052 2654; baseline 0.001 -19"><span class='ocrx_word' id='word_1_290' title='bbox 482 2583 557 2636; x_wconf 86' lang='lat' dir='ltr'><strong>les</strong></span> <span class='ocrx_word' id='word_1_291' title='bbox 609 2582 745 2654; x_wconf 70' lang='grc'>(46),</span> <span class='ocrx_word' id='word_1_292' title='bbox 795 2582 1057 2652; x_wconf 85' lang='lat' dir='ltr'><strong>Spiritum</strong></span> <span class='ocrx_word' id='word_1_293' title='bbox 1113 2600 1216 2636; x_wconf 88' lang='lat' dir='ltr'><strong>non</strong></span> <span class='ocrx_word' id='word_1_294' title='bbox 1268 2585 1562 2650; x_wconf 72' lang='lat' dir='ltr'><strong>habentes;</strong></span> <span class='ocrx_word' id='word_1_295' title='bbox 1634 2603 1654 2636; x_wconf 80' lang='grc' dir='ltr'><strong>ι</strong></span> <span class='ocrx_word' id='word_1_296' title='bbox 1719 2594 1774 2640; x_wconf 87' lang='lat' dir='ltr'><strong>et</strong></span> <span class='ocrx_word' id='word_1_297' title='bbox 1823 2600 2052 2640; x_wconf 87' lang='lat' dir='ltr'><strong>rursus:</strong></span> 
     </span>
    </p>
   </div>
   <div class='ocr_carea' id='block_1_42' title="bbox 485 2670 2057 2744">
    <p class='ocr_par' dir='ltr' id='par_1_42' title="bbox 485 2670 2057 2744">
     <span class='ocr_line' id='line_1_42' title="bbox 485 2670 2057 2744; baseline 0.004 -22"><span class='ocrx_word' id='word_1_298' title='bbox 485 2691 504 2722; x_wconf 73' lang='grc' dir='ltr'><strong>ι</strong></span> <span class='ocrx_word' id='word_1_299' title='bbox 539 2673 800 2727; x_wconf 83' lang='lat' dir='ltr'><strong>Anitnalis</strong></span> <span class='ocrx_word' id='word_1_300' title='bbox 837 2670 949 2744; x_wconf 72' lang='grc'>(47)</span> <span class='ocrx_word' id='word_1_301' title='bbox 998 2683 1178 2726; x_wconf 76' lang='lat' dir='ltr'><strong>autem</strong></span> <span class='ocrx_word' id='word_1_302' title='bbox 1235 2674 1396 2726; x_wconf 86' lang='lat' dir='ltr'><strong>homo</strong></span> <span class='ocrx_word' id='word_1_303' title='bbox 1429 2688 1533 2726; x_wconf 84' lang='lat' dir='ltr'><strong>non</strong></span> <span class='ocrx_word' id='word_1_304' title='bbox 1587 2674 1775 2741; x_wconf 87' lang='lat' dir='ltr'><strong>recipit</strong></span> <span class='ocrx_word' id='word_1_305' title='bbox 1801 2688 1886 2737; x_wconf 86' lang='lat' dir='ltr'><strong>ea,</strong></span> <span class='ocrx_word' id='word_1_306' title='bbox 1938 2689 2057 2744; x_wconf 68' lang='lat' dir='ltr'><strong>qua:</strong></span> 
     </span>
    </p>
   </div>
   <div class='ocr_carea' id='block_1_43' title="bbox 479 2763 2053 2832">
    <p class='ocr_par' dir='ltr' id='par_1_43' title="bbox 479 2763 2053 2832">
     <span class='ocr_line' id='line_1_43' title="bbox 479 2763 2053 2832; baseline 0.001 -15"><span class='ocrx_word' id='word_1_307' title='bbox 479 2775 604 2817; x_wconf 88' lang='lat' dir='ltr'><strong>sunt</strong></span> <span class='ocrx_word' id='word_1_308' title='bbox 639 2763 873 2832; x_wconf 85' lang='lat' dir='ltr'><strong>Spiritus</strong></span> <span class='ocrx_word' id='word_1_309' title='bbox 907 2763 1040 2826; x_wconf 85' lang='lat' dir='ltr'><strong>Dei;</strong></span> <span class='ocrx_word' id='word_1_310' title='bbox 1095 2763 1322 2816; x_wconf 83' lang='lat' dir='ltr'><strong>stultitia</strong></span> <span class='ocrx_word' id='word_1_311' title='bbox 1354 2764 1502 2817; x_wconf 89' lang='lat' dir='ltr'><strong>enim</strong></span> <span class='ocrx_word' id='word_1_312' title='bbox 1550 2773 1676 2818; x_wconf 90' lang='lat' dir='ltr'><strong>sunt</strong></span> <span class='ocrx_word' id='word_1_313' title='bbox 1714 2765 1815 2832; x_wconf 90' lang='lat' dir='ltr'><strong>illi,</strong></span> <span class='ocrx_word' id='word_1_314' title='bbox 1849 2775 1902 2816; x_wconf 90' lang='lat' dir='ltr'><strong>et</strong></span> <span class='ocrx_word' id='word_1_315' title='bbox 1949 2782 2053 2818; x_wconf 90' lang='lat' dir='ltr'><strong>non</strong></span> 
     </span>
    </p>
   </div>
   <div class='ocr_carea' id='block_1_44' title="bbox 480 2854 2051 2926">
    <p class='ocr_par' dir='ltr' id='par_1_44' title="bbox 480 2854 2051 2926">
     <span class='ocr_line' id='line_1_44' title="bbox 480 2854 2051 2926; baseline 0 -19"><span class='ocrx_word' id='word_1_316' title='bbox 480 2867 654 2926; x_wconf 85' lang='lat' dir='ltr'><strong>potest</strong></span> <span class='ocrx_word' id='word_1_317' title='bbox 687 2856 1003 2925; x_wconf 79' lang='lat' dir='ltr'><strong>intelligere.</strong></span> <span class='ocrx_word' id='word_1_318' title='bbox 1033 2854 1344 2924; x_wconf 72' lang='lat' dir='ltr'><strong>Spiritualis</strong></span> <span class='ocrx_word' id='word_1_319' title='bbox 1377 2865 1556 2908; x_wconf 91' lang='lat' dir='ltr'><strong>autem</strong></span> <span class='ocrx_word' id='word_1_320' title='bbox 1598 2854 1809 2922; x_wconf 74' lang='lat' dir='ltr'><strong>jutlieat</strong></span> <span class='ocrx_word' id='word_1_321' title='bbox 1833 2856 2051 2924; x_wconf 86' lang='lat' dir='ltr'><strong>quidem</strong></span> 
     </span>
    </p>
   </div>
   <div class='ocr_carea' id='block_1_45' title="bbox 479 2943 2058 3012">
    <p class='ocr_par' dir='ltr' id='par_1_45' title="bbox 479 2943 2058 3012">
     <span class='ocr_line' id='line_1_45' title="bbox 479 2943 2058 3012; baseline 0.003 -16"><span class='ocrx_word' id='word_1_322' title='bbox 479 2961 668 2998; x_wconf 80' lang='lat' dir='ltr'><strong>manes</strong></span> <span class='ocrx_word' id='word_1_323' title='bbox 719 2945 856 3012; x_wconf 69' lang='lat'><strong>(48),</strong></span> <span class='ocrx_word' id='word_1_324' title='bbox 887 2945 998 3012; x_wconf 84' lang='lat' dir='ltr'><strong>ipse</strong></span> <span class='ocrx_word' id='word_1_325' title='bbox 1051 2959 1176 2996; x_wconf 65' lang='lat' dir='ltr'><strong>vero</strong></span> <span class='ocrx_word' id='word_1_326' title='bbox 1225 2959 1255 2996; x_wconf 86' lang='lat' dir='ltr'><strong>a</strong></span> <span class='ocrx_word' id='word_1_327' title='bbox 1315 2946 1532 2997; x_wconf 82' lang='lat' dir='ltr'><strong>nemine</strong></span> <span class='ocrx_word' id='word_1_328' title='bbox 1577 2943 1894 3011; x_wconf 75' lang='lat' dir='ltr'><strong>iudicatur;</strong></span> <span class='ocrx_word' id='word_1_329' title='bbox 1938 2965 1956 2998; x_wconf 76' lang='grc' dir='ltr'><strong>ι</strong></span> <span class='ocrx_word' id='word_1_330' title='bbox 2004 2958 2058 3000; x_wconf 83' lang='lat' dir='ltr'><strong>et</strong></span> 
     </span>
    </p>
   </div>
   <div class='ocr_carea' id='block_1_46' title="bbox 482 3037 2056 3105">
    <p class='ocr_par' dir='ltr' id='par_1_46' title="bbox 482 3037 2056 3105">
     <span class='ocr_line' id='line_1_46' title="bbox 482 3037 2056 3105; baseline 0.002 -12"><span class='ocrx_word' id='word_1_331' title='bbox 482 3054 672 3093; x_wconf 77' lang='lat' dir='ltr'><strong>rursus</strong></span> <span class='ocrx_word' id='word_1_332' title='bbox 699 3046 1040 3091; x_wconf 81' lang='lat' dir='ltr'><strong>communem</strong></span> <span class='ocrx_word' id='word_1_333' title='bbox 1089 3052 1208 3091; x_wconf 85' lang='lat' dir='ltr'><strong>esse</strong></span> <span class='ocrx_word' id='word_1_334' title='bbox 1260 3037 1484 3105; x_wconf 79' lang='lat' dir='ltr'><strong>Spiritui</strong></span> <span class='ocrx_word' id='word_1_335' title='bbox 1536 3047 1724 3091; x_wconf 82' lang='lat' dir='ltr'><strong>sancto</strong></span> <span class='ocrx_word' id='word_1_336' title='bbox 1763 3040 2056 3096; x_wconf 77' lang='lat' dir='ltr'><strong>ostendens</strong></span> 
     </span>
    </p>
   </div>
   <div class='ocr_carea' id='block_1_47' title="bbox 485 3127 2054 3202">
    <p class='ocr_par' dir='ltr' id='par_1_47' title="bbox 485 3127 2054 3202">
     <span class='ocr_line' id='line_1_47' title="bbox 485 3127 2054 3202; baseline 0.003 -22"><span class='ocrx_word' id='word_1_337' title='bbox 485 3145 646 3181; x_wconf 83' lang='lat' dir='ltr'><strong>unam</strong></span> <span class='ocrx_word' id='word_1_338' title='bbox 681 3127 1158 3182; x_wconf 69' lang='lat' dir='ltr'><strong>clementissimum</strong></span> <span class='ocrx_word' id='word_1_339' title='bbox 1194 3137 1462 3190; x_wconf 84' lang='lat' dir='ltr'><strong>naturam,</strong></span> <span class='ocrx_word' id='word_1_340' title='bbox 1503 3131 1619 3182; x_wconf 88' lang='lat' dir='ltr'><strong>ait:</strong></span> <span class='ocrx_word' id='word_1_341' title='bbox 1663 3145 1682 3178; x_wconf 78' lang='grc' dir='ltr'><strong>ι</strong></span> <span class='ocrx_word' id='word_1_342' title='bbox 1721 3129 1776 3182; x_wconf 88' lang='lat' dir='ltr'><strong>Si</strong></span> <span class='ocrx_word' id='word_1_343' title='bbox 1813 3146 1917 3199; x_wconf 87' lang='lat' dir='ltr'><strong>qua</strong></span> <span class='ocrx_word' id='word_1_344' title='bbox 1945 3131 2054 3202; x_wconf 66' lang='lat'><strong>(«59)</strong></span> 
     </span>
    </p>
   </div>
   <div class='ocr_carea' id='block_1_48' title="bbox 483 3218 2058 3286">
    <p class='ocr_par' dir='ltr' id='par_1_48' title="bbox 483 3218 2058 3286">
     <span class='ocr_line' id='line_1_48' title="bbox 483 3218 2058 3286; baseline 0.003 -13"><span class='ocrx_word' id='word_1_345' title='bbox 483 3218 908 3274; x_wconf 73' lang='lat' dir='ltr'><strong>communicatio</strong></span> <span class='ocrx_word' id='word_1_346' title='bbox 930 3219 1188 3286; x_wconf 82' lang='lat' dir='ltr'><strong>Spiritus.</strong></span> <span class='ocrx_word' id='word_1_347' title='bbox 1227 3237 1246 3270; x_wconf 77' lang='grc' dir='ltr'><strong>ι</strong></span> <span class='ocrx_word' id='word_1_348' title='bbox 1295 3218 1554 3272; x_wconf 83' lang='lat' dir='ltr'><strong>Carnales</strong></span> <span class='ocrx_word' id='word_1_349' title='bbox 1591 3235 1742 3284; x_wconf 82' lang='lat' dir='ltr'><strong>vero,</strong></span> <span class='ocrx_word' id='word_1_350' title='bbox 1773 3235 1865 3276; x_wconf 85' lang='lat' dir='ltr'><strong>aut</strong></span> <span class='ocrx_word' id='word_1_351' title='bbox 1889 3233 2058 3278; x_wconf 87' lang='lat' dir='ltr'><strong>terre-</strong></span> 
     </span>
    </p>
   </div>
   <div class='ocr_carea' id='block_1_49' title="bbox 485 3309 2055 3382">
    <p class='ocr_par' dir='ltr' id='par_1_49' title="bbox 485 3309 2055 3382">
     <span class='ocr_line' id='line_1_49' title="bbox 485 3309 2055 3382; baseline 0.002 -18"><span class='ocrx_word' id='word_1_352' title='bbox 485 3326 583 3364; x_wconf 88' lang='lat' dir='ltr'><strong>nos</strong></span> <span class='ocrx_word' id='word_1_353' title='bbox 616 3317 776 3364; x_wconf 81' lang='lat' dir='ltr'><strong>vocat</strong></span> <span class='ocrx_word' id='word_1_354' title='bbox 809 3325 924 3373; x_wconf 87' lang='lat' dir='ltr'><strong>cos,</strong></span> <span class='ocrx_word' id='word_1_355' title='bbox 959 3311 1049 3378; x_wconf 90' lang='lat' dir='ltr'><strong>qui</strong></span> <span class='ocrx_word' id='word_1_356' title='bbox 1085 3309 1137 3362; x_wconf 92' lang='lat' dir='ltr'><strong>in</strong></span> <span class='ocrx_word' id='word_1_357' title='bbox 1170 3319 1368 3364; x_wconf 88' lang='lat' dir='ltr'><strong>terram</strong></span> <span class='ocrx_word' id='word_1_358' title='bbox 1407 3310 1646 3364; x_wconf 89' lang='lat' dir='ltr'><strong>inclinati</strong></span> <span class='ocrx_word' id='word_1_359' title='bbox 1692 3321 1818 3366; x_wconf 90' lang='lat' dir='ltr'><strong>sunt</strong></span> <span class='ocrx_word' id='word_1_360' title='bbox 1855 3332 1868 3366; x_wconf 91' lang='lat'><strong>:</strong></span> <span class='ocrx_word' id='word_1_361' title='bbox 1923 3331 2055 3382; x_wconf 84' lang='lat' dir='ltr'><strong>que-</strong></span> 
     </span>
    </p>
   </div>
   <div class='ocr_carea' id='block_1_50' title="bbox 2156 2126 3740 2200">
    <p class='ocr_par' dir='ltr' id='par_1_50' title="bbox 2156 2126 3740 2200">
     <span class='ocr_line' id='line_1_50' title="bbox 2156 2126 3740 2200; baseline -0.002 -18"><span class='ocrx_word' id='word_1_362' title='bbox 2156 2127 2584 2199; x_wconf 82' lang='grc' dir='ltr'>γνωσιμαχοῦσι,</span> <span class='ocrx_word' id='word_1_363' title='bbox 2621 2130 2715 2182; x_wconf 62' lang='grc' dir='ltr'><strong>καὶ¹</strong></span> <span class='ocrx_word' id='word_1_364' title='bbox 2757 2131 2854 2199; x_wconf 82' lang='grc' dir='ltr'>οὐχ</span> <span class='ocrx_word' id='word_1_365' title='bbox 2909 2129 3234 2200; x_wconf 82' lang='grc' dir='ltr'>ὁμολογοῦσι</span> <span class='ocrx_word' id='word_1_366' title='bbox 3285 2127 3418 2180; x_wconf 83' lang='grc' dir='ltr'>Θεὸν</span> <span class='ocrx_word' id='word_1_367' title='bbox 3474 2127 3534 2179; x_wconf 76' lang='grc' dir='ltr'>τὸ</span> <span class='ocrx_word' id='word_1_368' title='bbox 3583 2126 3740 2194; x_wconf 75' lang='grc' dir='ltr'>ἅγιον</span> 
     </span>
    </p>
   </div>
   <div class='ocr_carea' id='block_1_51' title="bbox 2157 2218 3742 2290">
    <p class='ocr_par' dir='ltr' id='par_1_51' title="bbox 2157 2218 3742 2290">
     <span class='ocr_line' id='line_1_51' title="bbox 2157 2218 3742 2290; baseline -0.002 -16"><span class='ocrx_word' id='word_1_369' title='bbox 2157 2219 2378 2290; x_wconf 84' lang='grc' dir='ltr'>Πνεῦμα</span> <span class='ocrx_word' id='word_1_370' title='bbox 2423 2220 2516 2274; x_wconf 91' lang='grc' dir='ltr'><strong>τοῦ</strong></span> <span class='ocrx_word' id='word_1_371' title='bbox 2555 2218 2712 2274; x_wconf 90' lang='grc' dir='ltr'>Θεοῦ.</span> <span class='ocrx_word' id='word_1_372' title='bbox 2768 2219 3103 2283; x_wconf 81' lang='grc' dir='ltr'>Ἐπιστέλλει</span> <span class='ocrx_word' id='word_1_373' title='bbox 3149 2219 3205 2272; x_wconf 84' lang='grc' dir='ltr'><strong>δὲ</strong></span> <span class='ocrx_word' id='word_1_374' title='bbox 3243 2219 3336 2271; x_wconf 76' lang='grc' dir='ltr'><strong>καὶ</strong></span> <span class='ocrx_word' id='word_1_375' title='bbox 3381 2218 3516 2289; x_wconf 81' lang='grc' dir='ltr'>πρὸς</span> <span class='ocrx_word' id='word_1_376' title='bbox 3544 2219 3742 2282; x_wconf 76' lang='grc' dir='ltr'>αὐτοὺς</span> 
     </span>
    </p>
   </div>
   <div class='ocr_carea' id='block_1_52' title="bbox 2155 2305 3743 2382">
    <p class='ocr_par' dir='ltr' id='par_1_52' title="bbox 2155 2305 3743 2382">
     <span class='ocr_line' id='line_1_52' title="bbox 2155 2305 3743 2382; baseline -0.001 -18"><span class='ocrx_word' id='word_1_377' title='bbox 2155 2311 2297 2365; x_wconf 83' lang='grc' dir='ltr'>οῦτω</span> <span class='ocrx_word' id='word_1_378' title='bbox 2333 2329 2434 2364; x_wconf 88' lang='grc' dir='ltr'><strong>που</strong></span> <span class='ocrx_word' id='word_1_379' title='bbox 2455 2329 2470 2342; x_wconf 87' lang='grc'><strong>·</strong></span> <span class='ocrx_word' id='word_1_380' title='bbox 2505 2330 2524 2362; x_wconf 78' lang='grc' dir='ltr'><strong>ι</strong></span> <span class='ocrx_word' id='word_1_381' title='bbox 2563 2313 2801 2382; x_wconf 73' lang='grc' dir='ltr'>Ψυχικο).</span> <span class='ocrx_word' id='word_1_382' title='bbox 2834 2311 3058 2382; x_wconf 84' lang='grc' dir='ltr'>Πνεῦμα</span> <span class='ocrx_word' id='word_1_383' title='bbox 3089 2310 3162 2382; x_wconf 85' lang='grc' dir='ltr'>μὴ</span> <span class='ocrx_word' id='word_1_384' title='bbox 3185 2310 3398 2380; x_wconf 74' lang='grc' dir='ltr'>ἔχοντες</span> <span class='ocrx_word' id='word_1_385' title='bbox 3423 2325 3440 2342; x_wconf 79' lang='grc' dir='ltr'><strong>ο</strong></span> <span class='ocrx_word' id='word_1_386' title='bbox 3479 2330 3498 2360; x_wconf 71' lang='grc' dir='ltr'><strong>ι</strong></span> <span class='ocrx_word' id='word_1_387' title='bbox 3533 2309 3627 2362; x_wconf 72' lang='grc' dir='ltr'><strong>καὶ</strong></span> <span class='ocrx_word' id='word_1_388' title='bbox 3650 2305 3743 2362; x_wconf 77' lang='grc' dir='ltr'>αῦ-</span> 
     </span>
    </p>
   </div>
   <div class='ocr_carea' id='block_1_53' title="bbox 2157 2398 3740 2471">
    <p class='ocr_par' dir='ltr' id='par_1_53' title="bbox 2157 2398 3740 2471">
     <span class='ocr_line' id='line_1_53' title="bbox 2157 2398 3740 2471; baseline 0 -21"><span class='ocrx_word' id='word_1_389' title='bbox 2157 2399 2242 2463; x_wconf 84' lang='grc' dir='ltr'><strong>θις</strong></span> <span class='ocrx_word' id='word_1_390' title='bbox 2267 2417 2280 2430; x_wconf 76' lang='grc' dir='ltr'><strong>ο</strong></span> <span class='ocrx_word' id='word_1_391' title='bbox 2312 2419 2329 2450; x_wconf 81' lang='grc' dir='ltr'><strong>ι</strong></span> <span class='ocrx_word' id='word_1_392' title='bbox 2368 2400 2615 2470; x_wconf 81' lang='grc' dir='ltr'>Ψυχικδς</span> <span class='ocrx_word' id='word_1_393' title='bbox 2647 2399 2772 2471; x_wconf 72' lang='grc'><strong>[154</strong></span> <span class='ocrx_word' id='word_1_394' title='bbox 2802 2399 2856 2471; x_wconf 76' lang='grc' dir='ltr'>ιι]</span> <span class='ocrx_word' id='word_1_395' title='bbox 2885 2399 2942 2454; x_wconf 82' lang='grc' dir='ltr'><strong>δὲ</strong></span> <span class='ocrx_word' id='word_1_396' title='bbox 2989 2399 3274 2470; x_wconf 82' lang='grc' dir='ltr'>ἄνθρωπος</span> <span class='ocrx_word' id='word_1_397' title='bbox 3317 2399 3377 2451; x_wconf 74' lang='grc' dir='ltr'>οὗ</span> <span class='ocrx_word' id='word_1_398' title='bbox 3426 2399 3640 2469; x_wconf 82' lang='grc' dir='ltr'>δέχεται</span> <span class='ocrx_word' id='word_1_399' title='bbox 3671 2398 3740 2450; x_wconf 82' lang='grc' dir='ltr'>τὰ</span> 
     </span>
    </p>
   </div>
   <div class='ocr_carea' id='block_1_54' title="bbox 2155 2479 3740 2562">
    <p class='ocr_par' dir='ltr' id='par_1_54' title="bbox 2155 2479 3740 2562">
     <span class='ocr_line' id='line_1_54' title="bbox 2155 2479 3740 2562; baseline -0.001 -18"><span class='ocrx_word' id='word_1_400' title='bbox 2155 2491 2246 2544; x_wconf 83' lang='grc' dir='ltr'><strong>τοῦ</strong></span> <span class='ocrx_word' id='word_1_401' title='bbox 2278 2479 2596 2561; x_wconf 68' lang='grc' dir='ltr'>Πνεῦμα-ξος</span> <span class='ocrx_word' id='word_1_402' title='bbox 2621 2491 2716 2544; x_wconf 90' lang='grc' dir='ltr'><strong>τοῦ</strong></span> <span class='ocrx_word' id='word_1_403' title='bbox 2743 2491 2878 2544; x_wconf 85' lang='grc' dir='ltr'>Θεοῦ</span> <span class='ocrx_word' id='word_1_404' title='bbox 2901 2507 2914 2520; x_wconf 73' lang='grc' dir='ltr'><strong>ο</strong></span> <span class='ocrx_word' id='word_1_405' title='bbox 2945 2490 3124 2562; x_wconf 79' lang='grc' dir='ltr'>μωρία</span> <span class='ocrx_word' id='word_1_406' title='bbox 3148 2490 3255 2562; x_wconf 77' lang='grc' dir='ltr'>γὰρ</span> <span class='ocrx_word' id='word_1_407' title='bbox 3281 2489 3426 2561; x_wconf 74' lang='grc' dir='ltr'>αὐτῷ</span> <span class='ocrx_word' id='word_1_408' title='bbox 3451 2492 3617 2552; x_wconf 81' lang='grc' dir='ltr'>ἐστιν,</span> <span class='ocrx_word' id='word_1_409' title='bbox 3645 2491 3740 2542; x_wconf 72' lang='grc' dir='ltr'><strong>καὶ</strong></span> 
     </span>
    </p>
   </div>
   <div class='ocr_carea' id='block_1_55' title="bbox 2155 2583 3741 2653">
    <p class='ocr_par' dir='ltr' id='par_1_55' title="bbox 2155 2583 3741 2653">
     <span class='ocr_line' id='line_1_55' title="bbox 2155 2583 3741 2653; baseline -0.001 -17"><span class='ocrx_word' id='word_1_410' title='bbox 2155 2585 2217 2636; x_wconf 87' lang='grc' dir='ltr'><strong>οῦ</strong></span> <span class='ocrx_word' id='word_1_411' title='bbox 2272 2583 2495 2636; x_wconf 80' lang='grc' dir='ltr'>δύναται</span> <span class='ocrx_word' id='word_1_412' title='bbox 2545 2583 2768 2652; x_wconf 85' lang='grc' dir='ltr'>γνῶναι.</span> <span class='ocrx_word' id='word_1_413' title='bbox 2815 2583 2871 2637; x_wconf 86' lang='lat'><strong>&#39;0</strong></span> <span class='ocrx_word' id='word_1_414' title='bbox 2917 2583 2974 2636; x_wconf 78' lang='grc' dir='ltr'><strong>δὲ</strong></span> <span class='ocrx_word' id='word_1_415' title='bbox 3048 2583 3416 2653; x_wconf 80' lang='grc' dir='ltr'>πνευματικὸς</span> <span class='ocrx_word' id='word_1_416' title='bbox 3462 2583 3741 2652; x_wconf 80' lang='grc' dir='ltr'>ἀνακρίνει</span> 
     </span>
    </p>
   </div>
   <div class='ocr_carea' id='block_1_56' title="bbox 2161 2673 3743 2746">
    <p class='ocr_par' dir='ltr' id='par_1_56' title="bbox 2161 2673 3743 2746">
     <span class='ocr_line' id='line_1_56' title="bbox 2161 2673 3743 2746; baseline 0 -19"><span class='ocrx_word' id='word_1_417' title='bbox 2161 2676 2256 2745; x_wconf 80' lang='grc' dir='ltr'><strong>μὲν</strong></span> <span class='ocrx_word' id='word_1_418' title='bbox 2287 2675 2510 2739; x_wconf 85' lang='grc' dir='ltr'>πάντας,</span> <span class='ocrx_word' id='word_1_419' title='bbox 2541 2675 2699 2738; x_wconf 82' lang='grc' dir='ltr'>αὐτὸς</span> <span class='ocrx_word' id='word_1_420' title='bbox 2723 2675 2779 2728; x_wconf 82' lang='grc' dir='ltr'><strong>δὲ</strong></span> <span class='ocrx_word' id='word_1_421' title='bbox 2812 2673 2904 2727; x_wconf 84' lang='grc' dir='ltr'>ὑπ’</span> <span class='ocrx_word' id='word_1_422' title='bbox 2937 2674 3148 2737; x_wconf 78' lang='grc' dir='ltr'>οὐδενὸς</span> <span class='ocrx_word' id='word_1_423' title='bbox 3176 2675 3544 2746; x_wconf 82' lang='grc' dir='ltr'>ἀνακρίνεται.</span> <span class='ocrx_word' id='word_1_424' title='bbox 3579 2694 3598 2725; x_wconf 74' lang='grc' dir='ltr'><strong>ι</strong></span> <span class='ocrx_word' id='word_1_425' title='bbox 3631 2675 3743 2727; x_wconf 73' lang='grc' dir='ltr'>Καὶ</span> 
     </span>
    </p>
   </div>
   <div class='ocr_carea' id='block_1_57' title="bbox 2160 2764 3740 2836">
    <p class='ocr_par' dir='ltr' id='par_1_57' title="bbox 2160 2764 3740 2836">
     <span class='ocr_line' id='line_1_57' title="bbox 2160 2764 3740 2836; baseline 0 -18"><span class='ocrx_word' id='word_1_426' title='bbox 2160 2764 2342 2827; x_wconf 78' lang='grc' dir='ltr'>πάλιν,</span> <span class='ocrx_word' id='word_1_427' title='bbox 2372 2765 2434 2818; x_wconf 84' lang='grc' dir='ltr'>τὸ</span> <span class='ocrx_word' id='word_1_428' title='bbox 2467 2765 2600 2836; x_wconf 80' lang='grc' dir='ltr'>πρὸς</span> <span class='ocrx_word' id='word_1_429' title='bbox 2619 2764 2717 2836; x_wconf 83' lang='grc' dir='ltr'><strong>τὴν</strong></span> <span class='ocrx_word' id='word_1_430' title='bbox 2755 2765 2922 2836; x_wconf 79' lang='grc' dir='ltr'>μόνην</span> <span class='ocrx_word' id='word_1_431' title='bbox 2953 2767 3316 2836; x_wconf 74' lang='grc' dir='ltr'>ἡμερωτάτην</span> <span class='ocrx_word' id='word_1_432' title='bbox 3345 2765 3505 2834; x_wconf 78' lang='grc' dir='ltr'>φύσιν</span> <span class='ocrx_word' id='word_1_433' title='bbox 3531 2764 3740 2818; x_wconf 76' lang='grc' dir='ltr'>ἐπίκοι-</span> 
     </span>
    </p>
   </div>
   <div class='ocr_carea' id='block_1_58' title="bbox 2157 2855 3744 2928">
    <p class='ocr_par' dir='ltr' id='par_1_58' title="bbox 2157 2855 3744 2928">
     <span class='ocr_line' id='line_1_58' title="bbox 2157 2855 3744 2928; baseline 0 -20"><span class='ocrx_word' id='word_1_434' title='bbox 2157 2875 2246 2910; x_wconf 88' lang='grc' dir='ltr'><strong>νον</strong></span> <span class='ocrx_word' id='word_1_435' title='bbox 2297 2857 2392 2910; x_wconf 89' lang='grc' dir='ltr'><strong>τοῦ</strong></span> <span class='ocrx_word' id='word_1_436' title='bbox 2426 2857 2579 2926; x_wconf 79' lang='grc' dir='ltr'>ἁγίου</span> <span class='ocrx_word' id='word_1_437' title='bbox 2614 2857 2928 2928; x_wconf 80' lang='grc' dir='ltr'>Πνεῦματος</span> <span class='ocrx_word' id='word_1_438' title='bbox 2956 2857 3152 2926; x_wconf 80' lang='grc' dir='ltr'>δηλῶν,</span> <span class='ocrx_word' id='word_1_439' title='bbox 3180 2855 3308 2927; x_wconf 70' lang='grc' dir='ltr'><strong>ἔφη·</strong></span> <span class='ocrx_word' id='word_1_440' title='bbox 3351 2877 3368 2908; x_wconf 82' lang='grc' dir='ltr'><strong>ι</strong></span> <span class='ocrx_word' id='word_1_441' title='bbox 3414 2857 3482 2909; x_wconf 82' lang='grc' dir='ltr'><strong>Εἴ</strong></span> <span class='ocrx_word' id='word_1_442' title='bbox 3512 2874 3596 2920; x_wconf 89' lang='grc' dir='ltr'><strong>τις</strong></span> <span class='ocrx_word' id='word_1_443' title='bbox 3629 2871 3744 2909; x_wconf 84' lang='grc' dir='ltr'>κοι-</span> 
     </span>
    </p>
   </div>
   <div class='ocr_carea' id='block_1_59' title="bbox 2157 2948 3748 3020">
    <p class='ocr_par' dir='ltr' id='par_1_59' title="bbox 2157 2948 3748 3020">
     <span class='ocr_line' id='line_1_59' title="bbox 2157 2948 3748 3020; baseline -0.001 -18"><span class='ocrx_word' id='word_1_444' title='bbox 2157 2951 2322 3002; x_wconf 88' lang='grc' dir='ltr'>νωνία</span> <span class='ocrx_word' id='word_1_445' title='bbox 2367 2948 2704 3020; x_wconf 78' lang='grc' dir='ltr'>Πνεῦματος.</span> <span class='ocrx_word' id='word_1_446' title='bbox 2742 2968 2760 3000; x_wconf 72' lang='grc' dir='ltr'><strong>ι</strong></span> <span class='ocrx_word' id='word_1_447' title='bbox 2797 2949 3100 3020; x_wconf 75' lang='grc' dir='ltr'>Σαρκικοὺς</span> <span class='ocrx_word' id='word_1_448' title='bbox 3134 2949 3210 3012; x_wconf 85' lang='grc' dir='ltr'>δὲ,</span> <span class='ocrx_word' id='word_1_449' title='bbox 3253 2949 3284 3020; x_wconf 83' lang='grc' dir='ltr'><strong>ἥ</strong></span> <span class='ocrx_word' id='word_1_450' title='bbox 3334 2951 3548 3019; x_wconf 82' lang='grc' dir='ltr'>χοῖκοὺς</span> <span class='ocrx_word' id='word_1_451' title='bbox 3591 2948 3748 3001; x_wconf 80' lang='grc' dir='ltr'>καλεῖ</span> 
     </span>
    </p>
   </div>
   <div class='ocr_carea' id='block_1_60' title="bbox 2157 3038 3744 3110">
    <p class='ocr_par' dir='ltr' id='par_1_60' title="bbox 2157 3038 3744 3110">
     <span class='ocr_line' id='line_1_60' title="bbox 2157 3038 3744 3110; baseline 0.001 -20"><span class='ocrx_word' id='word_1_452' title='bbox 2157 3039 2282 3100; x_wconf 69' lang='grc' dir='ltr'>τοὺς</span> <span class='ocrx_word' id='word_1_453' title='bbox 2315 3040 2380 3109; x_wconf 80' lang='grc' dir='ltr'>τῇ</span> <span class='ocrx_word' id='word_1_454' title='bbox 2413 3040 2482 3109; x_wconf 84' lang='grc' dir='ltr'><strong>γῇ</strong></span> <span class='ocrx_word' id='word_1_455' title='bbox 2526 3038 3023 3101; x_wconf 74' lang='grc' dir='ltr'>κατανενευκόταςο</span> <span class='ocrx_word' id='word_1_456' title='bbox 3063 3039 3250 3110; x_wconf 80' lang='grc' dir='ltr'>ἐπειδὴ</span> <span class='ocrx_word' id='word_1_457' title='bbox 3295 3040 3565 3110; x_wconf 78' lang='grc' dir='ltr'>ἀκρασίαν</span> <span class='ocrx_word' id='word_1_458' title='bbox 3616 3039 3744 3092; x_wconf 89' lang='grc' dir='ltr'>λυτ-</span> 
     </span>
    </p>
   </div>
   <div class='ocr_carea' id='block_1_61' title="bbox 2157 3127 3745 3201">
    <p class='ocr_par' dir='ltr' id='par_1_61' title="bbox 2157 3127 3745 3201">
     <span class='ocr_line' id='line_1_61' title="bbox 2157 3127 3745 3201; baseline 0 -19"><span class='ocrx_word' id='word_1_459' title='bbox 2157 3129 2378 3192; x_wconf 84' lang='grc' dir='ltr'>τῶντες,</span> <span class='ocrx_word' id='word_1_460' title='bbox 2415 3129 2508 3182; x_wconf 74' lang='grc' dir='ltr'><strong>καὶ</strong></span> <span class='ocrx_word' id='word_1_461' title='bbox 2549 3128 2618 3182; x_wconf 81' lang='grc' dir='ltr'>τὰ</span> <span class='ocrx_word' id='word_1_462' title='bbox 2647 3127 3046 3198; x_wconf 79' lang='grc' dir='ltr'>διαϐεϐλημένα</span> <span class='ocrx_word' id='word_1_463' title='bbox 3085 3133 3198 3192; x_wconf 85' lang='grc' dir='ltr'>τοῖς</span> <span class='ocrx_word' id='word_1_464' title='bbox 3243 3133 3444 3200; x_wconf 79' lang='grc' dir='ltr'>τιμίοις</span> <span class='ocrx_word' id='word_1_465' title='bbox 3491 3147 3745 3201; x_wconf 85' lang='grc' dir='ltr'>παραμε-</span> 
     </span>
    </p>
   </div>
   <div class='ocr_carea' id='block_1_62' title="bbox 2159 3219 3740 3294">
    <p class='ocr_par' dir='ltr' id='par_1_62' title="bbox 2159 3219 3740 3294">
     <span class='ocr_line' id='line_1_62' title="bbox 2159 3219 3740 3294; baseline 0.001 -21"><span class='ocrx_word' id='word_1_466' title='bbox 2159 3219 2434 3291; x_wconf 88' lang='grc' dir='ltr'>τροῦντες,</span> <span class='ocrx_word' id='word_1_467' title='bbox 2486 3221 2580 3274; x_wconf 74' lang='grc' dir='ltr'><strong>καὶ</strong></span> <span class='ocrx_word' id='word_1_468' title='bbox 2633 3224 2745 3284; x_wconf 84' lang='grc' dir='ltr'>τοῖς</span> <span class='ocrx_word' id='word_1_469' title='bbox 2806 3220 3012 3282; x_wconf 82' lang='grc' dir='ltr'>ὑλικοῐς</span> <span class='ocrx_word' id='word_1_470' title='bbox 3048 3221 3455 3294; x_wconf 77' lang='grc' dir='ltr'>ὑποκαθήμενοι</span> <span class='ocrx_word' id='word_1_471' title='bbox 3492 3223 3740 3286; x_wconf 82' lang='grc' dir='ltr'>πάθεσιν,</span> 
     </span>
    </p>
   </div>
   <div class='ocr_carea' id='block_1_63' title="bbox 2161 3308 3748 3380">
    <p class='ocr_par' dir='ltr' id='par_1_63' title="bbox 2161 3308 3748 3380">
     <span class='ocr_line' id='line_1_63' title="bbox 2161 3308 3748 3380; baseline 0.001 -19"><span class='ocrx_word' id='word_1_472' title='bbox 2161 3311 2254 3362; x_wconf 67' lang='grc' dir='ltr'><strong>καὶ</strong></span> <span class='ocrx_word' id='word_1_473' title='bbox 2277 3309 2479 3362; x_wconf 76' lang='grc' dir='ltr'>ὡσανεὶ</span> <span class='ocrx_word' id='word_1_474' title='bbox 2509 3308 2754 3380; x_wconf 70' lang='grc' dir='ltr'>βορϐόρῳ</span> <span class='ocrx_word' id='word_1_475' title='bbox 2786 3313 2904 3372; x_wconf 83' lang='grc' dir='ltr'>ταῖς</span> <span class='ocrx_word' id='word_1_476' title='bbox 2935 3311 3188 3380; x_wconf 78' lang='grc' dir='ltr'>αἰσχραῖς</span> <span class='ocrx_word' id='word_1_477' title='bbox 3217 3311 3302 3363; x_wconf 82' lang='grc' dir='ltr'>ἀεὶ</span> <span class='ocrx_word' id='word_1_478' title='bbox 3331 3310 3748 3380; x_wconf 81' lang='grc' dir='ltr'>ὲγκυλινδούμε-</span> 
     </span>
    </p>
   </div>
   <div class='ocr_carea' id='block_1_64' title="bbox 485 3382 2054 3472">
    <p class='ocr_par' dir='ltr' id='par_1_64' title="bbox 485 3401 2054 3472">
     <span class='ocr_line' id='line_1_64' title="bbox 485 3401 2054 3472; baseline 0.002 -18"><span class='ocrx_word' id='word_1_479' title='bbox 485 3402 628 3454; x_wconf 89' lang='lat' dir='ltr'><strong>niam</strong></span> <span class='ocrx_word' id='word_1_480' title='bbox 665 3416 786 3455; x_wconf 88' lang='lat' dir='ltr'><strong>cum</strong></span> <span class='ocrx_word' id='word_1_481' title='bbox 817 3401 870 3454; x_wconf 93' lang='lat' dir='ltr'><strong>in</strong></span> <span class='ocrx_word' id='word_1_482' title='bbox 911 3401 1383 3468; x_wconf 88' lang='lat' dir='ltr'><strong>intemperantiam</strong></span> <span class='ocrx_word' id='word_1_483' title='bbox 1427 3401 1538 3471; x_wconf 85' lang='lat'><strong>(50)</strong></span> <span class='ocrx_word' id='word_1_484' title='bbox 1578 3403 1764 3456; x_wconf 84' lang='lat' dir='ltr'><strong>rabide</strong></span> <span class='ocrx_word' id='word_1_485' title='bbox 1795 3403 2054 3472; x_wconf 82' lang='lat' dir='ltr'><strong>ferantur,</strong></span> 
     </span>
    </p>
   </div>
   <div class='ocr_carea' id='block_1_65' title="bbox 2159 3382 3744 3472">
    <p class='ocr_par' dir='ltr' id='par_1_65' title="bbox 2161 3400 3744 3472">
     <span class='ocr_line' id='line_1_65' title="bbox 2161 3400 3744 3472; baseline 0.001 -20"><span class='ocrx_word' id='word_1_486' title='bbox 2161 3417 2241 3453; x_wconf 91' lang='grc' dir='ltr'><strong>νοι</strong></span> <span class='ocrx_word' id='word_1_487' title='bbox 2289 3401 2572 3470; x_wconf 79' lang='grc' dir='ltr'>πράξεσιν,</span> <span class='ocrx_word' id='word_1_488' title='bbox 2605 3401 2701 3452; x_wconf 81' lang='grc' dir='ltr'><strong>καὶ</strong></span> <span class='ocrx_word' id='word_1_489' title='bbox 2732 3400 2886 3452; x_wconf 69' lang='grc' dir='ltr'>αὐτοὶ</span> <span class='ocrx_word' id='word_1_490' title='bbox 2921 3400 3256 3472; x_wconf 82' lang='grc' dir='ltr'>παράλληλοί</span> <span class='ocrx_word' id='word_1_491' title='bbox 3291 3419 3408 3465; x_wconf 87' lang='grc' dir='ltr'><strong>πως</strong></span> <span class='ocrx_word' id='word_1_492' title='bbox 3437 3405 3550 3456; x_wconf 79' lang='grc' dir='ltr'>τοῖς</span> <span class='ocrx_word' id='word_1_493' title='bbox 3581 3403 3744 3472; x_wconf 69' lang='grc' dir='ltr'>ψυχι-</span> 
     </span>
    </p>
   </div>
   <div class='ocr_carea' id='block_1_66' title="bbox 485 3491 2055 3562">
    <p class='ocr_par' dir='ltr' id='par_1_66' title="bbox 485 3491 2055 3562">
     <span class='ocr_line' id='line_1_66' title="bbox 485 3491 2055 3562; baseline 0.001 -15"><span class='ocrx_word' id='word_1_494' title='bbox 485 3504 538 3547; x_wconf 86' lang='lat' dir='ltr'><strong>ct</strong></span> <span class='ocrx_word' id='word_1_495' title='bbox 575 3508 663 3560; x_wconf 88' lang='lat' dir='ltr'><strong>ea,</strong></span> <span class='ocrx_word' id='word_1_496' title='bbox 707 3506 828 3560; x_wconf 79' lang='lat' dir='ltr'><strong>qua:</strong></span> <span class='ocrx_word' id='word_1_497' title='bbox 879 3491 1231 3560; x_wconf 84' lang='lat' dir='ltr'><strong>vituperanda</strong></span> <span class='ocrx_word' id='word_1_498' title='bbox 1286 3503 1435 3559; x_wconf 87' lang='lat' dir='ltr'><strong>sunt,</strong></span> <span class='ocrx_word' id='word_1_499' title='bbox 1474 3509 1592 3547; x_wconf 90' lang='lat' dir='ltr'><strong>cum</strong></span> <span class='ocrx_word' id='word_1_500' title='bbox 1641 3493 1707 3548; x_wconf 89' lang='lat' dir='ltr'><strong>iis</strong></span> <span class='ocrx_word' id='word_1_501' title='bbox 1755 3495 2055 3562; x_wconf 82' lang='lat' dir='ltr'><strong>conferant,</strong></span> 
     </span>
    </p>
   </div>
   <div class='ocr_carea' id='block_1_67' title="bbox 486 3581 2058 3657">
    <p class='ocr_par' dir='ltr' id='par_1_67' title="bbox 486 3581 2058 3657">
     <span class='ocr_line' id='line_1_67' title="bbox 486 3581 2058 3657; baseline 0.003 -23"><span class='ocrx_word' id='word_1_502' title='bbox 486 3600 605 3654; x_wconf 71' lang='lat' dir='ltr'><strong>qnze</strong></span> <span class='ocrx_word' id='word_1_503' title='bbox 635 3585 687 3636; x_wconf 94' lang='lat' dir='ltr'><strong>in</strong></span> <span class='ocrx_word' id='word_1_504' title='bbox 715 3584 885 3652; x_wconf 89' lang='lat' dir='ltr'><strong>pretio</strong></span> <span class='ocrx_word' id='word_1_505' title='bbox 916 3581 1101 3636; x_wconf 87' lang='lat' dir='ltr'><strong>haberi</strong></span> <span class='ocrx_word' id='word_1_506' title='bbox 1131 3581 1347 3649; x_wconf 87' lang='lat' dir='ltr'><strong>debent,</strong></span> <span class='ocrx_word' id='word_1_507' title='bbox 1377 3591 1430 3636; x_wconf 82' lang='lat' dir='ltr'><strong>et</strong></span> <span class='ocrx_word' id='word_1_508' title='bbox 1470 3584 1842 3641; x_wconf 88' lang='lat' dir='ltr'><strong>materialibns</strong></span> <span class='ocrx_word' id='word_1_509' title='bbox 1887 3586 2058 3657; x_wconf 83' lang='lat' dir='ltr'><strong>subji-</strong></span> 
     </span>
    </p>
   </div>
   <div class='ocr_carea' id='block_1_68' title="bbox 483 3673 2059 3743">
    <p class='ocr_par' dir='ltr' id='par_1_68' title="bbox 483 3673 2059 3743">
     <span class='ocr_line' id='line_1_68' title="bbox 483 3673 2059 3743; baseline 0.001 -15"><span class='ocrx_word' id='word_1_510' title='bbox 483 3675 696 3728; x_wconf 88' lang='lat' dir='ltr'><strong>ciantur</strong></span> <span class='ocrx_word' id='word_1_511' title='bbox 723 3674 1081 3743; x_wconf 88' lang='lat' dir='ltr'><strong>passiouibus,</strong></span> <span class='ocrx_word' id='word_1_512' title='bbox 1116 3681 1169 3726; x_wconf 85' lang='lat' dir='ltr'><strong>et</strong></span> <span class='ocrx_word' id='word_1_513' title='bbox 1215 3673 1268 3726; x_wconf 91' lang='lat' dir='ltr'><strong>in</strong></span> <span class='ocrx_word' id='word_1_514' title='bbox 1317 3674 1564 3742; x_wconf 88' lang='lat' dir='ltr'><strong>turpibus</strong></span> <span class='ocrx_word' id='word_1_515' title='bbox 1597 3675 1920 3740; x_wconf 85' lang='lat' dir='ltr'><strong>actionibus,</strong></span> <span class='ocrx_word' id='word_1_516' title='bbox 1953 3677 2059 3732; x_wconf 83' lang='lat' dir='ltr'><strong>vel-</strong></span> 
     </span>
    </p>
   </div>
   <div class='ocr_carea' id='block_1_69' title="bbox 485 3766 2058 3836">
    <p class='ocr_par' dir='ltr' id='par_1_69' title="bbox 485 3766 2058 3836">
     <span class='ocr_line' id='line_1_69' title="bbox 485 3766 2058 3836; baseline 0 -15"><span class='ocrx_word' id='word_1_517' title='bbox 485 3769 558 3821; x_wconf 90' lang='lat' dir='ltr'><strong>uti</strong></span> <span class='ocrx_word' id='word_1_518' title='bbox 626 3767 678 3819; x_wconf 90' lang='lat' dir='ltr'><strong>in</strong></span> <span class='ocrx_word' id='word_1_519' title='bbox 723 3779 902 3830; x_wconf 69' lang='lat' dir='ltr'><strong>caeno,</strong></span> <span class='ocrx_word' id='word_1_520' title='bbox 953 3780 1170 3835; x_wconf 87' lang='lat' dir='ltr'><strong>semper</strong></span> <span class='ocrx_word' id='word_1_521' title='bbox 1218 3766 1547 3828; x_wconf 75' lang='lat' dir='ltr'><strong>volutentur,</strong></span> <span class='ocrx_word' id='word_1_522' title='bbox 1599 3766 1698 3836; x_wconf 90' lang='lat' dir='ltr'><strong>ipsi</strong></span> <span class='ocrx_word' id='word_1_523' title='bbox 1741 3767 1902 3821; x_wconf 88' lang='lat' dir='ltr'><strong>etiam</strong></span> <span class='ocrx_word' id='word_1_524' title='bbox 1938 3769 2058 3822; x_wconf 59' lang='lat' dir='ltr'><strong>aui.</strong></span> 
     </span>
    </p>
   </div>
   <div class='ocr_carea' id='block_1_70' title="bbox 489 3856 2056 3926">
    <p class='ocr_par' dir='ltr' id='par_1_70' title="bbox 489 3856 2056 3926">
     <span class='ocr_line' id='line_1_70' title="bbox 489 3856 2056 3926; baseline 0.003 -16"><span class='ocrx_word' id='word_1_525' title='bbox 489 3857 716 3910; x_wconf 83' lang='lat' dir='ltr'><strong>malibus</strong></span> <span class='ocrx_word' id='word_1_526' title='bbox 757 3856 1062 3911; x_wconf 86' lang='lat' dir='ltr'><strong>hominibus</strong></span> <span class='ocrx_word' id='word_1_527' title='bbox 1095 3871 1254 3926; x_wconf 90' lang='lat' dir='ltr'><strong>pares</strong></span> <span class='ocrx_word' id='word_1_528' title='bbox 1277 3857 1678 3923; x_wconf 79' lang='lat' dir='ltr'><strong>quodammodo</strong></span> <span class='ocrx_word' id='word_1_529' title='bbox 1706 3859 1842 3912; x_wconf 86' lang='lat' dir='ltr'><strong>tiunt</strong></span> <span class='ocrx_word' id='word_1_530' title='bbox 1869 3876 1882 3925; x_wconf 92' lang='lat'><strong>;</strong></span> <span class='ocrx_word' id='word_1_531' title='bbox 1933 3875 2056 3914; x_wconf 84' lang='lat' dir='ltr'><strong>nam</strong></span> 
     </span>
    </p>
   </div>
   <div class='ocr_carea' id='block_1_71' title="bbox 485 3947 2058 4018">
    <p class='ocr_par' dir='ltr' id='par_1_71' title="bbox 485 3947 2058 4018">
     <span class='ocr_line' id='line_1_71' title="bbox 485 3947 2058 4018; baseline 0.001 -18"><span class='ocrx_word' id='word_1_532' title='bbox 485 3948 708 4018; x_wconf 87' lang='lat' dir='ltr'><strong>perinde</strong></span> <span class='ocrx_word' id='word_1_533' title='bbox 749 3947 903 4017; x_wconf 86' lang='lat' dir='ltr'><strong>quasi</strong></span> <span class='ocrx_word' id='word_1_534' title='bbox 939 3947 992 4000; x_wconf 92' lang='lat' dir='ltr'><strong>iu</strong></span> <span class='ocrx_word' id='word_1_535' title='bbox 1039 3949 1286 4016; x_wconf 87' lang='lat' dir='ltr'><strong>utrisque</strong></span> <span class='ocrx_word' id='word_1_536' title='bbox 1319 3949 1514 4002; x_wconf 69' lang='lat' dir='ltr'><strong>anima:</strong></span> <span class='ocrx_word' id='word_1_537' title='bbox 1565 3951 1898 4018; x_wconf 85' lang='lat' dir='ltr'><strong>perspicacia</strong></span> <span class='ocrx_word' id='word_1_538' title='bbox 1947 3949 2058 4017; x_wconf 83' lang='lat' dir='ltr'><strong>(5i)</strong></span> 
     </span>
    </p>
   </div>
   <div class='ocr_carea' id='block_1_72' title="bbox 485 4039 2057 4110">
    <p class='ocr_par' dir='ltr' id='par_1_72' title="bbox 485 4039 2057 4110">
     <span class='ocr_line' id='line_1_72' title="bbox 485 4039 2057 4110; baseline 0.003 -20"><span class='ocrx_word' id='word_1_539' title='bbox 485 4039 717 4110; x_wconf 84' lang='lat' dir='ltr'><strong>quadam</strong></span> <span class='ocrx_word' id='word_1_540' title='bbox 747 4041 1066 4110; x_wconf 85' lang='lat' dir='ltr'><strong>lippitudine</strong></span> <span class='ocrx_word' id='word_1_541' title='bbox 1109 4041 1367 4110; x_wconf 60' lang='lat' dir='ltr'><strong>impedita</strong></span> <span class='ocrx_word' id='word_1_542' title='bbox 1425 4057 1488 4094; x_wconf 89' lang='lat' dir='ltr'><strong>ac</strong></span> <span class='ocrx_word' id='word_1_543' title='bbox 1519 4042 1691 4094; x_wconf 78' lang='lat' dir='ltr'><strong>velata</strong></span> <span class='ocrx_word' id='word_1_544' title='bbox 1742 4042 1835 4106; x_wconf 91' lang='lat' dir='ltr'><strong>sit,</strong></span> <span class='ocrx_word' id='word_1_545' title='bbox 1883 4043 2057 4096; x_wconf 90' lang='lat' dir='ltr'><strong>neutri</strong></span> 
     </span>
    </p>
   </div>
   <div class='ocr_carea' id='block_1_73' title="bbox 488 4129 2060 4200">
    <p class='ocr_par' dir='ltr' id='par_1_73' title="bbox 488 4129 2060 4200">
     <span class='ocr_line' id='line_1_73' title="bbox 488 4129 2060 4200; baseline 0.003 -18"><span class='ocrx_word' id='word_1_546' title='bbox 488 4129 777 4183; x_wconf 90' lang='lat' dir='ltr'><strong>illuminari</strong></span> <span class='ocrx_word' id='word_1_547' title='bbox 823 4139 1050 4200; x_wconf 83' lang='lat' dir='ltr'><strong>possunt</strong></span> <span class='ocrx_word' id='word_1_548' title='bbox 1100 4146 1126 4182; x_wconf 90' lang='lat' dir='ltr'><strong>a</strong></span> <span class='ocrx_word' id='word_1_549' title='bbox 1168 4145 1385 4198; x_wconf 84' lang='lat' dir='ltr'><strong>semper</strong></span> <span class='ocrx_word' id='word_1_550' title='bbox 1422 4131 1538 4183; x_wconf 82' lang='lat' dir='ltr'><strong>viva</strong></span> <span class='ocrx_word' id='word_1_551' title='bbox 1612 4139 1665 4184; x_wconf 90' lang='lat' dir='ltr'><strong>et</strong></span> <span class='ocrx_word' id='word_1_552' title='bbox 1704 4144 1893 4184; x_wconf 88' lang='lat' dir='ltr'><strong>serena</strong></span> <span class='ocrx_word' id='word_1_553' title='bbox 1943 4131 2060 4186; x_wconf 80' lang='lat' dir='ltr'><strong>lare</strong></span> 
     </span>
    </p>
   </div>
   <div class='ocr_carea' id='block_1_74' title="bbox 483 4219 2057 4289">
    <p class='ocr_par' dir='ltr' id='par_1_74' title="bbox 483 4219 2057 4289">
     <span class='ocr_line' id='line_1_74' title="bbox 483 4219 2057 4289; baseline 0.001 -17"><span class='ocrx_word' id='word_1_554' title='bbox 483 4220 720 4288; x_wconf 78' lang='lat' dir='ltr'><strong>Spiritus</strong></span> <span class='ocrx_word' id='word_1_555' title='bbox 751 4222 942 4283; x_wconf 80' lang='lat' dir='ltr'><strong>sancti,</strong></span> <span class='ocrx_word' id='word_1_556' title='bbox 973 4221 1066 4275; x_wconf 88' lang='lat' dir='ltr'><strong>sed</strong></span> <span class='ocrx_word' id='word_1_557' title='bbox 1094 4219 1420 4274; x_wconf 81' lang='lat' dir='ltr'><strong>decrescunt</strong></span> <span class='ocrx_word' id='word_1_558' title='bbox 1452 4221 1506 4273; x_wconf 92' lang='lat' dir='ltr'><strong>in</strong></span> <span class='ocrx_word' id='word_1_559' title='bbox 1541 4220 1654 4274; x_wconf 86' lang='lat' dir='ltr'><strong>dies</strong></span> <span class='ocrx_word' id='word_1_560' title='bbox 1683 4237 1746 4274; x_wconf 85' lang='lat' dir='ltr'><strong>at:</strong></span> <span class='ocrx_word' id='word_1_561' title='bbox 1777 4223 2057 4289; x_wconf 74' lang='lat' dir='ltr'><strong>prolabuw</strong></span> 
     </span>
    </p>
   </div>
   <div class='ocr_carea' id='block_1_75' title="bbox 490 4312 2060 4381">
    <p class='ocr_par' dir='ltr' id='par_1_75' title="bbox 490 4312 2060 4381">
     <span class='ocr_line' id='line_1_75' title="bbox 490 4312 2060 4381; baseline 0.002 -17"><span class='ocrx_word' id='word_1_562' title='bbox 490 4323 598 4378; x_wconf 83' lang='lat' dir='ltr'><strong>tur,</strong></span> <span class='ocrx_word' id='word_1_563' title='bbox 629 4329 692 4366; x_wconf 88' lang='lat' dir='ltr'><strong>ac</strong></span> <span class='ocrx_word' id='word_1_564' title='bbox 719 4313 884 4366; x_wconf 75' lang='lat' dir='ltr'><strong>Veluti</strong></span> <span class='ocrx_word' id='word_1_565' title='bbox 919 4322 1250 4381; x_wconf 79' lang='lat' dir='ltr'><strong>unguentum</strong></span> <span class='ocrx_word' id='word_1_566' title='bbox 1289 4312 1400 4366; x_wconf 91' lang='lat' dir='ltr'><strong>luto</strong></span> <span class='ocrx_word' id='word_1_567' title='bbox 1430 4313 1776 4366; x_wconf 88' lang='lat' dir='ltr'><strong>commistum</strong></span> <span class='ocrx_word' id='word_1_568' title='bbox 1839 4315 2060 4368; x_wconf 88' lang='lat' dir='ltr'><strong>omnino</strong></span> 
     </span>
    </p>
   </div>
   <div class='ocr_carea' id='block_1_76' title="bbox 485 4403 2060 4474">
    <p class='ocr_par' dir='ltr' id='par_1_76' title="bbox 485 4403 2060 4474">
     <span class='ocr_line' id='line_1_76' title="bbox 485 4403 2060 4474; baseline 0.005 -20"><span class='ocrx_word' id='word_1_569' title='bbox 485 4415 713 4472; x_wconf 78' lang='lat' dir='ltr'><strong>pereunt</strong></span> <span class='ocrx_word' id='word_1_570' title='bbox 741 4423 754 4459; x_wconf 89' lang='lat'><strong>:</strong></span> <span class='ocrx_word' id='word_1_571' title='bbox 787 4419 854 4458; x_wconf 90' lang='lat' dir='ltr'><strong>ne</strong></span> <span class='ocrx_word' id='word_1_572' title='bbox 893 4405 1025 4458; x_wconf 88' lang='lat' dir='ltr'><strong>illttd</strong></span> <span class='ocrx_word' id='word_1_573' title='bbox 1059 4405 1274 4474; x_wconf 90' lang='lat' dir='ltr'><strong>quidem</strong></span> <span class='ocrx_word' id='word_1_574' title='bbox 1323 4403 1554 4458; x_wconf 81' lang='lat' dir='ltr'><strong>fortasse</strong></span> <span class='ocrx_word' id='word_1_575' title='bbox 1587 4403 1970 4474; x_wconf 81' lang='lat' dir='ltr'><strong>intelligentes,</strong></span> <span class='ocrx_word' id='word_1_576' title='bbox 2001 4423 2060 4462; x_wconf 89' lang='lat' dir='ltr'><strong>se</strong></span> 
     </span>
    </p>
   </div>
   <div class='ocr_carea' id='block_1_77' title="bbox 485 4495 2056 4563">
    <p class='ocr_par' dir='ltr' id='par_1_77' title="bbox 485 4495 2056 4563">
     <span class='ocr_line' id='line_1_77' title="bbox 485 4495 2056 4563; baseline 0.003 -15"><span class='ocrx_word' id='word_1_577' title='bbox 485 4497 577 4548; x_wconf 86' lang='lat' dir='ltr'><strong>illo</strong></span> <span class='ocrx_word' id='word_1_578' title='bbox 606 4498 743 4548; x_wconf 89' lang='lat' dir='ltr'><strong>bono</strong></span> <span class='ocrx_word' id='word_1_579' title='bbox 774 4495 994 4562; x_wconf 87' lang='lat' dir='ltr'><strong>privari,</strong></span> <span class='ocrx_word' id='word_1_580' title='bbox 1026 4497 1168 4563; x_wconf 86' lang='lat' dir='ltr'><strong>quod</strong></span> <span class='ocrx_word' id='word_1_581' title='bbox 1200 4511 1363 4548; x_wconf 89' lang='lat' dir='ltr'><strong>unum</strong></span> <span class='ocrx_word' id='word_1_582' title='bbox 1411 4511 1476 4548; x_wconf 87' lang='lat' dir='ltr'><strong>ac</strong></span> <span class='ocrx_word' id='word_1_583' title='bbox 1511 4495 1683 4548; x_wconf 84' lang='lat' dir='ltr'><strong>soluat</strong></span> <span class='ocrx_word' id='word_1_584' title='bbox 1723 4497 1920 4550; x_wconf 80' lang='lat' dir='ltr'><strong>bonum</strong></span> <span class='ocrx_word' id='word_1_585' title='bbox 1957 4508 2056 4552; x_wconf 89' lang='lat' dir='ltr'><strong>est.</strong></span> 
     </span>
    </p>
   </div>
   <div class='ocr_carea' id='block_1_78' title="bbox 483 4586 2060 4654">
    <p class='ocr_par' dir='ltr' id='par_1_78' title="bbox 483 4586 2060 4654">
     <span class='ocr_line' id='line_1_78' title="bbox 483 4586 2060 4654; baseline 0.003 -16"><span class='ocrx_word' id='word_1_586' title='bbox 483 4589 756 4654; x_wconf 77' lang='lat' dir='ltr'><strong>Quantum</strong></span> <span class='ocrx_word' id='word_1_587' title='bbox 803 4586 945 4638; x_wconf 88' lang='lat' dir='ltr'><strong>enim</strong></span> <span class='ocrx_word' id='word_1_588' title='bbox 991 4587 1062 4640; x_wconf 78' lang='lat' dir='ltr'><strong>sit</strong></span> <span class='ocrx_word' id='word_1_589' title='bbox 1095 4587 1367 4650; x_wconf 83' lang='lat' dir='ltr'><strong>damnum,</strong></span> <span class='ocrx_word' id='word_1_590' title='bbox 1407 4587 1550 4654; x_wconf 90' lang='lat' dir='ltr'><strong>quod</strong></span> <span class='ocrx_word' id='word_1_591' title='bbox 1591 4587 1714 4641; x_wconf 89' lang='lat' dir='ltr'><strong>inde</strong></span> <span class='ocrx_word' id='word_1_592' title='bbox 1745 4590 1939 4654; x_wconf 89' lang='lat' dir='ltr'><strong>oritur,</strong></span> <span class='ocrx_word' id='word_1_593' title='bbox 1969 4600 2060 4643; x_wconf 86' lang='lat' dir='ltr'><strong>aut</strong></span> 
     </span>
    </p>
   </div>
   <div class='ocr_carea' id='block_1_79' title="bbox 486 4676 2060 4748">
    <p class='ocr_par' dir='ltr' id='par_1_79' title="bbox 486 4676 2060 4748">
     <span class='ocr_line' id='line_1_79' title="bbox 486 4676 2060 4748; baseline 0.002 -20"><span class='ocrx_word' id='word_1_594' title='bbox 486 4679 664 4747; x_wconf 77' lang='lat' dir='ltr'><strong>potius</strong></span> <span class='ocrx_word' id='word_1_595' title='bbox 695 4676 1003 4730; x_wconf 82' lang='lat' dir='ltr'><strong>ontnimoda</strong></span> <span class='ocrx_word' id='word_1_596' title='bbox 1050 4677 1300 4747; x_wconf 85' lang='lat' dir='ltr'><strong>perditio,</strong></span> <span class='ocrx_word' id='word_1_597' title='bbox 1335 4693 1491 4732; x_wconf 89' lang='lat' dir='ltr'><strong>nemo</strong></span> <span class='ocrx_word' id='word_1_598' title='bbox 1537 4678 1722 4732; x_wconf 82' lang='lat' dir='ltr'><strong>verbis</strong></span> <span class='ocrx_word' id='word_1_599' title='bbox 1755 4679 2060 4748; x_wconf 80' lang='lat' dir='ltr'><strong>exprimere</strong></span> 
     </span>
    </p>
   </div>
   <div class='ocr_carea' id='block_1_80' title="bbox 488 4767 2062 4838">
    <p class='ocr_par' dir='ltr' id='par_1_80' title="bbox 488 4767 2062 4838">
     <span class='ocr_line' id='line_1_80' title="bbox 488 4767 2062 4838; baseline 0.003 -18"><span class='ocrx_word' id='word_1_600' title='bbox 488 4777 699 4838; x_wconf 76' lang='lat' dir='ltr'><strong>potest,</strong></span> <span class='ocrx_word' id='word_1_601' title='bbox 753 4767 854 4821; x_wconf 87' lang='lat' dir='ltr'><strong>etsi</strong></span> <span class='ocrx_word' id='word_1_602' title='bbox 891 4769 1041 4822; x_wconf 87' lang='lat' dir='ltr'><strong>omni</strong></span> <span class='ocrx_word' id='word_1_603' title='bbox 1097 4768 1291 4822; x_wconf 86' lang='lat' dir='ltr'><strong>mentis</strong></span> <span class='ocrx_word' id='word_1_604' title='bbox 1317 4779 1514 4822; x_wconf 89' lang='lat' dir='ltr'><strong>conatu</strong></span> <span class='ocrx_word' id='word_1_605' title='bbox 1557 4777 1742 4821; x_wconf 87' lang='lat' dir='ltr'><strong>utatur</strong></span> <span class='ocrx_word' id='word_1_606' title='bbox 1805 4784 1868 4823; x_wconf 86' lang='lat' dir='ltr'><strong>ac</strong></span> <span class='ocrx_word' id='word_1_607' title='bbox 1908 4770 2062 4824; x_wconf 71' lang='lat' dir='ltr'><strong>vehe-</strong></span> 
     </span>
    </p>
   </div>
   <div class='ocr_carea' id='block_1_81' title="bbox 488 4859 2061 4930">
    <p class='ocr_par' dir='ltr' id='par_1_81' title="bbox 488 4859 2061 4930">
     <span class='ocr_line' id='line_1_81' title="bbox 488 4859 2061 4930; baseline -0.002 -16"><span class='ocrx_word' id='word_1_608' title='bbox 488 4862 710 4915; x_wconf 83' lang='lat' dir='ltr'><strong>mentia.</strong></span> <span class='ocrx_word' id='word_1_609' title='bbox 761 4860 832 4914; x_wconf 89' lang='lat' dir='ltr'><strong>De</strong></span> <span class='ocrx_word' id='word_1_610' title='bbox 857 4861 941 4914; x_wconf 93' lang='lat' dir='ltr'><strong>his</strong></span> <span class='ocrx_word' id='word_1_611' title='bbox 981 4875 1146 4930; x_wconf 89' lang='lat' dir='ltr'><strong>porro</strong></span> <span class='ocrx_word' id='word_1_612' title='bbox 1176 4860 1340 4912; x_wconf 87' lang='lat' dir='ltr'><strong>etiam</strong></span> <span class='ocrx_word' id='word_1_613' title='bbox 1383 4861 1462 4914; x_wconf 91' lang='lat' dir='ltr'><strong>sic</strong></span> <span class='ocrx_word' id='word_1_614' title='bbox 1498 4861 1793 4929; x_wconf 90' lang='lat' dir='ltr'><strong>loquuntur</strong></span> <span class='ocrx_word' id='word_1_615' title='bbox 1819 4859 2061 4930; x_wconf 80' lang='lat' dir='ltr'><strong>Scriptu-</strong></span> 
     </span>
    </p>
   </div>
   <div class='ocr_carea' id='block_1_82' title="bbox 489 4949 2058 5022">
    <p class='ocr_par' dir='ltr' id='par_1_82' title="bbox 489 4949 2058 5022">
     <span class='ocr_line' id='line_1_82' title="bbox 489 4949 2058 5022; baseline -0.001 -14"><span class='ocrx_word' id='word_1_616' title='bbox 489 4968 583 5008; x_wconf 72' lang='lat' dir='ltr'><strong>ne.</strong></span> <span class='ocrx_word' id='word_1_617' title='bbox 621 4954 758 5008; x_wconf 82' lang='lat' dir='ltr'><strong>Deus</strong></span> <span class='ocrx_word' id='word_1_618' title='bbox 792 4952 1012 5022; x_wconf 82' lang='lat' dir='ltr'><strong>quidem</strong></span> <span class='ocrx_word' id='word_1_619' title='bbox 1052 4952 1103 5006; x_wconf 92' lang='lat' dir='ltr'><strong>in</strong></span> <span class='ocrx_word' id='word_1_620' title='bbox 1129 4951 1324 5008; x_wconf 87' lang='lat' dir='ltr'><strong>Genesi</strong></span> <span class='ocrx_word' id='word_1_621' title='bbox 1355 4952 1468 5006; x_wconf 87' lang='lat' dir='ltr'><strong>ait:</strong></span> <span class='ocrx_word' id='word_1_622' title='bbox 1503 4969 1522 5003; x_wconf 78' lang='grc' dir='ltr'><strong>ι</strong></span> <span class='ocrx_word' id='word_1_623' title='bbox 1551 4949 1900 5022; x_wconf 76' lang='lat' dir='ltr'><strong>Nequaquam</strong></span> <span class='ocrx_word' id='word_1_624' title='bbox 1947 4953 2058 5022; x_wconf 73' lang='lat'><strong>(52)</strong></span> 
     </span>
    </p>
   </div>
   <div class='ocr_carea' id='block_1_83' title="bbox 557 5150 1885 5226">
    <p class='ocr_par' dir='ltr' id='par_1_83' title="bbox 557 5150 1885 5226">
     <span class='ocr_line' id='line_1_83' title="bbox 557 5150 1885 5226; baseline 0 -18"><span class='ocrx_word' id='word_1_625' title='bbox 557 5152 668 5222; x_wconf 75' lang='grc'>(45)</span> <span class='ocrx_word' id='word_1_626' title='bbox 711 5150 831 5226; x_wconf 52' lang='lat' dir='ltr'><strong>Non</strong></span> <span class='ocrx_word' id='word_1_627' title='bbox 852 5150 1185 5226; x_wconf 51' lang='grc' dir='ltr'>δείξω-Πρω.</span> <span class='ocrx_word' id='word_1_628' title='bbox 1222 5165 1338 5226; x_wconf 75' lang='lat' dir='ltr'><strong>vni,</strong></span> <span class='ocrx_word' id='word_1_629' title='bbox 1369 5150 1423 5226; x_wconf 56' lang='grc' dir='ltr'>ρ.</span> <span class='ocrx_word' id='word_1_630' title='bbox 1585 5220 1597 5226; x_wconf 85' lang='lat'><strong>_</strong></span> <span class='ocrx_word' id='word_1_631' title='bbox 1619 5217 1640 5226; x_wconf 81' lang='lat'>_</span> <span class='ocrx_word' id='word_1_632' title='bbox 1673 5219 1686 5226; x_wconf 87' lang='lat'>_</span> <span class='ocrx_word' id='word_1_633' title='bbox 1752 5215 1778 5226; x_wconf 84' lang='lat'><strong>__</strong></span> <span class='ocrx_word' id='word_1_634' title='bbox 1875 5215 1885 5226; x_wconf 51' lang='grc'><em>,</em></span> 
     </span>
    </p>
   </div>
   <div class='ocr_carea' id='block_1_84' title="bbox 560 5215 2057 5295">
    <p class='ocr_par' dir='ltr' id='par_1_84' title="bbox 560 5215 2057 5295">
     <span class='ocr_line' id='line_1_84' title="bbox 560 5215 2057 5295; baseline -0.008 -17"><span class='ocrx_word' id='word_1_635' title='bbox 560 5215 670 5295; x_wconf 65' lang='grc'>(44)</span> <span class='ocrx_word' id='word_1_636' title='bbox 719 5222 951 5295; x_wconf 59' lang='lat' dir='ltr'><strong>Fratres.</strong></span> <span class='ocrx_word' id='word_1_637' title='bbox 987 5221 1160 5275; x_wconf 83' lang='lat' dir='ltr'><strong>Galat.</strong></span> <span class='ocrx_word' id='word_1_638' title='bbox 1187 5237 1261 5295; x_wconf 58' lang='grc' dir='ltr'><strong>νι,</strong></span> <span class='ocrx_word' id='word_1_639' title='bbox 1293 5223 1343 5274; x_wconf 78' lang='grc'>1.</span> <span class='ocrx_word' id='word_1_640' title='bbox 1382 5219 1554 5295; x_wconf 69' lang='lat' dir='ltr'><strong>Voees</strong></span> <span class='ocrx_word' id='word_1_641' title='bbox 1581 5217 1642 5282; x_wconf 80' lang='grc' dir='ltr'>ἐξ</span> <span class='ocrx_word' id='word_1_642' title='bbox 1665 5215 1842 5288; x_wconf 79' lang='grc' dir='ltr'>ὑμῶν,</span> <span class='ocrx_word' id='word_1_643' title='bbox 1873 5215 1924 5269; x_wconf 91' lang='lat' dir='ltr'><strong>id</strong></span> <span class='ocrx_word' id='word_1_644' title='bbox 1955 5225 2057 5280; x_wconf 82' lang='lat' dir='ltr'><strong>est,</strong></span> 
     </span>
    </p>
   </div>
   <div class='ocr_carea' id='block_1_85' title="bbox 493 5290 1658 5355">
    <p class='ocr_par' dir='ltr' id='par_1_85' title="bbox 493 5290 1658 5355">
     <span class='ocr_line' id='line_1_85' title="bbox 493 5290 1658 5355; baseline -0.004 -8"><span class='ocrx_word' id='word_1_645' title='bbox 493 5313 515 5347; x_wconf 74' lang='grc' dir='ltr'><strong>ι</strong></span> <span class='ocrx_word' id='word_1_646' title='bbox 552 5290 615 5350; x_wconf 76' lang='lat' dir='ltr'><strong>ex</strong></span> <span class='ocrx_word' id='word_1_647' title='bbox 641 5297 811 5355; x_wconf 75' lang='lat' dir='ltr'><strong>vobis,</strong></span> <span class='ocrx_word' id='word_1_648' title='bbox 842 5311 862 5344; x_wconf 74' lang='grc' dir='ltr'><strong>ι</strong></span> <span class='ocrx_word' id='word_1_649' title='bbox 890 5293 1082 5346; x_wconf 85' lang='lat' dir='ltr'><strong>desunt</strong></span> <span class='ocrx_word' id='word_1_650' title='bbox 1110 5309 1161 5344; x_wconf 89' lang='lat' dir='ltr'><strong>tu</strong></span> <span class='ocrx_word' id='word_1_651' title='bbox 1191 5290 1376 5346; x_wconf 68' lang='lat' dir='ltr'><strong>Grzrca</strong></span> <span class='ocrx_word' id='word_1_652' title='bbox 1407 5290 1658 5344; x_wconf 87' lang='lat' dir='ltr'><strong>editione.</strong></span> 
     </span>
    </p>
   </div>
   <div class='ocr_carea' id='block_1_86' title="bbox 560 5357 1787 5435">
    <p class='ocr_par' dir='ltr' id='par_1_86' title="bbox 560 5357 1787 5435">
     <span class='ocr_line' id='line_1_86' title="bbox 560 5357 1787 5435; baseline -0.006 -18"><span class='ocrx_word' id='word_1_653' title='bbox 560 5365 672 5435; x_wconf 65' lang='grc'>(45)</span> <span class='ocrx_word' id='word_1_654' title='bbox 699 5365 946 5435; x_wconf 61' lang='lat' dir='ltr'><strong>Spiritus.</strong></span> <span class='ocrx_word' id='word_1_655' title='bbox 983 5362 1190 5435; x_wconf 80' lang='lat' dir='ltr'><strong>Dan._v,</strong></span> <span class='ocrx_word' id='word_1_656' title='bbox 1220 5361 1288 5435; x_wconf 51' lang='lat'><strong>[5</strong></span> <span class='ocrx_word' id='word_1_657' title='bbox 1314 5368 1430 5435; x_wconf 80' lang='lat' dir='ltr'><strong>(seu</strong></span> <span class='ocrx_word' id='word_1_658' title='bbox 1477 5360 1561 5426; x_wconf 73' lang='lat'><strong>1‘2)</strong></span> <span class='ocrx_word' id='word_1_659' title='bbox 1587 5373 1708 5435; x_wconf 44' lang='grc' dir='ltr'>ᾗχι,</span> <span class='ocrx_word' id='word_1_660' title='bbox 1736 5357 1787 5410; x_wconf 83' lang='grc'>5.</span> 
     </span>
    </p>
   </div>
   <div class='ocr_carea' id='block_1_87' title="bbox 561 5429 1686 5502">
    <p class='ocr_par' dir='ltr' id='par_1_87' title="bbox 561 5429 1686 5502">
     <span class='ocr_line' id='line_1_87' title="bbox 561 5429 1686 5502; baseline -0.004 -15"><span class='ocrx_word' id='word_1_661' title='bbox 561 5429 672 5502; x_wconf 64' lang='grc'>(46)</span> <span class='ocrx_word' id='word_1_662' title='bbox 713 5429 1002 5488; x_wconf 71' lang='lat' dir='ltr'><strong>Animulas.</strong></span> <span class='ocrx_word' id='word_1_663' title='bbox 1042 5433 1209 5499; x_wconf 73' lang='lat' dir='ltr'><strong>Epist.</strong></span> <span class='ocrx_word' id='word_1_664' title='bbox 1242 5429 1569 5502; x_wconf 60' lang='lat' dir='ltr'><strong>Judzevel&#39;s.</strong></span> <span class='ocrx_word' id='word_1_665' title='bbox 1600 5429 1686 5502; x_wconf 76' lang='lat' dir='ltr'><strong>i9_.</strong></span> 
     </span>
    </p>
   </div>
   <div class='ocr_carea' id='block_1_88' title="bbox 561 5493 2058 5575">
    <p class='ocr_par' dir='ltr' id='par_1_88' title="bbox 561 5493 2058 5575">
     <span class='ocr_line' id='line_1_88' title="bbox 561 5493 2058 5575; baseline -0.007 -19"><span class='ocrx_word' id='word_1_666' title='bbox 561 5493 987 5575; x_wconf 51' lang='grc' dir='ltr'>(ΠλΑιιὲιιιαίιε.</span> <span class='ocrx_word' id='word_1_667' title='bbox 1021 5493 1194 5557; x_wconf 79' lang='lat' dir='ltr'><strong>lCor.</strong></span> <span class='ocrx_word' id='word_1_668' title='bbox 1239 5517 1300 5568; x_wconf 94' lang='grc' dir='ltr'><strong>ιι,</strong></span> <span class='ocrx_word' id='word_1_669' title='bbox 1358 5499 1423 5552; x_wconf 69' lang='grc'><strong>14</strong></span> <span class='ocrx_word' id='word_1_670' title='bbox 1457 5537 1473 5564; x_wconf 92' lang='grc'><strong>,</strong></span> <span class='ocrx_word' id='word_1_671' title='bbox 1507 5499 1596 5551; x_wconf 79' lang='grc'><strong>15.</strong></span> <span class='ocrx_word' id='word_1_672' title='bbox 1663 5495 1792 5550; x_wconf 81' lang='lat' dir='ltr'><strong>Vide</strong></span> <span class='ocrx_word' id='word_1_673' title='bbox 1833 5504 1946 5550; x_wconf 92' lang='lat' dir='ltr'><strong>not.</strong></span> <span class='ocrx_word' id='word_1_674' title='bbox 2005 5493 2058 5557; x_wconf 78' lang='grc'>1,</span> 
     </span>
    </p>
   </div>
   <div class='ocr_carea' id='block_1_89' title="bbox 487 5571 2056 5713">
    <p class='ocr_par' dir='ltr' id='par_1_89' title="bbox 487 5571 2056 5713">
     <span class='ocr_line' id='line_1_89' title="bbox 487 5571 2056 5713; baseline -0.01 -14"><span class='ocrx_word' id='word_1_675' title='bbox 487 5571 918 5713; x_wconf 39' lang='grc' dir='ltr'><strong>μῗίέἷξὸυιηεε.</strong></span> <span class='ocrx_word' id='word_1_676' title='bbox 959 5640 1144 5696; x_wconf 72' lang='lat' dir='ltr'><strong>Grmca</strong></span> <span class='ocrx_word' id='word_1_677' title='bbox 1171 5640 1336 5713; x_wconf 87' lang='lat' dir='ltr'><strong>editio</strong></span> <span class='ocrx_word' id='word_1_678' title='bbox 1377 5649 1432 5693; x_wconf 90' lang='lat' dir='ltr'><strong>et</strong></span> <span class='ocrx_word' id='word_1_679' title='bbox 1456 5635 1614 5706; x_wconf 75' lang='lat' dir='ltr'><strong>Vulg.</strong></span> <span class='ocrx_word' id='word_1_680' title='bbox 1644 5636 1912 5704; x_wconf 88' lang='lat' dir='ltr'><strong>interpres</strong></span> <span class='ocrx_word' id='word_1_681' title='bbox 1957 5632 2056 5686; x_wconf 80' lang='lat' dir='ltr'><strong>ha-</strong></span> 
     </span>
    </p>
   </div>
   <div class='ocr_carea' id='block_1_90' title="bbox 489 5711 1373 5775">
    <p class='ocr_par' dir='ltr' id='par_1_90' title="bbox 489 5711 1373 5775">
     <span class='ocr_line' id='line_1_90' title="bbox 489 5711 1373 5775; baseline -0.008 -7"><span class='ocrx_word' id='word_1_682' title='bbox 489 5711 620 5768; x_wconf 64' lang='lat' dir='ltr'><strong>bent.</strong></span> <span class='ocrx_word' id='word_1_683' title='bbox 642 5711 839 5775; x_wconf 85' lang='grc' dir='ltr'>πάντα,</span> <span class='ocrx_word' id='word_1_684' title='bbox 869 5711 920 5764; x_wconf 88' lang='lat' dir='ltr'><strong>id</strong></span> <span class='ocrx_word' id='word_1_685' title='bbox 947 5722 1028 5763; x_wconf 87' lang='lat' dir='ltr'><strong>est</strong></span> <span class='ocrx_word' id='word_1_686' title='bbox 1057 5729 1074 5760; x_wconf 77' lang='grc' dir='ltr'><strong>ι</strong></span> <span class='ocrx_word' id='word_1_687' title='bbox 1114 5711 1314 5763; x_wconf 88' lang='lat' dir='ltr'><strong>omnia.</strong></span> <span class='ocrx_word' id='word_1_688' title='bbox 1351 5728 1373 5761; x_wconf 72' lang='grc' dir='ltr'><strong>ι</strong></span> 
     </span>
    </p>
   </div>
   <div class='ocr_carea' id='block_1_91' title="bbox 563 5773 1900 5860">
    <p class='ocr_par' dir='ltr' id='par_1_91' title="bbox 563 5773 1900 5860">
     <span class='ocr_line' id='line_1_91' title="bbox 563 5773 1900 5860; baseline -0.004 -29"><span class='ocrx_word' id='word_1_689' title='bbox 714 5779 771 5860; x_wconf 74' lang='lat' dir='ltr'><strong>_Si</strong></span> <span class='ocrx_word' id='word_1_690' title='bbox 793 5773 916 5860; x_wconf 63' lang='lat' dir='ltr'><strong>qua.</strong></span> <span class='ocrx_word' id='word_1_691' title='bbox 949 5779 1180 5860; x_wconf 74' lang='lat' dir='ltr'><strong>Philipp.</strong></span> <span class='ocrx_word' id='word_1_692' title='bbox 1215 5794 1277 5844; x_wconf 81' lang='grc' dir='ltr'><strong>ιι,</strong></span> <span class='ocrx_word' id='word_1_693' title='bbox 1396 5777 1528 5860; x_wconf 58' lang='lat' dir='ltr'><strong>yide</strong></span> <span class='ocrx_word' id='word_1_694' title='bbox 1545 5789 1732 5860; x_wconf 49' lang='lat' dir='ltr'><strong>‘segtn.&#39;</strong></span> <span class='ocrx_word' id='word_1_695' title='bbox 1750 5773 1818 5826; x_wconf 85' lang='lat'><strong>78</strong></span> 
     </span>
    </p>
   </div>
   <div class='ocr_carea' id='block_1_92' title="bbox 560 5843 2062 5919">
    <p class='ocr_par' dir='ltr' id='par_1_92' title="bbox 560 5843 2062 5919">
     <span class='ocr_line' id='line_1_92' title="bbox 560 5843 2062 5919; baseline -0.005 -17"><span class='ocrx_word' id='word_1_696' title='bbox 560 5843 672 5919; x_wconf 79' lang='lat'><strong>(50)</strong></span> <span class='ocrx_word' id='word_1_697' title='bbox 712 5847 774 5901; x_wconf 85' lang='lat' dir='ltr'><strong>In</strong></span> <span class='ocrx_word' id='word_1_698' title='bbox 800 5843 1269 5919; x_wconf 54' lang='lat' dir='ltr'><strong>intemperantiam.</strong></span> <span class='ocrx_word' id='word_1_699' title='bbox 1298 5848 1500 5915; x_wconf 75' lang='lat' dir='ltr'><strong>Codex,</strong></span> <span class='ocrx_word' id='word_1_700' title='bbox 1533 5843 1822 5915; x_wconf 80' lang='grc' dir='ltr'>ἀκρασίαν.</span> <span class='ocrx_word' id='word_1_701' title='bbox 1854 5843 2062 5896; x_wconf 80' lang='lat' dir='ltr'><strong>Fortas-</strong></span> 
     </span>
    </p>
   </div>
   <div class='ocr_carea' id='block_1_93' title="bbox 489 5917 1354 5988">
    <p class='ocr_par' dir='ltr' id='par_1_93' title="bbox 489 5917 1354 5988">
     <span class='ocr_line' id='line_1_93' title="bbox 489 5917 1354 5988; baseline -0.005 -15"><span class='ocrx_word' id='word_1_702' title='bbox 489 5933 547 5973; x_wconf 82' lang='lat' dir='ltr'><strong>sr</strong></span> <span class='ocrx_word' id='word_1_703' title='bbox 575 5917 854 5988; x_wconf 62' lang='lat' dir='ltr'><strong>legendum</strong></span> <span class='ocrx_word' id='word_1_704' title='bbox 886 5917 1019 5986; x_wconf 72' lang='grc' dir='ltr'>πρὸς</span> <span class='ocrx_word' id='word_1_705' title='bbox 1069 5917 1354 5986; x_wconf 75' lang='grc' dir='ltr'>ἀκρασίαν.</span> 
     </span>
    </p>
   </div>
   <div class='ocr_carea' id='block_1_94' title="bbox 2159 3489 3744 3564">
    <p class='ocr_par' dir='ltr' id='par_1_94' title="bbox 2159 3489 3744 3564">
     <span class='ocr_line' id='line_1_94' title="bbox 2159 3489 3744 3564; baseline 0 -19"><span class='ocrx_word' id='word_1_706' title='bbox 2159 3495 2276 3554; x_wconf 84' lang='grc' dir='ltr'>κοῖς</span> <span class='ocrx_word' id='word_1_707' title='bbox 2311 3491 2662 3544; x_wconf 81' lang='grc' dir='ltr'>καθεστᾶσιν.</span> <span class='ocrx_word' id='word_1_708' title='bbox 2704 3491 2790 3552; x_wconf 83' lang='grc' dir='ltr'>Ὠς</span> <span class='ocrx_word' id='word_1_709' title='bbox 2817 3489 2926 3561; x_wconf 66' lang='grc' dir='ltr'><strong>γὰρ</strong></span> <span class='ocrx_word' id='word_1_710' title='bbox 2957 3491 3060 3543; x_wconf 81' lang='grc' dir='ltr'><strong>ὑπό</strong></span> <span class='ocrx_word' id='word_1_711' title='bbox 3089 3507 3231 3554; x_wconf 88' lang='grc' dir='ltr'>τινος</span> <span class='ocrx_word' id='word_1_712' title='bbox 3263 3492 3446 3562; x_wconf 79' lang='grc' dir='ltr'>λήμης</span> <span class='ocrx_word' id='word_1_713' title='bbox 3479 3493 3540 3544; x_wconf 80' lang='grc' dir='ltr'>τὸ</span> <span class='ocrx_word' id='word_1_714' title='bbox 3563 3493 3744 3564; x_wconf 88' lang='grc' dir='ltr'>διορα-</span> 
     </span>
    </p>
   </div>
   <div class='ocr_carea' id='block_1_95' title="bbox 2157 3580 3744 3654">
    <p class='ocr_par' dir='ltr' id='par_1_95' title="bbox 2157 3580 3744 3654">
     <span class='ocr_line' id='line_1_95' title="bbox 2157 3580 3744 3654; baseline 0.001 -18"><span class='ocrx_word' id='word_1_715' title='bbox 2157 3581 2306 3636; x_wconf 62' lang='grc' dir='ltr'>τηικδν</span> <span class='ocrx_word' id='word_1_716' title='bbox 2345 3584 2442 3652; x_wconf 67' lang='grc' dir='ltr'>τῆς</span> <span class='ocrx_word' id='word_1_717' title='bbox 2479 3581 2655 3650; x_wconf 65' lang='grc' dir='ltr'>ψυχῆς</span> <span class='ocrx_word' id='word_1_718' title='bbox 2688 3580 2854 3650; x_wconf 80' lang='grc' dir='ltr'><strong>ἄμφω</strong></span> <span class='ocrx_word' id='word_1_719' title='bbox 2891 3583 3332 3654; x_wconf 84' lang='grc' dir='ltr'>ἐπισκεπόμενοι,</span> <span class='ocrx_word' id='word_1_720' title='bbox 3388 3585 3451 3637; x_wconf 81' lang='grc' dir='ltr'><strong>οὐ</strong></span> <span class='ocrx_word' id='word_1_721' title='bbox 3493 3585 3744 3640; x_wconf 78' lang='grc' dir='ltr'>δύνανται</span> 
     </span>
    </p>
   </div>
   <div class='ocr_carea' id='block_1_96' title="bbox 2159 3674 3746 3746">
    <p class='ocr_par' dir='ltr' id='par_1_96' title="bbox 2159 3674 3746 3746">
     <span class='ocr_line' id='line_1_96' title="bbox 2159 3674 3746 3746; baseline 0 -18"><span class='ocrx_word' id='word_1_722' title='bbox 2159 3674 2612 3744; x_wconf 79' lang='grc' dir='ltr'>καταλάμπεσθαι</span> <span class='ocrx_word' id='word_1_723' title='bbox 2642 3674 2745 3726; x_wconf 78' lang='grc' dir='ltr'><strong>ὑπὸ</strong></span> <span class='ocrx_word' id='word_1_724' title='bbox 2787 3674 2881 3726; x_wconf 87' lang='grc' dir='ltr'><strong>τοῦ</strong></span> <span class='ocrx_word' id='word_1_725' title='bbox 2918 3675 3146 3739; x_wconf 76' lang='grc' dir='ltr'>ἀειζώου</span> <span class='ocrx_word' id='word_1_726' title='bbox 3185 3677 3280 3729; x_wconf 80' lang='grc' dir='ltr'><strong>καὶ</strong></span> <span class='ocrx_word' id='word_1_727' title='bbox 3324 3676 3524 3730; x_wconf 84' lang='grc' dir='ltr'>ἀπόνου</span> <span class='ocrx_word' id='word_1_728' title='bbox 3572 3678 3746 3746; x_wconf 78' lang='grc' dir='ltr'>φωτὸς</span> 
     </span>
    </p>
   </div>
   <div class='ocr_carea' id='block_1_97' title="bbox 2159 3765 3738 3836">
    <p class='ocr_par' dir='ltr' id='par_1_97' title="bbox 2159 3765 3738 3836">
     <span class='ocr_line' id='line_1_97' title="bbox 2159 3765 3738 3836; baseline 0.001 -18"><span class='ocrx_word' id='word_1_729' title='bbox 2159 3765 2250 3818; x_wconf 81' lang='grc' dir='ltr'><strong>τοῦ</strong></span> <span class='ocrx_word' id='word_1_730' title='bbox 2283 3765 2436 3832; x_wconf 77' lang='grc' dir='ltr'>ἁγίου</span> <span class='ocrx_word' id='word_1_731' title='bbox 2493 3765 2806 3835; x_wconf 83' lang='grc' dir='ltr'>Πνεῦματος</span> <span class='ocrx_word' id='word_1_732' title='bbox 2827 3783 2843 3798; x_wconf 77' lang='grc' dir='ltr'><strong><em>ο</em></strong></span> <span class='ocrx_word' id='word_1_733' title='bbox 2887 3766 3000 3820; x_wconf 78' lang='grc' dir='ltr'>ἀλλ’</span> <span class='ocrx_word' id='word_1_734' title='bbox 3033 3769 3090 3818; x_wconf 80' lang='grc' dir='ltr'>ἐν</span> <span class='ocrx_word' id='word_1_735' title='bbox 3130 3767 3445 3821; x_wconf 82' lang='grc' dir='ltr'>άποπτὼσει</span> <span class='ocrx_word' id='word_1_736' title='bbox 3479 3769 3738 3836; x_wconf 82' lang='grc' dir='ltr'>γίνονται,</span> 
     </span>
    </p>
   </div>
   <div class='ocr_carea' id='block_1_98' title="bbox 2161 3857 3744 3931">
    <p class='ocr_par' dir='ltr' id='par_1_98' title="bbox 2161 3857 3744 3931">
     <span class='ocr_line' id='line_1_98' title="bbox 2161 3857 3744 3931; baseline 0.003 -23"><span class='ocrx_word' id='word_1_737' title='bbox 2161 3857 2254 3909; x_wconf 75' lang='grc' dir='ltr'><strong>καὶ</strong></span> <span class='ocrx_word' id='word_1_738' title='bbox 2275 3857 2572 3926; x_wconf 80' lang='grc' dir='ltr'>ὲσπάμπαν</span> <span class='ocrx_word' id='word_1_739' title='bbox 2601 3857 2949 3923; x_wconf 84' lang='grc' dir='ltr'>ἀπόλλυνται,</span> <span class='ocrx_word' id='word_1_740' title='bbox 2989 3859 3064 3923; x_wconf 88' lang='grc' dir='ltr'>ὼς</span> <span class='ocrx_word' id='word_1_741' title='bbox 3101 3859 3272 3931; x_wconf 83' lang='grc' dir='ltr'>μῦρον</span> <span class='ocrx_word' id='word_1_742' title='bbox 3319 3859 3562 3930; x_wconf 77' lang='grc' dir='ltr'>βορϐόρῳ</span> <span class='ocrx_word' id='word_1_743' title='bbox 3603 3877 3744 3930; x_wconf 86' lang='grc' dir='ltr'>συμ-</span> 
     </span>
    </p>
   </div>
   <div class='ocr_carea' id='block_1_99' title="bbox 2163 3945 3742 4026">
    <p class='ocr_par' dir='ltr' id='par_1_99' title="bbox 2163 3945 3742 4026">
     <span class='ocr_line' id='line_1_99' title="bbox 2163 3945 3742 4026; baseline 0.004 -28"><span class='ocrx_word' id='word_1_744' title='bbox 2163 3945 2366 3998; x_wconf 85' lang='grc' dir='ltr'>πλακέν</span> <span class='ocrx_word' id='word_1_745' title='bbox 2389 3963 2400 3974; x_wconf 84' lang='grc'><em>’</em></span> <span class='ocrx_word' id='word_1_746' title='bbox 2437 3945 2558 3998; x_wconf 76' lang='grc' dir='ltr'>οῦδὲ</span> <span class='ocrx_word' id='word_1_747' title='bbox 2587 3947 2856 4010; x_wconf 83' lang='grc' dir='ltr'>συνιέντες</span> <span class='ocrx_word' id='word_1_748' title='bbox 2886 3949 3044 4019; x_wconf 83' lang='grc' dir='ltr'>τάχα,</span> <span class='ocrx_word' id='word_1_749' title='bbox 3074 3949 3149 4012; x_wconf 85' lang='grc' dir='ltr'>ὡς</span> <span class='ocrx_word' id='word_1_750' title='bbox 3181 3949 3274 4001; x_wconf 90' lang='grc' dir='ltr'><strong>τοῦ</strong></span> <span class='ocrx_word' id='word_1_751' title='bbox 3304 3951 3422 4012; x_wconf 79' lang='grc' dir='ltr'>ἑνὸς</span> <span class='ocrx_word' id='word_1_752' title='bbox 3456 3951 3549 4004; x_wconf 83' lang='grc' dir='ltr'><strong>καὶ</strong></span> <span class='ocrx_word' id='word_1_753' title='bbox 3582 3951 3742 4026; x_wconf 65' lang='grc' dir='ltr'>μόνον</span> 
     </span>
    </p>
   </div>
   <div class='ocr_carea' id='block_1_100' title="bbox 2161 4035 3744 4112">
    <p class='ocr_par' dir='ltr' id='par_1_100' title="bbox 2161 4035 3744 4112">
     <span class='ocr_line' id='line_1_100' title="bbox 2161 4035 3744 4112; baseline 0.004 -23"><span class='ocrx_word' id='word_1_754' title='bbox 2161 4035 2479 4108; x_wconf 86' lang='grc' dir='ltr'>στεροῦνται</span> <span class='ocrx_word' id='word_1_755' title='bbox 2519 4037 2744 4104; x_wconf 75' lang='grc' dir='ltr'>ἀγαθοῦ.</span> <span class='ocrx_word' id='word_1_756' title='bbox 2783 4039 2993 4109; x_wconf 78' lang='grc' dir='ltr'>Πηλίκη</span> <span class='ocrx_word' id='word_1_757' title='bbox 3034 4039 3142 4109; x_wconf 74' lang='grc' dir='ltr'><strong>γὰρ</strong></span> <span class='ocrx_word' id='word_1_758' title='bbox 3179 4041 3212 4110; x_wconf 83' lang='grc' dir='ltr'>ἡ</span> <span class='ocrx_word' id='word_1_759' title='bbox 3264 4041 3511 4094; x_wconf 82' lang='grc' dir='ltr'>ἐντεῦθεν</span> <span class='ocrx_word' id='word_1_760' title='bbox 3550 4041 3744 4112; x_wconf 75' lang='grc' dir='ltr'>ζημία,</span> 
     </span>
    </p>
   </div>
   <div class='ocr_carea' id='block_1_101' title="bbox 2164 4129 3741 4204">
    <p class='ocr_par' dir='ltr' id='par_1_101' title="bbox 2164 4129 3741 4204">
     <span class='ocr_line' id='line_1_101' title="bbox 2164 4129 3741 4204; baseline 0.003 -22"><span class='ocrx_word' id='word_1_761' title='bbox 2164 4129 2362 4201; x_wconf 81' lang='grc' dir='ltr'>μᾶλλον</span> <span class='ocrx_word' id='word_1_762' title='bbox 2397 4131 2454 4182; x_wconf 80' lang='grc' dir='ltr'>δὲ</span> <span class='ocrx_word' id='word_1_763' title='bbox 2487 4129 2751 4200; x_wconf 74' lang='grc' dir='ltr'>παντελὴς</span> <span class='ocrx_word' id='word_1_764' title='bbox 2782 4131 3045 4197; x_wconf 78' lang='grc' dir='ltr'>ἀπώλεια,</span> <span class='ocrx_word' id='word_1_765' title='bbox 3073 4132 3250 4196; x_wconf 78' lang='grc' dir='ltr'>οὐδεὶς</span> <span class='ocrx_word' id='word_1_766' title='bbox 3281 4132 3422 4202; x_wconf 80' lang='grc' dir='ltr'>λόγῳ</span> <span class='ocrx_word' id='word_1_767' title='bbox 3457 4135 3741 4204; x_wconf 80' lang='grc' dir='ltr'>παραστῆ-</span> 
     </span>
    </p>
   </div>
   <div class='ocr_carea' id='block_1_102' title="bbox 2163 4221 3742 4296">
    <p class='ocr_par' dir='ltr' id='par_1_102' title="bbox 2163 4221 3742 4296">
     <span class='ocr_line' id='line_1_102' title="bbox 2163 4221 3742 4296; baseline 0.004 -22"><span class='ocrx_word' id='word_1_768' title='bbox 2163 4239 2250 4275; x_wconf 90' lang='grc' dir='ltr'><strong>σαι</strong></span> <span class='ocrx_word' id='word_1_769' title='bbox 2280 4221 2520 4283; x_wconf 83' lang='grc' dir='ltr'>δύναται,</span> <span class='ocrx_word' id='word_1_770' title='bbox 2565 4221 2667 4273; x_wconf 81' lang='grc' dir='ltr'><strong>κᾶν</strong></span> <span class='ocrx_word' id='word_1_771' title='bbox 2699 4222 2847 4293; x_wconf 79' lang='grc' dir='ltr'>πάσῃ</span> <span class='ocrx_word' id='word_1_772' title='bbox 2874 4226 3141 4294; x_wconf 77' lang='grc' dir='ltr'>χρήσηται</span> <span class='ocrx_word' id='word_1_773' title='bbox 3171 4223 3408 4288; x_wconf 82' lang='grc' dir='ltr'>διανοίας</span> <span class='ocrx_word' id='word_1_774' title='bbox 3445 4224 3742 4296; x_wconf 78' lang='grc' dir='ltr'>ὑπερϐολῇ.</span> 
     </span>
    </p>
   </div>
   <div class='ocr_carea' id='block_1_103' title="bbox 2160 4313 3736 4390">
    <p class='ocr_par' dir='ltr' id='par_1_103' title="bbox 2160 4313 3736 4390">
     <span class='ocr_line' id='line_1_103' title="bbox 2160 4313 3736 4390; baseline 0.003 -24"><span class='ocrx_word' id='word_1_775' title='bbox 2160 4315 2472 4385; x_wconf 76' lang='grc' dir='ltr'>Διαγορεῦει</span> <span class='ocrx_word' id='word_1_776' title='bbox 2497 4313 2552 4366; x_wconf 82' lang='grc' dir='ltr'>δὲ</span> <span class='ocrx_word' id='word_1_777' title='bbox 2581 4316 2672 4366; x_wconf 77' lang='grc' dir='ltr'><strong>καὶ</strong></span> <span class='ocrx_word' id='word_1_778' title='bbox 2706 4317 2832 4387; x_wconf 79' lang='grc' dir='ltr'>περὶ</span> <span class='ocrx_word' id='word_1_779' title='bbox 2861 4317 3063 4369; x_wconf 82' lang='grc' dir='ltr'>τούτων</span> <span class='ocrx_word' id='word_1_780' title='bbox 3093 4319 3122 4370; x_wconf 88' lang='grc' dir='ltr'>ὁ</span> <span class='ocrx_word' id='word_1_781' title='bbox 3175 4318 3272 4387; x_wconf 86' lang='grc' dir='ltr'>μὲν</span> <span class='ocrx_word' id='word_1_782' title='bbox 3297 4317 3430 4382; x_wconf 81' lang='grc' dir='ltr'>Θεὸς</span> <span class='ocrx_word' id='word_1_783' title='bbox 3462 4319 3518 4370; x_wconf 87' lang='grc' dir='ltr'>ὲν</span> <span class='ocrx_word' id='word_1_784' title='bbox 3545 4321 3611 4390; x_wconf 80' lang='grc' dir='ltr'>τῇ</span> <span class='ocrx_word' id='word_1_785' title='bbox 3649 4317 3736 4370; x_wconf 85' lang='grc' dir='ltr'><strong>Γε-</strong></span> 
     </span>
    </p>
   </div>
   <div class='ocr_carea' id='block_1_104' title="bbox 2159 4405 3744 4480">
    <p class='ocr_par' dir='ltr' id='par_1_104' title="bbox 2159 4405 3744 4480">
     <span class='ocr_line' id='line_1_104' title="bbox 2159 4405 3744 4480; baseline 0.003 -22"><span class='ocrx_word' id='word_1_786' title='bbox 2159 4405 2300 4458; x_wconf 69' lang='grc' dir='ltr'>νέςει</span> <span class='ocrx_word' id='word_1_787' title='bbox 2349 4405 2573 4458; x_wconf 85' lang='grc' dir='ltr'>τοιῶσδε</span> <span class='ocrx_word' id='word_1_788' title='bbox 2599 4423 2612 4436; x_wconf 78' lang='grc' dir='ltr'><strong><em>ο</em></strong></span> <span class='ocrx_word' id='word_1_789' title='bbox 2647 4425 2664 4456; x_wconf 80' lang='grc' dir='ltr'><strong>ι</strong></span> <span class='ocrx_word' id='word_1_790' title='bbox 2703 4407 2776 4460; x_wconf 83' lang='grc' dir='ltr'>Οῦ</span> <span class='ocrx_word' id='word_1_791' title='bbox 2818 4407 2892 4478; x_wconf 79' lang='grc' dir='ltr'><strong>μὴ</strong></span> <span class='ocrx_word' id='word_1_792' title='bbox 2933 4407 3237 4480; x_wconf 82' lang='grc' dir='ltr'>καταμείνῃ</span> <span class='ocrx_word' id='word_1_793' title='bbox 3275 4408 3336 4460; x_wconf 87' lang='grc' dir='ltr'><strong>τὸ</strong></span> <span class='ocrx_word' id='word_1_794' title='bbox 3379 4408 3604 4478; x_wconf 88' lang='grc' dir='ltr'>Πνεῦμά</span> <span class='ocrx_word' id='word_1_795' title='bbox 3644 4427 3744 4480; x_wconf 88' lang='grc' dir='ltr'><strong>μου</strong></span> 
     </span>
    </p>
   </div>
   <div class='ocr_carea' id='block_1_105' title="bbox 2161 4496 3744 4567">
    <p class='ocr_par' dir='ltr' id='par_1_105' title="bbox 2161 4496 3744 4567">
     <span class='ocr_line' id='line_1_105' title="bbox 2161 4496 3744 4567; baseline 0.004 -19"><span class='ocrx_word' id='word_1_796' title='bbox 2161 4497 2217 4548; x_wconf 82' lang='grc' dir='ltr'>ἐν</span> <span class='ocrx_word' id='word_1_797' title='bbox 2241 4499 2350 4559; x_wconf 81' lang='grc' dir='ltr'>τοῖς</span> <span class='ocrx_word' id='word_1_798' title='bbox 2386 4496 2692 4567; x_wconf 82' lang='grc' dir='ltr'>ἀνθρώποις</span> <span class='ocrx_word' id='word_1_799' title='bbox 2719 4498 2932 4562; x_wconf 76' lang='grc' dir='ltr'>τούτοις</span> <span class='ocrx_word' id='word_1_800' title='bbox 2960 4500 3039 4560; x_wconf 82' lang='grc' dir='ltr'>εἰς</span> <span class='ocrx_word' id='word_1_801' title='bbox 3063 4499 3152 4551; x_wconf 74' lang='grc' dir='ltr'>τὸν</span> <span class='ocrx_word' id='word_1_802' title='bbox 3175 4497 3367 4563; x_wconf 82' lang='grc' dir='ltr'>αἰῶνα,</span> <span class='ocrx_word' id='word_1_803' title='bbox 3399 4500 3489 4553; x_wconf 82' lang='grc' dir='ltr'><strong>διὰ</strong></span> <span class='ocrx_word' id='word_1_804' title='bbox 3521 4501 3581 4553; x_wconf 89' lang='grc' dir='ltr'>τὺ</span> <span class='ocrx_word' id='word_1_805' title='bbox 3608 4497 3744 4554; x_wconf 82' lang='grc' dir='ltr'>εἶναι</span> 
     </span>
    </p>
   </div>
   <div class='ocr_carea' id='block_1_106' title="bbox 2159 4585 3748 4661">
    <p class='ocr_par' dir='ltr' id='par_1_106' title="bbox 2159 4585 3748 4661">
     <span class='ocr_line' id='line_1_106' title="bbox 2159 4585 3748 4661; baseline 0.003 -24"><span class='ocrx_word' id='word_1_806' title='bbox 2159 4587 2354 4650; x_wconf 74' lang='grc' dir='ltr'>αὐτοὺς</span> <span class='ocrx_word' id='word_1_807' title='bbox 2394 4589 2604 4658; x_wconf 82' lang='grc' dir='ltr'>σάρκας</span> <span class='ocrx_word' id='word_1_808' title='bbox 2631 4603 2646 4616; x_wconf 90' lang='grc'><strong>·</strong></span> <span class='ocrx_word' id='word_1_809' title='bbox 2679 4608 2698 4638; x_wconf 72' lang='grc' dir='ltr'><strong>ι</strong></span> <span class='ocrx_word' id='word_1_810' title='bbox 2729 4589 2757 4640; x_wconf 85' lang='grc' dir='ltr'>ὁ</span> <span class='ocrx_word' id='word_1_811' title='bbox 2796 4588 2852 4640; x_wconf 74' lang='grc' dir='ltr'><strong>δὲ</strong></span> <span class='ocrx_word' id='word_1_812' title='bbox 2887 4588 3128 4650; x_wconf 88' lang='grc' dir='ltr'>Παῦλος·</span> <span class='ocrx_word' id='word_1_813' title='bbox 3163 4606 3184 4638; x_wconf 79' lang='grc' dir='ltr'><strong>ι</strong></span> <span class='ocrx_word' id='word_1_814' title='bbox 3217 4585 3342 4652; x_wconf 79' lang='grc' dir='ltr'>Οἷος</span> <span class='ocrx_word' id='word_1_815' title='bbox 3385 4591 3413 4642; x_wconf 87' lang='grc' dir='ltr'><strong>ό</strong></span> <span class='ocrx_word' id='word_1_816' title='bbox 3442 4591 3622 4661; x_wconf 80' lang='grc' dir='ltr'>χοῖκὸς</span> <span class='ocrx_word' id='word_1_817' title='bbox 3654 4591 3748 4644; x_wconf 73' lang='grc' dir='ltr'>άν-</span> 
     </span>
    </p>
   </div>
   <div class='ocr_carea' id='block_1_107' title="bbox 2162 4675 3744 4754">
    <p class='ocr_par' dir='ltr' id='par_1_107' title="bbox 2162 4675 3744 4754">
     <span class='ocr_line' id='line_1_107' title="bbox 2162 4675 3744 4754; baseline 0.004 -25"><span class='ocrx_word' id='word_1_818' title='bbox 2162 4677 2397 4747; x_wconf 81' lang='grc' dir='ltr'>θρωπος,</span> <span class='ocrx_word' id='word_1_819' title='bbox 2443 4679 2672 4731; x_wconf 89' lang='grc' dir='ltr'>τοιοῦτοι</span> <span class='ocrx_word' id='word_1_820' title='bbox 2722 4679 2816 4733; x_wconf 74' lang='grc' dir='ltr'><strong>καὶ</strong></span> <span class='ocrx_word' id='word_1_821' title='bbox 2851 4682 2898 4732; x_wconf 88' lang='grc' dir='ltr'><strong>οί</strong></span> <span class='ocrx_word' id='word_1_822' title='bbox 2939 4679 3142 4750; x_wconf 75' lang='grc' dir='ltr'>χοϊκοίσ</span> <span class='ocrx_word' id='word_1_823' title='bbox 3170 4681 3264 4734; x_wconf 77' lang='grc' dir='ltr'><strong>καὶ</strong></span> <span class='ocrx_word' id='word_1_824' title='bbox 3297 4675 3408 4745; x_wconf 73' lang='grc' dir='ltr'>οἷος</span> <span class='ocrx_word' id='word_1_825' title='bbox 3443 4684 3472 4734; x_wconf 86' lang='grc' dir='ltr'>ὁ</span> <span class='ocrx_word' id='word_1_826' title='bbox 3505 4683 3744 4754; x_wconf 83' lang='grc' dir='ltr'>ἐπουρά-</span> 
     </span>
    </p>
   </div>
   <div class='ocr_carea' id='block_1_108' title="bbox 2160 4769 3740 4843">
    <p class='ocr_par' dir='ltr' id='par_1_108' title="bbox 2160 4769 3740 4843">
     <span class='ocr_line' id='line_1_108' title="bbox 2160 4769 3740 4843; baseline 0.003 -21"><span class='ocrx_word' id='word_1_827' title='bbox 2160 4786 2290 4832; x_wconf 87' lang='grc' dir='ltr'>νιος,</span> <span class='ocrx_word' id='word_1_828' title='bbox 2333 4769 2564 4822; x_wconf 76' lang='grc' dir='ltr'>τοιοῦτοι</span> <span class='ocrx_word' id='word_1_829' title='bbox 2609 4772 2701 4824; x_wconf 71' lang='grc' dir='ltr'><strong>καὶ</strong></span> <span class='ocrx_word' id='word_1_830' title='bbox 2753 4774 2802 4824; x_wconf 82' lang='lat' dir='ltr'><strong>oi</strong></span> <span class='ocrx_word' id='word_1_831' title='bbox 2847 4769 3194 4840; x_wconf 82' lang='grc' dir='ltr'>ἐπουράνιοι·</span> <span class='ocrx_word' id='word_1_832' title='bbox 3243 4791 3262 4824; x_wconf 76' lang='grc' dir='ltr'><strong>ι</strong></span> <span class='ocrx_word' id='word_1_833' title='bbox 3326 4773 3358 4843; x_wconf 83' lang='grc' dir='ltr'>ἡ</span> <span class='ocrx_word' id='word_1_834' title='bbox 3424 4773 3481 4826; x_wconf 81' lang='grc' dir='ltr'><strong>δὲ</strong></span> <span class='ocrx_word' id='word_1_835' title='bbox 3533 4773 3740 4842; x_wconf 79' lang='grc' dir='ltr'>Σοφία·</span> 
     </span>
    </p>
   </div>
   <div class='ocr_carea' id='block_1_109' title="bbox 2167 4862 3747 4936">
    <p class='ocr_par' dir='ltr' id='par_1_109' title="bbox 2167 4862 3747 4936">
     <span class='ocr_line' id='line_1_109' title="bbox 2167 4862 3747 4936; baseline 0.003 -23"><span class='ocrx_word' id='word_1_836' title='bbox 2167 4881 2185 4912; x_wconf 77' lang='grc' dir='ltr'><strong>ι</strong></span> <span class='ocrx_word' id='word_1_837' title='bbox 2217 4862 2428 4915; x_wconf 75' lang='grc' dir='ltr'>Σκολιοὶ</span> <span class='ocrx_word' id='word_1_838' title='bbox 2470 4865 2580 4934; x_wconf 83' lang='grc' dir='ltr'><strong>γὰρ</strong></span> <span class='ocrx_word' id='word_1_839' title='bbox 2608 4864 2858 4934; x_wconf 73' lang='grc' dir='ltr'>λογισμοὶ</span> <span class='ocrx_word' id='word_1_840' title='bbox 2893 4865 3218 4936; x_wconf 76' lang='grc' dir='ltr'>χωρίζουσιν</span> <span class='ocrx_word' id='word_1_841' title='bbox 3247 4866 3356 4918; x_wconf 83' lang='grc' dir='ltr'><strong>ἀπὸ</strong></span> <span class='ocrx_word' id='word_1_842' title='bbox 3391 4865 3525 4919; x_wconf 84' lang='grc' dir='ltr'>Θεοῦ</span> <span class='ocrx_word' id='word_1_843' title='bbox 3551 4882 3564 4896; x_wconf 87' lang='grc'><strong>·</strong></span> <span class='ocrx_word' id='word_1_844' title='bbox 3603 4867 3747 4919; x_wconf 78' lang='grc' dir='ltr'>δοκι-</span> 
     </span>
    </p>
   </div>
   <div class='ocr_carea' id='block_1_110' title="bbox 2164 4950 3748 5026">
    <p class='ocr_par' dir='ltr' id='par_1_110' title="bbox 2164 4950 3748 5026">
     <span class='ocr_line' id='line_1_110' title="bbox 2164 4950 3748 5026; baseline 0.003 -25"><span class='ocrx_word' id='word_1_845' title='bbox 2164 4950 2443 5022; x_wconf 77' lang='grc' dir='ltr'>μαζομένη</span> <span class='ocrx_word' id='word_1_846' title='bbox 2485 4951 2544 5004; x_wconf 78' lang='grc' dir='ltr'><strong>δὲ</strong></span> <span class='ocrx_word' id='word_1_847' title='bbox 2589 4954 2622 5024; x_wconf 82' lang='grc' dir='ltr'>ἡ</span> <span class='ocrx_word' id='word_1_848' title='bbox 2651 4953 2882 5024; x_wconf 80' lang='grc' dir='ltr'>δύναμις</span> <span class='ocrx_word' id='word_1_849' title='bbox 2939 4954 3151 5025; x_wconf 75' lang='grc' dir='ltr'>ἐλέγχει</span> <span class='ocrx_word' id='word_1_850' title='bbox 3185 4953 3310 5026; x_wconf 70' lang='grc'><strong>[154</strong></span> <span class='ocrx_word' id='word_1_851' title='bbox 3332 4953 3386 5026; x_wconf 83' lang='lat' dir='ltr'><strong>b]</strong></span> <span class='ocrx_word' id='word_1_852' title='bbox 3416 4955 3543 5018; x_wconf 70' lang='grc' dir='ltr'>τοὺς</span> <span class='ocrx_word' id='word_1_853' title='bbox 3575 4954 3748 5025; x_wconf 75' lang='grc' dir='ltr'>ἄφρο-</span> 
     </span>
    </p>
   </div>
   <div class='ocr_carea' id='block_1_111' title="bbox 2241 5144 3746 5222">
    <p class='ocr_par' dir='ltr' id='par_1_111' title="bbox 2241 5144 3746 5222">
     <span class='ocr_line' id='line_1_111' title="bbox 2241 5144 3746 5222; baseline 0.001 -23"><span class='ocrx_word' id='word_1_854' title='bbox 2241 5146 2353 5215; x_wconf 81' lang='lat' dir='ltr'><strong>(5i)</strong></span> <span class='ocrx_word' id='word_1_855' title='bbox 2390 5144 2754 5222; x_wconf 55' lang='lat' dir='ltr'><strong>Perspicuae.</strong></span> <span class='ocrx_word' id='word_1_856' title='bbox 2806 5145 2860 5200; x_wconf 86' lang='lat' dir='ltr'><strong>In</strong></span> <span class='ocrx_word' id='word_1_857' title='bbox 2897 5147 3106 5222; x_wconf 65' lang='grc' dir='ltr'>(ξιξερο,</span> <span class='ocrx_word' id='word_1_858' title='bbox 3133 5150 3456 5222; x_wconf 84' lang='grc' dir='ltr'>διορατικόν.</span> <span class='ocrx_word' id='word_1_859' title='bbox 3498 5147 3554 5200; x_wconf 92' lang='lat' dir='ltr'><strong>lu</strong></span> <span class='ocrx_word' id='word_1_860' title='bbox 3592 5165 3746 5222; x_wconf 69' lang='lat' dir='ltr'><strong>conr-</strong></span> 
     </span>
    </p>
   </div>
   <div class='ocr_carea' id='block_1_112' title="bbox 2175 5213 3747 5288">
    <p class='ocr_par' dir='ltr' id='par_1_112' title="bbox 2175 5213 3747 5288">
     <span class='ocr_line' id='line_1_112' title="bbox 2175 5213 3747 5288; baseline 0.002 -22"><span class='ocrx_word' id='word_1_861' title='bbox 2175 5213 2453 5288; x_wconf 60' lang='lat' dir='ltr'><strong>mentariis</strong></span> <span class='ocrx_word' id='word_1_862' title='bbox 2502 5218 2562 5288; x_wconf 83' lang='lat' dir='ltr'><strong>in_</strong></span> <span class='ocrx_word' id='word_1_863' title='bbox 2592 5213 2831 5288; x_wconf 63' lang='lat' dir='ltr'><strong>Pii-ulmos</strong></span> <span class='ocrx_word' id='word_1_864' title='bbox 2875 5221 2940 5270; x_wconf 87' lang='lat' dir='ltr'><strong>ad</strong></span> <span class='ocrx_word' id='word_1_865' title='bbox 2971 5213 3107 5274; x_wconf 69' lang='lat' dir='ltr'><strong>vers.</strong></span> <span class='ocrx_word' id='word_1_866' title='bbox 3141 5213 3435 5288; x_wconf 61' lang='lat' dir='ltr'><strong>i7&#39;psalmi</strong></span> <span class='ocrx_word' id='word_1_867' title='bbox 3479 5234 3631 5280; x_wconf 74' lang='lat' dir='ltr'><strong>cxm,</strong></span> <span class='ocrx_word' id='word_1_868' title='bbox 3683 5219 3747 5270; x_wconf 76' lang='grc' dir='ltr'><strong>τὸ</strong></span> 
     </span>
    </p>
   </div>
   <div class='ocr_carea' id='block_1_113' title="bbox 2176 5285 3746 5354">
    <p class='ocr_par' dir='ltr' id='par_1_113' title="bbox 2176 5285 3746 5354">
     <span class='ocr_line' id='line_1_113' title="bbox 2176 5285 3746 5354; baseline 0.003 -18"><span class='ocrx_word' id='word_1_869' title='bbox 2176 5286 2282 5337; x_wconf 82' lang='grc' dir='ltr'><strong>πᾶν</strong></span> <span class='ocrx_word' id='word_1_870' title='bbox 2305 5285 2608 5354; x_wconf 76' lang='grc' dir='ltr'>διορατικὸν</span> <span class='ocrx_word' id='word_1_871' title='bbox 2638 5285 2792 5354; x_wconf 82' lang='grc' dir='ltr'>γένος</span> <span class='ocrx_word' id='word_1_872' title='bbox 2822 5298 2976 5342; x_wconf 81' lang='lat' dir='ltr'><strong>vocat.</strong></span> <span class='ocrx_word' id='word_1_873' title='bbox 3011 5305 3198 5346; x_wconf 86' lang='lat' dir='ltr'><strong>omnes</strong></span> <span class='ocrx_word' id='word_1_874' title='bbox 3233 5285 3474 5344; x_wconf 76' lang='lat' dir='ltr'><strong>homines</strong></span> <span class='ocrx_word' id='word_1_875' title='bbox 3500 5300 3746 5342; x_wconf 81' lang='lat' dir='ltr'><strong>eontem-</strong></span> 
     </span>
    </p>
   </div>
   <div class='ocr_carea' id='block_1_114' title="bbox 2169 5355 2651 5423">
    <p class='ocr_par' dir='ltr' id='par_1_114' title="bbox 2169 5355 2651 5423">
     <span class='ocr_line' id='line_1_114' title="bbox 2169 5355 2651 5423; baseline 0.019 -22"><span class='ocrx_word' id='word_1_876' title='bbox 2169 5356 2386 5423; x_wconf 75' lang='lat' dir='ltr'><strong>platiuni</strong></span> <span class='ocrx_word' id='word_1_877' title='bbox 2423 5355 2651 5410; x_wconf 87' lang='lat' dir='ltr'><strong>deditos.</strong></span> 
     </span>
    </p>
   </div>
   <div class='ocr_carea' id='block_1_115' title="bbox 2243 5423 3749 5494">
    <p class='ocr_par' dir='ltr' id='par_1_115' title="bbox 2243 5423 3749 5494">
     <span class='ocr_line' id='line_1_115' title="bbox 2243 5423 3749 5494; baseline 0.001 -17"><span class='ocrx_word' id='word_1_878' title='bbox 2243 5423 2763 5494; x_wconf 37' lang='lat' dir='ltr'><strong>(52);Nequaquum.</strong></span> <span class='ocrx_word' id='word_1_879' title='bbox 2796 5423 2932 5480; x_wconf 83' lang='lat' dir='ltr'><strong>Gen.</strong></span> <span class='ocrx_word' id='word_1_880' title='bbox 2967 5445 3038 5492; x_wconf 83' lang='lat' dir='ltr'><strong>VI,</strong></span> <span class='ocrx_word' id='word_1_881' title='bbox 3076 5429 3127 5482; x_wconf 81' lang='grc'>5.</span> <span class='ocrx_word' id='word_1_882' title='bbox 3160 5429 3331 5482; x_wconf 85' lang='lat' dir='ltr'><strong>Simili</strong></span> <span class='ocrx_word' id='word_1_883' title='bbox 3363 5430 3522 5482; x_wconf 87' lang='lat' dir='ltr'><strong>modo</strong></span> <span class='ocrx_word' id='word_1_884' title='bbox 3559 5430 3626 5481; x_wconf 78' lang='lat' dir='ltr'><strong>ad</strong></span> <span class='ocrx_word' id='word_1_885' title='bbox 3657 5445 3749 5481; x_wconf 81' lang='lat' dir='ltr'><strong>ra-</strong></span> 
     </span>
    </p>
   </div>
   <div class='ocr_carea' id='block_1_116' title="bbox 2166 5492 3748 5568">
    <p class='ocr_par' dir='ltr' id='par_1_116' title="bbox 2166 5492 3748 5568">
     <span class='ocr_line' id='line_1_116' title="bbox 2166 5492 3748 5568; baseline 0.001 -22"><span class='ocrx_word' id='word_1_886' title='bbox 2166 5492 2262 5568; x_wconf 61' lang='lat' dir='ltr'><strong>pui</strong></span> <span class='ocrx_word' id='word_1_887' title='bbox 2294 5511 2330 5549; x_wconf 91' lang='grc' dir='ltr'><strong>ιι</strong></span> <span class='ocrx_word' id='word_1_888' title='bbox 2361 5492 2610 5568; x_wconf 62' lang='lat' dir='ltr'><strong>Epistolas</strong></span> <span class='ocrx_word' id='word_1_889' title='bbox 2635 5495 2819 5568; x_wconf 77' lang='lat' dir='ltr'><strong>prima:</strong></span> <span class='ocrx_word' id='word_1_890' title='bbox 2843 5495 2982 5551; x_wconf 78' lang='lat' dir='ltr'><strong>Petri</strong></span> <span class='ocrx_word' id='word_1_891' title='bbox 3003 5499 3078 5550; x_wconf 81' lang='lat' dir='ltr'><strong>ait</strong></span> <span class='ocrx_word' id='word_1_892' title='bbox 3111 5500 3364 5568; x_wconf 79' lang='lat' dir='ltr'><strong>Didymus</strong></span> <span class='ocrx_word' id='word_1_893' title='bbox 3396 5514 3410 5552; x_wconf 89' lang='lat'><strong>:</strong></span> <span class='ocrx_word' id='word_1_894' title='bbox 3449 5516 3468 5550; x_wconf 72' lang='grc' dir='ltr'><strong><em>ο</em></strong></span> <span class='ocrx_word' id='word_1_895' title='bbox 3505 5497 3748 5552; x_wconf 82' lang='lat' dir='ltr'><strong>Carneus</strong></span> 
     </span>
    </p>
   </div>
   <div class='ocr_carea' id='block_1_117' title="bbox 2161 5565 3740 5634">
    <p class='ocr_par' dir='ltr' id='par_1_117' title="bbox 2161 5565 3740 5634">
     <span class='ocr_line' id='line_1_117' title="bbox 2161 5565 3740 5634; baseline 0.004 -19"><span class='ocrx_word' id='word_1_896' title='bbox 2161 5565 2328 5634; x_wconf 85' lang='lat' dir='ltr'><strong>enim,</strong></span> <span class='ocrx_word' id='word_1_897' title='bbox 2366 5565 2483 5634; x_wconf 57' lang='grc' dir='ltr'>μιιί</span> <span class='ocrx_word' id='word_1_898' title='bbox 2531 5566 2782 5634; x_wconf 81' lang='lat' dir='ltr'><strong>venditus</strong></span> <span class='ocrx_word' id='word_1_899' title='bbox 2813 5577 2895 5618; x_wconf 84' lang='lat' dir='ltr'><strong>est</strong></span> <span class='ocrx_word' id='word_1_900' title='bbox 2929 5569 3028 5620; x_wconf 86' lang='lat' dir='ltr'><strong>sub</strong></span> <span class='ocrx_word' id='word_1_901' title='bbox 3069 5565 3310 5634; x_wconf 78' lang='lat' dir='ltr'><strong>peccato,</strong></span> <span class='ocrx_word' id='word_1_902' title='bbox 3351 5577 3614 5630; x_wconf 76' lang='lat' dir='ltr'><strong>\‘00alttt‘;</strong></span> <span class='ocrx_word' id='word_1_903' title='bbox 3651 5571 3740 5621; x_wconf 73' lang='lat' dir='ltr'><strong>sed</strong></span> 
     </span>
    </p>
   </div>
   <div class='ocr_carea' id='block_1_118' title="bbox 2162 5633 3745 5700">
    <p class='ocr_par' dir='ltr' id='par_1_118' title="bbox 2162 5633 3745 5700">
     <span class='ocr_line' id='line_1_118' title="bbox 2162 5633 3745 5700; baseline 0.002 -14"><span class='ocrx_word' id='word_1_904' title='bbox 2162 5633 2324 5686; x_wconf 86' lang='lat' dir='ltr'><strong>etiam</strong></span> <span class='ocrx_word' id='word_1_905' title='bbox 2361 5633 2462 5697; x_wconf 90' lang='lat' dir='ltr'><strong>illi,</strong></span> <span class='ocrx_word' id='word_1_906' title='bbox 2490 5633 2582 5700; x_wconf 89' lang='lat' dir='ltr'><strong>qui</strong></span> <span class='ocrx_word' id='word_1_907' title='bbox 2605 5637 2952 5689; x_wconf 80' lang='lat' dir='ltr'><strong>vehementer</strong></span> <span class='ocrx_word' id='word_1_908' title='bbox 2981 5637 3306 5690; x_wconf 90' lang='lat' dir='ltr'><strong>inclinantur</strong></span> <span class='ocrx_word' id='word_1_909' title='bbox 3329 5641 3394 5691; x_wconf 93' lang='lat' dir='ltr'><strong>ad</strong></span> <span class='ocrx_word' id='word_1_910' title='bbox 3427 5651 3665 5700; x_wconf 87' lang='lat' dir='ltr'><strong>carnem,</strong></span> <span class='ocrx_word' id='word_1_911' title='bbox 3691 5647 3745 5689; x_wconf 76' lang='lat' dir='ltr'><strong>rt</strong></span> 
     </span>
    </p>
   </div>
   <div class='ocr_carea' id='block_1_119' title="bbox 2163 5701 3750 5776">
    <p class='ocr_par' dir='ltr' id='par_1_119' title="bbox 2163 5701 3750 5776">
     <span class='ocr_line' id='line_1_119' title="bbox 2163 5701 3750 5776; baseline 0.002 -20"><span class='ocrx_word' id='word_1_912' title='bbox 2163 5712 2351 5756; x_wconf 79' lang='lat' dir='ltr'><strong>Sancto</strong></span> <span class='ocrx_word' id='word_1_913' title='bbox 2372 5701 2574 5776; x_wconf 81' lang='lat' dir='ltr'><strong>Spiritu</strong></span> <span class='ocrx_word' id='word_1_914' title='bbox 2623 5704 2949 5776; x_wconf 77' lang='lat' dir='ltr'><strong>desolautur,</strong></span> <span class='ocrx_word' id='word_1_915' title='bbox 3000 5719 3282 5776; x_wconf 81' lang='lat' dir='ltr'><strong>propterea</strong></span> <span class='ocrx_word' id='word_1_916' title='bbox 3321 5722 3508 5760; x_wconf 89' lang='lat' dir='ltr'><strong>carnes</strong></span> <span class='ocrx_word' id='word_1_917' title='bbox 3541 5721 3750 5776; x_wconf 68' lang='lat' dir='ltr'><strong>nomn;-</strong></span> 
     </span>
    </p>
   </div>
   <div class='ocr_carea' id='block_1_120' title="bbox 2161 5771 3748 5844">
    <p class='ocr_par' dir='ltr' id='par_1_120' title="bbox 2161 5771 3748 5844">
     <span class='ocr_line' id='line_1_120' title="bbox 2161 5771 3748 5844; baseline 0.004 -21"><span class='ocrx_word' id='word_1_918' title='bbox 2161 5781 2382 5840; x_wconf 87' lang='lat' dir='ltr'><strong>pantur.</strong></span> <span class='ocrx_word' id='word_1_919' title='bbox 2409 5771 2625 5844; x_wconf 83' lang='lat' dir='ltr'><strong>dicente</strong></span> <span class='ocrx_word' id='word_1_920' title='bbox 2655 5772 2760 5844; x_wconf 82' lang='lat' dir='ltr'><strong>illis</strong></span> <span class='ocrx_word' id='word_1_921' title='bbox 2799 5775 2906 5830; x_wconf 86' lang='lat' dir='ltr'><strong>Deo</strong></span> <span class='ocrx_word' id='word_1_922' title='bbox 2937 5795 2950 5832; x_wconf 93' lang='lat'><strong>:</strong></span> <span class='ocrx_word' id='word_1_923' title='bbox 2987 5771 3012 5826; x_wconf 67' lang='grc' dir='ltr'><strong>ί</strong></span> <span class='ocrx_word' id='word_1_924' title='bbox 3047 5771 3162 5830; x_wconf 81' lang='lat' dir='ltr'><strong>Non</strong></span> <span class='ocrx_word' id='word_1_925' title='bbox 3193 5778 3530 5844; x_wconf 75' lang='lat' dir='ltr'><strong>permanebit</strong></span> <span class='ocrx_word' id='word_1_926' title='bbox 3572 5775 3748 5844; x_wconf 81' lang='lat' dir='ltr'><strong>Spiri-</strong></span> 
     </span>
    </p>
   </div>
   <div class='ocr_carea' id='block_1_121' title="bbox 2165 5841 3748 5965">
    <p class='ocr_par' dir='ltr' id='par_1_121' title="bbox 2165 5841 3748 5965">
     <span class='ocr_line' id='line_1_121' title="bbox 2165 5841 3748 5965; baseline 0.006 -74"><span class='ocrx_word' id='word_1_927' title='bbox 2165 5852 2464 5965; x_wconf 67' lang='lat' dir='ltr'><strong>tusltneus</strong></span> <span class='ocrx_word' id='word_1_928' title='bbox 2524 5842 2665 5898; x_wconf 87' lang='lat' dir='ltr'><strong>inter</strong></span> <span class='ocrx_word' id='word_1_929' title='bbox 2731 5841 2977 5902; x_wconf 85' lang='lat' dir='ltr'><strong>homines</strong></span> <span class='ocrx_word' id='word_1_930' title='bbox 3027 5841 3303 5917; x_wconf 45' lang='lat' dir='ltr'><strong>i5tos,_eo</strong></span> <span class='ocrx_word' id='word_1_931' title='bbox 3357 5848 3498 5919; x_wconf 85' lang='lat' dir='ltr'><strong>quod</strong></span> <span class='ocrx_word' id='word_1_932' title='bbox 3555 5841 3748 5902; x_wconf 59' lang='lat' dir='ltr'><strong>carnes</strong></span> 
     </span>
     <span class='ocr_line' id='line_1_122' title="bbox 2166 5927 2371 5965; baseline -0.005 0"><span class='ocrx_word' id='word_1_933' title='bbox 2166 5927 2264 5965; x_wconf 83' lang='lat' dir='ltr'><strong>sun</strong></span> <span class='ocrx_word' id='word_1_934' title='bbox 2296 5953 2310 5965; x_wconf 91' lang='lat'><strong>.</strong></span> <span class='ocrx_word' id='word_1_935' title='bbox 2353 5930 2371 5964; x_wconf 77' lang='grc' dir='ltr'><strong>ι</strong></span> 
     </span>
    </p>
   </div>
   <div class='ocr_carea' id='block_1_122' title="bbox 2166 5927 2371 5967">
    <p class='ocr_par' dir='ltr' id='par_1_122' title="bbox 2166 5927 2371 5967">
     <span class='ocr_line' id='line_1_123' title="bbox 2166 5927 2371 5967; baseline -0.01 -1"><span class='ocrx_word' id='word_1_936' title='bbox 2166 5927 2310 5967; x_wconf 74' lang='grc' dir='ltr'>διιιιι.</span> <span class='ocrx_word' id='word_1_937' title='bbox 2353 5930 2371 5964; x_wconf 73' lang='grc' dir='ltr'><strong>ι</strong></span> 
     </span>
    </p>
   </div>
  </div>
