4134 6442
499 580 608 635 7ιὸ

1752 571 1986 628 DlDYMl
2025 573 2500 633 ALEXANDRINI

3684 567 3793 633 7t!

504 693 720 748 licatum
765 703 946 762 regem
1000 695 1056 743 et
1102 687 1389 743 Dominum
1442 683 1724 753 virtutum,
1801 686 2090 756 Apostolus

2203 686 2548 760 εοξαζόμενον
2593 683 2815 758 βασιλέα
2860 679 2954 738 καὶ
2991 680 3194 756 Κύριον
3227 679 3528 752 δυνάμεων,
3571 683 3601 735 6
3624 685 3792 742 Ἀπό-

497 782 737 838 ostendit
780 795 903 840 esse
957 779 1217 851 Spiritum
1258 788 1545 846 sanetum;
1577 786 1632 832 et
1677 792 1798 832 cum
1852 779 1990 832 Idem
2036 778 2088 832 in

503 873 737 943 Epistula
779 871 1324 928 communicationem
1361 884 1482 924 esse
1517 869 1646 922 dicit
1689 866 1910 938 Spiritui
1967 883 2088 921 eum

505 965 685 1031 Patre,
713 973 768 1019 et
801 964 939 1020 Filio
972 982 986 1018 :
1023 961 1460 1018 communionem
1508 960 1716 1015 scilicet
1751 958 1992 1019 di-itatis,
2036 969 2092 1010 ut

501 1065 670 1128 patet,
705 1067 761 1112 et
801 1056 950 1126 regni
997 1066 1048 1110 et
1083 1053 1290 1124 gloriae,
1318 1053 1457 1107 sicut
1494 1061 1651 1105 antea
1687 1051 1888 1106 dictum
1912 1061 2016 1115 est,
2041 1058 2092 1103 et

506 1163 699 1202 rursus
746 1149 958 1202 dicetur
1003 1148 1056 1199 in
1097 1146 1240 1199 liunc
1272 1145 1510 1198 modum.
1563 1142 1861 1197 Corinthiis
1911 1142 1962 1194 in
2005 1154 2090 1194 se-

503 1243 677 1294 cunda
719 1239 951 1308 Epistola
983 1236 1176 1292 scribit
1204 1252 1216 1290 :
1259 1253 1278 1286 ι
1313 1233 1501 1290 Gratia
1527 1233 1642 1306 (6i)
1681 1234 1890 1288 Domini
1924 1231 2090 1286 nostri

503 1331 628 1386 Jesn
657 1330 884 1394 Christi,
934 1340 989 1384 et
1023 1327 1265 1382 cliaritas
1305 1325 1399 1379 Dei
1427 1335 1482 1379 et
1522 1325 1720 1390 Patris,
1757 1333 1812 1378 et
1847 1338 2092 1377 commu-

504 1425 710 1478 nicatio
741 1422 916 1475 sancti
945 1419 1200 1490 Spiritus.
1235 1436 1254 1468 ι
1295 1417 1360 1470 Ει
1392 1417 1516 1470 alibi
1543 1419 1620 1471 ait
1649 1438 1661 1472 :
1698 1435 1716 1468 ι
1750 1416 1805 1470 Si
1849 1432 1951 1484 qua
1974 1414 2088 1485 (63)

505 1512 925 1566 COIlllllltllit'aliO
975 1511 1249 1579 Spiritus;
1291 1527 1310 1560 ι
1364 1507 1614 1576 Ephesiis
1668 1523 1797 1562 vero
1855 1507 2088 1561 scribit:

510 1623 526 1654 ι
562 1606 826 1657 Curantes
855 1601 964 1674 (66)
985 1615 1204 1654 scrvare
1232 1598 1493 1652 unitatem
1522 1596 1759 1667 Spiritus
1789 1598 1841 1652 in
1878 1597 2093 1652 vinculo

504 1698 670 1764 pacis.
713 1714 731 1746 ι
763 1695 1024 1757 Observa,
1061 1693 1322 1746 unitatem
1367 1691 1454 1744 liic
1478 1690 1767 1754 nominari,
1811 1699 2092 1758 propterea

503 1789 645 1858 quod
681 1787 914 1856 Spiritus
949 1801 1110 1839 unam
1145 1785 1341 1838 babeat
1373 1793 1621 1836 naturam
1651 1798 1773 1836 emn
1803 1782 1982 1837 Patre.
2025 1782 2096 1836 Et

507 1895 690 1934 rursus
721 1878 1018 1933 Corinthiis
1051 1896 1064 1931 :
1116 1895 1135 1928 ι
1169 1877 1248 1929 Αη
1282 1875 1501 1930 nescitis
1524 1873 1660 1943 (67),
1688 1875 1829 1943 quod
1863 1888 2090 1944 corpora

505 1979 683 2025 vestra
709 1969 966 2038 templum
1006 1978 1132 2024 sunt
1177 1966 1412 2036 Spiritus
1435 1966 1630 2028 sancti,
1673 1966 1763 2033 qui
1795 1976 1878 2020 est
1905 1966 1956 2018 in
1991 1979 2088 2019 vo-

2193 782 2378 845 στολος
2409 781 2472 834 τὺ
2519 781 2673 850 ἅγιον
2703 776 2843 832 εἶναι
2874 777 3112 830 δείκνυσι
3143 775 3388 846 Πνεῦμα·
3423 776 3519 830 καὶ
3555 776 3634 842 ὠς
3663 780 3794 834 ὅταν

2190 876 2218 927 6
2271 872 2434 936 αὐτὸς
2491 873 2822 944 ἐπιστέλλῃ,
2889 868 3172 922 κοινωνίαν
3241 863 3380 922 εἶναι
3431 869 3656 936 φάσκων
3715 871 3795 943 τῷ

2187 963 2480 1035 Πνεῦματι
2528 964 2668 1036 πρὸς
2719 965 2812 1018 τὸν
2853 963 3072 1034 Πατέρα
3112 961 3207 1016 καὶ
3238 961 3330 1016 τὸν
3369 961 3518 1024 Υἱὸν,
3549 962 3707 1033 δῆλον
3735 964 3794 1016 δὲ

2191 1058 2273 1110 ὅτι
2297 1055 2572 1127 θεότητος,
2615 1057 2708 1110 καὶ
2737 1056 3033 1127 βασιλείας,
3074 1053 3165 1108 καὶ
3207 1051 3388 1125 δόξης,
3425 1053 3503 1116 ὠς
3534 1055 3796 1126 προείρη-

2193 1167 2281 1202 ται
2331 1149 2424 1202 καὶ
2457 1145 2613 1213 αὖθις
2666 1149 2986 1221 moriemi-
3037 1146 3210 1210 οὕτως
3259 1145 3570 1216 Κορινθίοις
3614 1150 3671 1200 ὲν
3722 1150 3793 1219 τῇ

2191 1240 2424 1312 δευτέρα
2491 1239 2805 1310 Ἐπιστολῇο
2867 1257 2887 1291 ι
2947 1240 3014 1292 Ἦ
3057 1239 3217 1309 χάρις
3242 1237 3336 1290 τοῦ
3378 1237 3586 1308 Κυρίου
3635 1236 3794 1308 ἡμῶν

2205 1328 2381 1399 Ἰησοῦ
2429 1327 2692 1400 Χριστοῦ,
2729 1328 2825 1382 καὶ
2853 1329 2888 1398 ἡ
2921 1326 3107 1398 ἀγάπη
3141 1326 3233 1379 τοῦ
3264 1324 3400 1380 Θεοῦ
3427 1327 3523 1380 καὶ
3555 1325 3791 1397 Πατρὸς,

2195 1421 2346 1492 καὶὴ
2383 1421 2640 1475 κοινωνία
2683 1420 2777 1474 τοῦ
2804 1421 2964 1489 ἁγίου
3005 1417 3342 1490 Πνεῦματος·
3383 1438 3401 1471 ›
3437 1419 3531 1472 καὶ
3562 1413 3793 1489 ἑτέρωθί

2199 1529 2388 1584 φησιν’
2426 1533 2444 1564 ι
2480 1514 2551 1567 Et'
2569 1531 2654 1576 τις
2681 1513 2939 1566 κοινωνία
2967 1507 3304 1582 Πνεύματος.
3343 1529 3362 1564 ι
3410 1505 3679 1578 Ἐφεσίοις
3707 1509 3789 1564 δέ·

2202 1625 2220 1656 ι
2254 1605 2655 1669 Σπουδὰζοντες
2700 1606 2888 1675 τηρεῖν
2937 1603 3034 1674 τὴν
3084 1602 3310 1673 ἑνότητα
3352 1601 3445 1656 τοῦ
3476 1601 3792 1672 Πνεῦματος

2194 1696 2252 1748 ὲν
2280 1695 2356 1765 τῷ
2399 1694 2678 1766 συνδέσμῳ
2702 1696 2803 1762 τῆς
2830 1695 3073 1766 εἰρήνης.
3114 1713 3132 1745 i
3173 1693 3546 1764 Κατανόησον,
3575 1691 3648 1756 ὡς
3671 1691 3793 1746 ὲνόη

2193 1801 2332 1856 τητα
2388 1782 2540 1840 εἶπεν
2583 1787 2671 1840 διὰ
2703 1787 2802 1858 τὴν
2865 1785 3000 1857 πρὸς
3035 1784 3128 1838 τὸν
3184 1783 3405 1856 Πατέρα
3443 1785 3542 1854 τῆς
3574 1785 3794 1852 φύσεως

2194 1877 2412 1932 ἕνωσιν.
2445 1879 2556 1931 Καὶ
2587 1878 2750 1932 πάλιν
2802 1877 3130 1948 Κορινθίοις·
3188 1896 3206 1928 ι
3249 1878 3320 1929 Ἢ
3349 1878 3451 1930 οὐκ
3477 1878 3678 1943 οἴδατε,
3707 1880 3790 1932 ὃτι

2203 1971 2272 2022 τὰ
2297 1969 2524 2042 σώματα
2547 1971 2699 2042 ὑμῶν
2721 1971 2848 2034 ναὸς
2871 1970 2964 2023 τοῦ
3011 1971 3068 2022 ὲν
3102 1971 3230 2039 ὑμῖν
3258 1971 3414 2038 ἁγίου
3472 1969 3791 2040 Πνεύματός

505 2061 608 2124 bis,
634 2076 794 2129 quem
818 2061 1028 2115 liabetis
1060 2075 1089 2112 a
1137 2061 1280 2126 Deo;
1317 2068 1371 2113 et
1405 2073 1508 2113 non
1531 2057 1660 2112 estis
1687 2057 1890 2112 vestri?
1922 2057 2096 2126 Empti

2206 2066 2374 2126 ἐστιν,
2403 2058 2463 2117 οῦ
2488 2064 2639 2134 ἔχετε
2681 2062 2789 2119 ἀπὸ
2814 2064 2906 2117 τοῦ
2939 2063 3095 2128 Θεοῦ,
3123 2064 3217 2117 καὶ
3250 2064 3349 2118 οὐκ
3389 2064 3510 2116 ὲστὲ
3537 2064 3744 2116 ἑαυτῶν
3771 2079 3786 2128 ;

508 2153 654 2204 enini
693 2151 825 2206 estis
854 2153 1048 2219 pretio.
1078 2149 1390 2205 Glorillcate
1427 2149 1615 2215 Deum,
1649 2150 1737 2218 qui
1769 2159 1854 2203 est
1889 2149 1942 2203 in
1977 2164 2095 2203 cor-

504 2244 732 2311 poribus
783 2244 1066 2297 vestrisi:
1109 2242 1162 2297 id
1215 2253 1317 2308 est,
1367 2242 1626 2310 Spiritum
1687 2251 1957 2296 sanctum.
2023 2241 2090 2295 Et

508 2347 696 2384 rursus
741 2347 864 2384 cum
917 2331 1068 2401 prius
1105 2332 1418 2396 clamasset,
1448 2352 1464 2382 ι
1489 2331 1746 2385 Dominus
1769 2330 1880 2401 (68)
1913 2339 2090 2385 autem

509 2423 745 2490 Spiritus
783 2431 884 2489 cst,
924 2441 941 2473 ι
985 2424 1206 2477 subdit:
1247 2440 1264 2473 ι
1300 2422 1402 2477 Nos
1430 2421 1680 2492 \‘8I'0(69)
1712 2438 1900 2478 omnes
1939 2439 2093 2477 reie-

510 2517 616 2569 lata
647 2515 784 2569 facie
815 2514 1040 2584 gloriam
1087 2515 1298 2569 Domitii
1335 2513 1698 2582 speculantes,
1743 2515 1794 2566 in
1843 2516 2089 2568 eamdem

510 2608 796 2676 imaginem
823 2604 1271 2660 traiiSforiiiaiiiur
1302 2623 1330 2658 a
1376 2606 1546 2674 gloria
1585 2605 1636 2658 in
1663 2605 1914 2675 gloriam,
1949 2605 2094 2661 sicut

509 2720 536 2753 ιι
575 2699 782 2754 Domini
821 2699 1064 2769 Spiritu;
1093 2717 1110 2750 ι
1143 2708 1198 2753 et
1226 2714 1451 2752 rursus:
1489 2716 1508 2750 ι
1549 2697 1603 2752 Si
1645 2707 1824 2753 autem
1844 2697 1961 2769 (70)
1995 2702 2096 2754 mi-

511 2793 756 2846 nistratio
799 2791 987 2846 mortis
1010 2791 1062 2845 in
1093 2790 1286 2845 litteris
1308 2789 1570 2859 impressa
1599 2791 1652 2844 in
1687 2790 1954 2858 lapidibus
1974 2790 2092 2864 (71)

510 2885 611 2938 fuit
638 2886 688 2938 in
720 2884 912 2954 gloria,
944 2884 1079 2938 adeo
1111 2892 1168 2938 ut
1209 2898 1314 2938 non
1343 2891 1564 2952 possent
1591 2883 1778 2939 oculos
1803 2884 1968 2954 figere
2001 2887 2093 2940 lilii

510 2976 673 3030 Israel
720 2977 771 3029 iii
813 2974 950 3029 facie
999 2974 1168 3044 Moysi
1215 2985 1438 3043 propter
1473 2974 1699 3044 gloriam
1733 2975 1913 3032 vultus
1955 2977 2092 3046 ejus,

509 3081 630 3133 quae
675 3075 1008 3130 evacuatur;
1051 3064 1326 3133 quomodo
1379 3079 1484 3116 non
1540 3067 1710 3130 magis
1766 3067 2095 3122 ministratio

512 3157 748 3224 Spiritus
779 3155 883 3210 erit
909 3156 959 3208 in
993 3154 1200 3224 gloria?
1226 3173 1245 3206 ι
1282 3151 1446 3224 294
1477 3152 1598 3209 ΙΙωο
1630 3154 1696 3208 iis
1721 3155 1916 3210 similia
1947 3167 2093 3220 sunt,

509 3265 631 3317 qnze
683 3264 711 3300 a
759 3245 966 3300 Joanne
1020 3247 1324 3302 dicuntur:
1365 3264 1384 3298 ι
1441 3245 1683 3300 Vidimus
1703 3246 1816 3315 (72)
1867 3248 2093 3315 gloriam

511 3340 648 3410 ejus,
682 3339 903 3410 gloriam
951 3337 1106 3406 quasi
1144 3336 1414 3407 Uiiigeniti
1445 3351 1475 3392 a
1505 3335 1663 3390 Patre
1698 3355 1711 3390 :
1747 3337 1936 3404 plenus
1967 3354 2095 3408 grai-'-

515 3435 601 3488 tite
638 3442 691 3486 et
732 3430 1004 3494 veritatis;
1037 3447 1056 3482 ι
1085 3439 1137 3486 et
1163 3431 1377 3499 sapiens
1391 3431 1690 3486 Zorobabel
1710 3432 1787 3485 ait
1817 3449 1830 3485 :
1859 3449 1880 3482 ι
1908 3430 2096 3486 Omnis

516 3538 655 3579 terra
679 3525 793 3596 (75)
843 3523 1124 3579 veritatem
1153 3537 1330 3590 vocat,
1376 3536 1430 3580 et
1474 3525 1672 3580 emlum
1713 3524 1999 3588 benedicit,
2039 3535 2097 3580 et

512 3618 695 3672 omnia
733 3633 897 3685 opera
928 3615 1312 3671 concutiuntur
1356 3626 1412 3672 et
1459 3625 1712 3672 tremunt.
1748 3633 1766 3666 ι
1798 3615 2094 3672 Veritatem

514 3721 693 3762 autem
746 3711 877 3764 dicit
917 3707 1180 3777 Spiritum
1212 3717 1482 3772 sanctum,
1517 3717 1575 3761 ut
1615 3722 1682 3762 ex
1721 3708 2096 3762 antecedenii-

516 3803 612 3855 lins
636 3800 961 3855 testimo’niis
985 3808 1150 3870 patet.
1185 3800 1248 3855 Et
1276 3799 1390 3867 ipse
1425 3799 1518 3854 Dei
1543 3799 1780 3867 Spiritus
1814 3813 1909 3868 per
1938 3798 2094 3854 Psal-

516 3901 623 3944 tem
663 3892 833 3956 inquit
875 3910 889 3946 :
933 3910 953 3942 ε
982 3893 1085 3947 Eos
1104 3891 1240 3962 (74),
1285 3890 1377 3960 qui
1434 3890 1739 3960 gloriﬁcant
1781 3905 1885 3954 me,
1928 3889 2092 3960 glori-

517 3982 709 4045 ficabo,
747 3993 798 4036 et
826 3990 1142 4050 spernentes
1169 3995 1255 4037 me
1284 3988 1630 4048 spernentur.
1668 3997 1687 4030 i
1727 3979 1878 4045 Quod
1913 3989 2094 4034 autem

517 4072 679 4125 etiam
707 4073 866 4127 simul
902 4075 1159 4128 adoretur
1201 4071 1317 4140 ipse
1348 4086 1471 4126 cum
1514 4070 1674 4124 Patre
1716 4080 1772 4124 et
1809 4069 1965 4135 Filio,
2002 4086 2098 4140 pa-

519 4163 750 4217 triarclia
782 4164 985 4230 docuit,
1003 4179 1122 4219 cum
1143 4162 1208 4216 ad
1233 4175 1490 4230 quercum
1521 4159 1760 4214 Mambre
1777 4159 1889 4231 (75)
1907 4159 2098 4228 aequali

521 4255 726 4309 honore
776 4267 1019 4312 sanctam
1082 4252 1403 4308 Trinitatem
1460 4250 1676 4319 excepit
1733 4259 1788 4304 et
1837 4251 2098 4319 adoravit,

593 4434 704 4504 (64)
747 4433 952 4504 Gratia.
993 4431 1034 4504 ll
1071 4432 1200 4504 Cor.
1233 4449 1348 4501 Siti,
1379 4435 1465 4489 15.

594 4502 707 4573 (65⁷)
745 4502 800 4557 Si
837 4519 960 4571 qua.
994 4502 1228 4573 l’liilipp.
1258 4521 1318 4568 ιι,
1353 4506 1400 4558 l.

597 4570 710 4645 (66)
743 4570 1019 4645 Curantes.
1052 4570 1251 4645 liplies.
1285 4589 1361 4637 iv,
1407 4574 1479 4645 '5._
1501 4570 1862 4645 Hieronymus
1890 4587 2105 4645 quoque

525 4645 580 4700 in
609 4641 1019 4712 commentariis
1046 4641 1098 4712 iii
1132 4641 1302 4711 Epist.
1334 4645 1401 4697 ad
1437 4641 1624 4712 Eph“.
1655 4641 1723 4697 ad
1766 4641 2111 4698 liunc’loc’um

530 4719 686 4780 (tom.
718 4710 832 4775 Vll,
869 4726 989 4780 pag.
1031 4711 1156 4779 608)
1193 4715 1408 4768 nomine
1457 4710 1491 4764 ‹“
1521 4712 1755 4781 Spiritus
1783 4733 1802 4766 ι
1860 4713 2109 4784 intelligit

533 4785 792 4853 Spiritum
823 4789 1089 4836 sani-tum.

601 4853 711 4925 (67)
741 4854 821 4925 ᾼιι
857 4853 1089 4925 nescitis.
1122 4850 1170 4925 l_
1191 4852 1316 4908 Cor.
1351 4869 1420 4914 \‘i,
1449 4852 1533 4925 l9,
1558 4853 1647 4907 ΞΟ.

603 4922 713 4992 (68)
741 4923 1018 4976 Dominus.
1050 4922 1089 4992 ll
1135 4923 1259 4977 Cor.
1294 4941 1375 4986 ιιι,
1418 4924 1500 4976 l7.

625 4991 711 5062 69)
752 4992 862 5045 Nos
886 5008 1023 5044 vero.
1049 4991 1090 5046 ll
1113 4992 1236 5047 Cor.
1268 5009 1346 5058 iii,
1387 4996 1470 5046 l8.

626 5065 714 5134 7U)
837 5074 1030 5134 anteiit.
1064 5062 1104 5116 ll
1156 5063 1277 5134 Cpr.
1309 5080 1390 5126 ιιι,
1428 5063 1478 5124 7,
1515 5062 1568 5116 8.

605 5130 715 5202 (71)
747 5131 812 5184 In
861 5132 1142 5198 lapidibus.
1183 5132 1367 5188 Graeca
1400 5135 1588 5196 editio,
1625 5133 1680 5182 ὲν
1712 5130 1903 5194 λίθοις.
1944 5131 2110 5200 Didy-

539 5219 658 5256 Iiins
688 5203 889 5255 omittit
930 5204 1168 5255 vowlain
1203 5203 1280 5254 ὲν.

611 5273 722 5341 (72)
767 5270 1024 5341 Vidimus.
1054 5271 1210 5325 Joan.
1256 5288 1292 5334 ι,
1331 5273 1415 5326 14.
1465 5270 1759 5323 Bibliorniii
1807 5271 1973 5341 editio
2015 5285 2112 5337 pro

541 5338 723 5412 ἴδομεν
757 5342 918 5395 liabet
963 5338 1346 5412 ἐθεασάμεθα,
1403 5357 1565 5410 quain
1609 5341 1894 5394 lectionem
1944 5340 2113 5409 Didy-

542 5410 662 5465 inus
687 5422 906 5465 sei-ntus
940 5421 1021 5464 est
1044 5427 1217 5479 segni.
1247 5410 1316 5465 42
1345 5412 1394 5464 b.

613 5483 724 5552 (75)
756 5480 941 5535 Omnis
1005 5492 1164 5535 terra.
1210 5480 1350 5552 _|l:ce
1395 5496 1500 5552 non
1551 5497 1615 5536 es
1669 5481 1804 5534 libro
1838 5481 2113 5534 Canonieo

542 5549 751 5618 siii'iipia
788 5564 932 5612 sunt,
963 5552 1054 5604 sed
1099 5567 1163 5604 ex
1210 5549 1302 5604 lib.
1345 5567 1400 5604 ιιι
1456 5550 1657 5614 Esdrai,
1706 5565 1824 5618 cap.
1860 5565 1932 5611 iv,
1971 5566 2110 5603 vers.

543 5622 630 5674 36.
662 5622 844 5675 Grieca
873 5634 1049 5674 amem
1080 5620 1245 5674 editio
1267 5621 1382 5688 ejus
1410 5621 1530 5674 libri
1554 5621 1713 5674 liabet
1737 5636 1751 5671 :
1774 5619 1994 5674 Πᾶσα...
2019 5621 2114 5672 καὶ

544 5691 768 5760 οὐρανὸς
800 5691 968 5760 αὐτὴν
1023 5692 1252 5760 εὐλογεί,
1308 5704 1359 5746 et
1413 5701 1633 5745 caetera.
1697 5688 1887 5744 Latina
1946 5705 2109 5744 vero:

552 5777 572 5808 ι
595 5765 779 5812 Uiniiis
803 5771 944 5814 terra
982 5765 1257 5818 veritatem
1283 5763 1514 5824 invocat,
1544 5760 1738 5815 caelum
1758 5760 1918 5812 etiam
1948 5761 2114 5828 ipsam

551 5830 836 5900 benedicit,
869 5842 920 5882 et
954 5834 1150 5900 omnia
1207 5847 1368 5900 opera
1428 5843 1728 5900 moventur,
1763 5841 1817 5883 ct
1876 5839 2116 5900 tremunt

549 5914 689 5970 eam.
721 5915 738 5947 ι
773 5897 913 5951 Ideni
940 5899 1098 5970 locus
1141 5897 1340 5954 cila‘tur
1393 5903 1554 5954 etiam
1585 5917 1613 5952 a
1645 5899 1828 5955 Flavio
1879 5899 2116 5970 Joseplio

552 5965 642 6020 lib.
687 5981 760 6032 xi,
789 5982 906 6036 Cap.
937 5969 990 6030 5,
1030 5980 1082 6022 et
1114 5973 1251 6038 apud
1298 5970 1553 6024 Basiliam
1599 5970 1688 6025 lib.
1724 5985 1776 6036 v,
1822 5971 1876 6024 in
1930 5965 2112 6025 Eiiiio-

2207 2155 2584 2227 Ίίγοράσθητε
2608 2155 2717 2227 γὰρ
2737 2156 2926 2226 τιμῆς.
2964 2155 3234 2222 Δοξάσατε
3288 2155 3352 2227 δὴ
3380 2155 3471 2209 τὸν
3511 2154 3642 2207 Θεὸν
3696 2155 3789 2207 τὸν

2194 2252 2252 2302 ιν
2281 2249 2392 2310 τοῖς
2415 2245 2660 2318 σώμασιν
2686 2247 2894 2319 ὑμῶν’»
2915 2247 3060 2302 τοῦτ’
3083 2247 3249 2314 ἔστιν,
3280 2247 3341 2300 τὸ
3373 2249 3526 2315 ἅγιον
3541 2247 3783 2317 Πνεῦμα.

2196 2340 2304 2394 Καὶ
2325 2339 2484 2393 πάλιν
2511 2341 2999 2410 προαναφωνήσας,
3033 2357 3053 2391 ι
3077 2339 3135 2393 'U
3150 2340 3207 2393 δὲ
3238 2341 3441 2410 Κύριος
3471 2339 3531 2392 τὺ
3565 2338 3788 2408 Πνεῦμα

2195 2432 2365 2493 ἐστιν,
2404 2450 2422 2481 i
2458 2432 2673 2498 ὲπάγει’
2699 2449 2716 2482 ‹
2739 2431 2928 2501 Ἡμεῖς
2953 2430 3009 2484 δὲ
3048 2431 3250 2493 πάντες
3281 2428 3788 2499 ἀνακεκαλυμμένῳ

2196 2520 2474 2592 προσώπῳ
2486 2520 2583 2591 τὴν
2595 2519 2750 2584 δόξαν
2766 2520 2972 2592 Κυρίου
2990 2517 3492 2590 κατοπτριζόμενοι,
3506 2517 3602 2588 τὴν
3619 2518 3787 2590 αὐτὴν

2201 2615 2389 2668 εἰκόνα
2443 2612 2942 2684 μεταμορφούμεθα
2974 2612 3081 2665 ἀπὸ
3115 2612 3273 2681 δόξης
3315 2613 3396 2673 εἰς
3429 2610 3607 2675 δόξαν,
3655 2607 3786 2662 καθ-

2196 2707 2342 2777 άπερ
2372 2706 2480 2758 ἀπὸ
2514 2706 2718 2776 Κυρίου
2757 2703 3093 2775 Πνεῦματοςο
3127 2722 3146 2756 ι
3185 2704 3278 2757 καὶ
3306 2704 3485 2756 πάλιν·
3530 2723 3546 2754 ι
3582 2703 3644 2754 Εἰ
3671 2701 3785 2772 δὲή

2196 2797 2439 2852 διακονία
2484 2797 2578 2849 τοῦ
2631 2797 2862 2850 θανάτου
2895 2797 2951 2847 ὲν
2982 2797 3304 2867 γράμμασιν
3367 2793 3785 2864 ἐντετυπωμένη

2197 2889 2364 2952 λίθοις
2397 2888 2524 2961 [135
2557 2887 2608 2959 b]
2674 2887 2907 2959 ἐγενήθη
2955 2889 3012 2940 ὲν
3050 2887 3197 2958 δόξῃ,
3232 2886 3371 2939 ὥστε
3412 2885 3484 2956 μὴ
3527 2883 3785 2938 δύνασθαι

2199 2983 2446 3036 ἀτενίσαι
2479 2979 2606 3044 τοὺς
2631 2982 2780 3044 υἱοὺς
2828 2979 3042 3050 Ἰσραὴλ
3073 2981 3153 3042 είς
3185 2969 3246 3031 t6
3292 2980 3582 3048 πρόσωπον
3623 2979 3788 3030 Μωῦ-

2201 3075 2358 3136 σέως,
2389 3071 2478 3124 διὰ
2503 3071 2599 3142 τὴν
2620 3071 2778 3136 δόξαν
2827 3069 2922 3122 τοῦ
2947 3069 3241 3140 προσώπου
3268 3068 3431 3123 αὑτοῦ
3457 3068 3556 3139 τὴν
3585 3082 3790 3140 καταρ·

2199 3165 2492 3235 γουμένην·
2529 3165 2644 3226 πῶς
2681 3162 2800 3234 οὐχ).
2848 3161 3099 3233 μᾶλλονή
3145 3161 3393 3217 διακονία
3423 3162 3516 3214 τοῦ
3542 3160 3792 3230 Πνεῦμα-

2199 3274 2289 3320 τος
2343 3256 2496 3310 ἔσται
2521 3257 2578 3308 ὲν
2607 3255 2773 3325 δόξῃς
2823 3274 2840 3304 i
2898 3253 3253 3325 παραπλησία
3284 3253 3364 3324 τῷ
3401 3253 3505 3307 ὑπὸ
3543 3253 3792 3306 Ἰωάννου

2201 3349 2496 3419 εἰρημένῳ·
2529 3364 2548 3396 ι
2587 3347 2796 3415 Ἴδομεν
2829 3346 2928 3415 τὴν
2957 3343 3114 3409 δόξαν
3149 3344 3337 3406 αὐτοῦ,
3380 3344 3537 3408 δόξαν
3565 3344 3640 3406 ὡς
3673 3343 3784 3396 Μυ-

2125 3414 2166 3470 c
2202 3414 2460 3506 νοῠγενοῦςν
2507 3435 2658 3510 παρὰ
2697 3414 2933 3506 Πατρός·
2991 3435 3204 3505 πλήρης
3235 3434 3457 3506 χάριτος
3505 3436 3596 3486 καὶ
3650 3434 3786 3505 ain.

2203 3529 2372 3592 θείας,
2411 3548 2429 3580 ii
2462 3529 2571 3581 Καὶ
2598 3531 2627 3581 6
2672 3529 2831 3596 σοφὸς
2883 3525 3188 3596 Ζοροϐάϐελ
3236 3527 3423 3595 φησίνο
3469 3545 3485 3576 ι
3547 3526 3706 3580 Πᾶσα
3753 3525 3786 3596 ἠ

2201 3621 2274 3691 γῆ
2299 3621 2397 3692 τὴν
2429 3619 2686 3685 ἀλήθειαν
2730 3617 2904 3678 καλεῖ,
2951 3617 3043 3671 καὶ
3072 3617 3100 3669 6
3147 3617 3374 3688 οὐρανὸς
3414 3617 3644 3684 εὐλογεῖ,
3696 3617 3788 3670 καὶ

2204 3713 2380 3766 πάντα
2425 3711 2493 3764 τὰ
2545 3709 2682 3782 ἔργα
2719 3709 2922 3762 σείεται
2960 3708 3054 3762 καὶ
3090 3706 3302 3780 τρέμει·
3354 3729 3371 3760 i
3433 3709 3690 3779 ἁλῂθειαν
3734 3708 3791 3760 δὲ

2206 3801 2268 3854 τὸ
2300 3801 2454 3867 ἅγιον
2486 3800 2712 3870 Πνεῦμα
2743 3799 2913 3867 λέγει,
2948 3798 3024 3862 ὡς
3052 3799 3310 3870 ἀνωτέρω
3347 3799 3784 3871 μεμαρτύρηται.

2204 3893 2314 3944 Καὶ
2363 3890 2496 3944 αὐτὸ
2517 3891 2574 3944 δὲ
2609 3891 2669 3943 τὸ
2703 3890 2928 3961 Πνεῦμα
2959 3889 3054 3942 τοῦ
3085 3889 3219 3942 Θεοῦ
3242 3889 3330 3943 διὰ
3361 3889 3454 3942 τοῦ
3483 3887 3787 3958 Ψαλμῳδυῦ

2201 3981 2368 4050 λέγει·
2414 4003 2430 4033 i
2467 3982 2604 4045 Τοὺς
2634 3980 2954 4047 δοξάζοντας
2986 3999 3051 4052 με
3081 3981 3306 4047 δοξάσω,
3333 3983 3426 4034 καὶ
3463 3983 3512 4033 οι
3575 3981 3789 4046 ὲΞοι·θεο

2202 4072 2420 4136 νοῦντές
2443 4091 2509 4143 με
2541 4073 3070 4144 ἑξουθενηθήσονται.
3105 4093 3123 4124 i
3153 4074 3274 4127 ’Ὁτι
3297 4073 3352 4126 δὲ
3383 4073 3476 4126 καὶ
3503 4089 3770 4143 συμπροσο

2207 4168 2447 4217 κυνείται
2475 4164 2554 4235 τῷ
2585 4167 2759 4237 [turpi
2805 4167 2899 4220 καὶ
2932 4166 3009 4236 τῷ
3057 4165 3193 4236 Υίῷ,
3229 4169 3255 4220 6
3287 4165 3589 4237 προπάτωρ
3616 4164 3788 4217 ἐδίδα-

2212 4253 2298 4319 ξεν
2327 4256 2383 4306 ἐν
2407 4257 2470 4326 τῇ
2521 4255 2640 4326 δρυῒ
2668 4259 2734 4328 τῇ
2765 4256 3031 4328 Μαμϐρῇ,
3060 4256 3158 4329 τὴν
3205 4257 3365 4325 ἁγίαν
3387 4256 3665 4326 ὁμοτίμως
3709 4253 3764 4305 6t

2211 4433 2400 4501 mium,
2443 4451 2564 4505 pag.
2601 4434 2724 4498 516,
2759 4434 2848 4488 tibi
2879 4454 2900 4488 ι
2927 4432 3217 4505 νει-ιιιιιιςο
3255 4429 3471 4487 nomine
3497 4431 3660 4488 Filius
3692 4447 3782 4505 ve-

2215 4506 2333 4577 nire
2362 4503 2580 4560 dicitur.
2613 4507 2771 4577 Quin
2812 4507 3048 4577 Cyrillus
3100 4504 3498 4577 Alexandrinus
3541 4505 3637 4577 lib.
3677 4519 3694 4577 ι
3731 4503 3784 4577 in

2211 4573 2514 4644 lulianum,
2545 4590 2668 4644 pag.
2709 4575 2778 4628 26
2819 4572 3068 4630 eumdem
3111 4574 3265 4627 :ill'ert
3313 4574 3466 4640 quasi
3513 4572 3786 4644 ediviiiis

2221 4643 2514 4712 Scripttlris
2541 4643 2946 4712 depromptitiii:
2984 4645 3063 4698 sic
3093 4645 3235 4694 Pllilll
3281 4644 3471 4696 scribit
3499 4661 3514 4697 :
3558 4643 3648 4706 Ὠς
3677 4643 3787 4712 γάρ

2219 4727 2387 4782 φησιν
2411 4713 3035 4786 ἡθεόπνευστος-Γραφή
3063 4733 3075 4744 ·
3103 4714 3315 4786 Πᾶσανή
3347 4713 3437 4782 γῆ.
3468 4729 3522 4786 κ.
3549 4713 3699 4786 τ.ίλ.,
3735 4715 3785 4764 id

2215 4795 2313 4854 est
2353 4801 2364 4836 :
2407 4783 2690 4838 r'ljteiiini
2715 4783 2790 4836 ait
2818 4783 3099 4854 Scriptura
3162 4785 3420 4835 divinitus
3474 4783 3777 4854 inspirata:

2218 4849 2475 4906 Universa
2503 4864 2670 4918 terra,
2697 4871 2715 4904 ι
2742 4862 2796 4908 et
2819 4849 3040 4922 reliqua.
3078 4853 3254 4907 Simili
3284 4854 3440 4906 modo
3468 4850 3526 4907 S.
3557 4854 3792 4905 Atliaiia-

2214 4923 2327 4974 sius
2362 4926 2412 4974 in
2445 4937 2695 4976 sermone
2734 4923 2920 4990 majori
2959 4923 3031 4976 De
3067 4924 3190 4992 ﬁde,
3223 4939 3370 4974 iiiiiii.
3405 4923 3493 4986 35,
3530 4938 3650 4991 pag.
3696 4923 3786 4982 l8.

2213 5007 2277 5042 ex
2314 4995 2503 5045 eodem
2527 4994 2838 5063 apocrypbo
2873 4994 3010 5046 libro
3035 4992 3458 5063 vei-liaprofert.
3495 4993 3792 5063 ilitlumlllll)

2216 5071 2459 5115 vetustus
2511 5059 3119 5126 διιοιοιῖοιιιῑιειὶοηιιηι
3183 5059 3382 5115 veteris
3416 5073 3461 5113 et
3507 5059 3643 5115 Novi
3696 5061 3794 5115 Te.

2215 5132 2501 5200 stameiiii,
2567 5132 2772 5200 Didymi
2829 5133 3061 5187 fertasse
3107 5133 3370 5200 asqtialis,
3424 5134 3614 5184 eodem
3683 5149 3792 5199 quo

2219 5197 2474 5271 Didymus
2511 5197 2680 5256 modo
2708 5203 2935 5269 loquens
2985 5201 3150 5271 (part.
3175 5197 3256 5265 'ii,
3287 5212 3418 5254 toni.
3452 5201 3511 5254 Ill
3546 5197 3784 5267 Ομιξιιιιηι

2215 5269 2501 5336 Augustini
2552 5273 2636 5323 ed.
2687 5271 2965 5335 Maiiriiiie,
2997 5269 3140 5340 ipag.
3185 5273 3284 5326 108
3329 5272 3679 5338 Appeiidicis)
3716 5287 3792 5323 sic

2215 5343 2462 5391 eumdem
2517 5341 2689 5394 citat:
2729 5362 2746 5392 ι
2777 5343 2841 5394 Et
2888 5343 3014 5394 audi
3067 5341 3364 5398 Zorobabel
3408 5343 3532 5409 quia
3593 5356 3794 5408 «super

2225 5426 2242 5457 ι
2275 5411 2483 5472 nninia,
2514 5429 2530 5459 i
2560 5412 2654 5475 ait,
2686 5431 2702 5462 ι
2734 5413 2894 5464 \iiicit
2935 5413 3139 5466 veritas
3189 5431 3205 5463 ι
3242 5415 3368 5476 Qum
3399 5411 3559 5463 \‘ct‘ba
3577 5423 3748 5464 cxsttii
3774 5421 3795 5462 t

2215 5495 2334 5552 cap.
2372 5495 2454 5543 Ill,
2487 5495 2630 5537 vers.
2680 5483 2747 5536 l2
2789 5483 2907 5552 ejus
2943 5481 3083 5552 libri.
3115 5485 3334 5535 licinnin
3367 5481 3704 5552 Ambrosius,
3727 5491 3792 5552 iit

2218 5548 2352 5618 alios
2389 5561 2618 5616 taceam,
2663 5555 2752 5606 lib.
2802 5548 2838 5606 ii
2883 5551 2959 5604 De
3011 5550 3209 5618 Spiritu
3261 5563 3462 5612 saucio,
3499 5566 3618 5617 eap.
3657 5549 3690 5602 6
3724 5550 3790 5602 ii-

2217 5617 2374 5690 briiiii
2405 5635 2652 5690 quartum
2691 5625 2873 5678 Esdraa
2910 5617 3122 5690 allegat.

2291 5689 2589 5764 (Hirlfos.
2650 5693 2667 5746 Ι
2725 5694 2858 5764 Reg.
2913 5708 2972 5757 ll,
3022 5689 3100 5746 ’52
3140 5708 3269 5764 itsen
3335 5691 3589 5764 50),__Anbi
3632 5691 3793 5743 Coin-

2223 5757 2678 5830 pliiiensisreuitio
2709 5766 2787 5819 sic
2807 5757 3020 5826 'babel,
3053 5772 3110 5815 ut
3137 5757 3414 5830 Didymus.
3450 5760 3655 5813 'I‘aaieii
3692 5774 3791 5826 pro

2219 5827 2732 5902 eaeaOSquoowai
2796 5829 2860 5888 iii
2883 5849 2946 5886 ea
3000 5832 3193 5902 legitur
3240 5827 3792 5900 ἓξουθενωῡήσονται.

2217 5901 2347 5952 Alia:
2382 5901 2538 5962 paulo
2562 5905 2734 5956 aliter.

2292 5969 2403 6037 (751
2443 5969 2694 6026 Μωηὺνιι.
2733 5972 2860 6028 Vide
2885 5972 3020 6028 Gen.
3062 5987 3214 6037 xviii,
3243 5971 3293 6038 l,
3319 5971 3354 6024 Ε).
3377 5987 3496 6039 sqq.
