4134 6428
352 457 464 510 Ἄῗὶ

1387 452 1474 508 DE
1515 452 1890 509 TRINITATE
1930 452 2138 551 LIBEER
2178 450 2568 516 SECUNDUS.

3510 448 3617 509 740

352 567 689 638 ξιωτάμενος
748 569 843 622 καὶ
909 568 1289 639 προσκυνήσας
1344 568 1568 638 Τριάδα.
1623 568 1697 631 ὡς
1751 571 1808 621 ὲν
1860 569 1937 639 τῷ

2042 570 2179 624 sicut
2202 570 2252 623 in
2277 573 2450 639 primo
2478 574 2620 643 λόγῳ
2646 566 2753 643 (76)
2786 565 2985 628 dictum
3018 582 3120 628 est.
3154 569 3352 628 Paulus
3378 585 3614 641 quoque,

353 658 556 730 πρώτῳ
584 660 795 730 εἴρηται
830 658 988 729 λόγῳ.
1020 659 1131 713 Καὶ
1178 662 1208 712 ό
1235 659 1446 722 Παῦλος
1495 660 1553 712 δὲ
1582 660 1840 730 ἔγραψεν,
1863 661 1938 724 ὼς

352 750 609 821 ἀνωτέρω
659 752 738 813 εἱς
767 750 865 812 τὰς
894 749 1168 818 θεολογίας
1195 748 1290 802 τοῦ
1319 750 1642 819 Πνεῦματος
1701 749 1938 821 ἐδείχθη,

352 844 435 896 ὅτι
472 862 490 892 ι
539 843 729 895 Πεσὼν
765 843 858 894 ἐπὶ
904 842 1195 913 πρόσωπον
1241 842 1630 911 προσκυνήσει.
1672 859 1689 891 ι
1724 842 1941 911 Αἱρετι-

354 936 442 987 κοὶ
474 934 551 999 δὲ,
578 933 655 1003 τῷ
691 933 819 1003 περὶ
848 932 909 986 τὸ
944 932 1230 1003 βάπτισμα
1268 931 1571 1002 δεσποτικῷ
1609 930 1940 1002 θεσπίσματι

356 1025 450 1078 καὶ
510 1024 590 1094 τῷ
662 1023 964 1092 Ἀποστόλῳ
1028 1021 1599 1092 ἀντινομοθετοῦγτες,
1666 1022 1761 1075 καὶ
1812 1021 1940 1093 περ)⁵

356 1116 597 1179 πλείονος
641 1114 977 1185 ποιούμενοι,
1025 1115 1235 1185 μήποτε
1263 1113 1565 1183 φωραθεῖεν
1597 1113 1808 1183 ἀπηχὲς
1864 1112 1938 1184 μὴ

356 1207 645 1279 προέμενοι
706 1205 847 1259 κατά
874 1205 970 1259 τοῦ
1005 1204 1135 1259 Υἱοῦ
1164 1203 1376 1259 καὶτοῦ
1410 1203 1565 1271 ἁγίου
1597 1204 1939 1274 Πνεύματος,

354 1295 475 1349 κατ’
505 1294 709 1347 οἰκείαν
735 1293 922 1363 ὥσπερ
950 1291 1197 1347 σύνθεσιν
1225 1292 1322 1364 τὴν
1360 1291 1667 1359 δοξολογίαν
1691 1293 1938 1363 ἀναπέμ-

357 1401 541 1437 πουσι.

990 1473 1145 1525 ΚΕΦ.
1188 1474 1312 1525 KA'.

428 1561 564 1624 Τοὺς
593 1561 647 1614 δὲ
675 1561 1249 1630 άντιδιαταττομένους
1270 1562 1364 1614 καὶ
1390 1560 1545 1625 ἰδίαις
1575 1562 1938 1633 παραδόσεσιν

357 1653 742 1724 ὲναμείὸοντας
791 1653 891 1723 τὴν
942 1652 1160 1724 ἐντολὴν
1189 1653 1281 1705 τοῦ
1313 1653 1469 1719 Θεοῦ,
1503 1654 1678 1725 μάτην
1699 1654 1938 1719 ἐλπίζειν

354 1745 452 1815 τῆς
511 1743 782 1813 βασιλείας
811 1743 975 1797 αὑτοῦ
1002 1746 1184 1814 τυχεῖν
1217 1746 1245 1797 ό
1269 1745 1458 1816 Σωτὴρ
1485 1745 1750 1799 διδάσκων
1778 1749 1836 1799 ἐν
1861 1746 1937 1817 τῷ

358 1836 498 1889 κατὰ
548 1835 771 1908 Μάρκον
822 1835 1159 1905 Εὐαγγελὶῳ,
1205 1838 1318 1898 τοῖς
1371 1834 1500 1906 [156
1533 1836 1589 1907 a]
1624 1837 1935 1907 Φαρισαίοις

2042 669 2099 714 ιιι
2128 663 2374 731 superius
2391 664 2504 735 (77)
2543 667 2595 719 in
2638 664 2953 735 tbcologicis
2998 664 3063 718 dc
3106 663 3312 732 Spiritu
3363 662 3614 717 testimo-

2041 752 2145 806 niis
2179 763 2453 809 ostensum
2479 764 2582 819 est,
2616 756 2834 825 scripsit
2868 773 2882 810 :
2921 773 2940 805 ι
2979 753 3406 826 Procidens(78)
3438 754 3489 807 in
3529 751 3611 807 fa-

2039 842 2177 895 ciem
2211 844 2507 899 adorabit.»
2535 844 2642 900 Sed
2675 844 2915 899 haeretici
2947 860 3009 899 ea
3046 845 3475 912 edicentes,quae
3500 850 3612 895 tum

2043 931 2254 988 Domini
2292 945 2583 1005 praecepto,
2634 952 2742 1007 quo
2780 936 3110 1005 baptismum
3157 934 3388 989 conferri
3429 932 3611 1002 jussit,

2046 1032 2157 1076 tum
2213 1024 2471 1094 Apostolo
2528 1030 2905 1089 adversantur,
2965 1036 3020 1082 et
3073 1026 3200 1079 illud
3250 1024 3483 1079 maxime
3525 1037 3612 1079 ea-

2008 1122 2249 1176 -vcntes,
2283 1130 2350 1170 ne
2384 1115 2527 1171 forte
2578 1118 2761 1173 odium
2796 1127 2985 1173 contra
3029 1116 3222 1171 Filium
3263 1124 3318 1170 et
3352 1114 3613 1185 Spiritum

2038 1213 2287 1259 sanctum
2316 1206 2629 1276 deposuisse
2655 1209 3148 1278 deprehendantur,
3173 1205 3469 1261 secundum
3492 1217 3619 1273 pro-

2039 1294 2214 1361 priam
2260 1294 2496 1364 ipserum
2530 1296 2692 1352 veluti
2726 1297 3192 1365 compositionem,
3239 1295 3347 1348 Deo
3394 1290 3617 1346 doxolo—

2042 1384 2208 1453 giam,
2239 1385 2290 1439 id
2324 1395 2429 1452 est,
2470 1386 2939 1454 gloriﬁcationem.
2985 1382 3213 1441 reddunt
3261 1398 3325 1439 ac
3360 1380 3614 1437 otl'erunt.

2642 1476 2791 1532 CAP.
2831 1475 3021 1532 XXIV.

2110 1562 2216 1616 Eos
2244 1574 2448 1627 autem,
2478 1565 2570 1633 qui
2612 1565 2724 1618 lure
2758 1566 3091 1634 impugnant,
3124 1565 3322 1632 quique
3369 1562 3616 1631 proprias

2038 1650 2355 1717 traditiones
2393 1663 2660 1722 praecepto
2695 1654 2990 1721 subrogant
3025 1652 3142 1714 Dei,
3167 1651 3365 1704 frustra
3395 1662 3615 1717 sperare

2038 1758 2099 1798 se
2125 1758 2348 1813 regnum
2398 1743 2514 1810 ejus
2559 1755 2968 1805 consecuturos,
3013 1743 3215 1796 docens
3266 1740 3516 1796 Salvator
3558 1737 3613 1791 in

2037 1835 2332 1904 Evangelio
2360 1837 2654 1890 secundum
2673 1837 2939 1899 Marcum,
2961 1832 3246 1886 Pharisasis
3269 1830 3359 1899 qui
3390 1827 3613 1889 similia,

359 1925 717 1998 παραπλήσια
749 1927 1049 1998 αἱρετικοῖς
1096 1928 1431 1997 φρονήσασιν
1481 1923 1636 1980 εἷπε’
1677 1946 1696 1979 ι
1735 1930 1832 1983 Διά
1884 1930 1937 1983 τί

2042 1939 2100 1978 ac
2157 1925 2419 1987 literetici,
2460 1924 2783 1989 sentiebant,
2832 1925 2905 1978 ait
2937 1942 2951 1978 :
2991 1940 3009 1974 ι
3041 1923 3218 1987 Quare
3241 1921 3354 1993 (79)
3400 1919 3614 1973 irritum

358 2018 597 2071 ἀθετεῖτε
637 2016 736 2086 τὴν
784 2016 1002 2086 ἐντολὴν
1030 2015 1125 2068 τοῦ
1168 2016 1324 2080 Θεοῦ,
1376 2017 1464 2087 ἵνα
1489 2015 1588 2086 τὴν
1639 2018 1938 2088 παράδοσιν

360 2108 511 2177 ὑμῶν
539 2109 849 2180 τηρήσητε;
901 2107 1144 2177 Μωῢσῆς
1171 2106 1280 2175 γάρ
1326 2101 1501 2160 εἶπεν·
1535 2107 1683 2178 Τίμα
1719 2108 1809 2161 τὸν
1838 2127 1940 2163 πα-

356 2196 491 2266 τέρα
531 2213 625 2250 σου
685 2195 780 2249 καὶ
806 2194 903 2264 τὴν
938 2193 1151 2264 μητέρα
1203 2209 1318 2267 σου·
1366 2193 1479 2256 καὶ,
1517 2192 1574 2247 '0
1629 2193 1941 2259 κακολογῶν

361 2285 593 2356 πατέρα,
635 2285 667 2355 ἦ
719 2285 950 2356 μητέρα,
999 2282 1215 2353 θανάτῳ
1256 2282 1584 2336 τελευτάτω.
1653 2284 1844 2355 Ὑμεῖς
1886 2285 1943 2338 δὲ

356 2368 563 2444 λέγετε’
619 2376 744 2427 Ἐὰν
775 2373 902 2444 εἴπῃ
942 2373 1227 2443 ἄνθρωπος
1255 2372 1334 2443 τῷ
1368 2373 1556 2444 πατρὶ,
1598 2374 1717 2445 ῆτῇ
1754 2375 1940 2446 μητρὶ,

320 2512 327 2521 .
360 2465 600 2537 Κορϐάν,
623 2464 650 2517 ὃ
675 2464 769 2518 ἐὰν
802 2464 860 2530 ἐξ
890 2463 1024 2535 ἐμοῦ
1061 2465 1346 2535 ὠφελήθης
1367 2483 1379 2496 ·
1415 2466 1510 2519 καὶ
1534 2465 1633 2518 οὐκ
1659 2465 1736 2519 ἔτι
1759 2466 1943 2536 ἀφίετε

358 2556 522 2608 αὑτὸν
536 2555 685 2607 οὐδὲν
703 2555 922 2624 ποιῆσαι
938 2554 1014 2625 τῷ
1030 2558 1197 2625 πατρὶ
1216 2555 1403 2621 αὑτοῦ,
1425 2556 1457 2627 ἢ
1479 2558 1545 2627 τῇ
1569 2564 1675 2628 μητ
1684 2558 1736 2626 pi.
1756 2557 1943 2621 αὑτοῦ,

359 2645 688 2716 ἀκυροῦντες
699 2644 951 2713 τὸνλόγον
963 2646 1056 2699 τοῦ
1069 2645 1203 2698 θεοῦ
1214 2649 1277 2715 τῇ
1292 2648 1582 2718 παραδόσει
1594 2647 1765 2718 ὑμῶν.
1780 2668 1798 2700 ›
1814 2650 1877 2702 '0
1888 2649 1945 2701 δὲ

358 2737 525 2806 λέγει,
550 2735 788 2790 τοιοῦτόν
812 2739 980 2790 ἐστιν·
1011 2736 1069 2789 Ὀ
1086 2735 1180 2789 τοῦ
1197 2735 1494 2805 φιλοψύχου
1513 2737 1647 2791 Θεοῦ
1661 2738 1824 2809 νόμος
1841 2755 1946 2792 ἰτα⁴

362 2829 712 2901 ρακελεύεται
738 2829 812 2900 μὴ
829 2827 1160 2889 ἀθετεῖσθαι,
1186 2829 1321 2899 μήτε
1340 2829 1768 2900 κακηγορεῖσθαι
1788 2829 1946 2882 πατέ-

364 2937 480 2991 ρας,
512 2918 653 2973 καθὰ
688 2918 1126 2991 προγέγραπται·
1156 2917 1231 2981 ὡς
1259 2918 1304 2970 δ’
1335 2914 1404 2971 αὖ
1440 2919 1605 2973 πάλιν
1630 2919 1946 2988 ἀγαπᾶσθαι

361 3013 486 3074 τοὺς
511 3011 702 3074 παῖδας
730 3010 822 3064 ὑπ’
858 3008 1060 3075 αὐτῶν,
1089 3009 1186 3063 καὶ
1218 3008 1293 3081 μὴ
1315 3009 1743 3081 παροργίξεσθαι
1775 3028 1944 3082 προσ-

360 3106 566 3157 τάττει.
611 3104 684 3156 Τὸ
704 3102 760 3156 δὲ
794 3100 1142 3174 Ἰσραηλιτῶν
1179 3101 1298 3166 ἔθος
1326 3102 1578 3157 ἐϐούλετο
1597 3104 1825 3157 ἕκαστον
1852 3103 1945 3157 τοῦ

362 3195 490 3250 λαοῦ
503 3237 514 3258 ,
534 3196 659 3263 ἀφιε
668 3191 861 3264 ροῦντα
876 3191 1064 3245 ἑαυτὸν
1075 3191 1155 3262 τῷ
1165 3192 1295 3262 ναῷ,
1316 3194 1524 3265 φανερά
1536 3195 1671 3264 πρὸς
1682 3194 1778 3265 τὴν
1789 3194 1850 3247 δύ
1857 3211 1949 3246 να-

276 3319 289 3327 -
367 3302 458 3355 μιν
490 3258 822 3355 προσφέρειν
871 3282 950 3352 τῷ
995 3258 1147 3352 ἱερῷ,
1202 3258 1358 3336 ἅτινα
1389 3258 1606 3351 ἐλέγετο
1634 3258 1872 3354 Κορϐάν,
1916 3284 1946 3337 δ
1973 3258 2018 3321 c

365 3371 729 3445 ἑρμηνεύεται
792 3371 1009 3440 δῶρον,
1055 3371 1130 3434 ὡς
1183 3371 1246 3443 δὴ
1288 3372 1366 3441 τῷ
1420 3373 1538 3443 Θεῷ
1571 3373 1940 3443 ἀνακείμεναι

365 3473 558 3543 κέρδος
586 3470 642 3526 δὲ
672 3471 880 3540 ἐγίνετο
903 3472 1011 3525 τῶν
1051 3472 1258 3541 ἱερέων.
1293 3468 1567 3540 Ὀκντρῶς
1602 3462 1946 3543 οῦνρὲχόντων

368 3567 603 3637 μάλιστα
626 3566 735 3619 τῶν
770 3566 1010 3638 πατράσι
1039 3564 1105 3619 τὰ
1125 3565 1395 3633 ἀναγκαῖα
1426 3561 1681 3632 χορηγεῖν
1707 3556 1945 3627 ὀφειλόν-

364 3675 473 3710 των
503 3659 636 3728 πρὸς
664 3657 818 3710 τοῦτο
844 3657 905 3710 τὸ
936 3656 1130 3727 δῶρον,
1193 3656 1288 3709 καὶ
1327 3653 1507 3716 καλῶς
1544 3651 1831 3719 λεγόντων,
1862 3649 1944 3703 ὅτι

366 3748 428 3799 οὐ
457 3746 673 3817 θεμιτὸν
703 3747 789 3803 τὸν
817 3748 1100 3818 ὀφείλοντα
1138 3747 1211 3817 μὴ
1241 3746 1519 3809 ἀποτῖσαι,
1558 3743 1791 3814 μάλιστα
1830 3744 1943 3804 τοῖς

363 3838 697 3908 γενομένοις·
725 3841 772 3892 οἱ
828 3840 991 3910 ἱερεῖς
1023 3837 1402 3905 νεαλογοῦντες
1455 3835 1753 3898 ἐδίδασκον,
1803 3832 1942 3886 ὥστε

363 3930 490 3993 τοὺς
520 3928 845 3999 γενομένους
894 3928 1091 4000 μᾶλλον
1121 3929 1154 3998 ἢ
1184 3927 1247 4003 to
1272 3925 1607 3998 προσφέρειν
1645 3924 1819 3996 δῶρον
1838 3941 1944 3977 πα-

366 4019 682 4090 ραϐλέπειν,
733 4020 826 4075 καὶ
850 4020 1058 4082 τέκνοις
1088 4017 1400 4071 ὑπετίθεντο
1429 4016 1612 4084 λέγειν
1670 4016 1942 4079 τοκεῦσιν,

363 4113 448 4164 ὅτι
478 4110 559 4163 Τὰ
587 4110 855 4181 προσόντα
899 4111 1053 4180 ἡμῖν,
1107 4109 1278 4181 δῶρόν
1339 4110 1505 4170 ἐστιν,
1544 4108 1637 4162 καὶ
1668 4109 1806 4178 ὅπερ
1848 4107 1944 4162 ἐὰν

365 4201 602 4273 λήψεσθε
657 4205 786 4273 παρ’
819 4202 999 4271 ἡμῶν,
1025 4200 1184 4254 τοῦτο
1225 4199 1333 4254 ἀπὸ
1362 4198 1456 4252 τοῦ
1495 4198 1666 4269 δώρου
1694 4198 1788 4251 τοῦ
1842 4199 1943 4269 ἤδη

366 4293 780 4362 ὑποσχεθέντος,
833 4292 866 4363 ἢ
901 4288 1271 4355 ἀνατεθέντος,
1308 4290 1497 4363 ὥσπερ
1522 4289 1600 4361 τῷ
1639 4289 1758 4360 Θεῷ
1790 4292 1946 4359 ἀφαι-

370 4384 578 4453 ρεῖσθε·
604 4383 946 4454 κατεχόμεθα
972 4383 1100 4454 γὰρ,
1128 4384 1312 4452 φησὶν,
1340 4382 1419 4447 τῷ
1445 4383 1572 4454 περὶ
1594 4382 1755 4451 εὐχῆς
1777 4381 1941 4451 λόγῳ,

368 4473 447 4542 τῷ
481 4474 773 4538 κελεύοντι,
833 4473 1129 4544 εὐξάμενον
1178 4473 1505 4527 ἀποδιδόναι.
1550 4472 1748 4526 Ἐλθὼν
1771 4468 1862 4525 οῦν
1915 4472 1945 4523 ό

368 4564 500 4628 Θεὸς
525 4565 693 4634 Λόγος
727 4565 855 4637 [156
896 4565 951 4637 b]
1000 4566 1028 4618 ὁ
1059 4564 1134 4636 μὴ
1167 4564 1225 4631 ἐξ
1271 4565 1479 4628 ἐνδείας
1541 4563 1743 4632 γονέων
1780 4563 1940 4626 αὐτὸς
1974 4586 2017 4642 ι)

368 4655 633 4726 τιμᾶσθαι
666 4656 1007 4727 βουλόμενος,
1068 4657 1205 4725 μήτε
1244 4655 1484 4726 πατέρας
1514 4653 1642 4707 υἱῶν
1683 4653 1938 4723 ἀτιμοτέ-

374 4763 497 4815 ρους
530 4748 814 4819 ὑπάρχειν,
848 4747 982 4800 ά).λά
1012 4748 1146 4817 μήτε
1178 4745 1398 4809 τούτους
1441 4744 1687 4806 ἐκείνων,
1719 4744 1814 4797 καὶ
1844 4742 1942 4815 τὴν

372 4837 759 4910 προλεχθεῖσαν
795 4839 970 4910 εὑρὼν
1018 4838 1189 4908 ἀσεϐῆ
1235 4837 1341 4890 τῶν
1386 4838 1576 4908 ἱερέων
1621 4836 1940 4907 παράδοσιν,

445 5035 558 5103 (τϐ)
588 5034 650 5088 lu
676 5037 841 5099 primo
872 5035 1034 5105 λόγῳ.
1074 5034 1327 5105 Quisnam
1360 5045 1441 5087 est
1484 5036 1687 5101 primus
1720 5034 1818 5105 iste
1846 5032 1935 5086 λόά

370 5106 505 5173 γοςὶ
533 5106 586 5158 lu
615 5107 787 5170 primo
814 5103 1026 5172 quidem
1056 5103 1211 5168 hujus
1237 5106 1414 5170 operis
1440 5105 1594 5166 libro,
1624 5114 1716 5158 aut
1741 5103 1932 5173 saltem

373 5172 427 5227 in
465 5176 551 5238 iis,
587 5188 707 5243 quae
738 5173 1346 5243 supersunt,rcapitiltus
1379 5175 1518 5226 nulla
1557 5176 1614 5227 lit
1661 5173 1820 5240 hujus
1853 5172 1930 5226 rei

377 5242 615 5297 mentio.’
639 5242 965 5297 Memoratur
990 5242 1132 5296 enim
1169 5242 1429 5295 duntaxat
1460 5244 1634 5297 obiter
1663 5243 1714 5295 in
1739 5258 1935 5297 secun-

375 5316 446 5380 do
478 5314 579 5367 hoc
608 5312 746 5365 libro
775 5328 944 5380 segni.
982 5311 1085 5365 105
1132 5328 1182 5364 ιι.
1217 5311 1399 5379 Itaque
1434 5312 1559 5365 hinc
1606 5313 1768 5366 etiam
1811 5327 1939 5365 con-

378 5379 1187 5504 ﬂrttta'ré'Ivideturconjectura,
1237 5397 1399 5444 quam
1455 5381 1683 5435 iudicavi
1724 5392 1832 5435 not.
1884 5382 1940 5445 ‘2,

378 5465 498 5504 nae.
633 5488 648 5502 .

414 5465 498 5502 ἓξ.
527 5465 648 5502 ΊῦΙ.

375 5465 873 5587 Ρὲῗῖῖῗὲιιρενὶιιε.
916 5518 1116 5589 Nempe
1142 5533 1313 5589 segm.
1350 5517 1454 5589 106
1480 5537 1531 5573 a.

446 5588 562 5659 (78)
599 5590 901 5659 Ρτοεῑάειιε.
935 5588 1043 5643 lad
1072 5588 1343 5659 Coraxtv,
1377 5588 1467 5659 ξε.

442 5656 557 5728 (⁷79)
589 5658 784 5724 Quare.
843 5656 1143 5729 Mare._vu,
1183 5657 1564 5729 9-13.76ra2ca
1624 5656 1788 5712 editio
1844 5672 1942 5729 pro

375 5743 400 5779 α
424 5726 607 5793 quare.
632 5746 651 5778 ι
686 5729 845 5782 habet
877 5726 1075 5791 καλῶς,
1099 5728 1149 5778 id
1176 5736 1276 5780 est.
1309 5743 1327 5774 ι
1354 5728 1507 5779 bene.
1540 5745 1555 5775 ι

444 5796 558 5869 (80)
596 5796 823 5852 Corban.
878 5797 931 5849 in
980 5797 1184 5851 Grazcis
1215 5795 1400 5869 Bibliis
1447 5795 1530 5849 hic
1575 5796 1786 5853 additur
1840 5799 1939 5854 ista

694 5913 963 5973 Ρλτιιοι.
1012 5912 1127 5973 (in.
1176 5911 1477 5978 XXXIX.

2041 2016 2222 2070 facitis
2255 2025 2581 2086 praeceptum
2613 2016 2725 2077 Dei,
2764 2025 2819 2069 ut
2850 2012 3192 2090 traditionem
3231 2021 3466 2067 vestram
3497 2023 3616 2063 ser-

2039 2106 2216 2161 vetis?
2248 2106 2459 2179 Moyses
2516 2108 2661 2161 enim
2717 2105 2877 2177 295
2916 2104 3094 2161 dixit:
3136 2101 3351 2158 Honora
3407 2108 3613 2169 patrem

2042 2208 2215 2264 tuum,
2246 2210 2300 2256 et
2328 2212 2557 2256 matrem
2585 2209 2728 2254 tuam
2755 2215 2771 2264 ;
2803 2209 2896 2254 et:
2939 2198 3040 2264 Qui
3073 2193 3408 2251 maledixerit
3446 2192 3611 2261 patri,

2040 2291 2124 2345 vel
2156 2292 2337 2356 matri,
2376 2298 2549 2346 morte
2608 2296 2890 2346 moriatur.
2919 2287 3024 2344 Vos
3067 2296 3246 2342 autem
3286 2283 3516 2339 dicitis:
3556 2281 3613 2338 Si

2041 2382 2239 2438 dixerit
2260 2383 2420 2438 homo
2442 2382 2602 2453 patri,
2622 2390 2729 2437 aut.
2744 2381 2924 2446 matri,
2942 2379 3153 2435 Corban
3170 2375 3304 2448 (80),
3335 2373 3616 2447 quodcun-

2042 2487 2147 2540 que
2173 2488 2239 2526 ει
2284 2478 2373 2528 me
2418 2472 2511 2528 tibi
2541 2472 2868 2544 profuit(8|)
2896 2480 2988 2527 :et
3021 2469 3251 2539 amplius
3286 2482 3391 2523 non
3426 2467 3613 2521 dimit-

2047 2564 2159 2619 titis
2209 2578 2332 2618 eum
2382 2565 2675 2634 quidquam
2736 2563 2914 2619 facere
2961 2562 3098 2632 patri
3158 2575 3275 2625 suo,
3313 2567 3406 2613 aut
3453 2556 3613 2611 matri

2047 2669 2182 2717 sum,
2216 2654 2582 2709 rescindentes
2622 2654 2847 2708 verbum
2885 2652 2977 2707 Dei
3013 2667 3109 2721 per
3142 2650 3488 2704 traditionem
3523 2662 3616 2701 νει

2016 2753 2236 2798 "stram.
2275 2762 2295 2794 ι
2336 2743 2487 2810 Quod
2529 2754 2709 2798 autem
2745 2743 2846 2798 sibi
2879 2742 3013 2805 vult,
3045 2739 3345 2807 huiusmodi
3383 2747 3485 2793 est.
3519 2735 3612 2791 Dei

2047 2834 2348 2903 animarum
2397 2836 2628 2889 amantis
2660 2834 2743 2889 lex
2778 2843 2957 2903 patres
2989 2834 3195 2904 sperni,
3225 2833 3409 2901 eisque
3445 2830 3617 2885 male-

2047 2924 2153 2979 dici
2185 2934 2350 2990 vetat,
2379 2933 2437 2978 ιιι
2467 2927 2521 2979 in
2550 2925 2992 2981 antecedentibus
3015 2924 3192 2979 verbis
3216 2923 3474 2991 scriptum
3501 2930 3613 2982 est;

2046 3015 2191 3070 sicut
2218 3015 2458 3070 vicissim
2493 3014 2630 3069 ﬁlios
2656 3015 2724 3069 ab
2750 3014 2881 3079 ipsis
2908 3013 3153 3084 diligi,et
3180 3012 3246 3068 ad
3282 3012 3615 3066 iracundiam

2049 3123 2154 3161 non
2208 3107 2487 3176 provocari
2504 3106 2613 3177 (82)
2655 3105 2826 3176 jubet.
2888 3106 3256 3161 Israelifarum
3306 3117 3432 3158 vero
3489 3118 3619 3157 con-

2049 3199 2282 3254 suetudo
2310 3213 2749 3269 unumquemque
2769 3212 2799 3254 e
2826 3197 3020 3268 populo
3052 3197 3248 3266 templo
3285 3209 3405 3250 sese
3431 3212 3620 3253 conse-

2047 3302 2293 3346 crantem
2341 3289 2560 3357 jubebat
2612 3288 2806 3345 aﬂ'erre
2842 3305 2940 3358 pro
2984 3289 3190 3345 viribus
3241 3290 3527 3346 manifesto
3563 3292 3618 3345 in

2047 3382 2305 3451 templum
2336 3396 2421 3445 ea,
2459 3395 2576 3449 quae
2627 3381 2946 3435 dicebantur
2981 3380 3218 3447 Corban,
3259 3384 3401 3452 quod
3449 3382 3607 3436 inter-

2045 3482 2328 3540 pretamur
2363 3474 2580 3535 donum,
2622 3480 2806 3539 utpote
2848 3472 3102 3526 nimirum
3155 3472 3263 3527 Deo
3285 3474 3490 3539 dicata;
3534 3474 3620 3527 Iu-

2044 3577 2194 3616 crum
2236 3576 2365 3615 vero
2397 3562 2766 3616 sacerdotibus
2791 3561 3124 3632 obtingebat.
3161 3561 3293 3616 Cum
3334 3577 3467 3629 ergo
3521 3576 3616 3617 eos

2044 3637 2511 3722 potissimum,qui
2537 3652 3174 3727 necessaria-parentibus
3204 3654 3617 3709 subministrare

2044 3745 2329 3804 debebant,
2359 3745 2559 3797 donum
2590 3741 2693 3796 hoc
2722 3739 2914 3796 aﬂ'erre
2940 3741 3164 3811 pigeret,
3194 3756 3257 3797 ac
3294 3751 3442 3798 recte
3471 3742 3612 3799 dice-

2030 3845 2184 3913 rent,
2220 3834 2371 3889 nefas
2415 3848 2535 3889 esse
2571 3834 2656 3888 cui
2691 3833 2908 3898 debeas,
2947 3847 3069 3887 non
3103 3833 3346 3899 reddere,
3382 3848 3615 3903 praeser-

2046 3929 2139 3982 tim
2182 3926 2516 3997 genitoribus
2539 3924 2673 3996 (83),
2731 3939 2899 3978 novas
2946 3925 3258 3979 sacerdotes
3302 3925 3616 3981 invehentes

2045 4018 2338 4080 doctrinas,
2370 4016 2646 4084 genitores
2692 4015 2870 4085 potius
2918 4016 3264 4085 negligendos
3304 4030 3426 4072 esse
3455 4017 3616 4072 doce-

2044 4107 2194 4170 bant,
2225 4120 2386 4174 quam
2431 4105 2556 4159 doni
2599 4104 2925 4165 oblationem
2977 4107 3351 4173 omittendam,
3389 4117 3444 4162 et
3479 4108 3616 4163 illius

2045 4196 2159 4250 haec
2187 4210 2372 4250 eorum
2413 4197 2726 4266 parentibus
2756 4198 2935 4251 dicere
2961 4195 3251 4263 iubebant:
3286 4197 3417 4263 Quae
3449 4198 3616 4268 habe-

2046 4303 2185 4349 mus,
2212 4288 2409 4341 donum
2430 4297 2581 4351 sunt,
2608 4296 2664 4342 et
2690 4288 3045 4357 quodcunque
3069 4303 3097 4341 a
3130 4289 3282 4343 nobis
3314 4291 3611 4359 accipietis,

2044 4377 2097 4432 id
2124 4377 2284 4431 veluti
2318 4378 2429 4433 Deo
2459 4378 2717 4444 aufertis;
2744 4393 2812 4433 ex
2842 4379 2982 4434 dono
3015 4380 3208 4449 quippe
3233 4381 3285 4435 id
3309 4380 3612 4444 detrahitis,

2044 4470 2185 4536 quod
2228 4470 2340 4538 jam
2395 4471 2742 4538 promissum,
2797 4481 2891 4525 aut
2927 4484 3302 4528 consecratum
3348 4483 3435 4531 est
3470 4493 3484 4531 :
3523 4477 3614 4532 illo

2045 4559 2187 4611 enim
2239 4557 2371 4628 legis
2423 4560 2749 4625 testimonio,
2800 4576 2864 4617 ac
2915 4573 3181 4634 praecepto
3221 4567 3617 4637 obstringimur

2047 4650 2308 4721 (aiebant)
2340 4653 2482 4720 quod
2514 4652 2579 4707 de
2613 4661 2739 4707 voto
2781 4653 2948 4707 latum
2979 4663 3085 4717 est,
3127 4671 3251 4711 cum
3294 4658 3359 4721 is,
3398 4661 3487 4729 qui
3517 4662 3611 4715 vo-'

2048 4743 2204 4805 verit,
2252 4742 2475 4798 reddere
2528 4743 2781 4813 iubeatur
2816 4745 2953 4816 (84).
2987 4745 3219 4803 Veniens
3270 4750 3433 4820 igitur
3472 4752 3616 4806 Deus

2050 4834 2307 4899 Verbum,
2330 4836 2421 4904 qui
2459 4850 2523 4890 ex
2556 4846 2839 4906 parentum
2877 4838 3165 4909 indigentia
3212 4841 3466 4895 honorari
3502 4842 3615 4912 ipse

2044 5024 2480 5160 mterpre'tatio:
2543 5037 2613 5092 ⁸⁸0
2668 5039 2784 5093 ἑστι
2834 5039 3028 5111 δῶρον,
3065 5042 3117 5095 id
3164 5053 3266 5107 est,
3316 5046 3618 5114 «quod-cst

2115 5121 2259 5159 num.
2293 5124 2312 5156 ι

2421 5177 2638 5246 profuit.
2687 5177 2873 5234 Graeca
2920 5180 3107 5247 editio,
3152 5181 3464 5255 ὠφεληθῇς,
3520 5200 3618 5255 pro

2045 5262 2350 5316 ωφελτυης.

2123 5284 2234 5393 (ξε)
2274 5316 2354 5368 Ad
2385 5315 2736 5383 iracundiam,
2768 5327 2871 5375 etc.
2909 5318 3038 5374 Vide
3081 5319 3248 5390 Epist.
3298 5323 3365 5376 ad
3412 5320 3614 5393 Epitcs.

2049 5385 2609 5530 ἸΪΙἐθιξδ)(ἱεηίιονὶιζιη.
2646 5455 2845 5530 Codex,
2896 5461 3026 5530 tot;
3046 5459 3378 5529 γενομένοις.
3418 5460 3621 5530 Lege".

2050 5522 2176 5576 dum
2199 5527 2429 5599 videtur,
2452 5527 2572 5599 rei;
2590 5527 2970 5599 γεννωμένοις.
2997 5522 3280 5599 Similique
3306 5522 3465 5586 modo
3492 5522 3616 5587 ἶιιοκ

2047 5607 2166 5666 ιιι-ιιΔ
2178 5592 2518 5666 γενομένους,
2558 5592 2676 5666 lego
2701 5592 3089 5666 γεννωμένους.

2120 5660 2233 5732 (84)
2265 5660 2541 5740 labentur.
2574 5660 3092 5740 VideLevitﬁLAxxvti,
3117 5667 3190 5735 2;
3225 5667 3385 5726 Num.
3417 5685 3493 5740 vx,
3521 5669 3611 5740 εις

2050 5744 2101 5785 et
2144 5749 2268 5796 xxx,
2303 5733 2368 5797 ὃς
2403 5744 2452 5786 ει
2488 5734 2640 5787 Deut.
2678 5748 2832 5797 χχιιι,
2860 5733 2949 5789 ‘29.

3225 5921 3301 5982 2’s
