4134 6444
381 31 484 39 μη-...μ
495 33 596 39 ...η-..-

502 474 599 526 ΤΠ

502 585 737 649 uolebat,
770 593 941 648 neque
983 584 1163 648 patres
1201 574 1342 636 filiis,
1385 586 1482 625 nec
1519 571 1752 626 vicissim
1803 571 1938 624 filios
1973 586 2064 639 pa-

2185 571 2424 634 ;ναντίως
2448 570 2675 639 ἔχουσαν
2708 567 2840 638 πρὸς
2865 565 2962 637 τὴν
3006 565 3156 619 ὁσίαν
3190 563 3353 618 αὑτοῦ
3390 563 3630 636 ἐντολὴν,
3667 568 3759 634 ἐγ·-

502 674 743 729 rentibus
771 667 1205 726 iultouoratiores
1236 677 1351 717 esse
1386 661 1615 724 volebat,
1651 677 1713 714 ac
1753 660 2060 729 praedictam

1695 455 1706 458 ’
1740 456 1975 512 [ηυγιιι
2015 455 2491 512 ALEXANDRlNl

3645 452 3756 512 7-53

2172 661 2322 712 καλεῖ
2348 660 2414 713 τὰ
2446 658 2913 731 μνημονευθέντα.

503 767 780 822 inveniens
844 763 1062 832 impiam
1115 755 1455 810 sacerdotum
1509 753 1884 816 tradititmem,
1944 762 2062 821 quae
2101 764 2288 806 sancto
2331 751 2447 820 ejus
2522 758 2788 821 praecepto
2835 747 3242 810 adversabatur,
3322 747 3412 802 illa
3460 747 3760 817 exprobrat

502 857 806 919 l'ltarismis,
835 868 956 923 qua:
988 853 1406 905 commemorata
1435 855 1584 896 sunt.

1105 935 1254 990 CAP.
1301 932 1464 989 XXV.

571 1045 701 1096 Cum
770 1051 896 1106 ergo
963 1031 1279 1088 sublimium
1352 1026 1761 1092 divinorumque
1835 1030 2070 1077 textuum

503 1130 810 1188 trstimouio
841 1125 1113 1196 probetur,
1145 1121 1404 1188 Sp‘ritum
1439 1125 1684 1171 sanctum
1719 1123 1982 1170 oomterne
2003 1127 2071 1167 ex

504 1241 629 1290 una,
663 1232 717 1277 et
772 1234 1020 1291 suprema
1073 1215 1251 1270 divina
1299 1221 1486 1266 natura
1534 1209 1805 1272 eluxisse,
1841 1221 2072 1271 eumque

503 1313 795 1369 secundum
826 1305 1114 1364 essen-tiam
1141 1315 1194 1357 et
1222 1300 1539 1372 potentiam,
1567 1313 1720 1368 atque
1755 1310 1818 1350 ac
1859 1295 2070 1349 Patrem

504 1404 670 1474 296
716 1411 768 1454 ct
801 1399 1018 1459 Filium,
1070 1396 1186 1448 sine
1239 1391 1342 1446 ulla
1397 1387 1756 1458 discrepantia
1803 1386 2070 1440 infinitum

504 1509 646 1555 esse,
686 1499 740 1544 et
781 1484 1260 1554 incorruptibilem,
1293 1489 1346 1537 et
1383 1480 1598 1550 propria
1635 1485 1896 1546 potestate
1937 1491 2072 1545 pra:-

505 1582 698 1644 ditmn,
723 1587 777 1632 et
802 1577 1023 1634 bonum,
1052 1583 1104 1627 et
1127 1579 1393 1634 sanetum,
1420 1581 1473 1623 et
1501 1567 1678 1620 omnia
1707 1567 1924 1626 habere,
1956 1580 2074 1634 qua:

505 1682 661 1724 antea
708 1669 850 1721 dicta
910 1675 1056 1729 sunt,
1091 1665 1224 1716 adeo
1279 1670 1336 1715 ut
1388 1675 1452 1713 ex
1503 1659 1619 1727 ipso
1665 1671 2073 1725 cognoscamus,

508 1761 672 1813 Deum
711 1757 761 1809 in
798 1753 954 1808 nobis
978 1752 1257 1815 habitare;
1296 1762 1524 1816 cumque
1563 1747 1739 1810 Pater,
1767 1746 1890 1797 dum
1927 1743 2072 1798 illum

506 1851 744 1905 declarat
780 1859 900 1900 esse
951 1843 1118 1913 ipsius
1168 1839 1466 1910 Spiritum,
1531 1835 1813 1890 manifesto
1848 1828 2149 1933 testetttrB

505 1943 691 2005 etiam,
751 1953 874 1994 eum
910 1937 1010 2006 ipsi
1059 1929 1576 1989 consubstantialem
1625 1941 1762 1991 esse,
1813 1935 1866 1980 et
1910 1925 2074 1978 Deum

507 2039 849 2098 iuereatum;
900 2042 1131 2096 cumque
1173 2041 1237 2080 ne
1276 2024 1443 2079 Filius
1491 2021 1704 2092 quidem
1757 2021 2076 2090 dedignatus

508 2127 598 2186 sit,
638 2123 708 2178 ob
745 2119 1198 2179 communionem,
1227 2098 1386 2184 quam
1411 2127 1530 2166 eum
1566 2111 1880 2181 ipsoltabet,
1915 2108 2082 2163 deita-

510 2217 598 2270 tis.
635 2223 691 2267 et
721 2210 893 2280 regni,
921 2218 975 2263 et
995 2207 1196 2278 glorize,
1235 2215 1289 2260 et
1324 2205 1374 2258 iu
1414 2204 1528 2272 ipso
1560 2201 1706 2270 ungi,
1741 2209 1796 2253 et
1821 2215 1942 2255 eum
1971 2212 2080 2252 ma-

509 2315 724 2359 nentem
752 2301 891 2370 apud
925 2300 1096 2367 ipsum
1116 2296 1408 2358 babere,et
1441 2307 1534 2358 per
1568 2289 1912 2360 semetipsum
1939 2288 2079 2343 illius

509 2397 792 2449 adventum
832 2389 1216 2459 praenuntiam,
1259 2395 1314 2440 et
1355 2383 1716 2452 aequalitatem
1769 2380 1994 2434 honoris
2029 2379 2076 2433 ei

510 2488 768 2548 tribuere,
796 2498 958 2553 quant
988 2479 1278 2549 Apostolus
1316 2477 1477 2531 etiam
1505 2473 1760 2535 servavit,
1801 2471 1894 2540 qui
1926 2487 2076 2526 eom-

509 2576 925 2632 tnuuieationem
981 2584 1194 2641 quoque
1233 2578 1286 2622 et
1335 2568 1593 2621 unitatem
1637 2563 1802 2632 ipsius
1843 2577 2079 2618 comme-

510 2671 766 2733 moravit;
819 2676 872 2722 et
912 2680 1030 2720 cum
1079 2661 1324 2716 similiter
1375 2673 1563 2713 onmcs
1611 2656 1729 2710 alia:
1783 2656 2078 2723 Scriptura:

507 2777 668 2816 unam
727 2772 848 2814 esse
892 2755 1124 2811 divinam
1173 2763 1416 2806 naturam
1463 2747 1768 2810 ostendant,
1819 2755 1872 2799 et
1915 2760 2077 2798 unum

508 2867 698 2907 nomen
734 2865 852 2905 esse
901 2847 1082 2902 dicant
1113 2855 1322 2898 summe
1355 2837 1680 2894 honoranda:
1713 2834 1998 2912 Trinitati,
2029 2845 2080 2886 et

507 2944 654 2996 illum
690 2942 740 2993 in
780 2937 964 3002 tantis,
992 2943 1046 2989 et
1076 2932 1274 2987 talibus
1303 2931 1478 2995 donis,
1517 2936 1608 2982 aut
1642 2926 1801 2981 simul
1845 2941 1964 2979 cum
1996 2923 2080 2978 Fi-

510 3031 582 3084 lio
621 3028 907 3086 collucent.
949 3031 1041 3076 aut
1085 3021 1249 3076 etiam
1295 3033 1536 3073 seorsum
1580 3017 1751 3083 ipsum
1781 3015 1846 3068 de
1883 3014 2079 3068 divinis

508 3119 765 3188 operibus
801 3126 854 3170 et
885 3113 1170 3166 virtutibus
1198 3110 1480 3179 loquentes
1519 3114 1842 3169 memorent,
1877 3115 1929 3159 et
1953 3121 2074 3160 eum

2806 928 2964 984 ΚΕΦ.
2998 927 3108 980 'K‘E'
3123 968 3134 981 .

2261 1017 2584 1087 Ὑπερφυῶν
2611 1017 2787 1070 τοίνυν
2805 1018 3134 1084 ἀποδείξεων
3165 1014 3581 1087 μαρτυρουσῶν,
3598 1015 3680 1070 ὅτι
3697 1017 3761 1070 ἐκ

2177 1114 2275 1181 τῆς
2297 1111 2427 1180 μιᾶς
2451 1111 2542 1164 καὶ
2562 1109 2824 1164 ἀνωτάτω
2849 1109 3037 1180 θεῖκῆς
3054 1108 3266 1178 φύσεως
3299 1102 3539 1178 ’ἐξεφάνη
3575 1112 3762 1161 συναῖ-

2173 1202 2304 1263 δίως
2324 1201 2384 1253 τὸ
2413 1202 2566 1269 ἅγιον
2587 1201 2826 1270 Πνεῦμα,
2851 1200 2941 1252 καὶ
2959 1198 3070 1270 ἔχει
3093 1199 3236 1252 κατά
3255 1215 3313 1251 τε
3335 1197 3434 1267 τὴν
3454 1197 3643 1251 οὐσίαν
3668 1200 3761 1250 καὶ

2178 1293 2276 1362 τὴν
2297 1291 2525 1362 δύναμιν
2543 1293 2602 1345 τὸ
2619 1293 2866 1364 ἄπειρον,
2886 1293 2978 1344 καὶ
2998 1291 3058 1344 τὸ
3071 1291 3366 1363 ἄφθαρτον,
3383 1289 3477 1343 καὶ
3495 1290 3556 1342 τὸ
3570 1289 3761 1355 αὐτεξ-

2179 1382 2379 1446 ούσιον,
2407 1384 2502 1436 καὶ
2518 1383 2577 1436 τὸ
2605 1383 2828 1453 ἀγαθὸν,
2859 1385 2954 1437 καὶ
2981 1383 3039 1436 τὸ
3077 1383 3251 1452 ἅγιον,
3281 1382 3376 1436 καὶ
3406 1381 3476 1434 τὰ
3502 1399 3765 1453 προειρηο

2182 1472 2319 1538 μένα
2350 1473 2527 1526 πάντα
2559 1473 2993 1543 ἀπαραλλάκτως
3024 1473 3158 1544 πρὸς
3184 1473 3275 1524 τὸν
3306 1471 3524 1543 Πατέρα
3554 1470 3764 1525 καὶτὸν

2182 1561 2308 1614 Υἱὺν
2339 1560 2531 1627 οὕτως,
2581 1561 2720 1615 ὥστε
2757 1562 2816 1626 ἐξ
2865 1561 3030 1614 αὐτοῦ
3082 1556 3441 1633 γνωρίζεσθαι
3483 1561 3577 1616 τὸν
3627 1559 3763 1614 Θεὸν

2179 1655 2346 1706 οἰκεῖν
2365 1654 2423 1706 ἐν
2457 1656 2608 1724 ἡμῖν·
2644 1654 2738 1706 καὶ
2765 1653 2858 1706 τοῦ
2893 1654 3111 1724 Πατρδς
3142 1653 3392 1722 ἐκφανῶς
3415 1652 3504 1706 διὰ
3531 1653 3624 1707 τοῦ
3646 1651 3763 1708 δει-

2183 1743 2365 1797 κνύειν
2408 1745 2628 1815 Πνεῦμα
2659 1743 2825 1798 αὐτοῦ
2865 1739 3006 1798 εἶναι
3043 1744 3172 1798 αὐτὸ
3207 1745 3629 1816 μαρτυροῦντος,
3675 1747 3759 1799 ὅτι

2181 1837 2275 1890 καὶ
2303 1838 2583 1907 ὁμοοὺσιον
2607 1830 2776 1908 αὐτῷ,
2832 1839 2925 1892 καὶ
2961 1837 3094 1901 Θεὸς
3135 1838 3399 1909 ἀγένητος
3438 1840 3605 1892 ἐστιν·
3660 1842 3760 1893 οὐκ

2180 1929 2590 1993 ἀπαξιώσαντος
2627 1931 2683 1984 δὲ
2735 1929 2858 1983 οὔτε
2884 1930 2977 1983 τοῦ
3013 1930 3165 1992 Υίοῦ,
3203 1930 3293 1984 διὰ
3330 1930 3428 2001 τὴν
3456 1933 3584 2002 περὶ
3626 1933 3758 1986 αὐτὸ

2180 2021 2274 2089 τῆς
2301 2021 2571 2090 θεότητος,
2607 2022 2700 2075 καὶ
2751 2021 3048 2091 βασιλείας,
3099 2022 3193 2074 καὶ
3238 2020 3396 2092 δόξης
3450 2024 3754 2076 κοινωνίαν·

2181 2111 2271 2164 καὶ
2322 2113 2379 2163 ὲν
2409 2101 2555 2180 αὐτῷ
2601 2111 2911 2182 χρισθῆναι,
2959 2110 3052 2163 καὶ
3088 2110 3231 2180 ἔχειν
3275 2109 3406 2163 αὐτὸ
3437 2111 3596 2180 μένον
3631 2112 3758 2184 παρ’

2179 2203 2349 2273 αὐτῷ,
2400 2203 2492 2256 καὶ
2535 2202 2600 2256 δι’
2628 2202 2824 2255 ἑαυτοῦ
2865 2201 3282 2273 προεξαγγεῖλαι
3326 2203 3423 2274 τὴν
3464 2205 3759 2276 ἐπιδημίαν

2179 2295 2366 2360 αὑτοῦ,
2403 2296 2498 2348 καὶ
2524 2294 2622 2365 τὴν
2652 2294 2922 2365 ἰσοτιμίαν
2963 2294 3111 2365 αὐτῷ
3153 2295 3479 2365 ἀπονεῖμαι,
3506 2297 3571 2368 ἣν
3606 2298 3700 2351 καὶ
3730 2300 3761 2352 ὁ

2193 2374 2512 2450 Ἀπόστολος
2535 2385 2820 2455 ἐφύλαξεν,
2864 2384 2944 2437 ἔτι
2974 2385 3028 2439 δὲ
3074 2387 3168 2438 καὶ
3191 2388 3473 2440 κοινωνίαν
3511 2388 3603 2440 καὶ
3645 2389 3761 2443 ἑνό-

2177 2495 2314 2548 τητα
2353 2475 2518 2532 αὐτοῦ
2547 2476 2801 2548 ἔγραψεν·
2841 2476 3041 2546 ὁμοίως
3073 2477 3130 2530 δὲ
3169 2478 3264 2531 καὶ
3298 2479 3489 2531 πασῶν
3519 2479 3626 2531 τῶν
3663 2478 3756 2533 ἀλ-

2178 2570 2283 2622 λων
2321 2569 2552 2640 Γραφῶν
2590 2569 2716 2639 μίαν
2747 2563 2884 2621 εἷναι
2928 2566 3088 2636 φύσιν
3136 2565 3284 2620 θείαν
3317 2569 3608 2640 δηλουσῶν,
3663 2569 3758 2623 καὶ

2179 2662 2235 2714 ἓν
2276 2662 2447 2731 ὄνομα
2484 2665 2548 2731 τῇ
2593 2659 2851 2730 παντίμῳ
2899 2659 3089 2731 Τριάδι
3133 2659 3406 2728 λεγουσῶν
3438 2701 3453 2725 ,
3489 2664 3583 2714 καὶ
3631 2678 3756 2714 συν.

2177 2754 2481 2808 ταττουσῶν
2543 2753 2676 2807 αὐτὸ
2750 2754 2809 2804 ὲν
2889 2752 3167 2814 τοσούτοις
3252 2752 3346 2804 κςιύ⁵
3417 2752 3757 2824 τηλικούτοις

2179 2845 2532 2916 χαρίσμασιν,
2563 2843 2596 2913 ἢ
2641 2842 2777 2912 μετά
2822 2841 2914 2894 τοῦ
2962 2840 3117 2903 Υἱοῦ,
3145 2841 3178 2911 ἣ
3203 2842 3299 2894 καὶ
3323 2839 3449 2912 [157
3477 2839 3531 2912 a]
3585 2838 3754 2892 αὑτοῦ

2180 2935 2319 2989 κατά
2351 2935 2516 3004 μόνας
2541 2933 2633 2986 ἐπὶ
2661 2932 2858 2985 θεῖκῶν
2887 2931 3062 3001 ἔργων
3107 2931 3203 2984 καὶ
3226 2931 3503 3002 δυνάμεων
3551 2946 3758 3001 μνημοι

2179 3024 2466 3088 νευουσῶν,
2512 3025 2604 3078 καὶ
2651 3022 2928 3078 καλουσῶν
2962 3022 3093 3077 αὐτὸ
3127 3025 3246 3076 κατ’
3277 3023 3551 3095 ἐξαίρετον
3581 3021 3757 3076 Πνεῦ-

2183 3137 2258 3189 μα
2311 3119 2484 3186 ἅγιον,
2519 3117 2742 3187 Πνεῦμα
2763 3115 2859 3168 τοῦ
2889 3114 3045 3180 Θεοῦ,
3077 3117 3171 3170 καὶ
3200 3116 3262 3168 ἐκ
3288 3115 3380 3167 τοῦ
3408 3114 3564 3178 Θεοῦ,
3604 3115 3697 3168 καὶ
3733 3114 3762 3168 ὃ

512 3217 702 3260 vocent
737 3222 828 3275 per
865 3203 1242 3260 excellentiam
1293 3200 1551 3270 Spiritum
1603 3207 1870 3260 sant-tum,
1905 3197 2075 3267 Spiri-

2185 3210 2329 3280 παρὰ
2365 3209 2459 3264 τοῦ
2486 3210 2700 3281 Πατρδς
2742 3201 3118 3281 ἐκπορεύεται,
3158 3211 3249 3264 καὶ
3281 3210 3506 3281 Πνεῦμα
3539 3209 3619 3277 ἒν,
3667 3209 3759 3262 καὶ

512 3311 624 3352 tmn
663 3298 776 3361 Dei,
806 3306 862 3366 et
893 3312 956 3350 ex
993 3293 1103 3349 Deo
1141 3293 1511 3354 exsisteutem,
1543 3301 1594 3344 et
1621 3307 1647 3342 a
1690 3291 1847 3342 l’atre
1889 3303 2076 3359 proce-

511 3392 746 3450 dentem,
777 3397 830 3441 et
859 3386 1116 3456 Spiritum
1152 3398 1334 3446 tntum,
1356 3393 1410 3435 et
1441 3382 1699 3449 Spiritum
1733 3377 1995 3443 veritatis,
2027 3388 2078 3432 et

513 3480 771 3549 Spiritum
803 3477 1062 3541 divinum,
1086 3484 1140 3528 et
1170 3473 1378 3547 Flatum
1409 3471 1820 3540 Outnipoteutis,
1854 3483 1972 3538 qua:
1999 3468 2076 3522 vel

512 3571 622 3626 sola
661 3586 754 3638 per
787 3585 846 3623 se
881 3566 1151 3622 suﬂiciunt
1186 3575 1374 3620 contra
1419 3579 1608 3618 omnes
1649 3562 1926 3616 luereticas
1957 3575 2079 3628 per-

514 3663 830 3725 rersitates;
871 3672 1102 3726 cumque
1146 3655 1344 3710 erdem
1380 3663 1661 3714 testentur,
1695 3653 1836 3719 quod
1880 3666 1979 3704 nos
2025 3660 2080 3702 et

513 3753 605 3808 Dei
657 3753 796 3806 ﬁlios
843 3749 992 3814 facit,
1028 3757 1084 3802 et
1139 3748 1373 3810 deitieat,
1417 3755 1470 3798 et
1507 3745 1723 3808 liberat,
1761 3753 1814 3796 et
1866 3757 2076 3796 rursum

511 3853 679 3908 creat,
707 3854 760 3898 et
791 3854 1133 3910 peccatorum
1160 3840 1476 3892 remissione
1500 3838 1838 3905 dignatur,et
1869 3835 2081 3902 sapien-

514 3938 664 3999 tiam,
698 3950 764 3988 ac
797 3934 1158 4004 cognitionem
1186 3932 1338 3985 nobis
1371 3931 1593 4000 praebet,
1625 3938 1678 3981 et
1715 3943 1896 3991 omne,
1937 3927 2079 3993 quod

513 4027 716 4081 factum
754 4033 858 4090 est,
906 4026 1229 4089 sanctiﬁcat,
1268 4033 1321 4078 et
1360 4022 1542 4091 itnplet
1567 4021 1751 4074 orbem
1795 4029 2078 4079 terrarum,

514 4128 569 4171 et
597 4119 834 4172 eootinet
864 4119 1070 4180 Omnia,
1101 4126 1156 4170 et
1202 4116 1314 4184 ipse
1343 4119 1604 4169 caelorum
1633 4113 1862 4165 virtutes
1899 4110 2082 4164 ﬁrma-

513 4210 792 4276 vit,atque
817 4207 1276 4267 corroboravit,et
1307 4205 1355 4258 ei
1390 4202 1736 4258 descendenti
1764 4201 1884 4256 celi
1911 4200 2080 4268 aperti

516 4309 660 4362 sunt.
689 4309 741 4354 et
777 4315 807 4352 a
841 4299 1024 4352 nnmdi
1065 4295 1449 4350 CttltalilUliOlle
1474 4310 1635 4363 super
1668 4309 1837 4362 aquas
1872 4291 2082 4345 fereba-
2145 4303 2150 4307 ·

520 4405 626 4456 tur,
665 4407 865 4460 easque
902 4388 1293 4449 sanctilieabat,
1328 4398 1382 4441 et
1418 4386 1718 4455 prepltetis,
1751 4393 1913 4455 atque
1956 4401 2086 4455 apo-

518 4483 670 4538 stolis
697 4481 998 4550 inspiravit,
1041 4479 1292 4547 ipsosque
1319 4478 1465 4530 misit
1489 4487 1549 4530 ut
1581 4476 1859 4540 Dominus,
1895 4485 1950 4531 et
1978 4492 2081 4531 una

2180 3302 2404 3373 Πνεῦμα
2425 3301 2704 3372 ἀληθείας,
2737 3302 2831 3356 καὶ
2873 3302 3096 3373 Πνεῦμα
3136 3303 3298 3368 θεῖον,
3349 3303 3443 3356 καὶ
3467 3303 3614 3374 -Πνοὴ
3663 3301 3758 3356 τοῦ

2182 3394 2646 3464 Παντοκράτορος,
2703 3392 2738 3446 ἃ
2781 3394 2881 3446 καὶ
2929 3393 3062 3463 μόνα
3117 3394 3366 3464 αὐτάρκη
3396 3393 3532 3466 πρὸς
3578 3393 3761 3457 πάσας

2181 3485 2460 3556 αἱρετικὰς
2492 3484 2840 3555 διαστροφάς·
2865 3483 3252 3555 μαρτυρουσῶν
3277 3485 3352 3546 δὲ,
3389 3484 3469 3537 ὅτι
3502 3484 3595 3537 τοῦ
3624 3483 3762 3539 Θεοῦ

2181 3577 2326 3645 ἡμᾶς
2356 3577 2506 3638 υἱοὺς
2549 3578 2712 3641 ποιεῖ,
2755 3576 2850 3628 καὶ
2893 3575 3146 3638 θεοποιεί,
3186 3575 3281 3628 καὶ
3317 3574 3612 3648 ἐλευθεροῖ,
3667 3575 3762 3629 καὶ

2180 3663 2476 3726 ἀνακτίζει,
2513 3663 2606 3716 καὶ
2636 3655 2924 3734 ἁμαρτιῶν
2958 3663 3199 3732 ἀφέσεως
3231 3663 3390 3730 ἀξιοῖ,
3439 3665 3534 3718 καὶ
3571 3666 3764 3734 σοφίαν

2181 3757 2275 3808 καὶ
2297 3754 2498 3823 γνῶσιν
2535 3755 2788 3825 παρέχει,
2833 3756 2927 3807 καὶ
2978 3757 3084 3808 πᾶν
3115 3755 3176 3808 τὸ
3211 3758 3575 3826 πεποιημένον
3605 3758 3764 3825 ἁγιά-

2183 3844 2284 3908 ζει,
2329 3846 2424 3898 καὶ
2456 3846 2652 3915 πληροῖ
2680 3846 2776 3915 τὴν
2807 3848 2955 3899 οἰκον
2967 3847 3151 3917 μένην,
3173 3847 3263 3900 καὶ
3291 3847 3502 3918 συνέχει
3532 3848 3599 3902 τὰ
3628 3848 3765 3902 πάν·

2182 3955 2270 4001 τα,
2305 3938 2395 3989 καὶ
2420 3938 2549 3989 αὐτὸ
2577 3938 2684 3990 τῶν
2707 3938 2950 4008 οὐρανῶν
2977 3939 3211 4009 ἦδρασεν
3244 3941 3336 3991 καὶ
3366 3939 3644 4009 ἐνίσχυσεν
3665 3939 3763 4002 τὰς

2183 4027 2461 4096 δυνάμεις,
2498 4029 2591 4081 καὶ
2621 4028 2971 4100 ἀνεῴχθησαν
3026 4029 3175 4098 αὐτῷ
3206 4029 3619 4090 καταϐαίνοντι,
3671 4031 3766 4082 καὶ

2185 4121 2293 4174 ἀπὸ
2335 4122 2643 4192 καταϐολῆς
2681 4122 2884 4192 κόσμου
2928 4122 3226 4193 φερόμενον
3263 4122 3353 4174 επὶ
3397 4121 3503 4174 τῶν
3555 4122 3766 4175 ὑδάτων

2186 4210 2408 4280 ὴγίαζεν
2437 4211 2598 4272 αὐτὰ,
2650 4213 2743 4263 καὶ
2777 4205 3057 4282 προφήτας
3085 4211 3178 4263 καὶ
3206 4209 3532 4272 ἀποστόλους
3568 4209 3768 4279 ὲνήχη-

2188 4317 2277 4351 σεν
2331 4301 2422 4353 καὶ
2469 4299 2734 4370 ἐπεμψεν,
2775 4302 2850 4363 ὡς
2903 4301 3200 4370 Δεσπότης,
3252 4300 3342 4352 καὶ
3399 4301 3648 4368 συνεργεῖ
3686 4299 3767 4367 τῷ

2188 4392 2363 4462 Πατρὶ
2421 4392 2514 4446 καὶ
2568 4391 2644 4462 τῷ
2678 4391 2813 4462 Titi),
2875 4392 3032 4461 μόνος
3083 4408 3141 4442 τε
3197 4386 3334 4443 οἶδεν
3368 4390 3439 4442 τὰ
3471 4389 3562 4443 τοῦ
3608 4389 3764 4456 θεοῦ,

2190 4482 2332 4535 καθά
2357 4483 2385 4533 ὁ
2430 4483 2756 4552 Μονογενὴς,
2796 4482 2888 4535 καὶ
2941 4484 3066 4534 πνεῖ
3108 4481 3236 4535 ἔνθα
3272 4481 3618 4552 προείρηται,
3674 4480 3768 4534 καὶ

519 4593 638 4628 οηιιι
677 4574 853 4632 Patre.
881 4581 935 4624 et
984 4571 1117 4626 Filio
1151 4579 1487 4636 eooperatur,
1517 4577 1572 4621 et
1610 4569 1756 4644 solus
1783 4569 1934 4622 novit
1964 4583 2083 4636 qua!

2189 4575 2345 4628 Οεῖκᾶι
2386 4575 2748 4645 δωρεῖταιλὶκ
2797 4574 3064 4644 βούλεται,
3099 4573 3193 4645 καί
3238 4573 3364 4626 ναὸν
3404 4572 3516 4643 ἔχει
3553 4574 3642 4626 τόν
3677 4589 3766 4632 tm.-

519 4675 645 4720 sunt
677 4663 792 4727 Dei,
830 4663 1276 4732 quemadmodum
1315 4660 1649 4728 Unigenitus,
1697 4670 1765 4713 et-
1793 4660 1964 4728 spirat
1997 4661 2084 4712 ubi

522 4757 654 4817 vult,
683 4767 736 4808 et
764 4756 942 4808 divina
972 4755 1139 4808 donat
1173 4762 1231 4806 ut
1280 4753 1411 4817 vult,
1442 4763 1495 4806 et
1533 4751 1704 4804 fidelis
1753 4753 1909 4807 homo
1955 4764 2087 4805 ter-n-

523 4852 664 4915 plum
689 4849 856 4918 ipsius
882 4858 962 4901 est
987 4862 1139 4917 teque
1167 4862 1228 4899 ac
1262 4845 1457 4909 Patris,
1491 4856 1542 4898 et
1573 4845 1712 4898 sicut
1747 4845 1797 4898 in
1831 4845 2086 4898 honorem

520 4947 575 4992 et
625 4939 844 5008 gloriam
886 4939 1100 4991 deitatis
1151 4936 1414 5005 Uuigoniti
1460 4945 1702 4988 sanetum
1744 4937 1966 4995 Pascha,
2019 4936 2087 4986 ita

523 5030 657 5083 etin
691 5031 945 5083 honorem
983 5039 1034 5080 et
1095 5029 1320 5091 gloriam
1375 5025 1610 5093 Spiritus
1653 5025 1844 5079 festum
1903 5023 2090 5076 Perue-

525 5128 698 5172 rostes
728 5118 794 5170 ab
823 5116 978 5169 initio
1005 5115 1331 5168 celebratum
1365 5125 1467 5179 est,
1507 5122 1559 5166 t-t
1589 5114 1636 5166 ei
1685 5113 1952 5165 ministrat
1980 5111 2088 5164 Ga-

526 5208 658 5261 briel
699 5207 836 5261 sicut
876 5205 1227 5274 omnipotenti
1276 5205 1385 5258 Deo
1419 5204 1563 5257 Patri
1595 5221 1607 5256 :
1653 5201 1920 5271 quomodo
1955 5202 2093 5255 Deus

529 5314 630 5351 nou
679 5309 780 5359 est,
840 5299 1214 5352 lzzercticorum
1264 5297 1478 5365 quidem
1517 5295 1804 5358 sententia,
1851 5291 1956 5356 ille,
2001 5293 2090 5361 qui

528 5405 626 5444 nos
656 5390 1207 5459 deitieat?.quomodo
1259 5406 1361 5444 nou
1398 5400 1479 5443 est
1537 5389 1795 5441 Dominus
1852 5387 1958 5449 ille,
2002 5385 2094 5453 qui

530 5495 626 5534 nos
662 5482 906 5535 libertate
933 5482 1140 5535 donat?
1179 5481 1449 5548 quomodo
1483 5495 1585 5532 non
1620 5488 1700 5533 est
1731 5493 1844 5543 rex,
1886 5487 1940 5530 et
1979 5477 2094 5544 glo-

529 5573 770 5623 rilieatns
789 5571 953 5641 297
981 5571 1084 5635 ille,
1112 5572 1200 5640 qui
1239 5571 1286 5623 in
1323 5572 1519 5639 hymno
1549 5570 1704 5622 simul
1733 5585 1852 5623 cum
1882 5581 2094 5624 creatu-

535 5659 608 5713 ris
640 5659 806 5712 Deutn
840 5661 1057 5714 laudare
1102 5675 1204 5714 non
1236 5662 1478 5729 jubetur,
1511 5662 1708 5729 quique
1769 5675 1864 5712 nos
1907 5661 2096 5727 dignos

533 5749 682 5813 fecit,
717 5759 770 5802 ul
804 5767 898 5819 per
925 5751 1247 5820 baptismum
1279 5767 1691 5820 ttonrcgnetuus,
1727 5761 1780 5803 et
1827 5753 2094 5821 eonglori-

537 5837 756 5893 liecmur
804 5854 925 5895 cum
977 5841 1232 5896 Christo?
1268 5836 1410 5896 Nihil
1455 5841 1595 5896 enim
1629 5841 1679 5896 in
1730 5841 1793 5899 iis
1824 5843 2088 5909 omnibus,

2191 4669 2312 4720 στὸν
2352 4667 2636 4738 ἄνθρωπον
2687 4667 2816 4730 ἴσως
2863 4665 2944 4736 τῷ
2987 4666 3184 4737 Πατρὶ,
3236 4665 3329 4717 καὶ
3378 4665 3628 4735 καθάπερ
3687 4665 3770 4726 εἰς

2187 4758 2350 4829 τιμὴν
2396 4759 2487 4810 καὶ
2531 4756 2690 4821 δόξαν
2738 4757 2837 4827 τῆς
2877 4757 2968 4809 τοῦ
3023 4753 3360 4822 Μονογενοῦς
3421 4755 3673 4826 θεότητος
3707 4752 3774 4808 τὸ

2191 4851 2342 4917 ἅγιον
2373 4848 2583 4916 Πάσχα,
2617 4845 2766 4900 οὕτω
2806 4847 2900 4899 καὶ
2936 4845 3030 4899 τοῦ
3067 4846 3382 4916 Πνεῦματος
3429 4844 3644 4917 ήὲορτὴ
3672 4846 3772 4915 τῆς

2191 4937 2568 5009 Πεντηκοστῆς
2589 4937 2649 5000 εξ
2677 4939 2851 5008 ἀρχῆς
2886 4937 3240 5010 ἐπετελέσθη,
3275 4939 3368 4991 καὶ
3400 4937 3636 4990 διακονεί
3669 4936 3770 4990 αὑ-

2191 5029 2268 5098 τῷ
2293 5030 2322 5080 ὀ
2358 5030 2395 5080 Γ
2400 5029 2617 5100 αϐριὴλ,
2648 5029 2724 5091 ὡς
2758 5029 2835 5099 τῷ
2866 5030 3262 5099 παντοκράτορι
3283 5028 3402 5098 Θεῷ
3434 5028 3627 5099 Πατρίο
3655 5026 3774 5090 πῶς

2192 5118 2332 5171 κατὰ
2365 5119 2673 5188 αἱρετικοῦς
2697 5119 2755 5170 οὐ
2800 5118 2932 5182 Θεὸς
2994 5121 3021 5171 ὸ
3055 5120 3200 5188 ἡμᾶς
3242 5118 3537 5182 θεοποιῶν;
3573 5116 3668 5170 καὶ
3711 5119 3772 5169 οὐ

2194 5210 2394 5279 Κύριος
2417 5213 2444 5262 ὁ
2477 5212 2622 5280 ἡμᾶς
2665 5209 2987 5280 ἐλευθερῶν,
3024 5212 3116 5264 καὶ
3137 5211 3198 5264 οὐ
3225 5211 3475 5281 βασιλεὺς
3501 5211 3594 5264 καὶ
3619 5209 3776 5274 δοξα-

2195 5301 2415 5372 ζόμενος
2447 5303 2476 5354 ὁ
2511 5303 2584 5373 μὴ
2640 5303 2824 5374 ὑμνῶν
2873 5303 3010 5373 μετά
3037 5304 3137 5371 τῆς
3169 5303 3418 5366 κτίσεως,
3463 5305 3496 5357 ’ὁ
3519 5304 3665 5373 ἡμᾶς
3688 5301 3776 5354 διὰ

2195 5393 2286 5446 τοῦ
2327 5394 2697 5465 βαπτίσματος
2727 5393 3184 5464 συμϐασιλεύσειν
3219 5397 3312 5448 καὶ
3353 5393 3774 5461 συνδοξασθήσε-

2200 5485 2320 5539 σθαι
2368 5486 2589 5558 Χριστῷ
2654 5486 3040 5553 καταξιώσων;
3086 5489 3195 5542 Καὶ
3241 5488 3347 5559 γὰρ
3376 5489 3440 5541 ἐν
3469 5489 3634 5542 πᾶσιν
3667 5489 3773 5549 τοῖς

2198 5575 2570 5647 προλεχθεῖσιν
2598 5577 2723 5649 [157
2751 5575 2802 5650 ὁ]
2841 5580 2972 5648 περὶ
3003 5579 3096 5632 τοῦ
3126 5579 3274 5633 θείου
3319 5579 3654 5650 Πνεύματος,
3687 5578 3773 5629 οὑ-

2197 5667 2283 5719 δὲν
2310 5668 2440 5721 ἴδιον
2471 5671 2790 5740 κτισμάτων
2814 5671 3148 5741 εὑρίσκεται,
3183 5671 3289 5724 οὐδ’
3324 5670 3566 5740 ὑπῆρξεν
3609 5668 3775 5739 οὐρα·-

2199 5756 2329 5819 νίοις
2377 5757 2668 5828 δυνάμεσιν
2714 5756 3258 5830 συμμνημονεύεσθαι
3307 5760 3398 5812 ἐπὶ
3443 5758 3629 5827 θεῖκῆς
3671 5756 3773 5809 δωο

2209 5850 2354 5918 ρεᾶς,
2417 5849 2446 5920 ἢ
2507 5851 2804 5921 ἐνεργείας,
2853 5851 2882 5920 ἦ
2941 5849 3246 5920 δοξολογίας
3311 5850 3445 5922 μετὰ
3500 5846 3593 5902 τοῦ
3640 5843 3775 5901 Θεοῦ
