4134 6426
623 386 719 439 ῖει

1858 379 2109 434 ’ΒΙΠῩΜΙ
2149 382 2618 437 ALEXANDRINI

3756 381 3866 433 73?.

617 506 759 560 enim
787 519 798 554 :
835 520 853 554 ι
883 502 1054 556 Omne
1081 501 1191 573 (94)
1222 508 1506 569 peccatum
1549 508 1600 554 et
1628 498 1960 568 blasphemia
1998 500 2178 554 remit-

2290 501 2382 553 καὶ
2410 500 2467 563 ὃς
2501 499 2567 553 ἂν
2606 502 2733 573 εἴπῃ
2767 500 2925 568 λόγον
2942 501 3085 553 ’κατὰ
3127 502 3218 555 τοῦ
3254 501 3380 554 Υἱοῦ
3410 499 3502 552 τοῦ
3550 497 3867 568 ἀνθρώπου,

622 606 762 650 tetur
796 593 1123 658 hominibus,
1173 591 1501 662 blasphemia
1532 606 1659 646 vero
1701 592 1751 645 in
1789 592 2048 660 Spiritum
2072 593 2180 659 (95)

620 702 722 740 non
756 686 1058 742 remittetur
1099 684 1246 753 ipsis.
1304 683 1368 736 Et
1404 683 1707 751 quicunque
1751 683 1940 736 dixerit
1977 697 2185 737 sermo-

619 792 738 829 nem
789 785 975 831 contra
1005 774 1196 829 Filium
1225 772 1474 837 hominis,
1512 773 1816 827 remittetur
1838 773 1926 835 ei;
1967 773 2056 840 qui
2089 788 2199 844 an:

620 876 725 919 tem
749 865 950 929 dixerit
981 875 1168 919 contra
1198 862 1456 931 Spiritum
1501 873 1771 927 sanctum,
1798 879 1903 917 non
1932 863 2184 916 remitte-

621 969 708 1010 tur
743 958 789 1011 ei
839 970 1014 1025 neque
1066 955 1119 1008 in
1172 953 1368 1010 smeulo
1414 954 1536 1018 isto,
1589 970 1762 1024 neque
1820 955 1871 1008 in
1926 955 2125 1008 futura.
2159 974 2176 1005 ι

619 1046 804 1111 Qualis
845 1060 970 1098 vero
1012 1044 1149 1099 alius
1183 1060 1362 1099 sermo
1399 1052 1480 1098 est
1513 1052 1708 1099 contra
1764 1043 2024 1115 Spiritum
2058 1060 2183 1099 san-

617 1151 764 1191 etum
790 1137 921 1209 (96),
952 1146 1043 1191 aut
1072 1122 1316 1203 quaenam
1356 1135 1459 1189 alia
1496 1136 1808 1205 intelligitur
1849 1136 2183 1206 blaSphemia

617 1229 685 1283 de
715 1230 852 1298 ipso,
884 1229 982 1282 nisi
1009 1228 1108 1282 hoc
1128 1227 1269 1297 quod
1314 1235 1395 1280 est
1426 1226 1573 1293 illum
1605 1241 1706 1279 non
1746 1227 1987 1281 conﬁteri
2018 1225 2181 1281 Deum

617 1316 1158 1379 consubstantialem,
1208 1329 1261 1370 et
1313 1325 1637 1370 coaeternum
1692 1314 1869 1379 Patri,
1918 1324 1966 1367 et
2012 1314 2185 1371 Filio?

616 1411 750 1466 Nam
773 1411 1072 1480 specialiter
1098 1414 1218 1463 ctun
1237 1408 1301 1463 de
1322 1408 1432 1462 Deo
1454 1422 1631 1462 sermo
1656 1416 1759 1470 est,
1774 1406 2183 1476 blasphemandi

617 1503 835 1556 verbum
881 1501 1183 1556 adhibetur.
1239 1498 1489 1553 Deﬁnivit
1541 1514 1688 1562 vero,
1735 1499 1933 1553 remitti
1966 1499 2181 1567 quidem

537 1585 547 1594 ’
614 1592 1000 1659 blasphemiam
1046 1599 1232 1645 contra
1279 1589 1472 1643 Filium
1525 1588 1782 1652 hominis,
1820 1604 1925 1642 non
1974 1589 2185 1643 remitti

613 1691 742 1731 vero
766 1690 904 1740 eam,
937 1693 1054 1745 qua:
1086 1677 1157 1731 sit
1184 1678 1250 1731 de
1301 1676 1505 1745 Spiritu
1531 1688 1739 1731 sancto.
1780 1676 1983 1742 Quibus
2007 1677 2184 1731 verbis

611 1770 896 1838 signiﬁcat,
930 1778 1033 1823 non
1079 1767 1276 1823 remitti
1319 1769 1391 1834 ei,
1434 1769 1524 1838 qui
1559 1782 1680 1823 sero
1720 1768 1931 1831 saltem,
1968 1783 2030 1823 ac
2064 1777 2179 1822 tan-

613 1861 733 1914 dem
769 1858 1056 1928 aliquando
1083 1872 1188 1912 non
1219 1857 1528 1923 crediderit,
1570 1857 1744 1928 ipsqu
1781 1872 1847 1913 ex
1877 1857 1986 1912 Deo
2026 1857 2183 1912 Patre
2220 1845 2258 1898 Β

610 1948 1145 2004 consubstantialiter
1196 1948 1577 2014 processisse:
1628 1964 1751 2003 nam
1796 1948 1878 2017 ei,
1938 1949 2026 2018 qui
2082 1948 2182 2002 hoc

613 2044 854 2112 agnovit,
905 2043 1215 2097 remittitur.
1258 2042 1488 2097 Perinde
1544 2044 1687 2098 enim
1734 2051 1836 2107 est,
1896 2058 1960 2097 ae
2006 2043 2050 2098 si
2103 2043 2185 2096 di-

614 2142 764 2189 ceret
815 2151 829 2186 :
893 2133 1045 2200 Quod
1100 2141 1305 2201 spectat
1362 2133 1578 2203 quidem
1633 2134 1700 2187 ad
1764 2134 1981 2197 Filium,
2044 2150 2183 2204 prte-

616 2232 818 2278 teatum
872 2223 1059 2278 saltem
1088 2266 1102 2290 ,
1146 2224 1244 2277 etsi
1290 2239 1392 2278 non
1442 2223 1834 2289 rationabilem,
1876 2224 2038 2295 299
2081 2226 2180 2279 ba-

614 2315 772 2379 bent,
838 2330 1028 2384 nempe
1085 2315 1313 2369 humilia-
1360 2314 1482 2379 illa,
1540 2325 1699 2384 atque
1753 2315 1997 2385 abiecta,
2066 2334 2184 2388 qure

614 2407 681 2462 de
729 2408 842 2475 ipso
898 2407 1186 2471 dicuntur,
1232 2421 1465 2475 quaeque.
1506 2407 1572 2461 de
1632 2392 1885 2462 inell‘abili
1928 2407 2182 2462 lncarna-

616 2500 758 2553 tione
789 2497 1132 2568 intelligenda
1160 2505 1303 2552 sunt.
1329 2496 1481 2561 Quod
1524 2512 1651 2551 vero
1676 2507 1888 2567 spectat
1921 2497 1985 2552 ad
2014 2497 2183 2569 Spiri-

615 2602 727 2645 tum
755 2601 1021 2657 sanctum,
1065 2588 1266 2643 nullam
1283 2589 1937 2644 babentexcusationem.
1979 2588 2183 2645 Idcirco

610 2691 665 2736 et
699 2680 976 2750 Sapientia
1002 2681 1237 2735 divinum
1265 2679 1524 2749 Spiritum
1561 2681 1722 2735 Deum
1746 2695 1866 2735 esse
1881 2679 2181 2745 declarans,

609 2784 662 2828 et
695 2772 811 2842 ejus
852 2773 1067 2828 nomine
1095 2773 1161 2827 iis
1183 2771 1548 2832 comminans.
1577 2772 1666 2841 qui
1705 2772 1878 2841 ipsum
1932 2771 2186 2841 blasphe-

611 2875 782 2929 mant,
811 2865 917 2919 ait:
958 2881 975 2914 ι
1018 2863 1286 2933 llenignns
1329 2862 1439 2932 (97)
1492 2871 1575 2915 est
1630 2855 1773 2916 enim
1824 2862 2060 2930 Spiritus
2101 2879 2187 2915 sa-

590 2959 845 3027 _pieuti:e,
879 2965 934 3010 et
962 2971 1063 3008 non
1098 2954 1343 3009 liberabit
1367 2954 1735 3024 blasphemum
1761 2969 1791 3007 a
1846 2953 2001 3008 labiis
2038 2955 2183 3008 suis:

610 3045 859 3111 quoniam
886 3058 1071 3095 renum
1109 3042 1254 3097 illius
1288 3042 1443 3096 testis
1473 3051 1553 3096 est
1583 3041 1740 3106 Deus,
1786 3052 1842 3098 et
1890 3032 2070 3098 cordis
2118 3043 2186 3098 il-

610 3135 711 3187 lius
745 3134 1016 3201 inspector
1040 3139 1124 3186 est
1170 3146 1351 3196 verus,
1400 3141 1453 3185 et
1505 3132 1701 3201 lingua:
1753 3133 1999 3188 auditor:
2049 3113 2183 3204 quo-

612 3226 751 3280 niam
795 3223 1253 3295 SpiritusDomini
1289 3224 1514 3294 replevit
1555 3222 1740 3278 urbem
1780 3233 2067 3291 terrarum,
2125 3237 2181 3282 et

612 3318 712 3372 hoc
744 3317 884 3386 quod
908 3315 1146 3369 continet
1176 3314 1377 3381 omnia,
1422 3315 1704 3370 scientiam
1733 3314 1904 3371 .babet
1937 3319 2103 3373 vocis.
2154 3338 2172 3370 ι

608 3406 742 3462 Nam
770 3408 861 3477 qui
890 3407 1069 3461 deitati
1109 3407 1224 3476 ejus
1256 3420 1361 3460 non
1403 3406 1647 3468 credunt,
1704 3407 1844 3461 sicut
1894 3407 2181 3476 Apostolus

607 3501 672 3552 ad
707 3499 1045 3554 Timotheum
1072 3499 1123 3553 in
1150 3499 1330 3568 prima
1363 3497 1553 3552 scribit
1594 3497 1850 3566 Epistula,
1899 3498 2179 3553 assimilati

607 3593 894 3662 llymenmo
922 3591 1054 3662 (93),
1086 3601 1140 3646 et
1170 3590 1495 3659 Alexandro,
1542 3608 1560 3641 ι
1606 3590 1748 3644 circa
1777 3589 1934 3645 ﬁdem
1959 3589 2175 3645 naufra-

604 3693 882 3753 gaverunt,
916 3693 972 3739 et
997 3684 1182 3737 traditi
1212 3692 1339 3739 sunt
1366 3680 1606 3746 Satanae,
1645 3691 1704 3736 ut
1754 3681 2025 3737 discerent
2068 3698 2172 3735 non

606 3775 1000 3846 blasphemarc.
1045 3793 1062 3825 ι
1101 3774 1166 3828 Ει
1211 3773 1403 3828 merito
1449 3773 1699 3842 quidem:
1743 3788 1865 3826 nam
1911 3770 2171 3841 Spiritum

604 3872 849 3918 sanctum
874 3863 1002 3931 ipsis
1024 3877 1344 3932 prosperum
1370 3862 1500 3916 ﬂare
1532 3862 1841 3925 noluerunt,
1875 3870 1929 3914 et
1958 3860 2076 3928 ejus
2105 3860 2169 3912 il-

604 3951 1005 4010 lmninationem
1059 3952 1204 4008 otnni
1244 3952 1477 4005 ancbora
1511 3950 1802 4005 (iriniorem
1838 3957 2174 4017 spreverunt,

602 4054 655 4097 et
690 4042 977 4111 perfectam
1017 4039 1155 4110 ejus,
1214 4050 1268 4095 et
1320 4038 1521 4092 Christi
1575 4036 2027 4107 gubernationem
2090 4052 2177 4091 re-

603 4143 887 4203 5puerunt,
919 4132 1235 4197 semetipsos
1269 4144 1333 4182 eo
1377 4127 1784 4197 gloriﬁcationis
1827 4130 2026 4197 hymno
2068 4127 2371 4195 privantes,
2434 4133 2523 4201 qui

2287 590 2617 661 ἀφεθήσεται
2651 590 2816 661 αὐτῷ·
2844 591 2902 654 ὃς
2927 592 2971 643 δ’
3001 591 3065 644 ἂν
3090 592 3218 662 εἶ’πῃ
3269 590 3409 644 κατὰ
3435 589 3528 642 τοῦ
3548 589 3872 658 Πνεῦματος

2285 682 2377 733 τοῦ
2404 681 2580 750 ἁγίου,
2613 684 2711 736 οὐκ
2768 682 3099 754 ἀφεθήσεται
3143 683 3311 753 αὐτῷ,
3345 681 3468 736 οὔτε
3493 682 3552 733 ὲν
3584 679 3665 748 τῷ
3707 679 3870 733 αἰῶνι

2285 771 2478 841 τούτῳ,
2507 771 2630 825 οὔτε
2667 775 2724 825 ἐν
2751 773 2829 842 τῷ
2859 773 3122 844 μέλλοντι.
3164 793 3182 825 ι
3240 774 3433 835 ’Ἄλλος
3476 771 3533 824 δὲ
3570 770 3719 833 ποῖὸς
3749 774 3868 823 ἐστι

2284 861 2439 929 λόγος
2464 862 2601 913 κατὰ
2634 862 2726 915 τοῦ
2778 863 2932 929 ἁγίου
2968 861 3299 932 Πνεῦματος,
3337 862 3368 931 ἣ
3405 859 3539 929 ἄλλη
3568 859 3698 911 ποία
3724 861 3867 910 νοεῖ-

2284 970 2373 1005 ται
2420 954 2547 1023 περὶ
2568 952 2730 1006 αὑτοῦ
2766 952 3103 1022 βλασφημία,
3140 953 3260 1024 ἧτὸ
3309 952 3383 1024 μὴ
3425 952 3709 1021 ὁμολογεῖν
3733 952 3870 1004 αὐτὸ

2285 1044 2417 1096 Θεὸν
2458 1043 2739 1113 ὀμοούσιον
2797 1044 2891 1097 καὶ
2926 1043 3259 1114 συνάναρχον
3299 1042 3377 1112 τῷ
3420 1042 3596 1111 Πατρὶ
3645 1042 3741 1095 καὶ
3787 1042 3869 1112 τῷ

2287 1134 2433 1204 Υἱῴ;
2487 1134 2687 1198 Ἰδικῶς
2740 1134 2846 1205 γὰρ
2885 1117 2976 1186 ετξι
3008 1134 3100 1187 τοῦ
3147 1133 3281 1187 Θεοῦ
3319 1125 3380 1186 τὸ
3428 1133 3768 1203 βλασφημεῐν
3789 1136 3868 1187 εἴ·

2288 1242 2470 1294 ρηται.
2494 1226 2726 1295 ,Ὤρισεν
2756 1224 2811 1277 δὲ
2841 1224 3097 1292 ἀφίεσθαι
3129 1225 3226 1295 μὲν
3275 1224 3375 1295 τὴν
3412 1224 3556 1276 κατὰ
3580 1223 3673 1276 τοῦ
3732 1223 3864 1276 Υίοῦ

2284 1313 2374 1367 τοῦ
2407 1314 2690 1384 ἀνθρώπου
2740 1313 3110 1385 βλασφημίαν,
3158 1315 3256 1384 τὴν
3298 1314 3355 1367 δὲ
3400 1314 3530 1386 περὶ
3560 1314 3655 1366 τοῦ
3707 1314 3865 1381 ἁγίου

2254 1406 2599 1477 ρΠνεύματος
2647 1408 2720 1478 μὴ
2768 1406 3041 1476 ἀφίεσθαι·
3090 1405 3505 1477 ἐκεῖναεηλῶν,
3547 1405 3732 1476 ὄτιτῷ
3762 1405 3863 1458 κᾶν

2283 1498 2413 1567 γοῦν
2451 1498 2548 1568 ὀψὲ
2594 1515 2723 1551 ποτε
2767 1498 2841 1569 μὴ
2902 1496 3255 1550 πιστεύσαντι
3300 1497 3364 1548 ἐκ
3424 1495 3517 1548 τοῦ
3564 1494 3701 1547 Θεοῦ
3751 1496 3863 1547 Πα-

2283 1591 2409 1662 τρος
2463 1590 2760 1661 ὁμοουσίως
2817 1590 2948 1643 αὐτὸ
2986 1586 3442 1659 ὲκπεπορεῦσθαν
3485 1586 3563 1655 τῷ
3596 1585 3707 1656 γὰρ
3742 1587 3863 1638 ὲπι-

2290 1683 2472 1750 γνόντι
2555 1684 2795 1751 ἀφίεται.
2858 1682 3030 1752 Φησὶν
3100 1682 3228 1751 γάρ·
3306 1681 3428 1734 Ἐπὶ
3481 1679 3576 1732 τοῦ
3627 1676 3760 1749 [158
3809 1676 3859 1749 b]

2286 1773 2414 1826 Υίοῦ
2464 1757 2716 1844 ἀφορμὴν
2773 1772 2930 1841 γοῦν,
2989 1773 3039 1825 εἰ
3110 1773 3204 1826 καὶ
3260 1771 3335 1843 μὴ
3402 1770 3644 1839 εὔλογον,
3679 1768 3862 1839 ἔχουσι

2284 1863 2504 1935 τὰοπερὶ
2534 1866 2633 1934 τῆς
2668 1864 2947 1937 ἀφράστου
2985 1865 3451 1934 ὲνανθρωπήσεως
3499 1861 3858 1933 μικροπρεπῆ

2288 1957 2541 2029 ῥήματα·
2592 1958 2719 2028 περὶ
2763 1957 2822 2010 δὲ
2869 1944 2961 2011 τοῦ
3001 1956 3155 2024 ἁγίου
3206 1954 3547 2024 Πνεύματος,
3603 1951 3860 2022 οὐδεμίαν

2283 2048 2467 2119 ἔχουσι
2504 2048 2717 2119 σκῆψιν.
2742 2048 2831 2102 Διὸ
2859 2050 2952 2102 καὶ
2976 2051 3008 2118 ἠ
3047 2047 3218 2116 Σοφία
3244 2046 3568 2115 θεολογοῦσα
3596 2044 3658 2097 τὸ
3682 2043 3863 2097 θεῖκὸν

2286 2132 2528 2210 Πνεῦμα,
2566 2142 2660 2195 καὶ
2697 2142 2792 2194 ἀπ’
2829 2140 2994 2194 αὑτοῦ
3028 2139 3327 2193 ἀπειλοῦσα
3370 2141 3482 2201 τοῖς
3511 2135 3865 2207 βλασφημοῦ-

2288 2247 2369 2282 σιν
2399 2232 2550 2298 attito,
2580 2230 2755 2299 λέγει·
2789 2251 2805 2282 ι
2834 2229 3218 2301 Φιλάνθρωπον
3253 2229 3361 2299 γὰρ
3393 2226 3616 2297 Πνεῦμα
3646 2227 3864 2295 σοφίας,

2285 2322 2377 2374 καὶ
2412 2323 2511 2375 οὐκ
2541 2321 2771 2375 ἀθοώσει
2802 2322 3120 2392 βλάσφημον
3155 2322 3264 2375 ἀπὸ
3293 2319 3515 2390 χειλέων
3557 2317 3744 2383 αὐτοῦ,
3782 2319 3867 2371 ὅτι

2284 2413 2390 2468 τῶν
2420 2414 2637 2513 1νεφρῶν
2671 2413 2833 2467 αὐτοῦ
2866 2415 3075 2486 μάρτυς
3108 2414 3136 2465 ὁ
3171 2413 3323 2476 Θεὸς,
3373 2413 3470 2465 καὶ
3501 2412 3601 2481 τῆς
3627 2411 3869 2481 καρδίας
3895 2437 3910 2453 ο

2284 2501 2449 2556 αὑτοῦ
2499 2504 2794 2567 ἐπίσκοπος
2828 2504 3061 2574 ἀληθὴς,
3108 2504 3202 2556 καὶ
3241 2503 3339 2574 τῆς
3395 2501 3649 2572 γλώσσης
3703 2502 3868 2553 ἀκου-

2287 2594 2448 2664 στής·
2483 2595 2565 2647 ὅτι
2609 2592 2833 2663 Πνεῦμα
2866 2594 3074 2665 Κυρίου
3115 2593 3447 2669 πεπλήρωκε
3476 2590 3572 2661 τὴν
3612 2589 3869 2659 οἰκουμέ-

2285 2701 2402 2754 νην,
2433 2683 2526 2736 καὶ
2567 2683 2628 2735 τὸ
2662 2683 2882 2753 συνέχον
2908 2684 2975 2736 τὰ
3006 2683 3203 2748 πάντα,
3234 2683 3435 2750 γνῶσιν
3470 2680 3580 2751 ἔχει
3608 2682 3809 2751 φωνῆς.
3838 2699 3860 2731 ι

2286 2776 2348 2828 Ol
2381 2774 2489 2843 γὰρ
2514 2776 2579 2844 τῇ
2607 2773 2821 2844 θεότητι
2855 2775 3019 2827 αὐτοῦ
3053 2772 3428 2835 ἀπιστοῦντες,
3456 2772 3601 2825 καθὰ
3634 2775 3662 2826 ὁ
3703 2772 3866 2824 ’Λπό-

2289 2862 2471 2925 στολος
2509 2861 2758 2931 Τιμοθέῳ
2801 2861 2858 2927 ξεν
2929 2864 2996 2931 τῇ
3048 2867 3095 2913 α’
3147 2861 3347 2931 γράφει
3407 2860 3729 2930 Ἐπιστολῇ,
3761 2861 3868 2927 ἀφ-

2288 2954 2643 3025 ομοιωθέντες
2686 2952 2959 3023 Ὑμεναίῳ
2991 2954 3084 3005 καί
3123 2952 3475 3022 Ἀλεξάνδρῳ,
3533 2970 3550 3001 ι
3580 2952 3708 3020 περὶ
3765 2951 3865 3021 τὴν

2290 3045 2470 3098 πίστιν
2499 3044 2863 3112 ἐναυάγησαν,
2898 3043 2990 3095 καὶ
3021 3042 3391 3112 παρεδόθησαν
3426 3040 3504 3111 τῷ
3535 3042 3751 3111 Σατανᾷ
3776 3041 3869 3095 ἵνα

2299 3134 2622 3189 παιδευθῶσι
2689 3133 2762 3204 μὴ
2799 3132 3158 3204 βλασφημεῖν.
3187 3152 3205 3184 ι
3244 3131 3481 3213 Εζκότως
3501 3150 3513 3161 ·
3546 3131 3725 3184 αἴσιον
3756 3131 3869 3202 γὰρ

2295 3229 2476 3290 αὐτοῖς
2498 3226 2558 3279 τὸ
2586 3226 2738 3297 ἅγιον
2760 3223 2983 3295 Πνεῦμα
3016 3226 3168 3276 πνεῖν
3202 3225 3302 3276 οὐκ
3331 3222 3619 3292 ἠθέλησαν,
3647 3222 3741 3276 καὶ
3769 3221 3868 3291 τὴν

2282 3318 2461 3388 πάσης
2486 3316 2735 3386 ἀγκύρας
2765 3315 3115 3385 βεϐαιοτέραν
3145 3312 3443 3382 ἐπίλαμψιν
3468 3312 3634 3365 αὑτοῦ
3664 3312 3869 3382 ἠθέτη-

2283 3423 2400 3470 σαν,
2439 3406 2532 3459 καὶ
2582 3405 2724 3475 ἔχειν
2770 3404 2934 3459 αὑτοῦ
2979 3421 3038 3457 τε
3084 3404 3178 3456 κα)¹
3226 3402 3321 3456 τοῦ
3365 3402 3602 3474 Χριστοῦ
3651 3402 3869 3455 τελείαν

2279 3497 2378 3569 τὴν
2413 3496 2745 3566 κυδέρνησιν
2781 3498 2881 3548 οὐκ
2920 3496 3231 3565 ἠνέσχοντο,
3260 3495 3359 3565 τῆς
3397 3494 3735 3565 θεοπρεποῦς
3767 3496 3866 3548 καὶ

2280 3588 2523 3658 ἰσοτίμου
2567 3588 2725 3656 δόξης
2766 3586 2993 3650 ἑαυτοὺς
3043 3589 3425 3657 στερήσαντες.
3481 3586 3593 3639 Καὶ
3625 3587 3753 3657 γὰρ,
3786 3586 3863 3648 ὡς

2275 3681 2332 3732 ὲν
2362 3682 2426 3749 τῇ
2468 3684 2516 3731 α’
2546 3677 2652 3731 τῶν
2679 3678 2973 3731 Βασιλειῶν
3000 3678 3212 3748 εἴρηται
3240 3675 3393 3747 παρὰ
3422 3676 3515 3729 τοῦ
3545 3675 3711 3739 Εἰλὶ,ι
3736 3675 3861 3728 Ἐὰν

2274 3769 2498 3841 ἁμάρτῃ
2530 3770 2671 3840 ἀνὴρ
2700 3772 2780 3834 είς
2815 3770 3004 3841 ἄνδρα,
3046 3769 3140 3822 καὶ
3175 3767 3561 3842 προσεύξονται
3590 3766 3719 3838 περὶ
3745 3766 3859 3819 αὺ-

2282 3859 2377 3911 τοῦ
2403 3859 2539 3928 πρὸς
2564 3861 2653 3912 τὸν
2691 3860 2892 3932 Κύριον
2913 3878 2926 3892 ⁸
2968 3860 3062 3915 ἐὰν
3093 3848 3254 3929 δὲ’τῷ
3281 3860 3468 3930 Κυρίῳ
3500 3859 3741 3930 ἁμάρτῃ,
3774 3857 3857 3921 τίς

2284 3949 2640 4020 προσεύξεται
2670 3954 2796 4023 περ).
2829 3952 3028 4018 αὑτοῦ;
3058 3972 3077 4004 ι
3127 3952 3184 4006 '0
3213 3954 3269 4006 δὲ
3310 3972 3329 4004 ι
3352 3952 3557 4022 Κύριος
3583 3951 3644 4003 τὸ
3686 3949 3855 4002 ιΙνεῦο

2284 4040 2360 4109 μά
2398 4041 2566 4105 ἐστιν,
2590 4061 2610 4093 ι
2652 4043 2727 4106 ὡς
2765 4043 2967 4116 ἔγραψε
3000 4043 3227 4107 Παῦλος.

2603 4134 2709 4189 Deo
2770 4137 3095 4188 conveniens
3126 4145 3227 4196 est.
3258 4134 3691 4201 etthualitatem
3735 4146 3858 4187 δεῖ·

602 4235 693 4279 vat
718 4238 1095 4293 personarum.
1133 4218 1263 4273 Nam
1283 4222 1422 4274 sicut
1450 4220 1502 4271 in
1543 4219 1714 4286 primo
1769 4219 2075 4288 Regnorum
2122 4218 2264 4275 libro
2330 4221 2439 4292 (99)
2496 4225 2696 4278 dictum
2735 4235 2819 4278 est
2867 4226 2933 4279 ab
2981 4225 3098 4279 lleli
3125 4225 3238 4294 (ll:
3277 4248 3294 4275 ι
3331 4225 3387 4277 Si
3432 4226 3740 4293 peccaverit
3774 4224 3855 4297 (ε)

600 4319 684 4368 vir
716 4315 986 4372 invirum,
1019 4320 1073 4364 ct
1106 4309 1338 4363 orabunt
1389 4324 1485 4375 pro
1536 4325 1600 4363 co
1648 4308 1714 4361 ad
1757 4307 2080 4363 Dominum:
2133 4310 2177 4363 si
2219 4323 2396 4367 autem
2428 4315 2652 4369 Domino
2685 4317 3008 4382 peccaverit,
3052 4317 3171 4384 quis
3222 4316 3398 4370 orabit
3436 4333 3534 4384 pro
3587 4318 3691 4373 co?
3727 4337 3745 4371 ι
3791 4322 3859 4372 At

607 4424 626 4456 ι
658 4404 915 4458 Dominus
939 4401 1015 4473 (5)
1054 4401 1286 4469 Spiritus
1320 4408 1420 4464 est,
1454 4420 1471 4451 ι
1518 4407 1574 4453 ιιι
1611 4399 1825 4467 scripsit
1849 4398 2060 4453 Paulus.
3276 4394 3283 4399 ’

602 4561 759 4614 datur
805 4573 908 4614 non
944 4556 1116 4613 solum
1160 4556 1211 4611 in
1264 4569 1423 4609 omne
1476 4570 1710 4626 pragsens
1764 4555 2039 4626 srcculum,
2072 4555 2166 4610 sed
2203 4560 2244 4614 D
2281 4575 2297 4608 ι
2323 4558 2670 4626 appellet......
2708 4556 3102 4611 humanitatem
3157 4544 3284 4613 vero
3316 4574 3464 4613 suam
3491 4576 3513 4612 ς
3546 4561 3710 4614 tilium
3758 4562 3859 4617 ho-

598 4631 760 4685 ctiatn
796 4629 849 4682 in
882 4628 1144 4682 futurum.
1189 4627 1278 4679 Ait
1319 4626 1514 4694 quippe
1558 4624 1825 4690 Salvator,
1868 4625 2166 4692 «Blasphe-

602 4699 767 4755 inanti
805 4698 856 4753 in
890 4698 1147 4765 Spiritum
1182 4706 1430 4750 sanctum
1458 4710 1567 4765 rnou
1620 4710 1741 4748 esse
1788 4697 2164 4765 remissionem

604 4784 775 4836 neque
801 4768 852 4821 iu
886 4764 990 4822 isto
1013 4765 1227 4830 saculo,
1260 4780 1432 4833 neque
1455 4764 1504 4816 in
1538 4764 1736 4836 futuro.
1766 4784 1782 4814 ι
1822 4764 1972 4819 Unde
1997 4768 2167 4836 magis

600 4855 663 4892 ac
691 4832 866 4907 inagis
898 4847 1109 4906 oportet
1155 4832 1455 4907 intendere,
1484 4850 1616 4907 qu:e_
1645 4832 1683 4886 S
1720 4836 2053 4901 riptnrarum

598 4924 663 4961 eo
712 4903 899 4962 relatio
931 4903 1020 4970 sit,
1057 4921 1123 4960 ne
1154 4906 1204 4959 in
1239 4905 1470 4973 aliquem
1500 4904 1683 4974 (rode;
1714 4915 1905 4962 noster.
1948 4917 2014 4956 ne
2062 4903 2162 4955 ali-

598 4977 766 5047 quis),
806 4979 996 5033 saltem
1046 4991 1141 5045 per
1192 4973 1574 5047 ignorantiam,
1607 4973 1970 5047 blasphemize
2008 4989 2162 5047 error

598 5041 842 5116 obrepat.
876 5066 893 5100 ι
946 5041 1144 5101 Eadem
1196 5041 1430 5098 inculcat
1479 5045 1644 5095 etiam
1680 5041 1729 5095 in
1766 5043 1869 5095 line
1925 5041 2168 5110 ejusdem

597 5117 714 5171 libri
749 5132 893 5169 num.
930 5117 1135 5170 ultimo.

671 5185 781 5255 (9i)
810 5185 995 5242 Omne.
1033 5185 1217 5239 Matth.
1245 5200 1340 5255 3n,
1365 5183 1428 5237 5|
1463 5191 1517 5255 et
1547 5182 1634 5255 δὲ.

824 5256 887 5309 In
929 5255 1204 5322 Spiritum.
1231 5254 1415 5326 Graeca
1439 5253 1605 5326 editio
1636 5269 1647 5303 :
1681 5250 1952 5326 nues—.033
1989 5253 2163 5326 Πνεύυ

600 5321 768 5405 ματος
815 5321 1127 5405 βλασφημία
1165 5325 1278 5405 ob:
1324 5321 1653 5405 ἀφεθήσεται
1681 5323 1791 5385 τοῖς
1834 5322 2160 5403 ἀνθρῴποις,

601 5390 654 5447 id
688 5406 787 5458 est,
816 5390 842 5448 ἰ
875 5390 1211 5464 ΒΙιιέρΙιειιιὶιι
1258 5390 1384 5446 vero
1433 5390 1666 5460 Spiritus
1706 5408 1809 5444 nou
1863 5390 2167 5446 remittetur

595 5464 922 5521 hominibus.
951 5485 970 5516 ο

670 5534 779 5603 (96)
810 5534 1001 5587 Contra
1050 5533 1303 5599 Spiritum
1346 5540 1604 5603 sanctum.
1656 5528 1713 5583 S.
1747 5528 2076 5603 Athan_a_sius
2109 5533 2161 5584 in

594 5600 931 5673 Fnigmentis
972 5604 1260 5657 comment.
1298 5603 1350 5655 in
1384 5600 1715 5673 illati/imum,
1747 5616 1868 5665 pag.
2030 5600 2163 5653 Mat-

600 5669 1009 5743 tliagi‘locuma
1045 5674 1267 5743 Didyme
1298 5670 1640 5743 hie_citatum
1675 5671 1754 5743 sic
1801 5669 2058 5735 explicat,
2104 5681 2163 5722 ut

602 5756 619 5790 ι
671 5740 921 5796 deitatem
960 5741 1119 5797 Verbi
1144 5737 1262 5812 ipse
1287 5740 1575 5796 Christus»
1610 5737 1868 5808 Spiritum
1917 5747 2160 5793 sanctum

2275 4627 2435 4697 minis
2470 4646 2487 4677 ι
2515 4639 2687 4680 vocet.
2723 4645 2740 4677 ι
2773 4629 2839 4680 At
2878 4629 3131 4697 Didymus
3173 4639 3281 4682 tum
3343 4629 3449 4692 hic,
3482 4641 3586 4687 tum
3624 4630 3676 4682 in
3712 4630 3856 4685 libro

2274 4695 2349 4748 De
2372 4696 2576 4771 Spiritu
2599 4706 2806 4771 sancto,
2834 4695 3377 4771 t_ertiai_n_'l'rinitatis
3406 4714 3690 4767 personam
3717 4699 3854 4771 Spi-

2275 4774 2359 4819 lus
2387 4767 2560 4818 sancti
2599 4768 2814 4818 nomine
2853 4766 3123 4834 intelligit.

2342 4834 2455 4905 (97)
2494 4834 2781 4905 Qenignns.
2819 4837 2946 4900 Sap.
2982 4852 3020 4895 l,
3057 4842 3087 4887 θ
3115 4846 3166 4888 et
3196 4836 3249 4888 7.

2346 4902 2456 4980 (98)
2482 4902 2795 4980 ligurium.
2857 4906 3373 4980 (ludentumendose,
3416 4908 3684 4980 ’1⁸μενέῳ.
3722 4908 3854 4967 Vide

2275 4972 2445 5041 Epist.
2482 4972 2586 5028 lad
2620 4975 2759 5027 Tim.
2787 4991 2824 5039 ι,
2858 4975 2920 5027 i9
2949 4986 3001 5027 et
3024 4974 3116 5028 20.
3482 4978 3487 4985 ⁴

2353 5041 2462 5117 (99)
2497 5041 2675 5117 Libro.
2722 5043 2787 5117 in
2848 5044 3035 5117 Grajco
3065 5066 3075 5097 :
3102 5046 3164 5117 ὲν
3192 5045 3255 5114 τῇ
3308 5046 3497 5117 πρώτη
3534 5049 3640 5102 τῶν
3691 5049 3854 5103 Βασι-
3946 5092 3951 5095 .

2277 5111 2865 5185 latura.Suldutellige,
2895 5112 3083 5185 βίϐλῳ,
3112 5111 3283 5168 Simili
3307 5111 3541 5170 niodo'in
3572 5134 3852 5173 commcn-

2280 5182 2433 5256 t:t_r_iis
2458 5183 2513 5235 in
2546 5182 2915 5256 Psalmus‘ad
2974 5184 3110 5251 psal.
3146 5199 3377 5256 foxvu,
3413 5201 3575 5256 vers.
3607 5190 3698 5251 59,
3733 5205 3851 5256 pag.

2278 5250 2385 5328 ϐμ
2413 5262 2664 5328 _catenm_
2695 5250 3059 5328 (Jorderianm,
3108 5255 3227 5328 ait:
3272 5255 3357 5319 Ὠς
3396 5257 3428 5325 ἡ
3466 5255 3657 5328 πρώτη
3720 5250 3853 5328 {pust

2413 5319 2725 5459 Βῗσιλειῶν,
2759 5323 2808 5376 id
2859 5330 2963 5387 cst,
3002 5340 3019 5373 ι
3053 5337 3108 5377 ιιι
3155 5325 3229 5377 ait
3278 5319 3482 5393 primus
3512 5319 3850 5396 'llcg'uoi'uzu

2336 5410 2344 5442 Ι
2392 5406 2447 5444 t‘l‘
2492 5432 2503 5443 ι
2534 5409 2550 5441 Ι

2336 5406 2503 5444 lDt‘l‘i.
2534 5409 2550 5441 Ι

2350 5458 2424 5531 (Ι)
2459 5458 2596 5531 Heli.
2627 5460 2825 5525 Codex,
2857 5458 2995 5531 Είλί,
3023 5476 3118 5529 pro
3155 5462 3294 5515 Ἠλί.

2343 5528 2418 5601 (2)
2460 5528 2518 5602 Si
2540 5532 2853 5602 peccareril:
2892 5530 2916 5602 Vl
2942 5528 3086 5602 ncg.
3121 5547 3180 5594 ll,
3217 5533 3283 5584 27
3320 5531 3431 5601 (seu
3466 5532 3582 5602 ⁴25).
3621 5532 3755 5591 Vide
3782 5531 3845 5590 li—

2271 5598 2426 5653 brum
2459 5600 2662 5668 Didymi
2695 5599 2771 5653 De
2807 5598 3010 5663 Spiritu
3050 5612 3255 5665 sancto,
3286 5598 3432 5655 nutu.
3462 5598 3550 5657 65.

2346 5669 2417 5739 (3)
2456 5669 2731 5725 Dominus.
2764 5670 2803 5724 ll
2830 5670 2952 5726 Cor.
3004 5684 3085 5736 tu,
3124 5670 3208 5725 17.
