4134 6408
341 401 441 461 777
1413 395 1501 449 DE
1539 394 1919 451 TRINITATE
1958 394 2163 451 LIBER
2204 391 2524 450 TERTIUS.
3517 395 3622 453 778

342 517 510 573 Οὐδὲν
541 516 599 573 δὲ
655 511 816 588 ἧττον
846 517 940 570 καὶ
974 515 1180 585 Πέτρος
1204 513 1493 578 διδάσκων,
1519 515 1679 568 πόθεν
1711 515 1930 589 ἀπαθὴς

2041 518 2198 573 etiam
2220 532 2341 581 eos,
2373 530 2603 586 quorum
2634 515 2816 573 anima
2846 515 2965 571 zelo
2992 516 3211 574 incensa
3242 519 3457 575 malum
3480 520 3614 582 odit.

341 609 681 681 τυγχάνουσα
712 608 883 680 ψυχὴ,
939 607 1127 662 παθῶν
1178 605 1462 670 ἀνάπλεώς
1507 623 1639 660 ποτε
1691 608 1925 675 γίνεται,

2041 613 2239 681 quique
2271 612 2326 666 in
2351 609 2570 665 virtutis
2598 622 2774 678 agone
2821 617 3097 666 certantes
3125 610 3360 681 palmam
3419 610 3617 667 retule~

339 697 689 773 ὶπιστρέφων
743 700 801 755 δὲ
840 702 921 765 εἰς
948 699 1010 753 τὸ
1047 698 1405 771 μνημονεύειν
1438 699 1536 771 τῆς
1575 698 1930 764 ἀποϐιώσεως

2041 717 2183 768 runt,
2244 713 2297 758 et
2338 718 2481 772 quos
2539 699 2688 754 nulla
2735 700 2874 769 fugit
2928 716 2992 756 ex
3033 703 3198 758 rebus
3258 702 3621 759 astimationc

339 795 523 867 ἡμῶν,
579 794 841 867 ἔγραφενι
907 812 925 844 ι
986 792 1282 863 Ἀπέχεσθε
1327 791 1436 845 ἀπὸ
1482 791 1593 845 τῶν
1650 790 1929 864 σαρκικῶν

2041 794 2213 866 dignis
2233 834 2248 859 ,
2284 794 2434 849 hisce
2461 792 2593 863 ipsis
2619 791 2802 846 verbis
2834 788 3129 860 alloquitur
3151 833 3168 860 ,
3207 803 3268 848 ut
3305 793 3613 854 hominum,

345 885 668 956 ἐπιθυμιῶν,
694 885 895 949 αἵτινες
936 882 1320 955 στρατεύονται
1372 881 1516 937 κατά
1546 883 1646 953 τῆς
1670 882 1866 954 ψυχῆς.
1906 903 1925 936 ι

2041 889 2129 958 qui
2181 888 2262 944 eis
2326 886 2531 941 similes
2576 900 2683 939 non
2741 895 2893 950 sunt,
2963 885 3436 955 intemperantiam
3465 899 3625 940 coer-

344 976 454 1030 Καὶ
480 972 733 1045 Σολομὼν
763 974 821 1027 δὲ
866 976 895 1028 ὁ
949 974 1044 1027 τοῦ
1098 972 1264 1026 Δαυῖδ
1315 987 1500 1044 φησιν’
1538 988 1557 1021 ι
1597 972 1808 1044 Ὥσπερ
1832 972 1931 1042 οὺχ

2041 987 2233 1045 ceant,
2273 986 2327 1031 et
2350 977 2488 1032 alios
2524 976 2689 1030 etiam
2721 975 2989 1030 bonorum
3015 1015 3030 1040 ,
3078 989 3198 1043 quae
3250 974 3353 1044 ipsi
3397 974 3620 1031 habent.

342 1069 505 1136 ὃμοια
532 1066 802 1138 πρόσωπα
832 1063 1157 1137 ἀνθρώπων,
1176 1063 1349 1128 οὕτως
1378 1064 1499 1118 οὐδὲ
1515 1065 1569 1117 αἱ
1590 1062 1808 1134 καρδίαι
1823 1063 1933 1116 τῶν

2046 1069 2343 1140 participes
2380 1066 2581 1121 faciant
2616 1083 2629 1120 :
2668 1082 2689 1116 ι
2723 1063 2944 1119 Fratres
2967 1063 3080 1135 (88)
3103 1103 3119 1129 ,
3150 1063 3368 1134 inquit,
3424 1063 3470 1118 si
3500 1063 3623 1132 quis

324 1152 647 1231 ’ἀνθρώπων
700 1161 821 1222 ταῖς
859 1157 1110 1229 καρδίαις
1162 1158 1370 1229 ὅμοιαι.
1407 1175 1425 1208 ι
1479 1156 1704 1208 ’Ύπεισι
1744 1154 1802 1208 δέ
1868 1172 1934 1226 με

340 1254 440 1308 καὶ
474 1255 540 1306 ὲκ
566 1251 676 1307 τῶν
700 1252 795 1306 τοῦ
837 1251 1076 1323 μεγάλου
1111 1250 1420 1321 ἀθληφόρου
1488 1248 1724 1314 Παύλου,
1790 1247 1933 1321 ἅπερ

345 1344 532 1416 τοιῷδε
559 1344 746 1415 τρόπῳ
776 1345 1085 1417 ἀνείρηκενο
1125 1343 1406 1414 ιΨυχικὺς
1444 1343 1502 1397 δὲ
1553 1343 1837 1416 ἄνθρωπος
1873 1342 1934 1395 οὐ

344 1438 564 1509 δέχεται
590 1438 657 1492 τά
684 1436 778 1490 τοῦ
828 1437 1144 1507 Πνεύματος
1168 1435 1262 1489 τοῦ
1297 1434 1455 1489 Θεοῦ·
1496 1436 1624 1508 [146
1651 1435 1705 1508 b]
1751 1435 1935 1507 μωρία
1976 1456 1985 1459 ’

342 1529 458 1601 γὰρ
486 1528 634 1599 αὐτῷ
677 1529 844 1582 ἐστιν·
884 1548 902 1579 ι
941 1528 1034 1582 καὶ
1066 1527 1248 1582 πάλιν·
1289 1546 1308 1580 ι
1363 1529 1421 1582 'O
1442 1527 1500 1582 δὲ
1559 1526 1928 1598 πνευματικὸς

344 1619 630 1690 ἀνακρίνει
661 1619 761 1690 μὲν
792 1618 1021 1682 πάντας.
1057 1610 1219 1682 αὐτος
1242 1617 1301 1671 δὲ
1339 1618 1432 1673 ὑπ’
1468 1618 1684 1682 οὐδενὸς
1704 1616 1934 1689 ἀνακρί-

344 1728 518 1765 νεται.
554 1730 573 1764 ι

2042 1160 2183 1231 apud
2211 1175 2309 1215 vos
2355 1157 2624 1215 erraverit
2667 1173 2697 1211 ο
2748 1156 3002 1222 veritate,
3045 1163 3101 1211 et
3132 1155 3467 1211 converterit
3497 1154 3622 1224 quis

2042 1266 2188 1312 eum,
2239 1250 2397 1316 sciat,
2433 1248 2575 1317 quod
2625 1246 2720 1317 qui
2774 1247 3110 1301 converterit
3155 1253 3499 1316 peccatorem
3552 1242 3622 1297 ab

2041 1354 2229 1396 errore
2286 1337 2388 1393 viae
2441 1335 2583 1406 ejus,
2642 1333 2875 1389 salvabit
2916 1334 3154 1387 animam
3189 1332 3360 1402 ipsius
3415 1331 3526 1406 (89)
3588 1345 3620 1384 ο

2042 1439 2252 1493 morte,
2279 1438 2333 1483 et
2359 1427 2574 1497 operiet
2606 1424 3016 1479 multitudinem
3052 1432 3421 1493 peccatorum.
3467 1441 3488 1475 ι
3525 1420 3624 1476 Pa-

2040 1522 2084 1576 ri
2123 1520 2283 1576 modo
2316 1517 2512 1573 Petrus
2559 1529 2775 1588 quoque
2818 1529 2915 1569 nos
2967 1514 3168 1568 docens
3193 1552 3208 1578 ,
3271 1528 3506 1583 quanam
3542 1528 3610 1569 ex

2047 1627 2211 1668 causa
2242 1609 2357 1682 (90)
2398 1607 2578 1665 anima
2612 1622 2736 1660 cum
2773 1605 2843 1660 sit
2874 1603 3226 1673 impassibilis
3249 1640 3268 1671 ,
3303 1603 3617 1674 passionum

2042 1715 2230 1760 tamen
2267 1701 2428 1774 plena
2468 1696 2759 1768 aliquando
2801 1695 3050 1761 exsistat,
3099 1704 3154 1749 et
3208 1710 3306 1764 per
3326 1695 3617 1765 quamdam

347 1806 515 1861 veluti
546 1805 938 1875 digressionem
968 1803 1246 1858 interitum
1283 1810 1525 1858 nostrum
1555 1800 1670 1873 (9i)
1696 1813 2152 1864 commemorans,
2183 1797 2300 1853 haec
2373 1793 2631 1863 scripsit:
2669 1809 2688 1844 ‹
2736 1790 3019 1845 Abstiucte
3046 1786 3159 1860 (92)
3211 1803 3308 1843 vos
3353 1803 3385 1843 a
3422 1803 3615 1843 carna-

343 1895 490 1953 libus
529 1898 834 1965 desideriis,
865 1897 1031 1970 316
1077 1912 1198 1967 quae
1245 1895 1478 1950 militant
1514 1894 1777 1948 adversus
1805 1891 2063 1947 animam.
2089 1909 2108 1942 ι
2136 1888 2357 1944 Davidis
2419 1898 2548 1940 vero
2578 1884 2720 1938 ﬁlius
2783 1881 3042 1966 Salomon
3103 1879 3214 1934 ait:
3243 1896 3263 1930 ι
3297 1878 3452 1934 Sicut
3506 1879 3620 1951 (θό)

343 2009 457 2048 mn
489 2001 616 2046 sunt
668 1991 872 2047 similes
905 1990 1090 2044 vultus
1140 1990 1417 2044 hominum
1444 2026 1460 2052 ,
1500 1986 1574 2042 ita
1614 2000 1717 2041 nec
1793 1982 1957 2040 corda
1999 1981 2285 2037 hominum
2314 1976 2573 2034 cordibus
2623 1973 2846 2031 similia.
2892 1991 2911 2025 ι
2962 1972 3044 2028 Ex
3113 1970 3199 2026 his
3262 1985 3391 2026 vero
3424 1971 3617 2038 etiam,

347 2102 472 2156 quae
518 2099 743 2152 magnus
778 2120 794 2150 ,
831 2081 1175 2150 invictusque
1204 2076 1402 2132 athleta
1444 2077 1636 2132 Paulus
1679 2073 2025 2142 conscripsit,
2062 2086 2124 2127 ea
2152 2068 2286 2124 mihi
2334 2070 2387 2122 in
2425 2075 2663 2122 mentem
2718 2064 2976 2129 veniunt,
3042 2076 3163 2132 quas
3231 2062 3313 2117 sic
3374 2063 3622 2132 promui-

342 2148 539 2247 gavit:
589 2148 634 2228 ς⁷
656 2148 922 2228 Animalis
962 2148 1099 2241 (94)
1141 2175 1322 2221 autem
1373 2164 1538 2220 homo
1578 2180 1685 2221 non
1742 2162 1936 2232 recipit
1973 2174 2037 2215 ea
2061 2173 2179 2228 qua:
2204 2166 2330 2213 sunt
2349 2154 2589 2225 Spiritus
2606 2153 2744 2220 Dei;
2778 2151 3005 2208 stultitia
3034 2148 3180 2206 enim
3241 2150 3342 2221 ipsi
3400 2164 3568 2221 sunt;
3593 2169 3618 2205 ι

344 2243 405 2326 et
441 2282 627 2323 rursus
658 2284 672 2321 :
711 2283 730 2317 ι
777 2261 1052 2333 Spiritalis
1101 2257 1214 2331 (95)
1246 2267 1426 2312 autem
1454 2257 1662 2328 judicat
1704 2255 1925 2327 quidem
1957 2267 2171 2316 omnes,
2194 2250 2310 2319 ipse
2333 2263 2461 2303 vero
2483 2262 2512 2302 a
2547 2246 2765 2303 nemine
2796 2243 3131 2313 iudicatur.»

434 2359 577 2418 Ἀλλ’
605 2363 742 2431 ὅπερ
778 2358 876 2430 μὲν
910 2356 1116 2424 ἔλεγον,
1160 2356 1194 2425 ἡ
1237 2352 1555 2425 προαιρεσις
1581 2350 1722 2422 αὕτη
1749 2350 1841 2406 καὶ
1870 2353 1932 2409 τὸ

2108 2345 2239 2410 Sed,
2282 2353 2338 2398 ut
2372 2342 2532 2398 modo
2579 2340 2858 2404 dicebam,
2898 2337 3089 2392 istha:c
3125 2333 3241 2407 (96)
3273 2335 3489 2405 quidem
3521 2351 3621 2392 τοι

340 2458 516 2527 ςῶμα
548 2452 807 2514 πολλάκις
859 2446 1144 2502 καθέλκειν
1171 2446 1263 2499 ἐπὶ
1284 2446 1354 2499 τὰ
1383 2443 1528 2515 πάθη
1564 2443 1776 2513 πέφυκε
1836 2442 1937 2514 τὴν

347 2546 553 2616 ψυχήνο
584 2543 714 2597 ποτὲ
738 2541 795 2595 δὲ
824 2540 920 2601 καὶ
946 2536 1307 2607 συνεισφέρει,
1327 2535 1465 2606 αὐτῇ
1505 2550 1648 2605 φημι
1678 2535 1743 2603 τῇ
1765 2532 1933 2603 ψυχῇ,

347 2636 534 2707 ἀγαθά
557 2636 656 2689 οὐκ
684 2632 858 2700 ὀλίγα’
906 2630 966 2684 τὸ
994 2629 1093 2700 μὲν
1139 2627 1318 2698 σῶμα,
1363 2627 1462 2699 τὴν
1495 2628 1605 2679 τῶν
1660 2623 1937 2695 αἰσθητῶν

347 2727 556 2798 γνῶσιν
587 2724 682 2778 καὶ
719 2724 818 2793 τὴν
862 2721 1028 2792 ἄλλην
1056 2719 1380 2799 ὑπηρεσίαν·
1437 2720 1470 2788 ἡ
1521 2719 1578 2772 δὲ
1617 2717 1937 2790 προαίρεσις

348 2818 545 2888 αὐτῆς,
599 2815 695 2885 τὴν
722 2813 830 2867 ἀπὸ
847 2812 946 2882 τῆς
966 2810 1252 2872 εὐϐουλίας
1281 2811 1375 2862 κού¹
1410 2807 1721 2880 ὀρθοδοξίας
1757 2824 1937 2878 μακα·

342 2910 600 2982 ριότητα·
632 2906 819 2975 ὥσπερ
850 2901 1011 2956 πάλιν
1062 2899 1287 2972 ἡψυχὴ,
1318 2901 1446 2954 ὅταν
1469 2894 1526 2952 εὖ
1558 2900 1625 2969 ζῇ
1662 2896 1800 2968 μετὰ
1834 2895 1938 2951 σὼ-

350 3018 545 3073 ματος,
577 2999 669 3051 καὶ
693 2996 1031 3067 ητακρατῇ,
1061 2993 1157 3046 καὶ
1190 2993 1325 3064 πρὸς
1350 2992 1483 3045 Θεὸν
1517 2989 1931 3062 ὲπιστρέφηται,

342 3095 444 3148 καὶ
468 3093 577 3146 τῶν
614 3087 780 3144 abte?
817 3086 1117 3157 πληροῦται
1146 3085 1410 3154 νοήσεων,
1446 3082 1664 3137 πλείονα
1701 3084 1798 3137 καὶ
1843 3099 1935 3135 σε-

348 3186 595 3259 μνότερα
620 3183 858 3255 δίδωσιν.
914 3179 987 3232 Τὸ
1028 3178 1130 3249 μὲν
1167 3178 1276 3248 γὰρ
1308 3178 1515 3248 γήινον,
1566 3175 1773 3240 ἀπαθὲς
1823 3170 1936 3228 οἷον

345 3276 678 3346 ἀποφαίνειν
718 3270 1028 3334 σπουδάζει,
1066 3268 1346 3340 κοσμοῦσα
1403 3268 1534 3327 αὐτὸ
1585 3267 1790 3339 ἱδρῶτι,
1841 3269 1935 3321 καὶ

2037 2436 2181 2494 lendi
2205 2432 2545 2504 eligendique
2581 2427 2817 2485 facultas
2841 2435 2896 2482 et
2924 2437 3328 2498 corpus,saape
3381 2422 3619 2477 animam

2036 2540 2255 2598 quoque
2291 2524 2545 2579 deorsum
2601 2518 2855 2581 trahere,
2896 2524 2950 2570 et
3007 2515 3074 2569 ad
3125 2513 3407 2584 passiones
3459 2513 3615 2567 incli-

2038 2631 2169 2672 nare
2215 2617 2648 2677 consueverunt;
2712 2605 3001 2676 aliquando
3038 2612 3221 2658 tamen
3265 2603 3430 2658 etiam
3482 2604 3619 2658 bona

2037 2708 2332 2777 important
2365 2702 2466 2772 ipsi
2514 2699 2708 2754 animat
2738 2711 2848 2751 non
2885 2693 3211 2761 mediocria;
3257 2707 3452 2762 nempe
3493 2708 3618 2749 cor—

2037 2811 2136 2863 pus
2158 2793 2401 2864 quidem,
2452 2788 2735 2844 sensilium
2767 2782 3156 2853 cognitionem,
3198 2789 3255 2836 et
3292 2780 3457 2834 alium
3491 2795 3611 2835 om-

2037 2901 2158 2941 nem
2205 2881 2557 2944 famulatum,
2607 2891 2768 2948 quem
2811 2884 3032 2944 prtestat
3070 2873 3315 2938 animae;
3378 2872 3616 2940 eligendi

2036 2992 2166 3032 vero
2190 2962 2459 3037 iacultas,
2510 2985 2630 3040 quae
2662 2968 2762 3038 ipsi
2813 2965 3008 3021 animae
3070 2965 3251 3031 inest,
3307 2963 3618 3020 felicitatem

2040 3068 2184 3123 illam
2221 3106 2236 3131 ,
2297 3079 2412 3134 qum
2446 3078 2512 3117 cx
2561 3074 2693 3115 Sana
2758 3055 3149 3113 deliberatione
3223 3064 3281 3111 et
3315 3069 3381 3109 ex
3427 3055 3619 3111 ortho-

2040 3161 2200 3216 doxia
2236 3158 2533 3213 derivatur.
2563 3154 2642 3208 Ac
2670 3149 2914 3207 vicissim
2954 3147 3135 3203 anima
3180 3146 3234 3205 si
3273 3154 3421 3202 recte
3475 3145 3621 3200 vixe-

2037 3254 2108 3308 rit
2139 3266 2262 3307 cum
2293 3263 2546 3319 corpore,
2579 3252 2635 3302 et
2666 3243 2794 3298 illud
2825 3240 2927 3297 sibi
2950 3239 3354 3309 obtemperans,
3387 3252 3453 3292 ac
3481 3237 3621 3291 sub-

343 3329 644 3443 καρτερία,
679 3365 773 3419 καὶ
813 3364 978 3417 πᾶσιν
999 3364 1110 3425 τοῖς
1153 3329 1213 3426 έξ
1242 3358 1445 3431 ἀρετῆς
1470 3329 1674 3422 πόνοις,
1704 3329 1797 3411 καὶ
1823 3359 1936 3411 δια-

2041 3344 2240 3416 iectum
2281 3349 2483 3406 teneat,
2522 3345 2577 3394 et
2605 3338 2672 3390 ad
2700 3335 2869 3391 Deum
2909 3339 3277 3398 convertatur,
3321 3339 3378 3385 et
3408 3329 3500 3385 Dei
3536 3344 3621 3386 co-

348 3456 698 3527 κυϐερνῶσα,
733 3452 829 3506 καί
870 3450 959 3504 διὰ
985 3449 1085 3520 τῆς
1120 3448 1229 3502 τῶν
1266 3445 1532 3515 ἀλγεινῶν
1571 3445 1787 3516 πείρας,
1842 3444 1936 3498 ἐπὶ

349 3552 457 3622 τὴν
505 3544 732 3616 θεοσεϐῆ
755 3541 900 3613 ζωὴν
940 3539 1318 3609 ἀνεγείρουσα*
1349 3537 1448 3608 τὴν
1486 3534 1545 3588 δὲ
1578 3533 1713 3588 ἰδίαν
1744 3534 1936 3605 προαί-

2035 3432 2388 3502 gitationibus
2420 3430 2731 3498 impleatur,
2758 3426 2910 3495 plura
2947 3433 3002 3479 et
3029 3421 3340 3491 augustiora
3371 3424 3572 3491 prebet
3602 3438 3618 3474 :

2037 3542 2161 3581 nam
2186 3524 2345 3594 quotl’
2382 3533 2653 3577 terrenum
2696 3527 2799 3584 est,
2834 3516 2885 3572 id
2930 3529 2994 3571 ea
3021 3514 3248 3570 reddere
3281 3514 3470 3567 nititur
3498 3512 3621 3567 vel-

352 3654 534 3710 ρεσιν,
569 3637 661 3689 καὶ
697 3633 797 3704 τὴν
827 3631 1029 3695 πίστιν,
1063 3628 1363 3684 ἄπταιστον
1384 3628 1689 3698 διακρατεῖ,
1727 3625 1932 3679 καὶτὸν

2041 3618 2115 3673 uti
2163 3614 2433 3685 passionis
2478 3623 2696 3681 expers,
2735 3609 2936 3664 sudore
2963 3605 3094 3661 illud
3123 3619 3190 3660 ac
3219 3603 3535 3668 tolerantia,
3563 3614 3619 3659 et

348 3694 645 3801 ἀνθρὼπον
683 3694 821 3798 ὑπ’ὲρ
871 3721 1159 3794 ἄνθρωπον
1193 3722 1359 3785 ποιεῖ,
1396 3694 1580 3773 πίστει
1624 3716 1719 3772 καὶ
1761 3716 1937 3785 λόγοις

2042 3708 2318 3773 omnibus,
2369 3719 2507 3773 quos
2558 3700 2782 3755 virtutis
2811 3712 2974 3754 causa
3021 3696 3278 3762 sustinet,
3342 3694 3622 3751 laboribus

353 3821 524 3875 αὑτὸν
548 3821 627 3884 είς
682 3818 742 3871 τὸ
778 3814 975 3887 σεμνὸν
1032 3810 1460 3884 προϐιϐάζουσα,
1507 3810 1603 3866 καὶ
1646 3809 1782 3880 πρὸς
1829 3811 1947 3862 inea

353 3916 483 3969 σίαν
520 3914 619 3983 τῆς
651 3911 881 3984 Τριάδος
932 3909 1199 3979 ῥέπουσα,
1244 3905 1340 3959 καὶ
1385 3904 1591 3977 τροφὴν
1644 3902 1939 3974 ποιουμένη

351 4007 456 4078 τὴν
486 4004 595 4058 ἀπὸ
638 4002 843 4056 τούτων
876 4000 1164 4069 ὠφέλειαν.
1193 3998 1256 4050 El
1280 3996 1389 4066 γὰρ
1406 3994 1703 4067 νομιοῦμεν
1739 3993 1938 4065 ψυχὴν,

354 4095 686 4169 κοσμεῖσθαι
712 4094 805 4149 καὶ
828 4091 1127 4167 τρέφεσθαι
1151 4090 1253 4143 οὐκ
1289 4087 1494 4154 ἄλλοις,
1547 4086 1718 4157 ἀλλ’ἢ
1761 4085 1941 4154 λόγοις

350 4191 449 4244 καὶ
481 4187 665 4242 πίστει
701 4184 962 4252 πέφυκεν.
1015 4178 1308 4251 Ἀνθρώπῳ
1332 4178 1441 4250 γὰρ
1469 4177 1641 4249 τροφὴ
1672 4177 1860 4246 ἄμφω,
1898 4173 1933 4244 ἦ

351 4298 411 4335 τε
428 4282 502 4334 ὲκ
523 4278 624 4348 τῆς
654 4274 950 4347 γεωργίας,
973 4274 1009 4345 ἦ
1051 4289 1112 4326 τε
1145 4273 1211 4325 ὲκ
1237 4271 1345 4324 τῶν
1377 4270 1550 4338 λόγων
1590 4267 1685 4322 καὶ
1719 4267 1815 4338 τῆς
1843 4266 1933 4319 πί-

352 4387 550 4433 στεως’
586 4368 700 4423 ἀλλ’
735 4368 769 4437 ἡ
798 4366 899 4437 μὲν
926 4366 987 4418 τὸ
1012 4364 1170 4436 σῶμα
1194 4356 1332 4416 εἷναί
1361 4378 1420 4414 τε
1446 4359 1539 4414 καὶ
1588 4357 1852 4428 ἀντέχειν,
1902 4358 1935 4427 ἡ

348 4464 407 4517 δὲ
441 4465 565 4525 ταῖς
609 4460 808 4531 ψυχαῖς
859 4457 920 4511 τὸ
954 4455 1155 4527 ἑτέρων
1187 4453 1437 4525 προέχειν
1465 4451 1700 4513 δίδωσιν,
1742 4449 1837 4502 καί
1852 4447 1939 4500 διὰ

352 4555 597 4617 πίστεως
630 4552 724 4605 καὶ
750 4551 923 4619 λόγων
947 4547 1040 4602 καὶ
1072 4549 1104 4618 ἡ
1136 4545 1272 4616 ἄλλη
1294 4545 1558 4615 σύμπασα
1582 4539 1942 4613 κατορθοῦται

352 4646 498 4716 ζωή.
539 4644 669 4717 [H7
693 4641 748 4715 η]
788 4642 981 4712 Φωρᾷν
1026 4638 1203 4692 ἔνεστι
1240 4635 1410 4690 ταῦτα
1442 4635 1519 4705 μὴ
1550 4632 1725 4696 ἄλλως
1775 4631 1940 4701 ἔχειν,

350 4735 819 4809 ὲπιπσρευόμενον
837 4732 917 4802 τῷ
942 4729 1039 4801 νῷ,
1080 4729 1157 4792 ὡς
1212 4727 1412 4782 αὐτίκα
1438 4725 1516 4796 τῷ
1548 4723 1774 4793 τοιούτῳ
1818 4723 1940 4774 ἐπι-

227 4846 265 4858 ·“
349 4828 562 4900 λάμπει
608 4826 704 4881 καὶ
745 4822 995 4892 συνεργεῖ
1030 4820 1061 4875 ὁ
1096 4817 1445 4889 ἐπιϐεϐηκὼς
1477 4818 1590 4879 τοῖς
1640 4814 1782 4876 ὅλοις
1812 4812 1942 4875 Υἱὸς

425 5048 545 5121 (88)
591 5042 831 5121 ξριτιξ.
869 5043 1008 5121 _.|ac._
1068 5058 1124 5121 v,
1152 5042 1263 5121 _l9_
1287 5050 1348 5121 _et
1393 5042 1497 5121 20._
1535 5042 1721 5121 Grates
1770 5042 1840 5121 etl‘

352 5108 618 5243 ριξόιπαςΐ
646 5118 775 5187 ὑμῖν
796 5116 961 5172 habet
992 5116 1052 5170 ὲν
1073 5115 1225 5186 ὑμῖν,
1251 5113 1301 5169 id
1327 5123 1412 5168 est
1436 5130 1455 5163 ι
1486 5111 1538 5164 itt
1553 5108 1727 5171 vobis,
1752 5123 1772 5157 ι
1800 5108 1933 5165 sive,

359 5207 379 5243 ι
408 5205 460 5244 ttt
489 5204 549 5243 er
567 5204 679 5243 vos.
711 5206 731 5239 ι

426 5280 540 5352 (89)
574 5277 768 5352 Ipsius.
815 5277 975 5352 Deest
997 5278 1114 5332 haec
1138 5291 1243 5331 vox
1247 5270 1556 5352 _ip_Gr:ecis
1575 5267 1789 5325 Bibliis.
1827 5265 1935 5321 Sed

354 5343 479 5407 eam
502 5343 629 5418 legit
657 5343 816 5417 Vulg.
839 5348 1127 5417 interpres,
1157 5355 1216 5401 ut
1246 5345 1526 5416 Didymus.

449 5441 539 5513 90)
597 5440 843 5506 Quanam
907 5455 974 5495 ex
1034 5453 1213 5496 causa.
1242 5437 1446 5502 Codex,
1498 5428 1685 5487 ποθέν.
1751 5429 1914 5501 Lt‘gn,

464 5529 543 5567 εν.

428 5601 542 5671 (9|)
576 5600 851 5656 Interitum
879 5607 1136 5671 nostrum.
1161 5595 1332 5671 ‘Lihro
1363 5606 1575 5671 quoque
1618 5590 1693 5645 De
1734 5586 1828 5671 Sp.

358 5659 628 5735 Bu‘tn.'59,
670 5688 688 5721 ι
720 5672 913 5725 Carnis
943 5668 1229 5738 sapientia.
1253 5659 1447 5733 inquit,
1473 5659 1615 5715 illico
1640 5670 1809 5738 morte
1841 5659 1939 5712 sibi

354 5743 584 5808 sociata,
611 5732 866 5796 interlicit
891 5732 1124 5808 cos,'qtti
1160 5732 1573 5805 juxta’carttem
1598 5732 1940 5802 gradiuttwr,

352 5821 412 5868 et
448 5816 679 5882 sapiunt.

684 5906 948 5965 PATROL.
999 5900 1113 5961 Gn.
1163 5897 1460 5960 XXXlX.

2044 3812 2341 3861 exornans,
2370 3804 2425 3850 et
2455 3796 2629 3863 ipsum
2690 3803 2887 3860 regens
2921 3802 2987 3844 ac
3050 3786 3363 3853 moderans,
3421 3794 3477 3840 et
3528 3800 3622 3854 per

2048 3891 2422 3972 mqlestiarum
2455 3886 2847 3953 dolorumque,
2893 3896 3031 3953 quos
3062 3880 3371 3951 experitur,
3404 3894 3622 3950 perpes-

2040 3985 2273 4048 sionem,
2321 3980 2389 4035 ad
2422 3978 2733 4049 religiosam
2776 3990 2840 4031 ac
2877 3975 3020 4045 piam
3061 3972 3230 4029 vitam
3277 3971 3407 4027 illud
3469 3974 3619 4026 ext-i-

2043 4086 2185 4143 tans,
2224 4089 2292 4129 ac
2339 4071 2506 4129 veluti
2561 4083 2776 4125 sursum
2824 4067 3044 4137 erigens
3084 4082 3101 4121 :
3147 4063 3422 4135 propriam
3491 4077 3619 4121 vero

2043 4168 2377 4223 voluntatem
2419 4163 2523 4221 sibi
2575 4159 2873 4228 subiectam
2902 4165 3070 4223 tenet,
3107 4171 3173 4213 ac
3223 4156 3383 4212 fidem
3440 4165 3624 4215 servat

2048 4258 2414 4328 inculpatum,
2433 4264 2488 4310 et
2507 4252 2781 4309 hominem
2798 4264 2967 4320 supra
2980 4249 3252 4305 hominem
3273 4247 3477 4315 evehit,
3519 4249 3624 4305 lida

2044 4358 2100 4404 et
2127 4346 2392 4403 doctrinis
2423 4359 2547 4400 eum
2580 4343 2951 4399 venerandum
2984 4340 3217 4397 reddens
3238 4379 3255 4406 ,
3292 4347 3348 4395 et
3384 4341 3450 4394 ad
3484 4356 3617 4409 sup-

2045 4438 2356 4512 plicantlutn
2392 4435 2647 4492 Trinitati
2676 4431 3056 4499 seinclinans,
3113 4439 3169 4487 et
3219 4429 3622 4502 adiumentum,

2042 4531 2184 4601 quod
2212 4547 2278 4586 ex
2326 4530 2479 4585 hisce
2529 4529 2695 4585 rebus
2745 4525 2998 4597 percipit,
3037 4538 3195 4579 suum
3227 4522 3393 4579 veluti
3442 4522 3622 4578 cibum

2044 4623 2287 4691 faciens;
2338 4637 2464 4678 nam
2500 4622 2547 4676 si
2580 4620 2818 4675 animam
2874 4626 3020 4671 recte
3068 4617 3444 4691 aestimemus;
3477 4614 3622 4669 nulla

2040 4716 2145 4773 alia
2178 4732 2238 4771 re
2283 4712 2467 4771 ornari
2522 4713 2637 4782 ipsa
2691 4725 2756 4766 ac
2794 4708 2987 4765 nutriri
3030 4716 3247 4779 potest,
3310 4708 3471 4777 qltam
3528 4709 3624 4763 do-

2042 4810 2220 4867 ctrina
2245 4817 2301 4865 et
2346 4806 2457 4864 ﬁde
2478 4823 2495 4862 ι
2519 4804 2728 4862 homini
2752 4803 2900 4860 enim
2928 4802 3089 4857 ambo
3123 4802 3239 4857 haec
3273 4800 3429 4856 cibus
3455 4809 3623 4864 sunt,

3398 4910 3431 4928 ρ

1193 5042 1259 5099 19
1292 5050 1348 5097 et
1393 5041 1483 5095 20.
1535 5037 1721 5094 ῦνςροιι
1770 5031 1934 5086 editio

2120 5027 2231 5100 (92)
2258 5026 2543 5100 Abstinere.
2566 5020 2749 5100 lP_etr.
2782 5029 2857 5100 tt,
2893 5016 2979 5074 ll.
3011 5016 3183 5073 Biblia
3213 5015 3437 5072 Graeca:
3488 5016 3618 5069 Ἀπ-

2043 5092 2260 5170 exesas.
2279 5095 2398 5170 τῶν
2424 5092 2723 5170 σαρκικῶν,
2739 5098 2847 5170 etc.

2118 5170 2229 5240 (93)
2265 5166 2437 5223 Sicut.
2499 5153 2624 5218 Haec
2659 5153 2756 5240 in“
2794 5156 3425 5240 Vulgatatranslatipne
3455 5153 3623 5240 ’ἰξοιί-

2043 5226 2252 5294 na‘nu'n
2291 5243 2526 5297 exstant,
2580 5231 2673 5288 sed
2718 5226 2919 5285 Graeca
2939 5229 3105 5283 editio
3149 5242 3213 5281 ea
3245 5227 3403 5280 habet
3448 5226 3619 5297 _PI‘0\'.

2046 5293 2216 5369 xxv",
2250 5304 2333 5370 l9,
2365 5293 2981 5375 ιιῠῑΑΙοεὶιυτ-εΑ-Ἥσπερ
3024 5299 3123 5375 oux
3144 5298 3305 5375 ὅμοια
3326 5293 3622 5375 ,πρόσωπα

2045 5364 2393 5452 προσῶποίς,
2426 5364 2599 5438 ώτῶς
2655 5370 2777 5425 οὐδὲ
2813 5370 2871 5422 αἱ
2911 5364 3130 5439 καρδίαι
3165 5364 3275 5421 τῶν
3314 5364 3622 5437 ἀνθρώπων

2038 5465 2928 5594 cymbium“?!-‘9'3t-"d4-
3017 5577 3078 5594 ...
3124 5576 3161 5594 η

2113 5576 2225 5657 ἶ95)
2256 5586 2547 5657 Spirilalis.
2598 5576 2801 5657 Ibidem
2825 5595 2963 5635 vers.
3013 5577 3098 5657 l5.
3121 5576 3307 5635 Graeca
3336 5576 3502 5631 editio
3525 5589 3623 5645 pro

2042 5651 2251 5722 πάντας
2284 5651 2443 5711 habet
2473 5651 2671 5712 πάντα,
2700 5651 2752 5703 itl
2791 5659 2875 5706 est
2896 5667 2920 5722 ρ
2948 5651 3156 5722 omnia.
3198 5668 3217 5700 ι

2114 5720 2464 5797 (θϐγιειΙιωο.
2485 5722 2662 5797 codex
2687 5722 2804 5775 sine
2831 5720 3022 5797 spiritu
3070 5726 3505 5797 atque_accentu,
3533 5731 3621 5773 αυν

2043 5789 2132 5869 sq.
2157 5789 2336 5869 Itaque
2359 5800 2474 5865 lnge
2496 5791 2658 5865 αὕτη,
2694 5799 2788 5847 aut
2823 5789 2984 5859 αὐτή,
3022 5796 3089 5845 ιιι
3113 5790 3305 5845 atavis.

3236 5858 3331 5942 οε
3428 5870 3431 5873 ’
