4112 6466
387 1943 398 1952 ι
477 1917 546 1971 de
591 1914 953 1986 Redemptore
1014 1915 1124 1971 Deo
1179 1916 1356 1972 Verbo
1398 1933 1581 1974 rerum
1622 1921 1863 1975 omnium
1921 1922 2066 1976 (Jon-

482 421 588 476 779
1017 433 1022 436 '
1705 414 1875 468 "DIDY
1888 413 1956 468 Ml
1992 413 2058 468 Al

2158 413 2467 470 ιΑΝυιιιΝι
3644 416 3754 472 780

485 554 672 605 nempe
719 548 842 588 cum
881 528 988 596 illo,
1015 527 1106 597 qui
1137 543 1202 583 ex
1236 528 1589 598 agricultura,
1623 539 1733 585 tum
1761 532 1869 595 ille,
1893 531 1987 601 qui
2009 547 2058 586 e1

2179 531 2352 602 Λόγος
2383 531 2478 585 τοῦ
2525 530 2682 596 Θεοῦ,
2716 531 2746 584 ὁ
2791 529 3016 602 μηδενὸς
3070 529 3204 601 μηδὲ
3241 528 3422 584 αὐτῶν
3450 528 3558 583 τῶν
3586 547 3757 586 κατα-

483 629 730 685 doctrina
755 635 810 681 et
831 623 938 678 fide
962 629 1350 691 comparatur:
1374 621 1469 678 sed
1493 622 1585 678 ille
1599 618 1817 693 quidem
1841 624 2058 691 corpori

2168 623 2508 693 φρονούντων
2549 619 2715 675 αὑτοῦ
2771 619 3156 692 καταφρονῶν,
3195 620 3224 673 ὁ
3254 622 3322 692 τῇ
3357 619 3525 691 ψυχῇ,
3557 622 3637 685 εἰς
3691 622 3761 692 ἦν

481 722 584 774 hoc
621 716 842 780 tribuit,
865 723 925 770 ut
945 712 1200 778 exsistat,
1231 722 1287 767 et
1317 713 1596 783 perduret,
1630 715 1734 770 iste
1781 729 1910 768 vero
1958 713 2058 770 hoc

2165 713 2252 766 διὰ
2275 711 2369 767 τοῦ
2413 713 2735 786 φυσήματος
2786 712 2848 766 τὸ
2876 712 3032 782 ἆγιον
3072 711 3238 767 αὑτοῦ
3269 713 3498 783 Πνεῦμα
3525 712 3764 784 κατῴκι-

483 809 767 864 animabus
796 805 1031 870 confert,
1081 811 1142 860 ut
1167 803 1289 860 aliis
1327 805 1658 862 antecellant
1701 827 1715 862 :
1756 821 1821 861 ac
1863 821 1961 877 per
1995 805 2058 860 ii-

2168 821 2279 868 σεν,
2308 804 2400 858 τὸν
2425 803 2580 874 λόγον
2601 803 2712 857 τῶν
2741 804 2959 857 πάντων
2991 802 3052 856 τὺ
3083 802 3412 874 τιμιώτατον
3457 805 3762 856 κατασπεί-

482 903 601 957 dem
632 901 875 971 insuper,
925 897 1342 968 doctrinamque
1385 899 1638 955 universa
1689 899 1800 953 vita
1852 906 2058 963 nostra,

2169 913 2290 969 ρας.
2312 897 2405 951 Διὸ
2432 898 2526 950 καὶ
2558 895 2894 968 θαυμαστῶς
2924 895 3030 950 ὑπὸ
3043 895 3152 949 τῶν
3175 893 3282 962 ἔξω
3303 895 3385 958 είς
3412 895 3597 966 στίχου
3615 893 3765 956 τινὸς

408 1058 416 1068 ⁸
488 993 666 1064 quoad
697 992 802 1047 alia
835 991 1025 1056 etiam,
1059 989 1186 1044 felix
1232 989 1434 1057 evadit,
1491 997 1548 1044 et
1593 998 1767 1045 recta.
1805 987 1921 1044 Non
1961 987 2058 1044 aii-

2167 987 2576 1061 ἀκροτελεύτιον
2615 983 2850 1059 εἴρηταιο

485 1102 567 1144 ter
587 1085 1220 1156 haecsehabere,317
1239 1099 1401 1154 quam
1461 1084 1597 1150 dixi,
1661 1083 1948 1156 perspicue
2011 1084 2313 1153 comperiet
2344 1084 2470 1154 quis
2504 1123 2520 1150 ,
2568 1083 2615 1139 si
2686 1082 2815 1138 illud
2869 1081 3053 1136 animo
3110 1087 3344 1148 reputet,
3400 1076 3493 1131 tali
3552 1076 3760 1132 homini

479 1181 663 1235 statim
723 1178 1064 1244 illucescere,
1123 1186 1179 1232 et
1227 1184 1636 1248 cooperatorem
1670 1177 1861 1234 adesse
1919 1190 2067 1245 eum,
2109 1176 2200 1246 qui
2239 1177 2421 1232 omnia
2450 1176 2720 1247 pervadit,
2750 1191 2815 1231 ac
2877 1188 3043 1244 supra
3102 1175 3283 1228 omnia
3308 1170 3615 1237 extollitur,
3654 1167 3757 1226 Dei

482 1271 716 1326 Verbum
771 1268 1003 1334 Filium,
1038 1269 1131 1339 qui
1173 1269 1463 1335 neminem,
1498 1285 1566 1326 ne
1620 1284 1687 1326 ex
1725 1270 1793 1326 iis
1825 1268 2070 1334 quidem,
2109 1283 2138 1323 a
2178 1267 2374 1340 quibus
2417 1270 2715 1340 spernitur,
2779 1267 3101 1333 contemnit,
3154 1266 3358 1335 quique
3408 1263 3657 1352 animae...
3699 1261 3757 1315 in

479 1375 584 1431 qua
625 1373 722 1428 per
748 1358 1164 1414 insulilationem
1195 1369 1442 1415 sanctum
1501 1374 1656 1414 suum
1723 1357 1985 1429 Spiritum
2023 1360 2267 1416 habitare
2321 1360 2472 1428 fecit,
2542 1361 2805 1415 rationem
2833 1399 2847 1422 ,
2907 1372 3026 1428 qua:
3068 1371 3154 1410 res
3191 1366 3276 1410 est
3313 1355 3558 1409 omnium
3613 1366 3756 1423 prae-

481 1455 844 1522 stantissima,
888 1453 1139 1510 inseruit.
1191 1451 1318 1510 Ideo
1378 1470 1407 1509 a
1479 1455 1723 1525 profanis
1793 1471 2008 1526 quoque
2068 1457 2324 1527 prmciare
2369 1459 2424 1513 in
2480 1457 2761 1528 cujusdam
2813 1471 3003 1511 versus
3050 1463 3293 1509 extrema
3345 1462 3502 1522 parte
3550 1450 3788 1520 dictum'

482 1545 584 1600 fuit
617 1561 632 1598 :

765 1637 1068 1710 Ubicunque
1089 1650 1165 1695 est
1191 1640 1348 1696 homo
1380 1683 1395 1708 ,
1419 1642 1492 1696 ibi
1527 1651 1604 1698 est
1629 1646 1786 1698 ratio.

2349 1637 2664 1708 Harraxoi)
2693 1639 2896 1706 λόγος,
2927 1635 3072 1688 ἔνθα
3097 1632 3191 1686 καὶ
3211 1631 3540 1699 ἅνθρωπος.

479 1729 586 1786 Sed
644 1730 719 1786 ita
773 1732 991 1801 quidem
1051 1732 1168 1788 haec
1221 1748 1280 1788 se
1344 1733 1565 1790 habent.
1631 1733 1879 1790 Haeretici
1940 1751 2058 1791 vero

2181 1732 2340 1786 Ἀλλὰ
2366 1732 2539 1786 ταῦτα
2583 1731 2682 1800 μὲν
2738 1723 2839 1782 ὧδέ
2871 1746 2958 1810 πηὶ
2992 1725 3121 1796 ἔχει.
3156 1723 3432 1796 Αἱρετικοὶ
3465 1722 3541 1788 δὲ,
3583 1721 3754 1793 μηδὲν

479 1822 609 1878 nihil
663 1824 766 1880 nisi
823 1824 967 1894 quod
1010 1825 1344 1880 immundum
1408 1827 1498 1894 sit,
1556 1827 1846 1897 spirantes,
1905 1829 2058 1883 allata

2167 1824 2529 1886 άναπνέοντες
2559 1822 2824 1893 καθαρὸν,
2859 1822 2982 1884 ταῖς
3030 1817 3314 1889 κειμέναις
3355 1814 3486 1887 περὶ
3520 1815 3616 1868 τοῦ
3656 1815 3753 1868 λυ-

2163 1915 2373 1988 τρωτοῦ
2406 1914 2541 1970 Θεοῦ
2588 1914 2784 1982 Λόγου,
2815 1912 2909 1966 τοῦ
2936 1910 3154 1964 πάντων
3185 1906 3751 1979 γενεσιουργοῦ,ὑψη-

481 2008 658 2063 «litore
681 2007 932 2063 sublimia
996 2008 1327 2074 testimonia,
1387 2009 1612 2080 ejusque
1651 2012 1792 2068 dona
1846 2021 1900 2068 et
1948 2029 2058 2067 ma-

2165 2009 2284 2071 λαϊς
2321 2005 2651 2078 μαρτυρίαις
2690 2021 2750 2057 τε
2786 2003 2880 2058 καὶ
2913 2001 3166 2074 δωρεαῖς,
3194 2000 3288 2054 καὶ
3323 1998 3751 2071 μεγαλουργίαις

478 2101 671 2171 gnillca
719 2113 884 2168 opera
950 2114 1055 2153 non
1118 2101 1478 2166 attendentes,
1527 2104 1595 2156 ad
1655 2103 1824 2171 ipsius
1890 2104 2066 2159 deita-

482 2199 589 2244 tem
634 2187 874 2243 referunt
923 2197 1086 2256 atque
1132 2188 1406 2257 applicant
1442 2205 1503 2245 ea
1557 2192 1852 2262 Scriptura:
1901 2192 2015 2248 loca
2042 2235 2057 2262 ,

481 2295 602 2346 quae
649 2281 715 2333 de
743 2294 954 2335 summe
989 2279 1268 2347 ineffabili,
1297 2290 1353 2336 et
1396 2295 1663 2338 summam
1706 2283 1824 2354 ejus
1865 2284 2064 2340 immu-

483 2368 802 2424 tabilitatem
837 2383 942 2424 non
976 2367 1203 2426 lacdente
1241 2370 1479 2442 benigna
1515 2371 1894 2431 lncarnatione
1921 2376 2062 2432 dicta

481 2468 629 2529 sunt,
694 2475 922 2532 quaeque
956 2460 1066 2516 illis
1101 2460 1325 2518 humilia
1383 2465 1657 2530 videntur,
1706 2473 1874 2535 atque
1903 2467 2058 2521 inde-

478 2566 607 2606 cora
642 2569 656 2606 :
707 2562 761 2606 et
803 2553 1000 2621 quibus
1041 2567 1105 2607 ex
1139 2552 1299 2609 rebus
1332 2554 1558 2623 gloriam
1605 2554 1697 2611 Dei
1733 2558 2058 2627 perspicere,

477 2641 706 2713 ejusque
743 2641 794 2696 in
835 2641 1086 2698 homines
1125 2643 1516 2713 benignitatem
1562 2647 1737 2717 magis
1780 2647 2062 2705 celebrare

486 2733 748 2790 deberent
797 2749 895 2806 per
944 2735 1042 2790 has
1075 2734 1220 2806 ipsas
1268 2736 1423 2806 longe
1452 2751 1483 2791 a
1523 2739 1756 2794 veritate
1781 2739 1939 2795 alieni
1967 2741 2058 2796 de-

484 2826 909 2894 prehenduntur,
959 2841 1023 2882 ac
1066 2841 1130 2882 eo
1182 2826 1501 2893 deveniunt,
1542 2837 1601 2883 ut
1653 2829 2058 2886 benefactorem

483 2929 546 2970 ac
575 2915 913 2972 Saivatorem
955 2918 1310 2974 contumeliis
1334 2917 1573 2976 alliciant
1599 2938 1614 2975 :
1647 2935 1748 2978 nec
1779 2936 1904 2980 eum
1946 2925 2060 2992 pla-

2164 2099 2226 2152 οὐ
2259 2097 2638 2170 προσέχοντες,
2677 2094 2748 2149 τά
2774 2095 2902 2166 περὶ
2927 2095 3027 2164 τῆς
3061 2091 3439 2166 άῤῥητοτάτης
3469 2091 3564 2144 καὶ
3592 2090 3751 2162 ἀτρε-

2166 2191 2436 2262 πτοτάτης
2472 2188 2854 2260 φιλανθρώπου
2903 2186 3367 2257 ὲνανθρωπήσεως
3399 2184 3565 2241 αὑτοῦ
3597 2201 3750 2254 νομι-

2165 2284 2366 2354 ζόμενα
2415 2282 2641 2344 ἐκείνοις
2679 2275 2818 2334 εἶναι
2867 2277 3221 2350 μικροπρεπῆ
3259 2278 3500 2348 ῥήματα,
3545 2278 3611 2347 τῇ
3635 2275 3752 2328 θεό-

2162 2392 2286 2446 τητι
2324 2373 2490 2427 αὐτοῦ
2517 2371 2946 2443 προσάπτουσιν⁹
2985 2371 3078 2424 καὶ
3109 2371 3200 2439 ἀφ’
3239 2361 3314 2422 ὧν
3351 2366 3606 2438 ὤφειλον,
3645 2369 3746 2439 τήν

2164 2483 2224 2520 τε
2251 2465 2410 2533 δόξαν
2438 2465 2690 2519 διειδέναι
2718 2463 2812 2518 τοῦ
2860 2463 3019 2529 Θεοῦ,
3050 2463 3146 2516 καὶ
3183 2464 3442 2532 ἀνυμνεῖν
3480 2461 3641 2515 πλέον
3688 2460 3749 2514 τὸ

2165 2557 2543 2630 φιλάνθρωπον
2568 2555 2754 2622 αὑτοῦ,
2783 2555 2872 2610 διά
2893 2553 3102 2608 τούτων
3138 2553 3244 2620 ἔξω
3268 2571 3327 2607 τε
3357 2554 3454 2624 τῆς
3491 2553 3749 2625 ἀληθείας

2165 2649 2455 2720 φερόμενοι
2508 2648 2841 2711 ἁλίσκονται,
2891 2647 2986 2700 καὶ
3039 2645 3284 2718 ὑϐρίζειν
3328 2645 3418 2699 τὸν
3453 2645 3748 2717 εὐεργέτην

2163 2743 2257 2796 καὶ
2277 2741 2504 2813 Σωτῆρα
2531 2739 2884 2810 προάγονται·
2920 2737 3141 2810 φροντίς
3164 2755 3224 2790 τε
3259 2738 3462 2800 αὐτοῖς.
3482 2737 3580 2806 οὐχ
3599 2737 3748 2800 ὅπως

2163 2830 2556 2900 ὲξιλεώσωνται
2593 2830 2752 2883 αὐτὸν
2789 2830 2865 2893 ὡς
2903 2830 3116 2900 κριτήν·
3173 2827 3288 2880 ἀλλ’
3319 2828 3467 2888 ὅπως
3493 2827 3596 2879 ὑπὸ
3623 2826 3745 2898 κρί-

2165 2941 2248 2978 σιν
2287 2922 2437 2987 ὄντα,
2477 2922 2552 2986 ὡς
2590 2922 2830 2985 κτιστὸν,
2884 2921 2979 2975 καὶ
3032 2920 3168 2990 μετά
3223 2917 3320 2988 τὴν
3363 2919 3442 2980 είς
3480 2918 3744 2989 οὐρανοὺς

479 3021 606 3062 care
632 3008 852 3063 student
882 3018 940 3063 ut
976 3008 1240 3077 iudicem,
1273 3011 1369 3066 sed
1395 3024 1428 3066 e
1453 3012 1735 3068 contrario
1764 3018 2050 3072 ostendere

2165 3011 2347 3069 ἄνοδον
2363 3011 2458 3066 καὶ
2481 3010 2581 3082 τὴν
2620 3013 2685 3063 ὲκ
2721 3009 2909 3074 δεξιῶν
2950 3010 3043 3062 τοῦ
3087 3007 3281 3061 ἑαυτοῦ
3317 3007 3530 3078 Πατρὸς
3578 3005 3743 3059 ἰσότι-

479 3108 771 3162 conantur,
803 3101 1006 3169 ipsum,
1059 3110 1249 3170 utpote
1301 3112 1586 3170 creatum,
1625 3104 1831 3174 judicio
1882 3107 2062 3176 subje-

480 3199 628 3242 ctum
689 3203 810 3244 esse
876 3205 1022 3246 nunc
1069 3206 1303 3262 quoque,
1361 3201 1645 3263 postquam
1693 3205 1750 3250 et
1791 3196 1843 3251 in
1893 3199 2064 3254 caelos

481 3279 749 3345 ascendit,
772 3289 826 3336 et
859 3283 924 3334 ad
953 3282 1234 3338 dexteram
1261 3283 1440 3339 Patris
1472 3285 1555 3340 sui
1588 3286 2060 3360 considet'aquali

383 3367 386 3372 ’
481 3387 545 3426 ac
570 3371 659 3428 ille
700 3373 905 3428 honore
940 3372 1274 3430 afﬁciendus.
1310 3375 1448 3443 Quin
1485 3377 1651 3432 etiam
1689 3393 2063 3447 saepenumero

480 3477 602 3530 ιιιιω
639 3461 705 3518 de
746 3463 862 3533 ipso
901 3461 1064 3529 Filio,
1109 3474 1202 3519 aut
1236 3466 1304 3520 ab
1351 3467 1467 3536 ipso
1513 3467 1658 3522 dicta
1690 3482 1795 3523 non
1843 3468 2062 3526 fuerunt

481 3563 577 3608 aut
623 3567 744 3623 qua:
775 3569 976 3610 arcano
1030 3566 1190 3626 atque
1227 3556 1573 3628 :enigmatico
1631 3573 1793 3617 sensu
1853 3563 2059 3632 scripta

480 3655 630 3712 sunt,
681 3659 743 3700 ea
783 3647 905 3702 sine
955 3649 1228 3716 examine,
1267 3648 1422 3718 quasi
1477 3660 1666 3707 contra
1712 3655 1912 3722 ipsum,
1969 3664 2061 3708 aut

483 3737 552 3792 ab
604 3737 722 3805 ipso
761 3742 1109 3809 pronuntiata
1142 3751 1468 3812 preponunt,
1510 3753 1565 3800 et
1597 3760 1824 3814 pravam
1872 3761 2060 3816 quam-

483 3828 614 3884 libet
658 3841 818 3900 atque
865 3829 1137 3886 iniit-mani
1171 3833 1677 3903 interpretationem
1705 3837 1925 3907 plurimi
1977 3836 2060 3892 fa-

481 3921 630 3976 ciunt
655 3937 672 3977 :
703 3936 770 3978 ac
797 3923 1115 3992 semetipsos
1137 3923 1270 3979 nihil
1302 3923 1374 3979 ab
1405 3923 1813 3981 irrationalibus
1851 3929 2061 3980 anima.

482 4014 623 4070 libus
643 4013 1010 4086 discrepantes
1056 4015 1318 4071 exhibent
1371 4015 1498 4070 huic
1545 4015 1893 4085 optatissime
1949 4014 2058 4069 Do-

481 4106 629 4162 mino
650 4147 666 4173 ,
697 4108 787 4177 qui
819 4107 1103 4163 credentes
1131 4107 1281 4160 ducit
1319 4105 1436 4160 sine
1463 4105 1716 4160 violentia
1753 4105 1806 4160 in
1831 4104 2009 4161 Patris
2040 4147 2056 4173 ,

479 4205 540 4250 et
566 4195 648 4250 sui
683 4196 891 4264 ipsius,
929 4203 986 4251 et
1031 4195 1207 4248 sancti
1242 4191 1478 4263 Spiritus
1509 4209 1673 4248 unum
1720 4193 2052 4250 individuum

481 4301 738 4357 regnum,
793 4284 999 4356 quique
1044 4285 1114 4339 ob
1165 4297 1317 4338 suam
1357 4298 1484 4353 erga
1538 4300 1637 4340 nos
1665 4284 2055 4355 indulgentiam

2167 3120 2264 3174 μον
2295 3100 2574 3174 συνεδρίαν
2595 3099 2972 3165 ἀποδείξωσιν.
3011 3099 3276 3162 Πολλάκις
3304 3099 3362 3152 δὲ
3401 3099 3496 3152 καὶ
3522 3097 3593 3151 τὰ
3617 3099 3747 3167 περὶ

2162 3196 2348 3259 αὐτοῦ,
2385 3192 2572 3266 ἢπαρ’
2625 3192 2789 3246 αὐτοῦ
2830 3191 2906 3264 μὴ
2934 3189 3356 3262 λεχθέντα,ἢδι’
3399 3189 3746 3260 ἐπικρύψεως

2163 3287 2451 3359 ᾐνιγμένα,
2491 3287 2568 3351 ὡς
2605 3288 2727 3340 κατ’
2759 3284 3001 3354 αὑτοῦ,ἢ
3042 3284 3170 3354 παρ’
3205 3281 3331 3354 [147
3351 3281 3402 3355 b]
3433 3281 3598 3336 αὐτοῦ
3621 3284 3752 3336 ἀπο-

2163 3379 2489 3451 πεφασμένα
2553 3379 2936 3440 ἀϐασανίστως
2995 3375 3356 3441 διατιθέασιν,
3417 3375 3513 3429 καὶ
3570 3374 3748 3428 πάντα

2162 3470 2361 3542 σαθρὸν
2400 3470 2494 3524 καὶ
2523 3469 2749 3525 ἄναλκιν
2803 3467 3196 3539 ὲκτετιμήκασι
3237 3467 3382 3520 νοῦν·
3426 3465 3577 3520 οὐδὲν
3615 3465 3747 3519 καλ-

2161 3562 2310 3624 λίους
2346 3560 2556 3630 ἀλόγων
2581 3559 2735 3625 ζώων
2785 3559 3012 3622 ἑαυτοὺς
3039 3556 3406 3629 προσάγοντες
3443 3556 3617 3628 τούτῳ
3667 3555 3746 3628 τῷ

2161 3653 2515 3724 περιποθήτω
2564 3651 2832 3724 Δεσπότῃ,
2873 3650 2952 3721 τῷ
3009 3650 3195 3718 ἄγοντι
3259 3649 3383 3719 δίχα
3441 3648 3564 3719 βίας
3620 3649 3748 3712 τοὺς

2161 3741 2520 3813 πειθομένους
2551 3744 2631 3806 εἰς
2663 3743 2763 3814 τὴν
2819 3741 2921 3795 τοῦ
2961 3739 3196 3812 Πατρδς,
3238 3740 3332 3794 καὶ
3375 3740 3595 3805 ἑαυτοῦ,
3652 3741 3748 3794 καὶ

2159 3833 2254 3888 τοῦ
2299 3833 2455 3903 ἁγίου
2515 3834 2852 3906 Πνεῦματος,
2923 3834 3054 3906 μίαν
3101 3835 3404 3906 ἀδιαίρετον
3445 3832 3744 3904 βασιλείαν,

2160 3927 2255 3980 καὶ
2279 3925 2449 3995 φειδοῖ
2495 3929 2562 3999 τῇ
2584 3927 2720 3998 πρὸς
2742 3928 2892 3998 ἡμᾶς
2917 3926 3294 4001 παραινοῦντι·
3342 3945 3361 3978 t
3403 3927 3494 3997 Μὴ
3531 3925 3747 3995 γίνεσθε

2159 4019 2237 4081 ὡς
2287 4019 2576 4092 ἵππος-καὶ
2614 4019 2859 4091 ἡμίονος,
2895 4016 2977 4085 οἷς
3003 4023 3104 4075 οὐκ
3144 4021 3288 4074 ἔστιν
3333 4019 3564 4084 σύνεσις.
3601 4039 3619 4071 ν
3664 4018 3746 4072 Τὰ

2158 4109 2268 4182 γὰρ
2287 4111 2457 4180 ἄλογα
2490 4112 2624 4178 ζῶα,
2659 4115 2846 4184 φησὶν,
2889 4110 2968 4179 οἷς
2994 4117 3027 4186 ή
3055 4114 3201 4188 ψυχὴ
3237 4113 3298 4167 τὸ
3326 4113 3386 4178 ἐξ
3423 4113 3555 4185 ὕλης
3577 4106 3740 4183 αἷμα,

2159 4202 2302 4257 κατά
2321 4203 2412 4257 τὸν
2428 4204 2651 4258 εἰπόντα
2699 4209 2758 4261 ὲν
2786 4209 2852 4279 τῇ
2897 4207 3134 4272 Γενέσει,
3167 4224 3187 4259 t
3233 4207 3305 4262 Τὸ
3346 4202 3481 4277 αἷμα
3515 4205 3680 4260 αὐτοῦ
3703 4209 3739 4278 ἠ

2159 4292 2304 4366 ψυχὴ
2335 4294 2523 4360 αὑτοῦ,
2562 4314 2581 4347 ι
2620 4297 2700 4360 είς
2727 4296 2832 4368 γῆν
2855 4297 3129 4364 νένευκεν,
3173 4299 3262 4354 ἀεὶ
3283 4302 3349 4372 τῇ
3368 4297 3565 4372 γαστρὶ
3606 4298 3740 4371 μόνῃ

480 4391 580 4432 nos
623 4377 696 4430 ita
745 4375 994 4430 hortatur
1019 4390 1033 4428 :
1063 4390 1082 4426 ι
1120 4371 1300 4430 Nolite
1330 4373 1444 4445 (97)
1471 4373 1586 4430 ﬂeri
1616 4375 1752 4431 sicut
1783 4391 1954 4448 equus
2001 4386 2058 4432 et

2160 4383 2501 4452 δουλεύοντα,
2535 4389 2629 4442 καὶ
2658 4389 2758 4443 οὐκ
2795 4390 3095 4462 ἀνέστηκεν
3137 4391 3216 4463 τῷ
3267 4392 3482 4464 σώματι
3511 4392 3605 4446 καὶ
3664 4391 3742 4464 τῷ

480 4467 678 4534 tnulus,
721 4467 919 4536 quibus
956 4480 1062 4520 non
1097 4474 1182 4522 est
1223 4464 1547 4522 intellectus.
1592 4486 1610 4520 ι
1649 4468 1812 4534 Quasi
1865 4469 2050 4525 dicat:

481 4575 605 4612 nam
663 4558 871 4612 ratione
902 4556 1159 4613 destituta
1210 4559 1529 4624 animantia,
1586 4575 1814 4630 quorum
1873 4561 2053 4616 anima

480 4661 562 4706 est
587 4649 807 4721 sanguis
828 4649 1152 4718 materialis,
1187 4650 1341 4721 juxta
1372 4667 1518 4720 eum,
1557 4655 1646 4722 qui
1676 4655 1756 4708 ait
1786 4656 1838 4710 in
1879 4656 2060 4712 Gene-

480 4743 525 4796 εί
548 4739 658 4810 (98)
696 4758 710 4796 ε
754 4757 774 4794 σ
818 4739 1048 4810 Sanguis
1087 4741 1204 4811 ejus
1226 4750 1312 4796 est
1343 4743 1522 4798 anima
1551 4745 1669 4814 ejus
1693 4782 1710 4808 ,
1747 4763 1766 4797 ι
1802 4744 1856 4800 in
1895 4745 2061 4817 318

483 4848 680 4889 terram
709 4848 876 4904 prona
909 4843 1036 4889 sunt
1065 4849 1301 4905 semper,
1333 4837 1506 4892 ventri
1539 4846 1751 4893 tantum
1805 4840 2058 4894 servien-

481 4927 578 4990 tia,
640 4938 815 4994 neque
865 4939 1095 4993 corpore
1125 4941 1189 4982 ac
1231 4935 1410 4982 mente
1458 4930 1744 4999 eriguntur
1774 4938 1833 4984 ut
1873 4931 2058 4996 homo,

480 5017 571 5085 qui
602 5025 655 5071 et
689 5025 904 5072 terrena
937 5017 1123 5081 sentit,
1150 5026 1202 5072 et
1246 5017 1496 5073 sublimia
1536 5020 1698 5082 videt,
1722 5030 1778 5074 et
1802 5020 1868 5076 ad
1897 5020 2061 5076 coele-

483 5117 616 5160 stem
643 5105 1050 5160 scientissimum
1069 5146 1087 5172 ,
1117 5115 1170 5160 et
1200 5106 1440 5176 cujusvis
1467 5108 1623 5177 plane
1655 5109 1925 5177 passionis
1962 5126 2060 5166 ex-

483 5203 686 5261 pertem
710 5199 909 5248 statum
941 5193 1200 5260 festinat,
1231 5207 1394 5266 atque
1453 5199 1506 5253 in
1545 5202 1744 5254 mundo
1801 5201 1946 5255 velut
1997 5203 2049 5257 in

483 5283 697 5349 publico
718 5283 953 5354 quodam
984 5283 1220 5354 hospitio
1249 5286 1518 5356 hospitem
1553 5302 1613 5343 se
1643 5287 1908 5345 diversari
1949 5307 2051 5361 pu-

485 5387 587 5443 tat,
627 5385 682 5433 et
703 5379 942 5449 quotidie
977 5394 1097 5442 sese
1125 5379 1240 5452 (99)
1271 5381 1338 5439 ad
1367 5383 1570 5438 exitum
1601 5399 1667 5438 ex
1711 5383 1811 5442 hac
1835 5386 1944 5440 vita
1971 5402 2058 5442 sae

489 5474 698 5543 pienter
729 5475 936 5546 agendo
997 5487 1298 5556 praeparat;
1343 5479 1572 5559 ideoque
1603 5479 1709 5536 fide
1757 5490 1813 5536 et
1878 5495 2062 5538 mente

701 5632 899 5711 (flatile.
928 5631 1073 5711 Psai:
1103 5652 1253 5711 κιαι,
1282 5638 1342 5692 11
1379 5639 1495 5708 (seu
1519 5639 1596 5711 9).

557 5698 674 5779 $98)
708 5701 775 5755 In
798 5701 1029 5779 Genesi._
1055 5703 1136 5779 ln_
1157 5698 1350 5763 Genesi
1384 5698 1514 5765 ‘htec
1557 5698 1661 5766 non
1698 5712 1896 5766 inveni.
1945 5713 2053 5767 Rs-

489 5773 673 5848 spicit,
712 5781 962 5848 utnputo,
1011 5773 1236 5848 L_evi_tic.
1280 5793 1412 5848 xvu,
1461 5779 1521 5833 11
1587 5792 1641 5833 et
1698 5781 1785 5848 14,
1844 5785 1929 5837 ubi
1977 5787 2055 5834 Ie-

488 5840 632 5908 gitur
676 5858 690 5895 :
757 5840 820 5892 Ἦ
869 5841 977 5911 γὰρ
1027 5842 1172 5914 ψυχὴ
1227 5840 1409 5910 πάσης
1459 5849 1660 5918 σαρκὸς
1708 5840 1844 5921 αἷμα
1889 5849 2054 5904 αὐτοῦ

2157 4476 2254 4547 νῷ,
2303 4477 2379 4543 ὡς
2409 4479 2438 4532 ὁ
2480 4479 2788 4552 ἄνθρωπος,
2835 4485 2863 4535 ὁ
2913 4484 3008 4536 καὶ
3045 4483 3155 4537 τῶν
3195 4485 3455 4552 ἐπιγείων
3493 4484 3744 4539 αἰσθανό-

2161 4587 2338 4640 μενος,
2368 4572 2462 4626 καὶ
2500 4573 2569 4626 τὰ
2617 4575 2868 4647 μετέωρα
2914 4575 3147 4646 βλέπων,
3196 4577 3291 4629 καὶ
3336 4576 3430 4628 ἐπὶ
3491 4575 3590 4646 τὴν
3631 4576 3744 4629 ἀνω

2157 4662 2534 4734 γαληνοτάτην
2567 4664 2662 4718 καὶ
2690 4665 3079 4736 ἀπαθεστάτην
3103 4666 3440 4719 κατάστασιν
3472 4663 3740 4728 σπεύδων,

2158 4754 2252 4806 καὶ
2299 4754 2376 4819 ὡς
2437 4757 2495 4809 ὲν
2537 4757 2812 4828 πανδοκίῳ
2849 4759 2957 4811 τινὶ
2995 4760 3052 4810 ὲν
3093 4758 3170 4828 τῷ
3216 4759 3404 4830 κόσμῳ
3439 4756 3743 4829 ἡγούμενος

2160 4844 2606 4911 καταλελυκέναι,
2646 4848 2741 4900 καὶ
2779 4847 3340 4918 παρασκευαζόμενος
3388 4848 3456 4901 ἶν’
3504 4848 3740 4919 εὐφρονῇ

2159 4935 2242 5002 ἐφ’
2280 4935 2516 5008 ἑκάστης
2547 4935 2683 5006 πρὸς
2715 4938 2813 5008 τὴν
2844 4941 2907 4992 ὲκ
2943 4939 3133 4992 τούτου
3161 4937 3462 5002 ἔξοδονοδιά
3488 4956 3548 4992 τε
3585 4939 3744 4994 τοῦτο
3835 4960 3846 4964 δ

2160 5025 2363 5091 ἁπλοῦς
2383 5026 2480 5098 τὴν
2498 5028 2679 5082 πίστιν
2713 5030 2806 5083 καὶ
2840 5031 2938 5102 τὴν
2961 5030 3187 5102 γνώμην
3221 5032 3249 5083 ὁ
3275 5031 3437 5101 σοφὸς
3483 5031 3741 5102 ὑπάρχει.

2159 5115 2330 5169 Παντὶ
2350 5116 2458 5187 γάρ
2501 5133 2580 5187 τῳ
2607 5117 2787 5188 δῆλον,
2818 5119 2895 5183 ὡς
2922 5120 3103 5188 πάσης
3135 5118 3235 5189 τῆς
3284 5117 3374 5172 διὰ
3424 5117 3599 5186 λόγων
3651 5118 3745 5170 καὶ

2160 5207 2217 5259 ὲν
2238 5207 2416 5276 λόγοις
2436 5208 2633 5280 τέχνης
2672 5212 2706 5280 ἡ
2760 5210 2987 5281 ἀλήθεια
3030 5211 3298 5280 κρείττων
3323 5211 3431 5277 ἀεὶ,
3459 5212 3583 5282 ἥτις
3609 5227 3744 5280 συμο

2164 5300 2409 5369 πέφυκεν
2431 5304 2494 5372 τῇ
2531 5301 2812 5375 ἁπλότητι.
2848 5304 3152 5378 Ταράττειν
3185 5303 3242 5358 δὲ
3265 5303 3359 5358 καὶ
3381 5301 3744 5375 ταράττεσθαι

2165 5391 2415 5446 δοκοῦσιν
2445 5394 2494 5446 οἱ
2534 5396 2774 5465 τεχνικοὶ
2802 5395 2970 5465 λόγοι,
3009 5397 3059 5450 οἳ
3102 5393 3490 5478 πλεονάζουσιν
3535 5395 3743 5464 αἱρετι-

2168 5488 2285 5550 κοῖς
2311 5489 2425 5552 τοῖς
2469 5487 2569 5559 τῆς
2601 5488 2917 5562 θεολογικῆς
2947 5490 3202 5564 θεωρίας,
3236 5493 3312 5555 ὡς
3350 5489 3447 5544 καὶ
3485 5483 3745 5560 Ἕλληνες

2049 5667 2054 5672 -
2158 5644 2296 5718 ἐστι,
2333 5645 2382 5699 id
2412 5657 2517 5713 est,
2553 5666 2570 5700 ι
2606 5647 2783 5702 anima
2815 5649 2959 5705 enim
2987 5650 3167 5705 omnis
3208 5649 3389 5705 carnis
3415 5659 3496 5704 est
3525 5647 3744 5718 sanguis

2156 5729 2344 5858 ψδιῆ
2376 5783 2669 5858 Hospitio.
2697 5787 2900 5852 Codex,
2957 5787 3250 5858 πανδοκίω.
3294 5787 3395 5840 Alii
3429 5787 3744 5858 πανδοχεῖον

2162 5853 2427 5909 scribunt.
2473 5855 2814 5926 Phrynichus
2849 5859 3050 5912 mavult
3083 5857 3422 5912 πανδοκεῖον.
