4112 6452
459 419 556 475 781

1518 428 1608 484 DE
1644 427 2023 490 TRINITATE
2061 430 2266 489 LIBER
2305 435 2632 496 TERTIUS.

3621 449 3725 505 782

456 530 962 627 ἀλλοτρίοις.-εξεδν
1013 536 1296 627 μὲν-γὰρ,
1347 540 1440 594 καὶ
1502 543 1728 614 Κύριον,
1787 548 1880 602 καὶ
1920 547 2022 602 Tib

2154 547 2383 618 simplex
2419 560 2504 606 est
2553 552 2804 622 sapiens;
2848 554 3138 627 unicuique
3181 557 3324 614 enim
3372 559 3726 619 manifestum

456 622 715 678 καλοῦσιν
751 623 934 689 αὐτὸν,
975 624 1077 679 οὐκ
1119 625 1200 682 ἔτι
1244 628 1302 682 δὲ
1327 629 1402 695 ὡς
1424 631 1523 702 μὲν
1557 634 1687 690 Θεὸν
1714 637 1809 692 καὶ
1840 639 2046 711 Κύριον

455 715 731 782 ἄκτιστον,
787 715 1046 789 ἄναρχον,
1097 719 1479 788 αὐτεξούσιον,
1531 727 1628 779 καὶ
1665 728 1779 783 ἴσον
1813 729 1891 800 τῷ
1926 730 2045 801 Θεῷ
2090 723 2095 729 ’

455 806 653 878 Πατρί’
690 806 767 871 ὡς
808 807 865 860 δὲ
915 809 1178 880 μονογενῆ
1225 811 1354 864 Υίὸν
1399 812 1528 884 [148
1555 815 1611 889 α]
1656 818 1940 890 ὁμοούσιον
1967 820 2045 892 τῷ

453 897 773 969 γεννήσαντι
799 897 1068 968 λέγουσιν’
1096 901 1387 959 καὶταῦτα
1428 907 1756 976 ὲκφαίνοντα
1788 910 1884 964 καὶ
1913 928 2047 982 προ-

454 988 709 1059 φαίνοντα
733 989 794 1042 τὸ
814 990 1075 1062 ὁμότιμον
1107 992 1199 1046 καὶ
1244 995 1513 1061 ίσοσθενὲς
1544 999 1644 1070 τῆς
1678 1000 1840 1069 ἁγίας
1878 1002 2045 1074 Τριά-

450 1082 540 1146 δος
568 1082 650 1147 εἰς
681 1081 743 1136 τὸ
778 1083 905 1154 περὶ
923 1084 984 1137 τὸ
1011 1083 1296 1158 βάπτισμα
1333 1088 1476 1143 Θεῖυν
1499 1090 1666 1144 αὐτοῦ
1699 1092 1897 1165 δόγμα,
1939 1097 2034 1151 καὶ

451 1175 510 1228 ἐν
536 1174 718 1240 ἄλλοις
740 1174 798 1229 δὲ
833 1174 1070 1243 πολλοῖς,
1110 1176 1187 1243 ὡς
1230 1179 1466 1252 εἴρηταιο
1509 1182 1624 1236 ἀλλ’
1659 1184 1885 1256 Ἕλλησι
1913 1187 2036 1260 τρό-

450 1281 553 1318 πον
578 1264 702 1319 τινὰ
747 1266 1178 1340 συμφερόμενοι,
1227 1269 1625 1344 διαφορότητας
1679 1275 1775 1329 καὶ
1816 1276 2038 1347 ὑφέσεις

446 1357 646 1412 οὐσιῶν
678 1357 772 1411 καὶ
823 1358 1000 1432 δόξης,
1032 1359 1177 1415 κατὰ
1213 1361 1340 1426 νόας
1390 1363 1575 1431 ἰδίους,
1617 1365 1727 1420 τῶν
1750 1367 1910 1422 θείων
1944 1369 2039 1423 καὶ

375 1493 384 1498 -
445 1451 748 1523 όμοουσίων
772 1452 939 1526 τριῶν
964 1453 1314 1511 ύποστάσεων
1341 1457 1630 1527 ὑφιστᾶσιν
1655 1461 1748 1516 καὶ
1761 1461 2036 1518 διανοοῦν-

446 1558 537 1594 ται
567 1540 695 1611 περί
731 1554 791 1594 τε
813 1539 905 1595 τοῦ
939 1541 1066 1596 Υίοῦ
1109 1543 1204 1598 καὶ
1240 1544 1335 1598 τοῦ
1368 1544 1527 1614 ἁγίου
1578 1547 1892 1619 Πνεύματος
1938 1549 2033 1604 τοῦ

449 1633 608 1691 Θεοῦ.

2148 647 2252 705 est,
2291 640 2587 697 artiﬁciosa
2639 645 2886 712 quamvis
2940 646 3394 718 ratiocinatione,
3446 651 3726 710 dicendive

2149 727 2404 784 facultate
2463 732 2779 800 veritatem,
2831 750 2992 804 quam
3045 739 3365 796 naturaliter
3408 741 3728 812 simplicitas

2150 821 2472 888 comitatur,
2519 825 2951 894 prastantiorem
2991 842 3206 898 semper
3251 847 3370 888 esse
3416 849 3479 890 ac
3524 850 3733 906 praeva-

2148 910 2302 979 lere;
2360 913 2684 970 artiﬁciosas
2754 931 2886 972 vero
2955 921 3490 988 argumentationes,
3530 924 3724 994 quibus

2148 1006 2425 1062 abundant
2478 1009 2718 1066 haeretici
2770 1013 2860 1081 qui
2905 1027 2936 1066 a
2975 1013 3279 1083 theologica
3353 1017 3600 1073 doctrina
3669 1029 3714 1075 et

2148 1099 2517 1169 speculatione
2571 1102 2699 1157 item
2736 1113 2794 1158 ut
2827 1103 3040 1173 Gratci,
3071 1105 3123 1160 id
3167 1116 3250 1162 est
3290 1110 3513 1176 ethnici,
3560 1111 3720 1166 alieni

2145 1203 2291 1261 sunt,
2346 1202 2403 1250 et
2463 1195 2684 1252 turbare
2737 1206 2954 1252 constat
2993 1207 3049 1254 et
3101 1199 3333 1255 turbari.
3373 1199 3505 1256 Nam
3553 1203 3722 1260 Deum

2145 1285 2362 1355 quidem
2399 1285 2576 1356 ipsum
2601 1323 2618 1352 ,
2667 1295 2723 1342 et
2761 1287 3090 1356 Dominum,
3146 1298 3203 1344 et
3239 1289 3436 1345 Filium
3485 1303 3720 1360 vocant,

2145 1377 2238 1431 sed
2272 1376 2420 1432 illum
2461 1387 2730 1448 quatenus
2780 1379 2949 1436 Deum
2993 1382 3234 1451 quidem,
3287 1391 3341 1439 et
3393 1384 3676 1442 Dominum
3703 1427 3720 1454 ,

2144 1482 2250 1522 non
2283 1469 2436 1524 aiunt
2483 1470 2783 1526 increatum
2828 1486 2970 1540 esse,
3006 1483 3292 1540 aeternum,
3325 1479 3539 1546 propria
3569 1493 3633 1534 ac
3657 1479 3723 1534 ii-

2140 1555 2272 1613 hera
2325 1569 2600 1627 potestate
2649 1561 2934 1630 praeditum
2981 1571 3031 1616 el
3082 1564 3343 1634 aequalem
3389 1567 3499 1623 Deo
3534 1569 3720 1635 Patri;

445 1916 652 1983 multis,
698 1925 756 1971 ut
803 1917 1005 1974 dictum
1071 1927 1191 1974 est:
1222 1919 1318 1975 sed
1365 1918 1568 1976 Graecis
1617 1924 2015 1992 quodammodo
2077 1933 2485 1999 consentiendo,
2521 1935 2934 2005 discrepantias,
2999 1945 3056 1992 et
3126 1937 3411 1994 inferiores
3448 1941 3716 1994 essentia-

445 2026 562 2064 ’νη-ι
593 2019 646 2064 ει
684 2009 869 2080 glori-'8
915 2011 1146 2081 Gradus.
1187 2015 1482 2068 secundum
1518 2015 1734 2084 propria
1764 2015 2006 2085 ipsorum
2061 2033 2401 2094 commenta,
2447 2027 2501 2084 in
2570 2027 2744 2084 tribus
2779 2028 3000 2085 'divinis
3042 2039 3097 2084 et
3150 2030 3706 2086 consubstantialibus

442 2101 824 2174 hypostasibus
856 2105 1235 2174 constituunt,
1273 2117 1329 2164 et
1369 2122 1433 2164 ea
1502 2108 1814 2166 discrimina
1857 2113 2205 2186 excogitant,
2271 2135 2394 2177 cum
2459 2123 2526 2180 de
2581 2122 2719 2180 Filio
2745 2138 2808 2181 ac
2850 2125 2915 2182 de
2951 2122 3159 2196 Spiritu
3209 2135 3398 2180 sancto
3460 2123 3555 2180 Dei
3600 2140 3713 2180 ser-

441 2215 657 2255 monem
699 2199 925 2258 habent.

511 2289 690 2362 Ἀπερ
717 2291 812 2344 καὶ
838 2291 889 2344 οἰ
913 2291 1210 2364 ἀλάστορες
1243 2292 1338 2346 καὶ
1373 2295 1610 2367 μυσαροὶ¹
1660 2297 1933 2370 δαίμονες,
1968 2305 2016 2357 οἰ

2191 2302 2262 2357 At
2287 2301 2404 2356 haec
2433 2298 2516 2356 vel
2553 2300 2656 2370 ipsi
2706 2298 3033 2367 exitiabiles,
3097 2307 3150 2354 et
3218 2298 3564 2355 abominandi
3615 2301 3716 2354 dae-

436 2382 504 2436 δι’
534 2381 742 2446 οἰκείας
778 2381 1003 2456 γνώμης
1022 2385 1297 2455 κακότητα
1312 2383 1741 2458 ἅναδειχθέντες,
1778 2391 2028 2464 ἄχρηστα

438 2472 536 2526 καὶ
566 2471 834 2544 μισόκαλα
875 2474 1150 2544 κτίσματα
1181 2472 1433 2540 ἀκοῦσαι,
1469 2477 1599 2547 μήτι
1619 2479 1793 2547 γεκαὶ
1826 2484 2024 2548 εἰπεῖν,

439 2563 774 2637 φρίττουσιν.
836 2565 900 2618 Οἰ
966 2565 1067 2636 μὲν
1114 2561 1207 2621 οῦν
1257 2565 1428 2635 λόγοι,
1481 2567 1531 2621 οἰ
1589 2569 1690 2634 τὰς
1745 2572 2024 2643 θεολογίας

440 2658 807 2729 περιέχοντες,
822 2655 1202 2731 ’ἀποχρώντως
1239 2659 1713 2733 ἀπειργάσθησαν,
1733 2664 1833 2736 ήδη
1850 2666 2025 2720 οὐσῶν

381 2772 384 2773 ν
440 2749 540 2820 μὲν
567 2749 658 2803 καὶ
695 2748 870 2804 ἄλλων
908 2749 1278 2821 μυριολέκτων
1304 2751 1655 2820 ἀποδείξεων,
1688 2754 1764 2826 μὴ
1813 2773 2024 2827 μνημο-

435 2837 722 2892 νευθεισῶν
775 2839 854 2902 δὲ,
900 2839 1049 2904 ὅπως
1087 2840 1227 2912 μήτε
1276 2840 1485 2896 ὀκνοῖεν
1537 2842 1627 2898 διὰ
1690 2843 1754 2898 τὸ
1817 2845 2023 2917 πλῆθος

433 2930 485 2983 οἰ
537 2929 976 3000 ἐντυγχάνοντες,
1042 2931 1178 3003 μήτε
1231 2934 1664 3006 μακροπερίοδος
1715 2937 1810 2991 καὶ
1869 2938 2024 2992 πολυ-

307 3023 322 3046 ⁸
433 3022 608 3092 λογῶν
657 3023 916 3094 φαίνηται
953 3024 981 3076 ὁ
1018 3023 1266 3094 γράφων.
1322 3025 1386 3078 Εἰ
1424 3026 1531 3100 γὰρ
1566 3047 1583 3078 ι
1621 3029 1826 3094 ἁπλοῦς
1859 3032 1888 3086 ὁ
1921 3031 2024 3103 μῦ-

435 3115 525 3180 θος
575 3115 672 3186 τῆς
696 3114 955 3184 ἀληθείας
1001 3114 1124 3185 ἔφυ,
1169 3134 1187 3168 ι
1215 3115 1379 3185 φασὶν
1407 3118 1456 3170 οἱ
1486 3118 1596 3173 τῶν
1634 3121 1900 3192 Ἑλλήνων
1933 3124 2022 3177 εύ-

431 3207 666 3278 δόκιμοι,
703 3207 796 3260 καὶ
842 3206 1096 3278 Ἀλήθεια
1122 3207 1208 3262 διὰ
1245 3209 1402 3263 τοῦτο
1431 3210 1654 3277 εἰκότως
1693 3210 1758 3265 ἂν
1779 3213 1841 3266 τὸ
1866 3213 2021 3268 Θεῖον

433 3301 892 3372 προσαγορεύοιτο
911 3299 1090 3372 μόνον·
1117 3300 1297 3371 δῆλον,
1329 3301 1405 3365 ὼς
1431 3303 1526 3356 καὶ
1545 3304 1575 3355 ὁ
1603 3303 1732 3374 περὶ
1761 3303 1854 3357 τοῦ
1883 3304 2018 3359 Θεοῦ

432 3390 607 3460 Λόγου
653 3391 810 3459 λόγος
863 3389 1089 3457 ἁπλοῦς,
1127 3391 1222 3446 καὶ
1257 3392 1438 3463 πάσης
1485 3391 1806 3463 διαστρόφου
1842 3411 2020 3449 ποικι-

432 3481 550 3547 λίας
574 3482 1009 3555 ἀπηλλαγμένος.
1045 3483 1163 3538 Ἵνα
1187 3483 1244 3536 δὲ
1271 3483 1590 3538 εὐσύνοπτοι
1615 3477 1749 3538 ὦσιν
1792 3487 1848 3538 αἱ
1889 3484 2017 3558 θεη-

434 3575 636 3647 γορίαι,
659 3575 748 3630 διὰ
784 3575 854 3630 τὰ
875 3575 993 3630 νυνὶ
1017 3575 1395 3648 λεχθησόμενα
1419 3575 1626 3648 προσλή
1637 3593 1778 3647 ματα
1806 3577 2014 3648 αἱρετι-

2132 2410 2342 2463 mones,
2399 2393 2491 2464 qui
2551 2394 2622 2447 ob
2653 2392 2888 2463 propria:
2929 2389 3129 2447 mentis
3155 2390 3415 2445 malitiam
3448 2391 3602 2446 mala:
3633 2391 3713 2461 (ι)

2128 2495 2415 2551 creaturae,
2456 2498 2520 2540 ac
2551 2482 2763 2539 honesti
2820 2483 3055 2537 inimicat
3088 2481 3286 2537 redditi
3331 2490 3487 2547 sunt,
3527 2482 3714 2536 audire

2129 2575 2369 2642 horrent,
2400 2574 2598 2630 nedum
2624 2573 2826 2629 dicere.
2874 2571 2992 2627 Jam
3033 2587 3164 2629 vero
3196 2573 3263 2628 de
3296 2571 3596 2642 Scriptum
3628 2582 3712 2627 te-

2127 2666 2428 2730 stimoniis,
2453 2664 2647 2736 quibus
2683 2662 2830 2730 Filii,
2869 2671 2962 2717 aut
2985 2662 3218 2732 Spiritus
3248 2662 3423 2718 sancti
3459 2662 3713 2717 divinitas

2126 2756 2450 2822 declaretur,
2480 2738 2614 2810 satis
2652 2756 2763 2824 jam
2812 2751 2980 2808 locuti
3011 2767 3237 2819 sumus;
3285 2752 3390 2807 etsi
3423 2752 3570 2808 enim
3607 2754 3710 2807 alia

2125 2849 2286 2905 etiam
2300 2856 2513 2904 exstent
2525 2847 2716 2902 millies
2733 2859 2764 2900 a
2778 2843 3073 2900 Catholicis
3089 2843 3356 2899 inculcata
3377 2843 3453 2916 (Ξ)
3473 2845 3712 2900 testimo-

2125 2941 2248 3007 nia,
2281 2955 2342 2996 ea
2375 2949 2551 2996 tamen
2578 2954 2682 2994 non
2707 2935 3274 2999 commemoravimus,
3310 2945 3418 2990 tum
3442 2950 3507 2988 ne
3533 2937 3602 2990 ob
3637 2936 3713 2989 ui-

2126 3033 2288 3087 miam
2315 3045 2502 3087 eorum
2531 3030 2740 3100 copiam
2772 3025 2933 3083 taedio
2965 3026 3197 3082 lectores
3235 3025 3560 3093 alliciantur,
3593 3036 3706 3081 tum

2122 3125 2284 3180 etiam
2323 3137 2390 3177 ne
2418 3122 2652 3190 scriptor
2691 3117 2764 3191 (5)
2800 3117 2962 3172 nimis
2984 3117 3246 3171 verbosus
3273 3116 3521 3170 videatur
3545 3127 3597 3170 et
3627 3115 3708 3170 lo-

2122 3231 2287 3285 quax.
2318 3212 2485 3284 319
2525 3211 2580 3266 Si
2625 3211 2770 3266 enim
2830 3209 3112 3264 «veritatis
3146 3222 3325 3264 sermo
3369 3208 3444 3276 (ἰ)
3480 3208 3704 3279 simplex

2123 3313 2315 3372 suapte
2345 3310 2536 3356 natura
2563 3310 2665 3367 est,
2699 3317 2717 3352 ι
2755 3307 2814 3354 ιιι
2849 3299 3002 3354 aiunt
3029 3298 3130 3352 viri
3161 3300 3300 3353 inter
3331 3297 3551 3354 Graecos
3580 3314 3705 3368 spe-

2120 3395 2421 3462 ctatissimi,
2454 3393 2682 3463 ideoque
2710 3393 2856 3448 solus
2887 3393 3028 3448 Deus
3062 3393 3256 3447 merito
3302 3391 3516 3448 Veritas
3539 3394 3704 3449 deuo-

2119 3489 2394 3552 minatur;
2460 3487 2802 3554 perspicuum
2841 3495 2926 3540 est
2971 3500 3186 3542 omnem
3228 3499 3442 3555 quoque
3481 3487 3548 3541 de
3596 3487 3704 3541 Deo

2128 3575 2304 3629 Verbo
2352 3588 2654 3628 sermonem
2685 3573 2987 3642 simplicem
3016 3588 3138 3630 esse
3167 3572 3388 3638 debere,
3426 3581 3481 3627 et
3516 3573 3703 3641 cujus-

437 3646 568 3733 κῶν,
595 3670 746 3742 φέρε,
786 3670 862 3734 ώς
878 3671 936 3723 ὲν
974 3646 1180 3742 μερικῇ-
1201 3667 1296 3722 καὶ
1328 3646 1576 3739 συντόμῳ
1603 3646 2017 3737 ἀνακεφαλαιώ-

2126 3665 2253 3720 libet
2290 3677 2558 3732 perversa:
2615 3663 3016 3729 inconstantiae,
3070 3678 3136 3718 ac
3188 3662 3470 3718 varietatis
3505 3677 3699 3734 exper-

438 3779 518 3816 σει
557 3762 888 3836 συνείρωμεν
907 3762 1000 3816 τὸν
1047 3761 1205 3832 λόγον
1247 3761 1448 3826 αὐτῶν,
1485 3762 1532 3814 εἰ
1575 3760 1668 3814 κα)¹
1694 3761 2016 3814 ταυτοεπεῖν

436 3854 724 3927 μέλλομεν,
754 3855 872 3910 ἀλλ’
907 3855 1054 3926 ὅμως
1081 3854 1170 3908 διὰ
1218 3853 1280 3908 τὸ
1345 3851 1604 3926 χρειῶδες
1641 3851 1736 3905 καὶ
1775 3851 1834 3904 τὸ
1880 3852 2015 3904 πᾶσι

431 3945 771 4018 πανταχόθεν
809 3946 1081 4017 ἁλώσιμα,
1127 3943 1271 4000 κατά
1298 3961 1361 4014 γε
1394 3943 1456 3998 τὸ
1510 3941 1751 4012 ἐφικτὸν,
1793 3941 1921 4014 [148
1960 3939 2014 4014 b]

431 4037 684 4107 γενέσθαι
731 4037 800 4090 τὰ
821 4039 948 4110 περὶ
982 4036 1183 4091 αὐτῶν.
1211 4036 1320 4089 Καὶ
1343 4035 1452 4108 γὰρ
1477 4034 1571 4088 καὶ
1614 4035 1662 4087 οἱ
1690 4032 2015 4104 προθέμενοι

429 4129 743 4200 οἰκοδομίαν
773 4127 1124 4199 ποιήσασθαι,
1185 4125 1570 4195 συνοψίσαντες
1626 4123 1892 4197 πρότερον
1917 4122 2016 4188 τὰς

432 4218 783 4290 ἁρμοζούσας
835 4216 966 4280 ὕλας
997 4215 1373 4280 ἀποτίθενται,
1404 4209 1524 4268 εἶτα
1550 4212 1610 4278 ἐξ
1646 4214 1826 4268 αὐτῶν
1875 4215 2014 4285 πλη-

435 4309 548 4361 σίον
581 4307 813 4360 ἑκάστου
864 4307 1035 4361 τόπου
1081 4306 1474 4377 ἐξεργάζεσθαι
1521 4306 1805 4378 μέλλοντος
1847 4323 2017 4378 παραυ

430 4395 690 4461 τιθέασιν,
743 4394 818 4460 ὼς
838 4395 904 4449 ἂν
932 4394 1106 4468 ἔχοιεν
1135 4393 1227 4447 ὑπ’
1261 4394 1470 4466 ὄμμασι
1521 4396 1616 4448 καὶ
1639 4394 1698 4448 ἐν
1738 4394 2014 4467 προχείρῳ

428 4489 652 4542 ἕκαστοι
675 4485 784 4542 τῶν
811 4489 878 4559 τῇ
927 4485 1250 4561 χειρουργίᾳ
1300 4485 1679 4557 κεχρημένων,
1735 4485 1830 4540 καὶ
1871 4484 2014 4540 οὕτω

383 4609 400 4625 ο
427 4580 521 4634 τοῦ
556 4581 880 4653 πράγματος
918 4579 1200 4652 ἄρχονται.
1243 4577 1334 4650 Τῷ
1357 4578 1413 4632 δὲ
1443 4575 1563 4648 Θεῷ
1609 4573 1767 4640 αὖθις
1796 4577 1857 4631 τὸ
1904 4578 2012 4632 πᾶν

427 4671 730 4743 θαρρήσας,
764 4668 843 4740 τῷ
874 4668 944 4722 τὰ
981 4667 1205 4740 κύματα
1234 4666 1484 4729 παύοντι.
1520 4665 1614 4722 καὶ
1643 4665 1814 4721 εὐδιον
1842 4667 2011 4722 πλοῦν

425 4763 639 4827 διδόντι,
669 4762 762 4816 καὶ
808 4763 986 4816 πάντα
1025 4758 1400 4833 κατορθοῦντι,
1453 4752 1514 4812 οὐ
1549 4758 1694 4816 κατὰ
1735 4759 1896 4832 χάριν
1922 4761 2010 4833 (ἢν

428 4853 520 4907 καὶ
569 4850 914 4924 ἁμαρτωλοῖς
939 4849 1036 4904 καὶ
1063 4851 1270 4914 στενοῖς
1305 4849 1396 4903 τὸν
1422 4848 1600 4919 λόγον,
1646 4848 1754 4904 ἰδία
1779 4849 1825 4903 δ’
1872 4849 2008 4922 ἐμοῦ

424 4941 588 5012 λέγω,
622 4943 879 5014 χορηγεῖν
914 4939 1128 5011 εἴωθεν)
1167 4941 1250 5006 εἰς
1288 4941 1493 5012 ταύτην
1526 4940 1870 5016 προελήλυθε.
1910 4941 2008 5014 τὴν

499 5100 577 5172 (l)
606 5097 1018 5180 Mala-nihilex,
1056 5097 1318 5180 ﬁxptgﬂ.
1359 5094 1503 5167 Lego
1555 5094 1824 5180 ἄχρηστα.
1859 5095 1997 5152 Nihil
2032 5112 2074 5168 ο

423 5167 584 5240 porro
635 5170 883 5226 crebrius
925 5167 1161 5240 inculcat
1204 5167 1466 5240 Didymus
1507 5167 1637 5240 cum
1673 5169 1725 5220 in
1764 5180 1992 5240 enarra~

425 5237 679 5305 tionibus,
707 5249 816 5293 tum
843 5241 898 5294 in
924 5238 1173 5294 omnibus
1210 5237 1331 5292 aliis
1370 5238 1647 5306 operibus.
1687 5251 1849 5307 quam
1883 5237 1995 5292 daa-

2120 3765 2248 3811 tem.
2306 3753 2376 3811 Ut
2421 3764 2603 3809 autem
2657 3755 2758 3809 sub
2804 3769 2912 3808 uno
2961 3752 3123 3808 veluti
3179 3761 3470 3822 conspectu
3528 3768 3698 3824 appa-

2118 3855 2271 3903 reant
2321 3845 2515 3900 divinae
2569 3845 2885 3912 locutiones,
2936 3845 3006 3900 ob
3036 3843 3415 3900 haereticorum
3485 3843 3699 3914 objecta

2118 3951 2243 3992 mox
2293 3935 2593 4004 atl‘ercnda,
2640 3949 2740 4005 age
2768 3943 3113 4004 argumenta,
3161 3949 3282 4005 quae
3316 3934 3470 3991 nobis
3492 3935 3695 3992 eaedem

2117 4029 2558 4096 subministrant,
2619 4027 2785 4084 veluti
2828 4029 2882 4084 in
2919 4025 3234 4099 particulari
3288 4025 3544 4097 quodam,
3601 4036 3699 4084 aut

2117 4133 2215 4190 per
2241 4127 2424 4188 partes
2455 4119 2726 4189 exposito,
2760 4127 2815 4174 et
2849 4117 3067 4174 concise
3112 4115 3326 4187 epilogo
3367 4115 3528 4172 simul
3560 4131 3696 4172 cono

2117 4217 2396 4266 nectamus
2429 4227 2444 4265 :
2479 4209 2581 4264 etsi
2612 4210 2757 4265 enim
2804 4211 2885 4266 sic
2928 4217 3152 4281 agentes
3182 4207 3488 4279 tautologia
3511 4218 3694 4264 notam

2115 4317 2222 4358 non
2251 4301 2594 4372 eﬂ'ugiemus,
2630 4300 2684 4358 id
2729 4311 2907 4360 tamen
2955 4302 3354 4374 praestabimus,
3406 4309 3518 4355 tum
3567 4301 3693 4370 quia

2114 4395 2344 4465 perutile
2389 4393 2627 4448 futurum
2670 4403 2774 4461 est,
2811 4404 2922 4450 tum
2965 4395 3129 4451 etiam
3165 4401 3225 4449 ut
3257 4391 3573 4448 earumdem
3614 4391 3694 4447 lo-

2113 4484 2389 4540 cutionum
2416 4484 2500 4540 vis
2527 4487 2594 4540 ab
2627 4486 2878 4541 omnibus
2901 4486 3050 4540 omni
3092 4499 3160 4542 ex
3204 4493 3382 4554 parte,
3429 4491 3689 4553 quantum

2112 4577 2328 4646 quidem
2356 4575 2472 4632 ﬁeri
2503 4585 2698 4648 potest,
2753 4579 3103 4649 percipiatur.
3149 4577 3285 4634 Nam
3318 4578 3353 4634 ii
3383 4578 3568 4642 etiam,
3597 4574 3688 4645 qui

2111 4667 2399 4724 mdiflcium
2450 4678 2733 4724 exstruere
2783 4678 3223 4740 proposuerunt,
3252 4671 3402 4740 prius
3445 4667 3545 4723 sub
3581 4683 3690 4722 uno

2111 4770 2403 4831 conspectu
2468 4760 2550 4831 (5)
2619 4762 3006 4818 convenientes
3070 4761 3326 4817 materias
3397 4769 3684 4830 seponunt,

2111 4851 2304 4906 deinde
2355 4850 2476 4906 illas
2521 4852 2575 4906 in
2619 4852 2828 4924 singula
2858 4852 2998 4918 loca,
3027 4855 3080 4909 iu
3118 4852 3318 4923 quibus
3349 4849 3682 4906 caementarii

2109 4942 2383 5012 operaturi
2433 4950 2582 5010 sunt,
2629 4944 2982 5011 distribuunt,
3039 4957 3103 4999 ac
3161 4956 3328 5014 prope
3375 4941 3465 4997 illa
3517 4940 3685 5011 depo-

2171 5099 2285 5182 (ι),
2317 5096 2566 5182 veritatis
2632 5115 2822 5182 sermo.
2892 5097 3164 5170 Euripidis
3227 5110 3419 5152 versus
3473 5105 3558 5152 est
3609 5111 3677 5152 ex

2098 5169 2400 5226 Pltmuissis
2426 5171 2770 5239 depromptus
2802 5186 2816 5223 :

2312 5236 2567 5306 Ἀπλοῦς
2593 5243 2624 5294 ό
2651 5236 2843 5310 μῦθος
2871 5237 2980 5309 τῆς
3006 5238 3295 5306 ἀληθείας
3323 5236 3462 5306 ἐερυ.

424 5325 610 5364 mones
636 5325 742 5364 non
777 5328 796 5362 ι
838 5320 1029 5364 natura
1057 5327 1077 5362 ι
1138 5308 1308 5362 malos
1357 5321 1504 5370 esse,
1541 5317 1599 5360 ut
1627 5306 1993 5362 exSecrabilcs
2095 5306 2147 5363 Id
2187 5317 2321 5364 est:
2365 5311 2461 5364 Est
2510 5306 2749 5366 veritatis
2782 5306 3428 5376 sermosimplicisstmus.
3452 5307 3552 5364 Cui
3601 5307 3679 5360 si-

420 5379 705 5462 ἰιίιιιιίεἰιιιεί⁵
729 5380 1012 5462 docebant,
1037 5379 1130 5435 sed
1151 5378 1221 5434 ob
1248 5378 1480 5449 propriae
1512 5377 1708 5433 mentis
1734 5377 1990 5432 malitiam
2094 5379 2220 5434 mile
2419 5380 2662 5462 Eschyli
2695 5381 3061 5462 infirmorum
3095 5378 3309 5434 Iudicio
3341 5379 3482 5448 apud
3505 5376 3674 5434 lenu-

421 5450 592 5505 malos
617 5449 851 5505 redditos
865 5448 1054 5504 fuisse.

493 5519 568 5588 (2)
617 5519 814 5574 Millies
853 5537 885 5573 a
911 5517 1192 5574 Catholicis
1228 5517 1506 5588 inculcata.
1536 5515 1593 5570 In
1624 5515 1839 5588 (Graeco,
1886 5533 1992 5586 μυ-

420 5587 732 5662 ριολέκτων.
801 5590 894 5644 Est
953 5599 1128 5662 autem
1210 5587 1561 5662 μυριόλεκτον
1595 5587 1787 5662 _idem
1831 5595 1991 5656 atque

420 5655 925 5732 ῖπολυθρύλλητονλι
951 5659 1161 5732 tritum,
1198 5655 1492 5732 vulgatum,
1523 5655 1680 5732 vulgo
1703 5655 1922 5732 nolunt":
1965 5677 1983 5706 ι

417 5746 526 5799 quo
564 5725 726 5788 sensu
750 5725 798 5784 ἰι
850 5729 1212 5799 Xenophonte
1245 5725 1533 5799 adhibetur
1567 5726 1662 5781 lib.
1709 5741 1740 5779 v
1796 5725 1986 5798 Ἐλλη-

420 5797 530 5856 ιὶικ.
566 5803 627 5870 in
649 5797 1146 5870 oratioueCligeuis
1191 5797 1459 5870 Achautii.

489 5872 565 5946 (π)
592 5868 847 5941 Scriptor.
875 5866 1143 5926 Videt-ot.
1173 5869 1262 5932 43,
1309 5883 1425 5939 pag.
1460 5866 1581 5920 εδδ.

2095 5465 2216 5503 ιιειιι
2250 5450 2569 5508 Stobeusem
2601 5450 2654 5504 iu
2685 5450 2857 5504 Ethic.
2899 5467 3063 5506 serm.
3104 5465 3195 5504 ιιι

2313 5520 2493 5601 Ἀετλᾶ
2520 5519 2635 5601 γάρ
2659 5521 2791 5601 ἐστι
2816 5521 2928 5601 τῆς
2964 5519 3254 5601 ἀᾷηθείας
3272 5519 3432 5601 ⁵ἔπη.

2098 5587 2154 5644 Id
2192 5599 2274 5645 est
2307 5609 2319 5644 :
2358 5588 2495 5645 Nam
2527 5587 2765 5645 ueritatis
2799 5587 2949 5646 verba
2986 5587 3396 5659 simplicissima.

2171 5660 2247 5730 (5)
2304 5659 2412 5716 Sub
2460 5677 2565 5716 uno
2628 5671 2956 5731 εοηερεσιιιη
2991 5659 3180 5716 Grtece
3205 5701 3220 5726 ,
3257 5659 3670 5731 συνοψίσαντες·

2096 5729 2308 5855 ἓῶἷιιιο
2341 5733 2505 5786 \‘erho
2540 5731 2658 5786 vide
2683 5740 2811 5785 tom.
2847 5729 2888 5785 Il
2928 5730 3162 5801 Operam
3209 5729 3504 5799 Athanasii,
3548 5747 3670 5802 pag.
