4112 6448
404 469 511 527 789

1482 464 1565 520 DE
1605 464 1980 520 ΤΒΙΜΤΑΤΕ
2021 461 2224 518 LIBER
2263 461 2581 518 TERTIUS.

3557 453 3661 511 790

402 603 554 660 τριον
613 581 863 652 ἀδελφὸν,
915 582 1036 637 οὑδὲ
1068 582 1285 654 λέγεται
1332 560 1536 655 πατὴρ,
1572 583 1739 654 μήπω
1793 600 1979 655 γεγεν-

2090 580 2251 635 hanet
2304 580 2564 640 fratrem,
2627 574 2843 645 quicum
2906 587 3247 629 communem
3311 571 3505 628 habeat
3561 582 3658 642 pa;

400 680 604 753 νηκὼς.

376 914 384 924 ,
473 857 546 908 Δ’.
580 853 641 908 Εἰ
667 854 907 924 εὐλόγως
923 855 1139 928 εἴρηται
1165 856 1334 925 Λόγος
1371 855 1503 909 Θεοῦ
1526 854 1655 927 [150
1683 853 1738 926 α]
1773 855 1801 906 ὁ
1834 853 1981 918 Υίὺς,

404 947 742 1017 συνυπάρχει
763 946 842 1017 τῷ
893 949 1235 1017 γεννήσαντι,
1291 947 1505 1011 οἰκείως
1551 948 1617 1017 τῇ
1661 945 1818 1014 φύσει
1846 943 1984 1016 ἔχων

361 1101 381 1124 Ι
398 1037 572 1108 αύτῷ,
609 1038 704 1092 καὶ
735 1038 964 1099 ἀπαθῶς
998 1039 1094 1092 καὶ
1118 1039 1367 1110 ἀνάρχως
1384 1037 1680 1110 γεννηθείς.
1716 1036 1851 1090 Οὐδὲ
1876 1035 1984 1107 γὰρ

397 1131 427 1183 ὁ
471 1130 663 1202 Πατὴρ
693 1130 851 1195 ἐκτὸς
880 1128 976 1184 τοῦ
1008 1128 1312 1183 ὑποστατοῦ
1343 1129 1516 1198 Λόγου
1562 1126 1725 1183 αὐτοῦ
1753 1128 1984 1180 ἐπινοεῖ-

400 1222 526 1275 σθαι
558 1221 798 1276 δύναται·
832 1222 957 1278 οὔτε
1001 1221 1110 1292 μὴν
1142 1221 1314 1289 Λόγος
1338 1218 1604 1285 κτίζεται,
1635 1217 1770 1272 ἀλλά
1798 1219 1986 1288 γεννᾶ-

396 1331 492 1366 ται
512 1312 756 1377 ἀπαθῶς.
800 1312 1188 1385 Παραλλήλως,
1214 1315 1262 1367 εί
1283 1312 1376 1367 τοῦ
1409 1311 1545 1366 Θεοῦ
1576 1311 1748 1380 Λόγος
1777 1311 1872 1364 καὶ
1902 1326 1983 1363 σο-

399 1402 497 1472 φία
519 1403 745 1466 δικαίως
775 1403 1156 1474 ἐγγέγραπται
1197 1405 1228 1456 6
1276 1401 1428 1466 Υἱὸς,
1465 1401 1562 1454 καὶ
1599 1400 1665 1453 δι’
1698 1398 1863 1452 αὐτοῦ
1889 1399 1982 1466 γέ‹

396 1512 520 1563 γονε
546 1495 616 1549 τὰ
657 1495 854 1560 πάντα,
901 1496 1002 1549 οὐκ
1036 1495 1146 1549 ἀπὸ
1189 1494 1364 1563 Λόγου
1410 1491 1504 1546 τοῦ
1551 1490 1687 1545 Θεοῦ
1715 1489 1978 1552 ἔκτισται,

397 1587 513 1642 ἀλλ’
550 1587 660 1642 ἀπὸ
697 1587 933 1659 γαστρὸς
979 1587 1145 1642 αὐτοῦ
1184 1585 1528 1657 γεγέννηται.
1577 1579 1673 1648 Εἷς
1711 1579 1980 1652 γάρὸτοῦ

395 1679 741 1750 ΘεοῦΔὸγος,
769 1679 872 1734 καὶ
893 1679 951 1732 ἐν
973 1679 1112 1750 ποίῳ
1132 1677 1277 1748 ἄλλῳ
1303 1677 1462 1748 Λόγῳ
1490 1670 1636 1747 εἶχεν
1664 1671 1947 1743 κτισθῆναι
1963 1688 1991 1738 ί

279 1770 294 1786 ⁸
398 1768 590 1830 Ταῦτα
617 1769 728 1846 γὰρ
767 1770 864 1828 καὶ
898 1769 1166 1842 Ἐλλήνων
1193 1767 1420 1838 λογάδες
1443 1763 1870 1840 διαγορεύουσινε

475 1967 722 2035 Ἀρρηιπα
743 1967 855 2036 γὰρ
887 1969 1195 2023 τίκτουσιν
1223 1968 1283 2020 al
1317 1964 1674 2036 Θεοῦ-γοναί.

467 2034 698 2104 Παντὸς
732 2034 962 2106 ,πάθους
989 2037 1059 2092 δὲ
1085 2036 1185 2092 καί
1207 2038 1448 2108 φύσεως
1474 2034 1811 2104 ὑπέρτερος.

465 2213 541 2266 E'.
570 2211 630 2266 El
676 2211 823 2266 ἔστιν
861 2211 891 2264 ὁ
942 2211 1089 2277 Υἱὸς,
1125 2211 1202 2276 ὡς
1243 2208 1481 2282 ἐδείχθη,
1515 2207 1653 2281 αὑτὴ
1689 2208 1724 2278 ἡ
1758 2205 1973 2270 αἰώνιος

397 2303 512 2376 ζωὴ
559 2303 654 2358 καὶ
695 2303 812 2373 φῶς
863 2303 925 2358 τὺ
962 2302 1242 2374 ἀληθινὸν,
1274 2301 1370 2356 τοῦ
1417 2295 1556 2358 εἶναι
1601 2301 1696 2354 καὶ
1741 2299 1840 2370 ζῇν
1872 2298 1972 2352 οὐκ

397 2393 616 2465 ἤρξατο.
677 2393 790 2447 Καὶ
843 2391 1234 2466 παραλλήλως,
1287 2393 1337 2447 εί
1382 2391 1528 2447 ἔστιν
1573 2388 1748 2445 ταῦτα
1799 2388 1890 2442 καὶ
1943 2388 1971 2440 6

397 2486 618 2556 Πατὴρ,
651 2484 774 2539 οὐδὲ
829 2484 971 2539 κατά
1037 2483 1335 2555 ἐνθύμησιν
1390 2483 1448 2538 ἐν
1500 2499 1606 2538 τινι
1661 2479 1970 2553 παραλλάτ-

396 2593 500 2629 τει.

471 2666 560 2735 ς’.
594 2657 910 2739 Είδύναμις
962 2668 1056 2722 καὶ
1095 2668 1256 2738 σοφία
1283 2668 1310 2722 6
1342 2667 1472 2731 Υἱὸς
1519 2659 1661 2720 εἶναι
1696 2664 1791 2718 τοῦ
1832 2662 1968 2732 Θεοῦ

399 2760 630 2829 εἴρηται,
681 2759 1011 2832 συνάναρχός
1059 2761 1176 2814 ἐστι
1201 2758 1281 2831 τῷ
1329 2759 1668 2830 γεννήσαντι’
1709 2755 1830 2810 οὐδὲ
1862 2755 1969 2826 γὰρ

400 2844 482 2918 ἦν,
517 2848 607 2901 ὅτε
646 2848 804 2912 ἐκτὸς
845 2849 1051 2904 τούτων
1091 2849 1380 2920 ὑπῆρχενό
1415 2845 1622 2917 Πατὴρ,
1656 2844 1776 2898 οὐδὲ
1810 2859 1973 2915 προσ-

397 2941 528 3008 ῆκεν
559 2941 758 3004 εἰπεῖν,
799 2939 880 2993 ὅτι
917 2939 992 3012 μὴ
1037 2939 1195 3010 ἔχων,
1228 2937 1453 3009 ὓστερον
1482 2935 1662 2991 ὁτιοῦν
1701 2934 1970 3009 προσέλα-

396 3029 508 3084 6εν.
541 3031 650 3084 Καὶ
669 3031 720 3084 oi
776 3031 884 3084 ἀπὸ
931 3030 1032 3102 τῆς
1063 3027 1262 3095 ἔξωθεν
1293 3029 1352 3084 δὲ
1387 3029 1579 3098 σοφίας
1604 3045 1656 3082 τι
1690 3026 1967 3099 μαθόντες,

397 3120 454 3172 ού
496 3120 745 3193 δεύτερον
777 3116 938 3185 εἶδος,
970 3121 1046 3174 ού·
1070 3118 1324 3192 δεύτερον
1356 3120 1568 3191 χρόνον,
1599 3119 1648 3172 εί
1687 3117 1845 3189 θέμις
1873 3116 1970 3172 οὑ-

397 3229 471 3266 τω
511 3213 698 3282 φάναι,
725 3213 1032 3284 -ὗπάρξεως
1066 3212 1319 3286 θεότητος
1347 3212 1741 3284 θεωρήσαντες,
1760 3209 1970 3281 ἐξησαν

398 3307 536 3378 πρὸς
571 3306 673 3377 τὴν
711 3305 892 3360 αὐτῶν
940 3305 1168 3378 δύναμιν
1193 3304 1340 3360 τάδε·

399 3504 587 3573 Αὐτὸς
608 3497 804 3560 πάντα
831 3505 994 3576 φέρει
1030 3505 1176 3574 Θεὸς
1204 3503 1512 3576 ἄμϐροτος
1547 3499 1732 3568 αὐτὸς
1754 3500 1973 3556 ἑαυτοῦ

402 3639 512 3695 Kal
538 3639 804 3711 γενέτης,
835 3639 936 3695 καί
950 3639 1087 3711 ῥίζα
1115 3639 1308 3705 πέλει,
1339 3639 1438 3694 καὶ
1467 3637 1670 3708 τέρμα,
1697 3635 1794 3691 καί
1820 3635 1968 3702 υἱός.

473 3753 546 3805 Z'.
575 3752 638 3806 El
658 3752 736 3824 τῷ
787 3753 964 3826 Ila-rp).
1000 3753 1131 3816 ἴσως
1163 3752 1346 3817 σώζει,
1387 3752 1482 3807 ἆτε
1515 3749 1646 3824 [150
1673 3749 1728 3823 b]
1761 3749 1974 3822 Σωτὴρ,

401 3843 481 3898 ἔτι
515 3844 619 3916 μὴν
649 3844 742 3899 καί⁸
770 3843 1001 3914 σοφίζει,
1031 3843 1304 3916 ἀληθεύει,
1328 3842 1546 3908 δικαιοῖ,
1583 3841 1819 3911 ἁγιάζειο
1881 3841 1978 3895 καί¹

401 3935 450 3987 εί
482 3936 678 4001 πάντα,
707 3936 806 3990 ὅσα
833 3935 900 3990 ἂν
946 3938 975 3990 6
1032 3935 1220 4008 Πατὴρ
1254 3938 1404 4007 ποιῇ,
1451 3933 1625 3988 ταῦτα
1657 3934 1750 3988 καὶ⁵
1775 3935 1804 3988 ὁ
1849 3931 1980 3996 Υἱὸς

402 4025 599 4097 ὁμοίως
630 4028 793 4092 ποιεῖ,
822 4027 923 4081 οὐκ
956 4027 1208 4098 ἀνόμοιος
1226 4026 1374 4098 αύτῷ
1403 4025 1773 4096 ἀναφαίνεται.

475 4215 556 4271 H'.
594 4217 657 4270 Εί
706 4214 800 4269 τοῦ
852 4214 986 4268 Θεοῦ
1030 4215 1124 4269 τοῦ
1152 4215 1411 4281 ἀνειδέου,
1444 4216 1540 4269 καί¹
1567 4215 1822 4288 ἀοράτου,
1884 4217 1981 4270 καὶ

403 4303 664 4377 ἀνάρχου,
708 4306 784 4369 ὼς
818 4303 1032 4370 Παῦλος
1084 4305 1358 4376 Ἑϐραίοις
1392 4307 1613 4377 γράφει,
1640 4307 1983 4379 ἀπαύγασμά

403 4397 554 4449 ἐστιν
581 4398 680 4467 τῆς
701 4394 881 4467 δόξης,
927 4396 1022 4449 καὶ
1042 4397 1328 4468 χαρακτὴρ
1366 4396 1465 4465 τῆς
1487 4397 1861 4464 ὑποστάσεως,
1887 4399 1984 4452 καὶ

403 4483 571 4540 εἰκὼν
615 4485 642 4538 6
692 4485 1021 4559 Μονογενὴς,
1051 4488 1145 4541 καὶ
1192 4489 1243 4540 εί
1294 4486 1460 4551 αὐτὸς
1500 4486 1757 4559 ἀληθεύει
1784 4487 1978 4557 λέγων·

412 4595 431 4628 ι
587 4577 860 4686 ⁸ιῐιωριικὼς
902 4580 1024 4651 ἐμὲ,
1089 4578 1334 4652 ἑώρακεν
1377 4579 1469 4634 τδν
1516 4579 1755 4652 Πατέρα⁶
1794 4599 1814 4635 ι
1846 4582 1980 4647 'xal,
2013 4630 2060 4686 Β

413 4685 432 4719 ι
479 4667 620 4736 Ἐγὼ
638 4670 731 4723 καὶ
760 4671 790 4724 6
823 4670 1014 4743 Πατὴρ
1040 4671 1099 4726 ἓν
1131 4671 1319 4743 ἐσμεν·
1349 4691 1368 4726 ι
1387 4672 1669 4744 όμοούσιός
1692 4675 1860 4739 ἐστιν,
1887 4675 1982 4736 καὶ

409 4759 762 4830 συνάναρχος,
817 4762 911 4815 καὶ
978 4762 1108 4826 ίσος,
1158 4763 1253 4819 καὶ
1284 4764 1706 4836 ἀπαράλλακτος
1753 4766 1830 4838 τῷ
1861 4767 1981 4839 Θεῷ

408 4848 599 4918 Πατρί.
629 4850 740 4905 Καὶ
770 4850 878 4924 γὰρ
900 4851 967 4906 ὲκ
1001 4853 1178 4924 φωτὸς
1215 4854 1331 4924 φῶς
1359 4855 1457 4927 οὐχ
1490 4858 1842 4929 ἐτεροουσίως
1860 4859 1983 4912 οὐδὲ

411 4941 708 5010 μετέπειτα
744 4945 1021 5011 γεννᾶται·
1055 4947 1150 5001 καὶ
1205 4947 1493 5020 χαρακτὴρ
1531 4949 1881 5015 ὑποστάσεως
1925 4951 1988 5006 τὸ

406 5031 598 5084 ταυτὸν
630 5033 724 5086 καὶ
756 5035 1174 5114 ἀπαράλλακτον
1221 5038 1324 5110 τῆς
1374 5039 1619 5110 φύσεως,
1653 5040 1749 5094 καὶ
1804 5041 1988 5112 δόξης,

408 5123 503 5175 καὶ
531 5128 998 5199 παντοκρατορίας
1033 5129 1200 5199 δηλοῖ·
1231 5131 1326 5186 καὶ
1363 5130 1530 5186 είκὼν
1555 5132 1749 5204 λογικὴ
1779 5133 1841 5187 τὺ
1874 5134 1988 5188 ἴσον

406 5214 502 5268 καὶ
528 5215 714 5284 ὅμοιον
741 5219 1018 5289 σημαίνει·
1075 5221 1170 5274 καὶ
1200 5222 1230 5274 6
1264 5221 1481 5293 βλέπων
1517 5221 1722 5294 κτίσμα
1767 5224 1830 5278 οὐ
1870 5223 1990 5294 βλὲ-

405 5321 498 5358 πει
521 5305 612 5359 τὸν
641 5308 914 5366 ἄκτιστον.
957 5309 1054 5366 Ἐν
1090 5312 1198 5386 γὰρ
1230 5312 1384 5368 εἶπεν
1413 5309 1632 5388 εἶναιτῇ
1658 5315 1871 5387 θεότητι
1892 5316 1992 5380 τὰς

407 5397 756 5468 ὑποστάσεις,
787 5404 884 5458 καὶ
921 5405 979 5459 ἐν
1021 5405 1168 5460 ἑνάδι
1200 5407 1388 5472 οὐσίας
1434 5407 1716 5465 διέσταλκε
1747 5408 1871 5481 δίχα
1922 5408 1990 5463 τὰ

406 5491 698 5560 πρόσωπα.

477 5672 592 5745 (54)
627 5675 980 5745 Subsistentr.
1039 5677 1095 5732 In
1153 5677 1364 5741 Graeco,
1422 5678 1748 5733 ύποστατοῦ.
1807 5679 1983 5736 Simili

405 5744 1011 5824 modoplemensdib.
1071 5764 1206 5824 vin,
1254 5747 1451 5804 Strom.
1493 5765 1614 5820 pag.
1663 5750 1787 5817 915,
1841 5753 1984 5821 quod

381 5814 676 5877 subsistit,
703 5828 861 5870 vocat
887 5817 1208 5872 ὑποστατόν.

480 5882 597 5954 ('55)
641 5869 705 5939 l'n
732 5869 833 5955 quo
867 5869 979 5942 alio
1227 5869 1488 5944 Pt'tl'clttt‘t:
1527 5891 1854 5962 Augustinus
1883 5891 1985 5947 hac

2090 682 2264 737 trem;
2337 683 2436 724 nec
2502 666 2702 722 dicitur
2762 673 2913 735 pater
2971 664 3017 720 is
3065 664 3155 735 qui
3209 664 3446 719 nondum
3497 678 3659 735 genev

2085 761 2243 815 ravit.

2157 845 2246 903 IV.
2293 846 2348 903 Si
2390 857 2536 902 recte
2583 843 2751 901 Filius
2798 843 2978 900 dictus
3014 854 3097 900 est
3150 843 3383 898 Verbum
3413 842 3530 906 Dei,
3561 857 3660 898 co-

2088 937 2309 994 exsistit
2330 953 2459 1008 ergo
2480 935 2733 1007 genitori,
2762 935 2985 1005 ejusque
3016 949 3112 1005 per
3141 944 3386 988 naturam
3411 936 3660 1004 prolirins

2083 1038 2188 1094 est,
2222 1039 2276 1084 et
2302 1027 2747 1098 impassibiliter,
2776 1035 2940 1095 atque
2956 1026 3024 1080 ab
3047 1033 3252 1080 aeterno
3296 1026 3509 1094 genitus
3537 1025 3655 1078 fnit.

2083 1119 2218 1177 Nam
2255 1136 2355 1176 nec
2387 1119 2550 1175 Pater
2580 1118 2790 1186 concipi
2839 1125 3018 1188 potest
3085 1115 3210 1171 sine
3260 1115 3441 1184 ipsius,
3486 1113 3660 1168 Verbo

2083 1211 2414 1268 subsistente
2456 1210 2608 1282 (56):
2645 1224 2821 1278 neque
2878 1205 3110 1263 Verbum
3167 1214 3408 1269 creatur,
3443 1203 3536 1258 sed
3567 1218 3656 1273 ge-

2084 1313 2304 1359 neratur
2343 1301 2771 1372 impassibiliter.
2821 1298 3124 1363 Similiter,
3154 1297 3201 1352 si
3247 1295 3341 1351 Dei
3401 1293 3654 1358 Verbum,

2082 1405 2136 1448 et
2167 1390 2442 1464 Sapientia
2476 1393 2667 1448 merito
2700 1390 2877 1446 dictus
2906 1399 2989 1445 est
3030 1388 3200 1443 Filius
3245 1387 3298 1442 in
3338 1385 3653 1456 Scriptnris,

2093 1501 2159 1541 ac
2203 1486 2248 1541 si
2283 1503 2302 1538 ι
2337 1500 2432 1555 per
2463 1484 2635 1553 ipsum
2665 1482 2804 1536 facta
2832 1489 2958 1535 sunt
2979 1479 3183 1544 omnia,
3222 1497 3240 1531 s
3269 1492 3374 1534 non
3404 1476 3504 1532 fuit
3530 1492 3660 1546 ergo

2090 1587 2309 1632 creatus
2336 1591 2405 1632 ex
2431 1574 2611 1630 Verbo
2639 1572 2763 1638 Dei,
2787 1573 2881 1627 sed
2916 1587 2981 1627 es
3016 1581 3202 1625 ventre
3228 1569 3345 1638 ejus
3370 1577 3656 1638 generatur

2085 1667 2190 1724 fuit
2238 1688 2251 1724 :
2296 1682 2417 1723 cum
2465 1667 2610 1723 enim
2666 1680 2833 1720 unum
2887 1665 2960 1720 sit
3013 1663 3108 1718 Dei
3142 1663 3412 1728 Verbum;
3457 1662 3507 1714 in
3549 1676 3657 1732 quo

2085 1761 2192 1816 alio
2222 1761 2402 1817 Verbo
2435 1760 2548 1832 (55)
2578 1759 2754 1814 creari
2805 1755 3019 1826 potuit?
3071 1756 3194 1811 llatc
3246 1770 3408 1826 porro
3435 1753 3656 1810 Graeco-

2082 1865 2202 1907 rum
2240 1850 2402 1904 etiam
2430 1849 2700 1920 sapientes
2721 1846 3008 1902 edixerunt
3039 1866 3052 1900 :

2005 1942 2050 2044 Β
2149 1961 2451 2044 {mirabilia
2481 1963 2620 2017 enim
2665 1961 2880 2032 gignunt
2915 1956 3010 2013 Dei
3051 1957 3429 2044 generationes.

2159 2033 2284 2104 Ipse
2331 2049 2450 2088 vero
2499 2047 2658 2102 supra
2714 2045 2917 2085 omnem
2969 2033 3265 2098 passionem
3317 2037 3365 2081 et
3407 2035 3652 2168 nti-turam

3482 2107 3580 2150 est.

3482 2107 3580 2150 est.

2147 2217 2211 2274 V.
2254 2217 2311 2274 Si
2342 2217 2530 2283 Filius,
2571 2224 2630 2272 ut
2673 2225 2951 2274 ostensum
2991 2214 3112 2281 fuit,
3156 2219 3240 2268 est
3296 2211 3413 2281 ipsa
3447 2221 3651 2265 aeterna

2078 2311 2210 2379 vita,
2243 2321 2298 2367 et
2323 2311 2413 2366 lux
2445 2325 2592 2376 vera,
2644 2309 2889 2380 profecto
2927 2321 3049 2362 esse
3079 2314 3130 2360 et
3161 2303 3345 2359 vivere
3381 2317 3488 2356 non
3532 2315 3646 2356 cm-

2077 2399 2176 2470 pit.
2219 2399 2285 2455 Et
2326 2399 2600 2463 similiter,
2649 2397 2710 2486 si
2745 2396 2908 2486 Pater
2937 2409 3152 2486 quoque
3181 2399 3265 2449 est
3292 2392 3406 2486 haec
3435 2390 3649 2486 eadem,

2077 2489 2131 2543 in
2159 2489 2303 2544 nulla
2341 2504 2400 2544 re
2418 2489 2498 2544 ab
2520 2502 2588 2544 eo
2616 2485 2797 2544 diﬁ‘ert
2816 2485 3005 2551 Filius,
3031 2479 3100 2539 ne
3124 2483 3422 2541 secundum
3445 2479 3651 2551 cogita-

2077 2579 2277 2634 tionem
2305 2581 2545 2650 quidem.
3123 2645 3127 2648 ,

2150 2670 2233 2727 Vl.
2277 2671 2334 2727 Si
2365 2671 2564 2726 dicitur
2613 2668 2782 2724 Filius
2837 2683 2958 2724 esse
3014 2666 3253 2738 potentia
3295 2672 3348 2717 et
3385 2661 3648 2731 sapientia

2077 2762 2193 2828 Dei,
2225 2769 2531 2817 coaeternus
2560 2770 2645 2815 est
2677 2759 2910 2832 genitori
2939 2776 2954 2825 ;
2993 2773 3116 2813 nam
3147 2771 3324 2826 neque
3355 2753 3515 2808 Pater
3547 2751 3648 2806 fuit

2082 2867 2319 2922 unquam
2361 2852 2479 2906 sine
2523 2851 2631 2916 his,
2678 2863 2857 2920 neque
2904 2849 3084 2905 dicere
3107 2847 3253 2912 licet,
3297 2860 3418 2901 eum
3451 2841 3651 2911 aliquid

2074 2943 2205 2999 olim
2234 2958 2340 3000 non
2379 2941 2661 3008 habuisse,
2702 2940 3062 3012 quodcunque
3106 2939 3160 2994 id
3211 2937 3304 3004 sit,
3357 2949 3422 2990 ac
3467 2943 3650 3004 postea

2077 3034 2210 3090 illud
2258 3033 2555 3104 accepisse.
2613 3031 2713 3099 Qui
2750 3046 2877 3087 vero
2915 3046 2983 3087 ex
3018 3029 3358 3086 ethnicorum
3388 3024 3651 3097 sapientia

2079 3125 2284 3197 aliquid
2319 3126 2649 3192 didicerunt,
2675 3123 2711 3179 ii
2741 3138 2916 3194 ncqne
2939 3122 3229 3180 secundam
3261 3119 3502 3190 aliquam
3526 3131 3651 3186 spe-

2075 3216 2234 3280 ciem,
2287 3231 2388 3272 nec
2433 3223 2648 3284 tempus
2703 3214 2921 3285 aliquod
2974 3212 3300 3276 secundum,
3351 3210 3397 3264 si
3453 3207 3527 3262 ita
3572 3206 3654 3260 lo-

2001 3300 2044 3357 C
2077 3309 2167 3378 qui
2202 3308 2286 3364 fas
2317 3315 2422 3372 est,
2451 3307 2506 3362 in
2537 3306 2763 3362 Deitatis
2794 3304 3114 3363 essistentia
3147 3300 3512 3375 speculantes,
3542 3298 3660 3354 haec

2073 3411 2172 3467 pro
2194 3411 2383 3454 eorum
2404 3397 2614 3453 viribus
2646 3396 2898 3452 dixerunt
2926 3411 2942 3449 :

2142 3506 2267 3577 Ipse
2349 3509 2525 3562 omnia
2593 3506 2694 3576 fert
2759 3506 2901 3562 Deus
2963 3505 3334 3568 immortalis;
3398 3503 3522 3583 ipse.
3573 3501 3657 3554 sui

3423 3586 3587 3623 ιηειιιε

2145 3647 2215 3704 Ει
2253 3648 2478 3718 genitor,
2517 3655 2566 3701 et
2617 3646 2772 3701 radiat
2808 3656 2904 3712 est,
2953 3655 3002 3700 et
3055 3644 3330 3708 terminus,
3387 3571 3653 3707 elipsfil‘iits.

2145 3759 2257 3816 VII.
2300 3761 2380 3816 Si"
2402 3773 2554 3830 aeque
2582 3763 2656 3823 jac
2699 3758 2882 3824 Pater,
2918 3756 3114 3822 salvat,
3145 3761 3332 3825 utpote
3361 3751 3638 3818 Salvator,

2076 3863 2133 3909 et
2165 3855 2387 3922 insuper
2415 3851 2461 3907 si
2491 3848 2766 3920 sapientes
2795 3849 2990 3912 reddit,
3025 3848 3070 3903 si
3099 3861 3262 3900 verax
3295 3853 3402 3910 est,
3432 3845 3476 3899 si
3497 3843 3660 3914 jnsti-

2080 3946 2226 4011 ticat,
2258 3946 2304 4001 si
2337 3943 2662 4011 sanctiﬁcat,
2704 3956 2768 3996 ac
2807 3941 2852 3996 si
2883 3940 3065 3996 omnia
3119 3952 3466 4008 quascunque-
3499 3935 3658 3991 Pater

2081 4037 2235 4101 facit,
2302 4035 2420 4090 haec
2463 4035 2628 4090 etiam
2678 4032 2852 4088 Filius
2897 4030 3148 4086 similiter
3197 4029 3368 4084 facit:
3429 4038 3660 4098 apparet

2081 4142 2207 4184 eum
2239 4141 2348 4183 non
2381 4140 2504 4182 esse
2529 4124 2680 4180 Patri
2707 4123 3050 4180 dissimilem.

2155 4217 2288 4274 Vill.
2329 4217 2386 4274 Si
2431 4216 2606 4273 forma
2650 4216 2914 4282 carentis,
2953 4223 3009 4270 et
3045 4213 3366 4281 invisibilis,
3387 4221 3450 4268 et
3470 4214 3660 4269 aeterni

2086 4311 2206 4375 Dei,
2259 4311 2404 4367 sicut
2461 4309 2669 4366 Paulus
2721 4307 2964 4365 Hebreis
3010 4306 3224 4372 scribit,
3281 4305 3537 4377 splendor
3577 4316 3663 4360 est

2080 4402 2289 4469 gloriae,
2343 4411 2400 4458 et
2454 4402 2746 4457 character
2795 4399 3334 4474 auvsuhstantias,
3385 4408 3440 4455 et
3481 4399 3663 4468 imago

2087 4491 2430 4563 Unigenitus,
2477 4506 2545 4548 ac
2595 4491 2642 4546 si
2695 4491 2814 4561 ipse
2855 4506 3021 4546 verax
3077 4501 3336 4558 est,,cnm
3371 4491 3467 4559 ait,
3516 4489 3662 4558 «Qui

2087 4581 2201 4652 (56)
2249 4583 2384 4638 vidit
2411 4597 2519 4650 me,
2554 4583 2690 4638 vidit
2717 4581 2965 4651 Patrem;
2997 4601 3028 4634 ι.
3059 4592 3136 4649 et,
3169 4601 3187 4635 ι
3209 4581 3322 4655 Ego
3345 4583 3458 4654 (37)
3485 4590 3541 4639 et
3561 4581 3664 4638 Pa-

2091 4683 2174 4728 ter
2203 4687 2368 4726 unum
2395 4670 2626 4729 sumus:
2661 4690 2680 4724 ι
2738 4671 2983 4743 profecto
3027 4671 3510 4729 consubstantialis
3555 4682 3662 4736 est.

2085 4775 2145 4822 et
2181 4775 2502 4834 coaeternus,
2544 4777 2600 4822 et
2636 4767 2900 4837 :equalis,
2939 4775 2994 4823 et
3031 4765 3211 4837 quoad
3251 4765 3434 4822 omnia
3473 4765 3665 4821 simiiis

2088 4859 2201 4914 Deo
2239 4858 2407 4926 Patri,
2458 4858 2708 4930 nihilque
2751 4859 2821 4914 ab
2856 4857 3295 4928 eodiscrepans.
3335 4855 3467 4913 Nam
3511 4855 3600 4912 lux
3635 4873 3667 4914 e

2091 4950 2212 5006 luce
2235 4963 2411 5020 neque
2429 4950 2740 5007 heterousie
2791 4950 2868 5020 (id
2913 4960 3000 5007 est
3039 4964 3164 5006 cunt
3208 4948 3509 5002 diuersitate
3543 4947 3668 5002 sub-

2089 5040 2318 5112 stantia!)
2375 5051 2692 5112 generatur,
2744 5055 2847 5096 nec
2901 5039 3174 5111 posterius
3203 5055 3231 5106 ;_
3275 5045 3331 5091 et
3380 5037 3669 5092 character

2048 5167 2052 5171 λ
2089 5133 2406 5190 substantia:
2451 5134 2658 5191 indicat
2689 5133 3054 5198 identitatem,
3077 5145 3408 5201 omnemque
3430 5128 3669 5186 excludit

2093 5233 2322 5290 naturas,
2362 5233 2419 5280 οι
2472 5224 2680 5296 gloriae,
2715 5235 2769 5280 et
2793 5223 3203 5296 omnipotentiae
3223 5220 3666 5292 discrepantiam;

2091 5327 2145 5374 et
2178 5317 2356 5388 imago
2382 5317 2662 5374 rationalis
2693 5317 2915 5372 denotat
2945 5315 3313 5386 aequalitatem
3361 5327 3427 5369 ac
3476 5312 3668 5383 simili-

2098 5409 2336 5464 tudinem
2365 5417 2484 5476 ;,et.
2526 5409 2618 5482 qni
2673 5408 2817 5465 videt
2857 5416 3193 5473 creaturam,
3236 5419 3341 5462 non
3391 5404 3535 5461 videt
3581 5403 3668 5460 In-

2098 5684 2211 5750 ipsa
2262 5684 2473 5738 ratione
2526 5683 2756 5736 A‘rianos
2798 5684 2993 5736 refellit
3041 5691 3195 5739 tract.
3248 5699 3262 5736 ι
3308 5681 3671 5747 iri-Joannem,

2097 5769 2244 5806 ιιιιιιι.
2292 5753 2378 5816 ll,
2421 5768 2540 5820 pag.
2579 5752 2707 5814 295,
2748 5762 2876 5806 tum.
2913 5755 2993 5808 Ill.

2165 5822 2281 5890 (56)
2324 5819 2444 5885 Qui.
2487 5819 2644 5876 Joan.
2684 5838 2794 5885 λιν,
2835 5825 2888 5877 9.

2167 5893 2281 5962 (57)
2325 5890 2454 5963 Ego.
2503 5890 2746 5965 Joun._x,
2780 5893 2832 5948 5.
