4134 6416
496 441 591 495 791
1763 435 2000 490 morm
2042 437 2508 494 ALEXANDRIM

3652 439 3756 496 793

484 555 746 605 creatum.
812 549 986 604 Unum
1035 552 1178 607 enim
1246 551 1445 608 deitate
1495 551 1571 606 ait
1621 567 1741 608 esse
1793 554 2109 624 hyposmses
2174 557 2304 627 (3S),
2345 567 2400 611 et
2453 559 2504 610 in
2557 555 2762 611 unitate
2808 553 3058 609 essentia:
3121 554 3234 625 (39)
3305 553 3552 607 distinxit
3627 570 3756 625 per-

481 660 663 702 SOIIaS.

477 829 676 883 sterius
747 829 940 897 igitur,
1007 846 1106 886 nec
1162 831 1491 901 passibiliter
1573 832 1900 900 generavit,
1970 833 2063 887 sed

477 921 618 974 sicut
660 919 748 977 lux
778 921 1117 991 splendorem
1151 923 1344 993 gignit,
1393 904 1799 998 impossibiliter
1849 938 2062 992 nempe,

550 736 642 792 IX.
685 736 742 793 Si
791 738 935 793 Deus
979 747 1034 794 et
1091 739 1251 795 Pater
1275 749 1358 796 est
1393 740 1765 804 immutabilis.
1819 757 1916 798 nec
1967 758 2058 811 po-

2237 743 2314 798 ϐ’.
2363 741 2426 792 ΕΞ
2493 739 2763 807 ἄτρεπτος
2792 737 2820 789 6
2861 735 2995 798 Θεὸς
3023 735 3118 788 καὶ
3173 735 3387 806 Πατὴρ,
3438 733 3550 787 οὐθ’
3602 733 3756 787 ὓστε-

2173 849 2285 903 ρον,
2318 827 2441 882 οὔτε
2475 825 2732 897 παθητῶς
2779 824 2992 893 ἐγέννα,
3031 823 3145 876 ἀλλ’
3172 823 3247 886 ὡς
3293 823 3408 892 φῶς
3440 824 3539 895 τὴν
3584 824 3756 896 αὐγὴν

2171 923 2392 986 ἀπαθῶς
2448 923 2542 975 καὶ
2596 919 2956 982 ἁδιαστάτωςο
3012 917 3304 989 ἀσώματος
3356 919 3484 990 γάρ.
3543 919 3651 972 Καὶ
3704 921 3755 973 οἱ

476 1018 531 1062 et
593 1013 891 1078 continue;
948 1022 1032 1066 est
1097 1014 1239 1067 enim
1281 1014 1652 1084 incorporeus.
1709 1014 2059 1073 Ethnicorum

2168 1016 2271 1080 ἔξω
2298 1015 2449 1084 σοφοὶ
2495 1013 2632 1093 πρὸς
2681 1013 2779 1084 τὴν
2820 1010 2956 1073 ἰδίαν
2987 1010 3274 1073 ἀσθένειαν
3307 1011 3631 1065 ἐπίστευσαν
3662 1015 3756 1066 οὐ·

477 1117 694 1170 quoque
723 1105 1016 1174 sapientes,
1045 1115 1203 1176 prout
1231 1119 1420 1160 eorum
1452 1105 1660 1162 ferebat
1690 1104 2060 1168 imbecillitas,

479 1194 550 1245 ita
581 1195 927 1248 crediderunt
952 1213 964 1248 :

549 1283 663 1338 Nec
693 1287 831 1340 enim
865 1303 929 1340 ea:
960 1297 1144 1356 partus
1188 1285 1369 1342 dolore
1407 1287 1546 1341 Deus
1592 1286 1931 1356 immortalis,
1971 1303 2060 1341 ne-

1598 1354 1722 1428 [que
1751 1373 1825 1428 ex,
1843 1360 1961 1410 sinu

561 1424 767 1477 Ventris
811 1442 903 1494 per
945 1428 1268 1480 obstetricem
1309 1426 1478 1481 lucem
1537 1424 1698 1495 feeit;
1737 1427 1826 1479 τεά
1879 1427 2062 1479 mentis

549 1496 817 1564 Ine/fabiIi
869 1499 1202 1554 Conuersione
1253 1496 1372 1568 (40)
1431 1497 1804 1576 circumactus,
1856 1513 1948 1576 per
2009 1514 2063 1550 se

1817 1577 1958 1618 emm

1817 1577 1958 1618 emm

549 1633 684 1702 Eat,
740 1652 772 1688 a
831 1636 1107 1704 semetipso
1153 1639 1262 1706 ipse
1305 1636 1594 1703 exsistens,
1659 1646 1705 1690 et
1759 1564 1989 1706 ignita:
2015 1646 2062 1690 et

1792 1704 1986 1776 [ριίιιε.

547 1797 618 1857 Χ.
682 1797 738 1853 Si
796 1798 982 1852 omnis
1063 1806 1310 1852 creatura
1364 1795 1637 1851 mutabilis
1691 1806 1794 1862 est,
1858 1795 2059 1866 Unigc-

482 1896 627 1946 nitus
677 1905 804 1945 vero
858 1899 941 1943 est
993 1888 1386 1954 immutabilis;
1455 1903 1566 1943 non.
1611 1898 1696 1942 est
1734 1903 1863 1957 ergo
1903 1904 2056 1943 crea-

482 1984 629 2031 tura.

2164 1105 2318 1158 τωσί·

2171 1288 2254 1341 Οὺ
2281 1286 2390 1356 γὰρ
2411 1285 2512 1340 ἀπ’
2538 1284 2751 1349 ὠδῖνος
2783 1286 2926 1351 Θεὸς
2953 1285 3262 1370 ἄμϐροτος,
3295 1283 3420 1337 οὐδ’
3607 1282 3753 1370 κάλ.

2166 1426 2405 1493 Νηδύος
2427 1425 2495 1478 ἐκ
2519 1425 2736 1492 λοχίης
2765 1424 2918 1492 φάος
2941 1424 3212 1491 ἔδρακεν·
3231 1424 3392 1478 ἀλλὰ
3411 1352 3643 1475 rogitat”.

2179 1496 2445 1565 Ἀρῤήτῳ
2461 1493 2830 1564 στροφαλῆτι
2856 1495 3289 1566 κυκλούμενος,
3311 1493 3751 1561 αὐτολόχευτος

2164 1630 2424 1693 Γίνεται,
2453 1627 2521 1692 ἑξ
2567 1627 2705 1682 ἕθεν
2735 1627 2918 1694 αὐτὸς
2957 1625 3076 1680 ἐὼν
3102 1625 3348 1697 γενέτης
3373 1642 3439 1678 τε
3467 1623 3566 1678 καὶ
3596 1623 3745 1688 υἱός.

2235 1809 2290 1863 l'.
2322 1807 2385 1860 Εἰ
2427 1807 2536 1860 πᾶν
2573 1805 2780 1876 κτίσμα
2809 1804 3064 1875 τρεπτὸν,
3097 1803 3220 1876 [151
3265 1801 3321 1875 α’]
3348 1802 3615 1874 ἄτρεπτος
3636 1797 3691 1850 δὲ
3717 1799 3751 1851 6

2161 1899 2494 1970 Μονογενής·
2531 1899 2633 1952 οὐκ
2664 1897 2774 1968 ἄρα
2805 1895 3029 1967 κτίσμα.

549 2089 639 2144 XI.
681 2087 738 2144 Si
767 2097 1015 2145 creatura
1048 2106 1152 2146 non
1189 2090 1466 2160 cognoscit
1500 2089 1738 2154 Patrem,
1777 2106 1879 2150 nec
1909 2091 2058 2146 novit

2235 2103 2339 2163 IA'.
2381 2101 2442 2155 Εἰ
2487 2102 2722 2174 ἡκτίσις
2744 2099 2804 2154 οὐ
2847 2096 3225 2167 γινώσκειτὸν
3262 2093 3502 2165 Πατέρα,
3544 2094 3592 2146 εἱ
3621 2091 3750 2164 una

477 2181 580 2236 nisi
618 2195 681 2234 ea
707 2196 826 2249 quae
862 2181 1032 2236 Filius
1071 2183 1119 2237 ei
1165 2181 1505 2246 revelaverit,
1541 2181 1708 2236 Filius
1760 2197 1908 2245 vero,
1966 2198 2064 2237 ne-

481 2272 625 2324 mine
660 2271 760 2340 ipsi
797 2271 1094 2335 revelante,
1127 2273 1276 2327 novit
1339 2271 1581 2339 Patrem;
1611 2289 1716 2327 non
1744 2283 1823 2328 est
1851 2283 2064 2329 creatus

479 2360 651 2416 Filius
678 2361 814 2432 ipse,
844 2364 947 2418 sed
976 2363 1210 2432 genitus.

552 2473 664 2529 XII.
703 2474 758 2529 Si
791 2474 936 2530 Patri
965 2475 1229 2545 aequalem
1259 2475 1456 2531 Filium
1493 2486 1690 2531 norunt
1725 2475 2052 2546 Scripturze:

481 2565 680 2622 Paulus
696 2567 841 2621 enim
865 2568 1074 2630 scribit,
1108 2566 1283 2636 ιιΝοιι
1316 2566 1428 2640 (41)
1479 2569 1719 2640 rapinam
1767 2569 2063 2623 arbitratus

476 2668 560 2711 est
589 2671 708 2712 esse
732 2672 790 2714 se
809 2657 1070 2727 aequalem
1097 2659 1204 2714 Deo
1236 2678 1249 2715 :
1281 2678 1298 2711 ι
1321 2668 1393 2725 et,
1425 2678 1443 2710 ι
1475 2657 1528 2712 In
1551 2659 1666 2730 ipso
1702 2658 1819 2730 (42),
1856 2660 2061 2714 habitat

475 2748 652 2804 omnis
702 2748 980 2818 plenitudo
1013 2750 1312 2809 divinitatis
1344 2769 1366 2819 ;~
1404 2769 1422 2802 ι
1461 2766 1522 2805 ac
1564 2751 1611 2806 si
1653 2760 1880 2805 testatur
1901 2766 2063 2804 evan-

475 2841 810 2912 εοεὶειομὸ)
855 2844 1020 2910 quod,
1050 2861 1070 2894 ι
1105 2843 1364 2912 aequalem
1424 2841 1658 2911 seipsum
1721 2841 1846 2897 fecit
1898 2839 2063 2894 Filius

482 2931 593 2985 Deo
619 2947 634 2998 ;
657 2949 676 2982 ι
697 2946 759 2986 ac
781 2933 824 2985 si
841 2931 1236 3001 1οῑθιιιίοδ,(44)
1253 2947 1374 2987 eum
1416 2932 1549 2985 dicit
1571 2921 1598 2982 ι’
1624 2932 1810 2994 Deum,
1826 2947 1934 3000 pra:
1955 2945 2061 3000 quo

477 3040 580 3077 non
602 3025 940 3094 reputabitur
961 3024 1099 3079 alter
1119 3041 1166 3090 ς»
1185 3034 1239 3079 et
1260 3024 1576 3095 Isaias(45),
1598 3043 1615 3076 ι
1644 3022 2060 3089 ῡευιιι,ῐοτιεηι,

483 3115 648 3186 325
677 3116 1072 3171 dominatorem
1110 3135 1120 3170 :
1146 3137 1163 3168 ι
1185 3117 1458 3187 quomodo
1481 3117 1794 3171 existimant
1821 3117 2060 3173 haeretici

476 3225 600 3262 eum
676 3208 1038 3278 posteriorem
1089 3219 1182 3263 aut
1234 3208 1543 3264 inferiorem
1605 3223 1748 3276 esse,
1809 3207 2062 3279 Patrique

474 3285 654 3368 quoad
685 3299 864 3354 omnia
899 3299 1158 3369 aqualem
1193 3315 1299 3355 non
1326 3299 1627 3356 exsistere?

2167 2192 2497 2265 ἀποκαλύψῃ
2521 2193 2550 2245 ὁ
2583 2191 2732 2254 Υἱὸς,
2761 2193 2789 2243 6
2818 2189 2875 2242 δὲ
2901 2188 3032 2251 Υἱὸς
3067 2187 3344 2256 γινώσκει,
3379 2184 3593 2246 οὐδενὸς
3619 2184 3761 2241 ἀπο-,

2165 2283 2536 2346 καλύπτοντος
2584 2279 2752 2352 αὐτῷ·
2803 2281 2905 2334 οὐκ
2955 2278 3101 2332 ἔστιν
3147 2277 3383 2340 κτιστὸς,
3435 2272 3574 2329 ἀλλὰ
3628 2290 3752 2340 γεν-

2165 2374 2344 2448 νητός.

2235 2486 2334 2540 IB'.
2364 2485 2428 2538 Εί
2466 2483 2543 2554 τῷ
2589 2482 2766 2553 Πατρί
2813 2481 2925 2535 ἴσον
2983 2478 3144 2532 αὐτὸν
3195 2476 3375 2531 ἴσασιν
3413 2477 3469 2529 αἱ
3510 2474 3746 2548 Γραφαί·

2163 2577 2376 2640 Παῦλος
2402 2575 2513 2648 γὰρ
2543 2575 2764 2647 γράφει·
2803 2592 2820 2625 ι
2859 2573 2973 2643 Οὐχ
2998 2569 3297 2642 ἁρπαγμὸν
3337 2569 3582 2640 ἡγήσατο
3610 2563 3749 2620 εἶναι

2165 2671 2255 2723 ἴσα
2276 2661 2446 2739 Θεῷ·›
2479 2668 2594 2721 καί’
2626 2685 2644 2719 ι
2693 2667 2782 2719 Ἐν
2803 2665 2952 2735 αὐτῷ
2979 2665 3222 2717 κατοικεῖ
3250 2663 3353 2716 πᾶν
3390 2661 3449 2714 τὸ
3477 2661 3754 2732 πλήρωμα,

2162 2762 2262 2832 τῆς
2289 2761 2560 2832 θεότητος·
2599 2779 2616 2812 ι
2650 2760 2746 2817 καὶ
2775 2761 2803 2812 6
2827 2757 3220 2828 εὐαγγελιστὴς
3248 2757 3422 2825 λέγει,
3451 2757 3534 2808 ὅτι
3545 2775 3578 2839 .1
3606 2757 3748 2808 Ἴσον

2162 2855 2354 2907 ἑαυτὸν
2381 2856 2409 2907 6
2440 2852 2567 2918 Υἱὸς
2600 2853 2774 2910 ἐποίει
2797 2851 2874 2922 τῷ
2896 2851 3035 2922 Θεῷο
3067 2869 3084 2902 ι
3122 2851 3216 2903 καὶ
3236 2851 3283 2902 εξ
3337 2849 3491 2914 Θεὸν,
3523 2848 3658 2920 πρὸς
3690 2847 3750 2900 ὃν

2163 2947 2224 3000 οὐ
2269 2945 2652 3016 λογισθήσεται
2701 2945 2911 3016 ἕτερος,
2947 2943 3096 3012 λέγει
3125 2941 3290 3000 αὐτὸν
3326 2941 3613 3013 Ἱερεμίας·
3655 2939 3751 2996 καὶ

2175 3039 2402 3102 Ἡσαΐας
2452 3037 2606 3101 Θεὸν,
2664 3037 2906 3108 ἰσχυρὸν,
2954 3035 3332 3106 ὲξουσιαστήν·
3377 3031 3492 3096 πῶς
3526 3033 3747 3102 ὑστερεῖ

2163 3130 2303 3184 κατὰ
2336 3130 2666 3203 αἱρετικούς,
2715 3129 2810 3183 καὶ
2855 3128 2954 3184 οὐκ
3013 3127 3160 3182 ἔστιν
3196 3127 3306 3191 ἴσος
3365 3124 3505 3188 κατὰ
3568 3123 3749 3186 πάντα

2162 3221 2240 3294 τῷ
2273 3220 2446 3292 Πατρί
2463 3239 2477 3288 ;

548 3409 684 3470 XIII.
730 3410 788 3465 Si
840 3409 1036 3467 Paulus
1079 3411 1194 3483 (46)
1250 3412 1543 3474 salutarem
1587 3410 2047 3482 prmdicationem,

2225 3415 2321 3470 Il".
2357 3415 2422 3468 Εἰ
2457 3413 2671 3478 Παῦλος
2702 3412 2796 3468 τοῦ
2835 3413 3212 3486 πρεσϐυτέρου
3248 3411 3426 3482 νόμου.
3452 3409 3514 3464 τὸ
3557 3407 3738 3478 σωτή-

479 3518 584 3572 qua
613 3501 902 3568 Christus,
956 3512 1011 3558 et
1043 3503 1280 3572 Spiritus
1319 3512 1540 3558 sanctus
1583 3504 1905 3572 praedicatus
1953 3513 2057 3569 est,

476 3593 647 3650 veteri
683 3594 800 3664 lege
833 3594 1265 3664 praestantiorem
1291 3603 1464 3664 putat,
1500 3595 1626 3664 quia
1669 3593 2056 3664 perfectionem

477 3685 658 3747 habet,
684 3694 743 3740 ut
777 3684 832 3739 in
860 3701 968 3740 xxx
997 3685 1141 3757 λόγῳ
1169 3685 1283 3757 (47)
1333 3695 1614 3742 ostensum
1670 3687 1800 3741 fuit:
1835 3686 2056 3741 omnino

478 3785 641 3845 atque
672 3776 918 3832 absolute
950 3777 1237 3834 dicendum
1285 3787 1392 3842 est,
1441 3777 1636 3834 Filiam
1683 3787 1738 3833 et
1792 3777 2055 3846 Spiritum

480 3866 626 3921 nulla
657 3883 883 3937 prorsus
917 3869 1130 3926 ratione
1151 3871 1262 3926 Deo
1288 3880 1343 3926 et
1367 3869 1529 3926 Patre
1553 3871 1800 3927 minores,
1824 3883 1944 3925 esse
1965 3875 2060 3922 aut

477 3954 788 4014 inferiores.

549 4064 687 4122 XIV.
732 4066 787 4124 Si
814 4068 912 4137 illi,
943 4071 1035 4140 qui
1065 4072 1202 4128 Filio
1227 4071 1456 4127 credunt
1488 4070 1622 4142 (48),
1647 4069 1821 4126 vereri
1837 4084 1941 4124 non
1967 4070 2055 4123 de-

478 4157 628 4226 bent,
665 4175 732 4216 ne
755 4171 1098 4226 accusentur,
1135 4164 1279 4234 quod
1318 4175 1627 4218 creaturam
1655 4161 1884 4216 adorent
1919 4160 2054 4232 (49),

478 4261 534 4306 et
563 4253 702 4308 hanc
726 4267 823 4310 eos
868 4254 1306 4312 criminationem
1357 4253 1595 4324 ell'ugere
1647 4251 1938 4321 ﬁdejussor
1974 4261 2058 4307 est

551 4450 664 4522 (38)
707 4450 1042 4522 Hypostases.
1092 4450 1328 4513 Mutilus,
1389 4460 1482 4522 aut
1523 4450 1714 4506 saltem
1764 4451 2055 4522 mendosus

2166 3526 2280 3580 ριον
2310 3509 2596 3578 κήρυγμα,
2633 3507 2694 3558 τὸ
2727 3506 2857 3576 περὶ
2891 3506 3130 3577 Χριστοῦ
3162 3505 3256 3559 καὶ
3291 3503 3447 3572 ἁγίου
3490 3500 3744 3570 Πνεύμα-

2164 3617 2274 3663 τος,
2306 3599 2746 3670 προφερέστερον
2774 3598 3011 3666 ἡγεῖται,
3044 3595 3133 3649 διὰ
3161 3595 3223 3648 τὸ
3252 3595 3398 3666 ἔχειν
3429 3594 3488 3648 τὸ
3524 3591 3737 3652 τέλειον.

2161 3689 2237 3754 ὡς
2285 3693 2342 3744 ὲν
2391 3689 2469 3759 τῷ
2513 3685 2558 3740 λ’
2605 3687 2820 3757 ἐδείχθη
2861 3687 3034 3756 λόγῳο
3077 3686 3279 3758 πρέπει
3335 3685 3513 3755 πάντη
3544 3701 3605 3737 τε
3649 3683 3745 3737 καὶ

2163 3781 2383 3843 πάντως
2415 3778 2509 3833 τοῦ
2543 3779 2678 3832 Θεοῦ
2729 3780 2822 3832 καὶ
2855 3780 3070 3850 Πατρὸς
3103 3778 3246 3833 κατὰ
3280 3777 3448 3850 μηδὲν
3480 3777 3574 3830 τὸν
3615 3773 3746 3828 Υίὸν

2163 3872 2260 3925 καὶ
2287 3870 2349 3924 τὸ
2382 3869 2607 3941 Πνεῦμα
2641 3873 2995 3940 μειονεκτεῖν.

2234 4074 2330 4127 1Δ’.
2363 4072 2427 4125 Εἰ
2469 4069 2762 4140 ἐκφεύγειν
2807 4067 2868 4124 τὸ
2919 4069 3170 4140 ἔγκλημα
3222 4070 3323 4140 τῆς
3375 4066 3744 4137 κτισματολαο

2163 4164 2350 4235 τρεξας
2378 4162 2505 4225 τοὺς
2540 4160 2897 4224 πιστεύοντας
2924 4161 3002 4231 τῷ
3043 4161 3157 4231 Υἱῷ
3189 4159 3478 4231 παρεγγυᾷ
3511 4156 3742 4223 Παῦλος,

2165 4253 2244 4308 ἔτι
2281 4253 2338 4307 δὲ
2384 4253 2478 4307 καὶ
2525 4250 2723 4316 ἀθέους
2754 4253 3020 4307 ἀποκαλεῖ
3055 4253 3181 4316 τοὺς
3221 4251 3330 4324 πρὸ
3367 4248 3558 4303 τούτου
3587 4247 3745 4311 ἐκτὸς

2161 4447 2411 4502 Ieremia:
2468 4446 2675 4511 tribuit,
2731 4457 2788 4502 ut
2839 4457 2894 4502 et
2949 4447 3036 4500 alii
3093 4463 3155 4502 ex
3217 4449 3442 4504 vetustis
3491 4447 3742 4502 Patr-ibus

479 4519 568 4606 est
647 4519 733 4606 hic
766 4519 968 4576 locus.
1031 4523 1137 4578 Pro
1199 4523 1321 4583 ταῖς
1380 4521 1712 4575 ὑποστάσεσι
1781 4522 1897 4591 lego
1955 4519 2055 4583 τὰς

2165 4519 2427 4606 ιὀιὶιξηιιηιἲ

479 4591 824 4656 ὑποστάσεις.

555 4679 664 4748 (59)
690 4678 760 4735 In
790 4681 990 4736 unitate
1013 4683 1272 4739 essentia.
1303 4683 1507 4748 Codex,
1536 4682 1594 4738 ἒν
1626 4682 1723 4737 ἕνα
1753 4681 1819 4736 δι’
1849 4680 2056 4744 οὐσίας.

481 4747 716 4818 Ιλοςοὲν
748 4750 892 4804 ἐνάδι
923 4751 1125 4815 οὐσίας.
1168 4752 1354 4809 Totius
1395 4747 1574 4807 autem
1616 4753 1716 4808 loci
1767 4751 2058 4815 sententia,

482 4827 542 4872 ut
575 4831 726 4888 puto,
756 4822 870 4876 haec
899 4832 983 4878 est
1015 4840 1028 4878 :
1060 4823 1198 4877 Dum
1229 4824 1306 4878 ait
1335 4823 1606 4887 Christus,
1642 4841 1660 4874 ι
1686 4823 1795 4892 Ego
1817 4830 1869 4876 et
1899 4821 2062 4875 Pater

483 4905 646 4942 unutn
685 4905 896 4956 sumus,
927 4912 946 4945 ι
986 4907 1118 4948 voce
1155 4893 1242 4948 illa
1293 4913 1313 4945 ι
1339 4909 1524 4955 unum,
1557 4911 1576 4944 ι
1635 4892 1850 4946 deitatis
1882 4892 2062 4945 unita-

483 4969 591 5034 tem
631 4959 682 5013 in
715 4963 920 5018 duabus
945 4963 1348 5034 bypostasibus,
1381 4963 1753 5034 signiﬁcavit,
1775 4976 1906 5034 voce
1932 4975 2060 5015 vero

483 5027 594 5102 illa,
668 5027 1281 5102 tsumusn'personas
1338 5027 1481 5101 ipsas
1538 5027 1803 5088 disLinXit.
1878 5030 2062 5100 Itaque

480 5098 782 5170 addendum
811 5098 1039 5157 fortasse
1075 5113 1158 5158 est
1199 5098 1422 5170 aliquid,
1475 5117 1539 5157 ac
1597 5103 1907 5170 legendum,
1966 5098 2056 5154 (Ἐκ.

479 5169 804 5244 gratia,_xa‘t
830 5172 908 5243 τῷ
934 5173 1110 5244 ,ἐσμὲν
1133 5175 1190 5227 ὲν
1225 5173 1372 5228 ὲνάδι
1413 5173 1600 5237 οὐσίας
1627 5169 1905 5244 διέσταλκε
1937 5171 2060 5241 δίχα

478 5237 548 5290 τὰ
592 5237 890 5311 πρόσωπα,
929 5243 980 5297 id
1011 5237 1102 5298 est
1153 5262 1172 5295 ι
1201 5254 1254 5297 et
1298 5259 1428 5298 voce
1478 5244 1587 5310 illa,
1627 5258 1834 5307 sumus,
1860 5243 1913 5296 in
1941 5237 2062 5296 uni-

484 5317 594 5362 tate
620 5313 870 5367 essentia:
896 5313 1144 5372 distinxit
1176 5329 1454 5384 personas.
1505 5332 1522 5365 ι

554 5398 676 5478 (40)
712 5403 1082 5478 Conuersione.
1115 5406 1306 5478 Codex
1355 5407 1472 5478 sine
1525 5417 1782 5472 accentu,
1828 5421 2061 5478 στροφα·

483 5465 626 5540 aqu.
649 5465 963 5542 Legendum
992 5475 1221 5532 forsitan
1249 5476 1626 5549 στροφάλιγγι·

718 5564 861 5637 Non.
897 5565 1126 5637 Philipp.
1157 5583 1218 5631 ll,
1251 5566 1304 5622 6.

553 5630 663 5702 (ἢ)
709 5631 774 5702 In
802 5636 936 5702 ipso.
986 5630 1294 5698 Coloss.tt,
1334 5637 1386 5692 9.
1467 5643 1476 5672 ι

553 5701 666 5773 (43)
697 5701 1049 5773 [ξιιαηςείὶεια.
1086 5705 1220 5761 Vide
1247 5705 1402 5761 Joau.
1441 5722 1493 5773 ν,
1531 5705 1616 5759 18.

551 5771 664 5838 (ιιι)
699 5768 982 5845 ageam.
1017 5775 1249 5831 Hilarius
1281 5768 1494 5845 quoque
1532 5775 1620 5828 lib.
1669 5791 1721 5828 tv
1767 5774 1839 5828 De
1887 5774 2059 5837 TVM.

478 5851 628 5893 num.
688 5838 776 5904 I2,
826 5850 882 5896 et
924 5843 1014 5897 lib.
1055 5861 1106 5911 ν,
1141 5838 1311 5902 ηυιη.’
1341 5838 1429 5912 59,
1471 5846 1584 5900 haec
1615 5845 1846 5900 Baruchi
1896 5846 2057 5900 verba

2239 4588 2350 4656 (45)
2413 4587 2609 4642 Isaias.
2671 4586 2804 4656 Cap.
2867 4602 2944 4650 Ix,
3001 4602 3142 4642 vers.
3203 4588 3258 4652 6,
3305 4589 3458 4658 juxta
3498 4585 3740 4642 Graecam

2199 4658 2475 4712 ditionem.

2165 4670 2475 4712 editionem.

2238 4729 2348 4793 (46)
2392 4726 2616 4780 Paulus.
2652 4726 2816 4783 Hebr.
2841 4743 2923 4793 ιιι,
2953 4725 3066 4783 7-9.

2238 4798 2350 4870 (47)
2392 4795 2605 4870 [nux
2638 4799 2932 4870 ,κότῳηᾼη
2959 4797 3189 4870 respicit
3210 4809 3369 4870 caput
3407 4801 3740 4856 tricesimum

2165 4866 2288 4938 libri
2333 4867 2517 4936 primi,
2545 4882 2640 4921 seu
2673 4883 2794 4938 pag.
2821 4866 2912 4930 9|,
2952 4867 3042 4922 ubi
3095 4866 3328 4937 legitur:
3373 4889 3391 4922 ι
3423 4872 3582 4925 Vetus
3615 4885 3744 4936 ergo

2165 4937 2593 5000 Testamentum,
2620 4955 2639 4989 ι
2676 4945 2726 4990 et
2754 4937 2888 5002 quae
2911 4939 3246 5004 sequuntur?
3278 4943 3360 4996 An
3385 4941 3565 4994 verbis
3593 4942 3744 4995 hisce

2165 5007 2221 5059 in
2255 5021 2373 5080 axx,
2413 5007 2596 5080 atomi,
2625 5007 2889 5080 intelligit
2941 5009 3272 5080 tricesimum
3329 5018 3740 5080 argumentum,

2165 5077 2305 5145 quod
2361 5075 2514 5130 initio
2559 5077 2717 5142 primi
2759 5077 2877 5131 libri
2932 5077 3215 5142 attulerit;
3269 5089 3362 5135 aut
3394 5075 3740 5133 'tricesimam

2165 5162 2230 5218 ex
2262 5146 2376 5218 suis
2413 5146 2809 5218 catechesibus.
2838 5147 2882 5199 si
2910 5155 3101 5218 tamen
3133 5161 3226 5204 eas
3260 5164 3492 5218 unquam
3530 5150 3744 5203 edidit?

2164 5217 2245 5270 An
2278 5216 2494 5270 demum
2519 5215 2875 5282 conjiciemus
2909 5215 3190 5270 librarium
3216 5234 3283 5273 ex
3317 5215 3440 5273 nota
3458 5220 3516 5272 A'
3551 5219 3745 5273 fecisse

2163 5283 2331 5356 A',ita
2356 5294 2415 5338 ut
2436 5299 2556 5338 cum
2583 5285 2632 5356 in
2653 5286 2986 5354 autographa
3009 5296 3153 5340 esset
3168 5287 3251 5354 A',
3279 5290 3330 5344 id
3353 5300 3435 5345 est
3453 5309 3471 5340 ι
3499 5289 3692 5356 primo,
3718 5305 3737 5338 ι

2165 5355 2279 5420 ipse
2311 5355 2361 5408 in
2380 5355 2692 5424 apographo
2725 5356 3002 5422 scripserit
3025 5357 3109 5421 A',
3140 5357 3193 5411 id
3221 5372 3306 5416 est
3333 5378 3353 5411 ι
3385 5355 3734 5413 tricesimo?»

2164 5425 2317 5498 Quod
2370 5424 2416 5479 si
2453 5427 2540 5498 ita_
2575 5426 3086 5498 esset,_respiceret
3131 5442 3252 5497 quae
3297 5430 3436 5485 dixit
3490 5427 3740 5498 superius

2164 5495 2258 5550 lib.
2290 5510 2327 5559 ι,
2361 5510 2481 5563 cap.
2509 5495 2560 5559 7,
2601 5510 2718 5563 pag.
2747 5495 2803 5550 2.

2239 5564 2359 5640 (48)-
2388 5565 2500 5640 Qui
2553 5563 2696 5640 Filio
2748 5568 2986 5625 credunt.
3033 5568 3384 5639 Perspicuum
3429 5577 3535 5632 est,
3575 5567 3739 5640 Didy-

2165 5635 2310 5710 nium
2348 5635 2434 5689 hic
2486 5649 2547 5710 ea
2605 5635 2657 5690 in
2697 5641 3073 5710 compendium
3115 5635 3381 5710 redigere,
3435 5655 3553 5710 qua:
3605 5635 3740 5694 diiit

2165 5704 2325 5775 lib._l_.
2361 5719 2480 5775 e_ap.
2511 5706 2562 5768 7,
2605 5721 2728 5775 pag.
2757 5708 2782 5761 I
2817 5704 2872 5762 et
2902 5709 2957 5764 2.

2234 5773 2348 5843 (49)
2367 5773 2948 5854 ονεαιιιιγιηίαᾴοηηι.
2985 5779 3184 5844 Codex,
3221 5778 3735 5854 κτισματολατρίεις.

2164 5843 2303 5915 Lego
2331 5845 2870 5918 κτίσματολατρείας.
