4134 6404
336 421 448 481 ’093

1412 403 1503 458 DE
1544 396 1923 456 TRINITATE
1962 394 2163 451 LIBER
2204 391 2532 451 TERTIUS.

3495 390 3603 445 ⁸194

336 539 438 598 τοῦ
474 533 605 590 Υἱοῦ
636 532 728 586 τὸν
755 530 890 583 Θεὸν
920 529 1015 582 καὶ
1044 523 1265 597 Πατέρα
1297 522 1457 594 μόνον
1486 522 1826 588 ἐγνωκότας⁸
1867 515 1928 567 οὐ

2052 511 2254 574 Paulus,
2296 525 2359 565 ac
2383 508 2426 563 si
2456 509 2503 563 is
2541 513 2803 577 praeterea
2847 505 3066 569 atheos,
3130 502 3180 558 id
3226 512 3310 560 est
3338 504 3450 557 sine
3481 502 3614 571 Deo,

342 632 551 699 κτίσμα
576 628 605 680 6
630 624 761 688 Θεὸς
795 622 989 691 Λόγος.

412 906 517 959 IE'.
550 902 616 956 Et
656 898 925 963 Ἰουδαῖοι,
971 893 1374 963 ἀπιστήσαντες
1531 881 1778 956 Χριστῷ,
1821 879 1934 933 ἴσον

342 996 538 1053 ἐαυτὸν
592 991 838 1047 ποιοῦντι
876 986 955 1059 τῷ
1004 985 1148 1056 Θεῷ,
1195 982 1291 1037 καὶ
1332 979 1423 1035 διὰ
1467 977 1627 1031 τοῦτο
1684 971 1934 1059 σταυρῴ-

344 1099 535 1145 σαντες
576 1081 738 1134 αὑτὸν
777 1056 1207 1146 κατεκρίθησαν,
1247 1063 1568 1140 Χριστιανοὶ
1608 1061 1668 1114 δὲ
1708 1056 1934 1111 πιστεύ-

346 1191 537 1238 σαντες
565 1170 839 1241 ’άνωτέρω
868 1167 1092 1221 ἐκείνων
1122 1162 1442 1232 γεγόνασιν⁸
1496 1155 1558 1209 οὐ
1610 1150 1935 1224 μικρότερος

344 1269 401 1325 ἐν
428 1285 534 1322 τινι
559 1265 656 1319 τοῦ
690 1264 822 1317 ἰδίου
851 1259 1066 1330 Πατρὸς
1095 1259 1124 1310 6
1155 1254 1304 1317 Υἱός.

416 1360 537 1426 ις’.
570 1358 635 1411 EI
678 1354 774 1408 τοῦ
832 1352 993 1423 μόνου
1029 1348 1165 1402 Θεοῦ
1218 1343 1496 1415 ἐξαίρετον
1535 1338 1599 1393 τὸ
1648 1334 1937 1426 ὑμνεῖσθαι

351 1470 373 1504 ι
410 1424 584 1521 μέγας
609 1446 741 1509 Θεὸς
761 1484 775 1508 ,
818 1463 836 1495 ι
864 1437 1265 1509 ἀναφθέγγεται
1309 1433 1355 1485 δ’
1394 1430 1516 1503 [151
1548 1427 1662 1521 616
1688 1424 1935 1521 Παῦλος,

353 1562 373 1595 ι
399 1516 506 1596 Ῠοῦ
548 1538 785 1611 μεγάλου
820 1532 957 1588 Θεοῦ
981 1531 1077 1585 κα)⁵
1107 1528 1362 1597 Σωτῆρος
1395 1522 1556 1593 ἡμῶν
1594 1517 1771 1611 Ἰησοῦ
1801 1516 1941 1611 Χρι-

348 1632 499 1696 στοῦ,
526 1609 558 1683 »ἡ
594 1630 690 1684 καὶ
714 1630 742 1681 6
770 1625 960 1690 Δαυῒδ,
998 1641 1017 1674 ι
1042 1622 1139 1685 Τίς
1182 1618 1368 1690 ὅμοιός
1413 1631 1494 1667 σοι
1522 1614 1579 1665 ἐν
1618 1610 1794 1678 θεοῖς,
1826 1609 1940 1663 Κύ-

348 1736 464 1795 ριε;
494 1741 513 1774 ι
566 1719 667 1773 οὐκ
701 1716 1031 1789 ἐξοχώτερος
1058 1711 1151 1767 τοῦ
1201 1706 1357 1773 Υἶοῦ,
1384 1705 1507 1759 οὐδὲ
1551 1701 1939 1774 ἁπαράὸλητος

353 1816 493 1887 πρὸς
530 1813 714 1868 αὐτόν.

2033 604 2158 658 illos
2186 611 2370 664 vocat,
2433 600 2525 667 qui
2578 606 2737 651 antea
2765 611 2873 651 non
2926 594 3145 660 Filium,
3208 596 3304 651 sed
3354 596 3518 649 Deum
3558 603 3616 649 ct

2035 693 2255 748 Patrem
2287 691 2556 745 duntaxat
2600 697 2902 754 noverant;
2941 702 3050 743 non
3090 698 3172 743 est
3205 702 3336 742 sane
3362 697 3615 743 creatura

2034 785 2179 839 Deus
2214 781 2446 837 Verbum
2460 818 2475 834 .

2104 873 2224 928 XV.
2258 873 2314 927 Si
2340 871 2534 938 Judaei,
2564 872 2655 941 qui
2688 870 2911 926 Christo
2928 879 3278 939 semetipsum
3308 870 3416 925 Deo
3432 886 3617 941 aequa-

2036 967 2139 1021 lem
2174 964 2393 1019 facienti
2432 980 2536 1018 non
2572 964 3138 1032 crediderunt,eaque
3172 963 3236 1016 de
3268 977 3435 1016 causa
3461 963 3618 1018 illum

2037 1058 2453 1123 c'ruciiixerunt,
2518 1055 2865 1110 condemnati
2925 1064 3081 1121 sunt;
3143 1052 3434 1107 Christiani
3466 1069 3616 1121 vero,

2038 1151 2132 1221 qui
2172 1151 2221 1205 ei
2256 1149 2631 1212 crediderunt,
2656 1163 2820 1217 supra
2870 1147 2990 1201 illos
3017 1145 3211 1201 elevati
3248 1144 3435 1212 fuere;
3475 1146 3639 1201 nulla

2042 1244 2097 1297 in
2131 1256 2189 1296 re
2230 1240 2452 1311 proprio
2483 1239 2642 1293 Patre
2672 1239 2852 1293 minor
2882 1247 2964 1292 est
2991 1237 3182 1293 Filius.

2110 1332 2249 1388 XVI.
2289 1333 2346 1389 Si
2375 1332 2473 1387 soli
2505 1332 2613 1386 Deo
2643 1332 2864 1398 eximie,
2924 1339 3088 1401 atque
3129 1329 3465 1386 excellenter
3490 1344 3621 1385 eon-

2038 1425 2206 1491 venit,
2239 1433 2296 1479 ut
2323 1443 2343 1478 ι
2362 1423 2586 1494 Magnus
2604 1424 2744 1479 Deus
2772 1444 2791 1477 ι
2817 1431 3160 1492 nuncnpetur
3194 1438 3256 1478 ac
3273 1422 3619 1492 praedicetur,

2040 1517 2118 1571 ait
2156 1530 2287 1570 vero
2326 1513 2545 1577 Paulus,
2576 1532 2594 1565 ι
2623 1513 2805 1583 Magni
2828 1512 2920 1568 Dei
2955 1511 3066 1584 (50)
3111 1520 3166 1567 et
3196 1512 3496 1567 Salvatoris
3518 1525 3622 1565 no-

2042 1610 2141 1664 stri
2171 1607 2303 1664 Jesu
2326 1606 2552 1669 Christi,
2590 1623 2609 1656 ι
2637 1614 2689 1660 et
2724 1604 2914 1669 David,
2967 1622 2986 1655 ι
3011 1603 3367 1671 Quis'similis
3390 1602 3501 1671 (5i)
3526 1601 3621 1656 tibi

2043 1704 2095 1756 in
2126 1702 2250 1767 diis,
2282 1699 2553 1754 Domine?
2578 1718 2597 1751 ι
2656 1713 2761 1751 non
2794 1704 2878 1751 est
2907 1710 3038 1750 sane
3069 1695 3231 1751 Pater
3270 1694 3629 1749 excellentior

2044 1794 2200 1859 Filio,
2238 1807 2416 1862 neque
2449 1789 2896 1858 incomparabilis
2924 1796 3175 1857 respeCtu
3214 1787 3406 1856 ipsius.

536 1866 623 1959 ⁷Εἰ
655 1907 684 1958 6
716 1902 877 1965 αὐτὸς
908 1897 1121 1961 Παῦλος
1154 1894 1216 1949 οὐ
1247 1890 1574 1964 συναριθμεῖ
1613 1886 1779 1940 αὐτὸν
1821 1886 1939 1949 τοῖς

2115 1883 2279 1942 XVII.
2321 1884 2378 1939 Si
2418 1885 2560 1939 idem
2615 1882 2816 1938 Paulus
2868 1883 3011 1936 inter
3065 1888 3282 1936 creatos
3305 1881 3433 1935 deos
3475 1879 3623 1933 ilium

350 2001 587 2063 κτιστοῖς
617 1997 780 2060 θεοῖς,
824 1992 1111 2047 συντάττει
1148 1988 1205 2040 δέ
1241 1985 1381 2058 μετὰ
1423 1980 1519 2036 τοῦ
1550 1978 1787 2050 Πατρὸς,
1820 1979 1932 2031 Κο-

357 2090 579 2165 ρινθίοις
626 2089 876 2161 γράφων,
916 2103 935 2136 ι
973 2081 1087 2137 Καὶ
1133 2078 1245 2150 γὰρ
1292 2077 1451 2147 εἴπερ
1497 2072 1604 2125 εἰσὶ
1655 2069 1939 2165 λεγόμενοι

353 2162 466 2237 θεοὶ
490 2181 695 2246 πολλοὶ,
724 2180 820 2232 καὶ
854 2175 1035 2245 κύριοι
1066 2170 1251 2225 πολλοὶ
1277 2168 1334 2222 ἐν
1374 2184 1432 2220 τε
1465 2163 1683 2236 οὐρανῷ
1715 2165 1808 2216 καὶ
1848 2162 1941 2215 ἐπὶ

352 2275 476 2346 γῆς,
510 2272 625 2327 ἀλλ’
667 2272 800 2342 ἡμῖν
837 2261 919 2331 εἷς
944 2264 1078 2327 Θεὸς
1107 2264 1134 2314 6
1171 2259 1378 2331 Πατὴρ,
1425 2257 1485 2322 ἐξ
1516 2251 1578 2346 οὗ
1613 2255 1681 2309 τὰ
1718 2255 1899 2308 πάντα
1922 2269 1937 2283 ο

352 2342 449 2420 καὶ
484 2361 564 2428 εἷς
594 2361 801 2433 Κύριος
838 2354 1045 2428 Ἰησοῦς
1074 2352 1332 2425 Χριστὸς,
1381 2350 1448 2404 δι’
1485 2342 1547 2401 οῦ
1578 2347 1650 2400 τὰ
1681 2346 1888 2401 πάντα·
1917 2364 1934 2396 ι

353 2458 455 2511 οὐκ
482 2458 539 2508 ἐν
573 2455 845 2524 ποιήμασι
870 2445 1277 2513 συντετάεεται,
1311 2442 1450 2514 μετὰ
1481 2441 1540 2494 δὲ
1570 2440 1786 2513 Πατρὸς
1818 2456 1944 2493 συν-

356 2547 777 2616 δοξασθήσεται.

432 2640 540 2694 III'.
582 2640 646 2692 Εἰ
711 2632 1050 2709 δημιουργὸς
1106 2631 1366 2695 πάντων,
1421 2627 1519 2682 καὶ
1587 2624 1768 2677 αὐτῶν
1833 2622 1946 2678 τῶν

357 2732 570 2789 αἰώνων
612 2731 761 2783 ἐστὶν
801 2730 830 2781 6
863 2727 1012 2791 Υίὸς,
1049 2724 1125 2788 ὡς
1155 2721 1398 2793 ἐγράφη,
1440 2717 1548 2790 πρὸ
1582 2717 1764 2787 πάσης
1794 2717 1948 2786 ἐνερ-

359 2823 517 2892 γείας
562 2819 746 2873 ἐστίν’
795 2821 823 2872 6
856 2818 912 2870 δὲ
960 2815 1069 2888 πρὸ
1113 2813 1293 2882 πάσης
1339 2808 1624 2881 ἐνεργείας
1676 2808 1775 2860 οὐκ
1825 2806 1948 2877 ἐδη-

366 2913 691 2988 μιουργήθη.
718 2909 885 2966 Οὐδὲν
925 2909 1034 2979 γὰρ
1063 2904 1412 2978 προαιώνιον,
1456 2903 1490 2973 ἢ
1530 2901 1637 2973 πρὸ
1668 2898 1948 2971 ἐνεργείας

364 3009 565 3059 νοεῖται
617 3002 858 3065 κτιστὸν,
911 3000 1025 3054 ἀλλ’
1068 3000 1101 3068 ἡ
1148 2998 1206 3050 ἐν
1257 2995 1403 3049 ἐνάδι
1461 2993 1727 3063 ἀγένητος
1778 2988 1949 3062 Τριάς

367 3098 524 3169 μόνη.
552 3097 663 3150 Καὶ
689 3093 865 3156 ἄλλως
882 3109 898 3124 °
931 3092 997 3145 Et
1030 3091 1251 3144 πάντων
1276 3084 1662 3157 γενεσιουργός
1693 3085 1810 3136 ἐστι
1838 3079 1949 3133 τῶν

364 3189 555 3251 ὅντων,
595 3187 697 3240 οὐκ
730 3184 876 3238 ἐστιν
904 3183 982 3246 ὡς
1016 3180 1192 3236 ταῦτα
1226 3178 1465 3242 κτιστός.
1491 3174 1628 3228 Κατ’
1656 3172 1811 3226 οὐδὲν
1840 3170 1950 3242 γὰρ

363 3284 474 3346 τοῖς
521 3280 817 3350 κτίσμασιν
852 3279 880 3331 6
908 3275 1136 3346 κτίστης
1168 3270 1557 3343 παραπλήσιος
1589 3261 1732 3319 εἶναι
1781 3262 1947 3317 δύνα-

365 3388 476 3437 ται,
510 3371 546 3441 ἢ
589 3368 813 3439 ὀφείλει.
852 3365 991 3419 Ἀλλ’
1026 3365 1147 3419 οὐδὲ.
1194 3363 1402 3432 κτίσμα
1446 3353 1811 3429 δημιουργοῦν
1857 3354 1950 3406 οὐ-

370 3465 495 3530 σιοῖ,
522 3463 557 3534 ἢ
585 3459 802 3532 λογικὸν
828 3457 1101 3513 ἀποτελεῖ.

442 3718 543 3775 IO’.
580 3720 642 3772 Ei
670 3713 740 3789 ἦν
764 3720 822 3771 ἐν
852 3718 921 3789 τῇ
952 3717 1094 3788 ἀρχῇ
1128 3712 1263 3776 Θεὸς
1306 3710 1447 3782 πρὸς
1476 3707 1568 3762 τὸν
1594 3706 1749 3769 Θεὸν,
1778 3701 1950 3774 ἀρχὴν

370 3811 538 3882 ἄλλην
565 3811 725 3873 αὐτὸς
751 3811 853 3863 οὐκ
873 3808 1009 3879 ἔχει,
1040 3803 1397 3879 ἀρχαιότερος
1422 3800 1497 3855 ὢν
1537 3800 1720 3868 πάσης
1755 3796 1948 3868 ἀρχῆς.

384 3903 536 3957 Ἐπεὶ
576 3900 793 3973 ἀνάγκη
841 3900 994 3953 πᾶσα
1039 3897 1223 3952 δοῦναι
1270 3892 1446 3966 ἀρχὴν
1489 3892 1585 3945 καὶ
1628 3887 1707 3960 τῷ
1755 3885 1951 3956 Πατρί.

377 3989 533 4049 ιἮν
560 4012 579 4046 ι
621 3978 752 4064 γὰρ,
794 3993 982 4063 φησιν,
1035 4008 1052 4042 ι
1081 3993 1139 4044 ἐν
1183 3990 1250 4059 τῇ
1303 3986 1446 4058 ἀρχῇ
1504 3982 1638 4045 Θεὸς
1677 3979 1813 4052 πρὸς
1861 3977 1952 4030 τὸν

371 4087 527 4142 Θεόν.
556 4105 574 4137 ι
624 4086 738 4138 Οὐκ
770 4083 913 4137 ἐστιν
965 4081 1023 4135 δὲ
1055 4079 1198 4152 ἀρχὴ
1232 4078 1334 4148 τῆς
1366 4077 1499 4148 μιᾶς
1546 4074 1805 4144 θεότητος
1854 4070 1955 4140 τῆς

372 4176 539 4249 οὔσης
567 4178 624 4230 ἐν
654 4178 722 4246 τῇ
757 4176 922 4247 ἀρχῇ.

444 4271 529 4324 Κ’.
562 4270 627 4322 Et
656 4267 749 4321 νοῦ
791 4265 993 4330 παντὸς
1023 4262 1345 4335 ἀνῴκισται,
1383 4259 1501 4322 πῶς
1533 4256 1812 4328 Παρθένος
1838 4253 1957 4327 ῥεύ-

378 4377 516 4424 σεως
546 4359 702 4423 ἐκτὸς
745 4358 952 4424 ἔτεκεν,
985 4357 1215 4428 μείνασα
1256 4353 1416 4407 πάλιν
1445 4350 1742 4423 παρθένοςο
1779 4347 1956 4419 πολλῷ

381 4451 580 4525 μᾶλλον
606 4450 1038 4520 ἁνεφικτότερον,
1070 4446 1188 4510 πῶς
1220 4444 1519 4514 αὐτογενὴς
1552 4442 1684 4506 Θεὸς
1712 4440 1807 4494 καὶ
1844 4440 1958 4493 Πα-

2041 1992 2147 2031 ηοιι
2186 1984 2562 2040 connumerat,
2606 1974 2700 2029 sed
2747 1975 2921 2044 ipsum
2975 1988 3095 2027 cum
3141 1970 3305 2027 Patre
3358 1980 3535 2040 aequat
3571 1975 3628 2026 et

2042 2067 2294 2132 collocat,
2346 2066 2592 2122 scribens
2629 2066 2949 2131 Corinthiis,
3003 2085 3023 2117 ι
3057 2063 3189 2119 Nam
3220 2064 3319 2118 etsi
3356 2062 3467 2135 (52)
3501 2074 3626 2119 sunt

2041 2161 2131 2231 qui
2169 2160 2424 2215 dicuntur
2478 2159 2551 2214 dii
2587 2158 2762 2222 multi,
2790 2168 2843 2212 et
2872 2157 3079 2214 domini
3122 2157 3274 2211 multi
3305 2166 3358 2215 et
3388 2157 3438 2211 in
3465 2156 3626 2219 coelo,

2045 2252 2180 2304 etin
2219 2260 2398 2306 terra:
2435 2258 2612 2304 tamen
2667 2249 2824 2304 nobis
2864 2265 3005 2305 unus
3046 2248 3189 2304 Deus
3208 2249 3391 2316 Pater,
3419 2263 3485 2303 ex
3520 2234 3653 2318 quo‘

2046 2343 2256 2407 omnia,
2293 2350 2349 2397 et
2382 2358 2524 2397 unus
2548 2342 2809 2397 Dominus
2829 2340 2987 2396 Jesus
3019 2341 3288 2406 Christus,
3326 2357 3424 2411 per
3469 2357 3628 2410 quem
3720 2380 3745 2389 -ι

2045 2435 2261 2499 omnia;
2289 2453 2306 2485 ι
2342 2449 2448 2488 non
2474 2440 2562 2489 est
2587 2434 2750 2504 igitur
2774 2435 2918 2487 inter
2939 2441 3224 2488 creaturas
3251 2433 3628 2495 collocandus.

2046 2527 2140 2581 sed
2174 2541 2296 2579 cum
2323 2524 2490 2579 Patre
2521 2525 3039 2596 congloriﬁcandus.

2122 2618 2288 2689 326
2325 2616 2509 2672 XVIII.
2534 2615 2590 2672 Si
2621 2632 2805 2672 rerum
2824 2616 3170 2681 omnium,'ae
3206 2617 3442 2686 ipsorum
3466 2616 3630 2671 etiam

2048 2709 2370 2763 saeculorum
2404 2708 2657 2764 conditor
2683 2717 2769 2763 est
2815 2706 3007 2772 Filius,
3036 2709 3179 2761 sicut
3211 2708 3470 2776 scriptum
3497 2706 3633 2776 legi-

2051 2810 2140 2855 tur
2171 2801 2307 2872 (55),
2332 2801 2556 2855 ‘exstitit
2603 2815 2732 2871 ergo
2779 2810 3068 2869 antequam
3110 2800 3404 2868 quidquam
3451 2796 3629 2853 ﬁeret.

2048 2891 2117 2943 At
2162 2891 2251 2959 qui
2304 2890 2515 2943 exstitit
2571 2900 2858 2957 antequam
2919 2888 3216 2958 quidquam
3276 2888 3463 2950 fieret,
3525 2900 3632 2940 non

2051 2979 2470 3043 fuitconditus;
2521 2962 2866 3042 nihil‘euim,
2899 2978 3047 3047 quod
3103 2984 3346 3031 creatum
3376 2977 3463 3039 sit,
3507 2987 3635 3029 ante

2052 3069 2277 3134 secula,
2301 3079 2395 3123 aut
2429 3077 2557 3124 ante
2582 3070 2918 3123 creationem
2964 3067 3244 3123 exsisteus
3281 3068 3633 3137 intelligitur;

2056 3162 2151 3216 sed
2192 3176 2254 3215 ea
2285 3161 2571 3227 duntaxat,
2625 3174 2742 3227 quas
2787 3159 2841 3213 in
2879 3159 3086 3213 unitate
3115 3159 3347 3224 exsistit,
3392 3159 3634 3214 iucreata

2057 3248 2321 3305 Trinitas.
2354 3249 2424 3304 Et
2453 3249 2652 3304 aliter:
2689 3247 2745 3302 Si
2773 3250 3035 3312 omnium,
3073 3264 3194 3317 quae
3219 3257 3364 3316 sunt,
3387 3250 3661 3303 conditor'

2055 3352 2159 3406 est,
2180 3356 2285 3395 non
2309 3349 2391 3397 est
2420 3349 2655 3402 creatus.
2684 3339 2985 3407 cuiusmodi
3016 3339 3106 3393 illa
3135 3352 3292 3407 sunt;
3327 3340 3474 3394 nullo
3491 3341 3635 3394 enim

2060 3435 2219 3488 modo
2240 3434 2512 3489 creaturis
2528 3433 2758 3488 Creator
2771 3432 2963 3489 similis
2980 3446 3100 3487 esse
3121 3442 3296 3502 potest
3335 3443 3428 3486 aut
3445 3434 3634 3498 debet;

2059 3537 2158 3577 nec
2186 3531 2449 3590 praeterea
2476 3531 2728 3577 creatura
2758 3522 2992 3577 creando
3015 3521 3147 3575 dare
3170 3520 3636 3590 potestexsistcn-

2061 3615 2214 3679 tiam,
2251 3629 2427 3683 neque
2458 3615 2684 3670 rationis
2734 3616 3052 3684 participem
3093 3614 3399 3683 quempiam
3435 3611 3633 3668 facere.

2129 3706 2270 3764 XIX.
2314 3705 2371 3761 Si
2394 3715 2513 3761 erat
2546 3706 2599 3760 in
2630 3705 2896 3775 principio
2923 3705 3065 3760 Deus
3097 3706 3240 3773 apud
3273 3706 3463 3770 Deum,
3491 3702 3637 3758 aliud

2063 3798 2395 3870 principium
2423 3797 2593 3852 Filius
2622 3798 2735 3866 ipse
2763 3810 2867 3852 non
2900 3797 3063 3851 habet
3102 3811 3226 3853 cum
3265 3797 3337 3851 sit
3365 3794 3640 3865 antiquior

2065 3891 2217 3947 omni
2242 3890 2552 3960 principio:
2590 3889 2830 3957 alioquin
2869 3889 3093 3943 omnino
3144 3887 3507 3944 necessarium
3533 3888 3642 3944 erit

2061 3984 2341 4053 assignare
2353 3981 2673 4052 principium
2684 3981 2845 4035 etiam
2860 3980 3030 4035 Patri.
3051 3998 3069 4032 ι
3083 3980 3239 4035 Erat»
3254 3980 3422 4048 enim,
3441 3980 3638 4049 inquit,

2069 4095 2087 4126 ι
2116 4074 2171 4129 in
2207 4073 2474 4143 principio
2500 4073 2643 4128 Deus
2676 4073 2817 4143 apud
2852 4074 3016 4127 Deum
3043 4072 3178 4145 (54).
3202 4091 3225 4124 ι
3260 4072 3476 4127 Nullum
3509 4086 3639 4127 vero

2062 4165 2388 4235 principium
2420 4164 2584 4220 habet
2613 4180 2716 4218 una
2763 4165 2944 4220 Deitas
2968 4165 3238 4220 exsisteus
3268 4165 3319 4218 in
3347 4164 3634 4234 principio.

2139 4253 2258 4311 XX.
2299 4253 2355 4309 Si
2387 4254 2532 4308 nulla
2581 4255 2862 4325 percipere
2914 4267 3068 4310 mens
3121 4262 3320 4324 potest,
3369 4255 3638 4323 quomodo

2081 4345 2239 4416 Virgo
2300 4345 2422 4400 sine
2456 4344 2599 4399 ﬂuxu
2637 4347 2929 4416 pepererit,
2966 4340 3190 4400 manens
3240 4360 3426 4401 rursus
3453 4346 3639 4414 virgo;

2064 4443 2271 4506 quanto
2303 4435 2485 4489 minus
2549 4435 2777 4505 intelligi
2829 4435 3049 4505 poterit,
3103 4435 3378 4505 quomodo
3408 4434 3498 4489 ille
3546 4448 3645 4504 per

378 4545 507 4616 τὴρ,
531 4544 806 4616 ἀνάρχως,
843 4542 937 4597 καὶ
963 4541 1086 4617 δίχα
1117 4538 1328 4602 πάθους
1367 4536 1427 4604 ἐξ
1459 4534 1582 4589 ὅλου
1611 4531 1806 4588 ἐαυτοῦ
1839 4531 1946 4586 ὅλοι

2066 4543 2126 4582 se
2159 4527 2432 4583 exsistens
2464 4529 2605 4583 Deus
2633 4543 2698 4583 ac
2720 4526 2907 4594 Pater,
2935 4529 3001 4583 ab
3037 4535 3261 4592 aeterno,
3292 4536 3346 4583 et
3374 4527 3491 4582 sine
3520 4541 3645 4596 pas-

384 4634 684 4708 ίσομέτρως
714 4636 903 4699 τετοκε
927 4631 1017 4687 τὸν
1045 4631 1193 4687 Υίόν.

452 4815 585 4866 KA'.
622 4814 687 4866 Εί
745 4812 896 4884 ἡμᾶς
952 4810 1196 4874 πλάσας,
1247 4780 1632 4874 αῦτεξουσίους
1696 4804 1838 4877 [152
1894 4801 1960 4876 α]

390 4902 669 4974 ἐποίησεν,
712 4906 896 4975 κρίσιν
943 4903 1131 4981 ὁρίσας
1175 4902 1268 4956 ἐπὶ
1310 4901 1450 4972 καλῇ
1489 4902 1582 4954 καὶ
1617 4900 1761 4969 κακῇ
1817 4896 1961 4966 πρά-

2067 4619 2220 4674 sione
2252 4633 2317 4673 ex
2346 4625 2461 4673 toto
2489 4618 2785 4689 semetipso
2829 4627 2999 4675 totum
3045 4620 3147 4675 sibi
3185 4619 3428 4690 perfecte
3457 4633 3643 4689 aequa-

2066 4711 2174 4767 Iem
2200 4711 2451 4780 genuerit
2491 4709 2728 4765 Filium?

2142 4802 2287 4859 XXI.
2327 4803 2385 4860 Si
2418 4818 2541 4858 cum
2588 4803 2760 4859 Filius
2810 4803 2926 4872 ipse
2990 4817 3087 4859 nos
3112 4803 3397 4869 formavit,
3426 4802 3645 4873 propria

2068 4896 2323 4952 libertate
2351 4895 2609 4966 praeditos
2638 4894 2780 4960 fecit,
2807 4893 3054 4965 judicare
3099 4910 3194 4950 nos
3226 4904 3470 4949 statuens
3488 4903 3646 4963 prout

387 4994 498 5061 ξει⁸
546 4995 664 5059 πῶς
706 4995 868 5058 αὐτὸς
918 4995 1018 5048 οὐκ
1064 4993 1177 5064 ἔχει
1225 4992 1404 5057 τοῦτο,
1445 4992 1473 5045 ὃ
1516 4991 1716 5045 ἔδωκεν
1746 4991 1881 5060 ἡμῖν
1934 4990 1946 5041 ἑ

2072 4990 2231 5045 bona;
2259 4998 2356 5045 aut
2387 4989 2544 5043 mals:
2593 4996 2793 5044 nostra:
2825 4987 3067 5042 actiones
3110 4985 3344 5054 fuerint;
3376 4985 3647 5055 quomodo

386 5083 531 5137 κατὰ
570 5083 668 5151 τὴν
715 5084 1055 5155 προφητείαν
1088 5081 1167 5137 ὢν
1209 5082 1376 5149 Θεὸς,
1422 5081 1673 5152 ἰσχυρὸς,
1721 5078 1966 5144 ἐξουσια-

391 5178 549 5246 στής·

461 5356 590 5410 KB'.
624 5357 689 5412 EI
745 5358 937 5421 πιστός
996 5357 1113 5410 ἐστι
1177 5356 1381 5428 Πέτρος
1437 5357 1495 5408 ἐν
1550 5356 1669 5418 ταῖς
1724 5354 1962 5425 Ηράξεσι

462 5492 575 5578 ίεὲίέὶ
617 5495 800 5578 Euan"
839 5495 966 5578 ρεξς.
996 5496 1107 5578 τίει
1130 5511 1192 5578 ¹¹ι
1226 5495 1314 5550 ιδ-

466 5558 751 5647 (ῗίψΩιιῖε
809 5567 1016 5647 similis.
1046 5565 1464 5647 _Psal._nxxxy,
1513 5562 1566 5618 ’1.
1616 5558 1830 5647 _Iliiblia
1866 5573 1971 5647 pro

388 5629 510 5698 τίς,
560 5629 613 5688 id
641 5629 726 5689 est
760 5654 779 5687 ι
808 5636 950 5705 quis,
980 5655 999 5689 ι
1045 5636 1241 5690 habent
1282 5632 1385 5705 οὐκ
1411 5633 1579 5696 ἐστιν,
1616 5629 1668 5683 id
1704 5637 1788 5683 est
1812 5646 1832 5679 ι
1863 5644 1967 5683 non

396 5713 554 5759 esui
592 5704 698 5761 Sed
732 5703 853 5760 vide
881 5706 1026 5761 Psal.
1051 5720 1317 5765 Lxxxmt,
1346 5703 1399 5759 7.

469 5772 583 5844 (δί)
626 5774 767 5828 Nam
803 5777 922 5830 etsi.
991 5777 1008 5829 I
1077 5775 1202 5829 Cor.
1262 5789 1380 5836 vm,
1414 5773 1466 5834 5,
1519 5770 1572 5826 6.
1624 5771 1833 5844 Sextus
1884 5779 1965 5823 ta-

400 5856 525 5898 men
559 5841 855 5903 Versiculus
881 5845 1036 5916 paqu
1065 5845 1222 5903 aliter
1250 5860 1309 5901 se
1339 5844 1499 5901 habet
1528 5844 1581 5898 in
1623 5841 1806 5898 Bibliis
1837 5854 1959 5905 cum

2075 5082 2193 5152 ipse
2214 5081 2267 5136 id
2300 5096 2406 5137 non
2432 5080 2618 5145 habet,
2661 5079 2806 5151 quod
2835 5078 2986 5134 dedit
3009 5077 3198 5134 nobis?
3231 5078 3366 5146 ipse,
3405 5078 3643 5148 inquam,

2072 5174 2163 5244 qui
2214 5173 2366 5243 juxta
2423 5172 2762 5243 prophetiam
2816 5180 2900 5226 est
2950 5169 3095 5226 Deus
3149 5169 3346 5236 fortis,
3400 5169 3645 5226 domina-

2072 5274 2155 5321 tor
2181 5263 2291 5335 (55)
2314 5264 2338 5319 'I

2140 5354 2311 5411 XXII.
2356 5354 2413 5410 Si
2447 5355 2552 5411 fide
2578 5356 2773 5427 dignus
2805 5365 2891 5412 est
2910 5354 3104 5411 Petrus
3132 5355 3187 5409 in
3215 5353 3367 5410 Actis
3382 5352 3646 5409 clamans:

2072 5487 2298 5555 Graecis,
2328 5498 2438 5543 tum
2462 5488 2690 5545 Latinis.

2141 5559 2255 5626 (55)
2296 5558 2530 5628 Legitur.
2572 5559 2733 5615 Hebr.
2761 5574 2800 5625 I,
2825 5560 2881 5613 2.
3334 5622 3354 5628 _
3386 5584 3395 5591 ι

2139 5622 2253 5697 (54)
2297 5622 2435 5683 Dens
2464 5629 2603 5697 apud
2648 5622 2835 5683 Deum.
2870 5628 3015 5697 Citat
3057 5640 3281 5682 sensum
3327 5622 3483 5681 Joau.
3513 5638 3554 5688 ι,
3582 5622 3639 5678 3.

2063 5766 2079 5823 Ι
2122 5698 2250 5825 ι(55)
2293 5698 2628 5756 Dominator.
2669 5697 2770 5754 ξω.
2802 5715 2879 5765 tx,
2908 5697 2963 5763 6,
2990 5696 3145 5767 juxta
3176 5697 3425 5754 Grecam
3470 5704 3645 5752 trans-

2086 5784 2113 5823 a
2142 5783 2341 5825 Ionem.
2906 5790 2917 5799 η

2086 5783 2341 5826 ιιιιοιιοιιι.
2906 5790 2917 5799 ‘
