4134 6410
501 341 610 397 795

1792 344 2031 407 DIDYMI
2063 351 2538 411 ALEXANDRINI

3672 362 3770 422 796

511 479 530 517 ε
560 460 699 518 liuic
733 473 925 516 omnes
951 459 1063 532 (56)
1091 460 1367 530 prophetae
1389 458 1759 516 testimonium
1782 464 2085 533 perhibent.

2199 467 2368 537 βοῶν·
2413 490 2430 521 ι
2458 469 2646 541 Τούτῳ
2675 470 2876 535 πάντες
2933 472 2982 526 oi
3046 472 3320 544 προφῆται
3385 476 3769 547 μαρτυροῦσιν,

504 547 886 607 remissionem
921 561 1271 621 peccatorum
1304 549 1553 619 accipere
1601 565 1696 620 per
1742 566 1939 607 nomen
1977 553 2095 621 ejus

502 659 720 698 Omnem
752 643 844 712 qui
873 643 1044 699 credit
1072 643 1126 697 in
1149 656 1310 707 eum;
1337 660 1356 692 ›
1392 656 1518 696 vere
1552 641 1714 708 igitur
1767 659 1831 698 ac
1877 629 2093 713 proprie

506 737 606 806 ipsi
629 737 883 791 convenit
900 735 1232 801 nomenboc,
1265 735 1457 797 «Deus,
1475 752 1492 785 ι
1512 745 1588 798 ει,
1609 751 1627 786 ι
1654 734 1826 790 Filius
1851 737 2094 806 unigeni-

502 836 593 884 tus
622 829 736 884 Dei.
765 848 784 880 ι
804 827 939 882 Nam
969 827 1013 880 si
1034 827 1172 880 falso
1204 837 1258 881 et
1282 826 1578 895 impmprie
1612 827 1664 882 id
1694 827 1744 882 ei
1773 843 1968 884 nomen
1997 829 2096 882 tri-

504 919 786 986 bueretur,
819 918 954 972 nihil
984 919 1157 986 ipsum
1179 916 1374 985 juvare
1424 926 1627 986 posset.

583 1010 775 1066 XXIII.
819 1009 877 1064 Si
917 1009 1186 1065 mendacii
1219 1023 1416 1077 expers
1470 1009 1614 1065 Deus
1659 1007 1773 1080 (qui
1822 1009 2094 1076 etiam,ut

504 1107 582 1160 ait
621 1119 780 1159 sacer
805 1103 1016 1159 Psaltes
1061 1102 1196 1174 (57),
1247 1101 1580 1156 mentientes
1611 1103 1811 1172 perdit)
1859 1118 1986 1157 vera
2017 1103 2095 1157 lo-

505 1196 712 1264 quitur,
741 1209 864 1249 cum
889 1195 1040 1263 apud
1065 1192 1396 1265 Theologum
1429 1192 1541 1264 (58)
1566 1192 1664 1260 ait,
1696 1213 1716 1246 ι
1739 1192 1930 1249 Omnia
1947 1209 2094 1264 quae-

507 1301 728 1356 cunque
756 1285 921 1341 habet
953 1285 1135 1353 Pater,
1165 1299 1285 1340 mea
1309 1293 1468 1351 sunt;
1495 1302 1514 1337 ›
1535 1293 1611 1353 et,
1635 1303 1658 1337 ι
1690 1284 1806 1340 Mea
1835 1293 1922 1338 tua
1943 1293 2088 1349 sunt,

506 1384 562 1428 et
596 1385 684 1428 tua
711 1389 828 1429 mea
852 1393 866 1430 :
889 1393 907 1424 ι
947 1375 1087 1429 Deus
1119 1386 1356 1428 aeternus
1391 1373 1635 1443 profecto
1669 1381 1752 1429 est
1797 1375 1960 1446 327
1991 1375 2094 1430 Do-

512 1468 715 1532 minus,
749 1483 850 1523 nec
877 1467 996 1538 ejus
1046 1480 1270 1537 regnum
1327 1465 1486 1522 linem
1527 1467 1710 1531 habet,
1759 1476 1814 1522 et
1863 1479 1946 1523 est
1981 1468 2094 1538 ipse

507 1557 691 1612 omnia
722 1571 1062 1628 quaecunque
1082 1565 1169 1611 est
1195 1555 1380 1620 Pater,
1412 1538 1659 1626 nihilqu'e
1692 1555 1759 1612 ab
1793 1572 1858 1613 eo
1894 1572 2092 1612 novum

505 1649 717 1719 accepit
742 1646 1318 1702 secundumidivinam
1384 1654 1636 1700 naturam
1675 1683 1690 1711 ,
1737 1646 1832 1702 sed
1879 1655 2091 1701 tantum

504 1740 802 1795 secundum
834 1739 978 1794 servi
1002 1739 1236 1794 formam
1272 1733 1545 1808 po'sterius
1569 1747 1924 1807 assumptam.
1951 1738 2094 1805 Qua-

2197 561 2390 630 ἄφεσιν
2428 563 2712 634 ἁμαρτιῶν
2767 564 2950 618 λαϐεῖν
3011 565 3100 620 διὰ
3147 566 3241 620 τοῦ
3298 568 3563 639 ὀνόματος
3607 571 3769 625 αὐτοῦ

2194 652 2370 705 πάντα
2407 652 2498 707 τὸν
2532 655 2860 709 πιστεύοντα
2907 657 2988 720 είς
3035 657 3196 710 αὐτόν
3220 675 3233 688 ·
3279 679 3296 710 ι
3325 660 3576 730 ἀληθινὸν
3601 661 3769 732 ὄνομα

2193 743 2306 815 ἔχει
2333 744 2414 811 τὸ,
2434 764 2451 796 t
2473 747 2501 799 6
2531 745 2684 810 Θεὸς,
2714 766 2732 798 ι
2759 747 2876 811 καὶ,
2918 767 2936 800 t
2965 748 3091 812 Υἱὸς
3116 751 3412 822 μονογενὴς
3441 751 3535 805 τοῦ
3552 752 3688 806 Θεοῦ
3709 747 3758 806 οἰ

2189 835 2541 908 ψευδώνυμον
2568 837 2676 910 γὰρ
2698 838 2849 892 οὐδὲν
2875 837 3134 910 ὀνίνησιν.

2264 1012 2393 1070 Kl".
2432 1016 2497 1069 Ei
2522 1015 2778 1086 ἀληθεύει
2807 1019 2836 1070 ό
2864 1016 3102 1089 ἀψευδὴς
3130 1017 3281 1083 Θεὸς,
3313 1020 3343 1072 6
3372 1020 3466 1074 καὶ
3490 1021 3614 1085 τοὺς
3639 1021 3756 1091 ψευο

2191 1104 2448 1176 δομένους
2495 1104 2801 1173 ἀπολλύων,
2848 1106 2924 1170 ὡς
2953 1108 2982 1159 6
3013 1107 3357 1179 Ἰεροψάλτης
3402 1108 3575 1178 λέγει,
3620 1112 3773 1180 παρὰ

2192 1195 2270 1268 τῷ
2289 1195 2536 1266 Θεολόγῳ
2561 1195 2760 1250 εἰπών·
2796 1215 2814 1248 ι
2839 1197 3024 1251 Πάντα
3065 1199 3166 1254 ὅσα
3206 1199 3320 1271 ἔχει
3355 1203 3384 1254 6
3423 1201 3632 1272 Πατὴρ,
3666 1203 3772 1274 ἐμά

2192 1291 2374 1343 ἐστιν·
2400 1309 2420 1342 ι
2456 1288 2572 1353 καὶ,
2610 1309 2628 1340 ι
2655 1290 2736 1344 Τὰ
2769 1290 2877 1362 ἐμὰ
2910 1291 2978 1345 σὰ
3021 1292 3190 1358 ἐστιν,
3229 1293 3322 1347 καὶ
3365 1293 3434 1347 τὰ
3463 1294 3530 1348 σὰ
3575 1295 3715 1364 ἐμά·
3746 1317 3766 1346 ρ

2192 1381 2325 1446 Θεός
2353 1383 2501 1436 ἐστιν
2547 1383 2782 1456 ἄναρχος
2811 1383 3037 1456 Κύριος.
3095 1379 3156 1440 οὗ
3188 1387 3221 1456 ἡ
3271 1385 3518 1455 βασιλεία
3549 1387 3772 1442 ἀτελεύ-

2190 1492 2374 1547 τητος,
2405 1476 2499 1529 καὶ
2544 1475 2745 1538 πάντα,
2787 1476 2888 1529 ὅσα
2915 1477 3063 1529 ἐστὶν
3097 1478 3126 1530 6
3164 1476 3377 1549 Πατὴρ,
3408 1478 3557 1532 οὐδὲν
3593 1477 3781 1537 λαϐὼν.

2192 1569 2323 1638 παρ’
2357 1566 2520 1623 αὑτοῦ
2567 1567 2709 1623 κατὰ
2748 1567 2848 1640 τὴν
2886 1568 3038 1622 θείαν
3085 1569 3270 1637 φύσιν,
3316 1568 3454 1623 ἀλλὰ
3487 1569 3628 1630 κατὰ
3672 1571 3773 1642 τὴν

2194 1660 2419 1730 ὕστερον
2441 1660 2536 1715 τοῦ
2559 1659 2746 1715 δούλου
2789 1661 3025 1734 μορφήν.
3057 1655 3160 1716 Οἷα
3191 1660 3248 1714 δὲ
3278 1661 3406 1733 περί
3431 1677 3492 1714 τε
3521 1661 3623 1730 τῆς
3662 1661 3783 1717 ἄνω

2195 1752 2283 1806 ἀεὶ
2310 1751 2620 1825 κρατούσης
2655 1751 2935 1824 ἀληθείας,
2967 1752 3097 1823 περί
3125 1769 3182 1805 τε
3211 1752 3312 1822 τῆς
3330 1752 3486 1830 ὶκὰτω
3512 1752 3613 1806 οὐκ
3640 1752 3772 1824 ἀλη-

505 1831 577 1883 Iia
611 1842 741 1884 vero
763 1843 886 1884 cum
922 1827 990 1883 de
1037 1826 1250 1882 caelesti
1309 1841 1530 1896 semper
1583 1826 1896 1903 dominante
1947 1828 2085 1882 veri-

2194 1842 2344 1906 θείας
2369 1840 2700 1912 ἐφθέγξαντο
2727 1844 2824 1897 καὶ
2847 1841 3129 1914 Ἕλληνες,
3154 1826 3454 1914 ὲπαῖωμεν·

506 1928 636 1984 tate,
704 1927 818 1973 tum
871 1918 939 1972 de
1002 1925 1216 1972 terrena
1281 1932 1389 1971 non
1425 1914 1654 1972 veritate
1685 1917 2094 1986 pronuntiarint

502 2011 669 2068 etiam
709 2009 911 2076 Graeci,
941 2009 1227 2064 audiamus
1248 2007 1398 2080 (59):

502 2101 769 2157 Meudacii
806 2115 990 2168 expers
1029 2107 1109 2154 est
1161 2100 1340 2171 magni
1398 2096 1494 2152 Dei
1527 2114 1711 2162 mens;
1770 2100 1828 2153 in
1891 2109 2091 2154 morta-

1698 2169 1856 2222 liibus
1891 2186 2005 2222 vero

502 2238 645 2306 Eos,
699 2240 788 2310 qui
853 2240 1211 2302 mentiuntur,
1281 2237 1583 2310 molestiw__
1615 2169 2005 2310 inﬁmi?”
2039 2249 2088 2292 et

1183 2377 1190 2386 ,
1541 2307 1860 2380 [infortunia
1875 2307 2008 2379 (60).

572 2399 764 2456 XXIV.
803 2402 858 2456 Si
891 2400 1131 2456 omnium
1175 2401 1348 2458 haeres
1383 2402 1708 2457 constitutus
1735 2409 1837 2464 est,
1876 2416 1980 2454 non
2009 2409 2092 2456 est

500 2509 713 2558 servus,
746 2494 838 2550 sed
889 2494 1160 2563 genuinus
1201 2493 1390 2548 Filius.
1424 2493 1576 2562 Quod
1615 2493 1660 2546 si
1703 2507 1810 2547 non
1847 2501 1929 2548 est
1969 2507 2090 2548 ser-

499 2597 623 2652 vus;
663 2586 760 2641 sed
807 2583 995 2651 Filius,
1037 2593 1275 2640 aeternus
1314 2583 1458 2638 Deus
1505 2593 1610 2638 est.
1664 2581 1800 2636 Nam
1850 2585 2085 2652 primum

499 2679 716 2750 quidem
759 2677 902 2732 [ilius
939 2686 1255 2747 generatur,
1292 2691 1399 2733 non
1436 2685 1689 2740 creatur;
1731 2674 1926 2730 deinde
1961 2691 2089 2731 vero

498 2771 566 2826 de
600 2771 687 2834 iis,
732 2785 854 2840 quae
892 2777 1096 2832 creata,
1142 2778 1306 2837 atque
1353 2768 1405 2820 in
1464 2774 1708 2835 tempore
1765 2765 2086 2820 essistentia

501 2869 649 2924 sunt,
685 2863 952 2930 scriptum
982 2868 1066 2914 est
1101 2876 1114 2912 :
1158 2877 1178 2911 ι
1214 2857 1407 2913 Omnia
1427 2855 1537 2927 (6|)
1571 2869 1730 2913 serva
1773 2864 1862 2908 tua
1908 2850 2084 2910 sunti

501 2952 642 3023 (seu,
672 2953 916 3004 serviunt
953 2946 1098 3017 tibi).

571 3039 740 3096 XXV.
783 3040 841 3094 Si
882 3047 942 3093 ut
978 3053 1091 3092 rem
1127 3051 1378 3107 magnam
1439 3036 1653 3108 (revera
1693 3038 1839 3094 enim
1891 3051 2086 3107 magna

2203 2106 2496 2177 Ἀψευδὴς
2519 2108 2807 2179 μεγάλοιο
2837 2109 2986 2164 Θεοῦ
3018 2109 3191 2176 νόος’
3221 2108 3293 2164 ἐν
3319 2108 3387 2163 δὲ
3408 2109 3687 2178 βροτοῖσι
3713 2175 3716 2178 ἢ

2266 2241 2666 2312 Ψευδομένοις
2696 2241 2933 2312 χαλεπὰ
2965 2242 3172 2297 ὤπασε
3200 2243 3559 2313 δυσμοραπα
3571 2245 3625 2298 θ.

2261 2402 2387 2456 ΚΔ¹.
2418 2401 2482 2454 Εἰ
2522 2399 2858 2473 κληρονόμος
2893 2401 3109 2455 πάντων
3153 2401 3518 2470 καθέστηκεν,
3549 2399 3612 2454 ού
3640 2399 3774 2456 δοῦ-ι

2188 2492 2298 2558 λος,
2327 2491 2464 2546 ἀλλὰ
2499 2493 2722 2562 γνήσιος
2751 2493 2897 2557 Υἱός.
2928 2495 2990 2546 Ei
3022 2494 3080 2547 δὲ
3118 2491 3194 2564 μὴ
3228 2491 3432 2556 δοῦλος,
3477 2490 3592 2544 ἀλλ’
3620 2491 3771 2557 Υἱὸς,

2188 2583 2320 2647 Θεός
2359 2585 2507 2636 ἐστιν
2552 2582 2808 2654 ἄναρχος.
2839 2583 2968 2646 Υἱὸς
3008 2582 3118 2654 γὰρ
3165 2583 3444 2652 γεννᾶται,
3487 2582 3547 2636 οὐ
3595 2581 3772 2647 κτίζε-η

2185 2690 2312 2728 ται·
2351 2673 2448 2727 καὶ
2487 2674 2617 2743 περὶ
2647 2673 2757 2725 τῶν
2806 2672 3039 2726 κτιστῶν
3074 2673 3168 2726 καὶ
3201 2673 3305 2727 ὑπὸ
3341 2673 3532 2744 χρόνον
3569 2673 3770 2746 γέγρα-

2189 2783 2321 2820 πται
2340 2781 2355 2796 ο
2391 2782 2410 2816 t
2442 2764 2525 2818 Τὰ
2552 2763 2844 2836 σύμπαντα
2871 2763 3038 2818 δοῦλα
3067 2765 3154 2819 σά.
3177 2784 3198 2818 s

2262 3037 2388 3090 ΚΒ.
2429 3038 2493 3091 Εἰ
2525 3037 2602 3102 ὡς
2633 3038 2776 3110 μέγα
2805 3039 2918 3110 (καὶ
2943 3040 3052 3112 γάρ
3077 3042 3224 3095 ἐστιν
3256 3041 3472 3115 ἀληθῶς
3505 3043 3646 3114 μέγα
3678 3047 3778 3099 καὶ·

499 3143 607 3200 est,
637 3148 702 3188 ac
743 3133 912 3188 solius
949 3130 1042 3184 Dei
1084 3126 1330 3202 propria)
1363 3129 1429 3184 de
1472 3129 1634 3185 Patre
1670 3129 1806 3185 dixit
1839 3128 2037 3183 Paulus
2068 3145 2084 3181 :

2195 3127 2357 3198 μόνου
2405 3128 2566 3198 Θεοῦ)
2613 3130 2743 3202 περὶ
2791 3130 3006 3203 Πατρὸς
3035 3126 3190 3186 εἶπεν
3224 3133 3470 3199 Παῦλος·
3511 3152 3530 3186 t
3575 3135 3634 3188 '0
3677 3136 3780 3188 ἐπὶ-

509 3245 530 3279 s
558 3224 660 3292 Qui
721 3233 805 3281 est
829 3223 942 3295 (62)
995 3237 1160 3292 super
1209 3221 1413 3286 omnia,
1456 3229 1511 3275 et
1560 3235 1657 3291 per
1700 3222 1903 3288 omnia,
1939 3229 1994 3276 et
2031 3219 2084 3275 in

2193 3220 2430 3287 πάντων,
2461 3222 2557 3276 καὶ
2598 3221 2694 3275 διὰ
2721 3222 2962 3287 πάντων,
2994 3223 3089 3277 καὶ
3119 3223 3179 3278 ὲν
3218 3225 3384 3278 πᾶσιν
3402 3241 3418 3257 ·
3450 3244 3470 3277 ι
3499 3225 3569 3279 τὰ
3595 3226 3654 3280 δὲ
3679 3225 3782 3282 ἴσαν

500 3317 790 3382 omnibus;
829 3334 848 3367 ι
893 3313 1124 3382 aequalia
1155 3326 1288 3368 vero
1334 3311 1475 3366 idem
1523 3312 1814 3384 Apostolus
1852 3313 1920 3369 de
1949 3310 2088 3366 Filio

501 3410 725 3480 scripsit
758 3427 771 3464 :
808 3429 827 3461 ι
869 3408 949 3464 Ex
1000 3407 1200 3477 quibus
1219 3406 1332 3478 (63)
1369 3415 1454 3462 est
1493 3405 1741 3463 Christus
1790 3406 2084 3463 secundum

499 3519 742 3570 carnem,
788 3502 880 3572 qui
935 3509 1022 3556 est
1060 3513 1227 3569 super
1262 3499 1447 3554 omnia
1498 3498 1636 3554 Deus
1672 3499 1991 3557 benedictus
2032 3499 2086 3552 in

499 3595 717 3652 saacula.
771 3595 978 3660 Amen;
1011 3612 1032 3645 ›
1083 3593 1318 3662 Itemque
1365 3591 1737 3663 evangelista,
1788 3606 1909 3648 eum
1967 3592 2085 3649 ait:

505 3707 524 3740 ι
555 3687 654 3755 Qui
684 3688 967 3743 desursum
987 3681 1100 3756 (64)
1129 3683 1299 3751 venit,
1319 3698 1483 3754 supra
1510 3685 1691 3739 omnia
1722 3693 1805 3740 est
1832 3703 1848 3740 :
1883 3704 1904 3735 ι
1940 3684 2084 3738 nulla

498 3791 628 3846 ergo
662 3775 716 3830 in
751 3789 811 3830 re
848 3789 879 3828 a
927 3774 1090 3830 Patre
1139 3775 1419 3846 discrepat
1459 3773 1652 3840 Filius,
1703 3789 1805 3831 nec
1842 3776 1959 3847 ipso
1999 3775 2086 3830 in-

499 3868 668 3922 ferior
717 3877 801 3922 est
828 3866 968 3938 (65).
1007 3866 1181 3935 Quam
1219 3867 1306 3937 pie
1353 3882 1483 3923 vero
1543 3868 1617 3923 de
1653 3868 1805 3924 hisce
1846 3868 2086 3924 sentiant

499 3958 812 4013 Graecorum
839 3957 1100 4028 theologi,
1122 3958 1213 4028 qui
1246 3957 1412 4012 multa
1443 3959 1755 4024 audierunt,
1777 3974 1883 4014 non
1913 3973 2082 4028 pauca

500 4048 766 4120 legerunt,
799 4063 864 4104 ac
891 4049 1126 4120 plurima
1149 4047 1423 4114 viderunt,
1450 4049 1719 4118 inspicere
1757 4064 1938 4120 opera:
1961 4063 2083 4118 pre-

499 4139 634 4194 tium
668 4149 768 4193 esl.
797 4139 962 4194 Aiunt
993 4138 1177 4194 enim:

499 4228 690 4284 Omnia
742 4229 852 4286 Deo
890 4231 1044 4301 plena
1096 4243 1215 4286 sunt
1246 4229 1400 4301 (66);
1443 4231 1674 4284 omnium
1710 4229 1833 4312 linis
1858 4239 1988 4311 test,
2029 4241 2080 4286 et

1746 4301 1958 4355 initium
1987 4319 2004 4354 :

497 4367 692 4425 Omnia
727 4371 924 4439 ferens,
951 4379 1001 4426 et
1048 4371 1272 4436 solvens,
1320 4381 1368 4425 et
1412 4389 1477 4429 ea:
1513 4300 1742 4443 ipsismelt
1764 4387 1980 4512 [rursus
2018 4387 2081 4426 ea

1788 4458 2002 4512 augens.

1788 4458 2002 4512 augens.

2189 3314 2353 3377 αὐτὸς
2387 3315 2515 3386 περὶ
2545 3314 2638 3368 τοῦ
2671 3313 2800 3368 Υίοῦ
2831 3314 3140 3388 γέγραφενο
3175 3333 3194 3368 t
3235 3315 3326 3383 Ἐξ
3347 3309 3423 3370 ὧν
3462 3318 3491 3370 ό
3531 3317 3765 3390 Χριστὸς

2189 3404 2316 3478 [152
2339 3405 2394 3479 b]
2419 3407 2479 3459 τὸ
2499 3406 2640 3460 κατὰ
2663 3406 2862 3478 σάρκα,
2887 3410 2915 3461 ό
2935 3407 3010 3461 ὣν
3027 3409 3120 3462 ἐπὶ
3142 3409 3360 3464 πάντωνΔ
3377 3409 3509 3472 Θεὸς
3529 3408 3766 3480 εὐλογης

2186 3495 2279 3560 τὸς
2316 3497 2397 3561 είς
2427 3498 2554 3560 τοὺς
2599 3496 2822 3560 αἰῶνας.
2863 3497 3067 3569 ’Δμήνο
3105 3517 3123 3550 ι
3159 3499 3254 3552 καὶ
3303 3500 3331 3552 ό
3371 3496 3764 3570 εὑαγγελιστής

2191 3603 2358 3658 φησιν
2376 3604 2390 3617 ·
2413 3605 2432 3639 t
2473 3587 2532 3640 '0
2553 3588 2845 3658 ἐρχόμενος
2863 3587 3090 3653 ἄνωθεν,
3108 3589 3292 3644 ὲπάνω
3312 3589 3527 3646 πάντων
3542 3588 3708 3643 ἐστίν’
3739 3608 3767 3642 ιλ

2186 3680 2287 3732 ούκ
2343 3679 2653 3750 ἀφέστηκεν
2689 3679 2747 3733 ἔν
2793 3697 2932 3746 τινι,
2983 3680 3092 3734 οὐδ’
3149 3681 3342 3738 ἀποδεῖ
3387 3682 3482 3737 τοῦ
3531 3683 3764 3756 Πατρός.

2189 3758 2377 3834 "Otia;
2409 3771 2466 3823 δὲ
2495 3770 2741 3835 εὐλαϐῶς
2774 3771 2957 3841 έχουσι
2996 3773 3125 3847 περὶ
3161 3773 3367 3828 τούτων
3407 3777 3458 3830 οι
3496 3775 3765 3847 Ἐλλήνων

2185 3860 2446 3930 θεολόγοι,
2473 3861 2525 3914 οἱ
2558 3862 2727 3916 πολλὰ
2764 3865 2862 3935 μὲν
2903 3865 3258 3932 ἀκούσαντες,
3295 3867 3396 3920 οὐκ
3435 3865 3594 3935 ὀλίγα
3639 3868 3775 3921 ἀνα-.

2183 3955 2406 4024 γνόντες
2428 3995 2443 4021 ,
2506 3957 2814 4027 ἑωρακότες
2871 3957 2928 4012 δὲ
2986 3958 3080 4012 καὶ
3137 3958 3395 4026 πλεῖστα,
3447 3961 3764 4013 ἐπισκοπεῖν

2183 4046 2352 4112 ἄξιον.
2380 4048 2654 4102 Φάσκουσι
2687 4048 2798 4121 γάρ
2815 4065 2829 4079 ο

2179 4227 2384 4281 Πάντα
2433 4228 2580 4282 Θεοῦ
2646 4228 2847 4298 πλήρη
2867 4270 2881 4294 ,
2943 4228 3185 4284 πάντων
3228 4227 3413 4298 πέρας
3469 4227 3602 4315 ἐστὶ
3636 4228 3764 4315 ’καὶ

2179 4366 2384 4422 Πάντα
2434 4367 2632 4437 φέρων
2667 4408 2682 4434 ,
2741 4369 2908 4422 λύων
2949 4384 3012 4421 τε
3062 4368 3160 4420 καί
3201 4368 3270 4432 ἐξ
3323 4297 3763 4509 αὐτῖὂῗὲἔέἂιν

3459 4453 3497 4489 α
3582 4456 3686 4493 ων.

3459 4453 3686 4493 autem

572 4530 763 4586 XXVI.
794 4533 852 4587 Si
893 4531 1013 4588 Filii
1060 4535 1330 4605 propriam
1379 4550 1500 4592 esse
1549 4544 1855 4592 creaturam
1892 4535 2078 4589 dicunt

2253 4529 2399 4597 KG’.
2435 4530 2498 4582 Ei
2523 4529 2616 4583 τοῦ
2657 4527 2789 4581 Υἱοῦ
2820 4530 2853 4598 ἡ
2888 4527 3062 4591 κτίσις
3093 4527 3199 4586 ἰδία
3228 4528 3538 4600 γέγραπται
3577 4529 3760 4600 (φησὶν

496 4620 825 4691 Scriptum;
861 4623 1016 4678 aiunt
1062 4623 1208 4679 enim
1239 4643 1254 4681 :
1295 4643 1315 4678 ι
1350 4625 1407 4681 In
1450 4625 1670 4697 propria
1696 4626 1808 4697 (6‘7)
1845 4626 2020 4692 venit;
2054 4642 2073 4678 ι

567 4825 682 4898 (56)
724 4826 863 4898 Huic
901 4843 1101 4898 omnes.
1125 4827 1249 4898 Act.
1279 4844 1335 4895 χ,
1365 4829 1455 4884 45.

567 4896 679 4968 (57)
724 4897 954 4968 ἕζεαιεεε.
989 4897 1129 4968 Psal.
1160 4896 1219 4966 γ,
1245 4902 1278 4953 6
1312 4901 1429 4966 (seu
1466 4897 1542 4968 7).

568 4964 679 5038 (58)
723 4967 1061 5038 Tlteologum.
1097 4964 1253 5038 Joan.
1281 4964 1389 5032 va,
1427 4964 1573 5024 I5'et
1601 4983 1732 5031 xvu,
1764 4966 1850 5023 10.

565 5037 679 5108 (59)
719 5037 1034 5093 Audiamus.
1091 5037 1307 5104 Codex,
1357 5038 1644 5110 ἐπαίομεν.
1709 5039 1858 5109 Lego
1903 5039 2072 5093 ἐπαΐ-

489 5124 661 5161 ωηεν.

719 5175 1052 5249 Infortunia.
1085 5179 1370 5235 Librarius
1398 5179 1520 5234 sine
1556 5187 1784 5235 accentu
1827 5179 2069 5249 scripsit,

492 5245 874 5328 δυσμοραπαθ.
909 5247 1106 5331 vocem
1158 5267 1289 5331 vero
1321 5249 1538 5331 χαλεπά
1589 5245 1976 5331 itaexaravit',
2012 5258 2073 5303 ut

497 5318 710 5393 nescias
741 5333 812 5371 an
857 5321 1099 5393 scribere
1133 5318 1364 5393 voluerit
1409 5320 1645 5393 χαλεπά,
1680 5320 1732 5393 id
1772 5329 1914 5393 εει-ς
1945 5334 2065 5393 uto-

496 5383 657 5466 lcsta,
684 5406 702 5439 ›
746 5404 813 5442 an
851 5391 1244 5466 γετοῄχαλεπᾷ,
1275 5390 1328 5445 id
1361 5383 1444 5445 est
1489 5383 1827 5466 χαλεπαίνει.
1868 5388 2070 5466 Medica

497 5459 686 5530 itaque
712 5473 872 5530 manu
905 5459 1110 5530 indiget
1141 5464 1229 5516 Inc
1255 5459 1610 5525 versus;’sed
1644 5473 1879 5530 quonam
1913 5459 2073 5530 modo

496 5523 756 5593 legendus
800 5528 899 5599 sit,
949 5523 1197 5586 divinare
1244 5523 1470 5584 dillicile'
1507 5539 1610 5585 est.
1653 5523 1766 5599 Ego
1809 5543 1931 5583 cum
1978 5528 2072 5581 ali-

497 5608 658 5660 quam
685 5598 904 5653 tandem
937 5599 1224 5656 lectionem
1251 5599 1503 5669 amplecti
1531 5598 1775 5667 cogerer,
1803 5599 1882 5652 sic
1907 5608 2076 5650 trans-

498 5661 630 5734 tuli,
678 5667 832 5734 quasi
885 5667 1116 5734 legerem
1158 5684 1173 5722 :
1217 5669 1569 5734 ψευδομένοις
1620 5667 1835 5734 χαλεπὰ
1887 5667 2073 5720 ὤπασε

615 5703 630 5727 s
678 5684 832 5732 quast
885 5684 1116 5732 legerem
1158 5684 1173 5722 ε
1217 5684 1569 5732 ψευοομενοις
1620 5684 1835 5732 χαλεπα
1887 5685 2010 5720 ωπα

500 5684 630 5727 tu".
678 5684 832 5734 quasi
885 5684 1116 5736 legerem
1158 5684 1173 5722 :
1217 5684 1569 5740 ψευοομενοις
1620 5684 1835 5740 χαλεπα
1887 5684 2073 5720 ωπασε

500 5728 753 5808 ῥύσμορὰ
781 5751 865 5808 τε..
897 5737 1216 5808 Suspicatus
1248 5750 1444 5792 'tamen
1475 5741 1640 5793 etiam
1673 5756 1790 5793 sum
1825 5753 1921 5808 pro
1947 5736 2076 5806 ψευ-

495 5799 737 5870 δομένόις
763 5843 779 5869 ο
839 5805 938 5872 legi
985 5799 1140 5874 posse
1186 5807 1539 5878 ψευδόμενος,
1587 5817 1644 5863 ut
1695 5799 1977 5865 rcicfatttr'
2007 5811 2072 5862 ud

2187 4621 2326 4693 γάρ·
2365 4639 2384 4671 ι
2415 4622 2510 4684 Είς
2558 4621 2626 4675 τὰ
2671 4622 2780 4676 ἴδια
2823 4619 3013 4694 ἦλθεν·
3047 4641 3065 4674 ι
3104 4622 3198 4676 καὶ
3241 4621 3438 4676 πάλινο
3485 4639 3505 4673 s
3529 4621 3609 4673 Τὰ
3649 4620 3759 4692 ἐμὰ

2182 4843 2380 4884 nomen
2417 4828 2583 4900 λνόος,
2634 4837 2690 4881 at
2735 4829 3254 4900 proaucpopanai),
3297 4829 3430 4900 quid
3477 4828 3757 4900 legendum

2179 4900 2272 4962 sit,
2307 4897 2582 4968 conjicere
2618 4914 2724 4951 non
2773 4898 2945 4964 valeo,
2980 4897 3085 4954 nisi
3121 4901 3207 4954 cui
3258 4897 3468 4968 placeat
3511 4897 3758 4971 δύσμορα

2179 4971 2309 5021 πᾶν.
2341 4967 2442 5021 Alii
2479 4969 2702 5021 meliora
2735 4967 2976 5021 all'erent.

2178 4983 2309 5023 παν.
2341 4983 2442 5021 Alll
2479 4983 2702 5022 mEIIOI‘a
2735 4983 2976 5021 auerent.

2249 5037 2361 5110 (iii)
2403 5036 2615 5110 Quinia.
2647 5036 2789 5110 Paul.
2817 5038 3126 5110 culmi”.

2272 5106 2362 5176 62)
2405 5108 2509 5171 Qui
2533 5117 2630 5160 est.
2665 5106 2865 5176 Ephes.
2891 5122 2966 5173 tv,
2995 5108 3048 5162 6.

2271 5175 2359 5248 65)
2405 5177 2487 5248 Ilia:
2527 5178 2734 5248 quibus.
2770 5175 2925 5248 Rom.
2957 5195 3034 5243 is,
3061 5177 3116 5232 5.

2272 5245 2364 5312 64)
2403 5245 2507 5310 Qui
2537 5247 2833 5299 desursum.
2866 5245 3025 5304 Jouu.
3055 5261 3138 5312 Ill,
3169 5247 3260 5302 31.

2176 5315 2361 5442 61(65)
2401 5316 2636 5385 Inferior
2683 5326 2775 5370 est.
2834 5315 3013 5374 Codex
3047 5357 3063 5385 ,
3103 5319 3342 5374 ἀποδεεί.
3419 5319 3564 5390 Lego
3615 5321 3750 5374 ἁπο-

2252 5459 2365 5527 (66)
2411 5456 2604 5513 Omnia
2637 5455 2748 5510 Deo
2782 5457 2934 5526 plena
2963 5472 3104 5517 sunt.
3141 5460 3550 5516 Hemistichium
3591 5461 3758 5514 hocce

2183 5527 2377 5601 legitur
2405 5528 2568 5601 etiam
2614 5528 2753 5596 apud
2801 5527 3161 5601 Porphyrium
3194 5551 3206 5587 :
3239 5532 3396 5601 affert
3444 5533 3588 5585 enim
3636 5531 3756 5601 ipse

2180 5598 2320 5672 hunc
2346 5597 2554 5672 oraculi
2599 5612 2811 5672 versum
2853 5615 2867 5652 :
2906 5597 3091 5654 Πόίντα
3135 5601 3270 5655 Θεοῦ
3319 5600 3536 5672 πλήρη·
3576 5597 3754 5669 πάντη

2176 5667 2307 5730 Θεός
2342 5668 2458 5743 ἐστι
2490 5667 2746 5743 (ιι-ανήθηζ
2762 5669 2814 5743 id
2846 5681 2948 5734 est,
2981 5693 3000 5722 ι
3030 5673 3220 5728 Omnia
3253 5667 3544 5743 plena'Déo
3569 5688 3582 5726 :
3604 5667 3758 5724 nam;

2177 5752 2280 5806 que
2303 5747 2387 5791 est
2417 5739 2460 5792 is
2491 5738 2686 5806 ubique
2717 5738 3012 5796 Phanethe.
3055 5762 3074 5792 ι

2251 5808 2365 5880 (67)
2408 5806 2472 5860 In
2499 5811 2731 5876 propria.
2761 5807 2913 5865 Joun.
2949 5828 2984 5879 I,
3017 5813 3097 5865 II.
