4134 6412
254 418 354 475 797

1360 403 1446 458 DE
1486 399 1861 474 TRINITATE
1901 398 2106 455 LIBER
2144 395 2470 453 TERTIUS.

3432 391 3537 448 798

248 529 506 603 πρόϐατα
557 525 657 596 τῆς
689 521 830 594 ὲμῆς
878 519 1065 589 φωνῆς
1113 514 1333 570 ἀκούει·
1362 534 1380 567 ι
1421 516 1515 569 καὶ
1565 515 1701 585 πρὸς
1745 513 1837 567 τὸν

1952 522 1995 567 ει
2029 526 2261 566 rursus:
2297 529 2314 560 ι
2335 507 2474 564 Oves
2492 503 2605 576 (68)
2635 518 2768 559 meae
2801 516 2991 560 vocem
3023 515 3198 558 meam
3228 503 3488 572 audiunt;
3511 523 3532 559 ι

251 625 459 692 Πέτρον
478 636 491 649 ·
539 636 556 669 ι
584 615 676 668 Σοὶ
702 612 858 666 δώσω
889 611 987 676 τὰς
1014 612 1161 674 κλεῖς
1193 608 1303 662 τῶν
1349 607 1594 679 οὐρανῶν
1617 605 1685 677 ι),
1723 621 1840 658 κτι-

251 713 363 785 στῷ
391 711 447 764 δὲ
485 708 584 778 ούχ
623 705 861 776 ὑπάρχει
899 703 960 757 τὸ
988 703 1094 757 ἴδια
1125 696 1264 755 εῖναι
1300 700 1451 772 πάσῃ
1481 702 1548 772 τῇ
1577 697 1698 768 θείᾳ
1728 697 1845 750 κτί-

251 822 356 868 σει,
399 802 433 874 ἦ
474 798 724 867 ἐξουσίαν
772 794 974 849 διδόναι
1033 792 1280 866 οὐρανῶν
1333 790 1624 858 ἀνοίξεωςλ,
1676 789 1845 861 ἡγουν

254 895 431 962 λέγειν
486 887 647 942 τοῦτο
696 883 1025 948 ἀκινδύνως·
1066 879 1482 936 συνδεσποτεύει
1531 878 1606 950 τῷ
1649 893 1846 931 παντο-

225 966 238 982 ’
259 985 481 1057 κράτορι-
512 980 678 1035 αὐτοῦ
708 977 905 1050 Πατρί.

326 1164 452 1216 KZ’.
487 1160 552 1214 EI
581 1161 610 1213 6
645 1157 913 1220 ἀθάνατος
943 1155 1005 1209 ού
1036 1154 1309 1226 κρείσσων
1345 1149 1442 1204 τοῦ
1473 1149 1611 1204 Θεοῦ
1644 1149 1839 1218 Λόγου,

254 1256 352 1310 καὶ⁵
385 1256 433 1306 εί
467 1250 592 1306 οῦτε
623 1249 776 1315 Θεὸς,
807 1247 932 1302 οὔτε
961 1247 1168 1318 ἄψυχος
1202 1244 1338 1317 σὰρξ
1379 1243 1552 1298 δεῖταί
1601 1260 1686 1296 πω
1722 1259 1848 1314 τρο-

255 1348 384 1417 φῆς,
413 1345 446 1415 ἢ
478 1343 649 1398 ὕπνου
669 1359 683 1372 ·
716 1342 816 1394 οὐκ
862 1340 971 1412 ἄρα
1003 1338 1092 1392 διὰ
1122 1337 1303 1408 ψυχῆς
1343 1338 1376 1407 ἡ
1408 1336 1647 1408 ἄῤῥητος
1694 1335 1847 1387 ἐναν-

256 1436 562 1508 Θρώπησις,
594 1431 718 1486 οὔτε
772 1431 878 1503 μὴν
929 1429 1305 1502 ὲπιγραπτέονέ
1337 1430 1402 1500 τῇ
1434 1427 1647 1497 θεότητι
1695 1425 1843 1494 ἀγω-

254 1529 397 1593 νίαν,
443 1527 536 1580 καὶ
579 1525 786 1597 τροφῆς
836 1523 1044 1593 ἔφεσιν,
1095 1523 1190 1576 καὶ
1240 1520 1429 1584 ὕπνον,
1475 1521 1570 1573 καὶ
1616 1519 1685 1571 τὰ
1731 1534 1844 1571 τοι·

257 1636 422 1673 αυτα.

331 1712 468 1764 KH'.
510 1709 594 1773 Et,
625 1706 769 1762 καθὰ
803 1705 1141 1777 γέγραπται,
1185 1705 1252 1758 ὲκ
1301 1701 1490 1768 δεξιῶν
1541 1698 1844 1772 συνεδρεύει

257 1803 338 1875 τῷ
382 1803 577 1874 ﬂat-cpi,
605 1801 679 1865 ὡς
710 1798 962 1872 ἀληθινὸς
992 1798 1086 1852 καὶ
1118 1797 1360 1868 ἰσότιμος
1389 1781 1540 1860 Θεὸς,
1589 1796 1686 1847 καὶ
1713 1793 1844 1855 Υἱὸς

1951 621 2016 660 ac
2041 604 2085 658 si
2120 603 2282 658 Petro
2306 602 2420 671 ipse
2448 599 2580 654 dicit
2605 616 2618 652 :
2662 616 2680 648 ι
2701 595 2820 652 Tibi
2841 596 2953 668 (69)
2988 597 3127 652 dabo
3151 597 3332 652 claves
3365 598 3536 653 coelo-

1953 711 2103 763 rum;
2139 713 2158 747 ι
2199 702 2466 749 creaturae
2494 689 2663 762 328
2683 702 2813 744 vero
2843 704 2947 743 non
2981 689 3234 749 convenit
3277 687 3436 742 ullam
3469 704 3533 744 ex

1952 785 2044 844 Dei
2089 782 2360 840 creaturis
2393 781 2668 852 propriam
2693 776 2804 848 (70)
2835 777 3061 843 habere,
3094 786 3185 830 aut
3215 787 3534 847 potestatem

1950 875 2117 930 cmlos
2178 871 2455 944 aperiendi
2495 868 2773 932 conferre,
2816 880 2909 923 aut
2972 867 3088 922 haec
3142 877 3257 922 tuto
3303 870 3531 926 dicere:

1949 966 2196 1036 sequitur
2225 971 2283 1019 ut
2304 962 2476 1018 Filius
2506 973 2853 1017 communem
2889 973 3011 1013 cum
3039 958 3395 1027 omnipotenti
3437 975 3536 1016 suo

1950 1056 2112 1111 Patre
2140 1055 2476 1110 dominatum
2517 1053 2736 1108 habeat.

2021 1146 2236 1204 XXVII.
2266 1147 2322 1202 Si
2355 1145 2681 1201 immortalis
2710 1143 2823 1198 Deo
2847 1140 3028 1198 Verbo
3063 1144 3404 1213 praestantior
3428 1159 3534 1197 non

1949 1248 2055 1304 est,
2084 1254 2149 1294 ac
2188 1240 2234 1295 si
2285 1254 2461 1308 neque
2493 1237 2657 1304 Deus,
2695 1250 2870 1305 neque
2909 1249 3039 1290 caro
3081 1233 3375 1291 inanimata
3417 1236 3537 1292 cibo

1951 1333 2188 1402 indiget,
2246 1341 2341 1386 aut
2397 1345 2623 1396 somno;
2686 1343 2793 1384 non
2843 1342 2976 1400 ergo
3038 1327 3156 1384 sine
3218 1329 3395 1384 anima
3423 1328 3536 1402 (7t)

1951 1423 2242 1481 ineﬂabilis
2265 1423 2576 1478 lncarnatio
2609 1421 2750 1476 facta
2776 1429 2997 1485 est,nec
3028 1430 3285 1489 prazterea
3320 1422 3536 1491 agonia,

1950 1527 2002 1571 et
2027 1515 2132 1571 cibi
2171 1514 2462 1586 appetitus,
2498 1522 2552 1568 et
2578 1527 2822 1581 somnus,
2846 1521 2900 1568 et
2927 1511 3128 1568 similia
3161 1513 3355 1569 Deitati
3381 1515 3536 1570 attri-

1951 1607 2159 1680 buenda
2197 1616 2343 1660 sunt.

2021 1695 2258 1753 XXVIII.
2297 1695 2377 1762 Si,
2412 1695 2868 1766 quemadmodum
2905 1693 3201 1764 Scriptura:
3242 1702 3533 1759 testantur,

1951 1804 1981 1843 a
2035 1789 2242 1846 dextris
2291 1804 2411 1845 cum
2465 1787 2628 1844 Patre
2684 1784 2929 1842 considet
2983 1794 3044 1840 ut
3095 1799 3281 1851 verus,
3328 1792 3384 1840 et
3437 1784 3534 1853 ipsi

259 1893 427 1947 αὐτοῦ
464 1891 788 1964 μονογενής·
827 1886 1124 1960 δμόθρονός
1191 1887 1360 1953 ἐστιν,
1402 1884 1699 1956 ἀμέριστον
1754 1882 1850 1935 καὶ

1952 1881 2175 1952 aequalis
2237 1881 2404 1948 Dens,
2450 1890 2505 1935 et
2550 1889 2610 1934 ut
2655 1878 2826 1934 Filius
2863 1877 2978 1948 ejus
3009 1876 3346 1948 unigenitus;
3387 1876 3540 1932 sedet

259 1987 564 2058 ἀπέραντον
594 1985 693 2055 τὴν
727 1980 1006 2053 βασιλείαν
1030 1980 1394 2050 κεκτημένος,
1431 1978 1526 2031 καὶ
1557 1975 1636 2046 τῷ
1675 1973 1850 2046 Πατρὶ

260 2079 322 2146 ἐξ
373 2080 488 2132 ἴσου
551 2073 1142 2148 συμπροσκυνούμενος
1210 2071 1306 2124 καὶ
1365 2067 1848 2137 συνδοξαζόμενος.

259 2170 424 2234 αὑτός
468 2151 672 2225 ἰε’καὶ
703 2168 764 2220 τὸ
819 2163 1045 2235 Πνεῦμα
1092 2161 1187 2216 τοῦ
1255 2160 1412 2217 Θεοῦ.
1461 2159 1586 2223 Πῶς
1629 2157 1738 2228 γὰρ
1784 2157 1850 2210 ἂν

260 2262 516 2331 ἠδύνατο,
547 2260 777 2334 Τριὰδος
812 2261 870 2312 ὲν
909 2259 990 2312 ἐνὶ
1020 2257 1196 2328 Θρόνῳ
1229 2252 1533 2326 παρούσης,
1569 2245 1649 2315 εἷς
1683 2267 1851 2320 προσ-

259 2354 541 2406 κυνεῖσθαι
563 2351 846 2404 κατέναντι
872 2348 966 2402 τοῦ
988 2347 1103 2410 ἐνὸς
1119 2347 1335 2400 αἰωνίου
1366 2344 1578 2416 Θρόνου,
1612 2343 1698 2395 ἐπ’
1715 2344 1849 2396 ἀνα-

258 2443 420 2508 τολὰς
451 2444 552 2512 τῆς
578 2440 998 2511 προσκυνήσεως
1028 2436 1156 2508 [155
1186 2453 1218 2490 a
1238 2434 1256 2507 ]
1279 2434 1591 2504 γινομένης,
1624 2431 1716 2486 καὶ
1751 2430 1851 2502 τῆς

255 2535 420 2604 δόξης
442 2530 906 2601 ἀναπεμπομένης
935 2546 948 2593 ;
979 2529 1101 2582 ’Ότι
1140 2526 1248 2598 γὰρ
1269 2525 1396 2578 ἔνθα
1417 2525 1445 2576 6
1482 2521 1692 2593 Πατὴρ,
1737 2523 1853 2574 ἐκεῖ

256 2627 358 2680 καὶ
407 2623 468 2676 τὸ
502 2621 725 2691 Πνεῦμα
780 2619 945 2675 αὑτοῦ
996 2619 1164 2676 ἐστιν.
1201 2616 1468 2670 σύνθακον
1513 2614 1666 2685 αὐτῷ
1699 2615 1848 2684 εὑρι-

261 2715 529 2785 σκόμενον
557 2713 649 2766 καὶ
690 2708 1296 2781 συμπροσκυνούμενον,
1341 2706 1418 2769 ὡς
1451 2706 1552 2775 τῆς
1593 2704 1850 2757 ἁπάντων

266 2805 534 2877 βασιλίδος
567 2803 781 2872 φύσεως
824 2801 1091 2872 ὑπάρχον,
1123 2799 1189 2851 ὲκ
1222 2797 1434 2851 πολλῶν
1476 2793 1847 2867 ὰνεκηρύχθη,

265 2896 364 2950 καὶ
397 2895 460 2948 ὲκ
487 2894 584 2965 τῆς
613 2893 880 2963 λεγούσης
907 2890 1165 2962 Γραφῆςο
1207 2908 1226 2940 ι
1270 2890 1357 2942 Ἐν
1398 2887 1572 2958 τούτῳ
1616 2886 1724 2957 γὰρ
1765 2903 1852 2954 γι-

265 2987 570 3058 νώσκομεν,
601 2986 682 3039 ὅτι
720 2985 749 3038 6
781 2982 912 3046 Θεὸς
941 2983 1000 3035 ὲν
1041 2983 1174 3052 ἡμῖν
1223 2983 1394 3046 ἐστιν,
1435 2979 1500 3033 ὲκ
1529 2977 1624 3031 τοῦ
1675 2975 1849 3030 Πνεύ-

271 3094 438 3148 ματος
475 3074 662 3141 αὑτοῦ,
691 3069 751 3129 οὗ
781 3075 809 3128 6
836 3072 966 3136 Υἱὸς
994 3071 1192 3125 ἔδωκεν
1211 3073 1396 3142 ἡμῖν.»
1427 3071 1501 3123 Οὐ
1527 3072 1728 3123 νοεῖται
1744 3068 1851 3138 γὰρ

268 3167 330 3220 τὸ
356 3167 623 3238 ἡμέτερον
677 3164 923 3234 πνεῦμα·
957 3162 1115 3217 τοῦτο
1148 3162 1258 3234 γὰρ
1298 3162 1513 3232 ἔχοντες
1562 3161 1686 3232 ἤδη,
1723 3159 1849 3213 ὲλά-

271 3258 436 3330 δομεν
465 3259 524 3312 τὸ
557 3257 711 3326 ἅγιον
745 3253 974 3327 Πνεῦμα
1001 3254 1096 3308 τοῦ
1124 3253 1281 3309 Θεοῦ.

339 3445 470 3500 ΚΘ’.
505 3446 568 3500 Εἰ
615 3445 829 3517 Θέλημα
859 3445 953 3499 τοῦ
985 3448 1225 3519 Πατρὸς,
1273 3448 1361 3502 ἵνα
1402 3448 1604 3512 πάντες
1643 3447 1848 3518 τιμῶσι

269 3538 364 3592 τὸν
396 3537 546 3601 Υίδν,
585 3538 768 3603 καθὼς
821 3537 1022 3607 τιμῶσι
1055 3540 1146 3596 τὸν
1193 3540 1443 3610 Πατέραο
1480 3542 1537 3593 ὲν
1584 3539 1672 3610 ἴση
1726 3539 1850 3611 δόξῃ

271 3629 370 3681 καὶ
425 3629 524 3700 μιᾷ
576 3629 798 3701 ἰδιότητι
850 3629 1086 3702 ὑπάρχει
1137 3629 1233 3684 τοῦ
1292 3632 1545 3702 Πατρός
1605 3632 1699 3684 καὶ
1753 3631 1852 3702 οὐχ

269 3721 440 3784 ὁσίως
470 3721 734 3787 ποιοῦσιν,
765 3723 798 3793 ἢ
829 3723 927 3794 τὴν
958 3722 1118 3788 δόξαν
1151 3722 1550 3794 ὲναμείὸοντες,
1591 3723 1626 3794 ἢ
1664 3723 1854 3777 ὑποτο-

271 3813 542 3879 πὰζοντες
578 3815 720 3870 κατά
748 3833 804 3870 τι
839 3816 1243 3888 παραλλάττειν
1281 3817 1465 3871 αὐτόν.

345 3987 422 4040 A'.
464 3987 528 4040 Εί
562 3992 949 4058 προσκυνεῖται
979 3992 1111 4062 παρ’
1140 3991 1411 4060 ἀγγέλων,
1441 3990 1561 4055 πῶς
1587 3991 1688 4045 οὐκ
1709 3989 1859 4058 ἄξιος

275 4077 371 4129 καὶ
398 4080 530 4149 παρ’
553 4077 854 4151 ἀνθρώπιον
871 4097 884 4110 ·
916 4082 978 4134 Et
1009 4081 1070 4134 δὲ
1093 4084 1520 4150 προσκυνεῖται,
1544 4083 1605 4136 ού
1630 4082 1859 4154 κτίσμα.

274 4312 460 4439 “Si?
501 4312 654 4370 0m.
680 4311 836 4370 Joan.
858 4330 916 4380 ιι,
941 4314 1031 4370 27.
1062 4315 1289 4372 Sensum
1319 4317 1488 4388 magis
1517 4317 1668 4384 citat,
1688 4332 1848 4388 quam

348 4452 462 4521 (69)
504 4452 637 4509 Tibi.
674 4454 863 4509 Matth.
894 4471 1008 4521 xvr,
1048 4454 1136 4508 I9.

346 4521 464 4596 σε)
507 4521 804 4596 Bromium.
847 4524 902 4578 In
931 4526 1118 4581 Graeco
1143 4526 1359 4596 aliquod
1391 4525 1670 4582 mendum.

1951 1987 2080 2044 ergo
2117 1973 2170 2028 in
2195 1973 2384 2028 eodem
2417 1973 2634 2036 throno,
2681 1969 3017 2025 individuum
3061 1976 3116 2022 et
3147 1967 3534 2024 indetermina-

1955 2061 2058 2115 bile
2088 2075 2314 2129 regnum
2338 2059 2642 2129 possidens,
2669 2066 2722 2111 et
2749 2071 2869 2111 cum
2906 2056 3065 2110 Patre
3091 2070 3153 2109 ex
3184 2068 3338 2124 mque
3371 2053 3534 2109 simul

1951 2146 2229 2212 adoratur,
2267 2155 2322 2200 et
2352 2146 2793 2216 conglorillcatur
2834 2158 2958 2198 cum
2987 2143 3124 2212 ipse,
3163 2153 3271 2197 tum
3300 2141 3538 2212 Spiritus

1951 2235 2078 2303 Dei;
2125 2251 2246 2291 nam
2293 2238 2514 2306 alioqui,
2551 2253 2673 2291 cum
2703 2235 2946 2291 Trinitas
2975 2234 3030 2288 in
3067 2248 3175 2289 uno
3210 2234 3404 2289 throno
3443 2234 3534 2298 sit,

1957 2329 2232 2396 quomodo
2275 2337 2460 2398 posset
2503 2344 2645 2383 unus
2672 2343 2700 2382 a
2729 2327 2886 2382 nobis
2912 2325 3126 2382 adorari
3165 2324 3220 2380 in
3245 2334 3534 2394 conspectu

1955 2421 2113 2474 unius
2151 2421 2337 2475 aeterni
2383 2421 2583 2485 throni,
2616 2419 2832 2490 quando
2861 2417 2926 2472 ad
2958 2415 3226 2472 orientem
3246 2414 3357 2486 (Ἱὲ)
3398 2431 3533 2469 con-

1955 2512 2096 2566 versi
2162 2512 2535 2566 adorationem
2593 2509 2926 2580 perﬁcimus,
2987 2516 3042 2564 et
3090 2506 3534 2576 gloriﬁcationem

1953 2600 2266 2655 oderimus?
2298 2600 2452 2667 Quod
2481 2601 2625 2656 enim
2657 2601 2744 2654 ubi
2767 2608 2851 2655 est
2886 2598 3071 2663 Pater,
3105 2597 3177 2652 ibi
3215 2597 3379 2652 etiam
3412 2595 3534 2665 Spi-

1952 2693 2089 2746 ritus
2125 2692 2243 2759 ejus
2281 2693 2374 2756 sit,
2416 2692 2576 2746 simul
2618 2707 2741 2746 cum
2798 2705 2864 2746 eo
2908 2689 3218 2754 considens,
3265 2687 3535 2758 simulque

1953 2797 2076 2837 cum
2114 2797 2178 2836 eo
2219 2783 2498 2849 adoratus,
2551 2790 2736 2852 utpote
2789 2782 2880 2850 qui
2929 2790 3139 2835 naturae
3174 2788 3258 2834 est
3292 2778 3536 2834 omnium
3629 2812 3637 2820 -

1954 2872 2205 2935 dominze,
2239 2888 2362 2927 cum
2396 2889 2460 2927 ex
2497 2873 2679 2927 multis
2708 2873 3002 2942 Scriptum
3026 2871 3263 2927 oraculis
3293 2879 3531 2931 constat,

1954 2973 2067 3018 tum
2103 2964 2338 3018 maxime
2357 2979 2424 3018 ex
2455 2978 2520 3019 eo
2552 2965 2694 3034 quod
2715 2965 2794 3018 sic
2828 2978 2886 3019 se
2923 2964 3176 3022 habet“
3212 2961 3268 3016 In
3299 2963 3401 3017 hoc
3419 2961 3534 3033 (73)

1953 3058 2097 3110 enim
2131 3058 2532 3125 cognoscimus,
2569 3058 2709 3124 quod
2738 3057 2880 3112 Dens
2914 3057 2966 3110 in
3000 3057 3154 3112 nobis
3190 3067 3293 3123 est,
3316 3071 3381 3110 ex
3412 3053 3536 3125 Spiv

1955 3145 2060 3200 rittt
2094 3144 2231 3214 ejus,
2270 3161 2430 3215 quem
2464 3145 2633 3202 Filius
2659 3147 2807 3201 dedit
2834 3148 3011 3203 nobis.
3050 3164 3069 3200 ι
3100 3146 3212 3202 Nec
3242 3146 3386 3202 enim
3415 3148 3528 3216 spi-

1877 3243 1920 3301 c
1958 3237 2091 3292 ritus
2127 3247 2314 3292 noster
2361 3239 2464 3292 hoc
2511 3236 2630 3293 loco
2669 3237 3014 3308 intelligitur;
3061 3253 3184 3292 nam
3232 3253 3358 3292 cum
3408 3249 3554 3292 eum‘

1952 3327 2065 3398 jam
2101 3328 2445 3393 haberemus,
2480 3329 2789 3397 accepimus
2827 3329 3090 3397 Spiritum
3129 3338 3374 3384 sanctum
3417 3327 3534 3384 Dei.

2020 3439 2217 3497 XXIX.
2250 3440 2310 3496 Si
2332 3441 2582 3496 voluntas
2607 3441 2784 3496 Patris
2811 3443 2926 3497 hmc
2949 3452 3052 3507 est,
3090 3461 3108 3494 ι
3133 3450 3191 3497 ιιι
3222 3457 3410 3498 omnes
3425 3441 3538 3513 (Ἠ)

1949 3536 2221 3590 honorent
2250 3531 2467 3596 Filium,
2513 3531 2652 3586 sicut
2706 3533 2976 3586 honorant
3003 3531 3255 3596 Patrem;
3292 3549 3313 3583 ι
3349 3546 3530 3600 aequa-

1951 3627 2055 3682 lcnt
2116 3625 2368 3696 gloriam,
2411 3633 2467 3679 et
2521 3640 2682 3678 unam
2739 3628 3123 3694 proprietatem
3186 3625 3351 3679 habet
3409 3639 3532 3678 cum

1952 3717 2148 3782 Patre;
2181 3726 2237 3772 et
2264 3715 2428 3785 impie
2453 3713 2655 3770 iaciunt
2675 3716 2839 3786 329
2877 3716 2969 3787 qui
3013 3724 3104 3771 aut
3133 3713 3542 3786 gloriﬁcationis

1923 3810 2117 3888 Iret-ba
2150 3811 2458 3873 immutant,
2489 3818 2584 3863 aut
2604 3813 2901 3864 secundum
2933 3808 3135 3878 aliquid
3165 3819 3289 3864 eum
3319 3821 3349 3861 a
3375 3806 3539 3863 Patre

1955 3903 2230 3961 diversum
2262 3914 2384 3955 esse
2413 3900 2783 3969 suspicantur.

2030 3989 2201 4047 XXX.
2227 3991 2282 4044 Si
2314 3991 2575 4045 adoratur
2604 3990 2672 4046 ab
2698 3989 2902 4060 angelis
2921 3989 3034 4063 (75)
3056 3989 3246 4055 Filius,
3274 3989 3545 4057 quomodo

1961 4097 2066 4139 non
2098 4091 2185 4137 est
2213 4082 2526 4155 adorandus
2551 4081 2715 4136 etiam
2745 4082 2813 4136 ab
2846 4081 3193 4138 hominibus?
3229 4083 3302 4137 At
3329 4083 3374 4138 si
3415 4080 3546 4137 ado-

1913 4347 1917 4352 ·
1966 4329 2126 4373 rttnm
2161 4318 2396 4390 viguisse
2425 4315 2860 4390 testaturlntcas
2892 4315 3403 4390 Ttnlensis,_sa3cu_li_
3441 4332 3542 4390 Xttt

1961 4385 2339 4458 scriptorflib.
2365 4404 2403 4443 tt
2432 4399 2616 4442 contra
2641 4387 2965 4456 Albigenaes,
2996 4401 3115 4458 cap.
3138 4385 3230 4458 25.
3260 4389 3314 4458 In
3342 4386 3543 4458 Ritnali

1959 4456 2138 4513 tamen
2173 4459 2360 4513 codice
2385 4458 2741 4527 Cophtorum,
2773 4472 2931 4524 quem
2961 4456 3370 4511 ediditAIIatitts
3401 4457 3497 4511 lib.
3525 4471 3542 4515 ι

1961 4528 2338 4599 Symntt'ctwn,
2383 4531 2668 4597 episcOpus
2715 4543 2900 4599 orans,
2938 4527 3098 4599 modo
3144 4527 3212 4580 ad
3255 4527 3542 4596 orientem,

351 4577 466 4667 {71)
506 4577 1669 4667 ,ςῑῄὲ-αῃξηίαίοῇειὲέζδῖἇτῴὖῇῆξζίὶιίέεέι
1710 4615 1728 4649 ‹
1759 4612 1855 4667 per
1881 4577 1932 4637 D
1961 4577 3212 4667 aisaisazgzmzaza,’s;o.is“tgésagata;g
3243 4577 3545 4667 esset;

275 4666 584 4737 animam.)
624 4662 728 4718 Sed
769 4664 1050 4737 legendum
1090 4676 1220 4737 puto
1259 4662 1396 4736 sua
1432 4665 1632 4737 ψυχῆς,
1672 4667 1724 4720 id
1760 4662 1856 4720 ἐει

285 4755 304 4787 ι
331 4736 450 4856 sing
473 4733 653 4856 aqima
676 4751 688 4787 :
712 4754 732 4784 ι
761 4733 887 4788 nam
913 4733 1101 4789 Ariani
1131 4733 1348 4805 quoque
1374 4733 1610 4792 animam
1634 4737 1853 4792 Christo

285 4821 409 4856 nona
454 4820 519 4856 an
553 4843 568 4856 .

278 4811 568 4860 uelabant.

301 4893 312 4902 ο
349 4871 463 4953 (72)
493 4871 584 4953 γΛὰ
619 4872 888 4953 orientem.
919 4872 1276 4953 Consuevisse
1323 4876 1688 4953 Christianos,
1724 4877 1849 4953 dunt

277 4942 540 5007 orabant,
593 4942 659 4995 ad
713 4943 977 4997 orientem
1030 4948 1273 5002 converti
1303 4987 1316 5009 .
1366 4957 1591 5001 testatur
1639 4945 1856 5000 Tertnl~

279 5014 458 5068 Iianus
489 5015 540 5066 in
577 5011 930 5086 Apologetico,
959 5030 1079 5084 cap.
1111 5016 1177 5070 I6
1211 5034 1224 5069 :
1261 5035 1280 5069 ι
1312 5017 1451 5079 Alii,
1478 5035 1500 5069 ι
1551 5016 1727 5086 inquit
1756 5055 1769 5068 .
1797 5057 1811 5070 .
1838 5055 1854 5070 .

283 5102 304 5134 ι
333 5086 499 5155 solem
549 5082 776 5155 credunt
811 5083 975 5155 Deum
1027 5082 1271 5140 nostrum
1293 5125 1307 5141 .
1333 5125 1347 5141 .
1370 5124 1384 5138 .
1423 5087 1549 5141 Inde
1596 5082 1856 5155 suspicio,

277 5157 419 5227 quod
455 5154 750 5227 innotuerit
779 5166 876 5207 nos
890 5154 970 5227 _ad
1005 5156 1233 5227 orientis
1269 5157 1557 5227 regionem
1577 5154 1807 5225 precari.
1831 5174 1850 5207 ι

280 5223 487 5294 Didymi
517 5229 832 5294 veroaatate
858 5223 1022 5294 ritum
1060 5225 1204 5281 hunc
1230 5223 1504 5281 servatum
1538 5223 1706 5281 fuisse
1736 5241 1857 5281 con-

279 5290 396 5347 stat'
410 5309 501 5365 _cx_
512 5290 710 5365 Basilii
728 5290 864 5347 libro
897 5292 974 5348 De
1005 5294 1208 5363 Spiritu
1235 5310 1436 5362 sancto,
1461 5311 1580 5365 cap.
1608 5297 1698 5360 27,
1731 5297 1858 5350 Am-

279 5361 627 5436 brosiilibro
668 5359 747 5415 De
803 5359 1084 5436 mysteriis,
1119 5382 1236 5436 cap.
1265 5366 1323 5430 2,
1372 5359 1602 5431 nntn.'7,
1641 5359 1857 5420 Eusebii

276 5431 1084 5506 Caesariensiscommentariis
1124 5431 1198 5489 ἔπ’
1228 5437 1498 5490 Psalmum
1555 5451 1680 5500 XCI,
1734 5451 1856 5506 pag.

278 5501 406 5567 608,
436 5513 490 5555 et
519 5517 582 5555 ex
618 5501 738 5554 aliis
765 5520 778 5556 :
813 5505 949 5558 adeo
979 5515 1036 5558 ut
1073 5505 1325 5560 Socrates
1361 5507 1452 5559 lib.
1481 5522 1509 5557 v
1537 5507 1678 5559 Hist.
1705 5501 1856 5571 εὸσιῖ,

277 5585 402 5645 cap.
431 5572 524 5636 22,
565 5581 820 5645 tanquam
853 5589 1050 5645 novum
1109 5587 1273 5645 atque
1313 5576 1630 5630 inusitatum
1669 5590 1860 5629 narra-

279 5643 419 5696 verit
463 5645 606 5710 quod
649 5641 952 5698 Antiochiae
1003 5641 1204 5700 factum
1249 5645 1444 5699 fuerat.
1481 5663 1502 5697 ι
1532 5646 1855 5710 Antiochia),

279 5726 402 5789 quae
441 5723 522 5767 est
556 5712 610 5765 in
652 5711 830 5792 Syria,
857 5732 876 5764 ι
923 5715 1116 5792 inquit,
1158 5734 1184 5792 t_
1209 5719 1454 5792 inversus
1482 5725 1567 5769 est
1597 5715 1858 5770 Ecclesiae

281 5785 451 5854 situs;
490 5797 671 5854 neque
716 5785 860 5837 enim
915 5785 1086 5838 altare
1119 5787 1186 5840 ad
1230 5785 1359 5842 solis
1389 5794 1568 5840 ortum
1620 5796 1856 5854 spectat,

283 5853 379 5906 sed
435 5853 502 5908 ad
544 5866 819 5908 occasum.
845 5871 863 5905 ι
912 5854 982 5909 At
1035 5871 1130 5912 sua
1175 5857 1338 5913 ctiam
1384 5865 1543 5912 aetate
1588 5853 1855 5913 vetustum

1961 4679 2176 4722 vertere
2205 4667 2444 4734 jubetur.
2481 4667 2674 4721 Verum
2723 4681 2786 4721 ex
2846 4669 2945 4720 hoc
2980 4664 3190 4735 Didymi
3241 4664 3362 4719 loco
3407 4664 3545 4722 nihil

1960 4737 2103 4791 aliud
2156 4747 2270 4791 tuto
2323 4738 2498 4806 colligi
2558 4752 2715 4805 posse
2765 4737 2998 4806 videtur,
3047 4736 3144 4789 nisi
3198 4735 3548 4806 Alexandria:

1961 4817 2089 4863 tunc
2126 4805 2471 4876 potissimum
2494 4806 2842 4862 consuevisse
2874 4805 3218 4876 Christianos
3247 4805 3313 4876 ad
3356 4805 3545 4876 orieu-v

1961 4887 2066 4948 tem
2102 4874 2260 4942 verti,
2286 4895 2405 4932 cum
2435 4877 2736 4945 doxologia:
2788 4891 2888 4948 seu
2928 4874 3343 4948 gloriticationis
3376 4875 3544 4929 verba

1964 4947 2129 5001 Deum
2185 4948 2459 5000 adorando
2533 4943 2853 5002 recitabant.
2904 4946 3004 5011 Qui
3065 4944 3200 4998 ritus
3249 4943 3428 5013 aliqua
3475 4958 3544 4998 cx

1959 5026 2112 5087 parte
2156 5017 2452 5072 etiamnum
2507 5018 2688 5087 viget:
2731 5031 2853 5070 nam
2881 5025 2937 5087 et
2980 5029 3102 5067 cum
3131 5013 3541 5087 gloriﬁcatio‘nis

1961 5084 2122 5139 vcrha
2157 5088 2208 5141 in
2259 5087 2364 5139 line
2409 5084 2740 5155 psalmorum
2791 5097 2846 5138 et
2883 5086 3243 5156 hymnorum,
3280 5084 3545 5156 autgalias

1959 5157 2213 5219 dicimus,
2253 5153 2510 5211 inclinato
2547 5157 2725 5225 capite
2772 5153 2984 5213 omnes,
3029 5169 3093 5208 ac
3141 5155 3291 5221 proni
3339 5153 3540 5225 adora-

1963 5241 2104 5288 mus,
2145 5235 2202 5279 et
2243 5227 2498 5281 sacerdos
2546 5223 2626 5280 ini
2652 5239 2808 5280 sacra
2848 5225 3060 5293 liturgia
3093 5225 3308 5293 quoties
3334 5223 3543 5292 gloriﬁ-

1961 5296 2190 5350 cationis
2235 5298 2422 5359 verba,
2473 5306 2523 5352 et
2574 5295 2886 5350 orationum
2937 5293 3371 5358 conclusionem,
3421 5307 3542 5362 quas

1960 5367 2230 5433 quoddam
2275 5366 2682 5433 glorilicationis
2718 5380 2888 5434 genus
2932 5373 3036 5428 est,
3073 5364 3286 5428 recitat,
3314 5363 3543 5434 adt-ru.

1961 5432 2077 5490 cem
2125 5437 2178 5491 in
2229 5432 2410 5490 medio
2454 5437 2608 5490 altari
2661 5432 2898 5489 eréctam
2948 5448 3240 5488 conversus
3309 5432 3540 5487 inclina-.-

1963 5515 2068 5570 tnr,
2106 5506 2158 5560 id
2209 5517 2312 5571 est,
2345 5517 2583 5575 spectato
2634 5506 2803 5561 veteri
2849 5503 3037 5558 altaris
3083 5503 3226 5568 situ,
3273 5503 3540 5557 orientem

1962 5589 2173 5632 VEI'SIIS.

2030 5644 2141 5715 (75)
2182 5646 2249 5699 In
2278 5649 2392 5700 Itoc.
2419 5644 2438 5699 I
2465 5643 2620 5715 103m.
2643 5659 2716 5708 Iv,
2751 5644 2838 5698 15.

2033 5713 2146 5785 (74)
2189 5715 2258 5770 Ut
2289 5733 2486 5771 omnes.
2514 5713 2668 5771 Joan.
2688 5730 2740 5774 v.
2770 5715 2864 5768 25.

1961 5781 2145 5910 “(1,753)
2189 5787 2261 5910 Ag
2297 5788 2516 5858 angelis.
2586 5787 2716 5842 Vide
2779 5800 2901 5856 pag.
2969 5784 3086 5851 101,
3141 5793 3196 5839 et
3243 5782 3414 5855 Epist.
3469 5781 3538 5838 ad

2009 5875 2034 5910 c
2079 5873 2121 5910 r.
2152 5873 2192 5910 ι.
2265 5897 2277 5910 .

2009 5860 2121 5911 cbt‘.
2152 5873 2192 5914 t.
2226 5860 2277 5912 6.
