4134 6422
575 322 681 384 799

1819 326 2054 380 DlDYiIl
2095 327 2562 384 ALEXANDRLVI

3722 325 3834 382 800

573 443 774 499 randus
813 453 918 508 εει,
964 452 1208 499 creatura
1269 461 1374 502 non
1432 455 1549 515 est;
1609 447 1790 501 divina
1852 450 1994 503 enim
2041 449 2156 520 lege

2266 449 2626 504 Τεθέσπισται
2659 447 2766 518 γὰρ
2809 445 2883 517 μὴ
2919 446 3240 517 προσκυνεῖν
3275 444 3417 508 θεοῖς
3442 486 3455 510 ,
3491 443 3679 514 ἐπειδὴ
3713 446 3837 498 κτί-

573 549 821 589 vetamur
854 537 982 589 deos
1015 536 1264 599 adorare,
1307 536 1434 604 quia
1461 548 1723 593 creatura:
1752 548 1897 592 sunt.

648 626 834 680 XXXI.
871 625 926 678 Si
967 626 1105 680 Deus
1146 636 1199 681 et
1232 626 1394 681 Pater
1423 637 1507 681 est
1537 629 1587 680 in
1620 631 1733 697 ipso
1761 628 1918 692 Filio,
1951 638 2007 684 et
2034 629 2149 696 ipse

574 719 626 773 in
665 717 827 772 Patre
871 732 935 772 ex
975 733 1152 787 aequo,
1182 733 1248 772 ac
1294 719 1340 772 si
1388 719 1624 788 Spiritus
1663 721 1756 775 Dei
1801 721 1938 788 apud
1975 719 2148 789 ipsum

576 821 785 878 manet,
833 819 888 865 ut
947 821 1226 866 ostensum
1275 811 1407 877 fuit;
1461 811 1684 881 aequalis
1728 823 1784 866 et
1835 811 2029 866 similis
2069 822 2151 866 est

576 901 818 954 Trinitas
841 941 855 964 ,
888 914 950 954 ac
995 915 1151 953 nemo
1181 901 1402 964 habere,
1437 909 1530 954 aut
1565 901 1810 964 adorare,
1837 911 1930 954 aut
1983 901 2150 970 glori-

579 993 740 1045 Iicare
770 1001 947 1060 potest
974 991 1212 1055 Patrem,
1252 992 1380 1060 quin
1419 1007 1572 1060 mque
1603 993 1797 1046 habeat
1842 992 2056 1057 Filium,
2099 1003 2152 1046 et

579 1083 836 1150 Spiritum
879 1083 1020 1150 ejus,
1055 1093 1114 1139 et
1148 1093 1260 1138 tres
1285 1084 1568 1152 aequaliter
1603 1087 1829 1140 adorare
1880 1102 1945 1139 ac
1991 1085 2155 1156 glori~

580 1173 740 1225 Iicare
770 1171 986 1227 debeat.

653 1262 860 1318 XXXII.
911 1263 964 1316 Si
1032 1263 1172 1332 leges
1223 1263 1347 1328 fert,
1399 1273 1455 1319 et
1514 1280 1542 1318 a
1596 1266 1856 1335 peccatis,
1904 1275 2067 1334 atque
2123 1281 2150 1318 a

581 1367 754 1435 mprte
795 1354 988 1408 liberat
1023 1355 1211 1418 Filius,
1264 1365 1317 1409 et
1370 1356 1601 1425 Spiritus
1659 1368 1877 1411 sanctus
1916 1371 1980 1409 ει
2021 1356 2152 1410 Nam

582 1443 798 1514 Iex(76)
846 1445 1081 1513 Spiritus
1137 1449 1262 1501 vitae
1309 1447 1532 1518 (clamat
1577 1449 1797 1518 Paulus)
1838 1449 1893 1503 in
1938 1449 2154 1503 Christo

581 1531 728 1597 Jesu,
781 1534 1028 1589 liberavit
1090 1551 1173 1590 me
1205 1552 1233 1589 a
1269 1537 1384 1607 lege
1415 1539 1617 1606 peccati
1650 1549 1706 1592 et
1759 1538 1982 1591 mortis:
2017 1555 2034 1588 ι
2072 1537 2154 1591 hat

580 1623 818 1692 proiecto
849 1627 1168 1697 hypostases
1198 1640 1344 1692 sunt,
1382 1629 1587 1696 primae,
1623 1639 1677 1683 et
1707 1629 1865 1683 unius
1898 1627 2155 1696 Omnipo-

582 1716 744 1770 tcntis
788 1727 842 1771 et
878 1719 1199 1775 viviﬁcantis
1238 1730 1476 1785 naturae;
1521 1735 1643 1774 nam
1672 1727 1918 1773 creatura
1966 1732 2061 1788 per
2093 1733 2151 1772 se

583 1808 748 1877 ipsam
782 1810 893 1863 haec
915 1809 1091 1865 facere
1119 1827 1222 1866 non
1252 1820 1450 1881 potest.

655 1982 902 2039 XXXIII.
937 1985 995 2040 Si
1048 1994 1194 2041 recte
1232 1997 1457 2042 vocatus
1490 1995 1573 2043 est
1615 2003 1644 2042 a
1681 1987 1956 2058 Scriptura
1993 1991 2159 2048 Filius

580 2075 800 2141 quidem
832 2076 1097 2139 Salvator,
1135 2077 1370 2147 Spiritus
1418 2094 1545 2134 vero
1582 2091 1804 2136 sanctus
1835 2083 2026 2138 salutis
2050 2085 2159 2136 lar-

584 2165 746 2236 gitor,
799 2166 1149 2222 immutabilis
1204 2177 1322 2233 est;
1366 2181 1428 2220 ac
1473 2167 1518 2221 si
1573 2167 1946 2233 immutabilis,
1999 2170 2157 2224 etiam

585 2256 857 2310 iucreatus
905 2272 1026 2310 cum
1071 2257 1265 2320 Filius,
1299 2265 1410 2310 tum
1445 2257 1721 2325 Spiritus:
1761 2260 1851 2326 qui
1897 2259 2037 2312 enim
2079 2267 2161 2312 est

585 2348 869 2402 mutationi
927 2348 1218 2412 obnoxius,
1270 2363 1373 2401 non
1435 2357 1612 2417 potest
1668 2363 1762 2404 eos
1812 2350 2022 2414 salvare
2069 2351 2157 2420 qui

583 2439 925 2502 aberrarunt,
971 2448 1152 2508 utpote
1180 2450 1419 2506 creatus,
1457 2449 1510 2494 et
1539 2455 1642 2494 non
1677 2439 2064 2510 impeccabilis.

655 2551 893 2608 χχχιιι.
926 2551 985 2606 Si
1017 2567 1115 2608 nos
1143 2563 1409 2608 creatura:
1437 2571 1463 2607 a
1504 2554 1640 2609 Filio
1678 2555 1732 2609 in
1765 2554 1903 2610 ﬁlios
1934 2557 2151 2624 adopta-
2191 2517 2194 2526 ’

585 2659 726 2708 mur,
759 2645 900 2699 sicut
931 2644 964 2698 ii
1000 2653 1288 2708 testantur,
1331 2645 1419 2713 qui
1453 2645 1712 2714 mysteria
1738 2645 1894 2699 nobis
1930 2646 2162 2700 tradide-

584 2746 733 2801 ruut,
767 2736 963 2792 Paulus
1007 2739 1221 2805 quidem
1268 2737 1518 2804 inquiens
1550 2755 1563 2789 :
1619 2755 1637 2786 ι
1673 2735 1944 2806 Quia(77)
1982 2744 2160 2790 autem

585 2827 719 2880 estis
746 2825 862 2885 ﬁlii,
897 2827 1077 2880 emisit
1119 2826 1261 2880 Deus
1310 2826 1568 2892 Spiritum
1618 2824 1737 2878 Filii
1775 2827 1854 2879 sui
1899 2827 1952 2878 in
1995 2827 2161 2880 corda

589 2922 772 2966 nostra
826 2914 1173 2976 clamantem,
1224 2913 1400 2977 Abba,
1439 2913 1637 2978 Pater;
1669 2933 1686 2964 ι
1724 2911 1958 2968 Joannes
1987 2930 2160 2969 vero:

593 3021 614 3054 ι
641 3000 914 3070 Quotquot
949 3002 1058 3072 (78)
1108 3011 1287 3056 autem
1341 3011 1658 3070 receperunt
1713 3018 1858 3069 eum,
1901 3004 2046 3060 dedit
2084 3005 2164 3060 eis

588 3101 909 3162 potestatem
969 3093 1108 3147 ﬁlios
1157 3093 1248 3147 Dei
1295 3093 1408 3146 fieri
1441 3111 1455 3147 :
1489 3112 1507 3144 ι
1566 3093 1711 3148 nullo
1761 3095 1918 3150 modo
1959 3110 1996 3149 Ia
2035 3111 2162 3151 vera

589 3186 790 3240 deitate
817 3187 1012 3238 absunt
1049 3185 1130 3239 hic
1160 3186 1499 3254 hypostases.
1525 3183 1802 3248 Quomodo
1823 3186 1964 3239 enim
1993 3184 2161 3240 Filius

590 3277 646 3332 in
680 3277 998 3345 semetipso,
1045 3285 1136 3329 aut
1172 3289 1267 3344 per
1307 3276 1681 3344 semetipsum,
1725 3285 1816 3330 aut
1867 3276 1917 3330 in
1961 3275 2164 3347 Spiritu

589 3366 810 3437 proprio
843 3367 1086 3436 adoptari
1121 3375 1299 3436 potest
1326 3366 1377 3419 in
1407 3364 1646 3449 Filium?

659 3480 878 3537 XXXV.
933 3481 989 3536 Si
1045 3481 1308 3552 Spiritum
1360 3491 1611 3536 sanctum
1671 3482 1748 3536 ait
1795 3479 1990 3538 Paulus
2044 3498 2168 3538 esse

595 3592 613 3626 ι
647 3574 907 3644 Spiritum
933 3573 1051 3639 Dei,
1085 3592 1104 3626 ι
1145 3574 1285 3628 sicut
1318 3583 1400 3628 est
1431 3575 1588 3629 nobis
1623 3585 1828 3640 noster,
1853 3590 1918 3631 ac
1950 3576 1995 3631 si
2027 3575 2166 3630 Deus

589 3665 841 3720 similiter
869 3683 887 3717 ι
913 3665 1173 3736 Spiritum
1189 3681 1342 3720 suum
1367 3684 1384 3717 ι
1408 3665 1550 3719 illum
1577 3666 1853 3734 nominat;
1879 3667 2168 3736 impiusest

590 3755 679 3823 qui
711 3769 833 3809 eum
867 3770 971 3809 non
1003 3755 1132 3809 dicit
1157 3755 1323 3809 Deum
1364 3765 1690 3810 coaeternum
1736 3765 1790 3810 et
1821 3758 2170 3812 consubstan-

593 3845 770 3898 tialem
802 3841 949 3898 Patri
979 3859 994 3910 ;
1038 3859 1162 3899 nam
1213 3859 1312 3900 nec
1342 3843 1441 3897 fuit
1475 3859 1710 3913 unquam
1741 3846 1880 3899 Deus
1909 3845 2029 3898 sine
2068 3858 2168 3898 suo

594 3939 820 4008 Spiritu,
869 3952 1044 4006 neque
1089 3937 1296 4006 opinari
1340 3937 1484 4002 licet,
1527 3939 1670 3992 hunc
1727 3935 2017 4005 posterius,
2076 3946 2169 3988 aut

592 4032 931 4086 extrinsecus
958 4030 1009 4085 ei
1043 4029 1360 4094 accessisse,
1391 4039 1484 4082 aut
1511 4029 1734 4082 increati
1763 4027 2024 4095 Spiritum
2049 4042 2170 4081 esse

592 4122 838 4190 spiritum
896 4129 1163 4177 creatum.
1208 4119 1312 4172 Sed
1345 4117 1507 4187 330
1546 4127 1800 4187 praeterea
1838 4117 1998 4172 simul
2044 4133 2166 4173 cum

595 4213 713 4280 ipso
749 4226 911 4281 super
954 4209 1307 4264 cherubicum
1348 4209 1600 4262 thronum
1630 4208 1897 4273 ascendit,
1931 4218 1986 4263 et
2008 4209 2168 4264 simul

594 4305 847 4359 ailoratur
876 4313 930 4358 ct
973 4301 1431 4371 congloriilcatur,
1462 4301 1604 4355 sicut
1638 4310 1796 4356 antea
1829 4301 2030 4357 dictum
2061 4309 2166 4366 est,

595 4405 777 4464 utpote
817 4394 1054 4464 Spiritus
1085 4393 1152 4446 ab
1183 4407 1246 4446 eo
1279 4392 1674 4461 inseparabilis.

670 4506 912 4564 XXXVI.
960 4505 1016 4560 Si
1073 4515 1317 4559 creatura
1379 4505 1624 4576 accipere
1666 4515 1842 4576 potest
1906 4507 2166 4560 sanctita-

2261 559 2291 594 σ
2299 560 2460 610 ματα.

2323 633 2449 687 AA'.
2491 632 2553 684 Et
2587 633 2615 684 6
2644 629 2776 694 Θεὸς
2804 630 2900 684 καὶ
2926 631 3114 699 Πατὴρ
3149 629 3205 682 ἐν
3243 627 3418 699 αὐτῷ,
3450 628 3544 683 καὶ
3571 627 3735 690 αὐτὸς
3775 631 3834 680 ὲν

2254 721 2330 792 τῷ
2361 721 2535 791 Πατρὶ
2567 721 2627 785 ἐξ
2680 721 2794 774 ἴσου
2818 759 2832 782 ,
2885 720 2976 773 καὶ
3015 719 3074 771 τὸ
3110 718 3332 789 Πνεῦμα
3377 717 3469 771 τοῦ
3508 718 3642 771 Θεοῦ
3681 718 3832 788 μένει

2256 816 2384 884 παρ’
2419 811 2586 882 αὐτῷ,
2629 812 2704 875 ὡς
2745 810 2989 880 ἐδείχθη·
3025 809 3112 881 ἴση
3149 810 3241 862 καὶ
3288 810 3474 880 ὅμοιος
3513 809 3750 878 ὑπάρχει
3799 811 3834 880 ἡ

2256 905 2449 972 Τριάςο
2486 903 2580 956 καὶ
2617 902 2792 964 οὐδεὶς
2838 903 3004 972 ἔχειν,
3054 902 3087 970 ἥ
3132 903 3477 969 προσκυνεῖν,
3520 900 3552 970 ἢ
3587 900 3833 965 δοξάζειν

2256 995 2473 1047 δύναται
2507 994 2597 1046 τὸν
2631 993 2871 1064 Πατέρα,
2912 994 2986 1063 μὴ
3033 992 3163 1056 ἴσως
3196 992 3335 1062 ἔχων
3364 991 3454 1043 τὸν
3488 991 3614 1044 Υίὸν
3642 993 3735 1044 καὶ
3773 993 3835 1044 τὸ

2259 1085 2480 1137 Πνεῦμα
2509 1083 2692 1149 αὑτοῦ,
2719 1084 2813 1137 καὶ
2839 1082 2968 1147 ἴσως
3002 1083 3322 1154 προσκυνῶν
3351 1083 3444 1135 καὶ
3471 1082 3732 1147 δοξάζων.

2326 1263 2446 1316 AB’.
2491 1263 2554 1315 Et
2577 1261 2877 1331 νομοθετεῖ,
2905 1260 3188 1333 ἁμαρτιῶν
3221 1277 3280 1312 τε
3301 1260 3394 1313 καὶ
3421 1259 3653 1314 θανάτου
3685 1259 3835 1315 ἐλευο

2262 1353 2410 1421 θεροί
2429 1355 2455 1406 6
2484 1353 2630 1417 Υἱὸς,
2664 1353 2756 1405 καὶ
2784 1352 2843 1404 τὸ
2872 1352 3024 1419 ἆγιον
3047 1349 3273 1420 Πνεῦμα
3305 1350 3322 1419 (
3354 1368 3370 1400 ι
3421 1350 3480 1401 '0
3506 1349 3614 1420 γὰρ
3645 1351 3831 1418 νόμος,

2259 1443 2441 1513 φησὶν,
2475 1439 2566 1495 τοῦ
2603 1442 2917 1512 Πνεὺματος
2947 1442 3046 1511 τῆς
3082 1438 3228 1511 ζωῆς
3273 1441 3330 1494 ὲν
3361 1439 3579 1511 Χριστῷ
3626 1441 3832 1508 Ἰησοῦ,

2255 1533 2628 1603 ἠλευθέρωσέν
2670 1549 2736 1600 με
2773 1532 2899 1603 [155
2931 1532 2982 1603 b]
3021 1532 3124 1585 ἀπὸ
3169 1531 3261 1584 τοῦ
3304 1530 3470 1601 νόμου
3523 1530 3624 1600 τῆς
3656 1532 3834 1602 ἁμαρ-

2257 1626 2375 1688 τίας
2423 1626 2516 1678 καὶ
2568 1624 2662 1678 τοῦ
2713 1625 2985 1687 θανάτου,
3042 1643 3060 1676 ι
3096 1624 3287 1697 κράζει
3325 1625 3353 1676 6
3406 1622 3686 1691 Παῦλος)·
3737 1624 3838 1692 τῆς

2260 1717 2483 1789 πρώτης
2523 1719 2615 1771 καὶ
2664 1719 2794 1787 μιᾶς
2844 1717 2979 1769 εἰσιν
3026 1716 3531 1787 παντοκρατορικῆς
3579 1714 3672 1766 καὶ
3698 1711 3834 1777 ζωο-

2191 1804 2236 1857 ΒΔ
2265 1807 2419 1861 ποιοῦ
2455 1807 2666 1877 φύσεως
2704 1809 2758 1860 αἱ
2795 1807 3119 1870 ὑποστάσεις
3164 1799 3348 1860 αὗται.
3384 1806 3602 1876 Κτίσμα
3638 1804 3746 1876 γὰρ
3773 1805 3834 1858 οὑ

2269 1901 2491 1954 δύναται
2527 1901 2620 1967 ἀφ’
2652 1900 2841 1952 ἑαυτοῦ
2877 1897 3047 1952 ταῦτα
3078 1901 3270 1951 ποιεῖν.

2332 1993 2452 2044 Al".
2506 1993 2568 2044 Ei
2597 1990 2771 2060 ὀρθῶς
2800 1991 3126 2061 γέγραπται,
3161 1991 3188 2042 ὁ
3225 1989 3323 2059 μὲν
3357 1989 3484 2050 Υἱὸς
3525 1987 3741 2057 Σωτὴρ,
3778 1987 3837 2040 τὸ

2263 2083 2317 2136 δὲ
2371 2082 2523 2150 ἅγιον
2570 2081 2796 2151 Πνεῦμα
2845 2080 3116 2152 σωτηρίαν
3151 2082 3532 2150 ἐπιχορηγεῖν
3571 2079 3837 2150 ἄτρεπτος

2266 2178 2410 2227 ἐστιν
2459 2175 2551 2226 καὶ
2603 2174 2884 2234 ἄκτιστος,
2933 2172 3007 2234 ὡς
3042 2173 3306 2241 ἄτρεπτος
3338 2171 3366 2222 6
3411 2187 3469 2222 τε
3516 2169 3643 2232 Υἱὸς
3687 2170 3744 2222 τό
3779 2186 3839 2222 τε

2267 2265 2507 2334 Πνεῦμα.
2541 2264 2612 2315 Τὸ
2638 2264 2743 2332 γὰρ
2769 2262 2998 2332 τρεπτὸν
3027 2260 3218 2324 σώζειν
3241 2261 3300 2313 οὑ
3331 2260 3552 2314 δύναται
3581 2261 3839 2329 ἀποσφα-

2267 2356 2427 2408 λέντα
2448 2397 2462 2422 ,
2498 2354 2572 2418 ὡς
2606 2354 2821 2407 κτιστὸν
2870 2354 2962 2404 καὶ
2993 2353 3092 2405 οὐκ
3121 2352 3525 2424 ἀναμάρτητον.

2335 2555 2454 2607 AA'.
2492 2554 2554 2606 Et
2591 2554 2754 2622 ἡμεῖς
2785 2554 2832 2604 oi
2867 2551 3076 2604 κτιστοὶ
3119 2549 3512 2620 υίοΟετοὺμεθα
3558 2548 3709 2619 παρὰ
3741 2548 3834 2602 τοῦ

2269 2643 2398 2698 Υίοῦ
2421 2682 2436 2707 ,
2485 2643 2629 2697 καθὰ
2667 2640 3150 2712 μυσταγωγοῦντες
3177 2641 3324 2711 ἡμᾶς
3365 2633 3614 2707 λέγουσιν
3659 2642 3675 2707 (
3707 2640 3838 2692 Παῦ-

2267 2735 2356 2797 λος
2391 2735 2489 2805 μέν
2511 2751 2522 2764 ·
2567 2753 2586 2786 ι
2616 2736 2736 2786 Ὅτι
2758 2733 2814 2786 δέ
2846 2735 2967 2785 ἐστε
2995 2734 3120 2795 υἱοὶ,
3151 2731 3527 2798 ἐξαπέστειλεν
3561 2733 3588 2783 6
3618 2731 3748 2795 Θεὸς
3780 2731 3845 2784 τὸ

2269 2825 2494 2895 Πνεῦμα
2548 2824 2639 2878 τοῦ
2693 2823 2823 2878 Υίοῦ
2879 2825 3040 2877 αὑτοῦ
3097 2825 3176 2888 εἰς
3230 2823 3329 2886 τὰς
3378 2823 3606 2894 καρδίας
3663 2823 3842 2893 ἡμῶν,

2268 2915 2467 2985 κράζον
2489 2931 2502 2944 ·
2563 2915 2751 2979 Ἀϐδὰ,
2785 2918 2812 2968 ὁ
2846 2916 3037 2986 Πατήρ
3061 2929 3073 2942 ⁸
3118 2934 3136 2965 ι
3186 2914 3440 2983 Ἰωάννης
3472 2913 3527 2966 δέ
3553 2933 3564 2945 ·
3621 2933 3639 2964 ι
3687 2916 3841 2967 Ὀσοι

2267 3011 2324 3065 δὲ
2349 3009 2537 3064 ἔλαϐον
2568 3011 2752 3074 αὑτὸν,
2794 3010 2993 3064 ἔδωκεν
3024 3011 3204 3072 αὐτοῖς
3234 3008 3482 3072 ἐξουσίαν
3514 3006 3681 3061 τέκνα
3707 3005 3842 3064 Θεοῦ

2270 3102 2526 3171 γενέσθαι
2553 3122 2570 3155 ι
2595 3103 2645 3167 )’
2685 3104 2784 3155 οὑκ
2806 3101 3187 3155 ἀπολείπονται
3211 3117 3296 3152 πω
3326 3100 3426 3169 τῆς
3460 3097 3694 3168 ἀληθοῦς
3722 3096 3840 3150 θεό-

2266 3211 2426 3263 τητος
2449 3194 2505 3246 αί
2531 3194 2855 3256 ὑποστάσεις
2875 3187 3055 3247 αὗται.
3079 3191 3201 3253 Πῶς
3221 3191 3330 3262 γὰρ
3356 3193 3384 3244 6
3407 3190 3535 3254 mg
3565 3191 3620 3242 ὲν
3645 3187 3847 3264 ἑαιιτῷι

2269 3283 2402 3354 ἥδι’
2450 3283 2679 3351 ἑαυτοῦ,
2726 3285 2756 3355 ἢ
2806 3287 2863 3338 ὲν
2897 3285 2974 3356 τῷ
3021 3284 3135 3354 ἰδίῳ
3175 3281 3464 3352 Πνεύματι
3521 3281 3842 3351 υίοποιηθή-

2270 3391 2454 3438 astat;

2337 3488 2458 3540 AE'.
2501 3486 2639 3540 Εἰτὸ
2673 3487 2824 3554 ἅγιον
2857 3485 3080 3557 Πνεῦμα
3112 3485 3260 3555 λέγει
3283 3485 3494 3548 Παῦλος
3526 3481 3663 3538 εἶναι
3691 3503 3717 3535 ι.
3747 3484 3846 3543 τοῦ

2266 3579 2400 3635 θεοῦ
2431 3577 2675 3648 Πνεῦμα,
2699 3596 2718 3628 ι
2751 3576 2826 3639 ὼς
2854 3577 2998 3629 ἐστιν
3016 3578 3145 3647 ἡμῖν
3167 3576 3226 3629 τὸ
3246 3576 3422 3646 ἡμῶν,
3454 3577 3547 3629 καὶ
3578 3578 3626 3628 εἰ
3656 3578 3684 3628 6
3713 3574 3842 3638 Θεὸς

2266 3668 2464 3739 ὁμοίως
2491 3688 2508 3719 ι
2530 3667 2754 3737 Πνεῦμα
2787 3666 2949 3721 αὑτοῦ
2974 3685 2993 3718 ›
3021 3667 3416 3737 προσαγορεύει
3432 3666 3580 3720 αὑτό·
3602 3664 3847 3720 δυσσεεεῐ

2266 3763 2294 3813 6
2326 3759 2400 3830 μὴ
2416 3759 2590 3827 λέγων
2631 3759 2763 3811 αὐτὸ
2792 3757 2925 3811 Θεὸν
2957 3757 3291 3828 συνάναρχον
3321 3759 3412 3812 καὶ
3450 3758 3735 3828 ὁμοούσιον
3768 3759 3846 3828 τῷ

2270 3849 2463 3920 Πατρί.
2495 3848 2630 3902 osse
2651 3848 2759 3919 γὰρ
2789 3845 2878 3919 ἦν,
2911 3849 3001 3902 ὅτε
3033 3849 3188 3912 ἐκτὸς
3219 3848 3313 3902 τοῦ
3342 3849 3660 3919 Πνεὺματος
3679 3849 3845 3902 αὑτοῦ

2267 3935 2355 4010 ἧν,
2381 3939 2501 3995 οὐδὲ.
2527 3939 2802 4010 προσῆκεν
2833 3942 2994 4003 νοεῖν,
3024 3939 3099 4002 ὼς
3131 3939 3376 4010 ὕστερον,
3407 3940 3439 4009 ἢ
3476 3939 3673 4004 ἔξωθεν
3697 3940 3847 4010 αὑτῴ

2271 4031 2656 4101 προσγέγονεν,
2692 4031 2724 4101 ἦ
2752 4033 2833 4084 ὅτι
2865 4030 2958 4084 τοῦ
2996 4030 3252 4085 ἀκτίστου
3293 4029 3604 4100 Πνεῦματὸ
3630 4031 3848 4087 κτισθὲν

2271 4120 2487 4190 πνεῦμα
2538 4123 2833 4192 τυγχάνει⁸
2890 4121 3026 4175 ἀλλὰ
3074 4123 3169 4176 καὶ
3223 4123 3649 4192 συνεπιὸέὸηκεν
3694 4123 3844 4192 αὑτῴ

2269 4213 2361 4265 ἐπὶ
2394 4214 2482 4266 τὸν
2523 4213 2840 4285 χερουϐικὸν
2865 4213 3072 4283 θρόνον,
3105 4215 3199 4268 καὶ
3223 4218 3844 4285 συμπροσκυνεῖταικαὶ

2271 4301 2668 4369 συνδοξάζεται,
2695 4303 2770 4366 ὡς
2794 4303 3135 4374 προείρηται,
3162 4303 3256 4356 ἆτε
3287 4303 3512 4374 Πνεῦμα
3534 4302 3833 4376 ἀχώριστον

2271 4409 2457 4447 αυτου.

2341 4508 2479 4573 AG".
2518 4508 2579 4560 Εἰ
2612 4509 2644 4578 ἡ
2676 4507 2852 4570 κτίσις
2887 4507 3108 4578 δεκτικὴ
3139 4506 3265 4579 [154
3309 4505 3365 4579 α]
3402 4508 3716 4579 ἁγιότητος,
3754 4525 3844 4560 σθ,

599 4611 702 4654 tem
734 4598 870 4670 (79),
919 4597 1260 4666 sapientiam,
1306 4595 1601 4652 bonitatem
1670 4608 1724 4652 et
1778 4614 1988 4653 omnem
2043 4617 2162 4670 per-

2275 4598 2424 4668 φίας,
2462 4599 2813 4669 ἀγαθότητος,
2847 4601 2941 4652 καὶ
2970 4601 3149 4670 πάσης
3179 4600 3386 4663 τελείας
3413 4601 3608 4671 ἀρετῆς
3637 4598 3840 4666 τυγχά-

595 4691 794 4746 {cctam
823 4691 1110 4753 virtutem;
1146 4697 1228 4741 est
1264 4687 1408 4741 enim
1442 4689 1748 4755 mutabilis;
1783 4690 2014 4758 Spiritus
2039 4707 2168 4745 vero

596 4792 817 4839 sanctus
849 4785 965 4839 haec
1004 4780 1247 4850 accipere
1285 4794 1393 4833 non
1433 4791 1628 4849 potest,
1683 4781 1776 4837 sed
1822 4783 2041 4854 largiri;
2082 4792 2164 4838 est

668 5035 780 5104 (76)
827 5033 964 5087 Nam
997 5036 1098 5087 lex.
1144 5032 1298 5086 Rern.
1327 5046 1454 5104 _\’III,
1485 5029 1538 5084 2.

667 5101 780 5176 (77)
811 5104 969 5170 Quia.
1003 5104 1180 5176 Galat.
1214 5118 1286 5164 Iv,
1317 5101 1368 5154 6.

667 5169 778 5245 (78)
821 5175 1106 5243 Quotquot.
1132 5172 1288 5226 Joan.
1320 5187 1355 5233 I,
1394 5169 1481 5245 i2.

668 5235 781 5317 (79)
824 5235 1068 5317 Ᾰεείρενε
1101 5249 1264 5317 potest
1296 5241 1646 5293 sanctitatem.
1717 5236 1773 5290 In
1830 5235 2020 5317 Graeco
2042 5279 2068 5317 ,_
2095 5239 2178 5291 δε-

595 5310 771 5388 διτίκη
806 5310 1120 5388 κὰγιὸτητος,
1176 5313 1226 5364 id
1263 5320 1369 5388 _est_
1403 5323 1615 5388 «capax
1667 5317 1750 5362 est
1797 5310 2121 5388 sanctitatis.
2156 5329 2172 5388 ι

598 5376 769 5452 Quam
805 5376 1126 5439 locutionem
1179 5380 1396 5435 retinuit
1442 5378 1800 5452 Hieronymus
1839 5376 1890 5428 in
1939 5379 2169 5445 theologi

601 5446 770 5511 tiOstri
801 5455 937 5508 libro
970 5453 1046 5506 De
1070 5452 1272 5522 Spiritu
1316 5460 1510 5513 sancto,
1549 5446 1709 5522 num.
1734 5446 1792 5522 4,
1817 5455 1870 5500 et
1898 5453 2172 5522 sequenti-

599 5525 723 5590 bus,
749 5524 838 5578 ubi
867 5525 980 5578 fuse
1005 5517 1500 5590 hoc'argumeutum
1523 5517 1738 5590 exponit
1765 5517 1874 5590 ipse
1901 5517 2172 5590 Didymus,

601 5586 761 5662 atque
801 5595 939 5646 inter
969 5604 1159 5646 etctera
1193 5593 1306 5644 haec
1328 5589 1491 5662 habet
1522 5604 1535 5640 :
1573 5604 1591 5638 ι
1625 5586 1747 5640 llaec
1767 5587 1964 5662 quippe
1993 5589 2170 5662 omnia

603 5655 882 5732 sapientia!
927 5671 983 5716 et
1003 5673 1319 5732 caeterarum
1349 5655 2173 5732 virtutum,_etsanctiﬁcationis

605 5726 826 5802 capacia
866 5741 1022 5788 sunt°
1076 5731 1177 5787 ista
1225 5745 1352 5787 vero
1391 5727 1712 5794 substantia,
1753 5726 1833 5797 _de
1873 5740 1979 5796 qua
2029 5741 2169 5782 uuuc

2268 4709 2349 4744 νει
2383 4692 2627 4762 (τρεπτὴ
2656 4691 2808 4763 γὰρ),
2857 4695 2917 4746 τὸ
2957 4693 3000 4745 δ’
3040 4693 3194 4761 ἅγιον
3225 4693 3444 4762 Πνεῦμα
3475 4693 3535 4743 οὑ
3572 4690 3842 4752 δεκτικὸν,

2272 4783 2409 4837 ἀλλὰ
2439 4784 2767 4855 παρεκτικὸν
2796 4784 3102 4857 (ἄτρεπτον
3127 4785 3273 4857 γάρ)
3302 4802 3312 4814 ·
3345 4785 3450 4854 ἄρα
3480 4781 3843 4852 Δημιουργδς.

2273 5044 2448 5082 sermo
2469 5037 2574 5092 est,
2607 5035 2904 5096 sapientiae,
2941 5037 2994 5081 et
3029 5028 3288 5092 scientiae,
3313 5038 3366 5082 et
3396 5027 3847 5083 sanctificationis

2273 5099 2513 5154 clI‘ecti-ix
2547 5109 2647 5154 est.
2672 5136 2686 5151 .
2717 5139 2730 5154 .
2763 5096 2935 5151 Porro
2966 5099 3198 5165 Spiritus
3230 5110 3472 5161 sanctus,
3507 5096 3847 5151 confessione

2273 5170 2537 5230 omnium.
2600 5168 2952 5221 immutabilis
3000 5175 3120 5230 est,
3183 5167 3554 5221 sanctiﬁcator
3609 5167 3848 5220 scientia:

2276 5240 2486 5298 divinu',
2519 5245 2572 5289 et
2603 5237 2974 5290 universorum
3011 5238 3302 5291 attributor
3337 5237 3597 5290 bonorum
3641 5236 3850 5305 (legen-

2277 5309 2404 5360 dum
2425 5323 2543 5360 cum
2574 5318 2750 5360 nostro
2777 5307 2950 5359 codice
2975 5324 2994 5361 :
3025 5324 3044 5358 ι
3071 5305 3423 5360 lmumtahilis
3443 5317 3547 5371 est,
3573 5316 3624 5361 et
3653 5304 3849 5358 Sancti-

2281 5379 2490 5440 tlcator,
2525 5378 2764 5430 scientiae
2806 5377 3017 5442 divinae,
3055 5388 3108 5430 et
3147 5379 3526 5430 universorum
3561 5377 3850 5428 attributor

2281 5447 2539 5500 bonorum
2562 5449 2601 5508 ).
2635 5484 2650 5499 .
2677 5485 2690 5500 .
2735 5447 2789 5500 Si
2823 5446 2984 5515 igitur
3017 5447 3386 5503 sanetilicatnr
3428 5457 3544 5509 est,
3584 5461 3687 5498 non
3732 5459 3849 5495 mu-

2280 5518 2477 5581 tabilis,
2523 5519 2615 5570 sed
2667 5517 3014 5571 itmnutabilis
3063 5517 3376 5571 substantiae
3427 5517 3750 5569 ostenditur.
3779 5551 3794 5564 .
3824 5549 3839 5564 .

2277 5588 2448 5640 Omne
2502 5587 2645 5640 enim
2700 5589 2839 5654 quod
2889 5587 3046 5641 alieni
3095 5587 3214 5640 boni
3257 5601 3424 5654 capax
3473 5595 3577 5649 est,
3623 5584 3692 5637 ab
3747 5583 3848 5635 hac

2277 5654 2579 5709 substantia
2636 5667 2917 5726 separatur
2962 5676 2974 5712 :
3019 5657 3150 5713 tales
3200 5668 3376 5712 autem
3447 5665 3574 5710 sunt
3639 5658 3847 5709 cuncta:

2277 5735 2556 5781 creatura}.
2595 5745 2613 5778 ι
