  <div class='ocr_page' id='page_1' title='image "/cluster/home/n/w/nwhite01/storage/ocr_20150623/39/mdp.39015010572892/406.png"; bbox 0 0 4112 6406; ppageno 0'>
   <div class='ocr_carea' id='block_1_1' title="bbox 256 457 453 513">
    <p class='ocr_par' dir='ltr' id='par_1_1' title="bbox 256 457 453 513">
     <span class='ocr_line' id='line_1_1' title="bbox 256 457 453 513; baseline -0.03 0"><span class='ocrx_word' id='word_1_1' title='bbox 256 457 353 513; x_wconf 64' lang='lat' dir='ltr'><strong>SOI</strong></span> <span class='ocrx_word' id='word_1_2' title='bbox 446 500 453 507; x_wconf 90' lang='lat'><strong>.</strong></span> 
     </span>
    </p>
   </div>
   <div class='ocr_carea' id='block_1_2' title="bbox 1329 446 2414 521">
    <p class='ocr_par' dir='ltr' id='par_1_2' title="bbox 1329 446 2414 521">
     <span class='ocr_line' id='line_1_2' title="bbox 1329 446 2414 521; baseline 0.006 -18"><span class='ocrx_word' id='word_1_3' title='bbox 1329 450 1415 521; x_wconf 66' lang='grc' dir='ltr'>ΠΕ</span> <span class='ocrx_word' id='word_1_4' title='bbox 1450 446 1822 505; x_wconf 75' lang='lat' dir='ltr'><strong>TRINI&#39;I&#39;ATE</strong></span> <span class='ocrx_word' id='word_1_5' title='bbox 1854 449 2052 505; x_wconf 73' lang='lat' dir='ltr'><strong>LIBER</strong></span> <span class='ocrx_word' id='word_1_6' title='bbox 2091 449 2414 509; x_wconf 74' lang='lat' dir='ltr'><strong>TERTIUS.</strong></span> 
     </span>
    </p>
   </div>
   <div class='ocr_carea' id='block_1_3' title="bbox 3391 452 3496 507">
    <p class='ocr_par' dir='ltr' id='par_1_3' title="bbox 3391 452 3496 507">
     <span class='ocr_line' id='line_1_3' title="bbox 3391 452 3496 507; baseline -0.019 -1"><span class='ocrx_word' id='word_1_7' title='bbox 3391 452 3496 507; x_wconf 73' lang='lat'><strong>80?.</strong></span> 
     </span>
    </p>
   </div>
   <div class='ocr_carea' id='block_1_4' title="bbox 262 566 1821 642">
    <p class='ocr_par' dir='ltr' id='par_1_4' title="bbox 262 566 1821 642">
     <span class='ocr_line' id='line_1_4' title="bbox 262 566 1821 642; baseline -0.004 -13"><span class='ocrx_word' id='word_1_8' title='bbox 262 578 354 630; x_wconf 76' lang='grc' dir='ltr'><strong>καὶ</strong></span> <span class='ocrx_word' id='word_1_9' title='bbox 391 573 450 624; x_wconf 81' lang='grc' dir='ltr'><strong>ού</strong></span> <span class='ocrx_word' id='word_1_10' title='bbox 492 567 879 640; x_wconf 74' lang='grc' dir='ltr'><strong>δημιούργημα</strong></span> <span class='ocrx_word' id='word_1_11' title='bbox 920 566 1048 620; x_wconf 73' lang='grc' dir='ltr'>αύτὸ</span> <span class='ocrx_word' id='word_1_12' title='bbox 1087 569 1351 638; x_wconf 67' lang='grc' dir='ltr'>τυγχάνον</span> <span class='ocrx_word' id='word_1_13' title='bbox 1394 569 1524 637; x_wconf 21' lang='grc' dir='ltr'>(καθ’</span> <span class='ocrx_word' id='word_1_14' title='bbox 1568 569 1821 642; x_wconf 76' lang='grc' dir='ltr'>ὓπαρξιν,</span> 
     </span>
    </p>
   </div>
   <div class='ocr_carea' id='block_1_5' title="bbox 1924 566 3495 642">
    <p class='ocr_par' dir='ltr' id='par_1_5' title="bbox 1927 570 3495 641">
     <span class='ocr_line' id='line_1_5' title="bbox 1927 570 3495 641; baseline -0.001 -18"><span class='ocrx_word' id='word_1_15' title='bbox 1927 570 2069 624; x_wconf 82' lang='lat' dir='ltr'><strong>enim</strong></span> <span class='ocrx_word' id='word_1_16' title='bbox 2105 572 2475 628; x_wconf 89' lang='lat' dir='ltr'><strong>immutabilis.</strong></span> <span class='ocrx_word' id='word_1_17' title='bbox 2519 571 2746 627; x_wconf 90' lang='lat' dir='ltr'><strong>Creator</strong></span> <span class='ocrx_word' id='word_1_18' title='bbox 2772 586 2899 641; x_wconf 87' lang='lat' dir='ltr'><strong>ergo</strong></span> <span class='ocrx_word' id='word_1_19' title='bbox 2926 583 3028 638; x_wconf 86' lang='lat' dir='ltr'><strong>est,</strong></span> <span class='ocrx_word' id='word_1_20' title='bbox 3074 588 3177 626; x_wconf 88' lang='lat' dir='ltr'><strong>non</strong></span> <span class='ocrx_word' id='word_1_21' title='bbox 3221 581 3495 634; x_wconf 71' lang='lat' dir='ltr'><strong>creatura,</strong></span> 
     </span>
    </p>
   </div>
   <div class='ocr_carea' id='block_1_6' title="bbox 258 660 955 735">
    <p class='ocr_par' dir='ltr' id='par_1_6' title="bbox 258 660 955 735">
     <span class='ocr_line' id='line_1_6' title="bbox 258 660 955 735; baseline -0.017 -14"><span class='ocrx_word' id='word_1_22' title='bbox 258 664 401 721; x_wconf 65' lang='grc' dir='ltr'>κατὰ</span> <span class='ocrx_word' id='word_1_23' title='bbox 426 663 496 718; x_wconf 76' lang='grc' dir='ltr'>τὰ</span> <span class='ocrx_word' id='word_1_24' title='bbox 521 660 915 735; x_wconf 82' lang='grc' dir='ltr'>προειρημένα.</span> <span class='ocrx_word' id='word_1_25' title='bbox 948 702 955 709; x_wconf 97' lang='grc'><em>.</em></span> 
     </span>
    </p>
   </div>
   <div class='ocr_carea' id='block_1_7' title="bbox 330 838 1825 911">
    <p class='ocr_par' dir='ltr' id='par_1_7' title="bbox 330 838 1825 911">
     <span class='ocr_line' id='line_1_7' title="bbox 330 838 1825 911; baseline -0.003 -14"><span class='ocrx_word' id='word_1_26' title='bbox 330 843 455 897; x_wconf 88' lang='grc' dir='ltr'><strong>ΛΖ’.</strong></span> <span class='ocrx_word' id='word_1_27' title='bbox 490 839 553 894; x_wconf 80' lang='lat' dir='ltr'><strong>El</strong></span> <span class='ocrx_word' id='word_1_28' title='bbox 595 841 629 911; x_wconf 74' lang='grc' dir='ltr'>ἡ</span> <span class='ocrx_word' id='word_1_29' title='bbox 678 839 855 903; x_wconf 78' lang='grc' dir='ltr'><strong>κτίσις</strong></span> <span class='ocrx_word' id='word_1_30' title='bbox 887 838 1409 911; x_wconf 77' lang='grc' dir='ltr'>ἀναλαμϐανομένην</span> <span class='ocrx_word' id='word_1_31' title='bbox 1457 840 1547 893; x_wconf 73' lang='grc' dir='ltr'><strong>καὶ</strong></span> <span class='ocrx_word' id='word_1_32' title='bbox 1584 841 1825 895; x_wconf 72' lang='grc' dir='ltr'><strong>ἀποϐαλ-</strong></span> 
     </span>
    </p>
   </div>
   <div class='ocr_carea' id='block_1_8' title="bbox 255 928 1824 1003">
    <p class='ocr_par' dir='ltr' id='par_1_8' title="bbox 255 928 1824 1003">
     <span class='ocr_line' id='line_1_8' title="bbox 255 928 1824 1003; baseline -0.001 -18"><span class='ocrx_word' id='word_1_33' title='bbox 255 931 491 1002; x_wconf 70' lang='grc' dir='ltr'>λομένην</span> <span class='ocrx_word' id='word_1_34' title='bbox 545 929 747 998; x_wconf 83' lang='grc' dir='ltr'>γνῶσιν</span> <span class='ocrx_word' id='word_1_35' title='bbox 793 928 926 999; x_wconf 73' lang='grc' dir='ltr'>ἔχει,</span> <span class='ocrx_word' id='word_1_36' title='bbox 981 930 1042 982; x_wconf 82' lang='grc' dir='ltr'><strong>τὸ</strong></span> <span class='ocrx_word' id='word_1_37' title='bbox 1087 930 1143 982; x_wconf 78' lang='grc' dir='ltr'><strong>δὲ</strong></span> <span class='ocrx_word' id='word_1_38' title='bbox 1194 931 1416 1003; x_wconf 80' lang='grc' dir='ltr'>Πνεῦμα</span> <span class='ocrx_word' id='word_1_39' title='bbox 1464 930 1573 983; x_wconf 81' lang='grc' dir='ltr'>οὐδ’</span> <span class='ocrx_word' id='word_1_40' title='bbox 1628 930 1824 995; x_wconf 78' lang='grc' dir='ltr'>ἔξωθεν</span> 
     </span>
    </p>
   </div>
   <div class='ocr_carea' id='block_1_9' title="bbox 259 1021 1824 1095">
    <p class='ocr_par' dir='ltr' id='par_1_9' title="bbox 259 1021 1824 1095">
     <span class='ocr_line' id='line_1_9' title="bbox 259 1021 1824 1095; baseline -0.001 -18"><span class='ocrx_word' id='word_1_41' title='bbox 259 1025 433 1095; x_wconf 72' lang='grc' dir='ltr'>ἔσχεν,</span> <span class='ocrx_word' id='word_1_42' title='bbox 472 1021 578 1075; x_wconf 76' lang='grc' dir='ltr'>οὐδ’</span> <span class='ocrx_word' id='word_1_43' title='bbox 628 1021 985 1092; x_wconf 61' lang='grc' dir='ltr'>ἀπορριπτειῖν</span> <span class='ocrx_word' id='word_1_44' title='bbox 1031 1022 1239 1089; x_wconf 83' lang='grc' dir='ltr'>πέφυκε</span> <span class='ocrx_word' id='word_1_45' title='bbox 1280 1022 1378 1093; x_wconf 80' lang='grc' dir='ltr'><strong>τὴν</strong></span> <span class='ocrx_word' id='word_1_46' title='bbox 1419 1021 1640 1091; x_wconf 84' lang='grc' dir='ltr'>γνῶσιν,</span> <span class='ocrx_word' id='word_1_47' title='bbox 1689 1021 1824 1076; x_wconf 82' lang='grc' dir='ltr'>ἀλλὰ</span> 
     </span>
    </p>
   </div>
   <div class='ocr_carea' id='block_1_10' title="bbox 259 1112 1822 1183">
    <p class='ocr_par' dir='ltr' id='par_1_10' title="bbox 259 1112 1822 1183">
     <span class='ocr_line' id='line_1_10' title="bbox 259 1112 1822 1183; baseline -0.002 -14"><span class='ocrx_word' id='word_1_48' title='bbox 259 1115 352 1169; x_wconf 69' lang='grc' dir='ltr'>καὶ</span> <span class='ocrx_word' id='word_1_49' title='bbox 374 1112 776 1169; x_wconf 68' lang='grc' dir='ltr'>ἀποκαλύπτειν</span> <span class='ocrx_word' id='word_1_50' title='bbox 809 1112 874 1166; x_wconf 80' lang='grc' dir='ltr'>τὰ</span> <span class='ocrx_word' id='word_1_51' title='bbox 901 1112 992 1165; x_wconf 84' lang='grc' dir='ltr'><strong>τοῦ</strong></span> <span class='ocrx_word' id='word_1_52' title='bbox 1023 1112 1158 1166; x_wconf 85' lang='grc' dir='ltr'>Θεοῦ</span> <span class='ocrx_word' id='word_1_53' title='bbox 1197 1113 1388 1183; x_wconf 81' lang='grc' dir='ltr'><strong>σοφίας</strong></span> <span class='ocrx_word' id='word_1_54' title='bbox 1420 1114 1514 1166; x_wconf 77' lang='grc' dir='ltr'><strong>καὶ</strong></span> <span class='ocrx_word' id='word_1_55' title='bbox 1550 1112 1822 1182; x_wconf 79' lang='grc' dir='ltr'>γνώσεως,</span> 
     </span>
    </p>
   </div>
   <div class='ocr_carea' id='block_1_11' title="bbox 260 1202 1826 1276">
    <p class='ocr_par' dir='ltr' id='par_1_11' title="bbox 260 1202 1826 1276">
     <span class='ocr_line' id='line_1_11' title="bbox 260 1202 1826 1276; baseline -0.004 -16"><span class='ocrx_word' id='word_1_56' title='bbox 260 1207 353 1260; x_wconf 77' lang='grc' dir='ltr'>καὶ</span> <span class='ocrx_word' id='word_1_57' title='bbox 386 1203 481 1259; x_wconf 87' lang='grc' dir='ltr'><strong>τοῦ</strong></span> <span class='ocrx_word' id='word_1_58' title='bbox 511 1204 723 1276; x_wconf 84' lang='grc' dir='ltr'>Πατρὸς</span> <span class='ocrx_word' id='word_1_59' title='bbox 748 1205 867 1257; x_wconf 74' lang='grc' dir='ltr'>κατ’</span> <span class='ocrx_word' id='word_1_60' title='bbox 905 1203 1092 1257; x_wconf 84' lang='grc' dir='ltr'>οὐσίαν</span> <span class='ocrx_word' id='word_1_61' title='bbox 1135 1203 1406 1274; x_wconf 75' lang='grc' dir='ltr'>ὑπάρχονο</span> <span class='ocrx_word' id='word_1_62' title='bbox 1439 1204 1539 1257; x_wconf 85' lang='grc' dir='ltr'><strong>ούκ</strong></span> <span class='ocrx_word' id='word_1_63' title='bbox 1568 1202 1675 1274; x_wconf 73' lang='grc' dir='ltr'>ἄρα</span> <span class='ocrx_word' id='word_1_64' title='bbox 1709 1202 1826 1256; x_wconf 85' lang='grc' dir='ltr'>κτί-</span> 
     </span>
    </p>
   </div>
   <div class='ocr_carea' id='block_1_12' title="bbox 261 1293 1822 1367">
    <p class='ocr_par' dir='ltr' id='par_1_12' title="bbox 261 1293 1822 1367">
     <span class='ocr_line' id='line_1_12' title="bbox 261 1293 1822 1367; baseline -0.002 -19"><span class='ocrx_word' id='word_1_65' title='bbox 261 1314 370 1367; x_wconf 85' lang='grc' dir='ltr'><strong>σμα</strong></span> <span class='ocrx_word' id='word_1_66' title='bbox 400 1296 459 1348; x_wconf 82' lang='grc' dir='ltr'><strong>τὸ</strong></span> <span class='ocrx_word' id='word_1_67' title='bbox 492 1298 733 1367; x_wconf 79' lang='grc' dir='ltr'><strong>Πνεῦμα.</strong></span> <span class='ocrx_word' id='word_1_68' title='bbox 779 1296 833 1347; x_wconf 82' lang='grc' dir='ltr'><strong>Ἐ</strong></span> <span class='ocrx_word' id='word_1_69' title='bbox 847 1294 1088 1364; x_wconf 67' lang='grc' dir='ltr'>κατίωμεν</span> <span class='ocrx_word' id='word_1_70' title='bbox 1121 1293 1177 1346; x_wconf 82' lang='grc' dir='ltr'><strong>δὲ</strong></span> <span class='ocrx_word' id='word_1_71' title='bbox 1217 1294 1310 1347; x_wconf 73' lang='grc' dir='ltr'>καὶ</span> <span class='ocrx_word' id='word_1_72' title='bbox 1338 1293 1445 1348; x_wconf 80' lang='grc' dir='ltr'>τῶν</span> <span class='ocrx_word' id='word_1_73' title='bbox 1480 1294 1605 1365; x_wconf 75' lang='grc' dir='ltr'><strong>περὶ⁹</strong></span> <span class='ocrx_word' id='word_1_74' title='bbox 1630 1293 1822 1346; x_wconf 74' lang='grc' dir='ltr'>τούτου</span> 
     </span>
    </p>
   </div>
   <div class='ocr_carea' id='block_1_13' title="bbox 267 1375 1416 1457">
    <p class='ocr_par' dir='ltr' id='par_1_13' title="bbox 267 1375 1416 1457">
     <span class='ocr_line' id='line_1_13' title="bbox 267 1375 1416 1457; baseline -0.006 -16"><span class='ocrx_word' id='word_1_75' title='bbox 267 1386 592 1457; x_wconf 75' lang='grc' dir='ltr'>Ἑλληνικῶν</span> <span class='ocrx_word' id='word_1_76' title='bbox 626 1384 994 1454; x_wconf 62' lang='grc' dir='ltr'>σοφισμάτων,</span> <span class='ocrx_word' id='word_1_77' title='bbox 1027 1382 1255 1452; x_wconf 68' lang='grc' dir='ltr'>ἐχόντων</span> <span class='ocrx_word' id='word_1_78' title='bbox 1281 1375 1381 1436; x_wconf 81' lang='grc' dir='ltr'><strong>ὧδε</strong></span> <span class='ocrx_word' id='word_1_79' title='bbox 1403 1398 1416 1412; x_wconf 73' lang='grc'><strong><em>⁸</em></strong></span> 
     </span>
    </p>
   </div>
   <div class='ocr_carea' id='block_1_14' title="bbox 325 1496 1751 1536">
    <p class='ocr_par' dir='ltr' id='par_1_14' title="bbox 325 1496 1751 1536">
     <span class='ocr_line' id='line_1_14' title="bbox 325 1496 1751 1536; baseline -0.003 -5"><span class='ocrx_word' id='word_1_80' title='bbox 325 1522 340 1536; x_wconf 69' lang='grc' dir='ltr'>ι</span> <span class='ocrx_word' id='word_1_81' title='bbox 422 1519 438 1535; x_wconf 79' lang='grc' dir='ltr'><strong>ο</strong></span> <span class='ocrx_word' id='word_1_82' title='bbox 514 1519 530 1533; x_wconf 71' lang='grc' dir='ltr'><strong><em>ο</em></strong></span> <span class='ocrx_word' id='word_1_83' title='bbox 610 1517 624 1530; x_wconf 72' lang='grc' dir='ltr'><strong>ο</strong></span> <span class='ocrx_word' id='word_1_84' title='bbox 690 1496 719 1532; x_wconf 34' lang='grc' dir='ltr'><strong>ἡ.</strong></span> <span class='ocrx_word' id='word_1_85' title='bbox 795 1516 810 1531; x_wconf 78' lang='grc' dir='ltr'><strong>ο</strong></span> <span class='ocrx_word' id='word_1_86' title='bbox 890 1513 905 1530; x_wconf 77' lang='grc' dir='ltr'><strong>ο</strong></span> <span class='ocrx_word' id='word_1_87' title='bbox 983 1515 998 1529; x_wconf 76' lang='grc' dir='ltr'><strong><em>ο</em></strong></span> <span class='ocrx_word' id='word_1_88' title='bbox 1073 1513 1090 1529; x_wconf 73' lang='grc' dir='ltr'><strong>ο</strong></span> <span class='ocrx_word' id='word_1_89' title='bbox 1166 1515 1183 1530; x_wconf 75' lang='grc' dir='ltr'><strong>ο</strong></span> <span class='ocrx_word' id='word_1_90' title='bbox 1259 1514 1277 1530; x_wconf 73' lang='grc' dir='ltr'><strong>ο</strong></span> <span class='ocrx_word' id='word_1_91' title='bbox 1360 1515 1378 1532; x_wconf 73' lang='grc' dir='ltr'><strong>ο</strong></span> <span class='ocrx_word' id='word_1_92' title='bbox 1453 1513 1470 1529; x_wconf 71' lang='grc' dir='ltr'><strong>ο</strong></span> <span class='ocrx_word' id='word_1_93' title='bbox 1549 1512 1567 1528; x_wconf 74' lang='grc' dir='ltr'><strong>ο</strong></span> <span class='ocrx_word' id='word_1_94' title='bbox 1641 1515 1657 1531; x_wconf 76' lang='grc' dir='ltr'><strong><em>ο</em></strong></span> <span class='ocrx_word' id='word_1_95' title='bbox 1734 1511 1751 1527; x_wconf 75' lang='grc' dir='ltr'><strong>ο</strong></span> 
     </span>
    </p>
   </div>
   <div class='ocr_carea' id='block_1_15' title="bbox 320 1647 1822 1720">
    <p class='ocr_par' dir='ltr' id='par_1_15' title="bbox 320 1647 1822 1720">
     <span class='ocr_line' id='line_1_15' title="bbox 320 1647 1822 1720; baseline -0.008 -8"><span class='ocrx_word' id='word_1_96' title='bbox 320 1659 448 1712; x_wconf 77' lang='grc' dir='ltr'><strong>ΑΠ’.</strong></span> <span class='ocrx_word' id='word_1_97' title='bbox 500 1657 562 1708; x_wconf 78' lang='grc' dir='ltr'><strong>Εἰ</strong></span> <span class='ocrx_word' id='word_1_98' title='bbox 603 1658 632 1708; x_wconf 84' lang='grc' dir='ltr'><strong>ὁ</strong></span> <span class='ocrx_word' id='word_1_99' title='bbox 680 1653 864 1717; x_wconf 81' lang='grc' dir='ltr'>δοῦλος</span> <span class='ocrx_word' id='word_1_100' title='bbox 908 1653 1007 1705; x_wconf 72' lang='grc' dir='ltr'><strong>οὐκ</strong></span> <span class='ocrx_word' id='word_1_101' title='bbox 1041 1647 1201 1714; x_wconf 81' lang='grc' dir='ltr'>οἶδεν,</span> <span class='ocrx_word' id='word_1_102' title='bbox 1254 1649 1306 1702; x_wconf 82' lang='grc' dir='ltr'><strong>τί</strong></span> <span class='ocrx_word' id='word_1_103' title='bbox 1352 1651 1499 1703; x_wconf 78' lang='grc' dir='ltr'>ποιεῖ</span> <span class='ocrx_word' id='word_1_104' title='bbox 1548 1650 1576 1702; x_wconf 85' lang='grc' dir='ltr'>ὁ</span> <span class='ocrx_word' id='word_1_105' title='bbox 1618 1648 1822 1720; x_wconf 84' lang='grc' dir='ltr'>Κύριος</span> 
     </span>
    </p>
   </div>
   <div class='ocr_carea' id='block_1_16' title="bbox 256 1739 1821 1816">
    <p class='ocr_par' dir='ltr' id='par_1_16' title="bbox 256 1739 1821 1816">
     <span class='ocr_line' id='line_1_16' title="bbox 256 1739 1821 1816; baseline -0.007 -13"><span class='ocrx_word' id='word_1_106' title='bbox 256 1749 416 1803; x_wconf 74' lang='grc' dir='ltr'>αὐτοῦ</span> <span class='ocrx_word' id='word_1_107' title='bbox 439 1790 452 1810; x_wconf 87' lang='grc'><strong>,</strong></span> <span class='ocrx_word' id='word_1_108' title='bbox 487 1749 545 1801; x_wconf 84' lang='grc' dir='ltr'><strong>τὸ</strong></span> <span class='ocrx_word' id='word_1_109' title='bbox 577 1747 633 1800; x_wconf 79' lang='grc' dir='ltr'><strong>δὲ</strong></span> <span class='ocrx_word' id='word_1_110' title='bbox 674 1746 897 1816; x_wconf 81' lang='grc' dir='ltr'>Πνεῦμα</span> <span class='ocrx_word' id='word_1_111' title='bbox 943 1740 1081 1797; x_wconf 75' lang='grc' dir='ltr'>οἶδεν</span> <span class='ocrx_word' id='word_1_112' title='bbox 1119 1742 1191 1796; x_wconf 81' lang='grc' dir='ltr'>τὰ</span> <span class='ocrx_word' id='word_1_113' title='bbox 1233 1741 1327 1796; x_wconf 86' lang='grc' dir='ltr'><strong>τοῦ</strong></span> <span class='ocrx_word' id='word_1_114' title='bbox 1357 1741 1492 1795; x_wconf 87' lang='grc' dir='ltr'>Θεοῦ</span> <span class='ocrx_word' id='word_1_115' title='bbox 1517 1780 1533 1805; x_wconf 93' lang='grc'><strong>,</strong></span> <span class='ocrx_word' id='word_1_116' title='bbox 1566 1740 1706 1794; x_wconf 85' lang='grc' dir='ltr'>κατὰ</span> <span class='ocrx_word' id='word_1_117' title='bbox 1732 1739 1821 1793; x_wconf 88' lang='grc' dir='ltr'><strong>τὸν</strong></span> 
     </span>
    </p>
   </div>
   <div class='ocr_carea' id='block_1_17' title="bbox 260 1831 1822 1906">
    <p class='ocr_par' dir='ltr' id='par_1_17' title="bbox 260 1831 1822 1906">
     <span class='ocr_line' id='line_1_17' title="bbox 260 1831 1822 1906; baseline -0.008 -12"><span class='ocrx_word' id='word_1_118' title='bbox 260 1836 618 1894; x_wconf 69' lang='grc' dir='ltr'>Ἀπόστολοψ</span> <span class='ocrx_word' id='word_1_119' title='bbox 658 1837 718 1888; x_wconf 82' lang='grc' dir='ltr'>οὐ</span> <span class='ocrx_word' id='word_1_120' title='bbox 753 1835 1032 1906; x_wconf 77' lang='grc' dir='ltr'><strong>διώρισται</strong></span> <span class='ocrx_word' id='word_1_121' title='bbox 1059 1833 1222 1888; x_wconf 81' lang='grc' dir='ltr'>αὐτοῦ</span> <span class='ocrx_word' id='word_1_122' title='bbox 1254 1831 1410 1901; x_wconf 78' lang='grc' dir='ltr'>φύσει</span> <span class='ocrx_word' id='word_1_123' title='bbox 1453 1832 1545 1884; x_wconf 66' lang='grc' dir='ltr'><strong>καὶ</strong></span> <span class='ocrx_word' id='word_1_124' title='bbox 1583 1832 1649 1903; x_wconf 84' lang='grc' dir='ltr'>τῇ</span> <span class='ocrx_word' id='word_1_125' title='bbox 1685 1847 1822 1899; x_wconf 80' lang='grc' dir='ltr'>συμ-</span> 
     </span>
    </p>
   </div>
   <div class='ocr_carea' id='block_1_18' title="bbox 1927 659 3491 736">
    <p class='ocr_par' dir='ltr' id='par_1_18' title="bbox 1927 659 3491 736">
     <span class='ocr_line' id='line_1_18' title="bbox 1927 659 3491 736; baseline 0 -22"><span class='ocrx_word' id='word_1_126' title='bbox 1927 663 2215 715; x_wconf 85' lang='lat' dir='ltr'><strong>secuudum</strong></span> <span class='ocrx_word' id='word_1_127' title='bbox 2253 661 2561 727; x_wconf 80' lang='lat' dir='ltr'><strong>essentiam,</strong></span> <span class='ocrx_word' id='word_1_128' title='bbox 2583 661 2733 731; x_wconf 80' lang='lat' dir='ltr'><strong>ju‘xta</strong></span> <span class='ocrx_word' id='word_1_129' title='bbox 2766 661 2850 716; x_wconf 89' lang='lat' dir='ltr'><strong>illa</strong></span> <span class='ocrx_word' id='word_1_130' title='bbox 2897 678 3017 732; x_wconf 75' lang='lat' dir='ltr'><strong>qua:</strong></span> <span class='ocrx_word' id='word_1_131' title='bbox 3053 672 3175 716; x_wconf 86' lang='lat' dir='ltr'><strong>ante</strong></span> <span class='ocrx_word' id='word_1_132' title='bbox 3194 659 3305 736; x_wconf 84' lang='lat'><strong>(80)</strong></span> <span class='ocrx_word' id='word_1_133' title='bbox 3349 663 3491 715; x_wconf 80' lang='lat' dir='ltr'><strong>dicta</strong></span> 
     </span>
    </p>
   </div>
   <div class='ocr_carea' id='block_1_19' title="bbox 1927 760 2073 804">
    <p class='ocr_par' dir='ltr' id='par_1_19' title="bbox 1927 760 2073 804">
     <span class='ocr_line' id='line_1_19' title="bbox 1927 760 2073 804; baseline 0 0"><span class='ocrx_word' id='word_1_134' title='bbox 1927 760 2073 804; x_wconf 82' lang='lat' dir='ltr'><strong>snnt.</strong></span> 
     </span>
    </p>
   </div>
   <div class='ocr_carea' id='block_1_20' title="bbox 1982 837 3500 908">
    <p class='ocr_par' dir='ltr' id='par_1_20' title="bbox 1982 837 3500 908">
     <span class='ocr_line' id='line_1_20' title="bbox 1982 837 3500 908; baseline -0.003 -13"><span class='ocrx_word' id='word_1_135' title='bbox 1982 838 2247 895; x_wconf 78' lang='lat' dir='ltr'><strong>XXXVII.</strong></span> <span class='ocrx_word' id='word_1_136' title='bbox 2262 839 2317 894; x_wconf 86' lang='lat' dir='ltr'><strong>Si</strong></span> <span class='ocrx_word' id='word_1_137' title='bbox 2334 848 2579 895; x_wconf 75' lang='lat' dir='ltr'><strong>creatura</strong></span> <span class='ocrx_word' id='word_1_138' title='bbox 2596 838 2949 908; x_wconf 70' lang='lat' dir='ltr'><strong>cognitionem</strong></span> <span class='ocrx_word' id='word_1_139' title='bbox 2974 852 3123 892; x_wconf 91' lang='lat' dir='ltr'><strong>suam</strong></span> <span class='ocrx_word' id='word_1_140' title='bbox 3146 837 3303 891; x_wconf 87' lang='lat' dir='ltr'><strong>modo</strong></span> <span class='ocrx_word' id='word_1_141' title='bbox 3320 838 3500 907; x_wconf 85' lang='lat' dir='ltr'><strong>acqui-</strong></span> 
     </span>
    </p>
   </div>
   <div class='ocr_carea' id='block_1_21' title="bbox 1926 930 3495 1000">
    <p class='ocr_par' dir='ltr' id='par_1_21' title="bbox 1926 930 3495 1000">
     <span class='ocr_line' id='line_1_21' title="bbox 1926 930 3495 1000; baseline -0.003 -13"><span class='ocrx_word' id='word_1_142' title='bbox 1926 933 2015 998; x_wconf 86' lang='lat' dir='ltr'><strong>rit,</strong></span> <span class='ocrx_word' id='word_1_143' title='bbox 2034 934 2189 987; x_wconf 86' lang='lat' dir='ltr'><strong>modo</strong></span> <span class='ocrx_word' id='word_1_144' title='bbox 2214 932 2439 999; x_wconf 88' lang='lat' dir='ltr'><strong>amittit;</strong></span> <span class='ocrx_word' id='word_1_145' title='bbox 2467 930 2696 1000; x_wconf 86' lang='lat' dir='ltr'><strong>Spiritus</strong></span> <span class='ocrx_word' id='word_1_146' title='bbox 2714 945 2839 985; x_wconf 85' lang='lat' dir='ltr'><strong>vero</strong></span> <span class='ocrx_word' id='word_1_147' title='bbox 2859 945 3030 998; x_wconf 89' lang='lat' dir='ltr'><strong>neque</strong></span> <span class='ocrx_word' id='word_1_148' title='bbox 3045 930 3378 983; x_wconf 81' lang='lat' dir='ltr'><strong>extrinsecus</strong></span> <span class='ocrx_word' id='word_1_149' title='bbox 3403 944 3495 982; x_wconf 86' lang='lat' dir='ltr'><strong>c0-</strong></span> 
     </span>
    </p>
   </div>
   <div class='ocr_carea' id='block_1_22' title="bbox 1925 1018 3492 1094">
    <p class='ocr_par' dir='ltr' id='par_1_22' title="bbox 1925 1018 3492 1094">
     <span class='ocr_line' id='line_1_22' title="bbox 1925 1018 3492 1094; baseline -0.006 -16"><span class='ocrx_word' id='word_1_150' title='bbox 1925 1024 2216 1094; x_wconf 91' lang='lat' dir='ltr'><strong>gnitionem</strong></span> <span class='ocrx_word' id='word_1_151' title='bbox 2235 1038 2383 1077; x_wconf 89' lang='lat' dir='ltr'><strong>suam</strong></span> <span class='ocrx_word' id='word_1_152' title='bbox 2407 1022 2613 1087; x_wconf 82' lang='lat' dir='ltr'><strong>habuit,</strong></span> <span class='ocrx_word' id='word_1_153' title='bbox 2643 1036 2741 1075; x_wconf 89' lang='lat' dir='ltr'><strong>nec</strong></span> <span class='ocrx_word' id='word_1_154' title='bbox 2767 1036 2883 1076; x_wconf 88' lang='lat' dir='ltr'><strong>eam</strong></span> <span class='ocrx_word' id='word_1_155' title='bbox 2912 1018 3143 1087; x_wconf 86' lang='lat' dir='ltr'><strong>abjicere</strong></span> <span class='ocrx_word' id='word_1_156' title='bbox 3172 1023 3366 1086; x_wconf 62' lang='lat' dir='ltr'><strong>pote~t,</strong></span> <span class='ocrx_word' id='word_1_157' title='bbox 3400 1019 3492 1071; x_wconf 82' lang='lat' dir='ltr'><strong>sed</strong></span> 
     </span>
    </p>
   </div>
   <div class='ocr_carea' id='block_1_23' title="bbox 1926 1107 3494 1186">
    <p class='ocr_par' dir='ltr' id='par_1_23' title="bbox 1926 1107 3494 1186">
     <span class='ocr_line' id='line_1_23' title="bbox 1926 1107 3494 1186; baseline -0.008 -16"><span class='ocrx_word' id='word_1_158' title='bbox 1926 1118 2102 1186; x_wconf 76' lang='lat' dir='ltr'><strong>pouns</strong></span> <span class='ocrx_word' id='word_1_159' title='bbox 2128 1130 2191 1169; x_wconf 92' lang='lat' dir='ltr'><strong>ea</strong></span> <span class='ocrx_word' id='word_1_160' title='bbox 2227 1114 2448 1178; x_wconf 81' lang='lat' dir='ltr'><strong>revelat,</strong></span> <span class='ocrx_word' id='word_1_161' title='bbox 2479 1129 2597 1183; x_wconf 72' lang='lat' dir='ltr'><strong>qua:</strong></span> <span class='ocrx_word' id='word_1_162' title='bbox 2639 1122 2763 1167; x_wconf 90' lang='lat' dir='ltr'><strong>sunt</strong></span> <span class='ocrx_word' id='word_1_163' title='bbox 2792 1110 3070 1182; x_wconf 67' lang='lat' dir='ltr'><strong>sapientiae</strong></span> <span class='ocrx_word' id='word_1_164' title='bbox 3098 1118 3153 1164; x_wconf 90' lang='lat' dir='ltr'><strong>et</strong></span> <span class='ocrx_word' id='word_1_165' title='bbox 3175 1107 3494 1178; x_wconf 79' lang='lat' dir='ltr'><strong>cognitionis</strong></span> 
     </span>
    </p>
   </div>
   <div class='ocr_carea' id='block_1_24' title="bbox 1928 1200 3494 1277">
    <p class='ocr_par' dir='ltr' id='par_1_24' title="bbox 1928 1200 3494 1277">
     <span class='ocr_line' id='line_1_24' title="bbox 1928 1200 3494 1277; baseline -0.004 -18"><span class='ocrx_word' id='word_1_166' title='bbox 1928 1205 2042 1270; x_wconf 81' lang='lat' dir='ltr'><strong>Dei,</strong></span> <span class='ocrx_word' id='word_1_167' title='bbox 2066 1222 2128 1259; x_wconf 91' lang='lat' dir='ltr'><strong>ac</strong></span> <span class='ocrx_word' id='word_1_168' title='bbox 2152 1205 2194 1259; x_wconf 90' lang='lat' dir='ltr'><strong>si</strong></span> <span class='ocrx_word' id='word_1_169' title='bbox 2223 1205 2398 1260; x_wconf 88' lang='lat' dir='ltr'><strong>Patris</strong></span> <span class='ocrx_word' id='word_1_170' title='bbox 2422 1214 2504 1260; x_wconf 89' lang='lat' dir='ltr'><strong>est</strong></span> <span class='ocrx_word' id='word_1_171' title='bbox 2524 1204 2633 1277; x_wconf 82' lang='grc'><strong>(81)</strong></span> <span class='ocrx_word' id='word_1_172' title='bbox 2675 1204 2965 1259; x_wconf 89' lang='lat' dir='ltr'><strong>secundum</strong></span> <span class='ocrx_word' id='word_1_173' title='bbox 3016 1200 3308 1256; x_wconf 70' lang='lat' dir='ltr'><strong>essentiam</strong></span> <span class='ocrx_word' id='word_1_174' title='bbox 3332 1215 3346 1263; x_wconf 91' lang='lat'><strong>;</strong></span> <span class='ocrx_word' id='word_1_175' title='bbox 3388 1213 3494 1252; x_wconf 92' lang='lat' dir='ltr'><strong>non</strong></span> 
     </span>
    </p>
   </div>
   <div class='ocr_carea' id='block_1_25' title="bbox 1926 1289 3492 1367">
    <p class='ocr_par' dir='ltr' id='par_1_25' title="bbox 1926 1289 3492 1367">
     <span class='ocr_line' id='line_1_25' title="bbox 1926 1289 3492 1367; baseline -0.004 -18"><span class='ocrx_word' id='word_1_176' title='bbox 1926 1306 2008 1351; x_wconf 88' lang='lat' dir='ltr'><strong>cst</strong></span> <span class='ocrx_word' id='word_1_177' title='bbox 2046 1312 2171 1367; x_wconf 89' lang='lat' dir='ltr'><strong>ergo</strong></span> <span class='ocrx_word' id='word_1_178' title='bbox 2206 1305 2453 1352; x_wconf 82' lang='lat' dir='ltr'><strong>creatura</strong></span> <span class='ocrx_word' id='word_1_179' title='bbox 2500 1295 2752 1365; x_wconf 88' lang='lat' dir='ltr'><strong>Spiritus.</strong></span> <span class='ocrx_word' id='word_1_180' title='bbox 2784 1294 3082 1349; x_wconf 82' lang='lat' dir='ltr'><strong>Audiamus</strong></span> <span class='ocrx_word' id='word_1_181' title='bbox 3134 1306 3264 1345; x_wconf 82' lang='lat' dir='ltr'><strong>vero</strong></span> <span class='ocrx_word' id='word_1_182' title='bbox 3295 1289 3359 1344; x_wconf 92' lang='lat' dir='ltr'><strong>de</strong></span> <span class='ocrx_word' id='word_1_183' title='bbox 3391 1290 3492 1343; x_wconf 92' lang='lat' dir='ltr'><strong>hoc</strong></span> 
     </span>
    </p>
   </div>
   <div class='ocr_carea' id='block_1_26' title="bbox 1925 1377 3491 1456">
    <p class='ocr_par' dir='ltr' id='par_1_26' title="bbox 1925 1377 3491 1456">
     <span class='ocr_line' id='line_1_26' title="bbox 1925 1377 3491 1456; baseline -0.005 -14"><span class='ocrx_word' id='word_1_184' title='bbox 1925 1387 2087 1442; x_wconf 88' lang='lat' dir='ltr'><strong>etiam</strong></span> <span class='ocrx_word' id='word_1_185' title='bbox 2122 1385 2432 1442; x_wconf 69' lang='lat' dir='ltr'><strong>Graecorum</strong></span> <span class='ocrx_word' id='word_1_186' title='bbox 2481 1386 2711 1456; x_wconf 85' lang='lat' dir='ltr'><strong>cogitata</strong></span> <span class='ocrx_word' id='word_1_187' title='bbox 2753 1397 2872 1455; x_wconf 73' lang='lat' dir='ltr'><strong>quae</strong></span> <span class='ocrx_word' id='word_1_188' title='bbox 2911 1386 2990 1440; x_wconf 85' lang='lat' dir='ltr'><strong>sic</strong></span> <span class='ocrx_word' id='word_1_189' title='bbox 3024 1398 3082 1438; x_wconf 90' lang='lat' dir='ltr'><strong>se</strong></span> <span class='ocrx_word' id='word_1_190' title='bbox 3118 1377 3445 1453; x_wconf 75' lang='lat' dir='ltr'><strong>habent(82)</strong></span> <span class='ocrx_word' id='word_1_191' title='bbox 3472 1396 3491 1434; x_wconf 74' lang='grc' dir='ltr'><strong>ι</strong></span> 
     </span>
    </p>
   </div>
   <div class='ocr_carea' id='block_1_27' title="bbox 1993 1633 3492 1719">
    <p class='ocr_par' dir='ltr' id='par_1_27' title="bbox 1993 1633 3492 1719">
     <span class='ocr_line' id='line_1_27' title="bbox 1993 1633 3492 1719; baseline -0.009 -12"><span class='ocrx_word' id='word_1_192' title='bbox 1993 1651 2280 1707; x_wconf 77' lang='lat' dir='ltr'><strong>XXXVIII.</strong></span> <span class='ocrx_word' id='word_1_193' title='bbox 2312 1650 2369 1705; x_wconf 88' lang='lat' dir='ltr'><strong>Si</strong></span> <span class='ocrx_word' id='word_1_194' title='bbox 2408 1664 2596 1705; x_wconf 88' lang='lat' dir='ltr'><strong>servus</strong></span> <span class='ocrx_word' id='word_1_195' title='bbox 2629 1664 2732 1702; x_wconf 91' lang='lat' dir='ltr'><strong>non</strong></span> <span class='ocrx_word' id='word_1_196' title='bbox 2766 1649 2911 1702; x_wconf 88' lang='lat' dir='ltr'><strong>novit</strong></span> <span class='ocrx_word' id='word_1_197' title='bbox 2937 1647 3063 1719; x_wconf 86' lang='lat' dir='ltr'><strong>quid</strong></span> <span class='ocrx_word' id='word_1_198' title='bbox 3113 1633 3275 1701; x_wconf 80' lang='lat' dir='ltr'><strong>faciat</strong></span> <span class='ocrx_word' id='word_1_199' title='bbox 3319 1642 3492 1698; x_wconf 86' lang='lat' dir='ltr'><strong>domi-</strong></span> 
     </span>
    </p>
   </div>
   <div class='ocr_carea' id='block_1_28' title="bbox 1925 1736 3493 1814">
    <p class='ocr_par' dir='ltr' id='par_1_28' title="bbox 1925 1736 3493 1814">
     <span class='ocr_line' id='line_1_28' title="bbox 1925 1736 3493 1814; baseline -0.006 -15"><span class='ocrx_word' id='word_1_200' title='bbox 1925 1759 2025 1799; x_wconf 88' lang='lat' dir='ltr'><strong>nus</strong></span> <span class='ocrx_word' id='word_1_201' title='bbox 2054 1742 2207 1814; x_wconf 86' lang='lat' dir='ltr'><strong>ejus;</strong></span> <span class='ocrx_word' id='word_1_202' title='bbox 2242 1739 2475 1810; x_wconf 87' lang='lat' dir='ltr'><strong>Spiritus</strong></span> <span class='ocrx_word' id='word_1_203' title='bbox 2505 1754 2631 1794; x_wconf 91' lang='lat' dir='ltr'><strong>vero</strong></span> <span class='ocrx_word' id='word_1_204' title='bbox 2664 1736 2815 1806; x_wconf 77' lang='lat' dir='ltr'><strong>juxta</strong></span> <span class='ocrx_word' id='word_1_205' title='bbox 2868 1736 3182 1808; x_wconf 79' lang='lat' dir='ltr'><strong>ApOstolum</strong></span> <span class='ocrx_word' id='word_1_206' title='bbox 3229 1737 3378 1791; x_wconf 80' lang='lat' dir='ltr'><strong>novit</strong></span> <span class='ocrx_word' id='word_1_207' title='bbox 3429 1752 3493 1790; x_wconf 87' lang='lat' dir='ltr'><strong>ea</strong></span> 
     </span>
    </p>
   </div>
   <div class='ocr_carea' id='block_1_29' title="bbox 1926 1827 3491 1905">
    <p class='ocr_par' dir='ltr' id='par_1_29' title="bbox 1926 1827 3491 1905">
     <span class='ocr_line' id='line_1_29' title="bbox 1926 1827 3491 1905; baseline -0.005 -16"><span class='ocrx_word' id='word_1_208' title='bbox 1926 1849 2046 1905; x_wconf 76' lang='lat' dir='ltr'><strong>quae</strong></span> <span class='ocrx_word' id='word_1_209' title='bbox 2080 1843 2206 1889; x_wconf 90' lang='lat' dir='ltr'><strong>sunt</strong></span> <span class='ocrx_word' id='word_1_210' title='bbox 2246 1832 2340 1887; x_wconf 79' lang='lat' dir='ltr'><strong>Dei</strong></span> <span class='ocrx_word' id='word_1_211' title='bbox 2383 1845 2400 1887; x_wconf 84' lang='lat'><strong>:</strong></span> <span class='ocrx_word' id='word_1_212' title='bbox 2450 1846 2553 1886; x_wconf 91' lang='lat' dir='ltr'><strong>non</strong></span> <span class='ocrx_word' id='word_1_213' title='bbox 2595 1830 2941 1900; x_wconf 81' lang='lat' dir='ltr'><strong>distinguitur</strong></span> <span class='ocrx_word' id='word_1_214' title='bbox 2983 1844 3075 1898; x_wconf 92' lang='lat' dir='ltr'><strong>per</strong></span> <span class='ocrx_word' id='word_1_215' title='bbox 3136 1837 3379 1882; x_wconf 86' lang='lat' dir='ltr'><strong>naturam</strong></span> <span class='ocrx_word' id='word_1_216' title='bbox 3423 1827 3491 1881; x_wconf 89' lang='lat' dir='ltr'><strong>ab</strong></span> 
     </span>
    </p>
   </div>
   <div class='ocr_carea' id='block_1_30' title="bbox 253 1914 1821 1999">
    <p class='ocr_par' dir='ltr' id='par_1_30' title="bbox 253 1917 1814 1999">
     <span class='ocr_line' id='line_1_30' title="bbox 253 1917 1814 1999; baseline -0.01 -16"><span class='ocrx_word' id='word_1_217' title='bbox 253 1928 450 1999; x_wconf 65' lang='grc' dir='ltr'>φωνίςι,</span> <span class='ocrx_word' id='word_1_218' title='bbox 478 1923 916 1997; x_wconf 75' lang='grc' dir='ltr'>ὁμολογουμένως</span> <span class='ocrx_word' id='word_1_219' title='bbox 941 1921 998 1974; x_wconf 82' lang='grc' dir='ltr'><strong>δὲ</strong></span> <span class='ocrx_word' id='word_1_220' title='bbox 1027 1920 1159 1984; x_wconf 88' lang='grc' dir='ltr'>Θεός</span> <span class='ocrx_word' id='word_1_221' title='bbox 1205 1923 1353 1973; x_wconf 80' lang='grc' dir='ltr'>ἐστιν</span> <span class='ocrx_word' id='word_1_222' title='bbox 1381 1919 1475 1972; x_wconf 78' lang='grc' dir='ltr'><strong>καὶ</strong></span> <span class='ocrx_word' id='word_1_223' title='bbox 1502 1917 1778 1987; x_wconf 80' lang='grc' dir='ltr'><strong>Δεσπότης</strong></span> <span class='ocrx_word' id='word_1_224' title='bbox 1800 1957 1814 1981; x_wconf 90' lang='grc'><strong>,</strong></span> 
     </span>
    </p>
   </div>
   <div class='ocr_carea' id='block_1_31' title="bbox 1924 1914 3488 1999">
    <p class='ocr_par' dir='ltr' id='par_1_31' title="bbox 1924 1919 3488 1995">
     <span class='ocr_line' id='line_1_31' title="bbox 1924 1919 3488 1995; baseline -0.003 -17"><span class='ocrx_word' id='word_1_225' title='bbox 1924 1926 2036 1995; x_wconf 91' lang='lat' dir='ltr'><strong>ipso</strong></span> <span class='ocrx_word' id='word_1_226' title='bbox 2092 1923 2227 1992; x_wconf 91' lang='lat' dir='ltr'><strong>Deo,</strong></span> <span class='ocrx_word' id='word_1_227' title='bbox 2277 1939 2450 1992; x_wconf 83' lang='lat' dir='ltr'><strong>neque</strong></span> <span class='ocrx_word' id='word_1_228' title='bbox 2499 1939 2594 1993; x_wconf 92' lang='lat' dir='ltr'><strong>per</strong></span> <span class='ocrx_word' id='word_1_229' title='bbox 2639 1923 3024 1986; x_wconf 82' lang='lat' dir='ltr'><strong>concordiam;</strong></span> <span class='ocrx_word' id='word_1_230' title='bbox 3066 1921 3157 1974; x_wconf 88' lang='lat' dir='ltr'><strong>sed</strong></span> <span class='ocrx_word' id='word_1_231' title='bbox 3193 1919 3336 1975; x_wconf 84' lang='lat' dir='ltr'><strong>Deus</strong></span> <span class='ocrx_word' id='word_1_232' title='bbox 3369 1935 3488 1988; x_wconf 88' lang='lat' dir='ltr'><strong>pro-</strong></span> 
     </span>
    </p>
   </div>
   <div class='ocr_carea' id='block_1_32' title="bbox 259 2010 1819 2091">
    <p class='ocr_par' dir='ltr' id='par_1_32' title="bbox 259 2010 1819 2091">
     <span class='ocr_line' id='line_1_32' title="bbox 259 2010 1819 2091; baseline -0.006 -20"><span class='ocrx_word' id='word_1_233' title='bbox 259 2020 380 2091; x_wconf 85' lang='grc' dir='ltr'>ῐσην</span> <span class='ocrx_word' id='word_1_234' title='bbox 403 2017 600 2086; x_wconf 80' lang='grc' dir='ltr'>γνῶσιν</span> <span class='ocrx_word' id='word_1_235' title='bbox 641 2015 779 2084; x_wconf 81' lang='grc' dir='ltr'>ἔχων</span> <span class='ocrx_word' id='word_1_236' title='bbox 801 2012 879 2083; x_wconf 79' lang='grc' dir='ltr'><strong>τῷ</strong></span> <span class='ocrx_word' id='word_1_237' title='bbox 912 2011 1049 2081; x_wconf 85' lang='grc' dir='ltr'>Θεῷ,</span> <span class='ocrx_word' id='word_1_238' title='bbox 1084 2012 1220 2084; x_wconf 83' lang='grc' dir='ltr'>ὅπερ</span> <span class='ocrx_word' id='word_1_239' title='bbox 1250 2011 1529 2082; x_wconf 80' lang='grc' dir='ltr'>ἀμήχανον</span> <span class='ocrx_word' id='word_1_240' title='bbox 1563 2012 1655 2064; x_wconf 77' lang='grc' dir='ltr'><strong>καὶ</strong></span> <span class='ocrx_word' id='word_1_241' title='bbox 1688 2010 1819 2062; x_wconf 82' lang='grc' dir='ltr'><strong>ἁδύ-</strong></span> 
     </span>
    </p>
   </div>
   <div class='ocr_carea' id='block_1_33' title="bbox 252 2100 1196 2167">
    <p class='ocr_par' dir='ltr' id='par_1_33' title="bbox 252 2100 1196 2167">
     <span class='ocr_line' id='line_1_33' title="bbox 252 2100 1196 2167; baseline -0.011 -3"><span class='ocrx_word' id='word_1_242' title='bbox 252 2127 407 2164; x_wconf 86' lang='grc' dir='ltr'>νατον</span> <span class='ocrx_word' id='word_1_243' title='bbox 433 2104 568 2162; x_wconf 79' lang='grc' dir='ltr'>εἶναι</span> <span class='ocrx_word' id='word_1_244' title='bbox 596 2106 686 2158; x_wconf 59' lang='grc' dir='ltr'><strong>ἐπὶ</strong></span> <span class='ocrx_word' id='word_1_245' title='bbox 719 2100 923 2167; x_wconf 82' lang='grc' dir='ltr'>παντὸς</span> <span class='ocrx_word' id='word_1_246' title='bbox 953 2101 1196 2156; x_wconf 78' lang='grc' dir='ltr'>κτιστοῦ.</span> 
     </span>
    </p>
   </div>
   <div class='ocr_carea' id='block_1_34' title="bbox 324 2300 1816 2377">
    <p class='ocr_par' dir='ltr' id='par_1_34' title="bbox 324 2300 1816 2377">
     <span class='ocr_line' id='line_1_34' title="bbox 324 2300 1816 2377; baseline -0.003 -13"><span class='ocrx_word' id='word_1_247' title='bbox 324 2308 446 2363; x_wconf 82' lang='grc' dir='ltr'>ΛΘ¹.</span> <span class='ocrx_word' id='word_1_248' title='bbox 486 2309 549 2362; x_wconf 80' lang='grc' dir='ltr'>Εἰ</span> <span class='ocrx_word' id='word_1_249' title='bbox 577 2306 635 2360; x_wconf 86' lang='grc' dir='ltr'>ἓν</span> <span class='ocrx_word' id='word_1_250' title='bbox 660 2305 755 2360; x_wconf 69' lang='grc' dir='ltr'><strong>καὶ</strong></span> <span class='ocrx_word' id='word_1_251' title='bbox 789 2304 947 2377; x_wconf 85' lang='grc' dir='ltr'>μόνον</span> <span class='ocrx_word' id='word_1_252' title='bbox 969 2300 1108 2359; x_wconf 80' lang='grc' dir='ltr'>εἶναι</span> <span class='ocrx_word' id='word_1_253' title='bbox 1139 2303 1316 2370; x_wconf 87' lang='grc' dir='ltr'>τοῦτο,</span> <span class='ocrx_word' id='word_1_254' title='bbox 1346 2303 1423 2367; x_wconf 85' lang='grc' dir='ltr'>ὡς</span> <span class='ocrx_word' id='word_1_255' title='bbox 1450 2304 1542 2360; x_wconf 70' lang='grc' dir='ltr'><strong>καὶ⁵</strong></span> <span class='ocrx_word' id='word_1_256' title='bbox 1570 2304 1656 2359; x_wconf 82' lang='grc' dir='ltr'><strong>τὸν</strong></span> <span class='ocrx_word' id='word_1_257' title='bbox 1688 2305 1816 2360; x_wconf 86' lang='grc' dir='ltr'>Υίὸν</span> 
     </span>
    </p>
   </div>
   <div class='ocr_carea' id='block_1_35' title="bbox 255 2394 1818 2472">
    <p class='ocr_par' dir='ltr' id='par_1_35' title="bbox 255 2394 1818 2472">
     <span class='ocr_line' id='line_1_35' title="bbox 255 2394 1818 2472; baseline -0.003 -18"><span class='ocrx_word' id='word_1_258' title='bbox 255 2398 511 2472; x_wconf 85' lang='grc' dir='ltr'>μονογενῆ</span> <span class='ocrx_word' id='word_1_259' title='bbox 534 2439 549 2461; x_wconf 84' lang='grc'><strong>,</strong></span> <span class='ocrx_word' id='word_1_260' title='bbox 581 2398 758 2452; x_wconf 74' lang='grc' dir='ltr'>ἴσασιν</span> <span class='ocrx_word' id='word_1_261' title='bbox 804 2397 861 2449; x_wconf 78' lang='grc' dir='ltr'>αἱ</span> <span class='ocrx_word' id='word_1_262' title='bbox 886 2397 1133 2469; x_wconf 78' lang='grc' dir='ltr'>Γραφαί’</span> <span class='ocrx_word' id='word_1_263' title='bbox 1170 2398 1271 2450; x_wconf 83' lang='grc' dir='ltr'><strong>οὐκ</strong></span> <span class='ocrx_word' id='word_1_264' title='bbox 1314 2395 1430 2450; x_wconf 78' lang='grc' dir='ltr'>ἔστι</span> <span class='ocrx_word' id='word_1_265' title='bbox 1464 2394 1697 2462; x_wconf 84' lang='grc' dir='ltr'>κτιστὸν,</span> <span class='ocrx_word' id='word_1_266' title='bbox 1742 2397 1818 2463; x_wconf 83' lang='grc' dir='ltr'>ὼς</span> 
     </span>
    </p>
   </div>
   <div class='ocr_carea' id='block_1_36' title="bbox 250 2482 1821 2558">
    <p class='ocr_par' dir='ltr' id='par_1_36' title="bbox 250 2482 1821 2558">
     <span class='ocr_line' id='line_1_36' title="bbox 250 2482 1821 2558; baseline -0.003 -13"><span class='ocrx_word' id='word_1_267' title='bbox 250 2492 311 2546; x_wconf 87' lang='grc' dir='ltr'><strong>τὸ</strong></span> <span class='ocrx_word' id='word_1_268' title='bbox 338 2488 540 2558; x_wconf 73' lang='grc' dir='ltr'>πλῆθος</span> <span class='ocrx_word' id='word_1_269' title='bbox 566 2482 673 2541; x_wconf 78' lang='grc' dir='ltr'><strong>τῶν</strong></span> <span class='ocrx_word' id='word_1_270' title='bbox 698 2487 1045 2557; x_wconf 78' lang='grc' dir='ltr'>πνευμάτων,</span> <span class='ocrx_word' id='word_1_271' title='bbox 1084 2485 1219 2539; x_wconf 77' lang='grc' dir='ltr'>ἀλλὰ</span> <span class='ocrx_word' id='word_1_272' title='bbox 1256 2486 1356 2557; x_wconf 74' lang='grc' dir='ltr'>τῆς</span> <span class='ocrx_word' id='word_1_273' title='bbox 1397 2486 1625 2558; x_wconf 86' lang='grc' dir='ltr'>μονάδος</span> <span class='ocrx_word' id='word_1_274' title='bbox 1671 2487 1821 2552; x_wconf 80' lang='grc' dir='ltr'>θείας</span> 
     </span>
    </p>
   </div>
   <div class='ocr_carea' id='block_1_37' title="bbox 250 2574 1817 2648">
    <p class='ocr_par' dir='ltr' id='par_1_37' title="bbox 250 2574 1817 2648">
     <span class='ocr_line' id='line_1_37' title="bbox 250 2574 1817 2648; baseline -0.001 -15"><span class='ocrx_word' id='word_1_275' title='bbox 250 2579 455 2643; x_wconf 77' lang='grc' dir='ltr'>οὐσίας.</span> <span class='ocrx_word' id='word_1_276' title='bbox 499 2577 590 2631; x_wconf 88' lang='grc' dir='ltr'>Διὸ</span> <span class='ocrx_word' id='word_1_277' title='bbox 640 2574 795 2648; x_wconf 79' lang='grc' dir='ltr'>μόνον</span> <span class='ocrx_word' id='word_1_278' title='bbox 843 2576 974 2631; x_wconf 81' lang='grc' dir='ltr'>αὐτὸ</span> <span class='ocrx_word' id='word_1_279' title='bbox 1016 2575 1165 2639; x_wconf 80' lang='grc' dir='ltr'>’ἰδίως</span> <span class='ocrx_word' id='word_1_280' title='bbox 1207 2576 1302 2629; x_wconf 75' lang='grc' dir='ltr'><strong>καὶ</strong></span> <span class='ocrx_word' id='word_1_281' title='bbox 1348 2577 1555 2647; x_wconf 80' lang='grc' dir='ltr'>κυρίως</span> <span class='ocrx_word' id='word_1_282' title='bbox 1603 2575 1717 2630; x_wconf 73' lang='grc' dir='ltr'>ἔστι</span> <span class='ocrx_word' id='word_1_283' title='bbox 1759 2594 1817 2631; x_wconf 86' lang='grc' dir='ltr'><strong>τε</strong></span> 
     </span>
    </p>
   </div>
   <div class='ocr_carea' id='block_1_38' title="bbox 252 2664 1815 2742">
    <p class='ocr_par' dir='ltr' id='par_1_38' title="bbox 252 2664 1815 2742">
     <span class='ocr_line' id='line_1_38' title="bbox 252 2664 1815 2742; baseline -0.003 -16"><span class='ocrx_word' id='word_1_284' title='bbox 252 2672 351 2727; x_wconf 67' lang='grc' dir='ltr'>καὶ</span> <span class='ocrx_word' id='word_1_285' title='bbox 371 2665 628 2742; x_wconf 74' lang='grc' dir='ltr'>κέκληται</span> <span class='ocrx_word' id='word_1_286' title='bbox 652 2671 804 2739; x_wconf 75' lang='grc' dir='ltr'>ἅγιον</span> <span class='ocrx_word' id='word_1_287' title='bbox 827 2668 1076 2739; x_wconf 77' lang='grc' dir='ltr'>Πνεῦμα,</span> <span class='ocrx_word' id='word_1_288' title='bbox 1100 2669 1194 2721; x_wconf 77' lang='grc' dir='ltr'><strong>καὶ</strong></span> <span class='ocrx_word' id='word_1_289' title='bbox 1214 2666 1438 2738; x_wconf 86' lang='grc' dir='ltr'>Πνεῦμα</span> <span class='ocrx_word' id='word_1_290' title='bbox 1464 2664 1558 2720; x_wconf 86' lang='grc' dir='ltr'><strong>τοῦ</strong></span> <span class='ocrx_word' id='word_1_291' title='bbox 1581 2668 1815 2738; x_wconf 81' lang='grc' dir='ltr'>Πατρὸς,</span> 
     </span>
    </p>
   </div>
   <div class='ocr_carea' id='block_1_39' title="bbox 255 2757 1813 2833">
    <p class='ocr_par' dir='ltr' id='par_1_39' title="bbox 255 2757 1813 2833">
     <span class='ocr_line' id='line_1_39' title="bbox 255 2757 1813 2833; baseline -0.003 -17"><span class='ocrx_word' id='word_1_292' title='bbox 255 2762 346 2817; x_wconf 80' lang='grc' dir='ltr'><strong>καὶ</strong></span> <span class='ocrx_word' id='word_1_293' title='bbox 374 2761 594 2833; x_wconf 87' lang='grc' dir='ltr'>Πνεῦμα</span> <span class='ocrx_word' id='word_1_294' title='bbox 625 2760 717 2815; x_wconf 80' lang='grc' dir='ltr'><strong>τοῦ</strong></span> <span class='ocrx_word' id='word_1_295' title='bbox 748 2759 905 2825; x_wconf 84' lang='grc' dir='ltr'>Θεοῦ,</span> <span class='ocrx_word' id='word_1_296' title='bbox 940 2760 1034 2814; x_wconf 76' lang='grc' dir='ltr'>καὶ</span> <span class='ocrx_word' id='word_1_297' title='bbox 1080 2758 1305 2829; x_wconf 87' lang='grc' dir='ltr'>Πνεῦμα</span> <span class='ocrx_word' id='word_1_298' title='bbox 1337 2758 1398 2811; x_wconf 88' lang='grc' dir='ltr'><strong>τὸ</strong></span> <span class='ocrx_word' id='word_1_299' title='bbox 1427 2759 1491 2811; x_wconf 82' lang='grc' dir='ltr'>ἐκ</span> <span class='ocrx_word' id='word_1_300' title='bbox 1521 2757 1615 2812; x_wconf 81' lang='grc' dir='ltr'><strong>τοῦ</strong></span> <span class='ocrx_word' id='word_1_301' title='bbox 1645 2758 1778 2813; x_wconf 84' lang='grc' dir='ltr'>Θεοῦ</span> <span class='ocrx_word' id='word_1_302' title='bbox 1797 2799 1813 2824; x_wconf 92' lang='grc'><strong>,</strong></span> 
     </span>
    </p>
   </div>
   <div class='ocr_carea' id='block_1_40' title="bbox 253 2849 1819 2924">
    <p class='ocr_par' dir='ltr' id='par_1_40' title="bbox 253 2849 1819 2924">
     <span class='ocr_line' id='line_1_40' title="bbox 253 2849 1819 2924; baseline -0.003 -15"><span class='ocrx_word' id='word_1_303' title='bbox 253 2855 343 2909; x_wconf 85' lang='grc' dir='ltr'>καὶ</span> <span class='ocrx_word' id='word_1_304' title='bbox 381 2854 603 2924; x_wconf 87' lang='grc' dir='ltr'>Πνεῦμα</span> <span class='ocrx_word' id='word_1_305' title='bbox 646 2852 675 2907; x_wconf 85' lang='grc' dir='ltr'><strong>ὃ</strong></span> <span class='ocrx_word' id='word_1_306' title='bbox 711 2851 862 2924; x_wconf 78' lang='grc' dir='ltr'>παρὰ</span> <span class='ocrx_word' id='word_1_307' title='bbox 899 2849 992 2905; x_wconf 83' lang='grc' dir='ltr'><strong>τοῦ</strong></span> <span class='ocrx_word' id='word_1_308' title='bbox 1034 2850 1246 2921; x_wconf 89' lang='grc' dir='ltr'>Πατρὸς</span> <span class='ocrx_word' id='word_1_309' title='bbox 1278 2850 1672 2923; x_wconf 80' lang='grc' dir='ltr'>ὲκπορεύεται’</span> <span class='ocrx_word' id='word_1_310' title='bbox 1722 2852 1819 2905; x_wconf 77' lang='grc' dir='ltr'>καὶ</span> 
     </span>
    </p>
   </div>
   <div class='ocr_carea' id='block_1_41' title="bbox 251 2940 1821 3011">
    <p class='ocr_par' dir='ltr' id='par_1_41' title="bbox 251 2940 1821 3011">
     <span class='ocr_line' id='line_1_41' title="bbox 251 2940 1821 3011; baseline -0.001 -13"><span class='ocrx_word' id='word_1_311' title='bbox 251 2946 311 2999; x_wconf 68' lang='grc' dir='ltr'>ὲκ</span> <span class='ocrx_word' id='word_1_312' title='bbox 348 2943 441 2998; x_wconf 87' lang='grc' dir='ltr'><strong>τοῦ</strong></span> <span class='ocrx_word' id='word_1_313' title='bbox 474 2940 615 2999; x_wconf 81' lang='grc' dir='ltr'>εἶναι</span> <span class='ocrx_word' id='word_1_314' title='bbox 656 2944 787 2998; x_wconf 81' lang='grc' dir='ltr'>αὐτὸ</span> <span class='ocrx_word' id='word_1_315' title='bbox 815 2945 871 2998; x_wconf 78' lang='grc' dir='ltr'>ὲν</span> <span class='ocrx_word' id='word_1_316' title='bbox 920 2943 1106 3008; x_wconf 77' lang='grc' dir='ltr'>πᾶσιν,</span> <span class='ocrx_word' id='word_1_317' title='bbox 1136 2941 1212 3005; x_wconf 84' lang='grc' dir='ltr'><strong>ὡς</strong></span> <span class='ocrx_word' id='word_1_318' title='bbox 1238 2941 1330 2997; x_wconf 87' lang='grc' dir='ltr'><strong>τὸν</strong></span> <span class='ocrx_word' id='word_1_319' title='bbox 1355 2940 1488 2994; x_wconf 84' lang='grc' dir='ltr'>Θεὸν</span> <span class='ocrx_word' id='word_1_320' title='bbox 1508 2981 1523 3008; x_wconf 91' lang='grc'><strong>,</strong></span> <span class='ocrx_word' id='word_1_321' title='bbox 1558 2941 1821 3011; x_wconf 81' lang='grc' dir='ltr'>γινώσκο-</span> 
     </span>
    </p>
   </div>
   <div class='ocr_carea' id='block_1_42' title="bbox 247 3030 1141 3103">
    <p class='ocr_par' dir='ltr' id='par_1_42' title="bbox 247 3030 1141 3103">
     <span class='ocr_line' id='line_1_42' title="bbox 247 3030 1141 3103; baseline -0.001 -18"><span class='ocrx_word' id='word_1_322' title='bbox 247 3044 367 3103; x_wconf 77' lang='grc' dir='ltr'>μεν,</span> <span class='ocrx_word' id='word_1_323' title='bbox 397 3032 478 3084; x_wconf 85' lang='grc' dir='ltr'>ὅτι</span> <span class='ocrx_word' id='word_1_324' title='bbox 505 3031 535 3083; x_wconf 86' lang='grc' dir='ltr'><strong>ό</strong></span> <span class='ocrx_word' id='word_1_325' title='bbox 569 3030 700 3094; x_wconf 89' lang='grc' dir='ltr'>Θεὸς</span> <span class='ocrx_word' id='word_1_326' title='bbox 726 3032 783 3084; x_wconf 78' lang='grc' dir='ltr'>ἐν</span> <span class='ocrx_word' id='word_1_327' title='bbox 815 3032 948 3102; x_wconf 79' lang='grc' dir='ltr'>ἡμῖν</span> <span class='ocrx_word' id='word_1_328' title='bbox 973 3031 1141 3084; x_wconf 77' lang='grc' dir='ltr'>ἐστιν.</span> 
     </span>
    </p>
   </div>
   <div class='ocr_carea' id='block_1_43' title="bbox 310 3179 1810 3258">
    <p class='ocr_par' dir='ltr' id='par_1_43' title="bbox 310 3179 1810 3258">
     <span class='ocr_line' id='line_1_43' title="bbox 310 3179 1810 3258; baseline 0.001 -19"><span class='ocrx_word' id='word_1_329' title='bbox 310 3187 402 3240; x_wconf 81' lang='grc' dir='ltr'><strong>Μ’.</strong></span> <span class='ocrx_word' id='word_1_330' title='bbox 438 3186 500 3238; x_wconf 82' lang='lat' dir='ltr'><strong>Ei</strong></span> <span class='ocrx_word' id='word_1_331' title='bbox 528 3186 585 3237; x_wconf 83' lang='grc' dir='ltr'>ὲν</span> <span class='ocrx_word' id='word_1_332' title='bbox 611 3186 712 3256; x_wconf 77' lang='grc' dir='ltr'><strong>ἴσῳ</strong></span> <span class='ocrx_word' id='word_1_333' title='bbox 739 3183 1093 3256; x_wconf 72' lang='grc' dir='ltr'>ἐμαρτυρήθη</span> <span class='ocrx_word' id='word_1_334' title='bbox 1127 3179 1267 3239; x_wconf 73' lang='grc' dir='ltr'>εἶναι</span> <span class='ocrx_word' id='word_1_335' title='bbox 1294 3186 1327 3256; x_wconf 82' lang='grc' dir='ltr'><strong>ἡ</strong></span> <span class='ocrx_word' id='word_1_336' title='bbox 1361 3185 1534 3256; x_wconf 82' lang='grc' dir='ltr'>Τριὰς</span> <span class='ocrx_word' id='word_1_337' title='bbox 1562 3185 1810 3258; x_wconf 80' lang='grc' dir='ltr'>ἀλήθεια,</span> 
     </span>
    </p>
   </div>
   <div class='ocr_carea' id='block_1_44' title="bbox 243 3243 1888 3351">
    <p class='ocr_par' dir='ltr' id='par_1_44' title="bbox 243 3243 1888 3351">
     <span class='ocr_line' id='line_1_44' title="bbox 243 3243 1888 3351; baseline 0.001 -21"><span class='ocrx_word' id='word_1_338' title='bbox 243 3277 338 3330; x_wconf 71' lang='grc' dir='ltr'><strong>καὶ</strong></span> <span class='ocrx_word' id='word_1_339' title='bbox 381 3243 696 3347; x_wconf 63' lang='grc' dir='ltr'>ἁγαθότης,</span> <span class='ocrx_word' id='word_1_340' title='bbox 761 3243 861 3330; x_wconf 63' lang='grc' dir='ltr'><strong>καί</strong></span> <span class='ocrx_word' id='word_1_341' title='bbox 895 3243 1025 3348; x_wconf 50' lang='lat' dir='ltr'><strong>[Ibi</strong></span> <span class='ocrx_word' id='word_1_342' title='bbox 1158 3243 1327 3346; x_wconf 52' lang='lat' dir='ltr'><strong>atria:</strong></span> <span class='ocrx_word' id='word_1_343' title='bbox 1353 3243 1423 3331; x_wconf 49' lang='grc' dir='ltr'><strong>ὲν.</strong></span> <span class='ocrx_word' id='word_1_344' title='bbox 1448 3243 1547 3349; x_wconf 58' lang='grc' dir='ltr'><strong>μιᾷ</strong></span> <span class='ocrx_word' id='word_1_345' title='bbox 1596 3243 1809 3351; x_wconf 43' lang='grc' dir='ltr'>θειότητί</span> <span class='ocrx_word' id='word_1_346' title='bbox 1847 3243 1888 3299; x_wconf 77' lang='lat' dir='ltr'>c</span> 
     </span>
    </p>
   </div>
   <div class='ocr_carea' id='block_1_45' title="bbox 247 3368 1816 3442">
    <p class='ocr_par' dir='ltr' id='par_1_45' title="bbox 247 3368 1816 3442">
     <span class='ocr_line' id='line_1_45' title="bbox 247 3368 1816 3442; baseline 0.002 -22"><span class='ocrx_word' id='word_1_347' title='bbox 247 3369 409 3432; x_wconf 75' lang='grc' dir='ltr'>ἐστιν,</span> <span class='ocrx_word' id='word_1_348' title='bbox 446 3368 609 3440; x_wconf 83' lang='grc' dir='ltr'>μηδὲν</span> <span class='ocrx_word' id='word_1_349' title='bbox 650 3368 847 3438; x_wconf 77' lang='grc' dir='ltr'>ἔχουσα</span> <span class='ocrx_word' id='word_1_350' title='bbox 893 3369 1232 3439; x_wconf 80' lang='grc' dir='ltr'>πολυσχιδές.</span> <span class='ocrx_word' id='word_1_351' title='bbox 1277 3369 1391 3424; x_wconf 87' lang='grc' dir='ltr'>Μία</span> <span class='ocrx_word' id='word_1_352' title='bbox 1438 3369 1546 3442; x_wconf 84' lang='grc' dir='ltr'>γὰρ</span> <span class='ocrx_word' id='word_1_353' title='bbox 1581 3372 1614 3442; x_wconf 83' lang='grc' dir='ltr'><strong>ἡ</strong></span> <span class='ocrx_word' id='word_1_354' title='bbox 1654 3371 1816 3442; x_wconf 78' lang='grc' dir='ltr'>ἄτρε-</span> 
     </span>
    </p>
   </div>
   <div class='ocr_carea' id='block_1_46' title="bbox 246 3457 1811 3532">
    <p class='ocr_par' dir='ltr' id='par_1_46' title="bbox 246 3457 1811 3532">
     <span class='ocr_line' id='line_1_46' title="bbox 246 3457 1811 3532; baseline 0.001 -21"><span class='ocrx_word' id='word_1_355' title='bbox 246 3472 376 3523; x_wconf 74' lang='grc' dir='ltr'>πτος</span> <span class='ocrx_word' id='word_1_356' title='bbox 429 3458 549 3512; x_wconf 85' lang='grc' dir='ltr'>θεία</span> <span class='ocrx_word' id='word_1_357' title='bbox 574 3457 853 3529; x_wconf 10' lang='grc' dir='ltr'>(ἀλήθεια,</span> <span class='ocrx_word' id='word_1_358' title='bbox 899 3458 995 3511; x_wconf 75' lang='grc' dir='ltr'><strong>καὶ</strong></span> <span class='ocrx_word' id='word_1_359' title='bbox 1044 3457 1348 3529; x_wconf 80' lang='grc' dir='ltr'>ἀγαθότης,</span> <span class='ocrx_word' id='word_1_360' title='bbox 1391 3460 1488 3513; x_wconf 75' lang='grc' dir='ltr'>καὶ</span> <span class='ocrx_word' id='word_1_361' title='bbox 1534 3460 1811 3532; x_wconf 83' lang='grc' dir='ltr'>ἁγιωσύνη</span> 
     </span>
    </p>
   </div>
   <div class='ocr_carea' id='block_1_47' title="bbox 240 3547 1813 3625">
    <p class='ocr_par' dir='ltr' id='par_1_47' title="bbox 240 3547 1813 3625">
     <span class='ocr_line' id='line_1_47' title="bbox 240 3547 1813 3625; baseline 0.001 -23"><span class='ocrx_word' id='word_1_362' title='bbox 240 3548 414 3604; x_wconf 64' lang='grc' dir='ltr'>ἐστίν.</span> <span class='ocrx_word' id='word_1_363' title='bbox 463 3547 523 3601; x_wconf 82' lang='grc' dir='ltr'><strong>Ἦ</strong></span> <span class='ocrx_word' id='word_1_364' title='bbox 552 3548 661 3621; x_wconf 78' lang='grc' dir='ltr'><strong>γὰρ</strong></span> <span class='ocrx_word' id='word_1_365' title='bbox 689 3548 886 3614; x_wconf 84' lang='grc' dir='ltr'>κτίσις,</span> <span class='ocrx_word' id='word_1_366' title='bbox 923 3549 1019 3613; x_wconf 71' lang='grc' dir='ltr'>καὶ</span> <span class='ocrx_word' id='word_1_367' title='bbox 1050 3547 1333 3625; x_wconf 86' lang='grc' dir='ltr'>μεθεκτῶς</span> <span class='ocrx_word' id='word_1_368' title='bbox 1357 3548 1529 3602; x_wconf 83' lang='grc' dir='ltr'>ταῦτα</span> <span class='ocrx_word' id='word_1_369' title='bbox 1556 3548 1689 3620; x_wconf 84' lang='grc' dir='ltr'>ἔχει,</span> <span class='ocrx_word' id='word_1_370' title='bbox 1718 3551 1813 3603; x_wconf 75' lang='grc' dir='ltr'><strong>καὶ</strong></span> 
     </span>
    </p>
   </div>
   <div class='ocr_carea' id='block_1_48' title="bbox 246 3639 1814 3712">
    <p class='ocr_par' dir='ltr' id='par_1_48' title="bbox 246 3639 1814 3712">
     <span class='ocr_line' id='line_1_48' title="bbox 246 3639 1814 3712; baseline -0.001 -18"><span class='ocrx_word' id='word_1_371' title='bbox 246 3641 508 3712; x_wconf 74' lang='grc' dir='ltr'>τρέπεται</span> <span class='ocrx_word' id='word_1_372' title='bbox 552 3642 670 3693; x_wconf 85' lang='grc' dir='ltr'>κατ’</span> <span class='ocrx_word' id='word_1_373' title='bbox 723 3639 928 3694; x_wconf 70' lang='grc' dir='ltr'>οἰκείαν</span> <span class='ocrx_word' id='word_1_374' title='bbox 972 3640 1296 3712; x_wconf 79' lang='grc' dir='ltr'>προαίρεσιν</span> <span class='ocrx_word' id='word_1_375' title='bbox 1342 3640 1427 3693; x_wconf 80' lang='grc' dir='ltr'><strong>ἐπ’</strong></span> <span class='ocrx_word' id='word_1_376' title='bbox 1468 3640 1684 3706; x_wconf 80' lang='grc' dir='ltr'>αὐτοῖς,</span> <span class='ocrx_word' id='word_1_377' title='bbox 1719 3640 1814 3694; x_wconf 89' lang='grc' dir='ltr'><strong>νῦν</strong></span> 
     </span>
    </p>
   </div>
   <div class='ocr_carea' id='block_1_49' title="bbox 242 3729 1815 3803">
    <p class='ocr_par' dir='ltr' id='par_1_49' title="bbox 242 3729 1815 3803">
     <span class='ocr_line' id='line_1_49' title="bbox 242 3729 1815 3803; baseline -0.002 -17"><span class='ocrx_word' id='word_1_378' title='bbox 242 3731 350 3803; x_wconf 74' lang='grc' dir='ltr'>μὲν</span> <span class='ocrx_word' id='word_1_379' title='bbox 378 3729 733 3801; x_wconf 84' lang='grc' dir='ltr'>ἀληθεύουσα,</span> <span class='ocrx_word' id='word_1_380' title='bbox 763 3729 951 3784; x_wconf 78' lang='grc' dir='ltr'>ἄλλοτε</span> <span class='ocrx_word' id='word_1_381' title='bbox 978 3729 1035 3782; x_wconf 81' lang='grc' dir='ltr'><strong>δὲ</strong></span> <span class='ocrx_word' id='word_1_382' title='bbox 1074 3729 1383 3802; x_wconf 78' lang='grc' dir='ltr'>ψευδομένη</span> <span class='ocrx_word' id='word_1_383' title='bbox 1407 3770 1421 3792; x_wconf 92' lang='grc'><strong>,</strong></span> <span class='ocrx_word' id='word_1_384' title='bbox 1457 3729 1552 3783; x_wconf 79' lang='grc' dir='ltr'><strong>καὶ</strong></span> <span class='ocrx_word' id='word_1_385' title='bbox 1590 3730 1685 3783; x_wconf 86' lang='grc' dir='ltr'><strong>νῦν</strong></span> <span class='ocrx_word' id='word_1_386' title='bbox 1717 3731 1815 3802; x_wconf 79' lang='grc' dir='ltr'>μὲν</span> 
     </span>
    </p>
   </div>
   <div class='ocr_carea' id='block_1_50' title="bbox 245 3820 1814 3895">
    <p class='ocr_par' dir='ltr' id='par_1_50' title="bbox 245 3820 1814 3895">
     <span class='ocr_line' id='line_1_50' title="bbox 245 3820 1814 3895; baseline -0.001 -18"><span class='ocrx_word' id='word_1_387' title='bbox 245 3822 617 3895; x_wconf 70' lang='grc' dir='ltr'>ἀγαθυνομένη</span> <span class='ocrx_word' id='word_1_388' title='bbox 635 3861 650 3886; x_wconf 88' lang='grc'><strong>,</strong></span> <span class='ocrx_word' id='word_1_389' title='bbox 680 3820 868 3877; x_wconf 73' lang='grc' dir='ltr'>ἄλλοτε</span> <span class='ocrx_word' id='word_1_390' title='bbox 897 3820 955 3875; x_wconf 84' lang='grc' dir='ltr'><strong>δὲ</strong></span> <span class='ocrx_word' id='word_1_391' title='bbox 986 3821 1354 3893; x_wconf 79' lang='grc' dir='ltr'>κακυνομένη.</span> <span class='ocrx_word' id='word_1_392' title='bbox 1397 3820 1679 3874; x_wconf 79' lang='grc' dir='ltr'>Φαίνονται</span> <span class='ocrx_word' id='word_1_393' title='bbox 1718 3824 1814 3876; x_wconf 81' lang='grc' dir='ltr'>καὶ</span> 
     </span>
    </p>
   </div>
   <div class='ocr_carea' id='block_1_51' title="bbox 245 3911 1707 3987">
    <p class='ocr_par' dir='ltr' id='par_1_51' title="bbox 245 3911 1707 3987">
     <span class='ocr_line' id='line_1_51' title="bbox 245 3911 1707 3987; baseline -0.002 -19"><span class='ocrx_word' id='word_1_394' title='bbox 245 3916 374 3987; x_wconf 77' lang='grc' dir='ltr'>περὶ</span> <span class='ocrx_word' id='word_1_395' title='bbox 405 3915 596 3968; x_wconf 81' lang='grc' dir='ltr'>τούτου</span> <span class='ocrx_word' id='word_1_396' title='bbox 630 3914 680 3968; x_wconf 78' lang='grc' dir='ltr'><strong>οἱ</strong></span> <span class='ocrx_word' id='word_1_397' title='bbox 717 3913 938 3981; x_wconf 79' lang='grc' dir='ltr'>λογάδες</span> <span class='ocrx_word' id='word_1_398' title='bbox 963 3912 1071 3966; x_wconf 83' lang='grc' dir='ltr'>τῶν</span> <span class='ocrx_word' id='word_1_399' title='bbox 1100 3911 1203 3978; x_wconf 77' lang='grc' dir='ltr'>ἔξω</span> <span class='ocrx_word' id='word_1_400' title='bbox 1240 3911 1521 3984; x_wconf 76' lang='grc' dir='ltr'>εἰρηκότες</span> <span class='ocrx_word' id='word_1_401' title='bbox 1546 3913 1671 3967; x_wconf 81' lang='grc' dir='ltr'>τάδε</span> <span class='ocrx_word' id='word_1_402' title='bbox 1693 3928 1707 3944; x_wconf 78' lang='grc' dir='ltr'><strong>ο</strong></span> 
     </span>
    </p>
   </div>
   <div class='ocr_carea' id='block_1_52' title="bbox 304 4093 1743 4218">
    <p class='ocr_par' dir='ltr' id='par_1_52' title="bbox 304 4093 1743 4218">
     <span class='ocr_line' id='line_1_52' title="bbox 304 4093 1743 4218; baseline 0.001 -71"><span class='ocrx_word' id='word_1_403' title='bbox 304 4093 621 4218; x_wconf 55' lang='grc' dir='ltr'><strong>ὖῗῒοςέτὰρ</strong></span> <span class='ocrx_word' id='word_1_404' title='bbox 647 4094 789 4159; x_wconf 83' lang='grc' dir='ltr'>νόος</span> <span class='ocrx_word' id='word_1_405' title='bbox 814 4093 988 4148; x_wconf 78' lang='grc' dir='ltr'>ἐστὶν</span> <span class='ocrx_word' id='word_1_406' title='bbox 1022 4093 1380 4162; x_wconf 74' lang='grc' dir='ltr'><strong>ἐπιχθονίων</strong></span> <span class='ocrx_word' id='word_1_407' title='bbox 1399 4094 1743 4163; x_wconf 79' lang='grc' dir='ltr'>ἀνθρώπων,</span> 
     </span>
    </p>
   </div>
   <div class='ocr_carea' id='block_1_53' title="bbox 374 4180 1510 4219">
    <p class='ocr_par' dir='ltr' id='par_1_53' title="bbox 374 4180 1510 4219">
     <span class='ocr_line' id='line_1_53' title="bbox 374 4180 1510 4219; baseline -0.002 0"><span class='ocrx_word' id='word_1_408' title='bbox 374 4180 1510 4219; x_wconf 78' lang='grc' dir='ltr'><strong>ονεπ...........</strong></span> 
     </span>
    </p>
   </div>
   <div class='ocr_carea' id='block_1_54' title="bbox 313 4252 1818 4325">
    <p class='ocr_par' dir='ltr' id='par_1_54' title="bbox 313 4252 1818 4325">
     <span class='ocr_line' id='line_1_54' title="bbox 313 4252 1818 4325; baseline -0.002 -16"><span class='ocrx_word' id='word_1_409' title='bbox 313 4258 455 4309; x_wconf 77' lang='lat' dir='ltr'><strong>MA&#39;.</strong></span> <span class='ocrx_word' id='word_1_410' title='bbox 491 4255 587 4312; x_wconf 81' lang='grc' dir='ltr'><strong>Εἰ.</strong></span> <span class='ocrx_word' id='word_1_411' title='bbox 636 4252 780 4305; x_wconf 73' lang='grc' dir='ltr'>καθὰ</span> <span class='ocrx_word' id='word_1_412' title='bbox 819 4252 1163 4322; x_wconf 81' lang='grc' dir='ltr'>γέγραπται,</span> <span class='ocrx_word' id='word_1_413' title='bbox 1209 4253 1545 4317; x_wconf 77' lang='grc' dir='ltr'>ἀνακαινίζει</span> <span class='ocrx_word' id='word_1_414' title='bbox 1586 4256 1733 4325; x_wconf 75' lang='grc' dir='ltr'>ἡμᾶς</span> <span class='ocrx_word' id='word_1_415' title='bbox 1760 4256 1818 4306; x_wconf 78' lang='grc' dir='ltr'>ὲν</span> 
     </span>
    </p>
   </div>
   <div class='ocr_carea' id='block_1_55' title="bbox 241 4342 1820 4419">
    <p class='ocr_par' dir='ltr' id='par_1_55' title="bbox 241 4342 1820 4419">
     <span class='ocr_line' id='line_1_55' title="bbox 241 4342 1820 4419; baseline -0.008 -19"><span class='ocrx_word' id='word_1_416' title='bbox 241 4347 323 4419; x_wconf 79' lang='grc' dir='ltr'><strong>τῷ</strong></span> <span class='ocrx_word' id='word_1_417' title='bbox 353 4346 714 4417; x_wconf 84' lang='grc' dir='ltr'>βαπτίσματι,</span> <span class='ocrx_word' id='word_1_418' title='bbox 746 4345 841 4397; x_wconf 76' lang='grc' dir='ltr'><strong>καὶ</strong></span> <span class='ocrx_word' id='word_1_419' title='bbox 862 4342 1137 4414; x_wconf 76' lang='grc' dir='ltr'>ἐλευθεροί</span> <span class='ocrx_word' id='word_1_420' title='bbox 1160 4343 1270 4401; x_wconf 84' lang='grc' dir='ltr'><strong>ἀπὸ</strong></span> <span class='ocrx_word' id='word_1_421' title='bbox 1295 4345 1570 4416; x_wconf 81' lang='grc' dir='ltr'>ἁμαρτιας</span> <span class='ocrx_word' id='word_1_422' title='bbox 1600 4345 1695 4399; x_wconf 70' lang='grc' dir='ltr'>καὶ</span> <span class='ocrx_word' id='word_1_423' title='bbox 1722 4344 1820 4399; x_wconf 84' lang='grc' dir='ltr'><strong>θα..</strong></span> 
     </span>
    </p>
   </div>
   <div class='ocr_carea' id='block_1_56' title="bbox 1922 2009 3491 2080">
    <p class='ocr_par' dir='ltr' id='par_1_56' title="bbox 1922 2009 3491 2080">
     <span class='ocr_line' id='line_1_56' title="bbox 1922 2009 3491 2080; baseline -0.004 -12"><span class='ocrx_word' id='word_1_424' title='bbox 1922 2015 2062 2068; x_wconf 71' lang='lat' dir='ltr'><strong>lecto</strong></span> <span class='ocrx_word' id='word_1_425' title='bbox 2090 2023 2193 2076; x_wconf 89' lang='lat' dir='ltr'><strong>est,</strong></span> <span class='ocrx_word' id='word_1_426' title='bbox 2228 2023 2281 2067; x_wconf 90' lang='lat' dir='ltr'><strong>et</strong></span> <span class='ocrx_word' id='word_1_427' title='bbox 2316 2013 2596 2077; x_wconf 84' lang='lat' dir='ltr'><strong>Dominus,</strong></span> <span class='ocrx_word' id='word_1_428' title='bbox 2627 2011 2885 2080; x_wconf 65' lang='lat' dir='ltr'><strong>aequalem</strong></span> <span class='ocrx_word' id='word_1_429' title='bbox 2914 2024 3035 2065; x_wconf 89' lang='lat' dir='ltr'><strong>cum</strong></span> <span class='ocrx_word' id='word_1_430' title='bbox 3069 2011 3177 2064; x_wconf 88' lang='lat' dir='ltr'><strong>Deo</strong></span> <span class='ocrx_word' id='word_1_431' title='bbox 3227 2009 3491 2079; x_wconf 85' lang='lat' dir='ltr'><strong>cognitio-</strong></span> 
     </span>
    </p>
   </div>
   <div class='ocr_carea' id='block_1_57' title="bbox 1920 2100 3567 2175">
    <p class='ocr_par' dir='ltr' id='par_1_57' title="bbox 1920 2100 3567 2175">
     <span class='ocr_line' id='line_1_57' title="bbox 1920 2100 3567 2175; baseline -0.006 -16"><span class='ocrx_word' id='word_1_432' title='bbox 1920 2118 2044 2160; x_wconf 89' lang='lat' dir='ltr'><strong>nem</strong></span> <span class='ocrx_word' id='word_1_433' title='bbox 2079 2106 2281 2161; x_wconf 87' lang='lat' dir='ltr'><strong>habens</strong></span> <span class='ocrx_word' id='word_1_434' title='bbox 2312 2123 2326 2161; x_wconf 86' lang='lat'><strong>:</strong></span> <span class='ocrx_word' id='word_1_435' title='bbox 2361 2106 2409 2159; x_wconf 86' lang='lat' dir='ltr'><strong>id</strong></span> <span class='ocrx_word' id='word_1_436' title='bbox 2439 2106 2589 2175; x_wconf 85' lang='lat' dir='ltr'><strong>quod</strong></span> <span class='ocrx_word' id='word_1_437' title='bbox 2645 2104 2786 2159; x_wconf 90' lang='lat' dir='ltr'><strong>nulla</strong></span> <span class='ocrx_word' id='word_1_438' title='bbox 2836 2101 2993 2172; x_wconf 85' lang='lat' dir='ltr'><strong>plane</strong></span> <span class='ocrx_word' id='word_1_439' title='bbox 3031 2100 3238 2155; x_wconf 88' lang='lat' dir='ltr'><strong>ratione</strong></span> <span class='ocrx_word' id='word_1_440' title='bbox 3270 2100 3359 2155; x_wconf 89' lang='lat' dir='ltr'><strong>ulli</strong></span> <span class='ocrx_word' id='word_1_441' title='bbox 3395 2115 3493 2154; x_wconf 84' lang='lat' dir='ltr'><strong>un-</strong></span> <span class='ocrx_word' id='word_1_442' title='bbox 3560 2146 3567 2149; x_wconf 95' lang='lat'>_</span> 
     </span>
    </p>
   </div>
   <div class='ocr_carea' id='block_1_58' title="bbox 1921 2197 2931 2268">
    <p class='ocr_par' dir='ltr' id='par_1_58' title="bbox 1921 2197 2931 2268">
     <span class='ocr_line' id='line_1_58' title="bbox 1921 2197 2931 2268; baseline -0.004 -17"><span class='ocrx_word' id='word_1_443' title='bbox 1921 2212 2081 2268; x_wconf 91' lang='lat' dir='ltr'><strong>quam</strong></span> <span class='ocrx_word' id='word_1_444' title='bbox 2121 2210 2383 2253; x_wconf 69' lang='lat' dir='ltr'><strong>creaturae</strong></span> <span class='ocrx_word' id='word_1_445' title='bbox 2410 2197 2700 2253; x_wconf 74' lang='lat' dir='ltr'><strong>convenire</strong></span> <span class='ocrx_word' id='word_1_446' title='bbox 2733 2202 2931 2264; x_wconf 78' lang='lat' dir='ltr'><strong>potcSt.</strong></span> 
     </span>
    </p>
   </div>
   <div class='ocr_carea' id='block_1_59' title="bbox 1990 2299 3537 2372">
    <p class='ocr_par' dir='ltr' id='par_1_59' title="bbox 1990 2299 3537 2372">
     <span class='ocr_line' id='line_1_59' title="bbox 1990 2299 3537 2372; baseline -0.003 -9"><span class='ocrx_word' id='word_1_447' title='bbox 1990 2306 2231 2363; x_wconf 75' lang='lat' dir='ltr'><strong>XXXIX.</strong></span> <span class='ocrx_word' id='word_1_448' title='bbox 2260 2307 2316 2363; x_wconf 89' lang='lat' dir='ltr'><strong>Si</strong></span> <span class='ocrx_word' id='word_1_449' title='bbox 2351 2323 2517 2363; x_wconf 88' lang='lat' dir='ltr'><strong>unum</strong></span> <span class='ocrx_word' id='word_1_450' title='bbox 2547 2315 2601 2362; x_wconf 89' lang='lat' dir='ltr'><strong>et</strong></span> <span class='ocrx_word' id='word_1_451' title='bbox 2654 2306 2828 2361; x_wconf 88' lang='lat' dir='ltr'><strong>solum</strong></span> <span class='ocrx_word' id='word_1_452' title='bbox 2871 2318 2993 2359; x_wconf 87' lang='lat' dir='ltr'><strong>esse</strong></span> <span class='ocrx_word' id='word_1_453' title='bbox 3029 2300 3174 2359; x_wconf 89' lang='lat' dir='ltr'><strong>hunc</strong></span> <span class='ocrx_word' id='word_1_454' title='bbox 3212 2299 3491 2372; x_wconf 81' lang='lat' dir='ltr'><strong>Spiritum,</strong></span> <span class='ocrx_word' id='word_1_455' title='bbox 3532 2346 3537 2359; x_wconf 92' lang='lat'><strong>.</strong></span> 
     </span>
    </p>
   </div>
   <div class='ocr_carea' id='block_1_60' title="bbox 1917 2393 3489 2467">
    <p class='ocr_par' dir='ltr' id='par_1_60' title="bbox 1917 2393 3489 2467">
     <span class='ocr_line' id='line_1_60' title="bbox 1917 2393 3489 2467; baseline -0.005 -14"><span class='ocrx_word' id='word_1_456' title='bbox 1917 2397 2046 2453; x_wconf 82' lang='lat' dir='ltr'><strong>item</strong></span> <span class='ocrx_word' id='word_1_457' title='bbox 2094 2408 2150 2451; x_wconf 92' lang='lat' dir='ltr'><strong>ut</strong></span> <span class='ocrx_word' id='word_1_458' title='bbox 2180 2394 2372 2453; x_wconf 84' lang='lat' dir='ltr'><strong>Filium</strong></span> <span class='ocrx_word' id='word_1_459' title='bbox 2406 2397 2761 2467; x_wconf 77' lang='lat' dir='ltr'><strong>unigenitum,</strong></span> <span class='ocrx_word' id='word_1_460' title='bbox 2802 2405 2998 2450; x_wconf 90' lang='lat' dir='ltr'><strong>norunt</strong></span> <span class='ocrx_word' id='word_1_461' title='bbox 3036 2393 3349 2462; x_wconf 68' lang='lat' dir='ltr'><strong>Scriptum,</strong></span> <span class='ocrx_word' id='word_1_462' title='bbox 3383 2408 3489 2446; x_wconf 89' lang='lat' dir='ltr'><strong>non</strong></span> 
     </span>
    </p>
   </div>
   <div class='ocr_carea' id='block_1_61' title="bbox 1920 2483 3491 2558">
    <p class='ocr_par' dir='ltr' id='par_1_61' title="bbox 1920 2483 3491 2558">
     <span class='ocr_line' id='line_1_61' title="bbox 1920 2483 3491 2558; baseline -0.002 -17"><span class='ocrx_word' id='word_1_463' title='bbox 1920 2496 2005 2541; x_wconf 89' lang='lat' dir='ltr'><strong>est</strong></span> <span class='ocrx_word' id='word_1_464' title='bbox 2024 2500 2151 2558; x_wconf 91' lang='lat' dir='ltr'><strong>ergo</strong></span> <span class='ocrx_word' id='word_1_465' title='bbox 2176 2496 2410 2555; x_wconf 88' lang='lat' dir='ltr'><strong>creatus,</strong></span> <span class='ocrx_word' id='word_1_466' title='bbox 2440 2484 2738 2554; x_wconf 89' lang='lat' dir='ltr'><strong>cujusmodi</strong></span> <span class='ocrx_word' id='word_1_467' title='bbox 2760 2494 2842 2540; x_wconf 86' lang='lat' dir='ltr'><strong>est</strong></span> <span class='ocrx_word' id='word_1_468' title='bbox 2865 2485 3146 2555; x_wconf 85' lang='lat' dir='ltr'><strong>spirituum</strong></span> <span class='ocrx_word' id='word_1_469' title='bbox 3169 2483 3491 2538; x_wconf 83' lang='lat' dir='ltr'><strong>multitudo:</strong></span> 
     </span>
    </p>
   </div>
   <div class='ocr_carea' id='block_1_62' title="bbox 1922 2571 3493 2648">
    <p class='ocr_par' dir='ltr' id='par_1_62' title="bbox 1922 2571 3493 2648">
     <span class='ocr_line' id='line_1_62' title="bbox 1922 2571 3493 2648; baseline -0.003 -17"><span class='ocrx_word' id='word_1_470' title='bbox 1922 2577 2013 2631; x_wconf 89' lang='lat' dir='ltr'><strong>sed</strong></span> <span class='ocrx_word' id='word_1_471' title='bbox 2045 2578 2109 2631; x_wconf 88' lang='lat' dir='ltr'><strong>ad</strong></span> <span class='ocrx_word' id='word_1_472' title='bbox 2141 2577 2403 2631; x_wconf 84' lang='lat' dir='ltr'><strong>unitatem</strong></span> <span class='ocrx_word' id='word_1_473' title='bbox 2448 2575 2685 2648; x_wconf 88' lang='lat' dir='ltr'><strong>pertinet</strong></span> <span class='ocrx_word' id='word_1_474' title='bbox 2725 2576 2919 2630; x_wconf 78' lang='lat' dir='ltr'><strong>divinae</strong></span> <span class='ocrx_word' id='word_1_475' title='bbox 2944 2575 3217 2630; x_wconf 70' lang='lat' dir='ltr'><strong>assentire.</strong></span> <span class='ocrx_word' id='word_1_476' title='bbox 3252 2571 3374 2627; x_wconf 87' lang='lat' dir='ltr'><strong>Ideo</strong></span> <span class='ocrx_word' id='word_1_477' title='bbox 3406 2587 3493 2627; x_wconf 82' lang='lat' dir='ltr'><strong>so-</strong></span> 
     </span>
    </p>
   </div>
   <div class='ocr_carea' id='block_1_63' title="bbox 1921 2662 3488 2738">
    <p class='ocr_par' dir='ltr' id='par_1_63' title="bbox 1921 2662 3488 2738">
     <span class='ocr_line' id='line_1_63' title="bbox 1921 2662 3488 2738; baseline -0.003 -17"><span class='ocrx_word' id='word_1_478' title='bbox 1921 2667 2007 2723; x_wconf 90' lang='lat' dir='ltr'><strong>lus</strong></span> <span class='ocrx_word' id='word_1_479' title='bbox 2033 2667 2147 2738; x_wconf 83' lang='lat' dir='ltr'><strong>ipse</strong></span> <span class='ocrx_word' id='word_1_480' title='bbox 2192 2667 2408 2738; x_wconf 84' lang='lat' dir='ltr'><strong>proprie</strong></span> <span class='ocrx_word' id='word_1_481' title='bbox 2467 2682 2533 2723; x_wconf 93' lang='lat' dir='ltr'><strong>ac</strong></span> <span class='ocrx_word' id='word_1_482' title='bbox 2576 2662 2921 2736; x_wconf 78' lang='lat' dir='ltr'><strong>singulariter</strong></span> <span class='ocrx_word' id='word_1_483' title='bbox 2966 2675 3019 2720; x_wconf 90' lang='lat' dir='ltr'><strong>et</strong></span> <span class='ocrx_word' id='word_1_484' title='bbox 3060 2673 3144 2719; x_wconf 83' lang='lat' dir='ltr'><strong>est</strong></span> <span class='ocrx_word' id='word_1_485' title='bbox 3175 2673 3230 2719; x_wconf 91' lang='lat' dir='ltr'><strong>et</strong></span> <span class='ocrx_word' id='word_1_486' title='bbox 3268 2674 3488 2719; x_wconf 78' lang='lat' dir='ltr'><strong>vocatus</strong></span> 
     </span>
    </p>
   </div>
   <div class='ocr_carea' id='block_1_64' title="bbox 1919 2753 3494 2828">
    <p class='ocr_par' dir='ltr' id='par_1_64' title="bbox 1919 2753 3494 2828">
     <span class='ocr_line' id='line_1_64' title="bbox 1919 2753 3494 2828; baseline -0.004 -16"><span class='ocrx_word' id='word_1_487' title='bbox 1919 2754 2020 2812; x_wconf 80' lang='lat' dir='ltr'><strong>fuit</strong></span> <span class='ocrx_word' id='word_1_488' title='bbox 2043 2755 2273 2828; x_wconf 84' lang='lat' dir='ltr'><strong>Spiritus</strong></span> <span class='ocrx_word' id='word_1_489' title='bbox 2303 2768 2542 2824; x_wconf 87' lang='lat' dir='ltr'><strong>sanctus,</strong></span> <span class='ocrx_word' id='word_1_490' title='bbox 2566 2766 2621 2813; x_wconf 88' lang='lat' dir='ltr'><strong>et</strong></span> <span class='ocrx_word' id='word_1_491' title='bbox 2667 2756 2900 2824; x_wconf 79' lang='lat' dir='ltr'><strong>Spiritus</strong></span> <span class='ocrx_word' id='word_1_492' title='bbox 2939 2754 3136 2818; x_wconf 80' lang='lat' dir='ltr'><strong>Patris,</strong></span> <span class='ocrx_word' id='word_1_493' title='bbox 3169 2762 3222 2809; x_wconf 91' lang='lat' dir='ltr'><strong>et</strong></span> <span class='ocrx_word' id='word_1_494' title='bbox 3257 2753 3494 2823; x_wconf 72' lang='lat' dir='ltr'><strong>Spiritus</strong></span> 
     </span>
    </p>
   </div>
   <div class='ocr_carea' id='block_1_65' title="bbox 1922 2843 3493 2918">
    <p class='ocr_par' dir='ltr' id='par_1_65' title="bbox 1922 2843 3493 2918">
     <span class='ocr_line' id='line_1_65' title="bbox 1922 2843 3493 2918; baseline -0.003 -15"><span class='ocrx_word' id='word_1_495' title='bbox 1922 2848 2036 2914; x_wconf 86' lang='lat' dir='ltr'><strong>Dei,</strong></span> <span class='ocrx_word' id='word_1_496' title='bbox 2059 2859 2112 2904; x_wconf 88' lang='lat' dir='ltr'><strong>et</strong></span> <span class='ocrx_word' id='word_1_497' title='bbox 2138 2850 2368 2918; x_wconf 87' lang='lat' dir='ltr'><strong>Spiritus</strong></span> <span class='ocrx_word' id='word_1_498' title='bbox 2385 2850 2474 2918; x_wconf 89' lang='lat' dir='ltr'><strong>qui</strong></span> <span class='ocrx_word' id='word_1_499' title='bbox 2491 2859 2654 2903; x_wconf 84' lang='lat' dir='ltr'><strong>estex</strong></span> <span class='ocrx_word' id='word_1_500' title='bbox 2682 2848 2812 2911; x_wconf 86' lang='lat' dir='ltr'><strong>Deo,</strong></span> <span class='ocrx_word' id='word_1_501' title='bbox 2833 2856 2887 2901; x_wconf 89' lang='lat' dir='ltr'><strong>et</strong></span> <span class='ocrx_word' id='word_1_502' title='bbox 2905 2843 3135 2914; x_wconf 84' lang='lat' dir='ltr'><strong>Spiritus</strong></span> <span class='ocrx_word' id='word_1_503' title='bbox 3167 2846 3308 2916; x_wconf 91' lang='lat' dir='ltr'><strong>quia</strong></span> <span class='ocrx_word' id='word_1_504' title='bbox 3334 2845 3493 2899; x_wconf 86' lang='lat' dir='ltr'><strong>Patre</strong></span> 
     </span>
    </p>
   </div>
   <div class='ocr_carea' id='block_1_66' title="bbox 1920 2936 3496 3009">
    <p class='ocr_par' dir='ltr' id='par_1_66' title="bbox 1920 2936 3496 3009">
     <span class='ocr_line' id='line_1_66' title="bbox 1920 2936 3496 3009; baseline -0.003 -17"><span class='ocrx_word' id='word_1_505' title='bbox 1920 2940 2182 3008; x_wconf 91' lang='lat' dir='ltr'><strong>procedit.</strong></span> <span class='ocrx_word' id='word_1_506' title='bbox 2244 2939 2311 2994; x_wconf 89' lang='lat' dir='ltr'><strong>Et</strong></span> <span class='ocrx_word' id='word_1_507' title='bbox 2353 2955 2421 2994; x_wconf 81' lang='lat' dir='ltr'><strong>ex</strong></span> <span class='ocrx_word' id='word_1_508' title='bbox 2465 2953 2531 2995; x_wconf 90' lang='lat' dir='ltr'><strong>eo</strong></span> <span class='ocrx_word' id='word_1_509' title='bbox 2560 2939 2704 3009; x_wconf 90' lang='lat' dir='ltr'><strong>quod</strong></span> <span class='ocrx_word' id='word_1_510' title='bbox 2753 2938 2867 3005; x_wconf 89' lang='lat' dir='ltr'><strong>ipse</strong></span> <span class='ocrx_word' id='word_1_511' title='bbox 2911 2938 2983 2992; x_wconf 89' lang='lat' dir='ltr'><strong>sit</strong></span> <span class='ocrx_word' id='word_1_512' title='bbox 3040 2936 3093 2990; x_wconf 91' lang='lat' dir='ltr'><strong>in</strong></span> <span class='ocrx_word' id='word_1_513' title='bbox 3148 2937 3399 2991; x_wconf 85' lang='lat' dir='ltr'><strong>omnibus</strong></span> <span class='ocrx_word' id='word_1_514' title='bbox 3436 2944 3496 2988; x_wconf 88' lang='lat' dir='ltr'><strong>ut</strong></span> 
     </span>
    </p>
   </div>
   <div class='ocr_carea' id='block_1_67' title="bbox 1920 3026 3388 3101">
    <p class='ocr_par' dir='ltr' id='par_1_67' title="bbox 1920 3026 3388 3101">
     <span class='ocr_line' id='line_1_67' title="bbox 1920 3026 3388 3101; baseline -0.002 -18"><span class='ocrx_word' id='word_1_515' title='bbox 1920 3026 2083 3099; x_wconf 88' lang='lat' dir='ltr'><strong>Deus,</strong></span> <span class='ocrx_word' id='word_1_516' title='bbox 2111 3030 2486 3100; x_wconf 71' lang='lat' dir='ltr'><strong>cognoscimus</strong></span> <span class='ocrx_word' id='word_1_517' title='bbox 2518 3028 2627 3101; x_wconf 79' lang='lat'><strong>(85)</strong></span> <span class='ocrx_word' id='word_1_518' title='bbox 2672 3028 2814 3098; x_wconf 91' lang='lat' dir='ltr'><strong>quod</strong></span> <span class='ocrx_word' id='word_1_519' title='bbox 2851 3027 2992 3083; x_wconf 89' lang='lat' dir='ltr'><strong>Deus</strong></span> <span class='ocrx_word' id='word_1_520' title='bbox 3020 3026 3072 3081; x_wconf 91' lang='lat' dir='ltr'><strong>in</strong></span> <span class='ocrx_word' id='word_1_521' title='bbox 3099 3027 3255 3083; x_wconf 82' lang='lat' dir='ltr'><strong>nobis</strong></span> <span class='ocrx_word' id='word_1_522' title='bbox 3285 3036 3388 3082; x_wconf 86' lang='lat' dir='ltr'><strong>est.</strong></span> 
     </span>
    </p>
   </div>
   <div class='ocr_carea' id='block_1_68' title="bbox 1993 3161 3515 3252">
    <p class='ocr_par' dir='ltr' id='par_1_68' title="bbox 1993 3161 3515 3252">
     <span class='ocr_line' id='line_1_68' title="bbox 1993 3161 3515 3252; baseline 0.001 -16"><span class='ocrx_word' id='word_1_523' title='bbox 1993 3179 2105 3236; x_wconf 85' lang='lat' dir='ltr'><strong>XL.</strong></span> <span class='ocrx_word' id='word_1_524' title='bbox 2138 3182 2194 3237; x_wconf 87' lang='lat' dir='ltr'><strong>Si</strong></span> <span class='ocrx_word' id='word_1_525' title='bbox 2225 3181 2467 3238; x_wconf 85' lang='lat' dir='ltr'><strong>Trinitas</strong></span> <span class='ocrx_word' id='word_1_526' title='bbox 2504 3197 2571 3238; x_wconf 77' lang='lat' dir='ltr'><strong>ex</strong></span> <span class='ocrx_word' id='word_1_527' title='bbox 2605 3197 2762 3252; x_wconf 86' lang='lat' dir='ltr'><strong>aequo</strong></span> <span class='ocrx_word' id='word_1_528' title='bbox 2790 3182 2840 3235; x_wconf 90' lang='lat' dir='ltr'><strong>in</strong></span> <span class='ocrx_word' id='word_1_529' title='bbox 2875 3181 3172 3251; x_wconf 87' lang='lat' dir='ltr'><strong>Scripturis</strong></span> <span class='ocrx_word' id='word_1_530' title='bbox 3198 3197 3317 3238; x_wconf 89' lang='lat' dir='ltr'><strong>esse</strong></span> <span class='ocrx_word' id='word_1_531' title='bbox 3353 3161 3515 3239; x_wconf 38' lang='lat' dir='ltr'><strong>diei-‘</strong></span> 
     </span>
    </p>
   </div>
   <div class='ocr_carea' id='block_1_69' title="bbox 1923 3274 3494 3345">
    <p class='ocr_par' dir='ltr' id='par_1_69' title="bbox 1923 3274 3494 3345">
     <span class='ocr_line' id='line_1_69' title="bbox 1923 3274 3494 3345; baseline 0.003 -18"><span class='ocrx_word' id='word_1_532' title='bbox 1923 3286 2011 3328; x_wconf 91' lang='lat' dir='ltr'><strong>tur</strong></span> <span class='ocrx_word' id='word_1_533' title='bbox 2043 3276 2264 3340; x_wconf 84' lang='lat' dir='ltr'><strong>veritas,</strong></span> <span class='ocrx_word' id='word_1_534' title='bbox 2287 3284 2342 3331; x_wconf 89' lang='lat' dir='ltr'><strong>et</strong></span> <span class='ocrx_word' id='word_1_535' title='bbox 2371 3275 2605 3341; x_wconf 88' lang='lat' dir='ltr'><strong>bonitas,</strong></span> <span class='ocrx_word' id='word_1_536' title='bbox 2636 3282 2691 3330; x_wconf 88' lang='lat' dir='ltr'><strong>et</strong></span> <span class='ocrx_word' id='word_1_537' title='bbox 2716 3284 2922 3341; x_wconf 87' lang='lat' dir='ltr'><strong>sancta,</strong></span> <span class='ocrx_word' id='word_1_538' title='bbox 2954 3274 3110 3345; x_wconf 78' lang='lat'><strong>331</strong></span> <span class='ocrx_word' id='word_1_539' title='bbox 3163 3276 3407 3345; x_wconf 90' lang='lat' dir='ltr'><strong>sequitur</strong></span> <span class='ocrx_word' id='word_1_540' title='bbox 3434 3285 3494 3331; x_wconf 87' lang='lat' dir='ltr'><strong>ut</strong></span> 
     </span>
    </p>
   </div>
   <div class='ocr_carea' id='block_1_70' title="bbox 1920 3366 3495 3435">
    <p class='ocr_par' dir='ltr' id='par_1_70' title="bbox 1920 3366 3495 3435">
     <span class='ocr_line' id='line_1_70' title="bbox 1920 3366 3495 3435; baseline 0.002 -15"><span class='ocrx_word' id='word_1_541' title='bbox 1920 3366 1992 3420; x_wconf 88' lang='lat' dir='ltr'><strong>sit</strong></span> <span class='ocrx_word' id='word_1_542' title='bbox 2021 3366 2074 3419; x_wconf 90' lang='lat' dir='ltr'><strong>in</strong></span> <span class='ocrx_word' id='word_1_543' title='bbox 2114 3380 2219 3419; x_wconf 89' lang='lat' dir='ltr'><strong>una</strong></span> <span class='ocrx_word' id='word_1_544' title='bbox 2257 3366 2478 3431; x_wconf 87' lang='lat' dir='ltr'><strong>deitate,</strong></span> <span class='ocrx_word' id='word_1_545' title='bbox 2533 3366 2665 3421; x_wconf 89' lang='lat' dir='ltr'><strong>nihil</strong></span> <span class='ocrx_word' id='word_1_546' title='bbox 2721 3367 2927 3422; x_wconf 87' lang='lat' dir='ltr'><strong>habens</strong></span> <span class='ocrx_word' id='word_1_547' title='bbox 2976 3367 3340 3435; x_wconf 76' lang='lat' dir='ltr'><strong>multifidum;</strong></span> <span class='ocrx_word' id='word_1_548' title='bbox 3386 3383 3495 3423; x_wconf 87' lang='lat' dir='ltr'><strong>una</strong></span> 
     </span>
    </p>
   </div>
   <div class='ocr_carea' id='block_1_71' title="bbox 1920 3456 3498 3524">
    <p class='ocr_par' dir='ltr' id='par_1_71' title="bbox 1920 3456 3498 3524">
     <span class='ocr_line' id='line_1_71' title="bbox 1920 3456 3498 3524; baseline 0.002 -15"><span class='ocrx_word' id='word_1_549' title='bbox 1920 3464 2003 3509; x_wconf 91' lang='lat' dir='ltr'><strong>est</strong></span> <span class='ocrx_word' id='word_1_550' title='bbox 2028 3456 2171 3509; x_wconf 85' lang='lat' dir='ltr'><strong>enim</strong></span> <span class='ocrx_word' id='word_1_551' title='bbox 2209 3456 2563 3512; x_wconf 88' lang='lat' dir='ltr'><strong>immutabilis</strong></span> <span class='ocrx_word' id='word_1_552' title='bbox 2596 3457 2778 3511; x_wconf 83' lang='lat' dir='ltr'><strong>divina</strong></span> <span class='ocrx_word' id='word_1_553' title='bbox 2815 3457 3037 3523; x_wconf 80' lang='lat' dir='ltr'><strong>veritas,</strong></span> <span class='ocrx_word' id='word_1_554' title='bbox 3072 3467 3126 3511; x_wconf 86' lang='lat' dir='ltr'><strong>et</strong></span> <span class='ocrx_word' id='word_1_555' title='bbox 3161 3458 3395 3524; x_wconf 90' lang='lat' dir='ltr'><strong>bonitas,</strong></span> <span class='ocrx_word' id='word_1_556' title='bbox 3442 3468 3498 3512; x_wconf 86' lang='lat' dir='ltr'><strong>et</strong></span> 
     </span>
    </p>
   </div>
   <div class='ocr_carea' id='block_1_72' title="bbox 1922 3544 3492 3618">
    <p class='ocr_par' dir='ltr' id='par_1_72' title="bbox 1922 3544 3492 3618">
     <span class='ocr_line' id='line_1_72' title="bbox 1922 3544 3492 3618; baseline 0.002 -19"><span class='ocrx_word' id='word_1_557' title='bbox 1922 3548 2206 3601; x_wconf 85' lang='lat' dir='ltr'><strong>sanctitas.</strong></span> <span class='ocrx_word' id='word_1_558' title='bbox 2242 3544 2375 3599; x_wconf 85' lang='lat' dir='ltr'><strong>Nam</strong></span> <span class='ocrx_word' id='word_1_559' title='bbox 2408 3556 2656 3602; x_wconf 86' lang='lat' dir='ltr'><strong>creatura</strong></span> <span class='ocrx_word' id='word_1_560' title='bbox 2682 3559 2731 3602; x_wconf 92' lang='lat' dir='ltr'><strong>et</strong></span> <span class='ocrx_word' id='word_1_561' title='bbox 2761 3561 2856 3616; x_wconf 90' lang='lat' dir='ltr'><strong>per</strong></span> <span class='ocrx_word' id='word_1_562' title='bbox 2882 3548 3350 3618; x_wconf 87' lang='lat' dir='ltr'><strong>participationem</strong></span> <span class='ocrx_word' id='word_1_563' title='bbox 3377 3548 3492 3602; x_wconf 68' lang='lat' dir='ltr'><strong>haac</strong></span> 
     </span>
    </p>
   </div>
   <div class='ocr_carea' id='block_1_73' title="bbox 1924 3633 3486 3708">
    <p class='ocr_par' dir='ltr' id='par_1_73' title="bbox 1924 3633 3486 3708">
     <span class='ocr_line' id='line_1_73' title="bbox 1924 3633 3486 3708; baseline 0 -21"><span class='ocrx_word' id='word_1_564' title='bbox 1924 3633 2107 3698; x_wconf 87' lang='lat' dir='ltr'><strong>habet,</strong></span> <span class='ocrx_word' id='word_1_565' title='bbox 2139 3643 2191 3688; x_wconf 91' lang='lat' dir='ltr'><strong>et</strong></span> <span class='ocrx_word' id='word_1_566' title='bbox 2219 3634 2272 3688; x_wconf 90' lang='lat' dir='ltr'><strong>in</strong></span> <span class='ocrx_word' id='word_1_567' title='bbox 2304 3635 2389 3690; x_wconf 89' lang='lat' dir='ltr'><strong>his</strong></span> <span class='ocrx_word' id='word_1_568' title='bbox 2420 3644 2656 3691; x_wconf 83' lang='lat' dir='ltr'><strong>mutatur</strong></span> <span class='ocrx_word' id='word_1_569' title='bbox 2686 3652 2784 3706; x_wconf 89' lang='lat' dir='ltr'><strong>per</strong></span> <span class='ocrx_word' id='word_1_570' title='bbox 2811 3638 3080 3708; x_wconf 86' lang='lat' dir='ltr'><strong>propriam</strong></span> <span class='ocrx_word' id='word_1_571' title='bbox 3106 3637 3272 3705; x_wconf 90' lang='lat' dir='ltr'><strong>ipsius</strong></span> <span class='ocrx_word' id='word_1_572' title='bbox 3301 3635 3486 3690; x_wconf 80' lang='lat' dir='ltr'><strong>volun-</strong></span> 
     </span>
    </p>
   </div>
   <div class='ocr_carea' id='block_1_74' title="bbox 1923 3724 3488 3796">
    <p class='ocr_par' dir='ltr' id='par_1_74' title="bbox 1923 3724 3488 3796">
     <span class='ocr_line' id='line_1_74' title="bbox 1923 3724 3488 3796; baseline 0 -18"><span class='ocrx_word' id='word_1_573' title='bbox 1923 3730 2106 3788; x_wconf 87' lang='lat' dir='ltr'><strong>tatem,</strong></span> <span class='ocrx_word' id='word_1_574' title='bbox 2152 3726 2314 3781; x_wconf 91' lang='lat' dir='ltr'><strong>modo</strong></span> <span class='ocrx_word' id='word_1_575' title='bbox 2361 3726 2578 3794; x_wconf 85' lang='lat' dir='ltr'><strong>quidem</strong></span> <span class='ocrx_word' id='word_1_576' title='bbox 2633 3740 2819 3782; x_wconf 76' lang='lat' dir='ltr'><strong>verum</strong></span> <span class='ocrx_word' id='word_1_577' title='bbox 2873 3724 3129 3796; x_wconf 68' lang='lat' dir='ltr'><strong>loquens,</strong></span> <span class='ocrx_word' id='word_1_578' title='bbox 3172 3725 3305 3781; x_wconf 87' lang='lat' dir='ltr'><strong>alias</strong></span> <span class='ocrx_word' id='word_1_579' title='bbox 3358 3740 3488 3778; x_wconf 72' lang='lat' dir='ltr'><strong>vero</strong></span> 
     </span>
    </p>
   </div>
   <div class='ocr_carea' id='block_1_75' title="bbox 1922 3816 3491 3888">
    <p class='ocr_par' dir='ltr' id='par_1_75' title="bbox 1922 3816 3491 3888">
     <span class='ocr_line' id='line_1_75' title="bbox 1922 3816 3491 3888; baseline -0.001 -18"><span class='ocrx_word' id='word_1_580' title='bbox 1922 3819 2219 3883; x_wconf 89' lang='lat' dir='ltr'><strong>mentiens;</strong></span> <span class='ocrx_word' id='word_1_581' title='bbox 2262 3826 2317 3871; x_wconf 90' lang='lat' dir='ltr'><strong>et</strong></span> <span class='ocrx_word' id='word_1_582' title='bbox 2369 3816 2529 3871; x_wconf 90' lang='lat' dir='ltr'><strong>modo</strong></span> <span class='ocrx_word' id='word_1_583' title='bbox 2578 3816 2793 3888; x_wconf 87' lang='lat' dir='ltr'><strong>quidem</strong></span> <span class='ocrx_word' id='word_1_584' title='bbox 2836 3818 2974 3872; x_wconf 87' lang='lat' dir='ltr'><strong>bona</strong></span> <span class='ocrx_word' id='word_1_585' title='bbox 3017 3817 3309 3883; x_wconf 76' lang='lat' dir='ltr'><strong>exsistens,</strong></span> <span class='ocrx_word' id='word_1_586' title='bbox 3354 3817 3491 3870; x_wconf 81' lang='lat' dir='ltr'><strong>alias</strong></span> 
     </span>
    </p>
   </div>
   <div class='ocr_carea' id='block_1_76' title="bbox 1926 3908 3493 3979">
    <p class='ocr_par' dir='ltr' id='par_1_76' title="bbox 1926 3908 3493 3979">
     <span class='ocr_line' id='line_1_76' title="bbox 1926 3908 3493 3979; baseline 0.005 -22"><span class='ocrx_word' id='word_1_587' title='bbox 1926 3921 2054 3963; x_wconf 79' lang='lat' dir='ltr'><strong>vero</strong></span> <span class='ocrx_word' id='word_1_588' title='bbox 2086 3909 2249 3963; x_wconf 85' lang='lat' dir='ltr'><strong>mala.</strong></span> <span class='ocrx_word' id='word_1_589' title='bbox 2280 3908 2356 3965; x_wconf 90' lang='lat' dir='ltr'><strong>De</strong></span> <span class='ocrx_word' id='word_1_590' title='bbox 2402 3910 2504 3965; x_wconf 89' lang='lat' dir='ltr'><strong>hac</strong></span> <span class='ocrx_word' id='word_1_591' title='bbox 2541 3910 2705 3965; x_wconf 88' lang='lat' dir='ltr'><strong>etiam</strong></span> <span class='ocrx_word' id='word_1_592' title='bbox 2749 3924 2808 3965; x_wconf 91' lang='lat' dir='ltr'><strong>re</strong></span> <span class='ocrx_word' id='word_1_593' title='bbox 2843 3909 3183 3966; x_wconf 87' lang='lat' dir='ltr'><strong>ethnicorum</strong></span> <span class='ocrx_word' id='word_1_594' title='bbox 3220 3910 3493 3979; x_wconf 82' lang='lat' dir='ltr'><strong>sapientes</strong></span> 
     </span>
    </p>
   </div>
   <div class='ocr_carea' id='block_1_77' title="bbox 1924 3998 2533 4056">
    <p class='ocr_par' dir='ltr' id='par_1_77' title="bbox 1924 3998 2533 4056">
     <span class='ocr_line' id='line_1_77' title="bbox 1924 3998 2533 4056; baseline 0.005 -3"><span class='ocrx_word' id='word_1_595' title='bbox 1924 3998 2025 4054; x_wconf 85' lang='lat' dir='ltr'><strong>ista</strong></span> <span class='ocrx_word' id='word_1_596' title='bbox 2054 3999 2256 4056; x_wconf 79' lang='lat' dir='ltr'><strong>dixisse</strong></span> <span class='ocrx_word' id='word_1_597' title='bbox 2286 4010 2533 4056; x_wconf 87' lang='lat' dir='ltr'><strong>constat:</strong></span> 
     </span>
    </p>
   </div>
   <div class='ocr_carea' id='block_1_78' title="bbox 2066 4087 3342 4159">
    <p class='ocr_par' dir='ltr' id='par_1_78' title="bbox 2066 4087 3342 4159">
     <span class='ocr_line' id='line_1_78' title="bbox 2066 4087 3342 4159; baseline 0.003 -17"><span class='ocrx_word' id='word_1_598' title='bbox 2066 4087 2210 4143; x_wconf 75' lang='lat' dir='ltr'><strong>Tuli:</strong></span> <span class='ocrx_word' id='word_1_599' title='bbox 2231 4093 2365 4143; x_wconf 80' lang='lat' dir='ltr'><strong>enim</strong></span> <span class='ocrx_word' id='word_1_600' title='bbox 2396 4108 2539 4146; x_wconf 75' lang='lat' dir='ltr'><strong>mens</strong></span> <span class='ocrx_word' id='word_1_601' title='bbox 2574 4102 2648 4147; x_wconf 75' lang='lat' dir='ltr'><strong>est</strong></span> <span class='ocrx_word' id='word_1_602' title='bbox 2696 4100 3018 4148; x_wconf 76' lang='lat' dir='ltr'><strong>terrenarum</strong></span> <span class='ocrx_word' id='word_1_603' title='bbox 3055 4092 3342 4159; x_wconf 81' lang='lat' dir='ltr'><strong>hominum,</strong></span> 
     </span>
    </p>
   </div>
   <div class='ocr_carea' id='block_1_79' title="bbox 2065 4160 2676 4231">
    <p class='ocr_par' dir='ltr' id='par_1_79' title="bbox 2065 4160 2676 4231">
     <span class='ocr_line' id='line_1_79' title="bbox 2065 4160 2676 4231; baseline 0.013 -21"><span class='ocrx_word' id='word_1_604' title='bbox 2065 4161 2282 4224; x_wconf 74' lang='lat' dir='ltr'><strong>Qualem</strong></span> <span class='ocrx_word' id='word_1_605' title='bbox 2302 4160 2437 4231; x_wconf 68' lang='lat' dir='ltr'><strong>(at).</strong></span> <span class='ocrx_word' id='word_1_606' title='bbox 2482 4199 2497 4216; x_wconf 96' lang='lat'><strong>.</strong></span> <span class='ocrx_word' id='word_1_607' title='bbox 2540 4198 2557 4216; x_wconf 93' lang='lat'><strong>.</strong></span> <span class='ocrx_word' id='word_1_608' title='bbox 2600 4200 2617 4217; x_wconf 95' lang='lat'><strong>.</strong></span> <span class='ocrx_word' id='word_1_609' title='bbox 2658 4199 2676 4218; x_wconf 96' lang='lat'><strong>.</strong></span> 
     </span>
    </p>
   </div>
   <div class='ocr_carea' id='block_1_80' title="bbox 1994 4249 3488 4325">
    <p class='ocr_par' dir='ltr' id='par_1_80' title="bbox 1994 4249 3488 4325">
     <span class='ocr_line' id='line_1_80' title="bbox 1994 4249 3488 4325; baseline 0.002 -21"><span class='ocrx_word' id='word_1_610' title='bbox 1994 4249 2128 4304; x_wconf 84' lang='lat' dir='ltr'><strong>XLI.</strong></span> <span class='ocrx_word' id='word_1_611' title='bbox 2149 4251 2227 4318; x_wconf 90' lang='lat' dir='ltr'><strong>Si,</strong></span> <span class='ocrx_word' id='word_1_612' title='bbox 2254 4263 2310 4307; x_wconf 91' lang='lat' dir='ltr'><strong>ut</strong></span> <span class='ocrx_word' id='word_1_613' title='bbox 2335 4255 2597 4322; x_wconf 89' lang='lat' dir='ltr'><strong>scriptum</strong></span> <span class='ocrx_word' id='word_1_614' title='bbox 2619 4263 2720 4319; x_wconf 87' lang='lat' dir='ltr'><strong>est,</strong></span> <span class='ocrx_word' id='word_1_615' title='bbox 2740 4264 2963 4311; x_wconf 83' lang='lat' dir='ltr'><strong>renovat</strong></span> <span class='ocrx_word' id='word_1_616' title='bbox 2995 4270 3092 4311; x_wconf 88' lang='lat' dir='ltr'><strong>nos</strong></span> <span class='ocrx_word' id='word_1_617' title='bbox 3119 4256 3171 4311; x_wconf 92' lang='lat' dir='ltr'><strong>in</strong></span> <span class='ocrx_word' id='word_1_618' title='bbox 3202 4256 3488 4325; x_wconf 84' lang='lat' dir='ltr'><strong>baptismo,</strong></span> 
     </span>
    </p>
   </div>
   <div class='ocr_carea' id='block_1_81' title="bbox 1925 4339 3492 4415">
    <p class='ocr_par' dir='ltr' id='par_1_81' title="bbox 1925 4339 3492 4415">
     <span class='ocr_line' id='line_1_81' title="bbox 1925 4339 3492 4415; baseline 0.004 -23"><span class='ocrx_word' id='word_1_619' title='bbox 1925 4348 1980 4392; x_wconf 91' lang='lat' dir='ltr'><strong>et</strong></span> <span class='ocrx_word' id='word_1_620' title='bbox 2010 4339 2260 4395; x_wconf 86' lang='lat' dir='ltr'><strong>liberata</strong></span> <span class='ocrx_word' id='word_1_621' title='bbox 2306 4351 2551 4410; x_wconf 84' lang='lat' dir='ltr'><strong>peccato,</strong></span> <span class='ocrx_word' id='word_1_622' title='bbox 2585 4352 2639 4399; x_wconf 88' lang='lat' dir='ltr'><strong>et</strong></span> <span class='ocrx_word' id='word_1_623' title='bbox 2690 4359 2722 4399; x_wconf 84' lang='lat' dir='ltr'><strong>a</strong></span> <span class='ocrx_word' id='word_1_624' title='bbox 2768 4356 2942 4401; x_wconf 90' lang='lat' dir='ltr'><strong>morte</strong></span> <span class='ocrx_word' id='word_1_625' title='bbox 2988 4345 3221 4415; x_wconf 81' lang='lat' dir='ltr'><strong>Spiritus</strong></span> <span class='ocrx_word' id='word_1_626' title='bbox 3253 4356 3492 4410; x_wconf 82' lang='lat' dir='ltr'><strong>sanctus,</strong></span> 
     </span>
    </p>
   </div>
   <div class='ocr_carea' id='block_1_82' title="bbox 243 4432 1821 4506">
    <p class='ocr_par' dir='ltr' id='par_1_82' title="bbox 243 4432 1819 4506">
     <span class='ocr_line' id='line_1_82' title="bbox 243 4432 1819 4506; baseline -0.004 -12"><span class='ocrx_word' id='word_1_627' title='bbox 243 4439 409 4494; x_wconf 81' lang='grc' dir='ltr'>νὰτου</span> <span class='ocrx_word' id='word_1_628' title='bbox 430 4434 491 4488; x_wconf 88' lang='grc' dir='ltr'><strong>τὸ</strong></span> <span class='ocrx_word' id='word_1_629' title='bbox 517 4434 669 4502; x_wconf 82' lang='grc' dir='ltr'>ἆγιον</span> <span class='ocrx_word' id='word_1_630' title='bbox 693 4432 935 4504; x_wconf 84' lang='grc' dir='ltr'>Πνεῦμα,</span> <span class='ocrx_word' id='word_1_631' title='bbox 960 4434 1055 4487; x_wconf 74' lang='grc' dir='ltr'>καὶ</span> <span class='ocrx_word' id='word_1_632' title='bbox 1075 4433 1202 4498; x_wconf 88' lang='grc' dir='ltr'>ναὸς</span> <span class='ocrx_word' id='word_1_633' title='bbox 1224 4433 1389 4487; x_wconf 72' lang='grc' dir='ltr'>αὑτοῦ</span> <span class='ocrx_word' id='word_1_634' title='bbox 1432 4435 1596 4505; x_wconf 76' lang='grc' dir='ltr'>ἐσμεν</span> <span class='ocrx_word' id='word_1_635' title='bbox 1619 4435 1819 4506; x_wconf 85' lang='grc' dir='ltr'>ὁμοίως</span> 
     </span>
    </p>
   </div>
   <div class='ocr_carea' id='block_1_83' title="bbox 1924 4432 3491 4506">
    <p class='ocr_par' dir='ltr' id='par_1_83' title="bbox 1925 4432 3491 4502">
     <span class='ocr_line' id='line_1_83' title="bbox 1925 4432 3491 4502; baseline 0.004 -17"><span class='ocrx_word' id='word_1_636' title='bbox 1925 4446 1988 4486; x_wconf 87' lang='lat' dir='ltr'><strong>ac</strong></span> <span class='ocrx_word' id='word_1_637' title='bbox 2021 4432 2067 4486; x_wconf 87' lang='lat' dir='ltr'><strong>si</strong></span> <span class='ocrx_word' id='word_1_638' title='bbox 2103 4434 2356 4501; x_wconf 88' lang='lat' dir='ltr'><strong>templum</strong></span> <span class='ocrx_word' id='word_1_639' title='bbox 2386 4434 2503 4502; x_wconf 83' lang='lat' dir='ltr'><strong>ejus</strong></span> <span class='ocrx_word' id='word_1_640' title='bbox 2542 4451 2725 4493; x_wconf 82' lang='lat' dir='ltr'><strong>sumus</strong></span> <span class='ocrx_word' id='word_1_641' title='bbox 2758 4438 3007 4493; x_wconf 90' lang='lat' dir='ltr'><strong>similiter</strong></span> <span class='ocrx_word' id='word_1_642' title='bbox 3045 4454 3109 4493; x_wconf 90' lang='lat' dir='ltr'><strong>ac</strong></span> <span class='ocrx_word' id='word_1_643' title='bbox 3146 4439 3237 4493; x_wconf 91' lang='lat' dir='ltr'><strong>Dei</strong></span> <span class='ocrx_word' id='word_1_644' title='bbox 3283 4436 3491 4501; x_wconf 84' lang='lat' dir='ltr'><strong>Patris;</strong></span> 
     </span>
    </p>
   </div>
   <div class='ocr_carea' id='block_1_84' title="bbox 246 4520 1821 4599">
    <p class='ocr_par' dir='ltr' id='par_1_84' title="bbox 246 4524 1819 4598">
     <span class='ocr_line' id='line_1_84' title="bbox 246 4524 1819 4598; baseline -0.003 -15"><span class='ocrx_word' id='word_1_645' title='bbox 246 4529 339 4583; x_wconf 80' lang='grc' dir='ltr'><strong>τοῦ</strong></span> <span class='ocrx_word' id='word_1_646' title='bbox 389 4525 526 4581; x_wconf 82' lang='grc' dir='ltr'>Θεοῦ</span> <span class='ocrx_word' id='word_1_647' title='bbox 565 4524 776 4597; x_wconf 76' lang='grc' dir='ltr'>Πατρός</span> <span class='ocrx_word' id='word_1_648' title='bbox 795 4542 810 4556; x_wconf 86' lang='grc'><strong>·</strong></span> <span class='ocrx_word' id='word_1_649' title='bbox 847 4525 923 4590; x_wconf 82' lang='grc' dir='ltr'>ὡς</span> <span class='ocrx_word' id='word_1_650' title='bbox 951 4524 1287 4597; x_wconf 83' lang='grc' dir='ltr'>Δημιουργὸς</span> <span class='ocrx_word' id='word_1_651' title='bbox 1324 4525 1417 4579; x_wconf 73' lang='grc' dir='ltr'>καὶ</span> <span class='ocrx_word' id='word_1_652' title='bbox 1446 4525 1705 4598; x_wconf 83' lang='grc' dir='ltr'>συνεργὸς</span> <span class='ocrx_word' id='word_1_653' title='bbox 1741 4526 1819 4596; x_wconf 81' lang='grc' dir='ltr'>τῷ</span> 
     </span>
    </p>
   </div>
   <div class='ocr_carea' id='block_1_85' title="bbox 1924 4520 3505 4599">
    <p class='ocr_par' dir='ltr' id='par_1_85' title="bbox 1926 4520 3505 4599">
     <span class='ocr_line' id='line_1_85' title="bbox 1926 4520 3505 4599; baseline 0.003 -25"><span class='ocrx_word' id='word_1_654' title='bbox 1926 4520 2094 4591; x_wconf 89' lang='lat' dir='ltr'><strong>igitur</strong></span> <span class='ocrx_word' id='word_1_655' title='bbox 2137 4531 2392 4592; x_wconf 88' lang='lat' dir='ltr'><strong>tauquam</strong></span> <span class='ocrx_word' id='word_1_656' title='bbox 2428 4525 2705 4591; x_wconf 88' lang='lat' dir='ltr'><strong>Conditor,</strong></span> <span class='ocrx_word' id='word_1_657' title='bbox 2755 4533 2810 4581; x_wconf 89' lang='lat' dir='ltr'><strong>ct</strong></span> <span class='ocrx_word' id='word_1_658' title='bbox 2861 4527 3137 4582; x_wconf 82' lang='lat' dir='ltr'><strong>Creatoris</strong></span> <span class='ocrx_word' id='word_1_659' title='bbox 3179 4537 3505 4599; x_wconf 36' lang='lat' dir='ltr'><strong>coeperator‘</strong></span> 
     </span>
    </p>
   </div>
   <div class='ocr_carea' id='block_1_86' title="bbox 248 4592 1821 4691">
    <p class='ocr_par' dir='ltr' id='par_1_86' title="bbox 248 4592 1821 4691">
     <span class='ocr_line' id='line_1_86' title="bbox 248 4592 1821 4691; baseline -0.002 -18"><span class='ocrx_word' id='word_1_660' title='bbox 248 4616 580 4691; x_wconf 69' lang='grc' dir='ltr'>Δημιουργῷ</span> <span class='ocrx_word' id='word_1_661' title='bbox 623 4592 939 4681; x_wconf 74' lang='grc' dir='ltr'>ἀνακτίζει,</span> <span class='ocrx_word' id='word_1_662' title='bbox 971 4592 1065 4669; x_wconf 67' lang='grc' dir='ltr'>καὶ</span> <span class='ocrx_word' id='word_1_663' title='bbox 1103 4592 1179 4680; x_wconf 80' lang='grc' dir='ltr'>ὡς</span> <span class='ocrx_word' id='word_1_664' title='bbox 1206 4592 1486 4687; x_wconf 71' lang='grc' dir='ltr'>Δεσπότης</span> <span class='ocrx_word' id='word_1_665' title='bbox 1517 4592 1821 4690; x_wconf 59' lang='grc' dir='ltr'>ἐλεύθεροί,</span> 
     </span>
    </p>
   </div>
   <div class='ocr_carea' id='block_1_87' title="bbox 1924 4592 3497 4691">
    <p class='ocr_par' dir='ltr' id='par_1_87' title="bbox 1931 4592 3497 4682">
     <span class='ocr_line' id='line_1_87' title="bbox 1931 4592 3497 4682; baseline 0.003 -18"><span class='ocrx_word' id='word_1_666' title='bbox 1931 4626 2116 4667; x_wconf 86' lang='lat' dir='ltr'><strong>rursus</strong></span> <span class='ocrx_word' id='word_1_667' title='bbox 2155 4620 2341 4678; x_wconf 81' lang='lat' dir='ltr'><strong>ereat;</strong></span> <span class='ocrx_word' id='word_1_668' title='bbox 2386 4623 2440 4669; x_wconf 88' lang='lat' dir='ltr'><strong>et</strong></span> <span class='ocrx_word' id='word_1_669' title='bbox 2495 4625 2552 4668; x_wconf 90' lang='lat' dir='ltr'><strong>ut</strong></span> <span class='ocrx_word' id='word_1_670' title='bbox 2592 4614 2849 4671; x_wconf 86' lang='lat' dir='ltr'><strong>Dominus</strong></span> <span class='ocrx_word' id='word_1_671' title='bbox 2900 4616 3129 4682; x_wconf 86' lang='lat' dir='ltr'><strong>liberat,</strong></span> <span class='ocrx_word' id='word_1_672' title='bbox 3168 4627 3223 4671; x_wconf 87' lang='lat' dir='ltr'><strong>et</strong></span> <span class='ocrx_word' id='word_1_673' title='bbox 3264 4592 3321 4671; x_wconf 79' lang='lat' dir='ltr'><strong>ut</strong></span> <span class='ocrx_word' id='word_1_674' title='bbox 3359 4616 3497 4670; x_wconf 87' lang='lat' dir='ltr'><strong>Deus</strong></span> 
     </span>
    </p>
   </div>
   <div class='ocr_carea' id='block_1_88' title="bbox 250 4702 1821 4780">
    <p class='ocr_par' dir='ltr' id='par_1_88' title="bbox 250 4705 1821 4780">
     <span class='ocr_line' id='line_1_88' title="bbox 250 4705 1821 4780; baseline 0.003 -19"><span class='ocrx_word' id='word_1_675' title='bbox 250 4708 341 4761; x_wconf 81' lang='grc' dir='ltr'>καὶ</span> <span class='ocrx_word' id='word_1_676' title='bbox 383 4708 462 4771; x_wconf 81' lang='grc' dir='ltr'><strong>ὡς</strong></span> <span class='ocrx_word' id='word_1_677' title='bbox 493 4706 626 4771; x_wconf 86' lang='grc' dir='ltr'>Θεὸς</span> <span class='ocrx_word' id='word_1_678' title='bbox 659 4708 878 4760; x_wconf 73' lang='grc' dir='ltr'>ἐνοικεῖ.</span> <span class='ocrx_word' id='word_1_679' title='bbox 931 4706 990 4761; x_wconf 89' lang='lat'><strong>&#39;0</strong></span> <span class='ocrx_word' id='word_1_680' title='bbox 1036 4706 1094 4761; x_wconf 78' lang='grc' dir='ltr'><strong>δὲ</strong></span> <span class='ocrx_word' id='word_1_681' title='bbox 1126 4705 1298 4760; x_wconf 88' lang='grc' dir='ltr'>ταῦτα</span> <span class='ocrx_word' id='word_1_682' title='bbox 1332 4706 1431 4771; x_wconf 85' lang='grc' dir='ltr'>ὣν,</span> <span class='ocrx_word' id='word_1_683' title='bbox 1464 4708 1675 4780; x_wconf 81' lang='grc' dir='ltr'>ποίημα</span> <span class='ocrx_word' id='word_1_684' title='bbox 1716 4728 1821 4765; x_wconf 83' lang='grc' dir='ltr'><strong>πα-</strong></span> 
     </span>
    </p>
   </div>
   <div class='ocr_carea' id='block_1_89' title="bbox 1924 4702 3493 4780">
    <p class='ocr_par' dir='ltr' id='par_1_89' title="bbox 1933 4702 3493 4777">
     <span class='ocr_line' id='line_1_89' title="bbox 1933 4702 3493 4777; baseline 0.002 -21"><span class='ocrx_word' id='word_1_685' title='bbox 1933 4702 2215 4758; x_wconf 87' lang='lat' dir='ltr'><strong>inbabitat.</strong></span> <span class='ocrx_word' id='word_1_686' title='bbox 2265 4705 2367 4772; x_wconf 84' lang='lat' dir='ltr'><strong>Qui</strong></span> <span class='ocrx_word' id='word_1_687' title='bbox 2407 4717 2587 4761; x_wconf 91' lang='lat' dir='ltr'><strong>autem</strong></span> <span class='ocrx_word' id='word_1_688' title='bbox 2616 4716 2699 4761; x_wconf 89' lang='lat' dir='ltr'><strong>est</strong></span> <span class='ocrx_word' id='word_1_689' title='bbox 2725 4708 2856 4774; x_wconf 67' lang='lat' dir='ltr'><strong>haec,</strong></span> <span class='ocrx_word' id='word_1_690' title='bbox 2889 4724 2992 4762; x_wconf 89' lang='lat' dir='ltr'><strong>non</strong></span> <span class='ocrx_word' id='word_1_691' title='bbox 3034 4716 3207 4777; x_wconf 86' lang='lat' dir='ltr'><strong>potest</strong></span> <span class='ocrx_word' id='word_1_692' title='bbox 3248 4714 3493 4761; x_wconf 81' lang='lat' dir='ltr'><strong>creatura</strong></span> 
     </span>
    </p>
   </div>
   <div class='ocr_carea' id='block_1_90' title="bbox 254 4792 1821 4870">
    <p class='ocr_par' dir='ltr' id='par_1_90' title="bbox 254 4792 1821 4870">
     <span class='ocr_line' id='line_1_90' title="bbox 254 4792 1821 4870; baseline 0.003 -19"><span class='ocrx_word' id='word_1_693' title='bbox 254 4796 567 4869; x_wconf 80' lang='grc' dir='ltr'>ραπλησίως</span> <span class='ocrx_word' id='word_1_694' title='bbox 610 4800 721 4861; x_wconf 77' lang='grc' dir='ltr'>τοῖς</span> <span class='ocrx_word' id='word_1_695' title='bbox 776 4799 1072 4870; x_wconf 77' lang='grc' dir='ltr'>ποιήμασιν</span> <span class='ocrx_word' id='word_1_696' title='bbox 1119 4792 1258 4851; x_wconf 80' lang='grc' dir='ltr'>εἶναι</span> <span class='ocrx_word' id='word_1_697' title='bbox 1311 4799 1372 4852; x_wconf 84' lang='grc' dir='ltr'><strong>ού</strong></span> <span class='ocrx_word' id='word_1_698' title='bbox 1415 4798 1659 4855; x_wconf 81' lang='grc' dir='ltr'>δύναταιο</span> <span class='ocrx_word' id='word_1_699' title='bbox 1702 4801 1821 4855; x_wconf 71' lang='grc' dir='ltr'>οὐδὲ</span> 
     </span>
    </p>
   </div>
   <div class='ocr_carea' id='block_1_91' title="bbox 1924 4792 3496 4870">
    <p class='ocr_par' dir='ltr' id='par_1_91' title="bbox 1930 4796 3496 4867">
     <span class='ocr_line' id='line_1_91' title="bbox 1930 4796 3496 4867; baseline -0.001 -16"><span class='ocrx_word' id='word_1_700' title='bbox 1930 4809 2054 4851; x_wconf 83' lang='lat' dir='ltr'><strong>esse</strong></span> <span class='ocrx_word' id='word_1_701' title='bbox 2087 4796 2261 4850; x_wconf 89' lang='lat' dir='ltr'><strong>instar</strong></span> <span class='ocrx_word' id='word_1_702' title='bbox 2291 4799 2518 4852; x_wconf 83' lang='lat' dir='ltr'><strong>aliarum</strong></span> <span class='ocrx_word' id='word_1_703' title='bbox 2553 4808 2954 4865; x_wconf 89' lang='lat' dir='ltr'><strong>creaturarum;</strong></span> <span class='ocrx_word' id='word_1_704' title='bbox 2995 4812 3167 4867; x_wconf 89' lang='lat' dir='ltr'><strong>neque</strong></span> <span class='ocrx_word' id='word_1_705' title='bbox 3196 4798 3296 4850; x_wconf 87' lang='lat' dir='ltr'><strong>hoc</strong></span> <span class='ocrx_word' id='word_1_706' title='bbox 3316 4797 3496 4851; x_wconf 85' lang='lat' dir='ltr'><strong>dicere</strong></span> 
     </span>
    </p>
   </div>
   <div class='ocr_carea' id='block_1_92' title="bbox 251 4886 1821 4962">
    <p class='ocr_par' dir='ltr' id='par_1_92' title="bbox 251 4886 1820 4962">
     <span class='ocr_line' id='line_1_92' title="bbox 251 4886 1820 4962; baseline 0.003 -22"><span class='ocrx_word' id='word_1_707' title='bbox 251 4886 451 4954; x_wconf 75' lang='grc' dir='ltr'>λέγειν,</span> <span class='ocrx_word' id='word_1_708' title='bbox 485 4887 519 4958; x_wconf 79' lang='grc' dir='ltr'>ἢ</span> <span class='ocrx_word' id='word_1_709' title='bbox 559 4886 845 4942; x_wconf 84' lang='grc' dir='ltr'>σιωπῶντα</span> <span class='ocrx_word' id='word_1_710' title='bbox 883 4887 1169 4959; x_wconf 78' lang='grc' dir='ltr'>ἀνέχεσθαι</span> <span class='ocrx_word' id='word_1_711' title='bbox 1198 4887 1419 4943; x_wconf 83' lang='grc' dir='ltr'>ἀκούειν</span> <span class='ocrx_word' id='word_1_712' title='bbox 1450 4889 1607 4943; x_wconf 86' lang='grc' dir='ltr'>τοῦτο</span> <span class='ocrx_word' id='word_1_713' title='bbox 1642 4890 1820 4962; x_wconf 83' lang='grc' dir='ltr'>θέμις.</span> 
     </span>
    </p>
   </div>
   <div class='ocr_carea' id='block_1_93' title="bbox 1924 4886 3497 4962">
    <p class='ocr_par' dir='ltr' id='par_1_93' title="bbox 1933 4889 3497 4958">
     <span class='ocr_line' id='line_1_93' title="bbox 1933 4889 3497 4958; baseline -0.001 -16"><span class='ocrx_word' id='word_1_714' title='bbox 1933 4891 2015 4944; x_wconf 76' lang='lat' dir='ltr'><strong>Ias</strong></span> <span class='ocrx_word' id='word_1_715' title='bbox 2049 4898 2154 4955; x_wconf 87' lang='lat' dir='ltr'><strong>est,</strong></span> <span class='ocrx_word' id='word_1_716' title='bbox 2203 4900 2298 4944; x_wconf 90' lang='lat' dir='ltr'><strong>aut</strong></span> <span class='ocrx_word' id='word_1_717' title='bbox 2339 4891 2454 4946; x_wconf 70' lang='lat' dir='ltr'><strong>haec</strong></span> <span class='ocrx_word' id='word_1_718' title='bbox 2507 4891 2773 4946; x_wconf 88' lang='lat' dir='ltr'><strong>dicentem</strong></span> <span class='ocrx_word' id='word_1_719' title='bbox 2825 4890 3048 4945; x_wconf 87' lang='lat' dir='ltr'><strong>tacendo</strong></span> <span class='ocrx_word' id='word_1_720' title='bbox 3099 4889 3368 4958; x_wconf 86' lang='lat' dir='ltr'><strong>patienter</strong></span> <span class='ocrx_word' id='word_1_721' title='bbox 3402 4903 3497 4943; x_wconf 81' lang='lat' dir='ltr'><strong>au-</strong></span> 
     </span>
    </p>
   </div>
   <div class='ocr_carea' id='block_1_94' title="bbox 1927 4981 2060 5034">
    <p class='ocr_par' dir='ltr' id='par_1_94' title="bbox 1927 4981 2060 5034">
     <span class='ocr_line' id='line_1_94' title="bbox 1927 4981 2060 5034; baseline -0.008 0"><span class='ocrx_word' id='word_1_722' title='bbox 1927 4981 2060 5034; x_wconf 89' lang='lat' dir='ltr'><strong>dire.</strong></span> 
     </span>
    </p>
   </div>
   <div class='ocr_carea' id='block_1_95' title="bbox 318 5060 1821 5134">
    <p class='ocr_par' dir='ltr' id='par_1_95' title="bbox 318 5060 1817 5134">
     <span class='ocr_line' id='line_1_95' title="bbox 318 5060 1817 5134; baseline 0.003 -20"><span class='ocrx_word' id='word_1_723' title='bbox 318 5062 450 5115; x_wconf 67' lang='grc' dir='ltr'><strong>ΜΗ.</strong></span> <span class='ocrx_word' id='word_1_724' title='bbox 484 5060 547 5114; x_wconf 77' lang='lat' dir='ltr'><strong>Et</strong></span> <span class='ocrx_word' id='word_1_725' title='bbox 582 5061 699 5132; x_wconf 73' lang='grc' dir='ltr'><strong>ἅμα</strong></span> <span class='ocrx_word' id='word_1_726' title='bbox 725 5061 803 5132; x_wconf 82' lang='grc' dir='ltr'>τῷ</span> <span class='ocrx_word' id='word_1_727' title='bbox 841 5062 960 5134; x_wconf 81' lang='grc' dir='ltr'>Θεῷ</span> <span class='ocrx_word' id='word_1_728' title='bbox 993 5062 1167 5133; x_wconf 68' lang='lat' dir='ltr'><strong>llatth</strong></span> <span class='ocrx_word' id='word_1_729' title='bbox 1196 5064 1290 5117; x_wconf 76' lang='grc' dir='ltr'>καὶ</span> <span class='ocrx_word' id='word_1_730' title='bbox 1315 5062 1394 5133; x_wconf 82' lang='grc' dir='ltr'>τῷ</span> <span class='ocrx_word' id='word_1_731' title='bbox 1422 5063 1536 5133; x_wconf 78' lang='grc' dir='ltr'><strong>Υἱῷ</strong></span> <span class='ocrx_word' id='word_1_732' title='bbox 1563 5064 1726 5118; x_wconf 77' lang='grc' dir='ltr'>αὐτοῦ</span> <span class='ocrx_word' id='word_1_733' title='bbox 1757 5064 1817 5118; x_wconf 81' lang='grc' dir='ltr'><strong>τὸ</strong></span> 
     </span>
    </p>
   </div>
   <div class='ocr_carea' id='block_1_96' title="bbox 1924 5060 3500 5134">
    <p class='ocr_par' dir='ltr' id='par_1_96' title="bbox 2005 5066 3500 5134">
     <span class='ocr_line' id='line_1_96' title="bbox 2005 5066 3500 5134; baseline -0.003 -10"><span class='ocrx_word' id='word_1_734' title='bbox 2005 5068 2161 5124; x_wconf 84' lang='lat' dir='ltr'><strong>XLII.</strong></span> <span class='ocrx_word' id='word_1_735' title='bbox 2198 5069 2254 5125; x_wconf 88' lang='lat' dir='ltr'><strong>Si</strong></span> <span class='ocrx_word' id='word_1_736' title='bbox 2286 5071 2443 5125; x_wconf 88' lang='lat' dir='ltr'><strong>simul</strong></span> <span class='ocrx_word' id='word_1_737' title='bbox 2470 5087 2591 5127; x_wconf 93' lang='lat' dir='ltr'><strong>cum</strong></span> <span class='ocrx_word' id='word_1_738' title='bbox 2623 5071 2732 5126; x_wconf 86' lang='lat' dir='ltr'><strong>Deo</strong></span> <span class='ocrx_word' id='word_1_739' title='bbox 2760 5071 2940 5134; x_wconf 85' lang='lat' dir='ltr'><strong>Patre,</strong></span> <span class='ocrx_word' id='word_1_740' title='bbox 2973 5079 3027 5123; x_wconf 90' lang='lat' dir='ltr'><strong>et</strong></span> <span class='ocrx_word' id='word_1_741' title='bbox 3071 5068 3209 5124; x_wconf 86' lang='lat' dir='ltr'><strong>Filio</strong></span> <span class='ocrx_word' id='word_1_742' title='bbox 3253 5066 3370 5134; x_wconf 87' lang='lat' dir='ltr'><strong>ejus</strong></span> <span class='ocrx_word' id='word_1_743' title='bbox 3406 5069 3500 5122; x_wconf 82' lang='lat' dir='ltr'><strong>ba-</strong></span> 
     </span>
    </p>
   </div>
   <div class='ocr_carea' id='block_1_97' title="bbox 252 5149 1821 5233">
    <p class='ocr_par' dir='ltr' id='par_1_97' title="bbox 252 5149 1821 5226">
     <span class='ocr_line' id='line_1_97' title="bbox 252 5149 1821 5226; baseline 0.003 -23"><span class='ocrx_word' id='word_1_744' title='bbox 252 5149 406 5219; x_wconf 72' lang='grc' dir='ltr'>ἆγιον</span> <span class='ocrx_word' id='word_1_745' title='bbox 466 5151 692 5222; x_wconf 85' lang='grc' dir='ltr'>Πνεῦμα</span> <span class='ocrx_word' id='word_1_746' title='bbox 736 5152 825 5207; x_wconf 82' lang='grc' dir='ltr'><strong>διὰ</strong></span> <span class='ocrx_word' id='word_1_747' title='bbox 870 5154 964 5207; x_wconf 83' lang='grc' dir='ltr'><strong>τοῦ</strong></span> <span class='ocrx_word' id='word_1_748' title='bbox 1031 5154 1402 5225; x_wconf 83' lang='grc' dir='ltr'>βαπτίσματος</span> <span class='ocrx_word' id='word_1_749' title='bbox 1462 5156 1821 5226; x_wconf 81' lang='grc' dir='ltr'>ἀναστοιχειοί</span> 
     </span>
    </p>
   </div>
   <div class='ocr_carea' id='block_1_98' title="bbox 1924 5149 3491 5233">
    <p class='ocr_par' dir='ltr' id='par_1_98' title="bbox 1927 5157 3491 5233">
     <span class='ocr_line' id='line_1_98' title="bbox 1927 5157 3491 5233; baseline -0.004 -18"><span class='ocrx_word' id='word_1_750' title='bbox 1927 5163 2181 5233; x_wconf 86' lang='lat' dir='ltr'><strong>ptismum</strong></span> <span class='ocrx_word' id='word_1_751' title='bbox 2209 5161 2444 5232; x_wconf 86' lang='lat' dir='ltr'><strong>Spiritus</strong></span> <span class='ocrx_word' id='word_1_752' title='bbox 2472 5175 2693 5220; x_wconf 86' lang='lat' dir='ltr'><strong>sanctus</strong></span> <span class='ocrx_word' id='word_1_753' title='bbox 2727 5178 2822 5217; x_wconf 87' lang='lat' dir='ltr'><strong>nos</strong></span> <span class='ocrx_word' id='word_1_754' title='bbox 2853 5161 3111 5217; x_wconf 74' lang='lat' dir='ltr'><strong>reformat</strong></span> <span class='ocrx_word' id='word_1_755' title='bbox 3135 5160 3186 5213; x_wconf 91' lang='lat' dir='ltr'><strong>iu</strong></span> <span class='ocrx_word' id='word_1_756' title='bbox 3208 5157 3491 5227; x_wconf 87' lang='lat' dir='ltr'><strong>pristinam</strong></span> 
     </span>
    </p>
   </div>
   <div class='ocr_carea' id='block_1_99' title="bbox 253 5243 1821 5324">
    <p class='ocr_par' dir='ltr' id='par_1_99' title="bbox 253 5243 1816 5318">
     <span class='ocr_line' id='line_1_99' title="bbox 253 5243 1816 5318; baseline 0.003 -22"><span class='ocrx_word' id='word_1_757' title='bbox 253 5243 396 5312; x_wconf 72' lang='grc' dir='ltr'>ἡμᾶς</span> <span class='ocrx_word' id='word_1_758' title='bbox 429 5244 509 5308; x_wconf 78' lang='grc' dir='ltr'>εἰς</span> <span class='ocrx_word' id='word_1_759' title='bbox 535 5246 719 5299; x_wconf 79' lang='grc' dir='ltr'>εἰκόνα</span> <span class='ocrx_word' id='word_1_760' title='bbox 752 5246 849 5318; x_wconf 82' lang='grc' dir='ltr'><strong>τὴν</strong></span> <span class='ocrx_word' id='word_1_761' title='bbox 875 5244 1118 5318; x_wconf 75' lang='grc' dir='ltr'>πράηην,</span> <span class='ocrx_word' id='word_1_762' title='bbox 1149 5248 1243 5299; x_wconf 75' lang='grc' dir='ltr'><strong>καὶ</strong></span> <span class='ocrx_word' id='word_1_763' title='bbox 1275 5245 1366 5298; x_wconf 81' lang='grc' dir='ltr'><strong>διὰ</strong></span> <span class='ocrx_word' id='word_1_764' title='bbox 1394 5246 1494 5316; x_wconf 80' lang='grc' dir='ltr'>τῆς</span> <span class='ocrx_word' id='word_1_765' title='bbox 1526 5248 1816 5317; x_wconf 81' lang='grc' dir='ltr'>μετουσίας</span> 
     </span>
    </p>
   </div>
   <div class='ocr_carea' id='block_1_100' title="bbox 1924 5243 3498 5324">
    <p class='ocr_par' dir='ltr' id='par_1_100' title="bbox 1925 5247 3498 5324">
     <span class='ocr_line' id='line_1_100' title="bbox 1925 5247 3498 5324; baseline -0.004 -18"><span class='ocrx_word' id='word_1_766' title='bbox 1925 5254 2233 5321; x_wconf 87' lang='lat' dir='ltr'><strong>imaginem,</strong></span> <span class='ocrx_word' id='word_1_767' title='bbox 2271 5263 2323 5309; x_wconf 91' lang='lat' dir='ltr'><strong>et</strong></span> <span class='ocrx_word' id='word_1_768' title='bbox 2360 5269 2456 5322; x_wconf 88' lang='lat' dir='ltr'><strong>per</strong></span> <span class='ocrx_word' id='word_1_769' title='bbox 2498 5256 2579 5309; x_wconf 86' lang='lat' dir='ltr'><strong>sui</strong></span> <span class='ocrx_word' id='word_1_770' title='bbox 2631 5253 3097 5324; x_wconf 86' lang='lat' dir='ltr'><strong>participationem</strong></span> <span class='ocrx_word' id='word_1_771' title='bbox 3148 5264 3312 5303; x_wconf 86' lang='lat' dir='ltr'><strong>causa</strong></span> <span class='ocrx_word' id='word_1_772' title='bbox 3345 5247 3498 5301; x_wconf 76' lang='lat' dir='ltr'><strong>nobis</strong></span> 
     </span>
    </p>
   </div>
   <div class='ocr_carea' id='block_1_101' title="bbox 253 5334 1821 5414">
    <p class='ocr_par' dir='ltr' id='par_1_101' title="bbox 253 5334 1815 5407">
     <span class='ocr_line' id='line_1_101' title="bbox 253 5334 1815 5407; baseline 0.004 -21"><span class='ocrx_word' id='word_1_773' title='bbox 253 5334 421 5388; x_wconf 74' lang='grc' dir='ltr'>αἴτιον</span> <span class='ocrx_word' id='word_1_774' title='bbox 449 5335 577 5407; x_wconf 75' lang='grc' dir='ltr'>ἡμῖν</span> <span class='ocrx_word' id='word_1_775' title='bbox 626 5336 900 5402; x_wconf 68' lang='grc' dir='ltr'>υἱοθεσίας</span> <span class='ocrx_word' id='word_1_776' title='bbox 933 5339 1024 5391; x_wconf 81' lang='grc' dir='ltr'><strong>καὶ</strong></span> <span class='ocrx_word' id='word_1_777' title='bbox 1056 5336 1149 5390; x_wconf 84' lang='grc' dir='ltr'><strong>τοῦ</strong></span> <span class='ocrx_word' id='word_1_778' title='bbox 1176 5336 1417 5405; x_wconf 85' lang='grc' dir='ltr'>γίνεσθαι</span> <span class='ocrx_word' id='word_1_779' title='bbox 1450 5337 1606 5402; x_wconf 85' lang='grc' dir='ltr'>θεούς</span> <span class='ocrx_word' id='word_1_780' title='bbox 1646 5339 1815 5403; x_wconf 75' lang='grc' dir='ltr'>ἐστιν,</span> 
     </span>
    </p>
   </div>
   <div class='ocr_carea' id='block_1_102' title="bbox 1924 5334 3497 5414">
    <p class='ocr_par' dir='ltr' id='par_1_102' title="bbox 1924 5338 3497 5414">
     <span class='ocr_line' id='line_1_102' title="bbox 1924 5338 3497 5414; baseline -0.004 -18"><span class='ocrx_word' id='word_1_781' title='bbox 1924 5353 2006 5398; x_wconf 85' lang='lat' dir='ltr'><strong>est</strong></span> <span class='ocrx_word' id='word_1_782' title='bbox 2049 5354 2107 5397; x_wconf 88' lang='lat' dir='ltr'><strong>ut</strong></span> <span class='ocrx_word' id='word_1_783' title='bbox 2166 5344 2484 5414; x_wconf 86' lang='lat' dir='ltr'><strong>adoptemur</strong></span> <span class='ocrx_word' id='word_1_784' title='bbox 2542 5345 2596 5399; x_wconf 89' lang='lat' dir='ltr'><strong>in</strong></span> <span class='ocrx_word' id='word_1_785' title='bbox 2645 5345 2805 5409; x_wconf 76' lang='lat' dir='ltr'><strong>filios,</strong></span> <span class='ocrx_word' id='word_1_786' title='bbox 2854 5351 2908 5398; x_wconf 90' lang='lat' dir='ltr'><strong>et</strong></span> <span class='ocrx_word' id='word_1_787' title='bbox 2954 5341 3024 5396; x_wconf 85' lang='lat' dir='ltr'><strong>dii</strong></span> <span class='ocrx_word' id='word_1_788' title='bbox 3066 5338 3398 5404; x_wconf 80' lang='lat' dir='ltr'><strong>eﬂlciamur;</strong></span> <span class='ocrx_word' id='word_1_789' title='bbox 3444 5347 3497 5391; x_wconf 84' lang='lat' dir='ltr'><strong>ct</strong></span> 
     </span>
    </p>
   </div>
   <div class='ocr_carea' id='block_1_103' title="bbox 1988 5510 3495 5589">
    <p class='ocr_par' dir='ltr' id='par_1_103' title="bbox 1988 5510 3495 5589">
     <span class='ocr_line' id='line_1_103' title="bbox 1988 5510 3495 5589; baseline -0.006 -17"><span class='ocrx_word' id='word_1_790' title='bbox 1988 5518 2101 5589; x_wconf 69' lang='lat' dir='ltr'><strong>(8t)</strong></span> <span class='ocrx_word' id='word_1_791' title='bbox 2149 5517 2389 5584; x_wconf 74' lang='lat' dir='ltr'><strong>Qualem.</strong></span> <span class='ocrx_word' id='word_1_792' title='bbox 2432 5517 2660 5589; x_wconf 75' lang='lat' dir='ltr'><strong>Reliqua</strong></span> <span class='ocrx_word' id='word_1_793' title='bbox 2680 5518 2887 5589; x_wconf 67' lang='lat' dir='ltr'><strong>desunt</strong></span> <span class='ocrx_word' id='word_1_794' title='bbox 2923 5511 3278 5589; x_wconf 83' lang='lat' dir='ltr'><strong>in_codice._[</strong></span> <span class='ocrx_word' id='word_1_795' title='bbox 3296 5510 3495 5589; x_wconf 68' lang='lat' dir='ltr'><strong>Home-</strong></span> 
     </span>
    </p>
   </div>
   <div class='ocr_carea' id='block_1_104' title="bbox 318 5510 1330 5638">
    <p class='ocr_par' dir='ltr' id='par_1_104' title="bbox 318 5510 1330 5638">
     <span class='ocr_line' id='line_1_104' title="bbox 318 5510 1330 5638; baseline -0.002 -74"><span class='ocrx_word' id='word_1_796' title='bbox 318 5510 436 5638; x_wconf 65' lang='grc' dir='ltr'><strong>(8οζ</strong></span> <span class='ocrx_word' id='word_1_797' title='bbox 483 5514 636 5597; x_wconf 65' lang='grc' dir='ltr'><strong>Αιιιεε</strong></span> <span class='ocrx_word' id='word_1_798' title='bbox 680 5514 814 5571; x_wconf 77' lang='lat' dir='ltr'><strong>Vide</strong></span> <span class='ocrx_word' id='word_1_799' title='bbox 840 5529 954 5638; x_wconf 47' lang='lat' dir='ltr'><strong>pag.</strong></span> <span class='ocrx_word' id='word_1_800' title='bbox 996 5513 1097 5568; x_wconf 79' lang='lat' dir='ltr'><strong>I57</strong></span> <span class='ocrx_word' id='word_1_801' title='bbox 1133 5520 1186 5566; x_wconf 89' lang='lat' dir='ltr'><strong>et</strong></span> <span class='ocrx_word' id='word_1_802' title='bbox 1218 5511 1330 5567; x_wconf 82' lang='grc'><strong>158.</strong></span> 
     </span>
     <span class='ocr_line' id='line_1_105' title="bbox 323 5581 1330 5638; baseline 0 0"><span class='ocrx_word' id='word_1_803' title='bbox 323 5583 407 5638; x_wconf 73' lang='grc'><strong>(81</strong></span> <span class='ocrx_word' id='word_1_804' title='bbox 481 5581 659 5638; x_wconf 70' lang='lat' dir='ltr'><strong>Pam:</strong></span> <span class='ocrx_word' id='word_1_805' title='bbox 706 5596 802 5638; x_wconf 75' lang='lat' dir='ltr'><strong>est.</strong></span> <span class='ocrx_word' id='word_1_806' title='bbox 873 5602 904 5638; x_wconf 84' lang='grc' dir='ltr'><strong>ιι</strong></span> <span class='ocrx_word' id='word_1_807' title='bbox 949 5583 1138 5638; x_wconf 68' lang='grc' dir='ltr'><strong>ϐω·ςο</strong></span> <span class='ocrx_word' id='word_1_808' title='bbox 1181 5585 1330 5638; x_wconf 70' lang='grc' dir='ltr'>ειιὺθε</span> 
     </span>
    </p>
   </div>
   <div class='ocr_carea' id='block_1_105' title="bbox 1922 5586 3493 5655">
    <p class='ocr_par' dir='ltr' id='par_1_105' title="bbox 1922 5586 3493 5655">
     <span class='ocr_line' id='line_1_106' title="bbox 1922 5586 3493 5655; baseline -0.003 -15"><span class='ocrx_word' id='word_1_809' title='bbox 1922 5586 2018 5643; x_wconf 84' lang='lat' dir='ltr'><strong>rici</strong></span> <span class='ocrx_word' id='word_1_810' title='bbox 2061 5586 2190 5643; x_wconf 82' lang='lat' dir='ltr'><strong>sunt</strong></span> <span class='ocrx_word' id='word_1_811' title='bbox 2231 5604 2417 5642; x_wconf 84' lang='lat' dir='ltr'><strong>versus</strong></span> <span class='ocrx_word' id='word_1_812' title='bbox 2442 5627 2459 5652; x_wconf 90' lang='lat'><strong>,</strong></span> <span class='ocrx_word' id='word_1_813' title='bbox 2508 5586 2612 5649; x_wconf 83' lang='lat' dir='ltr'><strong>0d.</strong></span> <span class='ocrx_word' id='word_1_814' title='bbox 2654 5588 2729 5652; x_wconf 89' lang='grc' dir='ltr'>Σ,</span> <span class='ocrx_word' id='word_1_815' title='bbox 2758 5586 2881 5651; x_wconf 79' lang='grc'><strong>157,</strong></span> <span class='ocrx_word' id='word_1_816' title='bbox 2911 5586 3000 5655; x_wconf 90' lang='lat' dir='ltr'><strong>qui</strong></span> <span class='ocrx_word' id='word_1_817' title='bbox 3034 5588 3115 5641; x_wconf 86' lang='lat' dir='ltr'><strong>sic</strong></span> <span class='ocrx_word' id='word_1_818' title='bbox 3151 5600 3212 5640; x_wconf 85' lang='lat' dir='ltr'><strong>se</strong></span> <span class='ocrx_word' id='word_1_819' title='bbox 3238 5586 3440 5638; x_wconf 75' lang='lat' dir='ltr'><strong>habent</strong></span> <span class='ocrx_word' id='word_1_820' title='bbox 3472 5598 3493 5636; x_wconf 82' lang='lat'><strong><em>:</em></strong></span> 
     </span>
    </p>
   </div>
   <div class='ocr_carea' id='block_1_106' title="bbox 254 5581 1819 5705">
    <p class='ocr_par' dir='ltr' id='par_1_106' title="bbox 254 5581 1819 5705">
     <span class='ocr_line' id='line_1_107' title="bbox 254 5581 1819 5705; baseline -0.001 -66"><span class='ocrx_word' id='word_1_821' title='bbox 254 5581 436 5705; x_wconf 46' lang='lat' dir='ltr'><strong>du(ﬁt)</strong></span> <span class='ocrx_word' id='word_1_822' title='bbox 481 5581 659 5639; x_wconf 77' lang='lat' dir='ltr'><strong>Patris</strong></span> <span class='ocrx_word' id='word_1_823' title='bbox 706 5596 802 5641; x_wconf 76' lang='lat' dir='ltr'><strong>est.</strong></span> <span class='ocrx_word' id='word_1_824' title='bbox 842 5581 1138 5640; x_wconf 51' lang='lat' dir='ltr'><strong>In&#39;Gra-co</strong></span> <span class='ocrx_word' id='word_1_825' title='bbox 1181 5585 1364 5638; x_wconf 83' lang='lat' dir='ltr'><strong>subest</strong></span> <span class='ocrx_word' id='word_1_826' title='bbox 1403 5583 1617 5654; x_wconf 81' lang='lat' dir='ltr'><strong>aliquod</strong></span> <span class='ocrx_word' id='word_1_827' title='bbox 1669 5598 1819 5638; x_wconf 88' lang='lat' dir='ltr'><strong>men-</strong></span> 
     </span>
    </p>
   </div>
   <div class='ocr_carea' id='block_1_107' title="bbox 324 5720 1660 5792">
    <p class='ocr_par' dir='ltr' id='par_1_107' title="bbox 324 5720 1660 5792">
     <span class='ocr_line' id='line_1_108' title="bbox 324 5720 1660 5792; baseline 0.001 -18"><span class='ocrx_word' id='word_1_828' title='bbox 324 5720 438 5787; x_wconf 72' lang='lat' dir='ltr'><strong>(8‘2l</strong></span> <span class='ocrx_word' id='word_1_829' title='bbox 477 5721 568 5792; x_wconf 71' lang='lat' dir='ltr'><strong>Sic</strong></span> <span class='ocrx_word' id='word_1_830' title='bbox 601 5741 654 5779; x_wconf 74' lang='lat' dir='ltr'><strong>se</strong></span> <span class='ocrx_word' id='word_1_831' title='bbox 679 5724 884 5778; x_wconf 75' lang='lat' dir='ltr'><strong>habent.</strong></span> <span class='ocrx_word' id='word_1_832' title='bbox 922 5723 1140 5792; x_wconf 71' lang='lat' dir='ltr'><strong>Reliqua</strong></span> <span class='ocrx_word' id='word_1_833' title='bbox 1170 5722 1350 5777; x_wconf 86' lang='lat' dir='ltr'><strong>omisit</strong></span> <span class='ocrx_word' id='word_1_834' title='bbox 1381 5723 1660 5778; x_wconf 79' lang='lat' dir='ltr'><strong>librarius.</strong></span> 
     </span>
    </p>
   </div>
   <div class='ocr_carea' id='block_1_108' title="bbox 256 5791 1817 5917">
    <p class='ocr_par' dir='ltr' id='par_1_108' title="bbox 256 5791 1817 5917">
     <span class='ocr_line' id='line_1_109' title="bbox 256 5791 1817 5917; baseline -0.006 -61"><span class='ocrx_word' id='word_1_835' title='bbox 256 5792 441 5917; x_wconf 43' lang='lat' dir='ltr'><strong>l&quot;(311%)</strong></span> <span class='ocrx_word' id='word_1_836' title='bbox 484 5791 879 5866; x_wconf 65' lang='lat' dir='ltr'><strong>(Saguntinam.</strong></span> <span class='ocrx_word' id='word_1_837' title='bbox 915 5791 1217 5861; x_wconf 28' lang='lat' dir='ltr'><strong>Vidc’Sap.</strong></span> <span class='ocrx_word' id='word_1_838' title='bbox 1264 5808 1362 5873; x_wconf 68' lang='lat' dir='ltr'><strong>xtl,</strong></span> <span class='ocrx_word' id='word_1_839' title='bbox 1411 5795 1456 5862; x_wconf 90' lang='lat' dir='ltr'><strong>I,</strong></span> <span class='ocrx_word' id='word_1_840' title='bbox 1502 5802 1556 5846; x_wconf 72' lang='lat' dir='ltr'><strong>et</strong></span> <span class='ocrx_word' id='word_1_841' title='bbox 1600 5795 1613 5846; x_wconf 95' lang='grc' dir='ltr'><strong>Ι</strong></span> <span class='ocrx_word' id='word_1_842' title='bbox 1664 5791 1817 5847; x_wconf 81' lang='lat' dir='ltr'><strong>Joan.</strong></span> 
     </span>
    </p>
   </div>
   <div class='ocr_carea' id='block_1_109' title="bbox 1924 5698 3336 5768">
    <p class='ocr_par' dir='ltr' id='par_1_109' title="bbox 1924 5698 3336 5768">
     <span class='ocr_line' id='line_1_110' title="bbox 1924 5698 3336 5768; baseline 0.001 -15"><span class='ocrx_word' id='word_1_843' title='bbox 1924 5698 2087 5768; x_wconf 74' lang='grc' dir='ltr'>Τρῖος</span> <span class='ocrx_word' id='word_1_844' title='bbox 2109 5698 2219 5768; x_wconf 77' lang='grc' dir='ltr'><strong>γὰρ</strong></span> <span class='ocrx_word' id='word_1_845' title='bbox 2238 5700 2385 5768; x_wconf 55' lang='grc' dir='ltr'>γόος</span> <span class='ocrx_word' id='word_1_846' title='bbox 2412 5698 2586 5752; x_wconf 76' lang='grc' dir='ltr'>ἐστὶν</span> <span class='ocrx_word' id='word_1_847' title='bbox 2613 5700 2966 5768; x_wconf 81' lang='grc' dir='ltr'>ἐπιχθονίων</span> <span class='ocrx_word' id='word_1_848' title='bbox 2990 5698 3336 5768; x_wconf 61' lang='grc' dir='ltr'><strong>ἀνθρώπωνζ.</strong></span> 
     </span>
    </p>
   </div>
   <div class='ocr_carea' id='block_1_110' title="bbox 1914 5764 3488 5901">
    <p class='ocr_par' dir='ltr' id='par_1_110' title="bbox 1914 5764 3488 5901">
     <span class='ocr_line' id='line_1_111' title="bbox 1914 5764 3488 5901; baseline -0.001 -80"><span class='ocrx_word' id='word_1_849' title='bbox 1914 5764 2194 5825; x_wconf 45' lang='grc' dir='ltr'><strong>Οἶον⁷ὲ3τ”</strong></span> <span class='ocrx_word' id='word_1_850' title='bbox 2220 5764 2378 5842; x_wconf 72' lang='grc' dir='ltr'>ἦμαρ</span> <span class='ocrx_word' id='word_1_851' title='bbox 2413 5768 2594 5838; x_wconf 68' lang='grc' dir='ltr'>ἄγῃσι</span> <span class='ocrx_word' id='word_1_852' title='bbox 2633 5764 2829 5839; x_wconf 61' lang='grc' dir='ltr'><strong>παίὴρ</strong></span> <span class='ocrx_word' id='word_1_853' title='bbox 2863 5764 3385 5901; x_wconf 59' lang='grc' dir='ltr'><strong>ἀνδρῶνίτεΕΟεῶν·1</strong></span> <span class='ocrx_word' id='word_1_854' title='bbox 3403 5781 3488 5821; x_wconf 76' lang='grc' dir='ltr'>τε.</span> 
     </span>
     <span class='ocr_line' id='line_1_112' title="bbox 3237 5853 3346 5892; baseline 0 0"><span class='ocrx_word' id='word_1_855' title='bbox 3237 5853 3346 5892; x_wconf 79' lang='lat' dir='ltr'><strong>ut&#39;r.</strong></span> 
     </span>
    </p>
   </div>
  </div>
