4134 6450
604 427 709 483 803

1837 413 2075 470 DIDYMI
2118 410 2395 470 ALEXAN
2405 409 2588 465 DRINI

3758 405 3862 461 804

607 544 749 601 nulla
779 551 1023 599 creatura
1063 553 1170 594 nos
1209 536 1314 593 hoc
1353 535 1513 592 modo
1543 545 1636 590 aut
1663 535 1918 606 ad0ptare
1943 536 1996 590 in
2035 533 2170 588 Iilios

2293 535 2367 587 ιαὶ
2417 534 2567 587 οὐδὲν
2627 515 2736 586 ⁴τῶν
2783 529 3014 584 κτιστῶν
3063 527 3141 598 τῷ
3185 528 3369 598 τρόπῳ
3419 524 3594 597 τούτῳ
3634 524 3747 596 ἔχει
3799 527 3864 582 τὸ

603 643 800 707 potest,
833 641 926 688 aut
951 632 1081 688 deos
1117 630 1333 686 facere:
1364 629 1633 699 quomodo
1669 643 1774 683 non
1817 636 1902 683 est
1930 627 2043 697 ipse
2081 639 2175 680 ve-

606 743 697 782 rus
725 725 904 781 Deus?

585 829 591 848 τ
677 813 856 869 XLIII.
901 812 958 867 Si
992 810 1133 865 nulla
1168 825 1232 865 ex
1273 808 1539 865 creaturis
1581 808 1634 864 in
1673 808 1963 865 creationis
2007 807 2176 863 histo-

588 883 726 970 ‘ria,
761 914 855 960 aut
900 905 953 958 in
995 901 1414 971 gloriﬁcatione,
1465 909 1560 955 aut
1606 900 1659 955 in
1702 901 1970 970 baptismo
2017 899 2180 954 simul

607 1010 729 1048 cum
771 995 882 1048 Deo
910 992 1068 1046 Patre
1097 999 1572 1056 commemoratur,
1603 988 1835 1061 Spiritus
1865 1003 1995 1043 vero
2032 1003 2181 1044 com-

609 1092 984 1138 memoratur:
1015 1090 1098 1135 est
1130 1094 1257 1150 ergo
1291 1080 1405 1146 ipse
1448 1078 1557 1134 Deo
1589 1077 1757 1144 Patri,
1797 1088 1852 1132 et
1896 1077 2181 1148 Unigenito

610 1173 834 1243 aequalis
865 1173 1025 1235 Deus,
1057 1178 1112 1225 et
1144 1169 1335 1240 aequali
1370 1170 1608 1239 potentia
1639 1165 1917 1240 praeditus.

683 1262 866 1317 XLIV.
901 1261 958 1317 Si
990 1262 1300 1332 prophetas,
1323 1269 1378 1315 et
1411 1260 1680 1330 apostolos
1709 1261 2033 1313 auctoritate
2054 1272 2178 1328 pro-

625 1355 742 1424 pria
773 1351 984 1407 misisse
1017 1351 1289 1406 diciturin
1327 1349 1628 1419 Scriptura,
1657 1350 1794 1404 sicut
1816 1347 1975 1403 Pater
2003 1357 2058 1402 et
2089 1347 2179 1402 Fi-

613 1446 720 1500 lius
748 1463 762 1499 :
790 1445 904 1498 hare
941 1442 1067 1496 fecit
1106 1450 1163 1496 ut
1191 1441 1332 1496 Deus
1375 1439 1521 1494 Patri
1565 1440 1616 1494 in
1649 1439 1901 1493 omnibus
1947 1455 2179 1495 consen-

619 1537 776 1600 tiens,
807 1544 863 1589 ct
896 1545 953 1588 ut
981 1549 1161 1590 rerum
1189 1531 1488 1587 futurarum
1524 1531 1798 1602 praescius,
1823 1541 1879 1585 et
1909 1542 2183 1585 creatura-

616 1639 734 1677 rum
764 1622 1042 1676 Dominus.

684 1709 846 1765 XLV.
878 1711 938 1765 Si
980 1725 1066 1776 ea,
1102 1724 1221 1780 quae
1255 1708 1449 1764 alicubi
1490 1709 1554 1764 de
1582 1709 1743 1764 Patre
1804 1717 1896 1762 aut
1944 1707 2008 1763 de
2048 1707 2185 1763 Filio

617 1803 669 1856 in
707 1802 1004 1872 Scripturis
1051 1801 1191 1856 dicta
1247 1808 1402 1865 sunt,
1460 1799 1587 1854 alibi
1634 1801 1699 1854 de
1749 1798 1952 1870 Spiritu
1999 1807 2186 1855 sancto

2281 625 2539 676 υἰοποιεῖν
2582 622 2616 693 ἢ
2670 621 2956 674 θεοποιεῖν·
2991 618 3109 680 πῶς
3144 616 3305 680 αὐτὸς
3333 617 3435 670 οὐκ
3478 613 3626 669 ἔστιν
3671 615 3863 688 ἀληθι-

2288 713 2376 777 νὸς
2403 713 2565 778 Θεός;
3573 717 3602 746 ⁸

2359 806 2492 861 IIII".
2524 805 2588 858 Εἰ
2632 803 2794 874 μηδὲν
2833 801 2940 856 τῶν
2986 801 3300 872 κτισμάτων
3348 799 3428 862 εἰς
3463 797 3860 869 δημιουργίαν,

2282 898 2316 969 ἢ
2347 900 2425 960 εἰς
2447 894 2774 963 δοξολογίαν,
2803 893 2836 965 ἦ
2865 894 2944 956 εἰς
2976 891 3038 946 τὸ
3065 891 3348 961 βάπτισμα
3381 887 3858 958 συνεμνημονεύθη

2282 988 2361 1059 τῷ
2393 986 2512 1056 Θεῷ
2548 985 2752 1057 Πατρὶ,
2785 983 2847 1037 τὸ
2878 984 2935 1036 δὲ
2983 980 3210 1052 Πνεῦμα
3263 978 3662 1052 μνημονεύεται
3690 993 3706 1008 '
3753 978 3861 1050 ἀρα

2283 1080 2358 1143 ὡς
2405 1079 2646 1148 ἰσότιμος
2676 1076 2770 1130 καὶ
2819 1073 3096 1145 ἰσοσθενὴς
3133 1071 3211 1143 τῷ
3244 1071 3421 1145 II:th
3455 1070 3548 1124 καὶ¹
3575 1069 3652 1140 τῷ
3682 1071 3860 1124 Μονο-

2286 1162 2450 1240 γενεῖ,
2478 1170 2609 1234 Θεός
2635 1171 2802 1226 ἐστιν.

2354 1261 2483 1314 MA'.
2526 1261 2586 1312 Εἰ
2630 1259 2758 1322 τοὺς
2813 1257 3100 1329 προφήτας
3134 1255 3228 1310 καί
3272 1254 3399 1327 [155
3438 1252 3494 1326 a]
3528 1251 3862 1315 ἀποστόλους

2287 1351 2708 1416 ὲξουσιαστικῶς
2757 1350 3196 1415 ἀπεσταλκέναι,
3246 1348 3367 1403 καθ’
3420 1347 3716 1419 ὁμοιότητα
3763 1345 3856 1398 τοῦ

2286 1443 2500 1512 Πατρδς
2535 1441 2627 1494 καὶ
2657 1439 2751 1494 τοῦ
2780 1439 2936 1507 Υίοῦ,
2977 1441 3425 1510 μεμαρτύρηται·
3463 1437 3539 1500 ὼς
3565 1436 3698 1499 Θεὸς
3723 1433 3862 1505 σύμ-

2289 1550 2464 1604 φωνος
2499 1533 2639 1587 κατά
2677 1532 2854 1586 πάντα
2897 1531 2976 1602 τῷ
3010 1532 3214 1602 Πατρὶ,
3263 1529 3357 1582 καὶ
3395 1529 3472 1591 ὼς
3505 1527 3861 1599 προγνώστης

2289 1626 2383 1679 καὶ
2411 1624 2510 1694 τῆς
2541 1623 2773 1686 κτίσεως
2807 1621 3084 1690 Δεσπότης
3116 1619 3290 1675 ταῦτα
3318 1620 3638 1688 πεποίηκεν.

2359 1717 2492 1770 ΜΕ’.
2529 1716 2632 1780 Εἰ,
2679 1714 2822 1786 ἅπερ
2862 1712 2958 1766 νῦν
2996 1712 3210 1784 εἴρηται
3245 1711 3374 1782 περὶ
3431 1710 3525 1764 τοῦ
3572 1707 3785 1778 Πατρὺς
3824 1707 3857 1777 ἢ

2289 1805 2381 1859 τοῦ
2421 1806 2582 1870 Υίοῦ,
2616 1804 2803 1860 ἄλλοτε
2836 1804 2963 1875 περὶ
3004 1802 3098 1858 τοῦ
3132 1803 3288 1872 ἁγίου
3322 1802 3636 1872 Πνεύματος
3662 1799 3860 1867 ἀναγέ-

616 1893 812 1962 scripta
861 1892 1098 1956 fuerunt,
1155 1891 1270 1945 Ileri
1322 1890 1541 1946 omnino
1589 1891 1796 1960 nequit,
1846 1900 1906 1945 ut
1953 1891 2186 1960 Spiritus

2293 1914 2562 1970 γραπται,
2601 1896 2903 1966 ἀμήχανον,
2929 1895 3212 1960 ἀδύνατον,
3251 1894 3323 1966 μὴ
3362 1889 3502 1947 εἶναι
3547 1890 3862 1962 ἀπαραλλά-

618 1985 731 2054 ipse
769 1999 874 2039 non
918 1985 988 2039 sit
1019 1985 1176 2039 unius
1205 1999 1301 2054 per
1335 1999 1393 2039 se
1425 1982 1677 2054 perfectae
1707 1984 1922 2040 deitatis
1952 1998 2015 2038 ac
2045 1983 2188 2050 ejus-

626 2079 745 2132 dem
784 2076 1094 2141 volnntatis,
1137 2084 1193 2131 et
1237 2075 1420 2146 gloria:
1461 2090 1583 2130 cum
1620 2074 1781 2129 Patre
1816 2083 1872 2130 et
1899 2075 2038 2130 Filio
2073 2075 2191 2130 sine

619 2168 729 2222 ulla
779 2166 1164 2236 discrepantia.
1201 2164 1336 2220 Nam
1376 2179 1495 2236 qua
1542 2173 1671 2220 sunt
1717 2165 1890 2220 eidem
1932 2163 2188 2234 aequalia,

619 2268 746 2315 sunt
770 2260 932 2314 etiam
959 2256 1184 2326 aequalia
1211 2257 1350 2311 inter
1373 2270 1455 2322 se,
1484 2265 1544 2311 ut
1577 2257 1748 2312 aiunt.

691 2347 874 2403 XLVI.
913 2348 967 2401 Si
1013 2347 1158 2400 nulla
1187 2361 1255 2402 ex
1296 2345 1604 2402 caelestibus
1641 2345 2001 2416 potestatibus
2028 2344 2190 2416 332

621 2440 860 2494 caelestia
895 2440 1034 2493 dona
1060 2437 1244 2508 largiri
1274 2447 1468 2508 potest,
1511 2436 1744 2507 Spiritus
1785 2452 1912 2492 vero
1945 2438 2037 2492 Dei
2075 2451 2196 2506 pro-

623 2527 738 2597 pria
773 2535 1035 2595 potestate
1083 2540 1144 2580 ea
1184 2525 1432 2596 largitur,
1471 2540 1589 2595 quae
1629 2525 1757 2580 dare
1797 2525 1962 2580 solius
2000 2526 2195 2581 divina:

623 2626 826 2672 naturae
857 2626 972 2672 est:
1006 2625 1089 2672 est.
1139 2631 1266 2686 ergo
1311 2616 1449 2673 Deus
1497 2618 1764 2686 omnibus,
1795 2617 2084 2684 sulliciens,
2141 2629 2197 2674 et

617 2707 878 2771 omnium,
920 2715 1081 2776 atque
1152 2707 1284 2760 adeo
1340 2721 1527 2762 eorum
1583 2683 1770 2774 etiam:|
1807 2709 1899 2778 qui
1957 2718 2082 2764 sunt
2143 2709 2194 2762 in

619 2794 793 2866 ccelis,
853 2799 1179 2863 dominator,
1237 2808 1293 2854 et
1351 2797 1497 2854 Patri
1551 2814 1615 2855 ac
1657 2798 1796 2854 Filio
1845 2802 2193 2856 consubstano

628 2889 794 2943 tialis.

693 2976 897 3030 XLVII.
933 2977 991 3031 Si
1029 2976 1174 3030 nulla
1211 2992 1274 3032 ex
1327 2977 1683 3032 invisibilibus
1758 2987 1851 3032 aut
1895 2979 2199 3035 visibilibus

623 3065 940 3122 substantiis
971 3067 1022 3121 in
1050 3066 1218 3122 sacris
1258 3065 1551 3136 Scripturis
1576 3076 1764 3121 vocata
1801 3077 1884 3122 est
1911 3068 2077 3131 Deus,
2101 3083 2200 3124 nec

625 3159 850 3220 veritas,
882 3156 987 3211 nisi
1027 3155 1201 3217 Pater,
1233 3163 1287 3208 et
1319 3167 1538 3209 sanctus
1561 3156 1677 3224 ejus
1694 3154 1946 3225 Spiritus,
1977 3167 2030 3210 et
2065 3156 2196 3212 Uni-

628 3245 868 3314 genitus;
902 3243 1259 3297 indubitatum
1286 3251 1388 3308 est,
1422 3257 1542 3296 eum
1566 3243 1629 3298 ad
1648 3242 1903 3298 unitatem
1926 3244 2120 3300 divinae
2140 3255 2194 3300 et

638 3332 1168 3404 sn'persubstantialis
1204 3332 1450 3387 essentia:
1479 3333 1771 3402 pertinere.

697 3421 922 3478 XLVIII.
959 3423 1011 3477 Si
1043 3424 1269 3478 virtutes
1295 3423 1573 3487 caelorum,
1601 3423 1692 3493 qui
1712 3424 1950 3479 omnium
1983 3435 2194 3481 creatu-

632 3531 815 3570 rarum
862 3513 1078 3567 maximi
1122 3523 1267 3576 sunt,
1311 3521 1364 3568 et
1396 3513 1731 3580 lucidissimi,
1765 3514 1818 3568 in
1856 3513 2058 3584 Spiritu
2101 3515 2194 3570 Dei

630 3615 778 3671 sunt,
825 3619 931 3659 non
989 3613 1165 3672 potest
1219 3602 1356 3667 ﬁeri,
1401 3611 1461 3657 ut
1510 3601 1623 3674 ipse
1668 3603 1739 3658 sit
1785 3615 2055 3672 creatura,
2102 3604 2195 3662 sed

633 3695 906 3751 Creatoris
954 3703 1275 3764 cooperator
1324 3703 1440 3763 est,
1486 3702 1542 3750 et
1587 3694 1870 3766 equaliter
1915 3710 2037 3750 cum
2082 3695 2197 3766 ipso

626 3793 901 3855 operatur.

698 3874 882 3930 XLIX.
921 3873 978 3929 Si
1014 3875 1198 3929 orbem
1237 3882 1505 3928 terrarum
1551 3873 1758 3943 implet,
1785 3883 1841 3929 et
1865 3875 2041 3929 omnia
2072 3889 2199 3929 con-

629 3967 780 4031 tinet,
807 3975 863 4019 ut
915 3966 1150 4034 loquitur
1188 3964 1462 4034 Sapientia
1497 3963 1636 4034 (85),
1671 3973 1756 4018 est
1794 3964 2040 4033 profecto
2087 3965 2199 4034 ipse

628 4057 788 4111 unius
824 4065 1112 4123 supremae,
1149 4065 1408 4125 augustae,
1452 4065 1508 4110 et
1538 4055 2117 4124 incomprehensibilis,
2146 4064 2200 4110 et

629 4146 1049 4213 inaccessibilis,
1103 4155 1158 4200 et
1216 4145 1570 4217 intangibilis,
1631 4155 1686 4202 et
1740 4144 1911 4200 forma
1965 4146 2200 4202 carentis

626 4235 898 4302 essentiae,
931 4244 984 4289 et
1019 4243 1101 4289 est
1129 4233 1406 4297 Conditor,
1435 4247 1534 4287 nec
1565 4233 1682 4288 loco
1711 4233 2198 4303 circumscribitur,

627 4329 720 4382 sed
753 4327 868 4396 ipse
908 4327 1010 4380 hoc
1047 4326 1356 4379 universum
1382 4325 1811 4394 comprehendit.

698 4415 760 4470 L.
793 4415 850 4470 Si
901 4416 952 4469 in
989 4413 1250 4469 Trinitate
1288 4421 1536 4468 naturam
1593 4431 1699 4470 non
1739 4414 2020 4484 distinguit
2052 4417 2200 4473 Scri-

2291 2007 2434 2052 κτως
2461 1990 2560 2058 τῆς
2593 1988 2723 2059 μιᾶς
2758 1985 3079 2049 αὐτοτελοῦς
3117 1985 3389 2058 θεότητος,
3423 1985 3518 2038 καὶ
3550 1983 3858 2054 θελήσεως.

2291 2079 2383 2132 καὶ
2408 2077 2565 2148 δόξης
2593 2074 2686 2129 τοῦ
2716 2074 2930 2146 Πατρδς
2951 2077 3046 2129 καὶ
3067 2074 3160 2128 τοῦ
3191 2073 3346 2128 Υίοῦ.
3373 2073 3454 2127 Τά
3481 2072 3588 2145 γὰρ
3614 2071 3691 2143 τῷ
3717 2068 3862 2140 αὐτῷ

2294 2169 2403 2234 ῖσα,
2445 2168 2598 2241 φασὶ,
2626 2167 2720 2222 καὶ
2748 2167 3002 2239 ἀλλήλοις
3029 2167 3179 2221 ἐστὶν
3209 2165 3322 2222 ῐσα.

2363 2349 2512 2416 Μεῖν.
2551 2348 2616 2401 Εἰ
2665 2346 2831 2418 μηδὲν
2877 2349 2982 2401 τῶν
3023 2345 3290 2418 οὐρανίων
3324 2345 3604 2417 δυνάμεων
3642 2343 3866 2414 οὐράνια

2295 2438 2607 2511 χαρίσματα
2634 2438 2856 2492 δύναται
2887 2438 3171 2509 παρέχειν,
3195 2436 3254 2490 τδ
3276 2436 3333 2490 δὲ
3360 2436 3454 2490 τοῦ
3478 2435 3611 2490 Θεοῦ
3646 2435 3868 2504 Πνεῦμα

2297 2531 2416 2582 κατ’
2455 2527 2700 2591 ἐξουσίαν
2747 2527 3030 2596 δωρεῖται,
3063 2525 3099 2579 ἃ
3145 2525 3327 2578 δοῦναι
3366 2526 3534 2596 μόνης
3577 2526 3673 2596 τῆς
3713 2523 3865 2586 θείας

2299 2615 2508 2685 φύσεώς
2533 2616 2677 2669 ἐστιν
2703 2632 2714 2644 ·
2752 2617 2859 2686 ἄρα
2891 2616 3172 2687 παναρκὴς
3200 2615 3350 2680 Θεὸς,
3384 2615 3478 2668 καὶ
3510 2614 3862 2684 ὲξουσιαστής

2298 2709 2412 2762 ἐστι
2431 2748 2446 2772 ,
2471 2709 2564 2761 καὶ
2595 2708 2702 2760 τῶν
2730 2708 2786 2759 ὲν
2814 2707 3091 2779 οὐρανοῖς,
3133 2709 3228 2762 καὶ
3272 2707 3553 2780 ὁμοούσιος
3584 2705 3660 2777 τῷ
3693 2705 3871 2774 ΠςιτρίΙ

2300 2799 2392 2852 καὶ
2421 2799 2501 2869 τῷ
2538 2797 2653 2870 Υἱῷ
2690 2798 2968 2868 τυγχάνει.

2369 2973 2500 3026 MZ'.
2542 2973 2604 3025 Εἰ
2636 2971 2800 3042 μηδὲν
2827 2971 2934 3023 τῶν
2962 2969 3259 3042 ἀοράτωνῆ
3286 2969 3493 3043 ὁρατῶν
3525 2967 3658 3040 ἱερῷ
3685 2967 3870 3039 γράμ-

2303 3077 2430 3130 ματι
2461 3061 2898 3130 προσηγόρευται
2929 3059 3069 3113 θεῖον
3104 3062 3196 3113 καὶ
3224 3061 3470 3132 ἀλήθεια,
3505 3062 3554 3114 εἰ
3591 3059 3664 3130 μὴ
3704 3061 3733 3113 ό
3758 3059 3873 3111 Πα-

2299 3151 2422 3222 τὴρ,
2459 3152 2550 3204 καὶ
2585 3151 2645 3204 τὸ
2671 3151 2823 3219 ἂγιον
2855 3151 3078 3224 Πνεῦμα
3114 3151 3300 3218 αὐτοῦ,
3334 3152 3428 3206 καί⁵
3463 3153 3491 3206 ό
3523 3152 3836 3220 Μονογενής
3856 3169 3869 3182 ο

2296 3242 2726 3313 ἀναμφήριστον,
2762 3240 2838 3305 ὡς
2869 3242 2968 3313 τῆς
3001 3241 3184 3306 ἐνάδος
3225 3241 3373 3306 θείας
3421 3243 3516 3296 καὶ
3547 3239 3873 3312 ὐπερουσίου

2296 3330 2442 3383 ἐστὶν
2474 3329 2680 3394 οὐσίας.
3470 3346 3476 3352 ”

2364 3420 2506 3473 MH’.
2547 3421 2610 3473 EI
2648 3419 2756 3473 τῶν
2791 3420 3328 3491 παμμεγεθεστάτων
3357 3421 3454 3474 καὶ
3483 3420 3870 3491 φωτοειδεστέ-

2300 3526 2405 3580 ρων
2440 3509 2654 3563 πάντων
2685 3511 2744 3563 ὲν
2791 3512 3092 3580 ποιήμασιν
3133 3510 3380 3580 οὐρανῶν
3409 3512 3466 3565 αἰ
3509 3511 3768 3581 δυνάμεις
3811 3511 3873 3563 ἐν

2295 3599 2374 3670 τῷ
2419 3598 2695 3671 Πνεύματι
2751 3599 2839 3653 τοῦ
2896 3599 3030 3652 Θεοῦ
3085 3601 3242 3664 εἰσιν,
3304 3601 3405 3655 οὐκ
3453 3603 3692 3674 ἐγχωρεῖ
3741 3601 3875 3656 αὐτὸ

2298 3692 2507 3761 ποίημα
2536 3690 2898 3760 καθεστάναι,
2925 3691 3062 3746 ἀλλὰ
3095 3693 3356 3762 συνεργὸν
3393 3692 3486 3747 καὶ
3516 3693 3763 3764 ἰσουργδν
3793 3692 3876 3766 τῷ

2298 3781 2645 3851 Δημιουργῷι

2367 3873 2502 3926 MS’.
2552 3873 2616 3925 Εἰ
2646 3872 2744 3944 τὴν
2771 3873 3098 3945 οἰκουμένην
3126 3874 3340 3945 πληροῖ,
3372 3877 3465 3930 καὶ
3501 3877 3677 3930 πάντα
3702 3876 3879 3947 ἐμπε-

2303 3963 2492 4033 ριέχει,
2528 3961 2670 4016 κατὰ
2705 3962 2803 4035 τὴν
2845 3963 3108 4033 λέγουσαν
3142 3964 3302 4018 τοῦτο
3332 3967 3558 4035 Σοφίαν·
3591 3968 3692 4038 τῆς
3727 3968 3876 4021 ἀνω-

2297 4053 2444 4106 τάτω
2483 4053 2687 4124 σεπτῆς
2710 4094 2724 4117 ,
2775 4056 2870 4108 καὶ
2921 4056 3314 4127 ἀπερινοήτου,
3345 4057 3635 4128 ἀπροσίτου
3667 4073 3727 4110 τε
3776 4059 3878 4111 καὶ

2273 4143 2596 4213 ’ἀνεπάφου,
2646 4145 2774 4218 [155
2822 4145 2874 4219 b]
2915 4147 3008 4202 καὶ
3047 4147 3295 4219 ἀμόρφου
3342 4150 3466 4219 μιᾶς
3501 4149 3686 4212 οὐσίας
3721 4151 3877 4203 ἐστὶν

2298 4235 2675 4305 Δημιουργόν⁶
2713 4235 2808 4290 καὶ
2858 4235 3006 4306 τόπῳ
3048 4237 3110 4290 οὐ
3161 4239 3598 4310 περιγράφεται,
3635 4239 3768 4292 αὐτὸ
3813 4239 3876 4294 δὲ

2300 4323 2651 4395 περιείληφεν
2687 4325 2808 4379 τόδε
2841 4325 2904 4379 τὸ
2938 4328 3069 4382 πᾶν.

2369 4413 2451 4467 N'.
2493 4413 2555 4466 Εἰ
2594 4413 2786 4485 Γραφὴ
2821 4414 2882 4468 οὐ
2929 4414 3155 4486 διορίζει
3197 4418 3264 4488 τῇ
3301 4415 3461 4486 φύσει
3502 4417 3603 4489 τὴν
3642 4406 3872 4490 Τριάδα,

627 4517 806 4575 ptnra,
855 4519 956 4558 nec
990 4504 1182 4572 prima,
1223 4511 1278 4558 et
1307 4503 1566 4568 secunda,
1601 4513 1657 4558 et
1703 4505 1860 4560 tertia
1916 4519 2106 4562 natura
2147 4508 2191 4562 in

2301 4503 2408 4556 οὐδ’
2440 4503 2682 4575 ὁρίζεται
2709 4505 2797 4558 ἐπ’
2827 4505 2998 4577 αὐτῆς
3026 4506 3269 4579 πρώτην,
3305 4507 3399 4563 καὶ
3441 4508 3725 4580 δευτέραν,
3776 4510 3872 4563 καὶ

629 4597 745 4664 ipsa
799 4592 1068 4648 Trinitate
1133 4593 1520 4666 distinguitur:
1575 4609 1869 4665 quamuam
1931 4597 2191 4652 rationem

2300 4595 2490 4666 τρίτην
2517 4595 2677 4664 φύσιν
2702 4613 2716 4626 ·
2748 4598 2900 4660 ποῖος
2932 4598 3116 4661 αὐτοῖς
3147 4597 3342 4651 ὕπεστι
3371 4597 3528 4668 λόγος
3576 4601 3713 4671 πρὸς
3745 4601 3874 4664 τούς

629 4685 822 4739 all'erre
853 4693 1072 4754 possunt
1096 4682 1333 4738 haeretici
1364 4683 1621 4739 adversus
1649 4699 1744 4739 eos
1792 4684 1884 4754 qui
1913 4685 2056 4740 illaut
2081 4700 2200 4741 cre-

628 4779 763 4832 dunt
801 4773 1159 4830 essentialiter
1181 4774 1396 4844 quidem
1424 4790 1583 4829 unam
1624 4791 1766 4843 esse,
1801 4777 1853 4831 iu
1889 4780 2198 4848 proprieta-

629 4867 772 4921 tibus
801 4878 928 4918 vero
956 4863 1324 4934 hypostasium
1349 4864 1706 4920 distinctam?

698 4956 782 5013 LI.
824 4955 878 5009 Si
907 4955 1133 5025 primam
1165 4963 1462 5010 creaturam
1498 4955 1770 5011 diabolum
1806 4972 1926 5012 esse
1954 4955 2197 5012 ostendit

627 5046 762 5100 liber
782 5043 924 5110 Jobi,
953 5043 1190 5113 Spiritus
1221 5059 1323 5098 non
1351 5053 1435 5098 est
1463 5053 1728 5109 creatura,
1770 5047 1863 5101 sed
1903 5045 1969 5099 ad
2005 5045 2198 5101 Unita-

629 5147 735 5190 tem
763 5136 1006 5192 essentia
1038 5137 1310 5207 pertinet:
1344 5149 1442 5191 nec
1477 5138 1620 5192 enim
1649 5151 1783 5192 sane
1806 5136 2065 5202 dixerint,
2089 5137 2199 5190 dia-

628 5227 808 5282 bolum
863 5236 988 5281 ante
1029 5227 1176 5281 illum
1233 5227 1504 5282 conditum
1541 5229 1728 5296 fuisse,
1779 5237 1834 5284 et
1872 5230 1922 5284 ei
1969 5231 2192 5300 quidem

628 5319 916 5388 aliquando
955 5317 1392 5373 excellentiorem
1430 5319 1604 5374 locum
1666 5320 1947 5390 obtigisse,
2012 5321 2196 5374 divino

628 5419 803 5463 autem
841 5408 1064 5478 Spiritui
1118 5408 1452 5464 inferiorem.
1612 5470 1614 5472 τ

701 5501 804 5554 LII.
828 5500 882 5554 Si
919 5501 1368 5569 quemadmodum
1408 5502 1475 5554 ad
1508 5499 1600 5555 Dei
1633 5500 1884 5570 gloriam,
1913 5509 1969 5555 et
2001 5501 2196 5555 adora-

629 5591 849 5652 tionem,
876 5587 1080 5643 Pascha
1105 5588 1173 5643 ab
1197 5588 1350 5643 initio
1374 5587 1536 5644 etiam
1571 5602 1602 5642 a
1629 5586 1828 5642 Iudaeis
1859 5586 2189 5642 celebratum

702 5761 812 5831 (85)
861 5761 988 5830 Cap.
1025 5778 1064 5830 ι,
1111 5777 1252 5818 vers.
1299 5763 1350 5816 7.

2310 4687 2687 4754 πιστεύοντας,
2719 4687 2962 4758 ἡνῶσθαι
2995 4689 3092 4758 μὲν
3143 4689 3312 4760 αὐτὴν
3358 4691 3653 4755 οὐσιωδῶς,
3694 4691 3876 4745 διακε-

2301 4778 2514 4850 κρίσθαι
2544 4779 2600 4832 δὲ
2633 4781 2690 4833 ὲν
2719 4779 2974 4851 ἰδιότησιν
2999 4780 3382 4847 ὑποστάσεων;

2368 4957 2495 5011 NA’.
2544 4957 2607 5010 Εἰ
2648 4957 2708 5011 τὸ
2741 4958 2955 5030 πρῶτον
2988 4958 3193 5031 κτίσμα
3222 4961 3250 5013 ό
3287 4959 3532 5023 διάϐολος
3570 4959 3782 5030 ἐδείχθη
3817 4960 3875 5014 ὲν

2296 5048 2373 5118 τῷ
2425 5047 2562 5113 Ἰὼϐ,
2612 5048 2673 5101 οὐ
2717 5049 2942 5118 κτίσμα,
2985 5050 3122 5104 ἀλλὰ
3161 5051 3262 5119 τῆς
3294 5052 3536 5114 Μονάδος
3577 5051 3766 5114 οὐσίας
3816 5049 3877 5103 τὸ

2297 5140 2539 5211 Πνεῦμα.
2569 5142 2644 5194 Οὐ
2670 5142 2778 5214 γὰρ
2800 5145 2956 5210 φαῖεν
2980 5141 3044 5195 ἂν
3077 5144 3168 5196 τὸν
3187 5143 3431 5197 διάϐολον
3450 5143 3877 5215 προδεδημιουρ-

2295 5229 2514 5300 γῆσθαι,
2547 5231 2641 5285 καὶ
2684 5231 2844 5285 αὐτὸν
2875 5232 2973 5301 μέν
3013 5249 3142 5285 ποτε
3172 5233 3270 5303 τὴν
3309 5234 3684 5305 ὑπερέχουσαν
3723 5232 3876 5296 τάξιν

2296 5321 2588 5390 εἰληχέναι,
2613 5322 2674 5376 τὸ
2699 5323 2756 5376 δὲ
2785 5323 2925 5376 θεῖον
2950 5324 3174 5394 Πνεῦμα
3199 5324 3296 5396 τὴν
3335 5325 3656 5396 ὐφειμένην.

2364 5479 2490 5533 NB’.
2537 5481 2626 5538 Εἰ.
2653 5479 2904 5552 καθάπερ
2943 5482 3024 5545 είς
3048 5481 3204 5547 δόξαν
3243 5485 3339 5538 καὶ
3377 5484 3746 5556 προσκύνησιν
3776 5479 3874 5535 τοῦ

2295 5570 2429 5624 Θεοῦ
2457 5572 2516 5624 τὸ
2549 5571 2740 5640 Πάσχα
2773 5570 2836 5637 ἐξ
2862 5572 3036 5642 ἀρχῆς
3063 5574 3158 5627 καὶ
3204 5575 3336 5647 παρ’
3383 5573 3653 5628 Ἰουδαίων
3681 5575 3872 5626 ὲπετε-
