4134 6440
339 451 444 508 805

1423 446 1513 500 DE
1551 445 1927 502 TRI-NITATE
1965 445 2166 501 LIBER
2207 444 2532 505 TERTIUS.

3505 460 3609 515 806

338 567 530 637 λέσθη,
556 562 697 618 οὕτω
721 561 816 615 καὶ
842 559 935 614 τοῦ
956 560 1114 628 ἁγίου
1143 561 1282 615 Πνεύ
1292 579 1458 633 ματος
1479 565 1512 634 ή
1537 564 1888 634 Πεντήκοστή
1908 580 1922 594 ο

2035 573 2136 624 est.
2177 566 2249 616 ita
2288 573 2343 618 et
2384 568 2452 619 ad
2482 565 2708 636 gloriam
2732 564 2972 635 Spiritus
2998 567 3175 622 sancti
3212 569 3481 626 celebrata
3526 583 3609 628 est

338 659 462 722 πῶς
487 656 550 709 οὑ
577 655 912 723 συνάναρχος
939 651 1088 724 αὑτῷ
1114 652 1351 724 ὑπάρχει
1374 653 1670 724 άείμνητος
1699 653 1830 718 Θεός
1852 671 1866 720 ;

411 833 535 887 ΝΡ.
600 833 686 896 Εἰ,
719 831 796 894 ὡς
815 828 910 883 τοῦ
941 827 1257 901 σημάντρου
1295 828 1388 883 τοῦ
1426 829 1534 883 ἀπὸ
1565 829 1660 882 τοῦ
1707 830 1924 900 Πατρὸς

337 927 434 980 καὶ
454 925 550 979 τοῦ
582 924 732 988 Υίοῦ,
759 923 902 977 οὕτω
929 923 1022 976 καὶ
1045 922 1139 976 τοῦ
1165 921 1276 977 άπὸ
1302 920 1396 975 τοῦ
1428 921 1583 989 άγίου
1607 921 1747 975 Πνεύ
1757 939 1925 993 ματος

341 1016 744 1089 σημαινομένου
787 1015 920 1085 ἡμῖν
967 1009 1296 1084 μνημονεύει
1323 1012 1393 1066 τά
1419 1013 1578 1082 λόγια
1598 1029 1610 1040 ·
1637 1014 1738 1066 οὐκ
1777 1012 1924 1066 ἐστιν

339 1106 396 1161 ὲν
421 1109 535 1170 τοῖς
569 1105 892 1176 ποιήμασιν,
937 1102 1076 1156 ἀλλὰ
1117 1102 1213 1156 καὶ
1249 1105 1306 1155 ὲν
1335 1100 1425 1172 ἴση
1454 1104 1588 1172 τιμῇ
1621 1102 1726 1156 καὶ
1757 1103 1922 1172 εὑχα.

341 1197 545 1270 ριστίᾳ.
575 1197 651 1250 Oti
691 1197 800 1267 γὰρ
831 1195 1134 1266 ποιήματος
1173 1193 1291 1263 ἅμα
1324 1194 1420 1247 καὶ
1448 1192 1543 1246 τοῦ
1573 1191 1710 1246 Θεοῦ
1750 1210 1924 1264 σφρα-

339 1289 464 1359 γῖδα
505 1286 978 1358 ἀναλαμϐάνομεν,
1015 1285 1136 1340 οὐδὲ
1177 1283 1714 1355 συμπαραλαμϐάνει
1742 1284 1926 1347 ὁΘεὺς

341 1379 640 1450 κτίσματος
663 1376 955 1447 σφραγῖδα,
983 1377 1052 1448 τῇ
1087 1374 1281 1430 ἑαυτοῦ
1311 1375 1387 1438 ὡς
1412 1374 1576 1445 μόνος
1607 1373 1800 1440 σώζειν
1828 1375 1925 1445 οὑχ

344 1469 550 1533 ἱκανός.

414 1646 536 1699 ΝΔ’.
573 1645 635 1697 Εἰ
670 1643 820 1696 πᾶσα
851 1641 1168 1713 βλασφημία
1198 1641 1416 1712 ἀφίεται
1439 1644 1550 1706 τοῖς
1582 1639 1922 1712 ἀνθρώποις,

343 1738 379 1809 ἡ
412 1735 470 1789 δὲ
499 1737 579 1797 είς
601 1733 664 1787 τὸ
697 1732 919 1804 Πνεῦμα
944 1733 1036 1786 τοῦ
1066 1732 1202 1787 Θεοῦ
1233 1732 1626 1806 ἀσυγχώρητος
1655 1752 1668 1766 ⁸
1694 1735 1804 1805 ἄρα
1827 1735 1928 1786 οὑκ

344 1827 582 1882 ἐλάττων
619 1820 874 1896 τυγχάνει
919 1824 1070 1888 Θεός.
1106 1823 1436 1895 Βλασφημία
1474 1825 1531 1878 δέ
1571 1828 1718 1879 ἐστιν
1757 1825 1818 1878 τὸ
1853 1824 1927 1896 μὴ

2033 655 2386 710 Pentecoste:
2420 655 2691 724 quomodo
2731 670 2838 711 non
2891 666 2980 713 est
3008 657 3110 728 ipsi
3156 659 3264 714 Deo
3302 672 3607 720 coaeternus

2028 747 2303 817 perpetuis
2328 746 2576 800 laudibus
2601 745 2961 801 celebrandus
2985 748 3096 819 (86)
3134 749 3311 805 Deus?

2095 835 2228 891 LIII.
2276 836 2333 891 Si
2375 835 2784 906 Scripturarum
2828 838 3044 892 oracula
3097 839 3238 895 sicut
3280 855 3604 898 commento.

2028 935 2151 980 rant
2187 925 2525 996 signaculum
2565 939 2595 979 a
2636 915 2820 992 Patre,
2853 934 2909 980 et
2941 940 2970 979 a
2999 925 3134 980 Fillo
3163 917 3634 998 impressum,ita‘

2026 1017 2189 1072 etiam
2247 1015 2588 1086 signaculum
2645 1025 3112 1081 commemorant,
3165 1032 3274 1086 quo
3315 1035 3345 1073 a
3402 1019 3606 1088 Spiritu

2027 1118 2218 1165 sancto
2245 1109 2518 1179 obsignati
2551 1123 2741 1163 sumus
2771 1105 2923 1178 (87):
2960 1123 3066 1160 non
3109 1118 3192 1162 est
3227 1108 3368 1165 inter
3397 1120 3611 1165 creatu-

2029 1216 2115 1257 ras
2163 1200 2528 1256 numerandus
2569 1198 2825 1268 Spiritus,
2865 1199 2960 1254 sed
3003 1199 3229 1270 aequalis
3275 1203 3323 1256 ei
3383 1201 3610 1257 debetur

2026 1292 2185 1364 333
2212 1293 2407 1358 honor,
2433 1302 2489 1347 et
2533 1291 2830 1363 gratiarum
2862 1291 3025 1347 actio.
3066 1290 3174 1346 Nec
3218 1292 3362 1347 enim
3392 1304 3609 1348 creatu-

2033 1399 2106 1438 rae
2144 1381 2327 1448 simul,
2366 1390 2421 1436 et
2455 1381 2548 1436 Dei
2589 1380 3023 1449 obsignationem
3057 1382 3374 1452 accipimus,
3435 1398 3609 1451 neque

2027 1485 2292 1530 creaturas
2343 1471 2780 1542 obsignationem
2835 1471 2997 1525 simul
3054 1485 3176 1525 cum
3233 1486 3331 1528 sua
3383 1474 3613 1528 assumit
3727 1541 3730 1544 γ

2029 1567 2187 1631 Dens,
2225 1565 2377 1633 quasi
2405 1563 2554 1618 solus
2580 1562 2790 1618 salvare
2819 1576 2925 1616 non
2957 1561 3156 1617 valeat.

2103 1655 2231 1710 LIV.
2277 1655 2335 1709 Si
2375 1654 2554 1708 ontnis
2584 1652 2916 1722 blasphemia
2954 1651 3250 1709 remittitur
3281 1652 3609 1722 hominibus,

2029 1746 2365 1816 blasphemia
2409 1761 2538 1800 vero
2567 1745 2618 1799 in
2654 1743 2916 1815 Spiritum
2956 1741 3046 1796 Dei
3077 1751 3160 1796 est
3195 1743 3609 1808 irremissibilis,

2032 1835 2140 1894 non
2183 1852 2266 1895 est
2294 1852 2422 1907 ergo
2460 1836 2697 1906 Spiritus
2731 1834 2910 1889 minor
2933 1833 3128 1903 aliquis
3158 1832 3316 1888 Detts.
3352 1833 3612 1904 Blasphe-

346 1918 523 1990 λέγειν
563 1919 692 1973 αὐτὸ
735 1918 886 1972 Θεόν.
932 1917 1215 1986 Ἀνάγεται
1261 1916 1368 1988 γὰρ
1413 1919 1446 1988 ὴ
1480 1917 1802 1989 βλασφημία
1834 1916 1930 1971 καὶ

2036 1931 2141 1984 mia
2179 1943 2308 1984 vero
2355 1936 2459 1991 est,
2504 1928 2678 1996 ipsum
2729 1940 2836 1980 non
2883 1923 3066 1978 dicere
3096 1923 3262 1978 Deum
3295 1943 3309 1979 :
3348 1924 3612 1979 redundat

347 2011 425 2074 εἰς
460 2010 552 2062 τὸν
584 2006 1025 2079 Παντοκράτορα,
1058 2000 1118 2061 οὗ
1149 2004 1287 2076 πνοὴ
1315 2006 1596 2076 τυγχάνει.

413 2187 540 2241 ΝΕ’.
592 2185 656 2238 ΕΞ
709 2181 1062 2254 ἀπαράϐατον
1132 2181 1399 2252 αἱρετικοὶ
1449 2178 1576 2252 [I56
1620 2180 1672 2253 η]
1723 2181 1928 2251 φυλάτ-

344 2295 526 2332 τουσιν
550 2276 611 2330 τό
649 2292 710 2329 τε
737 2274 1064 2347 πρόσταγμα
1101 2271 1196 2324 τοῦ
1229 2271 1443 2342 Πατρὸς
1481 2269 1752 2339 λέγοντος,
1789 2292 1807 2324 ι
1831 2267 1931 2327 Οὗ-

344 2369 437 2433 τός
464 2370 608 2420 ἐστιν
637 2368 666 2419 ὁ
707 2364 833 2426 Υἱός
877 2380 978 2434 μου
1007 2363 1035 2414 ὁ
1071 2362 1384 2432 ἀγαπητός’
1429 2361 1594 2414 αὑτοῦ
1625 2362 1874 2430 ἀκούετε,
1908 2383 1946 2415 »-

344 2465 444 2534 τήν
475 2478 534 2514 τε
565 2458 694 2530 περὶ
738 2457 800 2509 τὸ
834 2455 1116 2526 βάπτισμα
1170 2453 1264 2506 τοῦ
1307 2452 1439 2506 Υίοῦ
1477 2453 1807 2524 παράδοσιν’
1845 2454 1933 2507 διὰ

345 2550 504 2621 τίμὴ
539 2546 839 2618 ἀχώριστον
878 2547 944 2616 τῇ
989 2544 1169 2615 φύσει,
1201 2543 1296 2596 καὶ
1332 2543 1596 2613 ἰσότιμον,
1632 2544 1728 2597 καὶ
1761 2544 1934 2597 ίσοδύ-

345 2657 519 2710 ναμον
549 2636 868 2710 ὁμολογοῦσι
899 2637 997 2707 τὴν
1026 2634 1250 2706 Τριάδα,
1278 2633 1372 2686 καὶ
1395 2633 1653 2705 ἰσοτίμως
1681 2633 1934 2700 δοξάζον-

348 2748 470 2796 σιν;
501 2732 596 2784 Ἓν
629 2730 737 2801 γάρ
766 2727 956 2798 ὄνομα,
985 2715 1308 2779 τοῦτ”ἐστιν
1348 2725 1411 2778 τδ
1434 2725 1534 2795 τῆς
1583 2727 1714 2796 μιᾶς
1740 2726 1932 2797 θεότη-

346 2841 458 2890 τος,
490 2825 638 2895 τρεῖς
671 2821 728 2874 δὲ
761 2821 1086 2881 ὑποστάσεις
1111 2817 1370 2885 ἐδίδαξεν,
1402 2817 1609 2889 ἑκάστῃ
1640 2817 1740 2890 τὴν
1766 2819 1932 2874 ἰσοτι-

351 2915 480 2986 μίαν
504 2914 771 2986 τηρήσας.

1014 3007 1167 3059 ΚΕΦ.
1204 3005 1277 3058 Γ.
1835 3055 1838 3058 .

419 3099 530 3154 Καὶ
553 3097 724 3152 ταῦτα
759 3097 858 3169 μὲν
900 3096 1326 3167 ἀποδεδειγμένα
1365 3096 1584 3152 κείσθω.
1631 3097 1933 3168 Αίρετικῶν

346 3190 404 3244 δὲ
463 3190 679 3262 πρῶτόν
732 3191 881 3242 ἐστιν
939 3188 1300 3244 ἀσεϐέστατον
1356 3189 1452 3242 καὶ
1507 3189 1930 3261 ἀποτομώτατον

349 3255 660 3355 πρόϐλημα,
691 3284 751 3336 τὸ
785 3285 842 3336 ἐν
865 3281 1140 3353 Παροιμίᾳ
1163 3279 1478 3351 Σολομῶνος
1511 3255 1927 3353 γεγρα-μμένονο
1957 3255 1999 3313 C

354 3395 375 3428 ι
413 3375 615 3447 Κύριος
654 3375 868 3428 ἔκτισεν
904 3392 970 3444 με
998 3373 1170 3446 ἀρχὴν
1197 3373 1332 3427 ὁδῶν
1365 3371 1530 3428 αὑτοῦ
1558 3375 1638 3437 εἰς
1665 3374 1804 3444 ἔργα
1831 3374 1930 3426 αῦ-

347 3465 476 3519 τοῦ·
514 3465 618 3538 πρὸ
651 3467 746 3519 τοῦ
789 3465 983 3529 αἰῶνος
1025 3465 1386 3536 ὲθεμελίωσέν
1427 3481 1528 3536 μεθ
1565 3467 1622 3518 ἐν
1651 3466 1792 3536 ἀρχῇ
1827 3465 1933 3536 πρὸ

348 3559 442 3614 τοῦ
483 3560 580 3632 τὴν
617 3552 1010 3631 γῆνποιῆσαι,
1067 3559 1162 3613 καὶ
1217 3560 1322 3630 πρὸ
1369 3559 1466 3612 τοῦ
1521 3558 1620 3622 τὰς
1664 3557 1934 3622 ἀϐύσσους

348 3645 594 3723 ποιῆσαι,
629 3652 734 3725 πρὸ
765 3651 859 3705 τοῦ
889 3651 1062 3705 ἐλθεῖν
1095 3650 1194 3713 τὰς
1223 3652 1406 3722 πηγάς
1435 3650 1542 3703 τῶν
1566 3649 1795 3714 ὑδάτων,
1827 3649 1932 3718 πρὸ

348 3743 446 3798 τοῦ
479 3743 578 3816 ὅρη
621 3743 963 3816 ἑδρασθῆναι,
1012 3741 1117 3813 πρὸ
1161 3742 1218 3796 δὲ
1267 3743 1484 3796 πάντων
1538 3740 1738 3812 βουνῶν
1772 3740 1934 3810 γεννᾷ

349 3853 444 3907 με.
485 3855 503 3886 ι
556 3836 652 3890 Διὰ
695 3837 888 3889 τούτου
936 3834 1046 3907 γὰρ
1086 3834 1180 3888 τοῦ
1236 3834 1620 3905 προϐλήματος
1659 3832 1934 3905 βιάζονται

348 3927 557 3998 κτίσμα
581 3927 670 3982 τὸν
690 3927 914 3998 κτίστην
943 3928 1037 3980 καὶ
1059 3924 1352 3998 εὐεργέτην
1371 3925 1712 3999 ἀποφαίνειν.
1738 3924 1936 3996 Κρείτ-

350 4039 458 4076 των
488 4022 544 4076 δὲ
577 4020 671 4076 καὶ
696 4020 1068 4091 πειθανωτέρα
1098 4020 1199 4090 τῆς
1225 4019 1404 4074 αὑτῶν
1443 4019 1755 4091 βουλήσεως.
1783 4020 1877 4072 καὶ
1900 4021 1934 4090 ή

349 4113 450 4184 τῆς
483 4114 706 4185 Γραφῆς
740 4111 942 4184 ταύτης
986 4111 1221 4183 ὑπάρχει
1264 4111 1469 4182 νόησις.
1521 4113 1582 4165 EI
1614 4111 1721 4184 γὰρ
1760 4110 1934 4181 ἀληθῆ

351 4209 446 4260 καὶ
473 4205 924 4279 κατακρατοῦντα
967 4205 1036 4260 τὰ
1075 4205 1411 4278 προκείμενα
1453 4205 1629 4259 πάντα
1669 4205 1937 4273 κεφάλαια

351 4295 446 4348 καὶ
478 4297 548 4350 τὰ
581 4298 638 4351 ὲν
657 4294 736 4366 τῷ
761 4294 963 4367 πρώτῳ
990 4295 1134 4367 λόγῳ
1156 4295 1532 4364 καταταγέντα
1555 4295 1724 4360 ἐστὶν,
1747 4295 1936 4365 ὥσπερ

349 4384 448 4442 οῦν
480 4390 648 4454 ἐστιν,
688 4387 1094 4461 άρηδηλοτάτην
1130 4385 1238 4440 άπὸ
1281 4385 1390 4440 τῶν
1431 4385 1590 4439 θείων
1627 4375 1822 4454 λογίων
1852 4383 1938 4436 δε-

354 4481 558 4552 ξαμένη
611 4480 915 4553 μαρτυρίαν
940 4497 953 4510 ο
998 4479 1114 4542 πῶς
1168 4478 1226 4530 οὐ
1275 4477 1382 4532 τῶν
1433 4475 1810 4532 ἀνοσιωτάτων
1843 4475 1938 4529 κα).

2034 2020 2177 2075 enim
2234 2017 2567 2087 blasphemia
2623 2017 2786 2072 etiam
2841 2015 2896 2070 in
2947 2013 3413 2086 Otnnipotcntem,
3461 2016 3613 2084 cuius

2036 2110 2151 2180 ipse
2181 2109 2380 2164 halitus
2416 2117 2522 2164 est.

2106 2200 2215 2256 LV.
2253 2200 2309 2256 Si
2357 2215 2460 2255 non
2496 2198 2965 2268 transgrediuntur
2998 2197 3257 2263 haeretici,
3291 2197 3386 2252 sed
3419 2197 3610 2252 obsero

2033 2302 2163 2347 vant
2239 2306 2364 2346 cum
2436 2299 2760 2360 praeceptum
2826 2288 3007 2345 Patris
3059 2288 3387 2360 inquientis,
3459 2306 3478 2342 ι
3517 2287 3614 2344 Hic

2033 2393 2116 2438 est
2145 2380 2264 2453 (88)
2297 2380 2463 2436 Filius
2483 2393 2637 2434 meus
2680 2379 2906 2435 dilectus
2941 2397 2953 2433 :
2989 2379 3161 2448 ipsum
3210 2378 3422 2443 audite;
3452 2397 3472 2430 ι
3501 2388 3611 2432 ιιιηι

2032 2489 2116 2537 ea,
2155 2489 2276 2543 qua:
2306 2473 2474 2528 Filius
2509 2473 2576 2527 de
2623 2473 2893 2541 baptismo
2940 2472 3159 2526 tradidit
3190 2487 3206 2524 :
3239 2485 3407 2540 quare
3438 2470 3614 2524 Trini-

2037 2574 2202 2620 tatem
2238 2574 2428 2619 natura
2470 2563 2913 2633 inseparabilem,
2942 2572 2996 2615 et
3029 2577 3183 2631 mque
3216 2563 3613 2623 honorandatn.

2040 2665 2095 2712 et
2124 2671 2274 2727 teque
2317 2663 2590 2724 potentem
2631 2670 2736 2709 non
2764 2653 3112 2718 conlltentur,
3148 2667 3248 2707 nec
3277 2668 3395 2707 eam
3420 2653 3612 2722 aequali

2034 2749 2238 2803 honore
2267 2745 2610 2818 glorificent?
2647 2745 2821 2800 Unum
2843 2745 2986 2799 enim
3025 2759 3144 2799 esse
3179 2758 3397 2808 nomen,
3430 2744 3480 2797 id
3507 2753 3608 2808 est,

2033 2853 2228 2893 nomen
2258 2838 2420 2892 unius
2454 2836 2705 2898 deitatis;
2753 2844 2862 2890 tres
2890 2851 3021 2890 vero
3063 2835 3405 2906 hypostases,
3437 2833 3480 2889 is
3513 2833 3614 2888 de-

2033 2927 2164 2992 cuit,
2195 2925 2485 2994 unicuique
2519 2938 2744 2980 serrans
2778 2924 3002 2978 honoris
3029 2924 3417 2992 aequalitatem.

2685 3013 2837 3068 CAP.
2881 3013 2970 3069 Ill.

2105 3108 2284 3178 Atque
2313 3106 2428 3161 haec
2449 3105 2666 3175 quidem
2696 3115 2753 3159 ut
2777 3121 2806 3159 a
2835 3107 2989 3161 nobis
3021 3106 3388 3161 demonstrata
3417 3121 3614 3176 suppo-

2035 3211 2250 3254 nantur.
2304 3197 2694 3252 Haereticorum
2742 3213 2872 3251 vero
2915 3198 3088 3265 prima
3139 3198 3395 3264 obiectio,
3443 3213 3616 3267 eaque

2034 3289 2377 3360 impiissima,
2429 3296 2482 3341 et
2531 3287 2920 3341 absurdissima
2953 3287 3092 3358 (89),
3145 3301 3210 3340 ex
3259 3302 3324 3341 eo
3377 3287 3612 3346 ducitur,

2033 3382 2177 3451 quod
2225 3381 2278 3433 in
2327 3379 2624 3433 Proverhio
2657 3377 2770 3447 (90)
2820 3379 3127 3434 Salomonis
3182 3381 3440 3446 scriptum
3479 3387 3560 3433 est
3592 3419 3607 3434 .

2040 3488 2058 3522 ι
2095 3469 2354 3526 Dominus
2385 3467 2501 3538 (9|)
2528 3471 2733 3522 ereavit
2767 3484 2853 3522 me
2887 3470 3096 3523 initium
3146 3470 3354 3524 viarum
3393 3484 3613 3522 suarum

2035 3563 2089 3617 in
2131 3576 2294 3630 opera
2341 3560 2545 3630 ipsius;
2607 3570 2733 3616 ante
2791 3561 3045 3616 saeculum
3095 3561 3345 3616 fundavit
3391 3575 3510 3625 me;
3559 3561 3614 3614 in

2036 3651 2302 3723 principio
2351 3661 2642 3718 antequam
2698 3661 2898 3706 terram
2951 3653 3176 3715 faceret,
3225 3662 3282 3707 et
3328 3661 3614 3721 anu-quam

2035 3745 2263 3816 abyssos
2326 3743 2565 3808 faceret;
2619 3752 2911 3812 antequam
2969 3745 3216 3799 venirent
3263 3745 3376 3814 (92)
3443 3743 3617 3800 fontes

2037 3851 2297 3906 aquarum
2333 3853 2346 3888 :
2375 3842 2663 3913 antequam
2702 3843 2913 3890 montes
2939 3835 3283 3889 (irritarentur
3307 3834 3416 3906 (9'5)
3451 3845 3617 3890 :antc

2035 3941 2224 3982 omnes
2261 3943 2388 3982 vero
2421 3928 2587 3984 colles
2615 3926 2784 3998 gignit
2817 3943 2923 3980 me.
2953 3945 2974 3979 ›
3011 3924 3122 3981 Hoc
3162 3926 3306 3980 enim
3352 3927 3493 3997 quod
3521 3928 3618 3981 ob-

2032 4018 2248 4086 jiciunt,
2299 4031 2620 4091 argumento
2670 4025 2937 4074 conantur
2984 4017 3292 4082 ostendere,
3334 4033 3482 4085 eum,
3524 4019 3615 4088 qui

2036 4110 2265 4166 Creator
2297 4121 2399 4176 est,
2432 4127 2496 4166 ac
2540 4110 2927 4166 beneﬁciorum
2958 4109 3204 4179 largitor,
3238 4124 3358 4164 esse
3403 4119 3618 4164 creatu-

2041 4218 2176 4256 ram.
2220 4200 2329 4257 Sed
2385 4202 2642 4272 germana
2689 4198 2853 4268 hujus
2897 4199 3055 4253 etiam
3102 4197 3304 4254 oraculi
3348 4201 3616 4254 sententia

2037 4307 2224 4347 eorum
2290 4291 2736 4361 interpretatione
2801 4303 2866 4344 ac
2927 4303 3092 4358 scopo
3139 4290 3483 4359 praestantior
3530 4300 3616 4345 est

2039 4399 2101 4439 ac
2123 4383 2475 4453 probabilior.
2509 4382 2566 4437 Si
2603 4383 2746 4438 enim
2778 4396 2904 4436 vera
2937 4390 3062 4437 sunt
3094 4381 3257 4450 (sicut
3292 4396 3426 4437 sane
3444 4386 3614 4450 sunt).

2040 4488 2096 4532 et
2125 4491 2404 4532 assensum
2439 4473 2816 4544 extorquentia
2856 4474 3062 4539 omnia,
3105 4488 3227 4543 quae
3257 4483 3412 4528 antea
3458 4473 3617 4527 allata

352 4574 776 4628 ἁδυνατωτάτων
808 4572 956 4625 ἐστὶν
981 4569 1155 4634 οὕτως
1187 4567 1501 4640 ἐκδέχεσθαι
1523 4568 1590 4623 τά
1615 4569 1684 4621 δι’
1712 4567 1933 4639 ἐπικρύ-

2044 4568 2261 4623 l'uerunt
2289 4567 2530 4637 capitula
2557 4577 2720 4635 atque
2745 4571 3085 4635 argumenta,
3114 4579 3341 4634 quaeque
3370 4563 3422 4618 in
3446 4565 3619 4633 primo

351 4667 500 4735 ψεως
527 4665 830 4738 δηλούμενα
878 4662 997 4716 θεῖα
1040 4662 1381 4730 πράγματα;
1430 4658 1638 4713 Οῠκουν
1689 4658 1931 4730 εὑδηλον,

428 4908 539 4977 (86)
570 4905 843 4977 Perpetuis
856 4903 1106 4977 [uadibus
1127 4901 1490 4977 celebramus.
1519 4896 1697 4953 Codex
1718 4897 1937 4968 ἀείμνη-

353 4969 464 5040 τοξ.
509 4969 810 5043 Legendutn
849 4969 1523 5043 fortasse,_dta_ipvqcrto_g._
1796 5036 1812 5043 _
1862 5027 1870 5036 ,

428 5036 538 5117 (8⁸1)
581 5036 856 5114 Dbsignati
882 5058 1084 5099 sanius.
1111 5036 1400 5117 lnGrazéo,
1436 5039 1752 5110 ἐσήμαινον.
1796 5036 1938 5108 Lego

355 5109 776 5190 σημαίνομένόυ,
807 5125 898 5168 aut
925 5109 1365 5188 σεσημασμένου.

426 5209 538 5281 (88)
583 5208 681 5261 Hic
706 5217 802 5261 est.
835 5203 1024 5259 Matth.
1060 5217 1196 5269 xvrt,
1230 5202 1281 5257 5.

427 5303 539 5371 (89)
601 5299 1052 5371 Αῡειιτάίεεὶηιηκ
1088 5295 1146 5352 1η
1208 5293 1398 5371 Graeco
1422 5333 1437 5358 ,
1477 5291 1936 5371 άποτομώιτατον,

356 5361 566 5440 υκεάιίιι
597 5386 726 5425 voce
754 5370 888 5439 lege,
924 5370 979 5440 si;
1003 5366 1219 5440 ρίξιιεςθιζ
1247 5364 1304 5422 S.
1351 5362 1571 5440 Max-imi
1611 5361 1821 5440 scholia
1873 5361 1938 5414 ad

356 5432 562 5512 cap.'2,
600 5432 924 5510 paragraph.
953 5432 1147 5491 2'libri
1180 5434 1256 5488 De
1287 5435 1482 5488 caelesti
1519 5432 1843 5486 hierarchta.

429 5536 542 5606 (90)
593 5532 658 5606 In
699 5530 1032 5606 Proverbia;
1049 5529 1164 5584 Non
1203 5518 1676 5606 _d_issimili__modo,
1712 5538 1936 5606 numero

358 5595 568 5662 scilicet
615 5603 896 5675 singulari,
945 5619 965 5654 ι
997 5598 1346 5675 Proverbiurn
1371 5616 1414 5675 in
1442 5595 1732 5675 aliinetiatn
1786 5595 1938 5675 diae-

361 5662 750 5745 runt'Didvm‘o
797 5662 1080 5745 suppares,
1113 5679 1170 5722 ut
1219 5662 1930 5745 Palladius“I-lelenopqlita-

362 5731 464 5801 nus
511 5748 562 5798 in
619 5731 973 5808 Epistola'nd
1009 5731 1266 5800 Lnusttm,
1299 5738 1408 5802 ubi,
1450 5734 1628 5808 allatis
1680 5731 1931 5808 σιξ-11]).το

359 5801 772 5870 Proverbiorum
799 5812 1116 5877 quibusdam
1157 5809 1356 5871 verbis,
1379 5801 1656 5877 subiungit
1687 5821 1700 5858 :
1733 5801 1930 5877 Καθὼς

360 5887 395 5949 ἡ
442 5881 715 5953 Παροιμίαι
766 5873 935 5949 λέγει,
969 5883 1020 5935 id
1077 5889 1193 5946 est,
1239 5897 1258 5930 ι
1285 5887 1342 5931 ιιι
1379 5873 1726 5931 Ρτονειίήυιη
1781 5873 1876 5928 ait.
1907 5892 1926 5924 ›

2041 4659 2186 4731 λόγῳ
2218 4659 2331 4730 (94)
2363 4660 2535 4730 posita
2608 4673 2673 4713 ac
2705 4668 3020 4714 enumerata
3064 4666 3224 4714 sunt:
3259 4656 3422 4729 334
3448 4658 3620 4712 mani-

2043 4897 2356 4968 Eodemﬁque
2406 4899 2564 4952 modo
2593 4897 2834 4968 loquitur
2868 4898 3195 4968 Epiphanius
3219 4897 3272 4951 in
3297 4898 3616 4964 Anc/rorata,

2043 4967 2544 5108 ωῗθιῗὸοηιὶηω.
2592 5037 2747 5092 Prov.
2799 5054 2914 5101 vttt,
2948 5036 3131 5092 22-25.
3175 5037 3368 5092 Merito
3405 5035 3473 5090 ab
3518 5037 3619 5091 hoc

2027 5106 2218 5164 .textu'
2245 5106 2502 5176 Didymus
2535 5125 2548 5161 :
2581 5123 2646 5162 ex
2691 5124 2757 5166 eo
2811 5110 2954 5164 enim
3005 5109 3164 5162 Arius
3231 5126 3250 5159 ι
3279 5108 3482 5161 erroris
3535 5109 3616 5168 sui

2043 5177 2417 5232 introducendi
2451 5179 2790 5233 occasionem
2833 5187 3022 5233 nactus
3050 5188 3153 5245 est,
3186 5196 3206 5229 ι
3264 5186 3322 5231 ιιι
3371 5176 3447 5231 ait
3491 5177 3617 5246 Epi-

2042 5247 2270 5317 pltanins
2311 5247 2500 5301 ha‘resi
2531 5263 2676 5313 thx,
2716 5264 2864 5302 num.
2905 5249 2995 5302 12.

2117 5316 2234 5388 (92)
2276 5317 2564 5388 Antequam
2606 5319 2856 5372 uenirent.
2903 5318 3091 5374 Graeca
3129 5316 3317 5383 editio,
3363 5315 3470 5388 πρὸ
3519 5313 3614 5370 τοῦ

2048 5386 2349 5458 προελθεῖν,
2381 5388 2430 5441 id
2460 5398 2544 5441 est
2592 5407 2610 5438 ι
2642 5398 2930 5456 antequam
2967 5390 3342 5453 procederent.
3372 5404 3390 5437 ι

2119 5457 2239 5578 (εἰδὲ
2275 5455 2666 5510 ﬁrmarentur.
2715 5458 2768 5511 In
2791 5455 3170 5527 Complulensi
3206 5458 3440 5510 editione
3487 5456 3618 5527 legi-

2119 5544 2150 5578 ρ.
2183 5530 2208 5578 ὲ
2245 5525 2527 5578 οασθῇναι.
2559 5543 2621 5578 ac
2654 5527 2880 5578 vertitur
2912 5546 2925 5578 :
2967 5545 2984 5578 ι
3005 5525 3130 5578 facti
3165 5536 3350 5578 essent
3380 5543 3440 5578 γε
3467 5526 3618 5578 nuasi

2047 5525 2150 5592 tur,
2183 5525 2527 5597 ἑδρασθῆναι.
2559 5543 2621 5581 ac
2654 5527 2880 5581 vertitur
2911 5525 2984 5597 ξι
3005 5525 3130 5597 facti
3164 5536 3350 5581 essent
3380 5543 3440 5581 »σε
3467 5525 3618 5594 quasi

2043 5596 2271 5651 ducatur
2304 5612 2368 5668 ex
2407 5601 2570 5668 verbo
2603 5597 2755 5668 δρᾷν.
2787 5599 2856 5650 At
2888 5596 3362 5668 Francofurtensis
3396 5597 3615 5660 rectius,
3643 5619 3650 5636 ι

2041 5676 2102 5790 Bt
2126 5675 2282 5790 l[‘i’uto,
2323 5667 2483 5721 habet
2524 5666 2850 5738 ἑδρασθῆναι
2893 5680 3016 5720 cum
3055 5667 3246 5736 spiritu
3289 5681 3517 5736 aspero,
3557 5675 3618 5720 ut

2088 5755 2120 5790 ιι
2180 5753 2316 5790 mus.

2088 5753 2316 5791 ιιινιιιυει.

2110 5804 2220 5878 (94)
2246 5807 2317 5878 71η
2346 5807 2516 5877 primo
2567 5807 2730 5878 λόγῳ.
2787 5804 2869 5878 A_n
2916 5805 3174 5878 primttm_
3200 5804 3403 5865 indicat
3455 5805 3618 5878 hujus

2038 5875 2216 5946 operis
2243 5875 2470 5933 librum?
2505 5875 2650 5935 Vide
2672 5875 2784 5934 not.
2817 5875 2878 5944 2,
2910 5893 3031 5949 pag.
3075 5875 3200 5936 I37.
