4134 6416
374 381 483 439 809
1439 381 1524 438 DE
1568 386 1932 445 TRINITATE
1972 392 2172 451 LIBER
2211 396 2533 454 TERTIUS.
3521 414 3623 470 8H]

372 496 543 559 hunc,
579 509 600 545 ι
627 489 888 548 Dominus
919 491 1121 548 creavit
1158 507 1263 557 me,
1301 511 1319 544 ι
1351 498 1696 567 antecedunt,
1720 514 1785 556 ac
1824 503 2244 574 subsequuntur,
2271 509 2567 577 prudenter
2624 511 2745 579 quis
2805 527 2868 566 ac
2931 515 3016 583 pie
3074 519 3422 576 considerare
3444 524 3627 581 volne-

371 588 468 654 rit,
500 588 627 654 cito,
667 586 776 640 imo
807 587 988 641 statim
1014 587 1202 642 eodem
1245 588 1295 642 in
1331 588 1452 645 loco
1478 592 1642 648 multa
1679 595 1934 661 inveniet,
1977 600 2173 669 quibus
2198 602 2439 657 lucretici
2506 603 2673 658 refelli
2736 615 2958 674 queant.
2991 607 3125 664 Nam
3170 621 3332 668 antea
3384 614 3499 672 hac
3530 631 3629 686 pn-

372 688 557 734 suerat
607 678 860 733 Salomon
910 696 927 733 :
970 696 990 730 r
1022 677 1235 733 Initium
1280 682 1754 753 (2—4l)sapientiaa
1784 688 1947 745 timor
1984 690 2228 759 Domini,
2260 694 2611 765 intelligentia
2647 696 2758 767 (42)
2801 710 2979 753 autem
3021 703 3159 755 bona
3222 704 3476 761 omnibus
3531 677 3625 776 qui

368 768 582 821 faciunt
632 782 789 834 eam;
820 785 840 818 ι
873 775 928 821 et
959 782 1194 823 rursus:
1229 788 1248 821 ι
1283 770 1385 824 Per
1425 788 1510 828 me
1554 773 1667 845 (45)
1715 790 1868 848 reges
1909 790 2158 848 regnant,
2221 792 2279 839 et
2334 785 2576 854 dynasta:
2615 787 2861 841 scribunt
2896 787 3158 857 justitiam
3184 810 3200 855 ;
3226 808 3321 861 per
3366 810 3452 850 me
3517 768 3631 852 nic-

368 860 614 927 gistanes
646 859 756 929 (44)
785 859 1221 944 magnificantur,
1249 873 1303 916 et
1336 864 1705 924 dominatores
1734 885 1832 939 per
1860 886 1947 926 me
1985 873 2255 944 imperant
2282 884 2458 931 terrm.
2489 897 2508 928 ι

449 953 611 1006 Ἀνευ
634 952 691 1005 δὲ
716 952 928 1020 σοφίας,
970 942 1161 1025 φησὶν,
1198 957 1323 1026 ἥτις
1353 960 1502 1015 ἐστὶν
1528 963 1562 1033 ἡ
1605 965 1943 1033 μταδοθεῖσο

2133 968 2264 1023 Sine
2316 971 2580 1038 sapientia
2624 986 2770 1037 vero,
2824 973 3020 1041 inquit,
3064 976 3168 1031 hoc
3211 986 3313 1043 εει,
3365 982 3481 1036 sine
3511 983 3624 1043 illa,

369 1048 501 1117 ἡμῖν
545 1042 751 1099 ἄνωθεν
802 1045 1095 1115 φρόνησις,
1151 1047 1246 1101 καὶ
1297 1052 1579 1122 νουνεχία,
1637 1057 1733 1109 καὶ
1783 1056 1957 1126 λόγων

367 1135 558 1208 ἀρετή,
602 1134 754 1188 οὐδὲν
798 1133 908 1187 τῶν
956 1135 1183 1190 δεόντων
1232 1140 1631 1211 κατορθοῦταιο
1676 1146 1955 1216 διαφεύγει

366 1227 478 1298 γὰρ
505 1226 572 1279 τὰ
608 1224 777 1279 πολλὰ
826 1226 922 1279 καὶ
960 1227 1102 1281 καλὰ
1146 1229 1256 1282 τῶν
1290 1233 1579 1302 νοημάτων
1623 1236 1715 1290 τὸν
1753 1238 1957 1310 ταύτης

366 1316 751 1387 ἐστερημένον.
800 1316 859 1369 '0
913 1317 970 1370 δὲ
1025 1319 1231 1390 ταύτης
1261 1365 1274 1375 .
1303 1324 1618 1396 μεταλαχὼν
1668 1328 1954 1400 ἄνθρωπος

365 1407 459 1459 τόν
483 1423 543 1459 τε
571 1406 725 1468 Θεὸν,
757 1406 834 1469 ὡς
856 1408 982 1479 χρὴ,
1018 1409 1286 1477 φοϐεῖται,
1314 1416 1410 1468 καὶ
1444 1416 1573 1484 φίλα
1608 1418 1755 1490 αὐτῷ
1787 1422 1954 1491 πράτ-

364 1514 468 1564 τει,
498 1498 590 1550 καὶ
628 1496 901 1570 ἀνθρώπῳ
929 1500 1230 1571 νομοθετεῖ,
1269 1505 1363 1558 καὶ
1399 1493 1555 1572 οὗτος
1583 1514 1776 1581 κρατεῖ
1806 1513 1953 1567 ἐκεί-

368 1605 485 1652 νου,
516 1590 609 1643 καὶ
641 1589 1015 1645 πολλαπλάσια
1044 1595 1333 1665 ἐκτήσατο,
1371 1600 1464 1651 καὶ
1492 1601 1553 1653 οὐ
1588 1602 1747 1672 μόνον
1779 1604 1952 1674 λέγων

373 1680 537 1743 αὐτὸς
557 1682 652 1735 καὶ
681 1682 848 1735 ποιῶν
872 1683 1080 1753 ἣδεται,
1108 1686 1245 1740 ἀλλὰ
1284 1688 1379 1741 καὶ
1411 1693 1539 1755 τοὺς
1566 1693 1951 1765 ἀκροωμένους

372 1772 561 1838 αὐτοῦ,
595 1773 627 1844 ἧ
670 1773 830 1845 ἔργον
876 1776 1246 1846 μανθάνοντας
1266 1780 1335 1834 τὰ
1384 1783 1570 1850 αὐτοῦ,
1608 1788 1946 1858 σωφρονίζει.

377 1862 467 1918 Ἐν
498 1863 555 1916 δὲ
594 1867 705 1928 τοῖς
738 1864 939 1937 ἐφεξῆς
986 1868 1204 1933 ἐξέθετο
1237 1872 1515 1945 σποράδην
1544 1876 1717 1930 ταῦτα
1743 1895 1754 1906 ·
1785 1897 1804 1930 ι
1831 1879 1949 1932 Κύ-

367 1969 482 2023 ριος
507 1954 761 2024 ἐποίησεν
789 1955 970 2028 χώρας
1005 1958 1314 2029 ἀοικήτους,
1355 1963 1449 2015 mi.
1486 1964 1631 2037 ἄκρα
1659 1968 1949 2039 οἰκούμενα

361 2044 462 2113 τῆς
523 2045 612 2098 ὑπ’
663 2046 911 2116 οὐρανόν.
973 2048 1162 2103 Ἡνίκα
1216 2051 1480 2121 ἡτοίμαζε
1553 2056 1646 2109 τὸν
1683 2058 1943 2129 οὐρανὸν,

363 2137 737 2214 συμπαρήμην
763 2136 911 2207 αὑτῷ
930 2155 944 2168 ·
985 2137 1146 2208 ἡνίκα
1175 2140 1420 2213 ἁφώριζε
1476 2144 1569 2197 τὸν
1596 2148 1788 2203 ἐαυτοῦ
1823 2149 1946 2222 θρό-

358 2240 450 2276 νον
478 2225 565 2277 ἐπ’
595 2227 832 2297 ἀνέμων,
876 2228 1041 2296 ἡνίκα
1082 2230 1278 2301 ἰσχυρὰ
1322 2232 1496 2287 ἐποίει
1538 2237 1607 2290 τὰ
1644 2238 1754 2292 ἅνω
1786 2241 1942 2313 νέφη,

356 2316 454 2368 καὶ
482 2315 557 2378 ὡς
590 2316 848 2384 ἀσφαλεῖς
883 2317 1047 2370 ἐτίθει
1094 2320 1276 2390 πηγὰς
1317 2326 1418 2394 τῆς
1459 2325 1550 2377 ὑπ’
1597 2326 1845 2397 οὐρανὸν,
1888 2332 1947 2384 ὲν
1977 2351 2020 2405 Β

354 2403 436 2473 τῷ
460 2404 667 2458 τιθέναι
710 2406 872 2458 αὐτὸν
910 2409 972 2477 τῇ
1021 2407 1263 2481 θαλάσσῃ
1310 2412 1657 2485 ἀκριϐασμὸν
1696 2418 1883 2473 αὐτοῦ.
1922 2439 1941 2472 ι

368 2493 429 2546 '0
462 2495 518 2547 δὲ
548 2497 775 2563 ποιήσας
816 2497 913 2566 τὴν
937 2498 1042 2568 γῆν
1069 2501 1133 2552 ἐκ
1169 2500 1244 2572 μὴ
1278 2505 1402 2573 γῆς,
1432 2506 1527 2558 καὶ
1562 2506 1744 2572 καλῶς
1771 2526 1948 2581 τεχνιι

355 2583 560 2646 τεύσας
586 2586 827 2657 οὐρανῶν
870 2595 1189 2662 περιφερεῖς
1222 2592 1459 2658 κύκλους
1486 2597 1550 2650 ἐκ
1577 2597 1654 2670 μὴ
1680 2600 1944 2671 οὐρανῶν,

352 2675 610 2739 καὶτοὺς
647 2676 879 2748 δρόμους
921 2684 1107 2750 ταχεῖς
1155 2682 1413 2763 τελοῦντα
1462 2686 1631 2757 ⁴ἥλιον,
1666 2692 1944 2763 πανταχοῦ

354 2766 416 2818 οὐ
424 2767 585 2837 ρανοῦ
599 2769 693 2821 καὶ
716 2771 815 2841 τῆς
829 2773 932 2841 γῆς
952 2773 1230 2841 φαίνοντα,
1251 2776 1347 2829 καὶ
1364 2778 1548 2843 ἁπλῶς
1566 2780 1710 2851 λόγῳ
1731 2783 1945 2838 ἅπαντα

354 2858 550 2928 φήνας,
582 2864 872 2933 μονογενής
902 2866 1047 2917 ἐστιν
1065 2866 1193 2929 Υίὺς
1208 2868 1378 2936 Λόγος
1407 2870 1501 2923 τοῦ
1534 2872 1692 2937 Θεοῦ,
1716 2878 1744 2929 ό
1787 2878 1943 2930 ἀνευ-

354 2948 629 3017 φημηθεὶς
683 2949 819 3003 Θεοῦ
878 2952 1129 3024 δύναμις,
1181 2957 1277 3009 καὶ
1320 2958 1455 3011 Θεοῦ
1488 2963 1668 3031 σοφία,
1719 2966 1813 3017 καὶ
1865 2968 1943 3029 ὡς

351 3036 481 3108 [157
510 3038 559 3111 b]
591 3040 764 3093 ταῦτα
780 3042 1038 3115 ὑπάρχων
1048 3045 1142 3098 τοῦ
1158 3047 1393 3120 ἀνάρχου
1419 3052 1513 3104 καὶ
1533 3052 1750 3124 άληθῶς
1774 3058 1940 3111 αὐτοῦ

356 3129 589 3199 Πατρδς,
624 3131 698 3202 μὴ
743 3131 881 3202 ἔχων
933 3136 1129 3207 ἀρχὴν,
1167 3138 1310 3193 καθὰ
1344 3140 1711 3206 διδάσκουσιν,
1761 3148 1941 3201 Ἰωάν-

352 3234 454 3287 νης
484 3218 580 3287 μὲν
610 3218 809 3288 λέγων·
852 3242 869 3273 r
899 3222 1083 3277 Πάντα
1109 3226 1175 3278 δι’
1200 3228 1364 3281 αὐτοῦ
1393 3230 1612 3297 ἐγένετο
1632 3249 1644 3261 ·
1674 3252 1692 3282 ι
1729 3234 1940 3301 Παῦλος

355 3307 413 3362 δὲ
451 3310 721 3383 Ἑϐραίοις
744 3313 969 3385 γράφων
988 3332 1000 3344 ·
1042 3333 1060 3367 t
1086 3319 1233 3389 Πρὸς
1262 3319 1319 3373 δέ
1339 3320 1430 3374 τὸν
1458 3322 1588 3374 Υίὸν
1630 3341 1795 3393 φησιν
1822 3342 1835 3354 ·
1883 3327 1941 3380 ’0

357 3401 543 3472 θρόνος
574 3421 689 3467 σου,
712 3407 740 3457 ὁ
768 3406 920 3469 Θεὸς,
950 3408 1032 3472 εἰς
1060 3409 1152 3461 τὸν
1194 3409 1368 3465 αίῶνα
1400 3413 1495 3466 τοῦ
1530 3416 1745 3479 αἰῶνος.
1784 3436 1802 3466 ι
1831 3417 1940 3469 Καὶ

353 3494 559 3565 μεταξύ
613 3512 811 3565 φησιν’
862 3517 880 3548 ι
911 3499 1019 3551 Καὶ
1074 3501 1139 3553 σὺ
1188 3503 1308 3553 κατ’
1341 3503 1550 3575 ἀρχὰς,
1596 3504 1803 3570 Κύριε,
1843 3506 1939 3576 τήν

352 3585 459 3655 γῆν
484 3585 866 3657 ἐθεμελίωσας,
904 3590 996 3642 καὶ
1034 3588 1172 3661 ἔργα
1216 3591 1323 3644 τῶν
1367 3593 1566 3664 χειρῶν
1600 3594 1692 3648 σού
1723 3597 1862 3648 εἰσιν
1890 3597 1938 3648 οἱ

2060 1071 2182 1125 quae
2230 1057 2460 1127 desuper
2506 1059 2663 1114 nobis
2721 1064 3173 1129 communicatur,
3214 1070 3519 1136 prudentia,
3569 1082 3628 1129 et
3720 1104 3727 1105 ί

2057 1147 2287 1203 consilio
2322 1187 2337 1212 ,
2383 1158 2437 1204 et
2479 1151 2720 1206 scientiae
2773 1152 3138 1224 doctrinaeque
3192 1159 3342 1228 copia
3396 1162 3538 1216 nullo
3575 1165 3625 1217 in

2059 1233 2166 1286 vita
2214 1233 2388 1290 oﬂicio
2425 1246 2570 1291 recte
2612 1239 2732 1307 quis
2760 1238 3022 1313 fungitur.
3062 1244 3163 1311 Qui
3208 1248 3351 1302 enim
3393 1250 3494 1304 iSta
3540 1268 3630 1307 Sa-

2057 1323 2256 1391 pientia
2283 1335 2485 1391 careat,
2521 1341 2643 1381 eum
2672 1327 2881 1400 fugiunt
2920 1333 3112 1395 multa,
3162 1344 3215 1389 et
3242 1338 3496 1406 praeclara
3535 1355 3627 1396 co-

2020 1414 2251 1483 .gitata;
2300 1415 2390 1483 qui
2420 1431 2550 1471 vero
2581 1417 2725 1475 hanc
2760 1422 2922 1479 homo
2951 1426 3175 1481 sortitus
3198 1436 3304 1492 est,
3342 1438 3396 1484 et
3437 1431 3624 1496 Deum,

2009 1516 2014 1522 ‘
2053 1516 2113 1560 ut
2150 1514 2385 1576 oportet,
2429 1509 2605 1575 timet,
2642 1519 2697 1565 et
2729 1521 2877 1580 grata
2910 1514 2961 1569 ei
2993 1513 3143 1580 facit,
3194 1529 3250 1571 et
3280 1519 3485 1574 homini
3511 1521 3624 1593 (45)

2051 1596 2199 1667 leges
2227 1597 2478 1669 imponit,
2504 1607 2558 1655 et
2597 1600 2669 1655 ita
2702 1601 2813 1671 (46)
2844 1603 2988 1658 illum
3022 1605 3125 1660 sibi
3155 1607 3397 1674 subjicit,
3427 1620 3480 1663 et
3507 1610 3625 1680 pltt-

2053 1687 2189 1741 rima
2221 1688 2321 1743 sibi
2365 1700 2665 1759 comparat,
2710 1702 2764 1746 et
2806 1708 2909 1747 non
2942 1693 3112 1749 solum
3151 1695 3450 1751 oblectatur
3487 1699 3622 1769 ipse,

2053 1777 2180 1833 dum
2233 1779 2493 1850 loquitur,
2554 1782 2789 1852 dumque
2840 1785 2968 1853 agit,
3016 1787 3109 1840 sed
3152 1788 3315 1841 etiam
3363 1802 3476 1854 eos,
3531 1791 3622 1856 qui

2057 1871 2233 1938 ipsum
2267 1872 2510 1936 audiunt,
2548 1882 2643 1927 aut
2679 1874 2795 1944 ejus
2837 1875 3074 1930 actiones
3101 1876 3211 1948 (47)
3242 1888 3459 1945 norunt,
3490 1895 3620 1950 prn-

2050 1961 2242 2017 dentes
2288 1963 2484 2019 reddit.
2516 1963 2572 2018 In
2604 1965 3057 2034 subsequentibus
3084 1985 3213 2024 vero
3242 1971 3357 2026 haec
3390 1974 3621 2042 sparsim

2049 2052 2297 2121 exposuit
2327 2053 2439 2122 ipse
2471 2052 2725 2108 Salomon
2757 2055 2867 2125 (48)
2898 2074 2911 2115 ;
2950 2075 2967 2107 ι
3001 2055 3260 2114 Dominus
3293 2060 3418 2116 fecit
3445 2064 3624 2134 regio-

2051 2155 2146 2195 nes
2196 2141 2575 2198 inhabitabiles
2619 2144 2755 2215 (49),
2814 2156 2869 2201 et
2925 2150 3298 2205 extremitates
3348 2152 3622 2208 habitatas

2050 2230 2187 2300 ejus,
2226 2248 2345 2302 quae
2388 2236 2489 2291 sub
2520 2236 2658 2291 coelo
2692 2248 2795 2292 est.
2851 2238 3076 2305 Quando
3124 2243 3459 2309 praeparabat
3504 2261 3619 2299 cno-

2051 2322 2180 2389 lurn,
2217 2325 2376 2377 simul
2423 2341 2542 2380 cum
2582 2341 2648 2382 eo
2677 2328 2931 2395 aderam;
2981 2332 3195 2399 quando
3223 2331 3334 2401 (50)
3365 2347 3620 2403 segrega-

2050 2415 2145 2469 bat
2174 2416 2424 2472 thronum
2456 2434 2611 2474 suum
2644 2435 2807 2490 super
2838 2433 3060 2489 ventos;
3093 2426 3306 2490 quando
3338 2426 3505 2480 fortes
3535 2426 3618 2479 fa-

2048 2506 2228 2561 ciebat
2282 2508 2527 2563 excelsas
2582 2512 2785 2578 nubes;
2836 2522 2891 2566 et
2938 2528 3059 2566 cum
3107 2530 3331 2569 securos
3383 2517 3618 2584 ponebat

2049 2597 2226 2652 fontes
2278 2600 2426 2670 ejus,
2501 2616 2619 2669 quae
2678 2604 2776 2656 sub
2841 2602 2978 2657 coelo
3036 2613 3159 2669 est;
3214 2604 3338 2658 dum
3395 2613 3664 2673 poneret‘

2048 2685 2296 2759 ipse(5l)
2336 2691 2469 2744 mari
2508 2689 2676 2761 legem
2729 2703 2979 2747 accurate
3026 2692 3093 2747 ab
3127 2708 3191 2747 eo
3229 2696 3565 2749 servandam.
3595 2716 3612 2746 ι

2045 2780 2114 2831 At
2141 2779 2246 2845 ille,
2280 2781 2371 2849 qui
2409 2791 2605 2835 terram
2646 2781 2775 2837 fecit
2808 2798 2871 2837 ex
2910 2799 3015 2837 non
3045 2793 3209 2851 terra,
3241 2786 3330 2855 qui
3360 2787 3618 2840 rotundos

2044 2872 2304 2925 caelorum
2337 2874 2496 2927 orbes
2521 2889 2584 2927 ex
2627 2889 2731 2926 non
2762 2876 2914 2929 coelis
2949 2875 3169 2945 pulchre
3195 2876 3497 2944 fabricavit,
3523 2879 3613 2946 qni

2044 2962 2211 3016 solem
2241 2962 2454 3016 veloces
2477 2978 2666 3017 cursus
2693 2965 3084 3033 perficientem,
3116 2981 3180 3021 ac
3207 2969 3385 3021 omnia
3420 2968 3616 3038 ubique

2043 3052 2325 3115 crelorutn.
2359 3053 2524 3124 336
2554 3064 2607 3106 et
2657 3063 2925 3110 terrarum
2979 3056 3388 3122 illuminantetn,
3441 3068 3514 3123 et,
3558 3072 3617 3114 nt

2043 3143 2279 3198 breviter
2300 3144 2496 3209 dicam,
2535 3144 2626 3211 qui
2654 3146 2902 3199 universa
2937 3147 3103 3201 verbo
3133 3148 3392 3213 condidit,
3429 3162 3491 3202 ac
3517 3165 3614 3219 ap-

2042 3249 2236 3303 parere
2265 3235 2411 3300 fecit,
2444 3236 2508 3297 is,
2542 3236 2783 3305 inquam,
2824 3245 2905 3290 est
2952 3237 3258 3308 unigenitus
3286 3239 3455 3295 Filius
3482 3238 3615 3296 Ver-

2041 3324 2167 3377 bum
2196 3325 2312 3389 Dei,
2339 3325 2431 3392 qui
2473 3325 2774 3381 celebratus
2804 3327 2905 3382 fuit
2942 3344 3003 3382 ac
3034 3339 3259 3385 vocatus
3292 3330 3385 3386 Dei
3420 3342 3611 3399 polen-

2044 3415 2136 3480 tia,
2178 3424 2233 3469 et
2258 3416 2348 3469 Dei
2390 3417 2673 3483 sapientia,
2712 3419 2910 3487 quique
2943 3429 3002 3472 ut
3049 3422 3236 3475 aeterni
3272 3424 3353 3475 sui
3405 3433 3461 3477 et
3499 3426 3612 3479 vrri

2040 3503 2218 3558 Patris
2244 3506 2482 3573 potentia
2516 3516 2569 3560 et
2596 3508 2861 3576 sapientia
2893 3518 2995 3571 est,
3030 3511 3242 3565 initium
3281 3528 3384 3566 non
3427 3514 3611 3575 habet.

2040 3595 2182 3650 sicut
2211 3594 2404 3650 docent
2431 3595 2664 3652 Joannes
2687 3598 2903 3665 quidem
2937 3615 3060 3654 cum
3085 3602 3213 3656 dicit
3236 3602 3346 3673 (52)
3379 3622 3392 3656 :
3430 3622 3448 3654 ι
3480 3604 3609 3657 Ουτ-

351 3676 590 3744 ούρανοί.
628 3696 646 3727 ι
682 3678 845 3732 Ὥστε
897 3681 971 3751 μὴ
1018 3681 1202 3744 αὑτὸν,
1253 3681 1389 3735 ἀλλὰ
1426 3684 1535 3756 γὰρ
1576 3685 1762 3756 ἕτερον
1797 3681 1936 3740 εἶναι

2044 3686 2126 3741 nia
2150 3700 2247 3754 per
2284 3685 2456 3753 ipsum
2492 3684 2632 3740 facta
2676 3696 2838 3751 sunt;
2873 3707 2891 3738 ι
2926 3688 3121 3743 Paulus
3150 3706 3301 3755 vero,
3346 3708 3465 3745 cum
3517 3692 3611 3746 lle-

351 3767 645 3838 πρόσωπον
671 3770 732 3823 τὸ
762 3771 938 3824 πάντα
966 3771 1159 3839 ταῦτα,
1192 3772 1288 3825 καὶ
1322 3774 1404 3837 τὸ,
1447 3794 1465 3827 ι
1505 3776 1711 3848 Κύριος
1752 3777 1934 3830 ἐκτισέ

2044 3776 2192 3832 bracis
2222 3775 2470 3830 scribens
2504 3777 2579 3829 ait
2610 3795 2623 3830 :
2661 3794 2679 3826 ι
2711 3778 2789 3829 Ad
2826 3777 3018 3831 Filium
3047 3779 3157 3852 (55)
3183 3791 3364 3835 autem
3393 3800 3405 3835 :
3440 3781 3609 3835 Thm-

353 3876 445 3929 μεν
478 3860 768 3938 ’,εἰρηκός
792 3859 906 3916 Εἶτ’
939 3864 1251 3934 ἐπήγαγεν·
1284 3884 1303 3915 r
1342 3865 1453 3918 Καὶ
1479 3864 1647 3920 ὕδατα
1674 3867 1734 3919 οὐ
1793 3885 1943 3938 παρ-η

2044 3880 2138 3922 nus
2177 3875 2321 3930 tuus,
2360 3867 2517 3932 Deus,
2551 3868 2602 3921 in
2631 3867 2887 3922 sacculum
2931 3871 3138 3925 smcuii.
3176 3891 3195 3923 ι
3224 3872 3302 3926 Ac
3337 3874 3607 3928 nonnullis

350 3935 630 4005 ελεύσεται
666 3953 840 4023 στόμα
863 3954 1079 4009 αὐτοῦ.»
1119 3956 1259 4027 Ἀρα
1280 3951 1373 4010 οῦν
1397 3956 1473 4021 ὡς
1502 3957 1723 4029 ἐκτίσθη
1751 3959 1932 4026 σοφία,

2044 3957 2328 4028 interjectis
2374 3975 2387 4012 :
2444 3976 2463 4009 ‹
2524 3958 2589 4011 Ει
2637 3966 2691 4012 tu
2741 3958 2851 4029 (54)
2894 3959 3068 4025 initio,
3106 3961 3363 4025 Domine,
3409 3972 3606 4018 terram

350 4042 480 4113 περὶ
512 4043 604 4096 τοῦ
631 4046 822 4115 νοητοῦ
859 4047 1125 4117 στόματος
1156 4045 1252 4101 τοῦ
1298 4049 1631 4121 δημιουργοῦ
1665 4050 1801 4104 Θεοῦ
1832 4051 1935 4104 Λό-

2044 4047 2292 4112 Γυηάοειί,
2350 4058 2403 4103 et
2453 4062 2615 4118 Opera
2658 4064 2911 4102 manuum
2962 4060 3175 4105 tuarum
3229 4062 3356 4106 sunt
3402 4054 3546 4109 caeli.
3581 4074 3602 4107 ο

349 4148 449 4201 γου
505 4133 798 4204 ἐξηγεῖται.
838 4132 1004 4201 Αὖθίς
1049 4156 1109 4193 τε
1136 4155 1149 4168 ’
1192 4159 1211 4191 ‹
1262 4139 1455 4193 Ἢνίκα
1516 4143 1714 4213 ισχυρὰ
1757 4144 1930 4197 ἐποίει

2044 4138 2227 4209 Itaque
2252 4154 2507 4209 persona,
2537 4155 2656 4209 qum
2685 4142 2796 4195 lucc
2820 4143 3002 4195 omnia
3032 4143 3083 4196 in
3113 4143 3421 4199 Proverbiis
3447 4147 3604 4209 dixit,

347 4225 419 4278 τὰ
446 4226 670 4296 θεμέλια
712 4228 811 4298 τῆς
846 4229 981 4298 γῆς,
1022 4231 1170 4302 ήμην
1209 4214 1340 4303 παρ’
1381 4232 1531 4303 αὐτῷ
1574 4233 1928 4305 ἁρμόζουσα*

349 4315 462 4385 ἐγὼ
490 4318 638 4389 ήμην
737 4320 1096 4393 προσέχαιρεν
1127 4321 1246 4375 καθ’
1275 4322 1519 4394 ἡμέραν·
1561 4326 1929 4397 εὐφραινόμην

346 4407 487 4460 δὲέν
524 4407 799 4480 προσώπῳ
830 4410 992 4463 αὐτοῦ
1032 4413 1089 4464 ἐν
1122 4414 1286 4465 παντὶ
1328 4413 1534 4485 καιρῷσ
1571 4416 1661 4468 ὅτε
1708 4418 1932 4488 εὐφραί-

347 4515 472 4551 νετο
511 4499 611 4570 τὴν
662 4501 987 4573 οἰκουμένην
1035 4504 1373 4571 συντελέσας,
1426 4507 1520 4559 καὶ
1553 4509 1932 4578 ἐνευφραίνετο

308 4658 319 4671 ι
350 4592 411 4643 ἐν
444 4591 579 4654 υἱοῖς
604 4592 922 4664 ἀνθρώπων.
958 4614 976 4644 ι
1015 4595 1070 4649 '0
1092 4595 1201 4667 γὰρ
1235 4596 1563 4668 δημιουργὸς
1585 4599 1712 4662 Υἱὸς
1736 4599 1927 4669 Λόγος,

346 4682 381 4735 ὁ
415 4681 593 4736 πάντα
630 4684 727 4754 μὲν
766 4685 1031 4757 προειδὼς
1074 4687 1169 4740 ml.
1203 4687 1628 4758 προδυνάμενος,
1661 4690 1931 4761 μακροθυ-

421 4858 595 4930 (2-“)
630 4859 870 4917 Initium.
914 4864 1069 4918 Prov.
1107 4881 1147 4926 ι,
1174 4867 1227 4919 7.

418 4929 529 5005 (ῥὶ)
578 4929 967 5005 intelligentia.
1014 4934 1261 5005 Secunda
1325 4936 1441 4991 haec
1490 4936 1741 4991 versirnii
1788 4952 1914 5005 pars

2037 4228 2144 4282 alia
2181 4239 2265 4284 est
2302 4232 2369 4285 ab
2396 4246 2457 4284 ea
2500 4231 2790 4300 sapientia,
2825 4248 2943 4302 quae
2973 4234 3068 4298 ait,
3107 4252 3127 4286 ι
3160 4235 3416 4290 Dominus
3455 4252 3607 4297 crea-

2034 4321 2114 4371 vit
2159 4334 2265 4383 me,
2300 4340 2317 4370 ι
2357 4337 2460 4374 non
2502 4337 2628 4377 vero
2658 4333 2737 4377 est
2778 4325 3000 4378 ‘eadcm.
3054 4323 3340 4396 Subjungit
3374 4338 3603 4396 postea:

2039 4429 2058 4461 ι
2088 4410 2154 4463 Ει
2189 4426 2340 4479 aqua:
2360 4412 2472 4484 (55)
2503 4429 2608 4467 non
2644 4415 2991 4480 prmteribunt
3020 4431 3081 4470 os
3103 4416 3235 4484 ejus.
3269 4437 3288 4469 ι
3330 4418 3606 4488 Sapientia

2032 4518 2181 4572 ergo,
2214 4504 2485 4573 quatenus
2516 4515 2697 4559 creata
2732 4514 2836 4569 est,
2876 4508 3016 4575 quod
3050 4509 3203 4574 dixit,
3241 4511 3319 4564 sic
3361 4513 3601 4580 exponit.

2034 4606 2093 4651 ut
2124 4600 2191 4651 de
2223 4597 2550 4668 intelligibili
2582 4615 2676 4653 ore
2710 4600 3037 4664 Conditoris,
3076 4617 3268 4672 nempe
3296 4603 3388 4659 Dei
3418 4603 3601 4662 Verbi.

2032 4704 2091 4744 se
2120 4689 2266 4761 loqui
2313 4693 2585 4747 ostendat.
2628 4692 2696 4746 Et
2731 4708 2955 4749 rursus:
2992 4711 3011 4743 ι
3044 4694 3268 4761 Quando
3300 4696 3458 4751 fortia
3491 4698 3601 4770 (56)

1951 4875 1994 4929 Ii
2095 4868 2206 4937 (48)
2253 4870 2524 4926 Dominus.
2573 4871 2733 4927 Prov.
2764 4888 2883 4938 rm,
2919 4874 3114 4929 26-29.

2094 4940 2220 5018 (49)_
2244 4939 2665 5018 fultabitabiles._
2698 4943 3001 5018 (ἔναιρε-(ξεί.
3041 4947 3221 5008 habet,
3273 4945 3366 4998 καὶ
3406 4944 3602 5018 ἀοική-

346 4997 635 5071 Ιιιείιυτίη
682 4997 865 5057 Graeca
905 5004 1023 5057 libri
1064 5005 1476 5059 Prorerbiornm
1518 4997 1914 5071 etliti0tie,'setl
2022 4997 2259 5071 τους,’ἱ(1
2292 5018 2375 5064 est
2419 5012 2622 5065 «etiam
2652 4997 3053 5068 inhabitabiles.
3081 5033 3098 5064 ι

345 5070 498 5142 deest
563 5070 617 5123 in
659 5071 920 5126 llebraico
957 5073 1103 5127 fonte
1146 5083 1305 5142 atque
1353 5077 1405 5128 in
1455 5076 1659 5130 Latinis
1707 5075 1911 5130 Bibliis.

344 5138 612 5213 lln_e__vern
643 5142 899 5213 translata
928 5152 1010 5197 est
1042 5158 1105 5196 ex
1149 5138 1352 5213 psalmo
1382 5161 1469 5200 cx.

416 5208 527 5275 (45)
567 5208 670 5262 Per
702 5227 800 5263 me.
832 5211 992 5265 Prov.
1018 5208 1241 5276 νιιι,’15
1269 5225 1321 5266 et
1350 5214 1438 5267 lli.

414 5277 524 5347 (44)
568 5278 903 5349 Megistanes.
934 5280 1136 5347 Codex,
1173 5285 1516 5353 μεγιστᾶνες,
1540 5298 1660 5340 cum
1692 5293 1914 5340 accentu

560 5416 799 5474 Homini.
827 5420 1029 5486 Codex,
1056 5420 1187 5479 ἄνω.
1229 5421 1371 5493 Lego
1408 5424 1543 5495 ὰνῴ,
1589 5424 1640 5479 id
1679 5432 1782 5487 est,
1826 5424 1911 5477 ἀν-

379 5504 563 5538 οωπω.

376 5504 674 5627 ρῖξῗὶῗᾟα.
705 5557 906 5621 Codex,
936 5552 1111 5623 οὗτος.
1142 5560 1346 5626 Malim,
1373 5563 1569 5627 οὕτως.

413 5624 695 5710 (47)_Ejus
724 5630 977 5710 actiones.
1013 5632 1217 5710 (Σαμίοις,
1254 5624 1453 5710 ἔργον.
1583 5673 1595 5686 .
1626 5634 1693 5686 τὰ
1722 5630 1907 5710 αὑτοῦ..

340 5690 645 5780 Legeiitlttiii
669 5736 684 5761 ,
737 5696 904 5767 ἔργα.
935 5738 947 5751 .
973 5736 989 5751 .
1032 5699 1101 5753 τὰ
1137 5690 1342 5766 αὐτοῦ,’
1367 5704 1472 5766 vel,
1517 5702 1677 5773 ἔργον
1705 5746 1717 5757 .
1751 5744 1764 5757 .
1795 5744 1809 5758 .

340 5778 522 5817 αυτοῦ.

660 5858 932 5918 ΡΔτιιοῐ..
967 5860 1082 5920 Gn.
1122 5861 1421 5923 XXXIX.

2096 5077 2214 5155 (512
2259 5080 2504 5155 Quando.
2563 5081 2838 5155 Didymus,
2886 5084 3068 5155 ἡνίκα.
3112 5083 3318 5152 Compl.
3347 5083 3458 5152 etl.,
3503 5087 3599 5140 καὶ

2021 5148 2132 5201 ὅτε.
2172 5148 2800 5211 Ἐτειιοοίυιειεηείεζὸτε.

2094 5219 2207 5288 (51)
2245 5219 2386 5289 Ipse.
2420 5220 2558 5282 Vox,
2590 5221 2775 5289 αὐτόν,
2814 5221 2967 5277 deest
2998 5224 3049 5278 in
3081 5223 3284 5280 Bibliis.

2098 5289 2212 5417 (52)
2250 5288 2383 5353 Cap.
2419 5304 2470 5372 ι,
2497 5304 2639 5343 vers.
2671 5293 2724 5345 5.

2122 5358 2209 5417 55)
2250 5358 2329 5409 Ad
2363 5357 2582 5411 Filium.
2622 5359 2717 5413 Hel

2250 5358 2329 5429 Aid
2363 5357 2582 5429 Filium.
2622 5359 2785 5414 Hebr.
2828 5378 2865 5420 I.
2897 5363 2951 5417 8.

2098 5427 2210 5495 (54)
2255 5428 2320 5479 r2:
2347 5443 2366 5480 .-
2399 5427 2476 5481 Tu
2542 5429 2885 5492 llebr.t,10.

2093 5498 2212 5619 255)
2252 5496 2320 5549 Et
2374 5514 2544 5567 aqua}.
2606 5499 2762 5554 Prov.
2814 5518 2932 5568 tht,
2986 5501 3075 5555 29.
3140 5502 3310 5556 Biblia
3394 5500 3596 5558 habent

2128 5584 2293 5619 ματος
2349 5582 2446 5619 oro
2489 5568 2682 5619 στόμα.

2028 5568 2293 5638 στόματος
2349 5582 2446 5634 pro
2489 5568 2682 5638 στόμα.

2092 5636 2203 5707 (56)
2261 5638 2484 5707 Quando
2524 5636 2728 5707 fortia.
2782 5639 2942 5695 Prov.
3000 5656 3115 5706 vm,
3169 5641 3364 5699 29-51.
3423 5644 3590 5701 Biblia

1852 5704 1914 5756 τὸ
2021 5704 2219 5762 habent
2245 5705 2334 5760 καί
2388 5721 2484 5776 pro
2511 5706 2688 5778 ἡνίκα.

3244 5869 3320 5929 96
