4134 6472
553 445 653 502 su
1785 436 2018 494 DIDYMI
2053 437 2524 496 ALEXANDRlNl
3704 451 3813 506 812

553 556 786 614 faciebat
811 553 1158 609 fundamenta
1190 559 1367 618 terrm,
1414 563 1561 606 eram
1613 552 1753 621 apud
1795 551 1971 622 ipsum
2027 552 2111 608 ad-

2234 552 2351 623 μῶν
2381 569 2442 606 τε
2469 552 2564 608 καὶ
2585 551 2677 608 ἐπὶ
2707 553 2876 625 ἀδίκῳ
2921 553 3014 608 καὶ
3055 554 3330 629 κακοδόξῳ
3364 556 3560 629 πλήθει
3587 559 3682 614 καὶ
3710 578 3813 618 πι-

554 655 743 718 aptans
771 664 783 700 :
816 657 913 714 ego
944 658 1119 708 eram,
1152 642 1204 697 in
1240 641 1345 712 qua
1364 642 1631 713 gaudebat
1652 654 1748 710 per
1771 642 1943 711 diem;
1974 642 2111 698 laetas

2230 644 2463 717 ριμένων
2512 646 2830 717 μετάνοιαν,
2886 647 3208 712 συντελέσας
3257 648 3326 703 τὰ
3392 651 3593 717 πάντα,
3641 668 3814 723 προσ-

552 738 651 789 har
697 748 826 790 vero
852 732 967 805 (57)
998 733 1053 787 in
1092 745 1325 803 persona
1374 731 1490 802 ejus
1537 732 1595 786 in
1642 734 1815 791 omni
1844 740 2111 801 tempore;

2225 737 2408 810 έχαιρε
2447 738 2513 811 τῇ
2575 737 2772 812 ὲνούσῃ
2823 740 2936 803 τοῖς
2984 739 3278 810 κτίσμασιν
3306 741 3472 795 αὑτοῦ
3504 744 3686 817 σοφίᾳ,
3721 749 3815 802 καὶ

549 824 761 895 quando
809 824 1180 881 oblectabatur
1217 821 1329 894 (58)
1375 831 1663 892 postquam
1725 820 1910 877 orbem
1967 831 2111 880 terra

2225 830 2608 900 ἑνευφραίνετο
2637 832 2694 884 ὲν
2728 826 2886 902 αὐτῇ,
2924 831 3354 902 ἑπιγαννύμενος
3381 833 3460 905 τῷ
3491 834 3606 907 ἰδίῳ
3629 836 3777 908 ἔργῳ
3798 854 3811 870 ·

546 914 883 985 perfecisset,
904 923 958 971 et
980 914 1351 969 delectabatur
1372 914 1424 968 in
1451 912 1575 969 ﬁliis
1600 914 1900 969 hominum.
1931 931 1951 966 ι
1985 913 2111 969 Nam

2224 921 2542 993 εὐφραίνετο
2569 921 2625 976 δὲ
2649 922 2742 976 καὶ
2764 921 2900 994 αὑτὴ
2928 922 2985 975 ἐν
3010 921 3289 995 προσώπῳ
3313 925 3502 980 αὐτοῦ.
3533 923 3669 981 Εἶτα
3694 928 3811 999 μεθ’

547 1006 808 1063 Conditor
864 1007 1083 1077 quidem
1128 1004 1299 1060 Filius
1341 1003 1601 1074 Verbum,
1662 1004 1755 1075 qui
1801 1003 1981 1059 omnia
2023 1019 2111 1059 an-

2221 1010 2390 1082 ἑτερά
2414 1028 2606 1083 φησιν·
2642 1032 2661 1065 ι
2694 1013 2760 1065 Al
2790 1012 2848 1065 δὲ
2876 1011 3042 1080 ἔξοδοί
3080 1030 3184 1084 μου
3228 1015 3287 1067 ἑν
3339 1014 3481 1079 ὁδοῖς
3515 1013 3680 1087 ζωῆς,
3720 1019 3813 1070 καὶ

549 1105 637 1151 tea
679 1106 736 1153 et
780 1096 1144 1168 praesciebat,
1207 1103 1261 1150 et
1298 1103 1546 1165 poterat,
1597 1097 1797 1166 quique
1842 1107 1970 1166 erga
2012 1095 2111 1151 ini-

2229 1102 2572 1175 ἑτοιμάςεται
2592 1105 2809 1176 θέλησις
2827 1103 2977 1175 παρὰ
2995 1104 3222 1176 Κυρίου.
3238 1107 3301 1159 Οί
3325 1105 3382 1159 δὲ
3409 1107 3813 1179 ἁμαρτάνοντες

547 1203 708 1260 quam
749 1191 935 1256 etiam,
962 1198 1017 1244 et
1046 1201 1211 1259 prave
1243 1187 1567 1244 sentientem
1610 1190 2008 1247 multitudinem
2040 1191 2111 1246 le-

2228 1194 2309 1258 είς
2341 1195 2441 1266 ἐμὲ
2499 1194 2857 1267 ἀσεϐήσουσιν
2899 1196 2980 1260 εἰς
3012 1195 3109 1260 τὰς
3144 1198 3352 1250 ἑαυτῶν
3387 1196 3601 1268 ψυχάς·
3635 1199 3731 1253 καὶ
3759 1199 3812 1252 ei

547 1283 636 1337 nis
680 1288 784 1349 est,
832 1296 895 1336 ac
927 1281 1079 1336 tarde
1104 1278 1383 1345 irascitur,
1415 1286 1470 1333 et
1512 1280 1891 1349 paenitentiam
1930 1294 2111 1352 eXSpe-

2231 1284 2513 1355 μισοῦντές
2540 1302 2609 1356 με
2659 1287 3004 1358 ἀγαπήσουσι
3065 1284 3313 1342 Θάνατον.
3352 1305 3372 1339 ›

545 1382 691 1441 ctat,
747 1382 1033 1442 postquam
1095 1371 1276 1426 omnia
1328 1369 1683 1440 perfecisset,
1734 1372 2004 1442 gaudebat
2055 1372 2122 1428 de
2161 1372 2521 1433 inexsistente
2585 1378 2857 1434 creaturis
2887 1377 3003 1433 suis
3065 1377 3353 1447 sapientia,
3386 1388 3444 1436 et
3475 1379 3528 1434 in
3565 1391 3631 1435 ea
3663 1379 3812 1436 dele-

543 1466 810 1532 ctabatur,
839 1465 893 1519 in
923 1478 1021 1520 suo
1050 1463 1219 1533 ipsius
1243 1475 1405 1531 opere
1433 1475 1551 1518 sese
1572 1461 1848 1518 obiectans
1872 1462 2008 1533 (59).
2029 1462 2102 1518 At
2120 1463 2255 1535 ipsa
2293 1467 2458 1522 etiam
2502 1469 2768 1540 sapientia
2817 1480 2999 1527 creata
3067 1473 3120 1527 in
3184 1485 3416 1542 persona
3455 1471 3628 1542 ipsius
3656 1473 3813 1528 oble-

542 1557 811 1613 ctabatur.
856 1555 996 1611 Tum
1039 1564 1161 1624 post
1193 1553 1297 1609 alia
1341 1551 1554 1623 inquit:
1594 1552 1835 1608 (Exitus
1857 1551 1967 1625 (66)
2031 1567 2161 1609 vero
2198 1555 2304 1610 mei
2349 1556 2404 1612 in
2448 1559 2550 1614 viis
2591 1559 2758 1616 vitae:
2791 1568 2847 1615 et
2889 1569 3113 1630 paratur
3175 1561 3427 1617 voluntas
3485 1576 3514 1617 a
3553 1561 3807 1629 Domino;

542 1655 644 1725 Qui
684 1665 863 1714 autem
897 1663 1127 1727 peccant
1172 1652 1226 1708 in
1256 1668 1364 1721 me,
1396 1651 1544 1721 impii
1576 1657 1737 1707 erunt
1768 1648 1959 1723 (61)ἰιι
1999 1664 2125 1708 suas
2164 1650 2399 1723 ipsorum
2468 1654 2696 1721 animas,
2768 1664 2823 1712 et
2861 1656 2951 1727 qui
2997 1656 3231 1713 oderunt
3270 1671 3380 1723 me,
3412 1656 3634 1728 diligent
3663 1671 3806 1714 mor-

543 1761 671 1806 tem.
706 1772 726 1803 ι

608 1843 677 1898 Ει
694 1841 887 1898 merito
900 1840 1113 1910 quidem
1135 1838 1216 1894 sic
1235 1833 1496 1906 loquitur.
1520 1834 1621 1902 Qui
1640 1833 1783 1888 enim
1798 1847 1950 1890 suam
1969 1832 2111 1903 ipso-

2287 1832 2397 1886 Καὶ
2451 1819 2597 1902 μάλα
2644 1817 2890 1893 είκότως.
2939 1832 3002 1884 Οί
3050 1830 3160 1902 γὰρ
3198 1830 3287 1886 τὸν
3323 1830 3535 1885 ἑαυτῶν
3575 1832 3688 1903 βίον
3729 1836 3806 1907 μὴ

540 1950 657 1990 rum
685 1935 850 1989 vitam
881 1931 1148 2003 sapientia
1174 1930 1311 1984 duce
1340 1941 1443 1981 non
1474 1927 1797 1998 gubernant,
1819 1925 1853 1980 ii
1880 1925 2121 1980 sibimet-

541 2026 670 2096 ipsis
687 2025 1034 2089 insidiantur,
1048 2032 1103 2076 et
1121 2036 1231 2077 suae
1248 2020 1488 2090 ipsorum
1506 2016 1830 2087 insipientia:
1868 2027 2030 2086 atque
2048 2017 2121 2071 in-

544 2120 717 2176 scitia:
737 2127 1125 2187 congruentem
1151 2111 1451 2169 mercedem
1476 2110 1756 2165 inveniunt
1772 2118 2025 2166 mortem.
2049 2109 2122 2166 Ut

543 2218 749 2263 rectam
784 2219 936 2270 vero,
986 2218 1051 2258 ac
1092 2217 1283 2258 sanam
1332 2200 1832 2269 interpretationem
1877 2210 2116 2257 nostram

538 2297 700 2368 337
735 2309 858 2351 esse
887 2293 997 2367 (62)
1024 2293 1255 2364 quisque
1284 2291 1487 2355 videat,
1517 2305 1582 2345 ac
1613 2306 1680 2345 ne
1717 2291 1845 2346 caeci
1868 2290 2110 2360 quidem,

541 2399 600 2442 ut
629 2387 734 2442 dici
771 2385 929 2451 solet,
966 2385 1033 2439 de
1070 2384 1174 2438 hac
1207 2397 1267 2438 re
1304 2382 1582 2452 ambigere
1615 2389 1852 2449 queant;
1912 2381 1980 2437 de
2024 2380 2116 2437 illo

530 2482 677 2551 ipso,
706 2479 772 2534 de
803 2492 910 2548 quo
937 2476 1075 2531 dixit
1099 2474 1336 2531 Joannes
1375 2473 1516 2546 (63),
1549 2492 1569 2526 ι
1609 2471 1676 2528 Ει
1716 2471 1952 2527 Verbum
1983 2487 2118 2529 caro

540 2571 740 2627 factum
774 2575 879 2634 est,
909 2574 966 2621 et
996 2565 1260 2620 habitavit
1289 2565 1340 2618 in
1369 2563 1548 2629 nobis,
1583 2581 1602 2616 ι
1635 2561 1901 2632 sapientia
1931 2571 2116 2617 creata

536 2658 729 2729 inquit,
766 2675 786 2708 ι
822 2655 1101 2726 Sapientia
1141 2654 1253 2726 (6i)
1284 2654 1573 2709 aedificavit
1623 2655 1726 2710 sibi
1764 2655 2009 2720 domum,
2061 2664 2117 2710 et

536 2747 766 2803 suﬂ‘ulsit
796 2745 1074 2801 columnas
1125 2755 1351 2815 septem.
1400 2763 1419 2797 ι
1485 2743 1562 2799 De
1616 2758 1723 2815 qua
1784 2746 1944 2801 domo
2004 2745 2118 2815 ipse

538 2840 793 2897 Dominus
826 2838 901 2892 ait
938 2855 952 2890 :
1000 2856 1019 2889 ‹
1054 2836 1261 2892 Solvite
1289 2834 1402 2907 (65)
1455 2835 1713 2905 templum
1759 2836 1880 2901 hoc,
1910 2843 1965 2890 et
2017 2850 2117 2905 ego

536 2934 587 2984 in
618 2933 792 2987 tribus
818 2930 1007 2985 diebus
1039 2927 1293 2983 excitabo
1326 2927 1477 2981 illud.
1522 2945 1542 2978 ι
1583 2907 1691 2981 δἐιι
1715 2935 1774 2980 ιιι
1807 2927 1981 2996 magis
2003 2941 2117 2980 ma-

536 3023 724 3091 gisque
772 3019 1024 3075 ostendat
1076 3017 1354 3083 Salomon,
1388 3019 1454 3073 de
1484 3017 1785 3072 conditrice
1836 3015 2115 3087 Sapientia

541 3126 599 3165 se
633 3125 737 3165 non
790 3108 961 3178 loqui,
1002 3108 1056 3162 in
1096 3107 1446 3176 sequentibus
1486 3107 1558 3161 ita
1585 3106 1855 3161 disserere
1888 3107 2062 3179 pergit
2096 3126 2112 3161 :

2224 1924 2386 1994 σοφίᾳ
2416 1922 2806 1995 κυϐερνῶντες,
2839 1925 3053 1987 ἑαυτοῖς
3087 1922 3528 1978 ἐπιϐουλεύουσιν
3564 1923 3691 1997 [158
3725 1924 3806 1998 a],

2221 2014 2445 2085 καὶτῆς
2488 2012 2697 2067 ἑαυτῶν
2742 2012 3054 2085 ἀφροσύνης
3111 2013 3207 2067 καὶ
3252 2013 3606 2080 ἀπαιδευσίας
3657 2015 3807 2083 ἄξιον

2218 2103 2532 2175 εὑρίσκουσι
2569 2104 2819 2158 θάνατον.
2851 2104 3016 2157 Ὥστε
3060 2101 3118 2157 δὲ
3144 2103 3238 2158 καὶ
3280 2103 3534 2174 τυφλοὺς,
3559 2104 3718 2160 τοῦτο
3739 2105 3803 2179 δὴ

2217 2192 2281 2246 τὸ
2305 2190 2400 2246 τοῦ
2438 2192 2619 2262 λόγου,
2668 2193 2743 2265 μὴ
2777 2191 3140 2263 ἀμφιϐάλλειν
3189 2191 3358 2261 ὑγιῶς
3391 2193 3488 2265 τὴν
3531 2195 3804 2267 ἡμετέραν

2219 2284 2536 2357 ἑρμηνείαν,
2571 2287 2604 2357 ἡ
2637 2285 2830 2358 κτιστὴ
2854 2285 3013 2354 σοφία
3035 2284 3233 2355 φάσκει
3256 2286 3388 2357 περὶ
3412 2287 3646 2355 ἐκείνου,
3677 2290 3804 2361 περὶ

2217 2370 2280 2431 οὗ
2304 2374 2458 2431 εἶπεν
2501 2378 2775 2448 Ἰωάννης,
2811 2366 2830 2429 ἆ
2863 2378 2973 2430 Καὶ
3005 2378 3033 2429 ό
3064 2377 3238 2446 Λόγος
3272 2377 3408 2449 σὰρξ
3444 2379 3679 2449 ἐγένετο,
3712 2383 3805 2436 καὶ

2217 2469 2529 2541 ἐσκήνωσεν
2575 2469 2633 2522 ἑν
2655 2470 2807 2540 ἡμῖν·
2843 2487 2860 2518 δ
2902 2486 2921 2521 ι
2961 2468 3026 2522 Ἡ
3064 2468 3223 2539 σοφία
3264 2469 3613 2544 ᾠκοδόμησεν
3638 2473 3801 2546 ἑαυτῇ

2218 2558 2385 2626 οἷκον,
2414 2561 2508 2615 καὶ
2565 2560 2831 2632 ὑπήρεισε
2873 2559 3095 2625 στύλους
3129 2561 3322 2615 ἑπτά.»
3360 2562 3497 2635 Περὶ
3525 2555 3587 2617 οὗ
3607 2564 3803 2619 οίκουό

2217 2650 2381 2713 αὐτὸς
2412 2649 2688 2721 Δεσπότης
2717 2649 2852 2722 ἐφη·
2886 2669 2904 2701 ι
2934 2649 3147 2703 Λύσατε
3175 2650 3268 2703 τὸν
3308 2651 3435 2705 ναὸν
3470 2653 3680 2720 τοῦτον,
3709 2655 3804 2710 καὶ

2216 2739 2330 2810 ἑγὼ
2352 2741 2409 2794 ἑν
2431 2740 2606 2811 τρισὶν
2643 2739 2882 2811 ἡμέραις
2910 2739 3088 2810 ὲγερῶ
3118 2739 3302 2795 αὐτόν.
3333 2759 3352 2793 ι
3387 2742 3603 2797 Μᾶλλον
3628 2745 3686 2797 δὲ
3709 2744 3803 2799 καὶ

2220 2831 2421 2900 μᾶλλον
2447 2831 2660 2894 δεικνὺς
2683 2830 2955 2902 Σολομὼν,
2987 2832 3063 2895 ὡς
3095 2833 3157 2884 οὐ
3184 2834 3312 2905 περὶ
3335 2834 3435 2906 τῆς
3465 2835 3800 2905 δημιουργοῦ

2215 2922 2523 2992 διαλέγεται
2572 2923 2783 2992 σοφίας,
2835 2925 2892 2975 ἑν
2952 2925 3065 2987 τοῖς
3115 2925 3401 2994 ἑπομένοις
3462 2924 3799 2997 διεξέρχεται

2215 3012 2418 3076 οὕτως·
2467 3033 2486 3065 ι
2521 3014 2638 3077 Υἱὲ,
2675 3014 2770 3068 ἑὰν
2814 3013 2977 3084 σοφὸς
3019 3016 3181 3088 γένῃ,
3229 3018 3440 3090 σεαυτῷ
3490 3021 3652 3090 σοφὸς
3700 3021 3799 3095 ἔσῃ

2216 3102 2443 3166 καὶτοῖς
2470 3101 2729 3174 πλησίον·
2758 3104 2854 3159 ἑὰν
2901 3105 2958 3158 δὲ
3010 3107 3180 3171 κακὸς
3230 3109 3462 3181 ἀποϐῇς,
3505 3111 3665 3181 μόνος
3704 3114 3801 3166 ἀν-

540 3219 558 3251 ι
600 3199 700 3254 Fili
751 3176 889 3270 (66),
947 3197 991 3252 si
1040 3197 1258 3267 sapiens
1305 3196 1490 3260 lueris,
1548 3195 1858 3266 tibimetipsi
1897 3176 2111 3267 sapiens

2215 3194 2431 3265 τλήσεις
2478 3195 2657 3248 κακά·
2697 3213 2716 3246 ι
2771 3196 2866 3251 καὶ
2917 3196 3108 3252 πάλιν·
3154 3219 3173 3252 ι
3210 3200 3339 3264 Υίὸς
3371 3176 3801 3273 πεπαιδευμένος

533 3290 666 3354 eris,
700 3298 756 3343 et
793 3287 1112 3359 propinquis
1139 3285 1251 3357 (67)
1293 3309 1305 3342 :
1347 3287 1392 3340 si
1422 3294 1601 3342 autem
1646 3285 1820 3341 malus
1849 3287 2110 3351 evaseris,

528 3381 682 3439 solus
718 3379 1010 3435 exhauries
1041 3376 1210 3432 mala.
1254 3396 1273 3430 ι
1329 3376 1395 3431 Ει
1432 3390 1621 3432 rursus
1664 3392 1680 3430 :
1731 3394 1751 3427 ι
1783 3376 1954 3434 Filius
2001 3378 2111 3450 (68)

532 3473 793 3534 eruditus,
828 3470 1047 3541 sapiens
1095 3467 1233 3534 erit;
1274 3467 1561 3537 insipiente
1634 3477 1813 3523 autem
1867 3469 2114 3525 ministro

532 3573 747 3634 utetur;
787 3581 807 3616 ι
859 3572 912 3618 et
947 3575 1129 3617 rursus
1168 3583 1180 3618 :
1219 3560 1496 3631 «Sapiens
1523 3558 1633 3631 (69)
1669 3560 1834 3616 corde
1886 3561 2116 3632 suscipit

530 3662 832 3724 praecepta;
874 3670 894 3706 ι
933 3661 987 3707 et
1031 3668 1044 3706 :
1088 3671 1107 3704 ι
1141 3650 1245 3706 Hic
1283 3648 1397 3721 (70)
1429 3664 1496 3705 ex
1554 3647 1713 3705 labiis
1764 3650 1971 3720 profert
2018 3664 2111 3706 sa-

531 3746 840 3815 pientiam:
890 3744 1042 3816 virga
1095 3742 1321 3798 verbera
1364 3740 1475 3814 (71)
1524 3741 1699 3796 virum
1751 3742 2038 3798 vecordem
2091 3757 2107 3796 :

533 3837 807 3907 sapientes
839 3835 1172 3891 abscondent
1222 3847 1479 3900 sensum;
1519 3851 1539 3885 ι
1578 3841 1632 3887 et
1684 3846 1871 3887 rursus
1904 3852 1916 3887 :
1958 3850 1977 3884 ‹
2011 3831 2110 3889 Sa-

535 3929 741 3999 pientia
775 3927 889 3999 (72)
920 3929 1037 3982 viro
1084 3927 1229 3998 parit
1276 3924 1657 3995 prudentiam;
1697 3942 1716 3976 ι
1765 3933 1820 3979 et
1865 3939 2054 3980 rursus
2092 3941 2107 3978 :

534 4038 561 4072 -‹
593 4018 669 4075 Os
698 4019 827 4089 justi
863 4018 975 4088 (75)
1012 4016 1235 4072 distillat
1258 4014 1612 4084 sapientiam;
1654 4032 1674 4065 ι
1714 4025 1807 4068 et:
1843 4032 1862 4066 ι
1885 4011 2108 4083 Linguae

535 4110 648 4182 (74)
688 4110 990 4179 sapientum
1028 4114 1250 4170 sanant;
1296 4124 1314 4157 ι
1347 4113 1403 4160 et
1451 4123 1464 4158 :
1512 4122 1531 4155 ι
1571 4104 1671 4169 Qui
1720 4103 1960 4159 ambulat
1993 4104 2105 4176 (75)

532 4218 656 4257 cum
713 4201 1085 4271 sapientibus,
1150 4197 1365 4268 sapiens
1417 4196 1540 4251 erit.
1577 4215 1596 4247 ι
1662 4196 1866 4251 Deinde
1916 4211 2049 4251 vero
2091 4215 2104 4251 :

533 4314 553 4347 ι
587 4294 805 4361 Quaeres
838 4291 950 4363 (76)
986 4290 1310 4361 sapientiam
1341 4290 1480 4359 apud
1513 4286 1705 4353 malos,
1733 4295 1788 4342 et
1816 4303 1920 4342 non
1962 4288 2110 4344 inve-

597 4472 713 4545 (57)
739 4471 1150 4545 Lwtgparvero.
1188 4466 1357 4521 Biblia
1400 4466 1558 4545 paulo
1584 4465 1797 4545 _aliter,_
1820 4465 2099 4545 praemissa

2212 3284 2374 3354 σοφὸς
2405 3285 2578 3351 ἔσται,
2605 3285 2685 3357 τῷ
2716 3286 2773 3339 δὲ
2803 3288 2997 3358 ἄφρονι
3038 3289 3271 3361 διακόνῳ
3319 3292 3622 3363 χρήσεται·
3658 3312 3677 3345 ι
3706 3294 3802 3348 καὶ

2211 3369 2393 3439 αὖθις
2426 3394 2445 3427 ι
2477 3375 2646 3445 Σοφὸς
2680 3379 2878 3450 καρδίᾳ
2910 3378 3121 3449 δέχεται
3149 3380 3367 3444 ἑντολὰς
3388 3398 3402 3413 ·
3438 3400 3457 3433 ι
3492 3382 3610 3448 καὶ,
3649 3402 3668 3436 ι
3698 3378 3801 3447 Οὗέ

2210 3484 2301 3531 τος
2333 3468 2398 3520 ὲκ
2431 3468 2654 3539 χειλέων
2708 3469 2971 3540 προφέρει
3010 3471 3221 3540 σοφίαν.
3265 3472 3474 3546 Ῥάϐδῳ
3507 3474 3679 3529 τύπτε
3706 3477 3800 3532 άν-

2212 3557 2315 3631 δρα
2375 3558 2634 3628 ἀκάρδιον
2664 3575 2677 3590 ·
2731 3561 2885 3629 σοφοὶ
2944 3561 3243 3634 κρύψουσιν
3299 3564 3584 3636 αἴσθησιν·
3626 3585 3647 3619 ι
3703 3570 3798 3624 καὶ

2208 3648 2401 3702 πάλιν·
2451 3669 2469 3702 ‹
2509 3650 2575 3704 Ἠ
2625 3650 2785 3720 σοφία
2834 3651 2988 3721 ἀνδρὶ
3025 3653 3198 3706 τίκτει
3247 3655 3539 3726 φρόνησιν·
3576 3677 3595 3711 ι
3641 3653 3797 3724 αὖθίς

2208 3757 2267 3794 τε
2289 3758 2302 3774 ·
2336 3741 2551 3812 «Στόμα
2583 3741 2793 3796 δικαίου
2820 3744 3116 3810 ἀποστάζει
3142 3747 3334 3816 σοφίαν
3355 3766 3370 3780 ·
3392 3767 3411 3800 ι
3439 3750 3554 3813 καὶ,
3587 3752 3797 3806 ιΓλῶσο

2209 3849 2299 3885 σαι
2344 3832 2524 3901 σοφῶν
2566 3831 2785 3888 ἰῶνται·
2819 3852 2837 3886 ι
2872 3836 2989 3900 καὶ,
3027 3856 3046 3889 ι
3096 3839 3153 3893 '0
3194 3844 3672 3914 συμπορευόμενος
3705 3861 3796 3899 σο-

2208 3926 2326 3994 φοῖς
2379 3925 2541 3995 σοφὸς
2574 3925 2727 3980 ἔσται
2752 3946 2766 3959 ·
2803 3948 2822 3980 ι
2883 3926 3003 3984 εἶτα
3043 3928 3197 4003 ἑξῆς·
3239 3951 3258 3985 ι
3293 3934 3561 4006 Ζητήσεις
3604 3937 3796 4006 σοφίαν

2205 4015 2355 4087 παρὰ
2384 4020 2595 4084 κακοῖς,
2639 4019 2735 4072 καὶ
2770 4021 2870 4092 οὐχ
2911 4021 3196 4094 εὑρήσεις·
3233 4041 3252 4075 ι
3299 4026 3393 4079 καὶ
3429 4025 3548 4096 μεθ’
3590 4027 3791 4098 ἔτερα·
3841 4024 3851 4035 ’

2213 4125 2231 4158 ι
2258 4106 2429 4174 Σοφία
2478 4108 2803 4181 πανούργων
2853 4111 3216 4180 ἐπιγνώσεται
3267 4113 3368 4177 τὰς
3399 4113 3550 4177 ὁδούς
3574 4131 3590 4145 ·
3627 4114 3796 4183 φόϐος

2205 4196 2433 4269 Κυρίου,
2470 4200 2688 4254 παιδεία
2721 4201 2814 4256 καὶ
2844 4203 3005 4271 σοφία
3030 4221 3043 4237 ·
3083 4222 3101 4255 ι
3157 4201 3313 4269 αὖθίς
3343 4221 3403 4258 τε
3425 4221 3440 4235 ·
3482 4224 3501 4257 ί
3530 4205 3795 4270 Νεοσσοῖς
3838 4274 3851 4279 _

2208 4288 2566 4362 αἱρετώτεραι
2616 4292 2878 4363 χρυσίου·
2914 4294 3157 4347 νεοσσιαὶ
3195 4294 3253 4348 δὲ
3291 4294 3622 4366 φρονήσεως,
3649 4294 3794 4368 ὑπὲρ

2283 4465 2395 4545 (67)
2436 4467 2503 4545 13:1
2543 4471 2881 4545 propinquis.
2903 4470 3101 4545 Voces,
3127 4474 3223 4527 καὶ
3268 4475 3383 4545 τοῖς
3412 4473 3667 4545 πλησίον,
3694 4472 3791 4528 de-

524 4535 787 4615 partic'ula
848 4539 937 4606 δέ,
987 4541 1043 4594 in
1100 4540 1241 4594 hunc
1292 4538 1507 4593 modum
1541 4536 1723 4592 :KaO’
1775 4535 1991 4606 ἡμέραν
2046 4536 2102 4589 δὲ
2141 4599 2178 4615 ἢ
2213 4535 2339 4615 sunt
2370 4540 2432 4615 in_
2454 4535 2721 4615 Corttpl'ut.
2741 4535 3013 4599 editione.
3064 4535 3539 4599 Francol'urtensis
3583 4535 3785 4599 habet:

523 4611 1154 4753 ευῗξῶινὲῐῗέέιοὸαων,
1180 4676 1449 4748 Complut.
1495 4677 1606 4744 cd.,
1648 4674 2012 4747 ηὐφραίνετο,
2055 4685 2110 4729 et

524 4744 703 4824 paulo
718 4760 857 4824 post,
890 4749 1297 4824 ἐνηυφραίνετο.

597 4768 685 4807 uto
718 4768 857 4821 pOSI,
890 4768 948 4809 εν
989 4768 1297 4822 υφραινετο.

597 4821 707 4893 (59)
749 4819 873 4893 Sese
902 4768 1187 4874 οδἿεειαηδ.
1238 4818 1439 4884 Codex,
1494 4813 1916 4885 ὲπιγανύμενος.
1964 4814 2108 4886 Lego

525 4890 787 4961 ἐπιγαννύ
796 4908 976 4962 μενος.

597 4953 708 5031 (60)
756 4953 961 5031 Exitus.
993 4961 1153 5031 Prov.
1180 4956 1405 5031 viuu'éb:
1443 4953 1631 5031 e666.
1667 4953 1853 5009 Graeca
1884 4956 2049 5031 editio
2090 4975 2104 5011 :

522 5023 920 5108 Δί’γάρὲξοδοί
951 5049 1050 5103 μου
1086 5028 1256 5095 ἔξοδοι
1300 5023 1469 5095 ζωῆς,
1507 5025 1558 5079 id
1593 5036 1695 5090 est,
1727 5041 1747 5076 ι
1774 5041 1895 5085 nam
1929 5028 2107 5083 exitus

527 5104 629 5157 ιιιεί
663 5103 839 5158 exitus
873 5103 1014 5156 vitat.
1046 5118 1065 5152 ›

597 5172 707 5243 (61)
748 5171 927 5243 lmpii_
945 5179 1117 5243 erunt_.
1163 5166 1356 5230 Biblia,
1383 5163 1714 5243 ἀσεϐοῦσιν..
1739 5164 1795 5243 id
1827 5175 1930 5233 est,
1959 5185 1977 5217 ι
2003 5166 2107 5243 ξφ-

525 5234 786 5312 ρίίἐιίιιι.
821 5234 844 5293 ί
888 5239 953 5294 Ει
985 5239 1325 5308 paulo-post,
1372 5234 1646 5303 ἀγαπῶσι,
1701 5236 1753 5291 id
1783 5246 1890 5306 est,
1942 5236 2107 5291 «dili-

527 5321 679 5383 gunt.
696 5331 725 5383 ι

598 5381 712 5453 (62)
750 5379 1018 5453 Sanam...
1055 5394 1183 5453 esse.
1214 5375 1344 5431 Post
1391 5390 1599 5453 vocem,
1626 5375 1974 5453 ἑρμηνείαν,

528 5446 744 5506 brarius
775 5450 933 5505 vacui
977 5449 1136 5518 spatii
1187 5455 1392 5502 tantum
1447 5446 1707 5518 reliquit,
1728 5446 1989 5518 Quantum
2021 5446 2105 5497 di-

523 5523 761 5590 ctionem
795 5520 941 5590 ἔχειν
974 5516 1171 5590 capere
1194 5525 1379 5590 queat,
1411 5530 1573 5587 quam
1607 5516 1910 5572 addendam
1942 5523 2093 5584 puto.

621 5592 708 5659 65)
737 5588 869 5659 Cap.
902 5604 941 5653 l,
971 5604 1111 5659 vers.
1143 5588 1230 5642 14.

620 5659 709 5723 64)
744 5658 1039 5727 Sapienlia.
1069 5658 1229 5713 Prov.
1263 5674 1339 5722 lx,
1374 5660 1427 5713 ‘I.

527 5722 713 5851 bl(65)
749 5722 963 5784 Solvite.
1006 5728 1163 5787 Joau.
1204 5744 1265 5794 ιι,
1302 5731 1389 5785 19.
1418 5728 1530 5785 Vox
1559 5726 1670 5795 ἐγώ
1699 5725 1853 5782 deest
1901 5723 1956 5780 in
2016 5722 2102 5779 Bi-

588 5814 668 5851 us.

588 5814 668 5851 llS.

598 5866 709 5940 (66)
746 5866 869 5921 Fili.
900 5866 1057 5924 Prov.
1087 5885 1161 5937 ιι,
1201 5869 1286 5924 ιε.

2139 4599 2183 4655 D
2212 4607 2326 4680 Kal.
2350 4612 2462 4680 τοῖς
2480 4599 2722 4680 -πλησίον
2751 4629 2865 4664 σου.

2283 4678 2396 4753 (68)
2468 4678 2660 4753 Filius.
2710 4682 2837 4737 Haec
2895 4683 2947 4753 in
2999 4681 3227 4737 Hebraeo
3277 4685 3572 4753 exemplari
3625 4690 3680 4737 et
3736 4681 3788 4753 in

2213 4746 2441 4819 vulgata
2486 4751 2840 4807 translatione
2881 4752 3281 4807 desiderantur.
3309 4746 3789 4807 Francofurtensis

2210 4818 2376 4895 editio
2410 4820 2598 4875 eadem
2646 4820 2731 4895 bis
2777 4820 2940 4895 habet
2973 4823 3025 4895 in
3067 4821 3397 4884 Proverbiis,
3429 4836 3553 4891 cap.
3584 4838 3660 4895 rx,
3697 4821 3786 4895 12,

2209 4889 2454 4961 proxime
2495 4899 2616 4959 post
2663 4889 3041 4961 praecedentia,
3095 4901 3150 4947 et
3197 4907 3316 4961 cap.
3365 4908 3419 4954 x,
3452 4889 3598 4948 vers.
3626 4893 3681 4945 5.
3717 4892 3789 4945 At

2208 4957 2610 5031 Complutcnsis
2634 4957 2696 5016 ea
2731 4970 2937 5015 tantum
2976 4962 3138 5016 liabet
3186 4957 3308 5031 cap.
3353 4978 3410 5016 ι.
3438 4961 3650 5031 Didymi
3691 4976 3785 5014 ve-

2208 5025 2472 5099 roiBiblia
2520 5030 2996 5099 Complutensibus
3060 5034 3161 5086 hac
3201 5025 3267 5085 in'
3306 5046 3365 5087 re
3412 5025 3783 5087 consentanea

2210 5095 2399 5160 fuisse.
2428 5095 2672 5155 indicant
2696 5115 2857 5156 voces
2886 5117 2904 5152 ι
2943 5118 2961 5151 ι
2992 5100 3059 5155 Ει
3087 5116 3293 5156 rursus.
3322 5120 3342 5152 ι

2281 5167 2392 5239 (69)
2421 5168 2661 5237 Sapiens.
2705 5171 2865 5226 Prov.
2908 5186 2965 5233 x,
3007 5170 3059 5225 9.
3093 5171 3281 5226 Graeca
3309 5169 3476 5225 editio
3499 5168 3661 5224 habet
3688 5166 3779 5223 δέ·

2209 5235 2357 5309 gem
2374 5235 2484 5309 pro
2498 5235 2749 5309 δέχεται.

2278 5308 2391 5377 (70)
2436 5308 2753 5364 His-(Prov.
2784 5325 2838 5373 x,
2873 5309 2941 5363 14
2984 5318 3040 5364 et
3086 5310 3177 5365 15.
3225 5310 3412 5366 Grmca
3462 5308 3630 5365 editio
3682 5323 3783 5377 pro

2205 5370 2551 5449 οὗτοςίιιίιροι
2584 5379 2664 5443 ὃς,
2691 5380 2739 5433 id
2770 5370 2872 5444 est,
2910 5399 2927 5431 ι
2955 5382 3068 5449 qui.
3090 5400 3109 5432 ι

2276 5446 2388 5518 (71)
2432 5447 2675 5518 Verbera.
2705 5449 2873 5505 Biblia
2897 5446 3112 5515 τύπτει,
3152 5450 3204 5505 id
3231 5459 3335 5517 est,
3369 5468 3391 5503 ι
3421 5446 3692 5505 verberat.
3718 5464 3741 5500 ι

2290 5517 2367 5569 ⁷Ἱῖ
2418 5517 2707 5588 Sapientia.
2741 5519 2897 5576 Prov.
2936 5537 2991 5584 Χ,
3019 5522 3110 5574 24.

2273 5518 2386 5650 ἓἹὸζ
2421 5588 2492 5643 Os
2516 5590 2669 5650 justi.
2712 5589 2870 5645 Prov.
2905 5608 2959 5650 x.
2984 5592 3073 5645 52.

2299 5588 2386 5659 76)
2421 5588 2492 5643 Os
2515 5590 2669 5659 justi.
2712 5589 2870 5645 Prov.
2905 5608 2959 5657 x,
2984 5592 3073 5645 52.

2275 5657 2390 5729 (74)
2425 5657 2662 5729 Linguae.
2699 5659 2861 5715 Prov.
2900 5677 3000 5726 xu,
3032 5663 3117 5717 l9.

2275 5727 2366 5796 (75
2423 5727 2543 5794 Qui
2560 5730 2815 5784 ambulat.
2853 5730 3014 5785 Prov.
3059 5747 3178 5797 xm,
3209 5728 3303 5787 21.

2275 5731 2386 5867 (76)
2422 5799 2654 5864 Quaeres.
2691 5802 2850 5857 Prov.
2885 5815 2994 5867 xiv,
3030 5799 3083 5855 6.

2275 5797 2386 5867 (76)
2422 5799 2654 5864 Quaeres.
2691 5802 2850 5857 Prov.
2885 5815 2994 5867 xiv,
3030 5799 3083 5855 6.
