4134 6452
349 416 365 425 ·
474 397 578 452 815

1728 391 1971 450 DIDYMI
2007 390 2474 450 ALEXANDle

3606 396 3717 456 818

477 517 639 571 ticare
666 513 897 579 Videllll',
925 511 1021 568 sed
1046 524 1143 582 per
1167 523 1326 566 unam
1358 522 1493 576 rem,
1513 516 1903 580 autpersonam
1929 508 2039 579 ple-

2139 509 2306 565 ἐστίν.
2335 510 2472 582 Περὶ
2513 508 2718 582 ταύτης
2742 509 2803 564 δὲ
2850 508 2948 579 τῆς
2999 505 3208 577 σοφίας,
3245 503 3389 576 φημὶ
3418 504 3518 577 τῆς
3554 506 3614 563 ἐν
3642 512 3712 582 τῇ

478 618 703 673 rumque
733 603 836 657 alia
863 604 917 658 in
942 617 1011 658 eo
1033 602 1392 671 designetur:
1422 599 1676 656 Salomon
1700 615 1829 657 vero
1851 600 2043 655 Parte-

478 697 715 760 miastes,
750 694 803 749 id
831 702 911 749 est
936 692 1347 749 Proverbiorum
1387 692 1622 762 scriptor
1652 691 1742 758 sit,
1773 705 1878 747 non
1914 705 2044 760 pro-

466 786 633 854 pheta
668 782 908 857 (9t).-De
932 784 1037 839 hac
1074 797 1238 853 porro
1256 781 1542 852 sapientia,
1575 784 1642 838 de
1665 796 1750 850 ea,
1800 782 2044 853 inquam,

473 890 593 946 quae
640 884 724 931 est
779 875 833 929 in
889 882 1171 939 creatura,
1215 888 1334 929 cum
1381 872 1547 943 339
1618 872 2044 943 sapientissimus

480 964 872 1021 Siraclti-iilius
904 958 981 1018 ait
1007 981 1082 1018 ιι
1120 962 1280 1018 Prior
1305 963 1419 1033 (92)
1449 963 1699 1019 omnibus
1745 972 1925 1019 creata
1962 971 2045 1019 est

462 1056 757 1126 sapientia,
782 1062 836 1111 et
871 1053 1170 1110 intellectus
1197 1054 1493 1125 prudentiae
1522 1053 1589 1108 ab
1626 1067 1742 1108 aevo
1771 1069 1785 1107 :
1820 1071 1839 1106 ι
1876 1053 2044 1107 Dein-

473 1148 541 1203 de
589 1146 770 1202 subdit
801 1163 815 1201 :
846 1164 865 1197 ι
897 1145 1032 1201 Cum
1068 1145 1315 1201 ﬁdelibus
1340 1142 1451 1215 (93)
1479 1143 1532 1198 in
1558 1143 1714 1199 vulva
1759 1152 2042 1200 concreata

406 1306 413 1315 ς
464 1247 558 1295 est
604 1254 724 1294 eum
766 1238 941 1308 ipsis;
985 1246 1040 1292 et
1088 1251 1212 1292 cum
1241 1235 1572 1291 hominibus
1636 1234 2042 1290 fundamentum

469 1331 660 1387 saeculi
710 1329 1093 1385 nidlticavitza
1134 1335 1243 1381 tum
1305 1326 1594 1397 Apostolus
1636 1326 1688 1380 in
1734 1327 1906 1395 prima
1974 1325 2041 1380 ad

461 1423 785 1480 -Corinthios
818 1422 891 1476 ita
918 1419 1135 1490 scripsit
1161 1435 1216 1473 τοι
1253 1416 1825 1490 Quoniam(94)_enim
1860 1417 1912 1472 in
1947 1416 2041 1472 Dei

479 1513 754 1584 Sapientia
806 1527 915 1567 non
974 1509 1229 1581 cognovit
1286 1509 1517 1563 mundus
1560 1522 1660 1578 per
1720 1506 2040 1577 sapientiam

2145 600 2354 665 κτίσει,
2383 601 2411 654 6
2443 618 2503 654 τε
2552 600 2861 670 σοφώτατος
2903 600 3017 664 υίὸς
3057 600 3255 670 Σειρὰχ
3288 599 3463 668 λέγει·
3503 618 3523 651 α
3568 599 3717 673 Προο

2142 690 2277 763 τέρα
2307 692 2525 746 πάντων
2556 693 2799 747 ἔκτισται
2842 693 3002 763 σοφία
3029 694 3123 748 καὶ
3151 692 3367 756 σύνεσις
3398 694 3717 765 φρονήσεως

2144 781 2204 846 ἐξ
2232 783 2462 848 αἰῶνος·
2508 801 2528 837 ι
2569 784 2664 839 καὶ
2703 784 2953 856 ἐπιφέρει
2997 784 3204 856 τούτῳ·
3248 800 3268 835 ι
3296 783 3465 837 Μετὰ
3502 783 3713 839 πιστῶν

2141 871 2200 925 ὲν
2235 873 2419 945 μήτρᾳ
2463 873 2781 945 συνεκτίσθη
2825 874 3008 938 αὐτοῖς
3028 915 3044 941 ,
3092 875 3186 928 καὶ
3221 874 3360 945 μετὰ
3410 875 3713 946 ἀνθρώπων

2143 960 2391 1033 θεμέλιον
2413 963 2608 1027 αἰῶνος
2634 965 2977 1019 ὲνόσσευσεν·
3017 985 3036 1018 ι
3080 965 3109 1019 ὃ
3140 982 3202 1018 τε
3249 965 3571 1030 Ἀπόστολος
3597 967 3712 1021 Κο-

2145 1053 2367 1126 ρινθίοις
2411 1055 2474 1109 τὸ
2541 1055 2757 1128 πρῶτον
2821 1057 3096 1111 ἐπέστειλε
3140 1057 3287 1111 τόνδε
3331 1058 3423 1110 τὸν
3471 1057 3673 1126 τρόπον
3693 1075 3708 1090 ·

2147 1163 2169 1198 ι
2212 1147 2428 1219 Ἐπειδὴ
2457 1147 2584 1222 γὰρ,
2618 1168 2639 1203 ›
2673 1149 2857 1221 φησιν,
2893 1168 2911 1202 ι
2947 1151 3006 1204 ὲν
3032 1150 3098 1220 τῇ
3135 1150 3298 1220 σοφίᾳ
3325 1147 3420 1202 τοῦ
3447 1148 3582 1203 Θεοῦ
3611 1151 3711 1204 οὐκ

2141 1237 2284 1307 ἔγνω
2315 1239 2579 1310 όνκόσμος
2614 1239 2705 1292 διὰ
2746 1241 2844 1312 τῆς
2873 1240 3062 1309 σοφίας
3100 1240 3188 1293 τὸν
3231 1239 3383 1306 Θεὸν,
3418 1240 3709 1312 εὐδόκησεν

2140 1331 2169 1383 6
2197 1329 2329 1395 Θεὸς
2358 1331 2445 1385 διὰ
2476 1331 2578 1402 τῆς
2621 1332 2831 1404 μωρίας
2856 1331 2951 1385 τοῦ
2968 1332 3333 1404 κηρύγματος
3376 1332 3547 1386 σῶσαι
3582 1333 3709 1396 τοὺς

2142 1420 2526 1486 πιστεύοντας·
2572 1441 2590 1474 ι
2633 1423 2753 1487 καὶ,
2804 1440 2823 1473 ι
2888 1421 3199 1495 Ἐμώρανεν
3238 1423 3267 1474 6
3302 1420 3436 1485 Θεὸς
3469 1421 3569 1492 τὴν
3616 1440 3709 1477 σο-

2142 1511 2269 1582 φίαν
2302 1511 2394 1565 τοῦ
2437 1512 2667 1582 κόσμου.
2705 1531 2723 1563 ι
2759 1512 2869 1566 Καὶ
2889 1511 2958 1582 δὴ
2993 1510 3088 1565 καὶ
3128 1512 3157 1565 6
3201 1510 3319 1564 Ἰὼϐ
3357 1511 3577 1565 τοιῶσδε
3613 1513 3710 1583 μέ-

470 1605 676 1672 Deum,
713 1603 914 1674 placuit
961 1601 1080 1656 Deo
1135 1615 1231 1671 per
1281 1598 1564 1654 stultitiam
1640 1598 2041 1669 praedicationis

2138 1619 2341 1674 μνηται
2370 1602 2571 1673 ταύτης
2591 1619 2604 1633 ·
2647 1620 2667 1654 ι
2717 1603 2781 1656 Ἠ
2806 1602 2863 1655 δὲ
2900 1602 3059 1667 σοφία
3088 1601 3252 1655 πόθεν
3278 1600 3474 1673 εὑρέθη
3498 1619 3514 1668 ;
3555 1606 3708 1668 ποῖος

466 1693 648 1749 salvos
695 1693 877 1747 facere
915 1689 1242 1745 credentes:
1275 1706 1294 1740 ι
1328 1698 1383 1743 et
1412 1706 1425 1741 :
1465 1705 1484 1740 ι
1506 1688 1735 1743 Stultam
1768 1687 1883 1759 (95)
1917 1687 2041 1744 fecit

2139 1693 2196 1746 δὲ
2216 1693 2379 1757 τόπος
2433 1694 2550 1747 ἐστὶ
2576 1693 2677 1763 τῆς
2707 1693 3018 1764 φρονήσεως
3041 1709 3055 1758 ;
3089 1711 3107 1743 ι
3133 1692 3228 1745 καὶ
3275 1691 3500 1763 ἑτέρωθι
3524 1709 3537 1724 ·
3565 1710 3584 1744 ι
3614 1695 3711 1746 Σο-

471 1785 612 1841 Deus
642 1782 959 1853 sapientiam
982 1781 1184 1837 mundi.
1223 1799 1244 1833 ι
1269 1779 1407 1847 Quin
1448 1781 1610 1836 etiam
1661 1779 1763 1837 Joh
1794 1782 1867 1836 ita
1916 1795 2034 1836 eam

2143 1784 2239 1853 φία
2261 1783 2353 1837 τοῦ
2383 1780 2610 1854 πένητος
2642 1783 3092 1854 ἐξουθενουμένη·
3145 1801 3163 1835 ι
3201 1784 3313 1849 καὶ,
3354 1801 3373 1834 ι
3413 1776 3581 1847 Οὗτος
3607 1783 3709 1853 τῆς

471 1886 733 1934 memorat
755 1893 770 1930 :
790 1893 809 1927 ι
822 1874 1092 1945 Sapientia
1111 1873 1225 1945 (96)
1246 1889 1370 1930 vero
1385 1873 1528 1928 unde
1544 1873 1757 1927 inventa
1776 1873 2002 1943 est?qua
2015 1902 2035 1914 -

2140 1874 2330 1943 σοφίας
2355 1875 2472 1926 ἐστὶ
2531 1873 2845 1946 διορθωτής.
2885 1892 2904 1925 ι
2937 1873 3091 1937 Τινὲς
3121 1873 3177 1926 δὲ
3208 1873 3299 1927 τὸν
3330 1874 3708 1945 γενεσιουργδν

470 1968 539 2024 lis
590 1976 769 2022 autem
810 1974 897 2022 est
941 1965 1094 2021 locus
1145 1964 1444 2036 prudentia:
1493 1962 1655 2034 (97)?
1691 1981 1710 2015 ι
1766 1962 1833 2017 Ει
1860 1964 2032 2019 alibi:

2144 1964 2371 2036 ἐνόησαν
2398 1965 2463 2018 ὲκ
2490 1963 2782 2036 προσώπου
2816 1965 2914 2036 τῆς
2955 1965 3178 2034 κτιστῆς
3209 1964 3488 2036 εἰρηκέναι
3517 1965 3709 2035 σοφίας

477 2075 499 2111 ι
532 2059 807 2130 Sapientia
825 2056 935 2130 (98)
958 2056 1226 2128 Ipauperis
1252 2064 1586 2123 contempta;
1613 2073 1632 2105 ι
1659 2063 1745 2109 et:
1770 2055 1899 2110 «llic
1924 2054 2035 2125 (99)

2141 2053 2222 2118 τὸ,
2254 2073 2272 2106 ι
2306 2054 2508 2122 Κύριος
2541 2055 2722 2108 ἔκτισέ
2781 2072 2872 2126 με.
2911 2074 2930 2108 ι
2964 2054 3229 2119 Πολλάκις
3257 2054 3364 2126 γὰρ
3392 2056 3709 2127 κτισμάτων

471 2151 748 2220 sapientiae
798 2157 883 2205 est
923 2149 1252 2204 moderator.
1286 2165 1312 2198 γι
1368 2144 1595 2211 Quidam
1639 2159 1772 2200 vero
1818 2144 2039 2201 Creato-

2145 2146 2433 2217 πρόσωπον
2462 2148 2491 2200 ό
2523 2146 2740 2201 πάντων
2771 2147 3079 2219 ὑποστάτης
3118 2148 3212 2201 καὶ
3244 2148 3434 2220 Σωτὴρ
3461 2148 3707 2219 ἀναλαμ-

467 2252 585 2292 rem
618 2245 880 2308 putarunt
930 2251 997 2291 ex
1034 2250 1271 2307 persona
1318 2244 1514 2291 creatae
1559 2237 1834 2306 sapientia:
1877 2237 2038 2293 dixis-

2145 2237 2322 2292 ϐἀνων
2363 2239 2699 2307 διαλέγεται·
2738 2240 2815 2302 ὡς
2843 2241 2969 2297 ὅταν
3002 2241 3069 2294 ὲκ
3102 2240 3394 2313 προσώπου
3442 2241 3543 2313 τῆς
3575 2258 3707 2296 ποτε

462 2341 550 2393 se,
587 2345 607 2379 ι
664 2325 925 2382 Dominus
961 2327 1166 2383 creavit
1188 2339 1285 2381 me
1333 2344 1349 2382 :
1394 2343 1420 2378 ι
1466 2340 1591 2380 nam
1651 2327 1743 2394 qui
1794 2326 2037 2382 omnium

2140 2329 2461 2401 διωχθεῐσης
2546 2331 2871 2402 Ἐκκλησίας
2957 2331 3107 2403 παρὰ
3189 2331 3401 2386 Παύλου
3477 2333 3702 2402 φάσκει·

468 2418 730 2475 Conditor
751 2433 815 2474 ac
858 2418 1116 2474 Servator
1146 2426 1256 2485 est,
1284 2417 1480 2487 saepius
1508 2426 1879 2473 creaturarum
1911 2431 2034 2487 per-

2147 2438 2167 2472 ι
2207 2418 2396 2484 Σαοὺλ,
2429 2422 2618 2485 Σαοὺλ,
2648 2422 2702 2475 τί
2736 2439 2805 2493 με
2836 2421 3092 2489 διώκεις;
3133 2442 3153 2476 ι
3199 2424 3429 2488 καὶτοῖς
3466 2421 3524 2479 εὖ
3552 2426 3708 2496 ποιή-

466 2526 664 2568 sonam
696 2524 977 2566 assumens
1006 2508 1266 2579 loquitur,
1319 2518 1379 2564 ut
1416 2523 1536 2562 cum
1568 2523 1635 2563 ex
1675 2523 1904 2579 persona
1937 2507 2038 2562 Ec-

2143 2527 2323 2567 σασιν·
2372 2532 2393 2565 ι
2441 2513 2762 2579 Ἐπείνασα,
2795 2514 2890 2568 καὶ
2934 2513 3170 2568 ἐδώκατέ
3208 2532 3298 2584 μοι
3326 2518 3552 2585 φαγεῖν·
3598 2516 3707 2569 ἐδί-

469 2605 648 2659 clesite
670 2602 798 2659 olim
828 2618 859 2658 a
886 2602 1065 2658 .Paulo
1103 2610 1307 2657 vexata:
1340 2602 1415 2655 ait
1460 2619 1477 2656 :
1514 2620 1533 2653 ι
1569 2600 1698 2656 Saul
1733 2600 1840 2672 (l),
1884 2599 2035 2666 Saul,

2142 2603 2310 2673 ψησα,
2355 2604 2449 2658 κα).
2474 2605 2758 2658 ἐποτίσατέ
2801 2622 2867 2675 με
2889 2620 2905 2635 ·
2951 2624 2970 2658 ι
3004 2606 3101 2658 καὶ
3125 2604 3226 2658 ὅσα
3253 2605 3499 2662 τοιαῦτα.

469 2693 597 2765 quid
624 2708 709 2748 me
736 2692 1112 2764 persequeris?
1148 2710 1165 2745 ι
1195 2701 1248 2748 et
1271 2691 1356 2757 iis,
1382 2691 1474 2762 qui
1518 2691 1741 2747 benefici
1776 2691 1993 2747 fuerunt
2023 2709 2039 2749 :
2088 2711 2107 2746 ι
2148 2694 2362 2750 Esurivi
2431 2696 2529 2767 (Et),
2564 2705 2620 2750 et
2667 2695 2891 2752 dedistis
2933 2696 3065 2751 mihi
3137 2696 3495 2767 manducare;
3535 2698 3704 2760 sititi,

459 2795 525 2841 et
554 2785 772 2841 dedistis
799 2785 926 2841 mihi
951 2784 1162 2840 bibere.
1188 2802 1222 2838 -ι
1262 2783 1328 2838 Et
1347 2783 1451 2837 alia
1484 2783 1568 2838 bis
1596 2784 1811 2839 similia.

538 2882 674 2938 Cum
709 2881 852 2935 enim
895 2880 1109 2951 propria
1146 2880 1556 2949 exsplendescat
1582 2879 1932 2948 benignitate,
1983 2886 2035 2933 et
2064 2885 2106 2942 C

468 2979 616 3025 totus
639 2970 709 3025 sit
739 2969 979 3033 bonitas,
1011 2976 1085 3033 et,
1123 2968 1261 3022 sicut
1287 2966 1563 3037 apostolus
1597 2965 1767 3021 Judas
1813 2968 1906 3033 ait,
1958 2981 2040 3022 so-

472 3060 555 3115 lus
586 3058 845 3113 Dominus
875 3056 949 3128 (3)
979 3056 1228 3121 exsistat,
1260 3056 1434 3125 parcit
1461 3055 1711 3111 omnibus
1734 3054 1831 3127 (4),
1853 3066 1908 3112 et
1934 3056 2039 3111 sibi

474 3151 614 3203 facta
654 3148 800 3202 ducit
823 3161 946 3214 quae
978 3146 1101 3215 quis
1131 3146 1184 3200 in
1217 3158 1378 3215 opera
1421 3160 1673 3200 manuum
1702 3145 1820 3215 ejus
1847 3161 2039 3216 pecca-

473 3240 635 3294 verit.
661 3238 833 3307 .Atqui
869 3237 974 3291 alia
1023 3236 1187 3290 etiam
1216 3236 1468 3290 «humano
1503 3237 1662 3291 modo
1702 3237 1842 3291 dicta
1885 3238 2036 3292 inve-

478 3330 689 3385 niemus
747 3329 814 3382 de
860 3324 1382 3396 incomprehensibili
1434 3324 1581 3391 Deo;
1631 3332 1689 3378 ut
1722 3340 1841 3380 eum
1874 3340 2036 3396 para-

470 3420 646 3476 holiee
697 3417 951 3475 scribitur
984 3433 998 3471 :
1034 3434 1053 3468 ι
1098 3413 1272 3470 Homo
1311 3414 1389 3485 (ὃ)
1426 3413 1646 3484 quidam
1672 3424 1811 3469 erat
1854 3428 2039 3485 pater-

468 3512 742 3579 familias;
777 3528 797 3563 ι
840 3517 898 3564 et
947 3522 1179 3564 rursus:
1225 3525 1243 3558 ι
1290 3505 1461 3561 llomo
1515 3504 1592 3576 (6)
1646 3506 1863 3577 quidam
1920 3514 2038 3563 erat

472 3604 678 3659 habens
707 3603 953 3667 vineam;
1000 3620 1021 3654 ι
1081 3610 1137 3657 et
1173 3615 1298 3655 cum
1338 3599 1560 3655 caeleste
1603 3613 1823 3668 regnum
1864 3613 2037 3668 grano

468 3695 692 3765 sinapis,
727 3704 784 3749 et
833 3693 1024 3749 semini
1067 3692 1416 3747 assimilatur.
1456 3690 1607 3758 Quod
1648 3692 1693 3746 si
1733 3691 2036 3747 conceden-

470 3785 595 3839 dum
627 3785 789 3839 etiam
822 3782 982 3849 foret,
1020 3780 1365 3836 Salomonem
1406 3795 1513 3835 non
1557 3793 1620 3833 ex
1663 3792 1892 3848 persona
1949 3793 2038 3834 sa-

469 3876 705 3945 pientiae,
737 3890 856 3944 qua:
882 3874 936 3929 in
970 3873 1123 3929 nobis
1153 3882 1253 3937 est,
1287 3871 1523 3925 locutum
1572 3869 1764 3936 fuisse;
1820 3870 1900 3924 sic
1957 3870 2037 3944 in_-

402 3974 407 3981 ‘
472 3967 756 4036 telligenda
793 3975 972 4021 tamen
1013 3973 1197 4021 essent
1230 3964 1347 4035 ejus
1378 3964 1562 4029 verba,
1595 3971 1653 4015 nt
1686 3979 1749 4017 ex
1781 3976 2033 4031 persona,

2220 2876 2350 2947 Ἰδίᾳ
2385 2876 2494 2949 γὰρ
2532 2875 2828 2948 ὲκλάμπων
2875 2876 3287 2949 φιλανθρωπίᾳ,
3338 2877 3428 2930 καὶ
3468 2876 3586 2940 ὅλος
3625 2876 3700 2930 ὢν

2138 2964 2428 3037 ἀγαθότης,
2473 2967 2567 3019 καὶ
2616 2967 2692 3028 ὡς
2727 2968 2756 3019 ὁ
2793 2966 3086 3030 ἀπόστολος
3145 2967 3342 3031 Ἰούδας
3378 2965 3512 3037 ἔφη,
3544 2965 3704 3037 μόνος

2137 3055 2431 3126 Δεσπότης,
2476 3054 2711 3125 φείδεται
2743 3055 2978 3120 πάντων,
3014 3057 3109 3111 καὶ
3148 3057 3485 3112 ίδιοποιείται
3518 3060 3588 3113 τὰ
3625 3061 3706 3123 είς

2136 3146 2206 3201 τὰ
2236 3146 2372 3218 ἔργα
2404 3147 2511 3202 τῶν
2540 3147 2739 3220 χειρῶν
2764 3147 2929 3201 αὐτοῦ
2964 3149 3353 3222 ἁμαρτήματα.
3383 3152 3493 3205 Καὶ
3524 3152 3706 3223 μέντοι

2137 3239 2231 3293 καὶ
2285 3239 2446 3311 ἕτερα
2482 3237 2608 3311 [159
2654 3239 2708 3313 b]
2742 3242 3291 3316 ἀνθρωπολογηθέντα
3324 3248 3450 3318 περὶ
3479 3247 3571 3301 τοῦ
3616 3249 3708 3302 ἀν-

2136 3327 2359 3397 εφίκτου
2391 3327 2535 3381 θείου
2559 3330 2883 3402 εὑρήσομεν·
2905 3332 2980 3396 ὡς
3013 3334 3140 3387 ὅταν
3164 3334 3545 3403 παραϐολικῶς
3571 3336 3707 3406 γρά-

2137 3430 2258 3485 φει·
2298 3433 2318 3467 ι
2375 3416 2695 3489 ’Ἄνθρωπός
2738 3435 2823 3482 τις
2863 3413 2931 3490 ἦν
2963 3421 3373 3492 οἰκοδεσπότης·
3413 3440 3433 3475 ι
3475 3425 3569 3477 καὶ
3598 3424 3705 3477 πά-

2134 3507 2216 3561 λιν
2236 3525 2249 3539 ο
2296 3525 2315 3559 ι
2358 3508 2678 3580 ’Ἄνθρωπός
2705 3527 2788 3574 τις
2812 3506 2879 3582 ἦν
2913 3509 3051 3583 ἔχων
3083 3512 3381 3582 ἀμπελῶνα
3405 3530 3420 3545 ·
3453 3533 3473 3566 ι
3504 3515 3599 3569 καὶ
3630 3515 3705 3579 ὡς

2110 3598 2263 3653 ιὸταν
2306 3598 2403 3670 τὴν
2447 3600 2695 3671 οὐράνιον
2744 3600 3020 3671 βασιλείαν
3070 3603 3253 3675 κόκκῳ
3306 3605 3576 3669 σινάπεως
3613 3607 3706 3660 καὶ

2137 3689 2322 3761 σπόρῳ
2354 3689 2699 3761 παρεικάζει.
2731 3690 2792 3743 Εί
2820 3690 2874 3743 δὲ
2902 3691 2997 3744 καὶ
3027 3693 3403 3764 συγχωρητέον
3443 3696 3504 3749 τὸ
3526 3696 3610 3769 μὴ
3642 3698 3706 3750 ἐκ

2136 3778 2426 3851 προσώπου
2463 3779 2563 3851 τῆς
2605 3782 2662 3833 ὲν
2697 3781 2827 3851 ἡμῖν
2875 3782 3065 3851 σοφίας
3104 3782 3391 3855 Σολομῶνα
3434 3786 3705 3857 γεγραφέ-

2135 3887 2243 3931 ναι.
2277 3870 2390 3923 ἀλλ’
2425 3866 2517 3924 οὖν
2553 3871 2770 3942 νοητέον
2821 3871 2886 3925 ἐκ
2919 3871 3210 3943 προσώπου
3250 3875 3347 3946 τῆς
3400 3876 3569 3947 σοφῆς
3611 3876 3703 3930 καὶ

2134 3962 2489 4031 ἀπερινοήτου
2526 3961 3017 4034 ὲνανθρωπήσεως,
3050 3965 3151 4034 οὐχ
3188 3964 3334 4031 ἅπαξ
3361 3966 3418 4019 δὲ
3450 3968 3576 4037 περ)¹
3604 3969 3703 4037 τῆς

472 4074 537 4113 ac
564 4067 811 4128 respectu
846 4057 1128 4127 sapientis,
1166 4063 1219 4110 et
1252 4052 1819 4123 incomprehensibilis
1852 4051 2034 4105 lucar-

2138 4050 2367 4120 ἁνάρχου
2394 4050 2487 4103 καὶ
2510 4049 2824 4122 ἀθεωρήτου
2857 4051 3071 4119 φύσεως
3095 4052 3189 4106 τοῦ
3224 4055 3544 4125 μονογενοῦς
3565 4054 3700 4110 Θεοῦ

472 4152 707 4207 nationis
734 4150 877 4206 dicta
906 4149 1102 4215 forent,
1136 4145 1284 4202 nullo
1315 4154 1496 4200 autem
1528 4144 1686 4199 modo
1713 4144 1780 4198 de
1832 4143 2034 4213 sempi-

2138 4140 2430 4213 είρηκέναι.
2467 4142 2581 4195 Οὐκ
2621 4142 2921 4207 αὐτοτελῶς
2936 4144 3046 4215 γὰρ
3076 4143 3201 4214 ἔφη,
3236 4146 3489 4200 «Ἐκτισέ
3545 4163 3634 4217 με,
3669 4165 3695 4199 ο

472 4254 621 4297 terna
665 4252 719 4297 et
755 4239 1008 4296 invisibili
1064 4249 1254 4292 natura
1303 4234 1564 4304 unigeniti
1600 4234 1715 4289 Dei.
1750 4233 1860 4289 Nec
1889 4236 2031 4290 enim

2138 4232 2275 4301 ἀλλ’,
2307 4252 2327 4285 ι
2361 4236 2439 4298 είς
2471 4233 2606 4305 ἔργα
2635 4234 2828 4289 αὐτοῦ·
2863 4254 2882 4288 ι
2915 4235 3047 4288 ὡσεὶ
3078 4235 3290 4305 ἔλεγεν·
3324 4236 3543 4289 Ἔκτισέ
3608 4253 3699 4307 με,

470 4334 548 4389 ait
595 4336 709 4389 sine
750 4333 1137 4396 additamento,
1174 4327 1378 4383 creavit
1409 4339 1513 4389 me,
1568 4323 1662 4379 sed
1711 4325 1924 4392 adjecit,
1976 4325 2029 4380 in

2138 4326 2318 4389 ὃτεείς
2335 4323 2653 4397 ἀνθρώπους
2667 4326 2735 4380 τὰ
2752 4325 2886 4397 ἔργα
2907 4325 3068 4380 αὑτοῦ
3082 4327 3414 4405 ἐγενόμην,ἢ
3433 4329 3702 4399 κατεσκή-
3799 4321 3803 4324 ’

469 4438 631 4495 opera
679 4423 829 4493 ejus;
869 4419 1093 4491 perinde
1153 4433 1218 4474 ac
1264 4417 1310 4471 si
1356 4418 1559 4470 diceret
1607 4433 1621 4469 :
1664 4415 1878 4471 Creavit
1921 4432 2026 4483 me,

2138 4432 2281 4469 νωσα
2326 4416 2628 4487 σαρκωθεὶς
2660 4416 2721 4482 ἐξ
2749 4416 2950 4471 αὐτῶν.
2994 4417 3050 4470 ὐ
3083 4416 3191 4488 γὰρ
3228 4417 3326 4483 ὢν,
3359 4419 3453 4472 καὶ
3496 4418 3700 4489 προὼν.

469 4518 685 4589 quando
719 4516 785 4571 ad
812 4508 1077 4578 homines,
1114 4511 1204 4581 qui
1244 4517 1370 4564 sunt
1400 4523 1562 4578 opera
1602 4507 1741 4576 ejus,
1773 4508 1912 4574 veni,
1939 4520 2032 4565 aut

2138 4507 2229 4562 καὶ
2268 4508 2346 4580 μὴ
2382 4508 2448 4562 δι’
2479 4508 2687 4575 ἑαυτὸν,
2729 4509 2798 4563 δι’
2838 4508 3031 4574 ἄλλους
3075 4509 3131 4563 δὲ
3171 4511 3480 4583 γενόμενος,
3528 4514 3702 4567 ἐκεῖνο

543 4762 654 4835 (91)
693 4762 812 4817 Non
849 4762 1122 4835 propheta.
1156 4757 1354 4812 Mirum
1388 4756 1601 4835 videtur
1628 4754 1724 4835 (sic?
1750 4753 2031 4835 loquinDi-
2346 4753 2634 4835 sapientia.
2666 4755 2995 4835 JOD‘ERVIII,
3035 4754 3114 4835 [ᾖ
3255 4823 3267 4835 ⁸
3481 4823 3494 4835 _
3520 4770 3547 4835 _'

472 4823 712 4902 dyinn'm,
753 4823 1048 4901 praesertim
1090 4843 1214 4884 cum
1254 4837 1360 4881 tant
1398 4825 1507 4880 late
1553 4834 1730 4902 pateat
1767 4825 1839 4902 _in
1887 4824 2036 4878 Scri-
2211 4823 2321 4902 (97)
2361 4823 2690 4902 _Prudentiw.
2747 4825 2914 4881 Biblia
2965 4844 2979 4880 :
3051 4823 3414 4896 Ἐπιστήμης,
3480 4823 3533 4878 id
3591 4831 3696 4891 est,

473 4893 645 4970 pluris
676 4893 950 4972 propheta:
981 4914 1196 4972 nomen,
1229 4907 1287 4972 ιιι
1333 4910 1523 4972 omnes
1551 4893 2033 4972 theologinorunt,
2142 4910 2161 4944 t
2185 4893 2440 4972 scientiae.
2468 4913 2487 4972 ι

472 4962 524 5025 et
550 4962 689 5041 apud
717 4962 951 5025 Gram-os.
997 4970 1052 5024 In
1100 4962 1418 5035 Menologio,
1448 4966 1588 5044 quod
1624 4970 1801 5018 exstat
1839 4964 1891 5017 in
1924 4964 2033 5018 Na-
2208 4962 2321 5094 (98)
2354 4963 2646 5033 Sapientia.
2681 4963 3019 5039 Ecclesiastis
3047 4978 3165 5032 cap.
3202 4979 3279 5023 nt.
3323 4977 3461 5018 vers.
3501 4962 3588 5016 16.

474 5041 634 5094 niano
660 5041 848 5094 codice
877 5040 1001 5094 177.
1043 5040 1301 5094 Adamns,
1328 5046 1382 5090 et
1425 5036 1513 5088 alii
1555 5035 1792 5094 quinque
1829 5048 1894 5087 eo
1937 5046 2033 5086 no-
2231 5032 2319 5094 99)
2351 5032 2473 5089 llic.
2505 5034 2633 5094 Sap.
2669 5048 2767 5094 vn,
2798 5034 2863 5088 16
2909 5035 3022 5094 (seu
3078 5034 3188 5094 15),
3218 5037 3311 5088 sed
3346 5033 3413 5085 ibi
3462 5031 3583 5094 legit

474 5031 634 5095 niano
660 5041 848 5096 codice
877 5040 1001 5107 177,
1043 5031 1382 5099 Δόοιιιιιε,ὐι
1406 5031 1792 5107 aliiquinque
1829 5048 1913 5107 ρο,
1937 5046 2033 5107 no-
2153 5101 2164 5107 _
2194 5031 2319 5107 Δ(99)
2351 5031 2473 5107 me.
2505 5034 2633 5107 Sjap.
2669 5048 2767 5107 vu_,
2798 5034 2863 5088 16
2892 5035 3022 5107 (seu
3078 5031 3188 5107 15),
3218 5037 3311 5088 sed
3333 5031 3694 5107 Δῖιιῌιιεζίιιιιξε

474 5112 614 5164 mine
640 5112 906 5163 donantur
942 5126 955 5162 :
988 5100 1108 5162 nant
1152 5108 1216 5158 ad
1253 5107 1479 5173 primam
1514 5100 1686 5157 Martii
1708 5100 1873 5174 diem
1900 5103 2032 5174 legi-

2138 5100 2307 5174 ᾼύτδς
2351 5102 2443 5155 καὶ
2491 5100 2595 5174 τῆς
2628 5103 2817 5174 σοφίας
2858 5100 3048 5174 ὁδηγός
3088 5106 3222 5161 ἐστι.
3263 5102 3356 5155 καὶ
3382 5100 3488 5154 τῶν
3522 5101 3699 5170 σοφῶν

473 5191 560 5259 ’.ξεν
583 5179 916 5259 ξτῶιὲιιίων
932 5170 1450 5259 ,ῖτροφηῖῶνΪΑδδεμν
1480 5174 1665 5259 ’ᾼδελι
1686 5170 2029 5259 xiii???

2138 5170 2448 5259 8t09993rhc,
2583 5170 2750 5259 est.'¢
2777 5172 2897 5254 Ipse
2938 5170 3227 5259 sapientiae
3267 5174 3374 5259 dux
3403 5180 3505 5240 est,
3528 5177 3583 5225 ut
3610 5188 3697 5225 sa-

482 5248 672 5321 Ἐνὼχ,
709 5240 1146 5321 Μελχισέδέκίῇί
1176 5255 1275 5321 est,
1301 5264 1341 5321 ἰ
1374 5240 1694 5321 SattcLOI-uttt
1743 5240 2032 5321 propheta-

2138 5240 2399 5321 ρὶιξιιιίιιιιι
2427 5241 2748 5321 moderator,
2763 5240 2813 5321 ’ί
2840 5243 2958 5298 sive
2994 5260 3013 5293 ι
3036 5243 3366 5298 emendator.
3393 5259 3412 5294 ι

469 5333 589 5372 runt
620 5307 861 5385 “Adam,”
890 5307 1058 5380 Abel,
1095 5307 1272 5380 Setlt,
1299 5315 1461 5385 Eoos,
1511 5312 1719 5385 Enoch,
1745 5307 2032 5385 {iel'chise-
2136 5307 2153 5310 ⁷
2212 5307 2288 5385 (ξ)
2319 5307 2803 5385 ξαιιίηᾼειᾷικιι.

471 5391 628 5442 «Ιουιι.
661 5407 679 5439 ι
733 5376 877 5443 Nihil
916 5376 1057 5442 aliud
1110 5376 1245 5455 ergo
1288 5382 1423 5437 velle
1448 5376 1691 5455 'videtur
1734 5378 2028 5455 _Didymus,
2210 5376 2287 5455 (ἓ)
2324 5376 2551 5455 ξεςιιῆυζ.
2584 5379 2773 5455 nam».
2804 5396 2926 5455 gr,
2950 5381 3045 5455 35.

468 5472 629 5524 quam
661 5457 1004 5512 Salomonem
1037 5456 1088 5510 in
1119 5446 1531 5508 Pﬁiverbiornm
1573 5451 1710 5524 libro
1733 5446 2032 5504 Pariemia-
2214 5446 2290 5524 (6)
2319 5446 2480 5524 Salus
2500 5447 2774 5524 Dominus.
2802 5451 2977 5524 'E_pist.
3015 5451 3138 5524 Jud.
3171 5465 3313 5507 vers.
3343 5449 3393 5504 ι.

469 5519 566 5579 sta:
598 5525 1130 5592 potissimumoﬂicio
1154 5523 1329 5591 fungi,
1358 5538 1463 5576 nun
1499 5521 1793 5591 prophetat.
2210 5519 2286 5592 (Af)
2326 5519 2500 5592 l_’_arcit
2536 5520 2790 5592 amuibus.
2825 5521 2950 5590 Sap.
2981 5539 3057 5589 ιιι,
3084 5522 3172 5581 27.

541 5586 652 5664 (92)
690 5594 859 5649 Prior.
891 5586 1321 5657 Ecclesiasticft,
1346 5592 1400 5664 ό.
1499 5586 1515 5591 ⁷
2326 5586 2513 5664 ζίοιιιο.
2534 5587 2728 5664 _Matth.
2759 5606 2872 5664 XX},
2900 5586 2994 5664 :53.

681 5665 811 5737 Qum
844 5666 1101 5737 ﬁdelibrg.
1139 5662 1391 5737 lbid.,_l‘2
1422 5673 1534 5732 (seu
1564 5657 1675 5730 16).
2320 5656 2507 5737 Ιίοηιο.
2533 5657 2663 5737 Luc.
2689 5661 2860 5737 xx,
2895 5660 3080 5737 Graeca
3131 5661 3304 5737 editio
3330 5681 3342 5718 :
3374 5661 3697 5737 Ἄνθρωπός

682 5724 1005 5808 Quoniam.)
1031 5734 1228 5808 _C‘orat,
1260 5733 1348 5785 21.
1429 5724 1440 5732 ’
1634 5724 1644 5730 ⁷

2138 5724 2225 5808 τξέ
2263 5724 2561 5808 ίὲφιὲέεευρεν
2605 5729 2931 5798 ἀμπελῶνα,
2978 5732 3028 5785 id
3077 5743 3177 5798 est,
3261 5731 3430 5793 Homo
3477 5724 3691 5808 q'uidaui

545 5797 655 5873 (95)
690 5802 939 5855 Stultum.
972 5802 1126 5868 lbid.,
1154 5802 1241 5853 29.
2128 5797 2391 5867 plantavit
2427 5797 2655 5853 vineam.
2686 5818 2704 5849 ι

2211 4752 2321 4896 $96)
2346 4753 2634 4822 Sapientia.
2666 4755 2771 4813 Job
2803 4771 2995 4822 xxvm,
3035 4754 3114 4809 l2.

2234 4824 2300 4896 97
2367 4823 2690 4879 Prudentiw.
2747 4825 2914 4881 Biblia
2965 4844 2979 4880 :
3051 4826 3114 4878 ’E
