4134 6422
404 492 511 549 817

1471 488 1559 543 DE
1599 485 1968 544 TRINITATE
2007 488 2210 543 LIBER
2250 490 2573 551 TERTIUS.

3553 499 3656 554 818

405 608 526 672 πῶς
553 605 668 660 ἔστι
695 604 904 673 νοῆσαι,
927 603 993 656 δι’
1020 601 1114 666 οὓς
1143 600 1236 655 καὶ
1265 600 1387 655 καθ’
1409 600 1501 664 οὓς
1521 600 1736 670 ἐγένετο
1758 617 1772 664 ;
1815 601 1902 664 Ὡς
1925 604 1962 654 τί

2091 601 2230 656 inter
2257 616 2352 658 eos
2388 604 2648 669 habitavi,
2701 619 2865 661 carne
2923 621 2988 660 ex
3047 606 3210 678 3&0
3256 607 3384 677 ipsis
3427 620 3658 679 sumpta.

399 698 667 753 ἀνάπαλιν
686 699 882 749 ἐκεῖνοι
909 694 1250 765 εὑρίσκονται
1272 693 1472 764 τρόπον
1483 692 1628 756 τινά,
1653 692 1680 744 ὃ
1701 694 1848 744 ἐστιν
1871 693 1899 744 ὁ
1917 691 1985 743 δι’

399 789 600 850 αὐτοὺς
631 785 921 855 γενόμενος
959 783 1080 837 κατ’
1111 783 1329 845 αὐτούς.
1359 781 1660 852 Τοιγαροῦν
1699 782 1756 832 ἐν
1798 781 1978 850 μορφῇ

397 877 535 932 Θεοῦ
566 876 845 946 ὑπάρχων,
881 875 1094 946 μορφὴν
1147 873 1305 926 ἔλαϐε
1332 872 1518 925 δούλου
1540 886 1554 900 ·
1579 873 1741 941 ἡμεῖς
1780 887 1839 922 τε
1866 872 1986 938 ἐγε-

399 969 600 1040 νόμεθα
631 971 752 1022 κατ’
780 969 965 1021 εἰκόνα
1010 966 1102 1020 τοῦ
1132 966 1414 1027 κτίσαντος
1444 965 1621 1034 ἡμᾶς,
1651 963 1728 1025 ὡς
1776 962 1982 1026 ἐδίδαξε

398 1059 626 1122 Παῦλος.
657 1061 726 1112 Ἢ
749 1058 855 1132 ἄρα
881 1057 976 1111 καὶ
995 1059 1068 1127 τῇ
1090 1073 1108 1106 ι
1141 1055 1322 1108 ἔκτισε
1355 1073 1373 1105 ι
1427 1053 1572 1118 λέξει
1607 1053 1838 1106 ἐνταῦθα
1862 1053 1982 1105 ἀντὶ

394 1149 876 1218 τοῦ,κατέστησεν,
897 1147 951 1216 ἢ,
978 1144 1290 1210 κατέταξεν,
1309 1144 1703 1214 ἐχρήσατο,ὃτε
1726 1142 1860 1212 ὁμοῦ
1889 1142 1981 1194 ἐπί

395 1258 454 1293 τε
503 1239 613 1292 τῶν
637 1239 904 1310 χερουὸἰμ
944 1238 1035 1290 καὶ
1084 1239 1141 1289 ἐν
1167 1237 1340 1306 φάτνῃ
1379 1231 1468 1306 ἦν,
1497 1235 1571 1299 ὡς
1614 1235 1683 1286 τά
1705 1235 1834 1305 περὶ
1879 1234 1980 1303 τῆς

395 1331 856 1401 ἐνανθρωπήσεως
877 1327 1040 1381 αὑτοῦ
1063 1326 1478 1396 αἰνιγματωδῶς
1499 1324 1673 1395 δηλῶν
1698 1328 1976 1396 προεῖπεν·

400 1441 417 1472 ι
468 1421 608 1489 Ἐγὼ
639 1420 696 1472 δὲ
727 1418 1067 1489 κατεστάθην
1109 1418 1364 1488 βασιλεὺς
1395 1417 1484 1469 ὑπ’
1518 1415 1680 1468 αὐτοῦ
1711 1416 1801 1468 ἐπὶ
1841 1414 1977 1468 Σιὼν

393 1509 518 1580 ὅρος
548 1511 606 1562 τὸ
638 1511 788 1578 ἀγιον
818 1509 1010 1561 αὑτοῦ·
1051 1527 1069 1558 ι
1101 1509 1192 1560 καὶ
1218 1507 1292 1570 ὼς
1326 1509 1353 1559 ὁ
1399 1506 1722 1575 Ὑμνολόγος
1748 1505 1972 1575 ψάλλει·

399 1619 418 1651 ι
465 1601 522 1652 '0
565 1599 765 1671 Κύριος
794 1599 1162 1661 ἐϐασίλευσεν,
1194 1598 1530 1668 εὐπρέπειαν
1577 1596 1884 1649 ἐνεδύσατο·
1951 1616 1970 1649 ι

395 1690 570 1743 καίτοι
624 1690 806 1753 ἀϊδίως
855 1691 1173 1760 προῦπῆρχε
1226 1687 1479 1758 βασιλεὺς
1557 1686 1972 1756 βασιλευόντων,

391 1789 722 1856 εὐπρέπειαν
756 1785 1138 1854 ἀκατάληπτον
1168 1784 1332 1853 ἔχων.
1385 1782 1616 1850 Ὁμοίως
1655 1783 1756 1834 οὐκ
1797 1777 1968 1845 εἶπεν,

392 1880 448 1932 ἐν
487 1879 651 1948 ἀρχῇ,
682 1877 737 1947 ἢ,
776 1877 879 1946 πρὸ
918 1876 1090 1947 ἀρχῆς
1132 1874 1265 1927 ὀδών
1305 1873 1491 1936 αὑτοῦ,
1553 1871 1666 1924 ἀλλ’
1718 1889 1739 1923 ι
1796 1872 1970 1942 ἀρχὴν

387 1967 523 2022 ὁδῶν
557 1967 684 2040 [160
711 1968 766 2040 a]
802 1965 987 2020 αὑτοῦ.
1028 1985 1048 2018 ι

2091 692 2222 749 Nam
2255 696 2344 762 qui
2376 703 2459 750 est
2493 699 2786 764 exsistens,
2825 708 2877 754 et
2899 701 3296 768 praeexsistens,
3328 701 3528 770 quique
3556 717 3662 758 non

2087 796 2309 854 propter
2367 788 2625 857 seipsum,
2670 791 2764 844 sed
2805 801 3023 858 propter
3061 791 3192 845 alios
3229 791 3405 846 factus
3457 802 3559 859 est,
3598 793 3662 846 il-

2087 873 2195 928 lum
2219 875 2330 942 jam
2363 877 2528 933 fuisse
2571 895 2735 932 unum
2769 895 2836 934 ex
2881 881 2970 946 iis,
3027 891 3247 950 propter
3295 899 3432 952 quos
3480 884 3660 939 factus

2085 977 2189 1032 est,
2223 976 2274 1020 et
2303 968 2498 1036 quibus
2524 970 2715 1026 similis
2752 973 2924 1026 factus
2958 981 3061 1038 est,
3113 977 3381 1042 quomodo
3431 975 3658 1046 intelligi

2083 1058 2291 1126 potest?
2329 1060 2398 1112 At
2431 1060 2710 1115 haereticos
2740 1061 2815 1130 (7)
2841 1061 2957 1115 vice
2987 1076 3141 1116 versa
3176 1063 3225 1115 id
3261 1063 3657 1130 quodammodo

2084 1149 2219 1202 velle
2241 1160 2474 1216 constat,
2509 1161 2567 1206 ut
2602 1153 2645 1207 is
2678 1162 2834 1207 antea
2894 1153 3055 1208 fuerit
3102 1155 3243 1224 quod
3287 1167 3505 1224 propter
3539 1157 3656 1212 illos

2084 1239 2258 1295 factus
2297 1250 2398 1306 est,
2427 1243 2614 1312 eisque
2651 1243 2861 1297 similis.
2926 1242 3091 1313 Igitur
3127 1247 3220 1313 qui
3253 1246 3304 1298 in
3335 1245 3505 1300 Ionna
3559 1248 3650 1302 Dei

2079 1339 2214 1396 erat,
2265 1331 2490 1386 formam
2557 1334 2697 1388 servi
2750 1335 2996 1403 accepit;
3044 1350 3140 1388 nos
3186 1350 3312 1390 vero
3358 1338 3650 1390 secundum

2079 1419 2366 1490 imaginem
2422 1422 2557 1490 ejus,
2595 1425 2686 1493 qui
2714 1425 2918 1478 creavit
2953 1439 3070 1490 nos,
3102 1425 3240 1480 sicut
3269 1426 3450 1480 docuit
3510 1426 3651 1481 Pau-

2078 1511 2161 1565 lus
2191 1511 2288 1581 (8),
2323 1512 2448 1566 facli
2502 1529 2708 1574 sumus.
2749 1515 3002 1569 Fortasse
3031 1516 3190 1568 etiam
3246 1531 3372 1581 vox,
3426 1518 3646 1583 creavit,

2077 1604 2361 1658 adhibetur
2396 1604 2484 1660 hic
2539 1621 2637 1674 pro
2664 1608 2962 1669 constituit,
2992 1605 3073 1660 vel
3102 1605 3400 1672 collocavit,
3434 1611 3649 1675 quando

2073 1694 2313 1750 simulet
2345 1710 2508 1764 super
2550 1697 2825 1751 cherubim
2857 1708 2998 1761 erat,
3044 1697 3178 1751 etin
3224 1699 3450 1766 praesepi
3488 1715 3502 1752 :
3541 1715 3648 1767 quo

2075 1785 2252 1850 modo,
2314 1784 2745 1840 Incarnationem
2779 1802 2930 1841 suam
2970 1801 3064 1856 per
3102 1787 3329 1854 aenigma
3381 1787 3642 1852 indicans,

2072 1875 2317 1942 praadixit
2349 1892 2363 1929 :
2413 1893 2438 1925 ι
2471 1875 2580 1946 Ego
2614 1885 2790 1930 autem
2822 1874 2895 1946 (9)
2928 1875 3253 1930 constitutus
3293 1891 3410 1929 sum
3452 1891 3547 1930 rex
3577 1877 3645 1930 ab

1998 1961 2040 2014 Β
2070 1977 2136 2018 eo
2167 1978 2328 2032 super
2361 1963 2490 2018 Sion
2535 1975 2771 2020 montem
2811 1976 3057 2021 sanctum
3105 1966 3253 2034 ejus;
3299 1987 3318 2018 ι
3375 1977 3430 2021 et
3475 1967 3642 2038 Hym-

389 2062 612 2133 uologus
641 2063 821 2132 psallit
856 2079 870 2116 :
912 2079 930 2112 ι
969 2060 1226 2113 Dominus
1265 2058 1376 2128 (I0)
1413 2057 1676 2128 regnavit,
1711 2057 1959 2114 decorem
1999 2055 2218 2111 indutus
2287 2069 2389 2112 est.
2425 2078 2443 2110 ι
2509 2059 2669 2128 Atqui
2739 2065 2804 2115 ab
2858 2071 3062 2115 aeterno
3113 2063 3522 2129 prmexsistebat
3546 2078 3640 2133 rex

392 2171 572 2221 regum
623 2155 872 2208 decorem
926 2151 1126 2205 habens
1213 2148 1833 2218 incomprehensibilem.
1881 2146 2103 2217 Insuper
2168 2165 2274 2204 non
2342 2151 2436 2215 ait,
2507 2151 2561 2205 in
2629 2151 2804 2216 initio,
2855 2162 2966 2217 aut,
3004 2161 3126 2206 ante
3181 2153 3389 2207 initium
3434 2125 3641 2208 viarum

386 2265 638 2313 suarum;
679 2249 792 2312 sed,
831 2265 849 2297 ι
880 2247 1089 2300 initium
1117 2247 1322 2300 viarum
1359 2261 1598 2299 suarum.
1653 2264 1672 2298 ι

458 2342 622 2393 Ὥστε
654 2340 814 2392 πάλιν
835 2339 934 2409 τῆς
960 2338 1115 2390 ἐνανο
1127 2340 1425 2409 ρωπήσεως
1451 2337 1615 2391 αὑτοῦ
1637 2338 1808 2410 ἀρχὴν
1833 2356 1963 2409 προ-

383 2429 658 2497 λέγεσθαι,
712 2428 804 2481 καὶ
850 2427 910 2480 οὐ
968 2427 1065 2500 τὴν
1118 2428 1278 2496 φύσιν
1336 2428 1436 2500 τῆς
1507 2429 1741 2500 ἀνάρχου
1797 2429 1960 2481 αὐτοῦ

389 2521 664 2588 Θεότητος.
709 2518 1113 2572 Ἀπολεσάντων
1140 2519 1248 2590 γὰρ
1266 2518 1374 2573 τῶν
1397 2519 1695 2590 ἀνθρώπων
1721 2520 1817 2589 τὴν
1846 2519 1962 2572 ὁδὸν

382 2613 483 2680 τὴν
517 2610 762 2678 ἄγουσαν,
789 2611 924 2680 πρὸς
955 2611 1108 2675 Θεὸν,
1133 2611 1293 2674 αὐτὸς
1340 2614 1472 2681 ἡμῖν
1499 2613 1556 2664 ἐν
1584 2614 1649 2682 τῇ
1681 2611 1962 2681 οἰκονομίᾳ

380 2701 496 2764 όόὸς
543 2703 758 2769 ἐγένετο
801 2703 1112 2772 πρόσφατος
1162 2703 1256 2754 καὶ
1290 2703 1475 2764 ζῶσα·
1517 2704 1611 2757 καὶ
1665 2703 1722 2756 ὃν
1761 2703 1961 2774 τρόπον

385 2791 473 2844 διά
505 2792 604 2861 τὴν
643 2794 701 2844 ἐν
736 2793 899 2862 σαρκί
931 2792 1244 2861 οἰκονομίαν
1279 2791 1429 2845 εἶπεν
1453 2809 1465 2824 ·
1521 2812 1540 2845 ι
1597 2792 1738 2860 Ἐγώ
1769 2796 1882 2862 εἰμι
1926 2794 1958 2864 ἡ

380 2881 529 2944 ὁδός·
575 2900 594 2932 ι
645 2882 740 2934 καὶ
773 2881 933 2934 πάλιν
961 2897 972 2910 ·
1018 2900 1036 2932 ι
1088 2882 1276 2945 Οὐδεὶς
1321 2881 1539 2952 ἔρχεται
1569 2883 1704 2952 πρὸς
1731 2883 1821 2935 τὸν
1850 2883 1960 2935 lla-

378 2974 528 3044 τέρα,
560 2975 608 3026 εἰ
646 2972 718 3044 μὴ
759 2973 826 3024 δι’
871 2972 1025 3042 ἐμοῦ,
1068 2993 1086 3024 ›
1122 2973 1265 3025 τοῦτ’
1317 2973 1430 3027 ἐστι
1505 2973 1592 3027 διὰ
1623 2974 1722 3044 τῆς
1754 2975 1833 3036 εἰς
1862 2973 1958 3045 τὴν

379 3063 516 3134 ἐμὴν
561 3063 972 3134 ἐνανορώπησιν
1012 3058 1248 3126 πίστεως
1283 3063 1505 3136 βαδίσῃ·
1541 3065 1608 3116 δι’
1651 3065 1819 3136 αὐτὴν
1853 3065 1954 3137 ἔφη

382 3152 474 3206 καὶ
515 3151 598 3215 τὸ,
637 3169 654 3202 ι
706 3151 911 3222 Κύριος
987 3152 1168 3205 ἔκτισε
1211 3170 1278 3222 με
1311 3153 1482 3222 ἀρχὴν
1526 3153 1658 3206 ὁδῶν
1690 3154 1876 3208 αὐτοῦ.
1931 3175 1952 3208 ι

394 3241 614 3310 Ἐτέχθη
646 3241 787 3312 γάρ,
823 3244 886 3294 ἐκ
930 3243 1026 3312 μὲν
1067 3244 1165 3313 τῆς
1216 3245 1564 3305 ὑποστάσεως
1593 3243 1684 3295 τοῦ
1721 3245 1955 3315 Πατρὸς,

379 3332 652 3404 ἀνάρχως,
683 3333 975 3402 ἀφράστως
996 3349 1009 3362 ·
1040 3335 1102 3385 ἐκ
1129 3333 1184 3386 δὲ
1223 3335 1323 3403 τῆς
1356 3333 1620 3404 ἀμιάντου
1656 3333 1954 3404 Παρθένου,

377 3422 454 3491 τῷ
483 3425 577 3493 μὲν
603 3423 907 3493 προειδέναι
931 3425 1108 3478 πάντα
1138 3426 1213 3488 ὡς
1241 3425 1392 3491 Θεὸς,
1421 3427 1514 3478 καὶ
1550 3424 1628 3495 τῷ
1668 3427 1955 3496 προορίσαι

376 3512 476 3582 τὴν
517 3513 844 3582 οἰκονομίαν,
881 3514 985 3584 πρὸ
1025 3514 1116 3566 τοῦ
1154 3514 1347 3578 αἰῶνος
1401 3514 1588 3586 (καοά
1615 3515 1956 3567 ἐπιστέλλου-

382 3621 488 3666 σιν,
550 3604 756 3666 Παῦλος
807 3605 904 3675 μὲν
950 3605 1382 3659 Κολοσσαεῦσιν·
1446 3623 1465 3656 ι
1533 3604 1616 3660 Τὸ,
1661 3607 1956 3677 μυστήριον

2066 3602 2257 3656 Paulus
2301 3603 2514 3671 quidem
2571 3600 2987 3657 Colossensibus
3031 3622 3043 3655 :

378 3693 556 3756 τοῦτο,
597 3693 655 3746 τὸ
692 3695 1183 3768 ἀποκεκρυμμένον
1216 3696 1318 3766 πρὸ
1346 3694 1453 3748 τῶν
1485 3694 1694 3750 αἰώνων
1724 3696 1818 3748 καὶ
1847 3696 1954 3749 ἀπὸ

379 3785 488 3837 {LV
532 3784 763 3852 γενεῶν,
802 3785 895 3838 νῦν
941 3785 1259 3858 ἐφανερώθη
1311 3789 1422 3850 τοῖς
1469 3787 1646 3856 ἁγίοις
1687 3785 1884 3839 αὑτοῦ·
1929 3808 1948 3840 ι

378 3878 582 3947 Πέτρος
603 3876 659 3929 δέ
689 3879 744 3930 ἐν
771 3881 836 3948 τῇ
869 3877 1059 3948 πρώτῃ
1101 3878 1384 3949 Ἐπιστολῇ
1419 3880 1546 3946 περὶ
1573 3877 1667 3932 τοῦ
1693 3878 1950 3950 Χριστοῦ·

383 3988 400 4018 ι
444 3969 897 4039 Προεγνωσμένου
928 3970 1026 4040 μὲν
1058 3971 1164 4041 πρὸ
1197 3970 1503 4040 καταϐολῆς
1535 3971 1762 4040 κόσμου,
1796 3987 1956 4038 φανε-

379 4059 640 4131 ρωθέντος
688 4060 744 4111 δὲ
797 4061 882 4113 ἐπ’
941 4062 1183 4130 ἐσχάτων
1237 4062 1344 4114 τῶν
1391 4061 1596 4132 χρόνων
1625 4062 1716 4130 ι),
1771 4060 1849 4130 τῷ
1897 4061 1954 4114 δὲ

377 4153 696 4222 πράγματι,
735 4153 823 4205 ὅτε
861 4153 1129 4222 ἐπέφανεν
1187 4154 1244 4218 ἐξ
1290 4153 1457 4223 ὕψους
1503 4155 1615 4216 τοῖς
1671 4154 1730 4206 ὲν
1775 4152 1953 4206 σκότει

375 4244 469 4296 καὶ
505 4246 631 4314 σκιᾷ
671 4243 899 4296 θανάτου
942 4245 1070 4297 ποτέ
1115 4245 1483 4298 καθεσθεῑσιν·
1539 4247 1628 4299 ὅτε
1671 4244 1817 4308 λίθος
1851 4261 1955 4297 πα-

377 4334 678 4406 ραϐολικῶς
718 4335 1042 4406 ὠνομάσθη·
1085 4337 1173 4388 ὅτε
1221 4336 1437 4404 ἐγένετο
1487 4337 1630 4408 ἀρχὴ
1678 4335 1811 4389 ὁδῶν
1858 4335 1954 4388 καὶ

376 4427 624 4497 Θεμέλιος
663 4428 855 4498 ἡμῶν·
889 4423 1038 4496 ᾧτινι
1083 4429 1316 4500 θεμελίῳ
1357 4430 1449 4483 καὶ
1487 4429 1618 4500 λίθῳ
1652 4431 1954 4502 ἐπιμαρτυ-

378 4517 562 4589 ροῦσιν
599 4519 790 4583 οὕτως,
844 4520 1054 4584 Παῦλος
1104 4523 1201 4591 μὲν
1255 4521 1480 4592 γράφων
1529 4519 1838 4591 Κορινθίοις
1889 4519 1952 4574 τὸ

375 4607 592 4676 πρῶτον
611 4623 625 4637 ·
662 4625 680 4660 ι
721 4609 983 4678 Θεμέλιον
1007 4611 1115 4681 γὰρ
1139 4610 1315 4674 οὐδεὶς
1357 4610 1578 4664 δύναται
1602 4610 1771 4664 θεῖναι
1801 4611 1953 4680 παρά

373 4699 466 4751 τὸν
500 4699 770 4770 κείμενον,
803 4702 861 4764 ὅς
892 4703 1037 4755 ἐστιν
1079 4702 1284 4772 Ἰησοῦς
1311 4701 1564 4774 Χριστός.
1605 4721 1622 4753 ι
1666 4701 1864 4772 Ἀρχὴν
1893 4699 1950 4754 δὲ

371 4788 466 4840 τοῦ
520 4791 800 4843 καλεῖσθαι
839 4791 1071 4860 Χριστὸς
1121 4790 1326 4862 Ἰησοῦς
1388 4793 1445 4844 ἐν
1482 4794 1549 4862 τῇ
1596 4791 1950 4862 ἐνανορωπή-

2147 2335 2359 2390 Rursus
2392 2349 2521 2406 ergo
2553 2335 2947 2392 Incarnationis
2985 2336 3101 2404 ejus
3150 2336 3358 2390 initium
3393 2349 3644 2403 przenun-

2075 2427 2190 2493 tiat,
2244 2444 2348 2480 non
2406 2443 2533 2482 vero
2592 2439 2837 2482 naturam
2893 2437 3108 2482 mternaa
3167 2427 3337 2495 ipsius
3401 2425 3638 2482 deitatis.

2067 2517 2203 2571 Nam
2238 2533 2357 2572 cum
2399 2518 2541 2570 viam
2574 2519 2818 2572 homines
2854 2519 3184 2582 amisissent,
3235 2532 3353 2586 qua:
3383 2517 3531 2570 ducit
3571 2520 3637 2572 ad

2070 2603 2261 2669 Deum,
2296 2606 2408 2674 ipse
2439 2605 2600 2659 nobis
2643 2605 2695 2658 in
2732 2604 3104 2659 Incarnatione
3130 2606 3302 2659 factus
3327 2613 3409 2660 est
3435 2607 3517 2660 via
3551 2619 3642 2660 no-

2067 2709 2132 2746 va
2196 2711 2258 2749 ac
2295 2696 2414 2748 viva
2447 2712 2460 2747 :
2493 2703 2546 2748 et
2592 2695 2732 2748 sicut
2762 2704 2980 2763 propter
3019 2693 3446 2748 Int-arnationem
3476 2694 3635 2758 dixit.

2074 2803 2093 2835 ι
2128 2785 2238 2854 Ego
2283 2802 2401 2840 sum
2450 2786 2564 2855 (II)
2588 2786 2702 2850 via;
2743 2805 2762 2838 ι
2806 2796 2859 2840 ει
2897 2800 3102 2849 rursus,
3141 2804 3160 2836 ι
3195 2785 3362 2839 Nemo
3395 2786 3502 2856 (I2)
3534 2803 3620 2840 ve-

2067 2877 2145 2930 nit
2171 2877 2236 2930 ad
2277 2877 2514 2942 Patrem,
2547 2877 2646 2930 nisi
2675 2893 2768 2943 per
2797 2892 2902 2942 me,
2945 2896 2962 2928 ι
2998 2879 3048 2931 id
3083 2886 3186 2942 est,
3225 2878 3326 2931 nisi
3358 2893 3454 2947 per
3476 2879 3634 2932 ﬁdem
3685 2939 3698 2954 .

2069 2968 2123 3021 in
2157 2982 2330 3020 meam
2379 2967 2828 3033 Incarnationem,
2861 2968 3020 3021 vadat
3066 2985 3080 3021 :
3143 2970 3216 3020 ita
3265 2969 3333 3021 ob
3391 2969 3636 3020 eamdem

2065 3060 2200 3114 dixit
2227 3060 2388 3113 etiam
2417 3072 2434 3111 :
2475 3076 2494 3108 ι
2536 3058 2795 3112 Dominus
2817 3059 3024 3112 creavit
3058 3072 3143 3111 me
3183 3057 3394 3109 initium
3425 3056 3635 3109 viarum

2064 3165 2307 3206 suarum.
2344 3168 2364 3202 ι
2402 3148 2630 3204 Genitus
2665 3148 2806 3203 enim
2851 3148 2950 3202 fuit
2977 3164 3040 3202 ex
3091 3149 3369 3220 hyposlasi
3418 3149 3632 3217 quidem

2064 3239 2258 3305 Patris,
2291 3241 2358 3294 ab
2399 3248 2621 3305 aiterno,
2657 3239 3042 3304 inell‘abiliter;
3095 3253 3159 3294 ex
3193 3240 3517 3293 intemerata
3547 3253 3637 3294 au-

2065 3341 2174 3386 tem
2206 3330 2451 3399 Virgine,
2482 3340 2750 3399 quatenus
2781 3332 2998 3400 quidem
3041 3331 3219 3385 omnia
3256 3333 3526 3402 praescivit
3550 3340 3640 3388 ul-

2064 3435 2191 3493 pote
2245 3425 2403 3486 Deus,
2437 3433 2489 3477 et
2543 3432 2810 3491 quatenus
2857 3424 3256 3492 praedestinavit
3304 3423 3635 3482 Incarnatio-

2063 3529 2209 3577 nem,
2267 3522 2392 3568 ante
2449 3515 2702 3568 saeculum
2764 3515 2979 3583 genitus
3026 3513 3129 3567 fuit
3181 3513 3346 3584 (sicut
3393 3515 3637 3568 scribunt

3099 3620 3118 3652 ι
3156 3601 3469 3672 Mysterium
3518 3602 3633 3671 (15)

2060 3696 2165 3750 hoc
2204 3693 2578 3747 absconditum
2609 3703 2735 3746 ante
2768 3694 2985 3757 saacula,
3021 3703 3075 3746 et
3101 3709 3130 3745 a
3169 3692 3630 3762 generationibus,

2058 3801 2201 3841 nunc
2231 3784 2639 3840 manifestatum
2671 3791 2754 3837 εει
2781 3784 2988 3838 sanctis
3026 3784 3176 3852 ejus;
3220 3802 3240 3834 ›
3285 3783 3475 3838 Petrus
3505 3799 3634 3838 vero

2057 3877 2112 3932 in
2181 3877 2353 3946 prima
2409 3874 2664 3944 EpiStola,
2719 3875 2782 3928 de
2840 3872 3058 3927 Christo
3112 3873 3408 3942 inquiens:
3470 3894 3488 3927 ι
3532 3875 3634 3940 Qui

2057 3967 2418 4040 prazcognitus
2464 3966 2578 4038 (14)
2612 3966 2826 4034 quidem
2853 3974 2937 4019 est
2973 3975 3102 4020 ante
3139 3967 3321 4020 mundi
3360 3969 3630 4022 constitu-

2058 4062 2286 4126 tionem,
2326 4058 2706 4115 manil‘estatus
2751 4066 2927 4112 antem
2963 4057 3017 4110 in
3057 4058 3366 4113 novissimis
3427 4068 3630 4128 tempo-

2057 4153 2230 4224 ribus)
2287 4171 2300 4206 :
2343 4152 2436 4207 sed
2501 4166 2560 4205 re
2610 4150 2721 4220 ipsa
2761 4149 2970 4220 genitus
3029 4149 3147 4215 l’uit,
3201 4150 3418 4218 quando
3467 4166 3633 4220 appa-

2055 4247 2183 4309 ruit,
2221 4260 2282 4299 ac
2308 4244 2484 4298 illuxit
2509 4257 2576 4298 ex
2613 4242 2722 4296 alto
2784 4240 2893 4310 (15)
2955 4241 3058 4305 iis,
3126 4242 3216 4310 qui
3292 4243 3343 4295 in
3397 4242 3634 4295 tenehrls

2054 4347 2108 4391 et
2131 4338 2182 4393 in
2213 4336 2400 4390 umbra
2426 4335 2615 4390 mortis
2637 4334 2843 4404 pridem
2872 4333 3166 4400 sedebant;
3199 4352 3215 4385 ι
3245 4333 3456 4403 quando
3472 4333 3628 4404 351

2056 4428 2168 4498 (16)
2203 4427 2338 4496 lapis
2389 4423 2700 4496 parabolice
2719 4425 3029 4480 nominatus
3058 4434 3175 4491 est;
3207 4427 3424 4494 quando
3457 4424 3634 4478 factus

2055 4529 2141 4576 est
2173 4520 2388 4575 initium
2416 4519 2651 4583 viarum,
2680 4527 2734 4572 et
2789 4517 3197 4572 fundamentum
3224 4527 3467 4572 nostrum
3501 4515 3632 4570 :-cui

2054 4612 2424 4675 fundamento,
2461 4626 2525 4665 ac
2564 4611 2727 4679 lapidi
2781 4611 3151 4665 testimonium
3214 4611 3284 4666 ita
3349 4610 3638 4678 perhibent

2056 4705 2370 4773 Scriptum.
2405 4702 2605 4756 Paulus
2634 4702 2850 4770 quidem
2901 4702 2954 4756 in
3003 4702 3174 4770 prima
3230 4701 3296 4754 ad
3325 4701 3634 4755 Corinthios

2053 4778 2295 4864 Epistola
2347 4793 2538 4848 scribit.
2573 4809 2588 4845 :
2624 4810 2642 4844 ι
2675 4791 3105 4847 Fundamentum
3148 4793 3260 4866 (I7)
3292 4793 3436 4847 enim
3472 4807 3632 4847 nemo

377 4897 456 4932 σει
485 4881 693 4937 ἔλαϐεν.
721 4884 882 4938 Ὅθεν
908 4887 964 4938 ἐν
987 4884 1064 4955 τῷ
1083 4885 1264 4957 Λουκᾷ
1288 4889 1316 4939 ὁ
1341 4885 1570 4954 ἄγγελος
1595 4887 1693 4958 τὴν
1717 4884 1844 4957 [160
1893 4883 1944 4956 b]

2066 4894 2230 4952 potest
2261 4899 2482 4955 ponere,
2506 4893 2708 4954 praeter
2766 4885 2816 4939 id
2856 4885 2999 4954 quod
3037 4886 3270 4956 positum
3309 4895 3413 4952 est,
3434 4885 3524 4953 qui
3551 4895 3636 4939 est

373 4972 666 5042 ὀνομασίαν
705 4976 869 5028 αὑτοῦ
906 4976 981 5040 ὡς
1015 4945 1104 5030 ἐπὶ
1155 4945 1438 5048 μέλλουσιν
1473 4945 1738 5042 ποιεῖται,
1772 4945 1946 5046 λέγων

2066 4975 2208 5029 Iesus
2222 4974 2490 5029 Christus.
2522 4993 2541 5025 ›
2563 4975 2776 5030 Initium
2800 4987 2982 5030 autem
3008 4975 3428 5044 nuncupationis
3453 4975 3629 5044 hujus,

373 5067 437 5134 τῇ
471 5066 760 5138 Παρθένῳ·
801 5086 818 5118 ι
865 5067 1043 5134 ’Ἑξεις
1086 5070 1222 5134 υἱὸν,
1253 5070 1347 5122 καὶ
1386 5069 1642 5133 καλέσεις
1684 5069 1745 5121 τὺ
1783 5068 1954 5138 ὄνομα

2066 5067 2176 5136 {uia
2205 5065 2404 5120 dicitur
2430 5066 2680 5122 Christus
2720 5066 2899 5132 Iesus,
2957 5068 3010 5122 in
3065 5067 3444 5121 Incarnatione
3475 5081 3630 5120 acce-

371 5156 536 5208 αὺτοῦ
570 5157 795 5229 Ἰησοῦν.
829 5153 994 5222 Οὗτος
1020 5158 1171 5214 ἔσται
1199 5161 1395 5230 μέγας,
1418 5161 1511 5214 καὶ
1538 5160 1663 5222 Υἱὸς
1695 5158 1948 5229 Ὑψίστου

2066 5159 2151 5228 pit.
2185 5156 2389 5212 Idcirco
2411 5159 2634 5228 angelus
2671 5160 3168 5216 denominationem
3208 5158 3327 5229 ejus
3364 5167 3622 5226 tanquam

373 5246 736 5320 κληθήσεται·
780 5269 798 5303 ι
833 5252 926 5304 καὶ
957 5252 1073 5323 μεθ’
1108 5252 1271 5323 ἕτερα
1293 5270 1306 5284 ·
1351 5271 1369 5306 ι
1410 5253 1500 5306 Διὸ
1531 5254 1626 5306 καὶ
1662 5252 1721 5305 τὸ
1747 5250 1948 5320 γεννώ-

2066 5251 2293 5306 futuram
2341 5250 2590 5304 enuntiat
2640 5252 2780 5322 apud
2833 5251 3034 5307 Lucam
3075 5250 3326 5321 inquiens
3385 5248 3625 5318 Virgini:

446 5426 522 5497 (7.)
554 5425 619 5480 At
644 5428 934 5501 haereticos.
967 5430 1090 5486 llaec
1115 5432 1366 5486 divinans
1412 5433 1610 5501 potius,
1628 5422 1822 5501 ἰιιιιιιιιΔ
1851 5429 1935 5484 inc

371 5505 678 5569 terpretans
701 5500 890 5568 scripsi
923 5520 938 5555 :
972 5504 1106 5556 adeo
1136 5503 1398 5556 obscurus
1415 5499 1499 5556 est
1531 5499 1679 5557 locus
1705 5504 1755 5554 in
1787 5499 1936 5554 Cra:-

369 5567 687 5657 εοῑᾷθιξέμιιι
720 5567 860 5657 Veli).
885 5571 1086 5657 ontissa
1113 5571 1282 5657 {IIIISS‘G
1305 5571 1617 5657 ἒιὺὶιιοτει
1651 5571 1916 5657 ιιιπτπῑολ
2050 5567 2373 5657 ’Ἶζῇίγρηε
2403 5589 2771 5657 “magna”.
2805 5587 2821 5640 ι
2861 5587 3003 5640 pc”.
3038 5603 3074 5644 ι,
3101 5587 3188 5643 ρο,

442 5634 516 5702 (8)
546 5635 768 5691 Paulus.
801 5639 1036 5707 Philipp.
1071 5657 1132 5705 ιι,
1158 5641 1192 5694 6
1220 5649 1274 5694 et
1305 5641 1360 5706 Ἰ,
1411 5650 1466 5696 ει
1494 5641 1700 5698 (loloss.
1738 5657 1821 5708 ιιι,
1854 5640 1937 5694 10.

442 5704 517 5775 (9)
550 5703 660 5775 Ego
700 5719 894 5766 autent.
939 5709 1080 5764 Psal.
1107 5729 1167 5774 ιι,
1200 5711 1252 5764 6.

2125 5634 2167 5724 ξι
2183 5634 2234 5719 ἐ)
2269 5634 2882 5712 ῦῖιιαὲὲὶὶἆῖῗι⁷ἱὶὸῖῖιίοἷ
2908 5634 2973 5720 ἶ,
2993 5634 3074 5709 ’ῑὲ
3097 5634 3162 5711 at
3177 5634 3265 5713 '79.

2129 5726 2238 5775 (Ili)
2266 5722 2440 5775 Lam's.
2479 5727 2599 5775 Act.
2639 5742 2710 5775 tv-
2749 5728 2836 5775 11.

469 5726 517 5772 υ)
550 5726 660 5776 ago
700 5726 894 5788 autem.
939 5726 1080 5764 rsat.
1107 5729 1167 5774 ιι,
1200 5726 1252 5764 υ.
2129 5726 2218 5793 (I6
2266 5726 2440 5793 Lapis.
2479 5727 2599 5780 Act.
2639 5742 2710 5790 tv,
2749 5728 2836 5782 11.

2127 5728 2737 5887 (Πζῳιιάηιίαιηεηιιιηι.
2769 5797 2787 5851 I
2823 5797 2946 5853 Cor.
2980 5813 3065 5868 ιιι,
3096 5797 3182 5853 11.
3234 5798 3365 5855 Vide
3393 5807 3507 5856 not.
3533 5798 3624 5865 ὃς,

471 5913 556 5935 ,ω
824 5889 892 5935 ,ε’
921 5923 931 5935 .
959 5886 970 5900 ι
1033 5893 1045 5906 .
1172 5891 1184 5918 ,
1257 5889 1271 5905 ο
2053 5879 2172 5935 pag.
2208 5865 2292 5920 3.).

443 5885 551 5911 νη
590 5885 696 5914 ..νυ
727 5885 861 5900 ηπ...
890 5885 1045 5906 ..μ-ι..
1078 5885 1184 5918 λιν,
1220 5885 1271 5905 ν.

443 5913 558 5984 (121)
604 5917 787 5972 Nemo.
824 5917 1039 5975 Ibidem.

2066 5885 2172 5934 pag.
2209 5885 2292 5920 oo.
3660 5903 3663 5905 _

2050 5446 2257 5571 ῐὶ((153Ι
2286 5446 2618 5517 Mysterium.
2659 5448 2866 5504 Coloss.
2931 5465 2971 5513 ι,
3011 5449 3100 5505 26.
3151 5447 3281 5502 Vide
3335 5462 3455 5518 pag.
3503 5448 3627 5515 197,
