4134 6414
584 385 690 444 819

1840 370 2074 447 υιυγιιι
2111 391 2578 448 ALEXANDRINI

3663 463 3671 469 γ
3712 386 3821 442 seu

586 522 607 557 ι
646 503 876 559 Habebis
897 501 1064 556 ﬁlium
1083 500 1214 573 (18),
1233 509 1288 558 et
1312 503 1533 560 vocabis
1563 519 1760 560 nomen
1787 504 1903 574 eius
1929 506 2137 565 Jesutn.

2247 526 2408 580 μενον
2461 510 2633 578 ἅγιον,
2682 508 3009 581 κληθήσεται
3053 504 3178 568 Υἱὸς
3231 503 3385 559 Θεοῦ.
3434 522 3453 555 ι
3495 503 3710 577 Πέτρος
3763 506 3823 560 δὲ

583 595 683 649 llic
716 594 822 650 erit
855 607 1104 663 magnus,
1156 601 1215 651 et
1251 593 1424 649 Filius
1469 594 1736 651 Altissimi
1789 599 2089 655 vocabitur.
2119 614 2139 652 ι

583 686 648 739 Ει
700 691 823 754 post
872 684 978 737 alia
1014 703 1028 738 :
1095 704 1115 736 ‹
1145 683 1272 739 Ideo
1317 685 1429 755 (19)
1481 695 1536 740 et
1568 688 1709 755 quod
1740 699 1998 744 nascetur
2032 691 2144 762 (20)

580 784 853 840 sanctum,
893 774 1175 830 vocabitur
1202 773 1370 830 Filius
1410 776 1522 830 Dei.
1551 794 1571 826 ι
1603 776 1794 831 Petrus
1815 788 1992 833 autem
2011 778 2144 851 (2i),

581 874 633 921 et
666 865 864 920 Paulus
908 867 975 920 ad
1033 865 1305 921 Romanos
1360 868 1642 921 scribunt:
1694 886 1713 920 ι
1756 868 1896 923 Ecce
1923 883 2063 939 pono
2093 870 2146 925 in

582 956 716 1012 Sion
744 957 973 1024 lapidem
1000 955 1312 1011 offensionis
1344 955 1479 1029 (22),
1502 966 1560 1013 et
1582 970 1787 1028 petram
1817 960 2076 1026 scandali,
2094 968 2149 1015 et

584 1046 786 1111 omnis,
815 1046 909 1115 qui
936 1047 1109 1102 credit
1139 1047 1191 1101 in
1212 1061 1355 1112 eum,
1399 1063 1504 1102 non
1554 1048 1929 1104 confundetur.
1961 1068 1980 1100 ι
2014 1050 2147 1104 Acta

585 1151 714 1192 vero
743 1137 1109 1206 apostolorum
1145 1156 1159 1191 :
1202 1157 1222 1190 ι
1255 1136 1354 1193 Hic
1380 1148 1467 1193 est
1503 1138 1661 1209 lapis,
1702 1139 1791 1208 qui
1831 1139 2147 1209 reprobatus

583 1234 673 1281 est
701 1242 731 1282 a
762 1227 916 1281 vobis
970 1226 1407 1292 aediﬁcatoribus,
1441 1228 1534 1298 qui
1582 1229 1758 1284 factus
1785 1229 1949 1283 estin
1984 1239 2146 1300 caput
2221 1276 2228 1282 .

587 1316 769 1386 anguli
797 1334 811 1380 ;
837 1325 893 1370 et
920 1331 1027 1370 non
1047 1326 1131 1370 est
1165 1317 1217 1370 in
1243 1316 1348 1372 alio
1378 1317 1558 1386 aliquo
1587 1316 1735 1371 salus
1765 1316 1902 1388 (25).
1933 1336 1952 1367 ι

654 1407 787 1460 illud
819 1407 904 1461 hic
933 1407 1324 1473 animadverte,
1353 1408 1516 1476 quod,
1552 1408 1598 1463 si
1628 1423 1732 1463 una
1759 1424 1865 1463 non
1895 1417 1980 1463 est
2014 1423 2143 1463 san-

584 1506 684 1552 ctae
705 1496 982 1551 Trinitatis
1005 1497 1207 1562 Deitas,
1242 1506 1297 1550 et
1347 1499 1603 1567 potentia,
1655 1514 1721 1554 ne
1759 1502 1898 1569 apud
1932 1499 2146 1554 Patrem

582 1585 801 1652 quidem
844 1595 927 1640 est
982 1585 1127 1642 salus
1184 1586 1438 1658 (propitia
1501 1602 1631 1643 vero
1669 1589 1741 1643 sit
1778 1588 1934 1643 nobis
1960 1598 2146 1643 sancta

583 1673 867 1745 Trinitas).
893 1677 1054 1745 Atqui
1091 1677 1255 1732 etiam
1302 1677 1490 1732 Daniel
1535 1678 1763 1747 lapidem
1785 1679 1897 1750 (24)
1915 1679 2055 1733 'vidit
2080 1696 2146 1735 ex

589 1773 774 1820 monte
806 1765 1104 1822 abscissum
1158 1771 1277 1823 sine
1337 1768 1587 1823 manibus
1620 1770 1834 1838 (nempe
1868 1785 2011 1834 eum,
2052 1771 2145 1839 qui

2258 600 2591 672 Ῥωμαίους·
2628 619 2648 653 ι
2706 600 2834 655 Ἰδοὺ
2869 599 3059 673 τίθημι
3098 601 3155 655 ὲν
3185 596 3322 652 Σιὼν
3352 596 3496 651 λίθον
3531 594 3824 668 προσκόμ-

2249 710 2417 765 ματος
2441 736 2456 760 ,
2482 695 2575 748 καὶ
2612 693 2819 766 πέτραν
2848 691 3175 747 σκανδάλουο
3207 690 3301 745 καὶ
3338 690 3446 752 πᾶς
3473 690 3501 741 6
3543 687 3824 743 πιστεύων

2245 784 2333 837 ἐπ’
2363 784 2508 855 αὑτῷ
2535 785 2595 838 οὑ
2625 783 3171 855 καταισχυνθήσεται.
3210 802 3230 835 ι
3270 782 3337 835 Ai.
3361 781 3417 834 δὲ
3446 779 3681 850 Πράξεις
3711 778 3823 834 τῶν

2246 875 2589 930 ἀποστόλων·
2643 894 2662 927 ι
2700 870 2865 939 Οὗτος
2893 916 2909 942 ,
2944 894 2964 927 ι
3000 874 3162 946 φησὶν
3189 913 3205 937 ,
3241 893 3258 925 ι
3307 872 3453 925 ἐστὶν
3504 873 3532 924 6
3571 870 3723 934 λίθος
3794 873 3822 925 6

2246 963 2615 1037 ἐξουθενηθεὶς
2649 968 2737 1036 ὑφ’
2776 967 2926 1038 ὑμῶν
2965 967 3075 1020 τῶν
3114 964 3430 1034 οἰκοδόμων,
3457 964 3486 1015 6
3526 962 3824 1033 γενόμενος

2247 1057 2328 1118 είς
2355 1055 2593 1126 κεφαλὴν
2621 1056 2843 1125 γωνίας,
2875 1056 2967 1109 καὶ
2994 1056 3095 1108 οὐκ
3133 1054 3278 1107 ἐστιν
3311 1055 3369 1106 ὲν
3400 1051 3547 1122 ἄλλῳ
3574 1050 3757 1105 οὐδενὶ
3789 1054 3823 1122 ἡ

2249 1146 2511 1216 σωτηρία.
2548 1165 2567 1199 ι

2329 1402 2707 1474 Ἐπιτήρησον,
2747 1401 2822 1464 ὡς
2863 1400 2911 1454 εί
2951 1400 3024 1472 μὴ
3066 1400 3163 1471 μία
3202 1399 3392 1471 θεότῃς
3439 1401 3532 1452 καὶ
3589 1399 3817 1470 δύναμίς

2246 1494 2362 1546 ἐστι
2389 1494 2486 1563 τῆς
2520 1494 2678 1561 ἁγίας
2706 1491 2951 1563 Τριὰδος,
2980 1491 3110 1543 ὀὐδὲ
3141 1488 3292 1561 παρὰ
3318 1488 3396 1560 τῷ
3435 1490 3613 1560 Harp).
3641 1493 3677 1559 ἡ
3715 1507 3819 1543 aruo

2247 1587 2427 1657 τηρία.
2463 1585 2645 1648 Ἵλεώς
2674 1585 2729 1638 δὲ
2764 1586 2892 1656 ἡμῖν
2926 1584 3066 1636 ἔστω
3091 1586 3125 1655 ἡ
3159 1583 3290 1651 ἁγία
3321 1582 3510 1652 Τριάς.
3546 1582 3658 1635 Καὶ
3696 1583 3822 1653 μέν·

2245 1694 2328 1729 τοι
2375 1676 2469 1735 κα)¹
2514 1674 2711 1745 Δανιὴλ
2747 1674 2892 1727 λίθον
2940 1674 3183 1745 ἑώρακεν
3235 1672 3295 1737 ἐξ
3342 1672 3500 1743 ὄρους
3540 1672 3821 1743 τμηθέντα

2247 1766 2375 1821 ἄνευ
2405 1765 2599 1836 χειρῶν
2640 1763 2737 1835 (ὃς
2768 1766 2915 1817 ἐστιν
2952 1767 2980 1817 6
3027 1765 3091 1817 ὲκ
3130 1763 3351 1835 Μαρίας
3379 1762 3661 1832 γεννηθεὶς
3693 1763 3821 1817 ἄνευ

580 1872 647 1914 ex
672 1857 840 1912 Maria
869 1859 1079 1926 genitus
1107 1858 1207 1913 fuit
1236 1860 1357 1914 sine
1391 1859 1561 1924 ﬂuxu,
1597 1875 1663 1916 ac
1695 1860 1812 1915 sine
1837 1862 2141 1930 operatione

2250 1852 2484 1924 ῥεύσεως
2527 1854 2621 1906 κα)¹
2650 1854 2909 1921 ἐργασίας
2943 1853 3202 1924 ἀνδρὸς),
3240 1853 3333 1905 καὶ
3360 1851 3695 1905 λεπτύνοντα
3726 1852 3821 1922 τὴν

582 1946 731 2019 viri),
762 1959 816 2004 et
838 1949 1298 2003 comminuentem
1332 1949 1554 2017 idolum,
1599 1951 1713 2005 sive
1758 1952 2063 2021 imaginem,
2095 1953 2146 2007 id

580 2046 683 2103 est,
716 2041 998 2104 mundum,
1036 2042 1104 2093 ob
1137 2040 1555 2095 crassitudinem
1608 2042 1822 2108 mentis,
1858 2053 1911 2097 ct
1938 2043 2144 2112 luxum,

582 2129 635 2183 in
664 2144 772 2198 quo
797 2130 1033 2182 vivebat.
1068 2130 1206 2195 Quid
1243 2138 1421 2183 autem
1450 2131 1730 2197 miramur,
1770 2134 1960 2189 salutis
1986 2150 2148 2203 nego-

578 2218 715 2273 tium
750 2218 910 2273 modo
934 2220 1183 2287 quodam,
1236 2234 1395 2287 quem
1448 2236 1549 2276 nec
1588 2223 1788 2286 verbis,
1838 2238 1935 2277 nec
1968 2232 2147 2277 mente

583 2308 798 2376 assequi
864 2308 1007 2373 licet,
1066 2310 1244 2363 divina
1283 2312 1621 2380 praescientia
1679 2321 1806 2366 ante
1834 2314 2027 2368 sarcula
2059 2314 2144 2367 fa-

581 2407 728 2455 ctum
755 2400 909 2454 esse?
947 2416 1068 2455 cum
1129 2415 1226 2456 nos
1278 2416 1492 2471 quoque
1550 2402 1805 2458 inell‘ahili
1858 2405 1960 2459 hac
2010 2399 2141 2474 prae-

579 2492 806 2546 scientia
838 2491 973 2563 (25),
1003 2508 1066 2546 ac
1098 2495 1337 2563 potentia
1370 2506 1496 2551 ante
1531 2496 1725 2552 smcula
1759 2507 1971 2553 creatos
2000 2511 2142 2564 esse,

580 2592 635 2639 et
664 2585 903 2639 salvatos
936 2584 1079 2640 dicat
1117 2587 1403 2655 Apostolus
1439 2588 1687 2644 scribens
1736 2590 1985 2659 Ephesiis
2025 2593 2144 2661 qni-

581 2673 702 2728 detn
731 2686 745 2724 :
783 2692 800 2724 ι
838 2673 1007 2741 Elegit
1038 2675 1148 2746 (26)
1175 2693 1272 2732 nos
1319 2678 1418 2733 sibi
1462 2679 1559 2747 ipsi
1589 2677 1699 2749 (27)
1730 2689 1853 2734 ante
1880 2683 2144 2735 constitu-

500 2831 513 2847 .
582 2763 779 2818 tionem
805 2764 966 2836 342
1008 2769 1211 2832 mundi,
1244 2781 1300 2822 ut
1336 2784 1578 2824 essemus
1637 2773 1832 2838 sancti,
1867 2784 1922 2825 et
1952 2774 2145 2826 imma-

578 2853 744 2910 culati
776 2857 829 2910 in
867 2869 1158 2926 conspectu
1211 2858 1328 2927 ejus
1359 2861 1411 2913 in
1463 2863 1729 2918 charitate
1772 2879 1787 2915 :
1824 2864 1913 2932 qni
1941 2864 2144 2931 prtede-

583 2946 805 3000 stinavit
839 2962 936 3002 nos
1001 2948 1054 3001 in
1108 2948 1448 3017 adoptionem
1500 2950 1764 3017 ﬁliorum;
1800 2970 1818 3003 ι
1860 2951 2142 3007 Timotheo

578 3045 797 3089 autem:
833 3054 853 3087 ι
894 3035 1206 3093 Secundum
1240 3037 1353 3110 (28)
1401 3042 1693 3108 potentiam
1730 3041 1845 3106 Dei,
1909 3043 2001 3113 qui
2036 3057 2144 3096 ser-

2249 1943 2451 2009 είκόνα,
2492 1941 2637 1996 τοῦτ’
2698 1942 2812 1996 ἐστι
2858 1943 2948 1996 τὸν
2988 1944 3192 2013 κόσμον
3222 1942 3329 1996 ἀπὸ
3359 1942 3459 2012 τῆς
3510 1942 3820 2013 παχύτητος

2246 2032 2337 2085 τοῦ
2365 2033 2477 2097 νοῦ,
2505 2033 2599 2086 καὶ
2632 2033 2729 2102 τῆς
2756 2031 3122 2103 χυδαιότητος,
3218 2031 3435 2100 συνέζη.
3470 2032 3580 2084 Καὶ
3610 2032 3661 2083 τί
3691 2030 3821 2083 θαυ-

2251 2122 2512 2193 μάζομεν,
2553 2125 2601 2176 εί
2639 2124 2777 2194 ὑπὲρ
2806 2123 2961 2191 λόγον
2995 2124 3087 2174 καὶ
3119 2122 3243 2176 νοῦν
3286 2123 3548 2192 σωτήριον
3588 2123 3820 2194 πρᾶγμα

2249 2212 2353 2282 πρὸ
2381 2212 2588 2265 αἰώνων
2626 2216 2693 2285 τῇ
2745 2213 2866 2284 θείᾳ
2907 2211 3212 2281 προγνώσει
3244 2212 3490 2280 ὲγένετο;
3533 2212 3708 2264 Ὅπου
3754 2228 3819 2280 γε

2247 2304 2341 2369 καὶ
2373 2304 2519 2372 ἡμᾶς
2549 2307 2614 2374 τῇ
2648 2304 2911 2375 ἀφράστῳ
2939 2304 3111 2375 ταύτῃ
3142 2301 3445 2373 προγνώσει
3472 2304 3567 2355 καὶ
3593 2302 3816 2373 δυνάμει

2247 2395 2352 2465 πρὸ
2405 2394 2514 2448 τῶν
2571 2395 2780 2449 αἰώνων
2836 2395 3082 2448 ἐκτίσθαι
3132 2395 3228 2448 καὶ
3281 2393 3551 2447 σεσῶσθαι
3598 2392 3746 2462 λέγει
3789 2395 3816 2446 ὁ

2260 2484 2609 2551 Ἀπόστολος,
2641 2485 2863 2556 γράφων
2883 2485 3103 2537 τοιῶσδε
3150 2483 3415 2552 Ἐφεσίοις
3476 2483 3608 2553 μέν’
3639 2503 3657 2534 ι
3701 2483 3815 2547 Ἐξ-

2247 2575 2460 2639 ελέξατο
2510 2578 2654 2647 ἡμᾶς
2706 2576 2882 2646 ἐαυτῷ
2932 2576 3037 2646 πρὸ
3085 2575 3388 2644 καταϐολῆς
3436 2576 3640 2645 κόσμου
3674 2572 3812 2629 εἶναι

2247 2668 2434 2735 ἁγίους
2474 2669 2566 2721 καὶ
2603 2666 2863 2739 ἀμώμους
2902 2670 3022 2720 κατ’
3050 2666 3276 2720 ἐνώπιον
3316 2666 3478 2720 αὑτοῦ
3507 2669 3564 2719 ὲν
3602 2667 3805 2736 ἀγάπῃ,

2246 2758 2536 2830 προορίσας
2561 2759 2706 2828 ἡμᾶς
2731 2761 2809 2823 εἰς
2837 2760 3131 2814 υἱοθεσίαν’
3171 2779 3187 2810 ι
3215 2757 3463 2829 Τιμοθέῳ
3484 2756 3572 2810 δέ·
3605 2775 3622 2806 ι
3650 2756 3806 2809 Κατά

2245 2846 2470 2916 δύναμιν
2514 2846 2647 2899 Θεοῦ
2694 2849 2786 2900 τοῦ
2834 2849 3105 2913 σώσαντος
3141 2851 3322 2920 ἡμᾶς,
3353 2850 3444 2901 καὶ
3484 2847 3802 2909 καλέσαντος

2245 2936 2434 3007 κλήσει
2466 2938 2615 3008 ἁγίᾳ,
2651 2939 2709 2991 οὐ
2742 2940 2879 2993 κατὰ
2912 2942 2979 2995 τὰ
3015 2940 3136 3012 [161
3168 2940 3223 3011 a)
3282 2941 3418 3013 ἔργα
3452 2942 3642 3010 ἡμῶν,
3676 2937 3811 2993 ἀλλὰ

2243 3027 2386 3080 κατά
2417 3030 2549 3082 ἰδίαν
2580 3030 2834 3101 πρόθεσιν
2862 3034 2953 3085 καὶ
2984 3033 3163 3104 χάριν,
3187 3034 3284 3104 τὴν
3309 3032 3551 3086 δοθεῖσαν
3582 3036 3711 3104 ἡμῖν
3750 3035 3809 3085 ἐν

576 3130 723 3183 vavit
754 3144 876 3194 nos,
912 3136 968 3184 et
998 3130 1211 3184 vocavit
1244 3131 1528 3185 vocatione
1556 3142 1767 3196 sancta,
1808 3147 1913 3187 non
1947 3147 2140 3187 secun—

2243 3120 2464 3191 Χριστῷ
2515 3122 2688 3192 Ἰησοῦ
2729 3122 2832 3194 πρὸ
2878 3123 3083 3194 χρόνων
3116 3124 3368 3191 αἰωνίων,
3404 3124 3807 3195 φανερωθεῖσαν

576 3221 704 3276 dum
742 3233 908 3290 Opera
936 3229 1145 3288 nostra,
1181 3221 1276 3274 sed
1315 3222 1611 3276 secundum
1640 3223 1910 3290 proprium
1948 3239 2140 3294 prope.-

574 3314 761 3378 situm,
796 3322 851 3366 et
876 3312 1109 3381 gratiam
1133 3312 1311 3366 datam
1336 3312 1491 3366 nobis
1538 3313 1592 3365 in
1624 3314 1838 3369 Christo
1868 3314 1992 3369 .lcsu
2014 3325 2140 3371 ante

577 3415 821 3472 tempora
873 3402 1175 3469 saecularia,
1229 3403 1627 3457 manifestatam
1657 3413 1833 3459 autem
1875 3420 2020 3460 nunc
2042 3420 2138 3475 per

573 3494 864 3549 adventum
902 3492 1198 3547 Salvatoris
1222 3494 1388 3548 nostri
1415 3492 1542 3549 Jesu
1575 3494 1798 3549 Christi.
1830 3515 1849 3547 ›

644 3583 808 3638 Multa
840 3584 982 3638 enim
1020 3598 1141 3638 cum
1174 3582 1353 3637 futura
1389 3585 1541 3652 quasi
1567 3584 1678 3653 jam
1708 3586 2002 3655 praeterita,
2025 3597 2135 3643 tum

572 3674 734 3728 etiam
766 3673 1036 3742 praeterita
1064 3674 1218 3742 quasi
1253 3675 1429 3729 adhuc
1452 3676 1788 3741 exsislentia,
1832 3676 1913 3732 vel
1960 3677 2139 3740 futura

574 3764 869 3833 praedicere
901 3764 1038 3818 solet
1074 3744 1366 3819 obmiscius
1422 3775 1477 3821 et
1524 3768 1863 3836 omnipotens
1904 3768 2139 3838 Spiritus

572 3866 831 3921 sanctus;
865 3858 1100 3911 maxime
1121 3860 1249 3911 Vero
1281 3871 1365 3922 ea,
1406 3872 1526 3926 quae
1553 3866 1800 3927 spectant
1847 3860 1897 3914 in
1953 3858 2140 3914 incﬂ'a-

571 3945 730 4000 bilem
753 3946 1224 4014 lncarnationem,
1279 3947 1425 4001 velut
1484 3949 1756 4016 prmterita
1809 3949 2136 4014 enuntiavit,

568 4046 858 4107 antequam
890 4039 1111 4093 ﬁerent:
1167 4047 1224 4091 ut
1251 4052 1373 4091 cum
1432 4038 1689 4093 Dominus
1744 4053 1872 4093 caro
1900 4040 2136 4095 nondum

571 4127 746 4184 factus
789 4128 864 4183 ait
893 4128 944 4181 in
991 4143 1084 4181 xxt
1133 4125 1383 4195 psalmo:
1431 4144 1449 4176 ι
1495 4125 1767 4182 Foderunt
1802 4127 1911 4197 (29)
1945 4142 2135 4183 manus

569 4235 740 4285 meas,
768 4228 821 4273 et
844 4218 1005 4286 pedes
1045 4230 1225 4282 meos;
1251 4234 1269 4267 ι
1304 4222 1358 4270 et
1376 4230 1563 4271 rursus
1592 4235 1605 4271 :
1642 4237 1660 4271 ι
1697 4218 2132 4291 Diviserunt(50)

640 4396 751 4464 (18)
797 4394 1021 4447 Habebis
1066 4392 1254 4459 ﬁlium.
1289 4390 1527 4464 _Luc_._41,
1564 4393 1624 4445 3|
1672 4402 1726 4446 ct
1771 4391 1859 4448 '52.
1909 4392 2116 4449 Biblia:

543 4465 696 4533 ,τέξῃ
733 4460 867 4533 υἱόν,
912 4464 983 4533 id_
1010 4473 1109 4525 est,
1145 4479 1164 4511 ι
1187 4460 1365 4533 paries
1402 4461 1589 4515 filium.
1618 4479 1636 4511 ι

639 4524 750 4602 (is)
785 4531 933 4602 I_d_eo.
965 4524 1278 4602 ιωοέ-μδδ.

654 4602 765 4672 (20)
801 4598 1082 4653 Nascetur.
1110 4599 1277 4654 Biblia
1312 4598 1530 4662 addunt,
1563 4601 1627 4653 ὲκ
1667 4600 1783 4665 σοῦ,
1813 4601 1863 4655 id
1890 4611 1996 4664 est,
2025 4620 2044 4653 ι
2069 4616 2138 4657 ex

570 4684 640 4728 te.
668 4691 686 4723 ο

639 4740 749 4813 (2i)
772 4738 958 4793 Petrus
985 4748 1176 4813 autem.
1195 4736 1252 4791 In
1270 4737 1478 4813 codice:
1498 4738 1701 4813 Πέτρος
1722 4739 1777 4791 δὲ
1812 4738 2134 4813 Ῥωμαίους.

568 4806 702 4868 (Iunt
732 4806 933 4877 'itaque
987 4809 1335 4879 locus,_qnem
1384 4806 1513 4860 citat
1569 4806 2136 4879 Ditlvmtts,allegetttr

565 4898 687 4937 cum
742 4896 770 4935 a
821 4880 978 4933 l‘ctro
1025 4878 1119 4944 Ep.
1158 4877 1198 4940 Ι,
1234 4891 1353 4945 cap.
1399 4890 1462 4939 ιι,
1507 4892 1646 4933 vers.
1682 4877 1714 4929 6
1764 4888 1816 4931 et
1855 4878 1908 4940 8,
1942 4877 2050 4932 tum
2105 4894 2135 4933 a

568 4953 732 5007 Paulo
773 4951 869 5017 Ep.
916 4950 979 4999 ad
1022 4948 1344 5017 liom.7cap._
1373 4960 1446 5017 ιε.
1483 4961 1623 5017 vers.
1667 4946 1764 5017 3'5;
1808 4948 2006 5000 idcirco
2045 4958 2137 5003 aut

568 5013 848 5092 legendum
877 5019 1114 5092 ιΑΙΙέτρος
1158 5016 1216 5092 es
1265 5015 1358 5067 καὶ
1392 5013 1601 5092 Πλαῦλος
1630 5016 1765 5092 πρὸς
1809 5018 2131 5092 Ῥωμαίους,

567 5084 659 5147 ιιυί
694 5090 933 5144 addenda
971 5084 1131 5140 verba
1169 5087 1283 5155 ipsa
1319 5100 1384 5139 ex
1420 5084 1581 5155 Petro
1610 5084 1773 5155 citata
1806 5101 1836 5140 a
1881 5084 2131 5155 Didyme.

636 5161 748 5231 (22)
781 5158 1119 5228 Oﬂ'ensiom's.
1151 5153 1228 5209 Ita
1263 5155 1378 5210 haec
1411 5153 1568 5208 aliert
1603 5154 1818 5211 Paulus.
1841 5157 1912 5209 At
1942 5153 2134 5213 Petrus

604 5232 725 5286 auio
755 5231 932 5284 aliter.

564 5249 725 5302 paum
755 5249 932 5284 auter.

635 5303 746 5369 (23)
783 5301 903 5353 Hic.
940 5299 1059 5369 Act.
1093 5313 1168 5360 ιν,
1197 5295 1255 5350 11
1291 5305 1344 5350 et
1376 5294 1474 5369 12ζ
1490 5295 1608 5369 _Vid.
1651 5305 1762 5350 not.
1788 5295 1874 5363 10,
1898 5310 2019 5367 pag.
2041 5295 2129 5352 90.

636 5303 726 5369 (25
783 5303 903 5353 Hic.
940 5303 1059 5352 Act.
1093 5313 1168 5360 ιν,
1197 5303 1255 5350 ll
1291 5305 1344 5350 et
1376 5303 1460 5350 12.
1495 5303 1608 5349 για.
1651 5305 1762 5350 not.
1788 5303 1874 5363 10,
1898 5310 2019 5367 pag.
2041 5303 2079 5351 ιι

776 5368 983 5446 Daniel.
1013 5369 1140 5446 (inp.
1177 5383 1237 5446 ιι,
1270 5380 1409 5446 vers.
1604 5433 1616 5445 .
1874 5388 1875 5391 η
2012 5434 2023 5446 ι
2068 5434 2079 5445 _

635 5434 748 5512 (25)
784 5434 1142 5512 Prwscigntiu.
1177 5437 1325 5512 Pauli
1350 5434 1711 5512 testimonium
1738 5434 1895 5512 aliter
1914 5434 2128 5512 accipit,

564 5504 932 5577 ac'Origenes.
988 5505 1044 5561 Id
1094 5509 1263 5576 magis
1300 5506 1638 5577 perSpicuum
1674 5504 1732 5557 ﬁt
1763 5520 1829 5559 ex
1877 5507 1981 5567 his,
2010 5518 2128 5577 qua:

567 5578 660 5631 lib.
694 5594 709 5631 ι
748 5574 798 5631 in
842 5577 1107 5647 Ruﬁnum,
1162 5574 1273 5647 θὲς.
1310 5575 1401 5640 22,
1434 5575 1515 5647 (ait
1543 5574 1919 5647 jlieronyintts
1947 5589 2010 5647 ea
2034 5574 2129 5647 dc—

566 5647 814 5715 fendens,
846 5643 963 5715 quin
1000 5649 1052 5700 in
1093 5643 1510 5715 commentariis
1542 5644 1795 5715 Epistolas
1837 5645 1902 5698 ad
1938 5643 2129 5715 (Ephe-

567 5714 678 5769 stos
700 5713 1007 5781 scripserat.
1043 5734 1062 5765 ι
1090 5714 1146 5768 1η
1181 5716 1355 5785 primo
1390 5714 1572 5785 statim
1606 5714 1894 5785 volumine,
1931 5713 2122 5785 inquit,

572 5786 933 5841 testimonium
981 5785 1153 5853 Pauli,
1182 5782 1250 5838 'in
1285 5799 1389 5853 quo
1419 5783 1692 5852 loquitur:
1731 5783 1922 5838 «Sicut
1966 5782 2126 5850 elegit

2240 3210 2297 3264 δὲ
2326 3210 2419 3266 νῦν
2445 3212 2530 3266 διὰ
2551 3214 2649 3285 τῆς
2683 3215 3001 3284 ἐπιφανείας
3026 3216 3116 3268 τοῦ
3148 3216 3398 3287 Σωτῆρος
3432 3215 3592 3286 ἡμῶν
3635 3215 3811 3287 Ἰησοῦ

2240 3302 2497 3374 Χριστοῦ.
2538 3322 2582 3360 ι.

2311 3579 2490 3634 Πολλὰ
2517 3579 2645 3652 γὰρ,
2676 3580 2833 3634 τοῦτο
2857 3582 2953 3652 μὲν
2995 3582 3255 3653 μέλλοντα
3293 3581 3561 3652 γίνεσθαι,
3609 3583 3682 3648 ὡς
3711 3584 3812 3656 ἤδη

2241 3674 2536 3743 γενόμενα’
2570 3673 2726 3727 τοῦτο
2757 3674 2814 3727 δὲ
2842 3675 2934 3728 καὶ
2974 3675 3257 3745 γενόμενα,
3304 3675 3379 3739 ὡς
3415 3675 3495 3728 ἔτι
3527 3677 3814 3747 γινόμενα,

2243 3765 2278 3836 ἢ
2319 3765 2571 3835 ἐσόμενα,
2605 3766 2887 3837 προλέγειν
2939 3765 3096 3819 εἴωθε
3128 3766 3189 3818 τὸ
3224 3767 3402 3821 πάντα
3432 3768 3571 3832 εξδὸς
3598 3769 3691 3821 καὶ
3717 3768 3816 3821 δυ-

2243 3851 2471 3926 νάμενον
2510 3857 2732 3927 Πνεῦμα
2770 3857 2959 3925 ἂγιονο
2987 3858 3087 3927 οὐχ
3115 3858 3314 3927 ἥκιστα
3351 3857 3408 3910 δὲ
3449 3860 3544 3910 καὶ
3582 3858 3650 3911 τὰ
3682 3859 3816 3928 περὶ

2241 3947 2340 4017 τὴν
2381 3947 2682 4015 ἄφθεγκτον
2719 3948 3047 4019 οἰκονομίαν,
3094 3948 3169 4011 ὡς
3203 3948 3589 4019 παρῳχηκότα,
3643 3948 3812 4020 πρινὴ

2242 4036 2467 4106 γένηται
2496 4035 2875 4107 διηγόρευσενο
2905 4038 2979 4101 ώς
3009 4039 3134 4091 ὅταν
3164 4040 3192 4090 6
3217 4038 3511 4108 Δεσπότης,
3536 4037 3685 4091 οῦπω
3716 4056 3812 4107 γε-

2240 4125 2461 4197 νόμενος
2490 4126 2644 4197 σὰρξ,
2671 4127 2804 4201 λέγῃ
2831 4128 2888 4180 ὲν
2920 4135 3004 4181 κα¹
3027 4127 3255 4197 ψαλμῷ·
3300 4147 3318 4181 σ
3356 4129 3591 4199 Ὠρυξαν
3620 4129 3812 4200 χεῖράς

2241 4234 2342 4288 μου
2386 4217 2479 4271 καὶ
2523 4218 2688 4282 πόδας
2734 4235 2835 4289 μου
2862 4237 2875 4249 ·
2929 4239 2947 4272 ι
2991 4220 3087 4273 καὶ
3126 4219 3320 4273 πάλινο
3357 4238 3376 4272 ι
3422 4220 3809 4292 Διεμερίσαντο

2230 4409 2329 4451 nos
2364 4394 2415 4467 in
2444 4398 2562 4467 ipso
2587 4408 2712 4453 ante
2750 4398 3186 4454 constitutionem
3236 4400 3435 4461 mundi,
3470 4407 3532 4454 ut
3557 4413 3800 4453 essemus

2162 4492 2213 4552 Β
2240 4464 2435 4530 sancti,
2465 4464 2536 4552 et.
2560 4467 2889 4552 imtnaculati
2920 4483 3120 4550 coram.
3146 4470 3325 4552 ipson!
3359 4470 3437 4551 sic
3465 4469 3798 4536 interpretati

2237 4549 2443 4605 sumus,
2485 4546 2542 4590 ut
2588 4537 2902 4591 electionem
2950 4554 3055 4592 non
3100 4538 3253 4605 juxta
3284 4539 3568 4605 Origenetn
3617 4554 3796 4592 eorum

2239 4604 2560 4679 diceremus,
2593 4608 2679 4674 qui
2705 4607 2852 4679 prius
2890 4604 3138 4679 fuerant,
3164 4608 3256 4679 sed
3281 4609 3346 4660 ad
3374 4609 3469 4679 Dei
3505 4609 3792 4679 praescion-

2240 4672 2368 4742 tiam
2411 4672 2754 4729 referre—ntus.
2809 4676 3048 4742 Denique
3090 4677 3323 4732 diximus
3353 4695 3366 4729 :
3398 4696 3417 4729 ι
3439 4672 3589 4742 Quod
3624 4673 3797 4730 autem

2238 4741 2439 4797 electos
2492 4760 2608 4808 nos,
2665 4755 2724 4799 ut
2760 4741 3003 4799 essemus
3063 4747 3302 4800 sancti...
3358 4741 3483 4799 ante
3540 4746 3797 4801 fabricam

2238 4812 2443 4877 mundi,
2490 4823 2725 4885 testatus
2776 4824 2878 4874 est,
2916 4817 2997 4885 (ad
3048 4817 3439 4885 pnescicntiant
3489 4814 3583 4869 Dei
3637 4818 3798 4883 perti-

2237 4890 2393 4952 net...
2423 4900 2441 4932 ι
2478 4882 2635 4937 Certe
2657 4885 2707 4938 in
2742 4882 3077 4952 expositione
3107 4886 3206 4939 ista
3239 4886 3440 4939 nullum
3474 4882 3676 4939 crimen
3695 4895 3794 4949 est;

2236 4962 2290 5003 et
2319 4948 2548 5021 Origene
2598 4948 2826 5007 dicente'
2863 4956 3127 5007 contraria
3153 4994 3167 5016 ,
3218 4971 3314 5009 nos
3372 4948 3796 5010 ecclesiasticum

2237 5033 2454 5074 sensum
2506 5024 2675 5095 secuti
2709 5037 2958 5095 smnus»;
3002 5023 3073 5095 Ita
3115 5022 3492 5095 Hieronymus.
3538 5025 3794 5095 Didymus

2235 5102 2364 5143 vero
2401 5105 2505 5143 non
2535 5092 2708 5145 solum
2728 5092 2840 5155 hic,
2863 5092 2955 5145 sed
2985 5093 3146 5145 etiam
3184 5092 3524 5147 enarratione
3549 5094 3603 5146 in
3634 5092 3661 5147 1
3697 5093 3797 5145 Pe-

2234 5158 2304 5211 ινὶ
2338 5158 2510 5227 Epist.
2543 5162 2609 5214 ad
2641 5176 2756 5229 cap.
2790 5176 2828 5225 ι,
2869 5175 3013 5217 vers.
3049 5162 3106 5229 2,
3155 5161 3301 5217 Pauli
3346 5172 3551 5219 textum
3594 5164 3662 5218 ad
3704 5162 3796 5215 Dei

2233 5229 2629 5301 prtesciegtiatn
2660 5228 2842 5301 refert.

2304 5297 2415 5365 (26)
2448 5296 2637 5366 Elegit.
2675 5300 2871 5367 Ephes.
2906 5300 3163 5363 1,4et5.

2306 5367 2418 5437 (27)
2458 5366 2569 5442 Sibi
2602 5366 2729 5442 ipsi.
2766 5370 2930 5442 Biblia
2961 5387 3055 5439 pro
3077 5371 3254 5442 ἐαυτῷ
3310 5373 3510 5427 habent
3539 5373 3596 5424 ἐν
3626 5369 3809 5439 αὐτῷ..

2234 5436 2285 5490 id
2311 5436 2415 5500 est,
2452 5456 2469 5488 ι
2501 5439 2551 5490 in
2603 5440 2735 5507 ipso.
2764 5457 2782 5490 ι
2822 5440 2886 5493 Et
2932 5436 3048 5510 post
3086 5436 3236 5496 εἶναι’
3261 5444 3465 5501 addunt
3501 5442 3672 5513 ἡμᾶς,
3697 5436 3807 5499 huc.

2233 5514 2335 5570 est,
2375 5526 2394 5558 ι
2420 5523 2538 5562 nos.
2559 5527 2577 5560 ι

2302 5577 2415 5714 (28)
2443 5578 2760 5633 Secundum.
2798 5578 2839 5633 ll
2878 5580 3017 5634 Tim.
3061 5596 3097 5638 ι.
3120 5581 3272 5638 8-10.

2325 5647 2412 5711 20)
2448 5645 2738 5701 Foderunt.
2776 5650 2917 5705 Psal.
2950 5666 3061 5714 XXI,
3089 5650 3171 5703 18.

2325 5647 2412 5711 20)
2448 5645 2738 5701 Foderunt.
2776 5650 2917 5705 Psal.
2950 5666 3061 5715 XXI,
3089 5650 3171 5703 18.

2302 5717 2411 5785 (50)
2443 5715 2763 5772 Diriseruut.
2798 5717 3019 5786 Ibidem,
3057 5719 3141 5773 10.
