  <div class='ocr_page' id='page_1' title='image "/cluster/home/n/w/nwhite01/storage/ocr_20150623/39/mdp.39015010572892/416.png"; bbox 0 0 4134 6468; ppageno 0'>
   <div class='ocr_carea' id='block_1_1' title="bbox 413 439 514 495">
    <p class='ocr_par' dir='ltr' id='par_1_1' title="bbox 413 439 514 495">
     <span class='ocr_line' id='line_1_1' title="bbox 413 439 514 495; baseline -0.03 0"><span class='ocrx_word' id='word_1_1' title='bbox 413 439 514 495; x_wconf 64' lang='grc'><strong>821</strong></span> 
     </span>
    </p>
   </div>
   <div class='ocr_carea' id='block_1_2' title="bbox 1478 415 2585 496">
    <p class='ocr_par' dir='ltr' id='par_1_2' title="bbox 1478 415 2585 496">
     <span class='ocr_line' id='line_1_2' title="bbox 1478 415 2585 496; baseline 0.002 -2"><span class='ocrx_word' id='word_1_2' title='bbox 1478 415 1565 494; x_wconf 75' lang='lat' dir='ltr'><strong>bs</strong></span> <span class='ocrx_word' id='word_1_3' title='bbox 1603 437 1979 494; x_wconf 81' lang='lat' dir='ltr'><strong>TRINITATE</strong></span> <span class='ocrx_word' id='word_1_4' title='bbox 2020 436 2219 492; x_wconf 72' lang='lat' dir='ltr'><strong>mean</strong></span> <span class='ocrx_word' id='word_1_5' title='bbox 2260 433 2585 496; x_wconf 75' lang='lat' dir='ltr'><strong>TERTIUS.</strong></span> 
     </span>
    </p>
   </div>
   <div class='ocr_carea' id='block_1_3' title="bbox 3550 446 3655 500">
    <p class='ocr_par' dir='ltr' id='par_1_3' title="bbox 3550 446 3655 500">
     <span class='ocr_line' id='line_1_3' title="bbox 3550 446 3655 500; baseline 0 0"><span class='ocrx_word' id='word_1_6' title='bbox 3550 446 3655 500; x_wconf 66' lang='lat'><strong>839.</strong></span> 
     </span>
    </p>
   </div>
   <div class='ocr_carea' id='block_1_4' title="bbox 412 545 1987 624">
    <p class='ocr_par' dir='ltr' id='par_1_4' title="bbox 412 545 1987 621">
     <span class='ocr_line' id='line_1_4' title="bbox 412 545 1987 621; baseline 0 -19"><span class='ocrx_word' id='word_1_7' title='bbox 412 545 486 602; x_wconf 83' lang='grc' dir='ltr'>τὰ</span> <span class='ocrx_word' id='word_1_8' title='bbox 522 546 713 618; x_wconf 83' lang='grc' dir='ltr'>ίμάτιά</span> <span class='ocrx_word' id='word_1_9' title='bbox 744 562 855 617; x_wconf 87' lang='grc' dir='ltr'>-μου</span> <span class='ocrx_word' id='word_1_10' title='bbox 893 547 1130 615; x_wconf 76' lang='grc' dir='ltr'><strong>ἑαυτοῖς,</strong></span> <span class='ocrx_word' id='word_1_11' title='bbox 1165 548 1258 603; x_wconf 85' lang='grc' dir='ltr'><strong>καί</strong></span> <span class='ocrx_word' id='word_1_12' title='bbox 1293 548 1386 602; x_wconf 78' lang='grc' dir='ltr'><strong>ἐπὶ</strong></span> <span class='ocrx_word' id='word_1_13' title='bbox 1415 550 1505 617; x_wconf 78' lang='grc' dir='ltr'><strong>τὸν</strong></span> <span class='ocrx_word' id='word_1_14' title='bbox 1548 550 1840 621; x_wconf 75' lang='grc' dir='ltr'>ἱματισμόν</span> <span class='ocrx_word' id='word_1_15' title='bbox 1888 567 1987 621; x_wconf 90' lang='grc' dir='ltr'><strong>μου</strong></span> 
     </span>
    </p>
   </div>
   <div class='ocr_carea' id='block_1_5' title="bbox 2085 545 3657 624">
    <p class='ocr_par' dir='ltr' id='par_1_5' title="bbox 2088 550 3657 624">
     <span class='ocr_line' id='line_1_5' title="bbox 2088 550 3657 624; baseline 0.005 -19"><span class='ocrx_word' id='word_1_16' title='bbox 2088 550 2408 606; x_wconf 82' lang='lat' dir='ltr'><strong>vestimenta</strong></span> <span class='ocrx_word' id='word_1_17' title='bbox 2429 565 2546 606; x_wconf 90' lang='lat' dir='ltr'><strong>mea</strong></span> <span class='ocrx_word' id='word_1_18' title='bbox 2569 550 2697 616; x_wconf 91' lang='lat' dir='ltr'><strong>sibi,</strong></span> <span class='ocrx_word' id='word_1_19' title='bbox 2731 561 2786 607; x_wconf 92' lang='lat' dir='ltr'><strong>et</strong></span> <span class='ocrx_word' id='word_1_20' title='bbox 2812 567 2973 623; x_wconf 84' lang='lat' dir='ltr'><strong>super</strong></span> <span class='ocrx_word' id='word_1_21' title='bbox 2997 563 3199 612; x_wconf 87' lang='lat' dir='ltr'><strong>vestem</strong></span> <span class='ocrx_word' id='word_1_22' title='bbox 3219 568 3393 612; x_wconf 82' lang='lat' dir='ltr'><strong>meam</strong></span> <span class='ocrx_word' id='word_1_23' title='bbox 3406 554 3657 624; x_wconf 75' lang='lat' dir='ltr'><strong>iecerunt</strong></span> 
     </span>
    </p>
   </div>
   <div class='ocr_carea' id='block_1_6' title="bbox 414 635 1990 710">
    <p class='ocr_par' dir='ltr' id='par_1_6' title="bbox 414 635 1990 710">
     <span class='ocr_line' id='line_1_6' title="bbox 414 635 1990 710; baseline 0.003 -20"><span class='ocrx_word' id='word_1_24' title='bbox 414 636 608 691; x_wconf 75' lang='grc' dir='ltr'>ἔσαλον</span> <span class='ocrx_word' id='word_1_25' title='bbox 637 635 867 709; x_wconf 83' lang='grc' dir='ltr'>κλῆρον·</span> <span class='ocrx_word' id='word_1_26' title='bbox 898 654 917 688; x_wconf 79' lang='grc' dir='ltr'><strong>ι</strong></span> <span class='ocrx_word' id='word_1_27' title='bbox 943 637 1039 690; x_wconf 79' lang='grc' dir='ltr'>καὶ</span> <span class='ocrx_word' id='word_1_28' title='bbox 1065 639 1123 691; x_wconf 84' lang='grc' dir='ltr'>ὲν</span> <span class='ocrx_word' id='word_1_29' title='bbox 1151 635 1273 709; x_wconf 70' lang='grc' dir='ltr'>ριξ·</span> <span class='ocrx_word' id='word_1_30' title='bbox 1308 656 1327 690; x_wconf 78' lang='grc' dir='ltr'><strong>ι</strong></span> <span class='ocrx_word' id='word_1_31' title='bbox 1356 638 1538 702; x_wconf 84' lang='grc' dir='ltr'><strong>Λίθον,</strong></span> <span class='ocrx_word' id='word_1_32' title='bbox 1568 639 1627 692; x_wconf 86' lang='grc' dir='ltr'>ὃν</span> <span class='ocrx_word' id='word_1_33' title='bbox 1652 640 1990 710; x_wconf 82' lang='grc' dir='ltr'>ἀπεδοκίμα-</span> 
     </span>
    </p>
   </div>
   <div class='ocr_carea' id='block_1_7' title="bbox 414 720 1990 803">
    <p class='ocr_par' dir='ltr' id='par_1_7' title="bbox 414 720 1990 803">
     <span class='ocr_line' id='line_1_7' title="bbox 414 720 1990 803; baseline 0.002 -22"><span class='ocrx_word' id='word_1_34' title='bbox 414 744 527 782; x_wconf 79' lang='grc' dir='ltr'><strong>σαν</strong></span> <span class='ocrx_word' id='word_1_35' title='bbox 572 728 624 779; x_wconf 78' lang='grc' dir='ltr'>οἱ</span> <span class='ocrx_word' id='word_1_36' title='bbox 676 725 1108 797; x_wconf 76' lang='grc' dir='ltr'>οἰκοδομοῦντες,</span> <span class='ocrx_word' id='word_1_37' title='bbox 1142 720 1296 792; x_wconf 75' lang='grc' dir='ltr'>οὗτος</span> <span class='ocrx_word' id='word_1_38' title='bbox 1347 729 1580 800; x_wconf 82' lang='grc' dir='ltr'>ἐγενήθη</span> <span class='ocrx_word' id='word_1_39' title='bbox 1634 732 1713 795; x_wconf 89' lang='grc' dir='ltr'><strong>είς</strong></span> <span class='ocrx_word' id='word_1_40' title='bbox 1750 731 1990 803; x_wconf 82' lang='grc' dir='ltr'>κεφαλὴν</span> 
     </span>
    </p>
   </div>
   <div class='ocr_carea' id='block_1_8' title="bbox 410 818 1984 891">
    <p class='ocr_par' dir='ltr' id='par_1_8' title="bbox 410 818 1984 891">
     <span class='ocr_line' id='line_1_8' title="bbox 410 818 1984 891; baseline 0 -18"><span class='ocrx_word' id='word_1_41' title='bbox 410 818 649 887; x_wconf 82' lang='grc' dir='ltr'>γωνίας,</span> <span class='ocrx_word' id='word_1_42' title='bbox 681 819 773 872; x_wconf 79' lang='grc' dir='ltr'><strong>καὶ</strong></span> <span class='ocrx_word' id='word_1_43' title='bbox 813 818 966 872; x_wconf 73' lang='grc' dir='ltr'>ἔσται</span> <span class='ocrx_word' id='word_1_44' title='bbox 1005 820 1293 891; x_wconf 77' lang='grc' dir='ltr'>θαυμαστὴ</span> <span class='ocrx_word' id='word_1_45' title='bbox 1328 821 1385 874; x_wconf 84' lang='grc' dir='ltr'>ὲν</span> <span class='ocrx_word' id='word_1_46' title='bbox 1417 819 1712 891; x_wconf 84' lang='grc' dir='ltr'><strong>ὀφθαλμοῖς</strong></span> <span class='ocrx_word' id='word_1_47' title='bbox 1738 822 1895 891; x_wconf 83' lang='grc' dir='ltr'>ἡμῶν</span> <span class='ocrx_word' id='word_1_48' title='bbox 1917 837 1931 852; x_wconf 91' lang='grc'><strong>·</strong></span> <span class='ocrx_word' id='word_1_49' title='bbox 1965 840 1984 873; x_wconf 73' lang='grc' dir='ltr'><strong>ι</strong></span> 
     </span>
    </p>
   </div>
   <div class='ocr_carea' id='block_1_9' title="bbox 410 909 1991 984">
    <p class='ocr_par' dir='ltr' id='par_1_9' title="bbox 410 909 1991 984">
     <span class='ocr_line' id='line_1_9' title="bbox 410 909 1991 984; baseline 0 -19"><span class='ocrx_word' id='word_1_50' title='bbox 410 911 509 965; x_wconf 78' lang='grc' dir='ltr'>καὶ</span> <span class='ocrx_word' id='word_1_51' title='bbox 561 909 820 973; x_wconf 80' lang='grc' dir='ltr'>Ἡσαΐας·</span> <span class='ocrx_word' id='word_1_52' title='bbox 866 928 885 962; x_wconf 75' lang='grc' dir='ltr'><strong>ι</strong></span> <span class='ocrx_word' id='word_1_53' title='bbox 920 910 1141 965; x_wconf 81' lang='grc' dir='ltr'><strong>Παιδίον</strong></span> <span class='ocrx_word' id='word_1_54' title='bbox 1169 912 1430 984; x_wconf 77' lang='grc' dir='ltr'><strong>ἐγεννήθη</strong></span> <span class='ocrx_word' id='word_1_55' title='bbox 1475 913 1629 983; x_wconf 79' lang='grc' dir='ltr'>ἡμῖν.</span> <span class='ocrx_word' id='word_1_56' title='bbox 1680 932 1698 964; x_wconf 75' lang='grc' dir='ltr'><strong>ι</strong></span> <span class='ocrx_word' id='word_1_57' title='bbox 1738 912 1900 980; x_wconf 82' lang='grc' dir='ltr'><strong>Λέγει</strong></span> <span class='ocrx_word' id='word_1_58' title='bbox 1928 911 1991 965; x_wconf 85' lang='grc' dir='ltr'><strong>τὸ</strong></span> 
     </span>
    </p>
   </div>
   <div class='ocr_carea' id='block_1_10' title="bbox 316 1000 1991 1072">
    <p class='ocr_par' dir='ltr' id='par_1_10' title="bbox 316 1000 1991 1072">
     <span class='ocr_line' id='line_1_10' title="bbox 316 1000 1991 1072; baseline 0.002 -18"><span class='ocrx_word' id='word_1_59' title='bbox 316 1012 325 1015; x_wconf 85' lang='grc'><strong><em>“</em></strong></span> <span class='ocrx_word' id='word_1_60' title='bbox 416 1000 642 1072; x_wconf 78' lang='grc' dir='ltr'>μηδέπω</span> <span class='ocrx_word' id='word_1_61' title='bbox 668 1000 880 1072; x_wconf 88' lang='grc' dir='ltr'>τεχθέν.</span> <span class='ocrx_word' id='word_1_62' title='bbox 904 1003 1017 1056; x_wconf 75' lang='grc' dir='ltr'><strong>Καὶ</strong></span> <span class='ocrx_word' id='word_1_63' title='bbox 1042 1002 1233 1055; x_wconf 86' lang='grc' dir='ltr'>πάλιν·</span> <span class='ocrx_word' id='word_1_64' title='bbox 1268 1021 1286 1053; x_wconf 76' lang='grc' dir='ltr'><strong>ι</strong></span> <span class='ocrx_word' id='word_1_65' title='bbox 1333 1003 1419 1065; x_wconf 85' lang='grc' dir='ltr'>Ὠς</span> <span class='ocrx_word' id='word_1_66' title='bbox 1442 1002 1831 1072; x_wconf 74' lang='grc' dir='ltr'>πρόϐατον,ὲπ“ι</span> <span class='ocrx_word' id='word_1_67' title='bbox 1856 1020 1991 1072; x_wconf 81' lang='grc' dir='ltr'>σφα-</span> 
     </span>
    </p>
   </div>
   <div class='ocr_carea' id='block_1_11' title="bbox 409 1088 1986 1164">
    <p class='ocr_par' dir='ltr' id='par_1_11' title="bbox 409 1088 1986 1164">
     <span class='ocr_line' id='line_1_11' title="bbox 409 1088 1986 1164; baseline 0.001 -20"><span class='ocrx_word' id='word_1_68' title='bbox 409 1092 517 1163; x_wconf 82' lang='grc' dir='ltr'>γὴν</span> <span class='ocrx_word' id='word_1_69' title='bbox 548 1091 690 1162; x_wconf 74' lang='grc' dir='ltr'>ἤχθη</span> <span class='ocrx_word' id='word_1_70' title='bbox 710 1107 724 1122; x_wconf 88' lang='grc'><strong>·</strong></span> <span class='ocrx_word' id='word_1_71' title='bbox 766 1110 785 1143; x_wconf 73' lang='grc' dir='ltr'><strong>ι</strong></span> <span class='ocrx_word' id='word_1_72' title='bbox 813 1091 993 1146; x_wconf 87' lang='grc' dir='ltr'>καίτοι</span> <span class='ocrx_word' id='word_1_73' title='bbox 1029 1093 1243 1145; x_wconf 79' lang='grc' dir='ltr'>οὐδέπω</span> <span class='ocrx_word' id='word_1_74' title='bbox 1271 1088 1339 1164; x_wconf 80' lang='grc' dir='ltr'>ἦν</span> <span class='ocrx_word' id='word_1_75' title='bbox 1383 1094 1448 1144; x_wconf 82' lang='grc' dir='ltr'>ὲκ</span> <span class='ocrx_word' id='word_1_76' title='bbox 1474 1094 1690 1164; x_wconf 82' lang='grc' dir='ltr'><strong>Μαρίας</strong></span> <span class='ocrx_word' id='word_1_77' title='bbox 1714 1093 1925 1164; x_wconf 77' lang='grc' dir='ltr'><strong>τεχθεὶς</strong></span> <span class='ocrx_word' id='word_1_78' title='bbox 1958 1093 1986 1145; x_wconf 83' lang='grc' dir='ltr'><strong>ὁ</strong></span> 
     </span>
    </p>
   </div>
   <div class='ocr_carea' id='block_1_12' title="bbox 340 1180 1988 1256">
    <p class='ocr_par' dir='ltr' id='par_1_12' title="bbox 340 1180 1988 1256">
     <span class='ocr_line' id='line_1_12' title="bbox 340 1180 1988 1256; baseline 0.001 -19"><span class='ocrx_word' id='word_1_79' title='bbox 340 1193 349 1201; x_wconf 85' lang='lat'><strong>&#39;</strong></span> <span class='ocrx_word' id='word_1_80' title='bbox 409 1182 603 1252; x_wconf 75' lang='grc' dir='ltr'>ἀμνὸς.</span> <span class='ocrx_word' id='word_1_81' title='bbox 646 1183 756 1236; x_wconf 73' lang='grc' dir='ltr'><strong>Καὶ</strong></span> <span class='ocrx_word' id='word_1_82' title='bbox 785 1182 946 1237; x_wconf 71' lang='grc' dir='ltr'>πάλιν</span> <span class='ocrx_word' id='word_1_83' title='bbox 973 1198 988 1214; x_wconf 86' lang='grc'><em>’</em></span> <span class='ocrx_word' id='word_1_84' title='bbox 1034 1201 1054 1236; x_wconf 78' lang='lat' dir='ltr'><strong>t</strong></span> <span class='ocrx_word' id='word_1_85' title='bbox 1091 1183 1304 1254; x_wconf 78' lang='grc' dir='ltr'>ἰδομεν</span> <span class='ocrx_word' id='word_1_86' title='bbox 1347 1183 1527 1247; x_wconf 78' lang='grc' dir='ltr'>αὐτὸν,</span> <span class='ocrx_word' id='word_1_87' title='bbox 1557 1186 1651 1237; x_wconf 72' lang='grc' dir='ltr'>καὶ</span> <span class='ocrx_word' id='word_1_88' title='bbox 1703 1185 1803 1237; x_wconf 88' lang='grc' dir='ltr'><strong>ούκ</strong></span> <span class='ocrx_word' id='word_1_89' title='bbox 1844 1180 1988 1256; x_wconf 85' lang='grc' dir='ltr'>εἶχεν</span> 
     </span>
    </p>
   </div>
   <div class='ocr_carea' id='block_1_13' title="bbox 412 1266 1987 1344">
    <p class='ocr_par' dir='ltr' id='par_1_13' title="bbox 412 1266 1987 1344">
     <span class='ocr_line' id='line_1_13' title="bbox 412 1266 1987 1344; baseline 0.001 -19"><span class='ocrx_word' id='word_1_90' title='bbox 412 1266 573 1336; x_wconf 73' lang='grc' dir='ltr'>εἶδος,</span> <span class='ocrx_word' id='word_1_91' title='bbox 610 1272 731 1324; x_wconf 82' lang='grc' dir='ltr'>οὐδὲ</span> <span class='ocrx_word' id='word_1_92' title='bbox 772 1272 986 1335; x_wconf 86' lang='grc' dir='ltr'>κάλλος.</span> <span class='ocrx_word' id='word_1_93' title='bbox 1031 1291 1051 1323; x_wconf 75' lang='grc' dir='ltr'><strong>ι</strong></span> <span class='ocrx_word' id='word_1_94' title='bbox 1086 1273 1196 1325; x_wconf 78' lang='grc' dir='ltr'>Καὶ</span> <span class='ocrx_word' id='word_1_95' title='bbox 1239 1271 1343 1343; x_wconf 82' lang='grc' dir='ltr'><strong>μὴν</strong></span> <span class='ocrx_word' id='word_1_96' title='bbox 1382 1272 1519 1344; x_wconf 79' lang='grc' dir='ltr'>μετὰ</span> <span class='ocrx_word' id='word_1_97' title='bbox 1565 1272 1764 1336; x_wconf 81' lang='grc' dir='ltr'>πολλάς</span> <span class='ocrx_word' id='word_1_98' title='bbox 1793 1273 1987 1341; x_wconf 85' lang='grc' dir='ltr'>γενεὰς</span> 
     </span>
    </p>
   </div>
   <div class='ocr_carea' id='block_1_14' title="bbox 412 1361 1983 1436">
    <p class='ocr_par' dir='ltr' id='par_1_14' title="bbox 412 1361 1983 1436">
     <span class='ocr_line' id='line_1_14' title="bbox 412 1361 1983 1436; baseline 0.003 -22"><span class='ocrx_word' id='word_1_99' title='bbox 412 1361 569 1433; x_wconf 67' lang='grc' dir='ltr'>ὤφθη</span> <span class='ocrx_word' id='word_1_100' title='bbox 600 1361 843 1425; x_wconf 82' lang='grc' dir='ltr'>τοιοῦτος</span> <span class='ocrx_word' id='word_1_101' title='bbox 881 1365 939 1415; x_wconf 77' lang='grc' dir='ltr'>ὲν</span> <span class='ocrx_word' id='word_1_102' title='bbox 973 1362 1050 1433; x_wconf 85' lang='grc' dir='ltr'>τῷ</span> <span class='ocrx_word' id='word_1_103' title='bbox 1082 1365 1333 1435; x_wconf 83' lang='grc' dir='ltr'><strong>σωτηρίῳ</strong></span> <span class='ocrx_word' id='word_1_104' title='bbox 1362 1364 1544 1418; x_wconf 85' lang='grc' dir='ltr'>πάθει.</span> <span class='ocrx_word' id='word_1_105' title='bbox 1585 1364 1690 1418; x_wconf 78' lang='grc' dir='ltr'><strong>Καὶ</strong></span> <span class='ocrx_word' id='word_1_106' title='bbox 1717 1366 1948 1436; x_wconf 81' lang='grc' dir='ltr'><strong>ἀλλαχοῦ</strong></span> <span class='ocrx_word' id='word_1_107' title='bbox 1970 1380 1983 1395; x_wconf 90' lang='grc'><strong>·</strong></span> 
     </span>
    </p>
   </div>
   <div class='ocr_carea' id='block_1_15' title="bbox 418 1452 1986 1526">
    <p class='ocr_par' dir='ltr' id='par_1_15' title="bbox 418 1452 1986 1526">
     <span class='ocr_line' id='line_1_15' title="bbox 418 1452 1986 1526; baseline 0.003 -22"><span class='ocrx_word' id='word_1_108' title='bbox 418 1471 439 1504; x_wconf 75' lang='grc' dir='ltr'><strong>ι</strong></span> <span class='ocrx_word' id='word_1_109' title='bbox 479 1452 918 1523; x_wconf 81' lang='grc' dir='ltr'>Τὰςνεομηνίας</span> <span class='ocrx_word' id='word_1_110' title='bbox 965 1454 1139 1525; x_wconf 82' lang='grc' dir='ltr'>ὑμῶν,</span> <span class='ocrx_word' id='word_1_111' title='bbox 1177 1456 1271 1507; x_wconf 77' lang='grc' dir='ltr'>καὶ</span> <span class='ocrx_word' id='word_1_112' title='bbox 1310 1455 1376 1509; x_wconf 85' lang='grc' dir='ltr'>τὰ</span> <span class='ocrx_word' id='word_1_113' title='bbox 1409 1455 1663 1509; x_wconf 71' lang='grc' dir='ltr'>Σάϐϐατα</span> <span class='ocrx_word' id='word_1_114' title='bbox 1689 1456 1864 1526; x_wconf 82' lang='grc' dir='ltr'>ὑμῶν,</span> <span class='ocrx_word' id='word_1_115' title='bbox 1894 1458 1986 1511; x_wconf 81' lang='grc' dir='ltr'><strong>καὶ</strong></span> 
     </span>
    </p>
   </div>
   <div class='ocr_carea' id='block_1_16' title="bbox 411 1542 1986 1618">
    <p class='ocr_par' dir='ltr' id='par_1_16' title="bbox 411 1542 1986 1618">
     <span class='ocr_line' id='line_1_16' title="bbox 411 1542 1986 1618; baseline 0.003 -23"><span class='ocrx_word' id='word_1_116' title='bbox 411 1543 513 1606; x_wconf 84' lang='grc' dir='ltr'><strong>τὰς</strong></span> <span class='ocrx_word' id='word_1_117' title='bbox 534 1542 728 1614; x_wconf 78' lang='grc' dir='ltr'>ἑορτὰς</span> <span class='ocrx_word' id='word_1_118' title='bbox 755 1544 1119 1615; x_wconf 77' lang='grc' dir='ltr'>μισεῖήψυχή</span> <span class='ocrx_word' id='word_1_119' title='bbox 1160 1561 1280 1615; x_wconf 88' lang='grc' dir='ltr'>μου.</span> <span class='ocrx_word' id='word_1_120' title='bbox 1319 1564 1339 1597; x_wconf 73' lang='grc' dir='ltr'><strong>ι</strong></span> <span class='ocrx_word' id='word_1_121' title='bbox 1390 1545 1650 1616; x_wconf 87' lang='grc' dir='ltr'>Ἐμίσησε</span> <span class='ocrx_word' id='word_1_122' title='bbox 1709 1546 1766 1600; x_wconf 88' lang='grc' dir='ltr'>δὲ</span> <span class='ocrx_word' id='word_1_123' title='bbox 1808 1546 1986 1618; x_wconf 79' lang='grc' dir='ltr'>πολλῷ</span> 
     </span>
    </p>
   </div>
   <div class='ocr_carea' id='block_1_17' title="bbox 414 1631 1987 1706">
    <p class='ocr_par' dir='ltr' id='par_1_17' title="bbox 414 1631 1987 1706">
     <span class='ocr_line' id='line_1_17' title="bbox 414 1631 1987 1706; baseline 0.003 -22"><span class='ocrx_word' id='word_1_124' title='bbox 414 1631 661 1702; x_wconf 79' lang='grc' dir='ltr'>ὕστερον,</span> <span class='ocrx_word' id='word_1_125' title='bbox 688 1632 775 1685; x_wconf 83' lang='grc' dir='ltr'><strong>ὅτε</strong></span> <span class='ocrx_word' id='word_1_126' title='bbox 805 1631 869 1703; x_wconf 84' lang='grc' dir='ltr'>δὴ</span> <span class='ocrx_word' id='word_1_127' title='bbox 900 1632 1342 1703; x_wconf 82' lang='grc' dir='ltr'>ὲνηνθρώπησεν,</span> <span class='ocrx_word' id='word_1_128' title='bbox 1377 1634 1470 1687; x_wconf 78' lang='grc' dir='ltr'>καὶ</span> <span class='ocrx_word' id='word_1_129' title='bbox 1495 1635 1591 1703; x_wconf 83' lang='grc' dir='ltr'>τὴν</span> <span class='ocrx_word' id='word_1_130' title='bbox 1625 1634 1832 1706; x_wconf 81' lang='grc' dir='ltr'>Καινὴν</span> <span class='ocrx_word' id='word_1_131' title='bbox 1860 1637 1987 1689; x_wconf 87' lang='grc' dir='ltr'>Δια-</span> 
     </span>
    </p>
   </div>
   <div class='ocr_carea' id='block_1_18' title="bbox 414 1721 1985 1795">
    <p class='ocr_par' dir='ltr' id='par_1_18' title="bbox 414 1721 1985 1795">
     <span class='ocr_line' id='line_1_18' title="bbox 414 1721 1985 1795; baseline 0.003 -20"><span class='ocrx_word' id='word_1_132' title='bbox 414 1721 589 1793; x_wconf 88' lang='grc' dir='ltr'>θήκην</span> <span class='ocrx_word' id='word_1_133' title='bbox 618 1724 746 1793; x_wconf 80' lang='grc' dir='ltr'>ἡμῖν</span> <span class='ocrx_word' id='word_1_134' title='bbox 782 1722 1003 1777; x_wconf 88' lang='grc' dir='ltr'>διέθετο.</span> <span class='ocrx_word' id='word_1_135' title='bbox 1040 1724 1148 1777; x_wconf 77' lang='grc' dir='ltr'><strong>Καὶ</strong></span> <span class='ocrx_word' id='word_1_136' title='bbox 1176 1722 1245 1776; x_wconf 84' lang='grc' dir='ltr'><strong>τά</strong></span> <span class='ocrx_word' id='word_1_137' title='bbox 1283 1723 1621 1795; x_wconf 82' lang='grc' dir='ltr'>παρελθόντα</span> <span class='ocrx_word' id='word_1_138' title='bbox 1655 1723 1744 1791; x_wconf 83' lang='grc' dir='ltr'><strong>δὲ,</strong></span> <span class='ocrx_word' id='word_1_139' title='bbox 1775 1725 1850 1789; x_wconf 84' lang='grc' dir='ltr'>ὡς</span> <span class='ocrx_word' id='word_1_140' title='bbox 1896 1728 1985 1780; x_wconf 83' lang='grc' dir='ltr'><strong>ὲν-</strong></span> 
     </span>
    </p>
   </div>
   <div class='ocr_carea' id='block_1_19' title="bbox 413 1813 1981 1888">
    <p class='ocr_par' dir='ltr' id='par_1_19' title="bbox 413 1813 1981 1888">
     <span class='ocr_line' id='line_1_19' title="bbox 413 1813 1981 1888; baseline 0.002 -22"><span class='ocrx_word' id='word_1_141' title='bbox 413 1813 645 1878; x_wconf 73' lang='grc' dir='ltr'>εστῶτα,</span> <span class='ocrx_word' id='word_1_142' title='bbox 688 1813 827 1867; x_wconf 83' lang='grc' dir='ltr'>καθὰ</span> <span class='ocrx_word' id='word_1_143' title='bbox 856 1813 1091 1885; x_wconf 79' lang='grc' dir='ltr'>εἴρηται,</span> <span class='ocrx_word' id='word_1_144' title='bbox 1143 1813 1432 1883; x_wconf 83' lang='grc' dir='ltr'>διηγεῖται,</span> <span class='ocrx_word' id='word_1_145' title='bbox 1468 1813 1544 1877; x_wconf 84' lang='grc' dir='ltr'>ὡς</span> <span class='ocrx_word' id='word_1_146' title='bbox 1595 1814 1722 1867; x_wconf 82' lang='grc' dir='ltr'>ὅταν</span> <span class='ocrx_word' id='word_1_147' title='bbox 1778 1815 1981 1888; x_wconf 79' lang='grc' dir='ltr'>φράζῃ·</span> 
     </span>
    </p>
   </div>
   <div class='ocr_carea' id='block_1_20' title="bbox 2091 640 3717 714">
    <p class='ocr_par' dir='ltr' id='par_1_20' title="bbox 2091 640 3717 714">
     <span class='ocr_line' id='line_1_20' title="bbox 2091 640 3717 714; baseline 0.004 -20"><span class='ocrx_word' id='word_1_148' title='bbox 2091 649 2323 707; x_wconf 79' lang='lat' dir='ltr'><strong>sortem;</strong></span> <span class='ocrx_word' id='word_1_149' title='bbox 2349 658 2368 692; x_wconf 75' lang='grc' dir='ltr'><strong>ι</strong></span> <span class='ocrx_word' id='word_1_150' title='bbox 2402 648 2456 694; x_wconf 87' lang='grc' dir='ltr'><strong>ει</strong></span> <span class='ocrx_word' id='word_1_151' title='bbox 2485 640 2538 694; x_wconf 92' lang='lat' dir='ltr'><strong>in</strong></span> <span class='ocrx_word' id='word_1_152' title='bbox 2564 654 2736 694; x_wconf 82' lang='lat' dir='ltr'><strong>cxvu:</strong></span> <span class='ocrx_word' id='word_1_153' title='bbox 2773 659 2791 694; x_wconf 75' lang='grc' dir='ltr'><strong>ι</strong></span> <span class='ocrx_word' id='word_1_154' title='bbox 2819 640 3071 712; x_wconf 79' lang='lat' dir='ltr'><strong>L‘apidem</strong></span> <span class='ocrx_word' id='word_1_155' title='bbox 3103 642 3213 714; x_wconf 78' lang='lat' dir='ltr'><strong>(3i)</strong></span> <span class='ocrx_word' id='word_1_156' title='bbox 3248 656 3407 714; x_wconf 90' lang='lat' dir='ltr'><strong>quem</strong></span> <span class='ocrx_word' id='word_1_157' title='bbox 3463 660 3642 713; x_wconf 86' lang='lat' dir='ltr'><strong>repro-</strong></span> <span class='ocrx_word' id='word_1_158' title='bbox 3711 640 3717 668; x_wconf 64' lang='grc' dir='ltr'><strong>ί</strong></span> 
     </span>
    </p>
   </div>
   <div class='ocr_carea' id='block_1_21' title="bbox 2089 728 3656 803">
    <p class='ocr_par' dir='ltr' id='par_1_21' title="bbox 2089 728 3656 803">
     <span class='ocr_line' id='line_1_21' title="bbox 2089 728 3656 803; baseline 0.003 -17"><span class='ocrx_word' id='word_1_159' title='bbox 2089 730 2356 786; x_wconf 89' lang='lat' dir='ltr'><strong>baveruut</strong></span> <span class='ocrx_word' id='word_1_160' title='bbox 2403 728 2754 796; x_wconf 67' lang='lat' dir='ltr'><strong>aediﬁcantes,</strong></span> <span class='ocrx_word' id='word_1_161' title='bbox 2813 730 2901 784; x_wconf 91' lang='lat' dir='ltr'><strong>hic</strong></span> <span class='ocrx_word' id='word_1_162' title='bbox 2960 731 3132 787; x_wconf 87' lang='lat' dir='ltr'><strong>factus</strong></span> <span class='ocrx_word' id='word_1_163' title='bbox 3177 741 3262 788; x_wconf 91' lang='lat' dir='ltr'><strong>est</strong></span> <span class='ocrx_word' id='word_1_164' title='bbox 3291 733 3344 787; x_wconf 92' lang='lat' dir='ltr'><strong>in</strong></span> <span class='ocrx_word' id='word_1_165' title='bbox 3375 744 3656 803; x_wconf 84' lang='lat' dir='ltr'><strong>caputan-</strong></span> 
     </span>
    </p>
   </div>
   <div class='ocr_carea' id='block_1_22' title="bbox 2089 819 3653 891">
    <p class='ocr_par' dir='ltr' id='par_1_22' title="bbox 2089 819 3653 891">
     <span class='ocr_line' id='line_1_22' title="bbox 2089 819 3653 891; baseline 0.003 -18"><span class='ocrx_word' id='word_1_166' title='bbox 2089 819 2192 890; x_wconf 74' lang='lat' dir='ltr'><strong>guli</strong></span> <span class='ocrx_word' id='word_1_167' title='bbox 2218 838 2233 874; x_wconf 87' lang='lat'><strong>:</strong></span> <span class='ocrx_word' id='word_1_168' title='bbox 2264 828 2320 874; x_wconf 90' lang='lat' dir='ltr'><strong>et</strong></span> <span class='ocrx_word' id='word_1_169' title='bbox 2345 820 2450 875; x_wconf 92' lang='lat' dir='ltr'><strong>erit</strong></span> <span class='ocrx_word' id='word_1_170' title='bbox 2479 821 2589 891; x_wconf 76' lang='grc'>(52)</span> <span class='ocrx_word' id='word_1_171' title='bbox 2638 820 2901 875; x_wconf 81' lang='lat' dir='ltr'><strong>mirabilis</strong></span> <span class='ocrx_word' id='word_1_172' title='bbox 2950 823 3001 875; x_wconf 88' lang='lat' dir='ltr'><strong>in</strong></span> <span class='ocrx_word' id='word_1_173' title='bbox 3056 823 3228 877; x_wconf 90' lang='lat' dir='ltr'><strong>oculis</strong></span> <span class='ocrx_word' id='word_1_174' title='bbox 3289 824 3518 887; x_wconf 86' lang='lat' dir='ltr'><strong>nostris;</strong></span> <span class='ocrx_word' id='word_1_175' title='bbox 3550 843 3571 876; x_wconf 73' lang='grc' dir='ltr'><strong>ι</strong></span> <span class='ocrx_word' id='word_1_176' title='bbox 3599 833 3653 880; x_wconf 92' lang='lat' dir='ltr'><strong>et</strong></span> 
     </span>
    </p>
   </div>
   <div class='ocr_carea' id='block_1_23' title="bbox 2088 908 3652 981">
    <p class='ocr_par' dir='ltr' id='par_1_23' title="bbox 2088 908 3652 981">
     <span class='ocr_line' id='line_1_23' title="bbox 2088 908 3652 981; baseline 0.005 -19"><span class='ocrx_word' id='word_1_177' title='bbox 2088 908 2253 964; x_wconf 82' lang='lat' dir='ltr'><strong>Isaias</strong></span> <span class='ocrx_word' id='word_1_178' title='bbox 2279 926 2293 962; x_wconf 91' lang='lat'><strong>:</strong></span> <span class='ocrx_word' id='word_1_179' title='bbox 2325 910 2494 965; x_wconf 71' lang='lat' dir='ltr'><strong>«Puer</strong></span> <span class='ocrx_word' id='word_1_180' title='bbox 2523 910 2631 981; x_wconf 85' lang='grc'>(55)</span> <span class='ocrx_word' id='word_1_181' title='bbox 2660 920 2815 965; x_wconf 90' lang='lat' dir='ltr'><strong>natus</strong></span> <span class='ocrx_word' id='word_1_182' title='bbox 2840 920 2921 966; x_wconf 88' lang='lat' dir='ltr'><strong>est</strong></span> <span class='ocrx_word' id='word_1_183' title='bbox 2952 912 3128 967; x_wconf 79' lang='lat' dir='ltr'><strong>nobis.</strong></span> <span class='ocrx_word' id='word_1_184' title='bbox 3154 930 3175 962; x_wconf 82' lang='grc'>›</span> <span class='ocrx_word' id='word_1_185' title='bbox 3209 911 3268 966; x_wconf 88' lang='lat' dir='ltr'><strong>Id</strong></span> <span class='ocrx_word' id='word_1_186' title='bbox 3296 922 3472 968; x_wconf 91' lang='lat' dir='ltr'><strong>autem</strong></span> <span class='ocrx_word' id='word_1_187' title='bbox 3504 915 3570 969; x_wconf 91' lang='lat' dir='ltr'><strong>de</strong></span> <span class='ocrx_word' id='word_1_188' title='bbox 3587 930 3652 970; x_wconf 91' lang='lat' dir='ltr'><strong>eo</strong></span> 
     </span>
    </p>
   </div>
   <div class='ocr_carea' id='block_1_24' title="bbox 2040 998 3652 1066">
    <p class='ocr_par' dir='ltr' id='par_1_24' title="bbox 2040 998 3652 1066">
     <span class='ocr_line' id='line_1_24' title="bbox 2040 998 3652 1066; baseline 0.006 -15"><span class='ocrx_word' id='word_1_189' title='bbox 2040 998 2237 1062; x_wconf 83' lang='lat' dir='ltr'><strong>&quot;dicit,</strong></span> <span class='ocrx_word' id='word_1_190' title='bbox 2262 999 2353 1066; x_wconf 86' lang='lat' dir='ltr'><strong>qui</strong></span> <span class='ocrx_word' id='word_1_191' title='bbox 2404 1001 2639 1054; x_wconf 89' lang='lat' dir='ltr'><strong>nondum</strong></span> <span class='ocrx_word' id='word_1_192' title='bbox 2691 1008 2808 1054; x_wconf 88' lang='lat' dir='ltr'><strong>erat</strong></span> <span class='ocrx_word' id='word_1_193' title='bbox 2845 1011 3019 1056; x_wconf 90' lang='lat' dir='ltr'><strong>natus.</strong></span> <span class='ocrx_word' id='word_1_194' title='bbox 3076 1001 3143 1056; x_wconf 88' lang='lat' dir='ltr'><strong>Et</strong></span> <span class='ocrx_word' id='word_1_195' title='bbox 3185 1017 3408 1057; x_wconf 84' lang='lat' dir='ltr'><strong>rursus:</strong></span> <span class='ocrx_word' id='word_1_196' title='bbox 3454 1022 3472 1056; x_wconf 83' lang='lat'><strong>(</strong></span> <span class='ocrx_word' id='word_1_197' title='bbox 3532 1003 3652 1060; x_wconf 85' lang='lat' dir='ltr'><strong>Sic-</strong></span> 
     </span>
    </p>
   </div>
   <div class='ocr_carea' id='block_1_25' title="bbox 2087 1088 3649 1160">
    <p class='ocr_par' dir='ltr' id='par_1_25' title="bbox 2087 1088 3649 1160">
     <span class='ocr_line' id='line_1_25' title="bbox 2087 1088 3649 1160; baseline 0.005 -18"><span class='ocrx_word' id='word_1_198' title='bbox 2087 1097 2147 1143; x_wconf 88' lang='lat' dir='ltr'><strong>ut</strong></span> <span class='ocrx_word' id='word_1_199' title='bbox 2178 1088 2289 1160; x_wconf 71' lang='grc'>(54)</span> <span class='ocrx_word' id='word_1_200' title='bbox 2325 1089 2391 1143; x_wconf 89' lang='lat' dir='ltr'><strong>ad</strong></span> <span class='ocrx_word' id='word_1_201' title='bbox 2417 1090 2743 1144; x_wconf 89' lang='lat' dir='ltr'><strong>occisionem</strong></span> <span class='ocrx_word' id='word_1_202' title='bbox 2775 1092 2965 1147; x_wconf 89' lang='lat' dir='ltr'><strong>ductus</strong></span> <span class='ocrx_word' id='word_1_203' title='bbox 2995 1101 3100 1147; x_wconf 87' lang='lat' dir='ltr'><strong>est.</strong></span> <span class='ocrx_word' id='word_1_204' title='bbox 3150 1110 3169 1143; x_wconf 75' lang='grc' dir='ltr'><strong>ι</strong></span> <span class='ocrx_word' id='word_1_205' title='bbox 3205 1091 3440 1147; x_wconf 83' lang='lat' dir='ltr'><strong>Necdum</strong></span> <span class='ocrx_word' id='word_1_206' title='bbox 3471 1102 3649 1150; x_wconf 89' lang='lat' dir='ltr'><strong>tamen</strong></span> 
     </span>
    </p>
   </div>
   <div class='ocr_carea' id='block_1_26' title="bbox 2088 1177 3647 1251">
    <p class='ocr_par' dir='ltr' id='par_1_26' title="bbox 2088 1177 3647 1251">
     <span class='ocr_line' id='line_1_26' title="bbox 2088 1177 3647 1251; baseline 0.004 -19"><span class='ocrx_word' id='word_1_207' title='bbox 2088 1191 2155 1232; x_wconf 77' lang='lat' dir='ltr'><strong>ex</strong></span> <span class='ocrx_word' id='word_1_208' title='bbox 2190 1177 2353 1231; x_wconf 81' lang='lat' dir='ltr'><strong>Maria</strong></span> <span class='ocrx_word' id='word_1_209' title='bbox 2388 1186 2545 1234; x_wconf 89' lang='lat' dir='ltr'><strong>natus</strong></span> <span class='ocrx_word' id='word_1_210' title='bbox 2595 1179 2772 1234; x_wconf 77' lang='lat' dir='ltr'><strong>fuerat</strong></span> <span class='ocrx_word' id='word_1_211' title='bbox 2818 1181 3019 1251; x_wconf 83' lang='lat' dir='ltr'><strong>Agnus.</strong></span> <span class='ocrx_word' id='word_1_212' title='bbox 3069 1181 3134 1235; x_wconf 89' lang='lat' dir='ltr'><strong>Et</strong></span> <span class='ocrx_word' id='word_1_213' title='bbox 3169 1198 3355 1237; x_wconf 85' lang='lat' dir='ltr'><strong>rursus</strong></span> <span class='ocrx_word' id='word_1_214' title='bbox 3396 1197 3412 1236; x_wconf 88' lang='lat'><strong>:</strong></span> <span class='ocrx_word' id='word_1_215' title='bbox 3449 1201 3468 1235; x_wconf 74' lang='grc' dir='ltr'><strong>ι</strong></span> <span class='ocrx_word' id='word_1_216' title='bbox 3493 1183 3647 1238; x_wconf 85' lang='lat' dir='ltr'><strong>Vidi-</strong></span> 
     </span>
    </p>
   </div>
   <div class='ocr_carea' id='block_1_27' title="bbox 2089 1268 3653 1343">
    <p class='ocr_par' dir='ltr' id='par_1_27' title="bbox 2089 1268 3653 1343">
     <span class='ocr_line' id='line_1_27' title="bbox 2089 1268 3653 1343; baseline 0.006 -22"><span class='ocrx_word' id='word_1_217' title='bbox 2089 1283 2210 1322; x_wconf 88' lang='lat' dir='ltr'><strong>mus</strong></span> <span class='ocrx_word' id='word_1_218' title='bbox 2245 1268 2357 1340; x_wconf 81' lang='grc'>(55)</span> <span class='ocrx_word' id='word_1_219' title='bbox 2384 1284 2530 1335; x_wconf 89' lang='lat' dir='ltr'><strong>eum,</strong></span> <span class='ocrx_word' id='word_1_220' title='bbox 2565 1278 2618 1326; x_wconf 90' lang='lat' dir='ltr'><strong>et</strong></span> <span class='ocrx_word' id='word_1_221' title='bbox 2674 1286 2781 1325; x_wconf 91' lang='lat' dir='ltr'><strong>non</strong></span> <span class='ocrx_word' id='word_1_222' title='bbox 2840 1272 3074 1326; x_wconf 86' lang='lat' dir='ltr'><strong>habebat</strong></span> <span class='ocrx_word' id='word_1_223' title='bbox 3123 1272 3374 1335; x_wconf 81' lang='lat' dir='ltr'><strong>formam,</strong></span> <span class='ocrx_word' id='word_1_224' title='bbox 3399 1289 3499 1329; x_wconf 89' lang='lat' dir='ltr'><strong>nec</strong></span> <span class='ocrx_word' id='word_1_225' title='bbox 3537 1275 3653 1343; x_wconf 61' lang='lat' dir='ltr'><strong>pulo</strong></span> 
     </span>
    </p>
   </div>
   <div class='ocr_carea' id='block_1_28' title="bbox 2088 1357 3654 1434">
    <p class='ocr_par' dir='ltr' id='par_1_28' title="bbox 2088 1357 3654 1434">
     <span class='ocr_line' id='line_1_28' title="bbox 2088 1357 3654 1434; baseline 0.005 -23"><span class='ocrx_word' id='word_1_226' title='bbox 2088 1357 2473 1412; x_wconf 90' lang='lat' dir='ltr'><strong>chritudinem.</strong></span> <span class='ocrx_word' id='word_1_227' title='bbox 2498 1376 2516 1411; x_wconf 72' lang='grc' dir='ltr'><strong>ι</strong></span> <span class='ocrx_word' id='word_1_228' title='bbox 2566 1359 2818 1414; x_wconf 85' lang='lat' dir='ltr'><strong>Attamen</strong></span> <span class='ocrx_word' id='word_1_229' title='bbox 2871 1359 2991 1414; x_wconf 84' lang='lat' dir='ltr'><strong>talis</strong></span> <span class='ocrx_word' id='word_1_230' title='bbox 3045 1369 3171 1429; x_wconf 84' lang='lat' dir='ltr'><strong>post</strong></span> <span class='ocrx_word' id='word_1_231' title='bbox 3201 1361 3399 1416; x_wconf 89' lang='lat' dir='ltr'><strong>multas</strong></span> <span class='ocrx_word' id='word_1_232' title='bbox 3426 1378 3654 1434; x_wconf 79' lang='lat' dir='ltr'><strong>genera-</strong></span> 
     </span>
    </p>
   </div>
   <div class='ocr_carea' id='block_1_29' title="bbox 2088 1445 3647 1517">
    <p class='ocr_par' dir='ltr' id='par_1_29' title="bbox 2088 1445 3647 1517">
     <span class='ocr_line' id='line_1_29' title="bbox 2088 1445 3647 1517; baseline 0.007 -18"><span class='ocrx_word' id='word_1_233' title='bbox 2088 1445 2260 1500; x_wconf 86' lang='lat' dir='ltr'><strong>tiones</strong></span> <span class='ocrx_word' id='word_1_234' title='bbox 2311 1447 2457 1502; x_wconf 87' lang='lat' dir='ltr'><strong>visus</strong></span> <span class='ocrx_word' id='word_1_235' title='bbox 2509 1455 2592 1502; x_wconf 90' lang='lat' dir='ltr'><strong>est</strong></span> <span class='ocrx_word' id='word_1_236' title='bbox 2640 1449 2694 1503; x_wconf 92' lang='lat' dir='ltr'><strong>in</strong></span> <span class='ocrx_word' id='word_1_237' title='bbox 2734 1448 3013 1504; x_wconf 85' lang='lat' dir='ltr'><strong>salutifera</strong></span> <span class='ocrx_word' id='word_1_238' title='bbox 3051 1450 3340 1517; x_wconf 83' lang='lat' dir='ltr'><strong>Passione;</strong></span> <span class='ocrx_word' id='word_1_239' title='bbox 3394 1463 3449 1508; x_wconf 91' lang='lat' dir='ltr'><strong>et</strong></span> <span class='ocrx_word' id='word_1_240' title='bbox 3479 1453 3647 1509; x_wconf 86' lang='lat' dir='ltr'><strong>alibi:</strong></span> 
     </span>
    </p>
   </div>
   <div class='ocr_carea' id='block_1_30' title="bbox 2094 1532 3760 1606">
    <p class='ocr_par' dir='ltr' id='par_1_30' title="bbox 2094 1532 3760 1606">
     <span class='ocr_line' id='line_1_30' title="bbox 2094 1532 3760 1606; baseline 0.008 -21"><span class='ocrx_word' id='word_1_241' title='bbox 2094 1553 2112 1585; x_wconf 75' lang='grc' dir='ltr'><strong>ι</strong></span> <span class='ocrx_word' id='word_1_242' title='bbox 2143 1532 2467 1590; x_wconf 89' lang='lat' dir='ltr'><strong>Neomenias</strong></span> <span class='ocrx_word' id='word_1_243' title='bbox 2496 1533 2606 1606; x_wconf 85' lang='grc'>(56)</span> <span class='ocrx_word' id='word_1_244' title='bbox 2639 1544 2867 1601; x_wconf 88' lang='lat' dir='ltr'><strong>vestras,</strong></span> <span class='ocrx_word' id='word_1_245' title='bbox 2891 1545 2945 1592; x_wconf 92' lang='lat' dir='ltr'><strong>et</strong></span> <span class='ocrx_word' id='word_1_246' title='bbox 2969 1537 3192 1592; x_wconf 86' lang='lat' dir='ltr'><strong>sabbata</strong></span> <span class='ocrx_word' id='word_1_247' title='bbox 3211 1548 3413 1605; x_wconf 91' lang='lat' dir='ltr'><strong>vestra,</strong></span> <span class='ocrx_word' id='word_1_248' title='bbox 3443 1540 3651 1597; x_wconf 86' lang='lat' dir='ltr'><strong>etfesta</strong></span> <span class='ocrx_word' id='word_1_249' title='bbox 3754 1570 3760 1575; x_wconf 94' lang='lat'><strong><em>-</em></strong></span> 
     </span>
    </p>
   </div>
   <div class='ocr_carea' id='block_1_31' title="bbox 2088 1624 3647 1699">
    <p class='ocr_par' dir='ltr' id='par_1_31' title="bbox 2088 1624 3647 1699">
     <span class='ocr_line' id='line_1_31' title="bbox 2088 1624 3647 1699; baseline 0.004 -20"><span class='ocrx_word' id='word_1_250' title='bbox 2088 1624 2201 1679; x_wconf 93' lang='lat' dir='ltr'><strong>odit</strong></span> <span class='ocrx_word' id='word_1_251' title='bbox 2226 1624 2403 1678; x_wconf 89' lang='lat' dir='ltr'><strong>anima</strong></span> <span class='ocrx_word' id='word_1_252' title='bbox 2440 1639 2577 1680; x_wconf 87' lang='lat' dir='ltr'><strong>mea.</strong></span> <span class='ocrx_word' id='word_1_253' title='bbox 2610 1642 2629 1675; x_wconf 74' lang='grc' dir='ltr'><strong>ι</strong></span> <span class='ocrx_word' id='word_1_254' title='bbox 2664 1625 2735 1679; x_wconf 82' lang='lat' dir='ltr'><strong>At</strong></span> <span class='ocrx_word' id='word_1_255' title='bbox 2758 1626 2873 1680; x_wconf 77' lang='lat' dir='ltr'><strong>haec</strong></span> <span class='ocrx_word' id='word_1_256' title='bbox 2909 1625 3023 1681; x_wconf 92' lang='lat' dir='ltr'><strong>odit</strong></span> <span class='ocrx_word' id='word_1_257' title='bbox 3050 1626 3217 1681; x_wconf 92' lang='lat' dir='ltr'><strong>multo</strong></span> <span class='ocrx_word' id='word_1_258' title='bbox 3245 1636 3364 1696; x_wconf 89' lang='lat' dir='ltr'><strong>post</strong></span> <span class='ocrx_word' id='word_1_259' title='bbox 3384 1635 3647 1699; x_wconf 83' lang='lat' dir='ltr'><strong>tempore;</strong></span> 
     </span>
    </p>
   </div>
   <div class='ocr_carea' id='block_1_32' title="bbox 2088 1713 3649 1786">
    <p class='ocr_par' dir='ltr' id='par_1_32' title="bbox 2088 1713 3649 1786">
     <span class='ocr_line' id='line_1_32' title="bbox 2088 1713 3649 1786; baseline 0.003 -17"><span class='ocrx_word' id='word_1_260' title='bbox 2088 1728 2207 1769; x_wconf 92' lang='lat' dir='ltr'><strong>cum</strong></span> <span class='ocrx_word' id='word_1_261' title='bbox 2237 1714 2443 1769; x_wconf 80' lang='lat' dir='ltr'><strong>scilicet</strong></span> <span class='ocrx_word' id='word_1_262' title='bbox 2486 1713 2597 1786; x_wconf 85' lang='grc'>(57)</span> <span class='ocrx_word' id='word_1_263' title='bbox 2647 1716 2960 1771; x_wconf 81' lang='lat' dir='ltr'><strong>incarnatus</strong></span> <span class='ocrx_word' id='word_1_264' title='bbox 3005 1724 3107 1783; x_wconf 89' lang='lat' dir='ltr'><strong>est,</strong></span> <span class='ocrx_word' id='word_1_265' title='bbox 3144 1726 3198 1773; x_wconf 89' lang='lat' dir='ltr'><strong>et</strong></span> <span class='ocrx_word' id='word_1_266' title='bbox 3250 1717 3457 1772; x_wconf 88' lang='lat' dir='ltr'><strong>Novum</strong></span> <span class='ocrx_word' id='word_1_267' title='bbox 3491 1720 3649 1774; x_wconf 91' lang='lat' dir='ltr'><strong>nobis</strong></span> 
     </span>
    </p>
   </div>
   <div class='ocr_carea' id='block_1_33' title="bbox 2088 1803 3650 1876">
    <p class='ocr_par' dir='ltr' id='par_1_33' title="bbox 2088 1803 3650 1876">
     <span class='ocr_line' id='line_1_33' title="bbox 2088 1803 3650 1876; baseline 0.003 -18"><span class='ocrx_word' id='word_1_268' title='bbox 2088 1803 2493 1859; x_wconf 83' lang='lat' dir='ltr'><strong>Testamentum</strong></span> <span class='ocrx_word' id='word_1_269' title='bbox 2533 1805 2814 1875; x_wconf 83' lang='lat' dir='ltr'><strong>disposuit.</strong></span> <span class='ocrx_word' id='word_1_270' title='bbox 2843 1805 3121 1862; x_wconf 69' lang='lat' dir='ltr'><strong>Praeterita</strong></span> <span class='ocrx_word' id='word_1_271' title='bbox 3153 1822 3281 1863; x_wconf 91' lang='lat' dir='ltr'><strong>vero</strong></span> <span class='ocrx_word' id='word_1_272' title='bbox 3311 1808 3471 1862; x_wconf 89' lang='lat' dir='ltr'><strong>etiam</strong></span> <span class='ocrx_word' id='word_1_273' title='bbox 3493 1808 3650 1876; x_wconf 84' lang='lat' dir='ltr'><strong>quasi</strong></span> 
     </span>
    </p>
   </div>
   <div class='ocr_carea' id='block_1_34' title="bbox 418 1880 1987 1975">
    <p class='ocr_par' dir='ltr' id='par_1_34' title="bbox 418 1880 1984 1975">
     <span class='ocr_line' id='line_1_34' title="bbox 418 1880 1984 1975; baseline 0.003 -23"><span class='ocrx_word' id='word_1_274' title='bbox 418 1919 438 1952; x_wconf 77' lang='grc' dir='ltr'><strong>σ</strong></span> <span class='ocrx_word' id='word_1_275' title='bbox 488 1902 556 1953; x_wconf 82' lang='grc' dir='ltr'><strong>,Ὀ</strong></span> <span class='ocrx_word' id='word_1_276' title='bbox 597 1900 766 1954; x_wconf 82' lang='grc' dir='ltr'>ποιῶν</span> <span class='ocrx_word' id='word_1_277' title='bbox 800 1880 1036 1954; x_wconf 72' lang='grc' dir='ltr'>Πλειάδα</span> <span class='ocrx_word' id='word_1_278' title='bbox 1063 1901 1157 1953; x_wconf 76' lang='grc' dir='ltr'>καὶ</span> <span class='ocrx_word' id='word_1_279' title='bbox 1191 1880 1464 1970; x_wconf 68' lang='grc' dir='ltr'>Ἕσπερον</span> <span class='ocrx_word' id='word_1_280' title='bbox 1488 1917 1504 1934; x_wconf 89' lang='grc'><strong>·</strong></span> <span class='ocrx_word' id='word_1_281' title='bbox 1555 1920 1573 1952; x_wconf 74' lang='grc' dir='ltr'><strong>ι</strong></span> <span class='ocrx_word' id='word_1_282' title='bbox 1608 1901 1722 1965; x_wconf 71' lang='grc' dir='ltr'>καὶ,</span> 
     </span>
    </p>
   </div>
   <div class='ocr_carea' id='block_1_35' title="bbox 2085 1880 3652 1975">
    <p class='ocr_par' dir='ltr' id='par_1_35' title="bbox 2088 1894 3652 1966">
     <span class='ocr_line' id='line_1_35' title="bbox 2088 1894 3652 1966; baseline 0.002 -19"><span class='ocrx_word' id='word_1_283' title='bbox 2088 1895 2394 1963; x_wconf 67' lang='lat' dir='ltr'><strong>praesentia,</strong></span> <span class='ocrx_word' id='word_1_284' title='bbox 2428 1901 2491 1948; x_wconf 86' lang='lat' dir='ltr'><strong>ut</strong></span> <span class='ocrx_word' id='word_1_285' title='bbox 2540 1894 2741 1950; x_wconf 88' lang='lat' dir='ltr'><strong>dictum</strong></span> <span class='ocrx_word' id='word_1_286' title='bbox 2793 1895 2914 1962; x_wconf 84' lang='lat' dir='ltr'><strong>fuit,</strong></span> <span class='ocrx_word' id='word_1_287' title='bbox 2960 1905 3179 1951; x_wconf 86' lang='lat' dir='ltr'><strong>enarrat</strong></span> <span class='ocrx_word' id='word_1_288' title='bbox 3228 1896 3543 1966; x_wconf 88' lang='lat' dir='ltr'><strong>Scriptura,</strong></span> <span class='ocrx_word' id='word_1_289' title='bbox 3591 1905 3652 1951; x_wconf 90' lang='lat' dir='ltr'><strong>ut</strong></span> 
     </span>
    </p>
   </div>
   <div class='ocr_carea' id='block_1_36' title="bbox 418 1991 1985 2063">
    <p class='ocr_par' dir='ltr' id='par_1_36' title="bbox 418 1991 1985 2063">
     <span class='ocr_line' id='line_1_36' title="bbox 418 1991 1985 2063; baseline 0.001 -19"><span class='ocrx_word' id='word_1_290' title='bbox 418 2008 440 2044; x_wconf 69' lang='grc' dir='ltr'>ί</span> <span class='ocrx_word' id='word_1_291' title='bbox 486 1991 542 2046; x_wconf 91' lang='lat'><strong>&#39;0</strong></span> <span class='ocrx_word' id='word_1_292' title='bbox 587 1992 753 2046; x_wconf 84' lang='grc' dir='ltr'>ποιῶν</span> <span class='ocrx_word' id='word_1_293' title='bbox 795 1994 922 2057; x_wconf 81' lang='grc' dir='ltr'>τοὺς</span> <span class='ocrx_word' id='word_1_294' title='bbox 949 1992 1215 2060; x_wconf 82' lang='grc' dir='ltr'><strong>ἀγγέλους</strong></span> <span class='ocrx_word' id='word_1_295' title='bbox 1244 1991 1408 2045; x_wconf 79' lang='grc' dir='ltr'>αὑτοῦ</span> <span class='ocrx_word' id='word_1_296' title='bbox 1440 1993 1724 2063; x_wconf 82' lang='grc' dir='ltr'>πνεύματα</span> <span class='ocrx_word' id='word_1_297' title='bbox 1748 2009 1761 2024; x_wconf 92' lang='grc'><strong>·</strong></span> <span class='ocrx_word' id='word_1_298' title='bbox 1805 2011 1825 2044; x_wconf 71' lang='grc' dir='ltr'><strong>ι</strong></span> <span class='ocrx_word' id='word_1_299' title='bbox 1865 1993 1985 2047; x_wconf 73' lang='grc' dir='ltr'>ἀντὶ</span> 
     </span>
    </p>
   </div>
   <div class='ocr_carea' id='block_1_37' title="bbox 411 2080 1988 2154">
    <p class='ocr_par' dir='ltr' id='par_1_37' title="bbox 411 2080 1988 2154">
     <span class='ocr_line' id='line_1_37' title="bbox 411 2080 1988 2154; baseline -0.001 -18"><span class='ocrx_word' id='word_1_300' title='bbox 411 2083 528 2148; x_wconf 81' lang='grc' dir='ltr'>τοῦ,</span> <span class='ocrx_word' id='word_1_301' title='bbox 569 2085 598 2137; x_wconf 85' lang='grc' dir='ltr'>ὁ</span> <span class='ocrx_word' id='word_1_302' title='bbox 640 2085 891 2154; x_wconf 85' lang='grc' dir='ltr'><strong>ποιήσας.</strong></span> <span class='ocrx_word' id='word_1_303' title='bbox 936 2083 1083 2148; x_wconf 81' lang='grc' dir='ltr'>Καὶ,</span> <span class='ocrx_word' id='word_1_304' title='bbox 1135 2099 1155 2132; x_wconf 79' lang='grc' dir='ltr'><strong>ι</strong></span> <span class='ocrx_word' id='word_1_305' title='bbox 1226 2082 1283 2135; x_wconf 91' lang='lat'><strong>&#39;0</strong></span> <span class='ocrx_word' id='word_1_306' title='bbox 1322 2080 1586 2151; x_wconf 86' lang='grc' dir='ltr'>θεμελιῶν</span> <span class='ocrx_word' id='word_1_307' title='bbox 1619 2083 1718 2152; x_wconf 86' lang='grc' dir='ltr'>τὴν</span> <span class='ocrx_word' id='word_1_308' title='bbox 1753 2082 1856 2153; x_wconf 85' lang='grc' dir='ltr'>γῆν</span> <span class='ocrx_word' id='word_1_309' title='bbox 1895 2084 1988 2136; x_wconf 73' lang='grc' dir='ltr'><strong>ἐπὶ</strong></span> 
     </span>
    </p>
   </div>
   <div class='ocr_carea' id='block_1_38' title="bbox 412 2172 1812 2246">
    <p class='ocr_par' dir='ltr' id='par_1_38' title="bbox 412 2172 1812 2246">
     <span class='ocr_line' id='line_1_38' title="bbox 412 2172 1812 2246; baseline 0 -20"><span class='ocrx_word' id='word_1_310' title='bbox 412 2175 511 2246; x_wconf 84' lang='grc' dir='ltr'><strong>τὴν</strong></span> <span class='ocrx_word' id='word_1_311' title='bbox 540 2175 839 2245; x_wconf 82' lang='grc' dir='ltr'>ἀσφάλειαν</span> <span class='ocrx_word' id='word_1_312' title='bbox 863 2174 1054 2242; x_wconf 81' lang='grc' dir='ltr'>αὐτῆς·</span> <span class='ocrx_word' id='word_1_313' title='bbox 1089 2191 1107 2224; x_wconf 74' lang='grc' dir='ltr'><strong>ι</strong></span> <span class='ocrx_word' id='word_1_314' title='bbox 1146 2174 1174 2226; x_wconf 84' lang='grc' dir='ltr'><strong>ὅ</strong></span> <span class='ocrx_word' id='word_1_315' title='bbox 1207 2175 1373 2238; x_wconf 82' lang='grc' dir='ltr'>ἐστιν,</span> <span class='ocrx_word' id='word_1_316' title='bbox 1401 2176 1429 2226; x_wconf 85' lang='grc' dir='ltr'>ὁ</span> <span class='ocrx_word' id='word_1_317' title='bbox 1454 2172 1812 2243; x_wconf 84' lang='grc' dir='ltr'>θεμελιώσας.</span> 
     </span>
    </p>
   </div>
   <div class='ocr_carea' id='block_1_39' title="bbox 514 2349 1987 2423">
    <p class='ocr_par' dir='ltr' id='par_1_39' title="bbox 514 2349 1987 2423">
     <span class='ocr_line' id='line_1_39' title="bbox 514 2349 1987 2423; baseline 0.005 -23"><span class='ocrx_word' id='word_1_318' title='bbox 514 2349 592 2401; x_wconf 88' lang='grc' dir='ltr'><strong>Δι’</strong></span> <span class='ocrx_word' id='word_1_319' title='bbox 651 2349 688 2403; x_wconf 77' lang='grc' dir='ltr'>ἃ</span> <span class='ocrx_word' id='word_1_320' title='bbox 746 2349 810 2420; x_wconf 83' lang='grc' dir='ltr'>δὴ</span> <span class='ocrx_word' id='word_1_321' title='bbox 876 2349 1184 2418; x_wconf 79' lang='grc' dir='ltr'>ἐπάναγκες</span> <span class='ocrx_word' id='word_1_322' title='bbox 1212 2389 1226 2413; x_wconf 91' lang='grc'><strong>,</strong></span> <span class='ocrx_word' id='word_1_323' title='bbox 1287 2351 1334 2403; x_wconf 88' lang='grc' dir='ltr'><strong>εί</strong></span> <span class='ocrx_word' id='word_1_324' title='bbox 1381 2350 1454 2422; x_wconf 82' lang='grc' dir='ltr'><strong>μὴ</strong></span> <span class='ocrx_word' id='word_1_325' title='bbox 1502 2353 1581 2416; x_wconf 87' lang='grc' dir='ltr'><strong>είς</strong></span> <span class='ocrx_word' id='word_1_326' title='bbox 1625 2352 1721 2423; x_wconf 83' lang='grc' dir='ltr'>τὴν</span> <span class='ocrx_word' id='word_1_327' title='bbox 1772 2353 1829 2406; x_wconf 84' lang='grc' dir='ltr'>ὲν</span> <span class='ocrx_word' id='word_1_328' title='bbox 1875 2356 1987 2419; x_wconf 81' lang='grc' dir='ltr'>τοῖς</span> 
     </span>
    </p>
   </div>
   <div class='ocr_carea' id='block_1_40' title="bbox 411 2439 1989 2514">
    <p class='ocr_par' dir='ltr' id='par_1_40' title="bbox 411 2439 1989 2514">
     <span class='ocr_line' id='line_1_40' title="bbox 411 2439 1989 2514; baseline 0.004 -23"><span class='ocrx_word' id='word_1_329' title='bbox 411 2439 836 2508; x_wconf 79' lang='grc' dir='ltr'>ἐπιτηδεύμασιν</span> <span class='ocrx_word' id='word_1_330' title='bbox 906 2440 1063 2511; x_wconf 84' lang='grc' dir='ltr'>ήμῶν</span> <span class='ocrx_word' id='word_1_331' title='bbox 1152 2442 1375 2510; x_wconf 78' lang='grc' dir='ltr'>σοφίαν,</span> <span class='ocrx_word' id='word_1_332' title='bbox 1445 2444 1525 2505; x_wconf 81' lang='grc' dir='ltr'><strong>είς</strong></span> <span class='ocrx_word' id='word_1_333' title='bbox 1576 2442 1707 2510; x_wconf 78' lang='grc' dir='ltr'>γοῦν</span> <span class='ocrx_word' id='word_1_334' title='bbox 1750 2442 1851 2514; x_wconf 69' lang='grc' dir='ltr'><strong>τὴν</strong></span> <span class='ocrx_word' id='word_1_335' title='bbox 1904 2444 1989 2497; x_wconf 79' lang='grc' dir='ltr'>δε-</span> 
     </span>
    </p>
   </div>
   <div class='ocr_carea' id='block_1_41' title="bbox 414 2530 1987 2606">
    <p class='ocr_par' dir='ltr' id='par_1_41' title="bbox 414 2530 1987 2606">
     <span class='ocr_line' id='line_1_41' title="bbox 414 2530 1987 2606; baseline 0.005 -25"><span class='ocrx_word' id='word_1_336' title='bbox 414 2530 683 2601; x_wconf 81' lang='grc' dir='ltr'>σποτικὴν</span> <span class='ocrx_word' id='word_1_337' title='bbox 727 2532 1108 2603; x_wconf 83' lang='grc' dir='ltr'>ἀναμάρτητον</span> <span class='ocrx_word' id='word_1_338' title='bbox 1150 2534 1445 2603; x_wconf 88' lang='grc' dir='ltr'>σάρκωσιν,</span> <span class='ocrx_word' id='word_1_339' title='bbox 1498 2533 1597 2604; x_wconf 75' lang='grc' dir='ltr'><strong>τὴν</strong></span> <span class='ocrx_word' id='word_1_340' title='bbox 1663 2536 1987 2606; x_wconf 75' lang='grc' dir='ltr'>ἐκκειμένην</span> 
     </span>
    </p>
   </div>
   <div class='ocr_carea' id='block_1_42' title="bbox 408 2618 1988 2696">
    <p class='ocr_par' dir='ltr' id='par_1_42' title="bbox 408 2618 1988 2696">
     <span class='ocr_line' id='line_1_42' title="bbox 408 2618 1988 2696; baseline 0.008 -28"><span class='ocrx_word' id='word_1_341' title='bbox 408 2618 718 2688; x_wconf 80' lang='grc' dir='ltr'>Παροιμίαν</span> <span class='ocrx_word' id='word_1_342' title='bbox 768 2620 991 2691; x_wconf 85' lang='grc' dir='ltr'>φέρειν,</span> <span class='ocrx_word' id='word_1_343' title='bbox 1032 2623 1282 2693; x_wconf 76' lang='grc' dir='ltr'>οὐδαμῶς</span> <span class='ocrx_word' id='word_1_344' title='bbox 1322 2623 1377 2676; x_wconf 83' lang='grc' dir='ltr'><strong>δὲ</strong></span> <span class='ocrx_word' id='word_1_345' title='bbox 1416 2626 1499 2687; x_wconf 84' lang='grc' dir='ltr'><strong>είς</strong></span> <span class='ocrx_word' id='word_1_346' title='bbox 1540 2626 1631 2677; x_wconf 89' lang='grc' dir='ltr'><strong>τὸν</strong></span> <span class='ocrx_word' id='word_1_347' title='bbox 1678 2625 1779 2695; x_wconf 81' lang='grc' dir='ltr'><strong>τῆς</strong></span> <span class='ocrx_word' id='word_1_348' title='bbox 1817 2626 1988 2696; x_wconf 81' lang='grc' dir='ltr'>ἀρῥὴ-</span> 
     </span>
    </p>
   </div>
   <div class='ocr_carea' id='block_1_43' title="bbox 409 2708 1988 2780">
    <p class='ocr_par' dir='ltr' id='par_1_43' title="bbox 409 2708 1988 2780">
     <span class='ocr_line' id='line_1_43' title="bbox 409 2708 1988 2780; baseline 0.006 -21"><span class='ocrx_word' id='word_1_349' title='bbox 409 2723 503 2759; x_wconf 85' lang='grc' dir='ltr'><strong>του</strong></span> <span class='ocrx_word' id='word_1_350' title='bbox 547 2708 698 2772; x_wconf 82' lang='grc' dir='ltr'>θείας</span> <span class='ocrx_word' id='word_1_351' title='bbox 758 2710 972 2778; x_wconf 84' lang='grc' dir='ltr'>φύσεως</span> <span class='ocrx_word' id='word_1_352' title='bbox 1038 2710 1164 2764; x_wconf 86' lang='grc' dir='ltr'>Υίὸν</span> <span class='ocrx_word' id='word_1_353' title='bbox 1245 2713 1437 2780; x_wconf 78' lang='grc' dir='ltr'>Λόγον,</span> <span class='ocrx_word' id='word_1_354' title='bbox 1496 2713 1587 2765; x_wconf 88' lang='grc' dir='ltr'><strong>τὸν</strong></span> <span class='ocrx_word' id='word_1_355' title='bbox 1642 2713 1707 2766; x_wconf 81' lang='grc' dir='ltr'>δι’</span> <span class='ocrx_word' id='word_1_356' title='bbox 1759 2709 1840 2777; x_wconf 74' lang='grc' dir='ltr'><strong>οὗ,</strong></span> <span class='ocrx_word' id='word_1_357' title='bbox 1894 2716 1988 2768; x_wconf 78' lang='grc' dir='ltr'><strong>καὶ</strong></span> 
     </span>
    </p>
   </div>
   <div class='ocr_carea' id='block_1_44' title="bbox 410 2793 1987 2879">
    <p class='ocr_par' dir='ltr' id='par_1_44' title="bbox 410 2793 1987 2879">
     <span class='ocr_line' id='line_1_44' title="bbox 410 2793 1987 2879; baseline 0.004 -26"><span class='ocrx_word' id='word_1_358' title='bbox 410 2800 541 2871; x_wconf 87' lang='grc' dir='ltr'>παρ’</span> <span class='ocrx_word' id='word_1_359' title='bbox 602 2793 684 2864; x_wconf 73' lang='grc' dir='ltr'><strong>οὗ,</strong></span> <span class='ocrx_word' id='word_1_360' title='bbox 727 2804 819 2856; x_wconf 75' lang='grc' dir='ltr'><strong>καὶ</strong></span> <span class='ocrx_word' id='word_1_361' title='bbox 864 2804 921 2854; x_wconf 82' lang='grc' dir='ltr'><strong>ἐν</strong></span> <span class='ocrx_word' id='word_1_362' title='bbox 960 2794 1003 2870; x_wconf 79' lang='grc' dir='ltr'>ᾧ</span> <span class='ocrx_word' id='word_1_363' title='bbox 1058 2802 1248 2867; x_wconf 62' lang='grc' dir='ltr'><strong>Δπάντα</strong></span> <span class='ocrx_word' id='word_1_364' title='bbox 1304 2807 1709 2877; x_wconf 82' lang='grc' dir='ltr'>κατεκοσμήθη.</span> <span class='ocrx_word' id='word_1_365' title='bbox 1770 2807 1842 2858; x_wconf 86' lang='grc' dir='ltr'><strong>Τὸ</strong></span> <span class='ocrx_word' id='word_1_366' title='bbox 1878 2807 1987 2879; x_wconf 84' lang='grc' dir='ltr'><strong>γάρ</strong></span> 
     </span>
    </p>
   </div>
   <div class='ocr_carea' id='block_1_45' title="bbox 409 2890 1982 2965">
    <p class='ocr_par' dir='ltr' id='par_1_45' title="bbox 409 2890 1982 2965">
     <span class='ocr_line' id='line_1_45' title="bbox 409 2890 1982 2965; baseline 0.006 -25"><span class='ocrx_word' id='word_1_367' title='bbox 409 2891 601 2953; x_wconf 81' lang='grc' dir='ltr'>εἰπεῖν,</span> <span class='ocrx_word' id='word_1_368' title='bbox 659 2909 677 2940; x_wconf 82' lang='grc' dir='ltr'><strong>ι</strong></span> <span class='ocrx_word' id='word_1_369' title='bbox 709 2890 911 2964; x_wconf 83' lang='grc' dir='ltr'>Κύριος</span> <span class='ocrx_word' id='word_1_370' title='bbox 969 2891 1150 2945; x_wconf 77' lang='grc' dir='ltr'>ἕκτισέ</span> <span class='ocrx_word' id='word_1_371' title='bbox 1218 2911 1307 2963; x_wconf 85' lang='grc' dir='ltr'><strong>με,</strong></span> <span class='ocrx_word' id='word_1_372' title='bbox 1356 2913 1374 2945; x_wconf 73' lang='grc' dir='ltr'><strong>ι</strong></span> <span class='ocrx_word' id='word_1_373' title='bbox 1420 2895 1607 2949; x_wconf 78' lang='grc' dir='ltr'>καὶτὸ</span> <span class='ocrx_word' id='word_1_374' title='bbox 1653 2897 1982 2965; x_wconf 78' lang='grc' dir='ltr'>ἐπαγαγεῖν,</span> 
     </span>
    </p>
   </div>
   <div class='ocr_carea' id='block_1_46' title="bbox 416 2981 1989 3056">
    <p class='ocr_par' dir='ltr' id='par_1_46' title="bbox 416 2981 1989 3056">
     <span class='ocr_line' id='line_1_46' title="bbox 416 2981 1989 3056; baseline 0.006 -26"><span class='ocrx_word' id='word_1_375' title='bbox 416 2999 434 3030; x_wconf 76' lang='grc' dir='ltr'><strong>ι</strong></span> <span class='ocrx_word' id='word_1_376' title='bbox 472 2981 585 3051; x_wconf 89' lang='grc' dir='ltr'>Πρὸ</span> <span class='ocrx_word' id='word_1_377' title='bbox 657 2981 711 3034; x_wconf 82' lang='grc' dir='ltr'><strong>δὲ</strong></span> <span class='ocrx_word' id='word_1_378' title='bbox 755 2983 972 3035; x_wconf 89' lang='grc' dir='ltr'>πάντων</span> <span class='ocrx_word' id='word_1_379' title='bbox 1025 2982 1229 3052; x_wconf 83' lang='grc' dir='ltr'>βουνῶν</span> <span class='ocrx_word' id='word_1_380' title='bbox 1280 2987 1446 3056; x_wconf 83' lang='grc' dir='ltr'>γεννᾷ</span> <span class='ocrx_word' id='word_1_381' title='bbox 1487 3002 1577 3056; x_wconf 84' lang='grc' dir='ltr'><strong>με,</strong></span> <span class='ocrx_word' id='word_1_382' title='bbox 1620 3004 1639 3038; x_wconf 72' lang='grc' dir='ltr'><strong>ι</strong></span> <span class='ocrx_word' id='word_1_383' title='bbox 1701 2987 1816 3041; x_wconf 74' lang='grc' dir='ltr'>ἴσον</span> <span class='ocrx_word' id='word_1_384' title='bbox 1871 2988 1989 3040; x_wconf 75' lang='grc' dir='ltr'>ἐστὶ</span> 
     </span>
    </p>
   </div>
   <div class='ocr_carea' id='block_1_47' title="bbox 407 3070 1987 3145">
    <p class='ocr_par' dir='ltr' id='par_1_47' title="bbox 407 3070 1987 3145">
     <span class='ocr_line' id='line_1_47' title="bbox 407 3070 1987 3145; baseline 0.004 -21"><span class='ocrx_word' id='word_1_385' title='bbox 407 3070 485 3141; x_wconf 83' lang='grc' dir='ltr'>τῷ</span> <span class='ocrx_word' id='word_1_386' title='bbox 517 3072 685 3136; x_wconf 81' lang='grc' dir='ltr'>λέξαι·</span> <span class='ocrx_word' id='word_1_387' title='bbox 726 3074 894 3126; x_wconf 86' lang='grc' dir='ltr'>Ὄντα</span> <span class='ocrx_word' id='word_1_388' title='bbox 929 3090 997 3143; x_wconf 89' lang='grc' dir='ltr'><strong>με</strong></span> <span class='ocrx_word' id='word_1_389' title='bbox 1040 3072 1098 3139; x_wconf 77' lang='grc' dir='ltr'>ἐξ</span> <span class='ocrx_word' id='word_1_390' title='bbox 1133 3074 1298 3127; x_wconf 85' lang='grc' dir='ltr'>αὐτοῦ</span> <span class='ocrx_word' id='word_1_391' title='bbox 1329 3074 1752 3145; x_wconf 82' lang='grc' dir='ltr'>συνυφεστώτως</span> <span class='ocrx_word' id='word_1_392' title='bbox 1774 3076 1987 3132; x_wconf 78' lang='grc' dir='ltr'>ἔκτισεν</span> 
     </span>
    </p>
   </div>
   <div class='ocr_carea' id='block_1_48' title="bbox 411 3160 2055 3265">
    <p class='ocr_par' dir='ltr' id='par_1_48' title="bbox 411 3160 2055 3265">
     <span class='ocr_line' id='line_1_48' title="bbox 411 3160 2055 3265; baseline 0.004 -49"><span class='ocrx_word' id='word_1_393' title='bbox 411 3160 658 3234; x_wconf 76' lang='grc' dir='ltr'>ὕστερον,</span> <span class='ocrx_word' id='word_1_394' title='bbox 706 3163 840 3217; x_wconf 84' lang='grc' dir='ltr'>καθὸ</span> <span class='ocrx_word' id='word_1_395' title='bbox 872 3162 1086 3236; x_wconf 83' lang='grc' dir='ltr'>θελήσει</span> <span class='ocrx_word' id='word_1_396' title='bbox 1122 3165 1287 3218; x_wconf 80' lang='grc' dir='ltr'>αὑτοῦ</span> <span class='ocrx_word' id='word_1_397' title='bbox 1318 3166 1650 3237; x_wconf 80' lang='grc' dir='ltr'>ἐκοινώνησα</span> <span class='ocrx_word' id='word_1_398' title='bbox 1678 3169 1983 3238; x_wconf 82' lang='grc' dir='ltr'>ἀτρέπτως,</span> <span class='ocrx_word' id='word_1_399' title='bbox 2012 3207 2055 3265; x_wconf 77' lang='lat' dir='ltr'><strong><em>C</em></strong></span> 
     </span>
    </p>
   </div>
   <div class='ocr_carea' id='block_1_49' title="bbox 408 3255 1984 3331">
    <p class='ocr_par' dir='ltr' id='par_1_49' title="bbox 408 3255 1984 3331">
     <span class='ocr_line' id='line_1_49' title="bbox 408 3255 1984 3331; baseline 0.003 -23"><span class='ocrx_word' id='word_1_400' title='bbox 408 3255 825 3326; x_wconf 84' lang='grc' dir='ltr'>ἀναμαρτήτως,</span> <span class='ocrx_word' id='word_1_401' title='bbox 874 3255 1179 3327; x_wconf 83' lang='grc' dir='ltr'>ἀνθρώποις</span> <span class='ocrx_word' id='word_1_402' title='bbox 1210 3259 1310 3328; x_wconf 82' lang='grc' dir='ltr'>τῆς</span> <span class='ocrx_word' id='word_1_403' title='bbox 1355 3257 1589 3326; x_wconf 87' lang='grc' dir='ltr'>φύσεως,</span> <span class='ocrx_word' id='word_1_404' title='bbox 1616 3258 1693 3322; x_wconf 83' lang='grc' dir='ltr'>ὡς</span> <span class='ocrx_word' id='word_1_405' title='bbox 1718 3260 1826 3330; x_wconf 87' lang='grc' dir='ltr'><strong>πρὸ</strong></span> <span class='ocrx_word' id='word_1_406' title='bbox 1851 3260 1984 3331; x_wconf 84' lang='grc' dir='ltr'>βρα-</span> 
     </span>
    </p>
   </div>
   <div class='ocr_carea' id='block_1_50' title="bbox 409 3343 1983 3420">
    <p class='ocr_par' dir='ltr' id='par_1_50' title="bbox 409 3343 1983 3420">
     <span class='ocr_line' id='line_1_50' title="bbox 409 3343 1983 3420; baseline 0.004 -25"><span class='ocrx_word' id='word_1_407' title='bbox 409 3343 528 3414; x_wconf 90' lang='grc' dir='ltr'>χέος</span> <span class='ocrx_word' id='word_1_408' title='bbox 573 3344 808 3416; x_wconf 78' lang='grc' dir='ltr'>εἴρηται.</span> <span class='ocrx_word' id='word_1_409' title='bbox 877 3346 990 3416; x_wconf 86' lang='grc' dir='ltr'>Πρὸ</span> <span class='ocrx_word' id='word_1_410' title='bbox 1041 3345 1097 3398; x_wconf 81' lang='grc' dir='ltr'><strong>δὲ</strong></span> <span class='ocrx_word' id='word_1_411' title='bbox 1150 3347 1365 3400; x_wconf 89' lang='grc' dir='ltr'>πάντων</span> <span class='ocrx_word' id='word_1_412' title='bbox 1437 3345 1639 3416; x_wconf 83' lang='grc' dir='ltr'>βουνῶν</span> <span class='ocrx_word' id='word_1_413' title='bbox 1697 3347 1983 3420; x_wconf 75' lang='grc' dir='ltr'>ἐγέννησεν</span> 
     </span>
    </p>
   </div>
   <div class='ocr_carea' id='block_1_51' title="bbox 410 3433 1983 3509">
    <p class='ocr_par' dir='ltr' id='par_1_51' title="bbox 410 3433 1983 3509">
     <span class='ocr_line' id='line_1_51' title="bbox 410 3433 1983 3509; baseline 0.004 -23"><span class='ocrx_word' id='word_1_414' title='bbox 410 3433 657 3498; x_wconf 81' lang='grc' dir='ltr'>ἀπαθῶς,</span> <span class='ocrx_word' id='word_1_415' title='bbox 692 3436 785 3488; x_wconf 81' lang='grc' dir='ltr'><strong>καὶ</strong></span> <span class='ocrx_word' id='word_1_416' title='bbox 825 3435 1095 3507; x_wconf 83' lang='grc' dir='ltr'>ἀνάρχως,</span> <span class='ocrx_word' id='word_1_417' title='bbox 1147 3438 1238 3490; x_wconf 73' lang='grc' dir='ltr'><strong>καὶ</strong></span> <span class='ocrx_word' id='word_1_418' title='bbox 1267 3437 1541 3509; x_wconf 70' lang='grc' dir='ltr'>ἀρρήτως,</span> <span class='ocrx_word' id='word_1_419' title='bbox 1591 3436 1722 3489; x_wconf 83' lang='grc' dir='ltr'>διότι</span> <span class='ocrx_word' id='word_1_420' title='bbox 1751 3438 1891 3509; x_wconf 81' lang='grc' dir='ltr'>ὑπὲρ</span> <span class='ocrx_word' id='word_1_421' title='bbox 1923 3439 1983 3492; x_wconf 89' lang='grc' dir='ltr'><strong>τὸ</strong></span> 
     </span>
    </p>
   </div>
   <div class='ocr_carea' id='block_1_52' title="bbox 410 3524 1982 3598">
    <p class='ocr_par' dir='ltr' id='par_1_52' title="bbox 410 3524 1982 3598">
     <span class='ocr_line' id='line_1_52' title="bbox 410 3524 1982 3598; baseline 0.003 -21"><span class='ocrx_word' id='word_1_422' title='bbox 410 3524 698 3594; x_wconf 80' lang='grc' dir='ltr'>ἀσώματον</span> <span class='ocrx_word' id='word_1_423' title='bbox 724 3529 757 3596; x_wconf 89' lang='grc' dir='ltr'><strong>ή</strong></span> <span class='ocrx_word' id='word_1_424' title='bbox 782 3525 988 3597; x_wconf 87' lang='grc' dir='ltr'>θεότης.</span> <span class='ocrx_word' id='word_1_425' title='bbox 1004 3528 1076 3580; x_wconf 87' lang='grc' dir='ltr'>Τὸ</span> <span class='ocrx_word' id='word_1_426' title='bbox 1097 3528 1203 3598; x_wconf 83' lang='grc' dir='ltr'>γὰρ</span> <span class='ocrx_word' id='word_1_427' title='bbox 1234 3546 1252 3578; x_wconf 81' lang='lat' dir='ltr'><strong>t</strong></span> <span class='ocrx_word' id='word_1_428' title='bbox 1292 3527 1398 3598; x_wconf 85' lang='grc' dir='ltr'><strong>πρὸ</strong></span> <span class='ocrx_word' id='word_1_429' title='bbox 1441 3545 1461 3580; x_wconf 71' lang='grc' dir='ltr'><strong>ι</strong></span> <span class='ocrx_word' id='word_1_430' title='bbox 1487 3527 1719 3597; x_wconf 88' lang='grc' dir='ltr'>μάλιστα</span> <span class='ocrx_word' id='word_1_431' title='bbox 1756 3529 1847 3581; x_wconf 72' lang='grc' dir='ltr'>ἐπὶ</span> <span class='ocrx_word' id='word_1_432' title='bbox 1882 3530 1982 3582; x_wconf 83' lang='grc' dir='ltr'>αύ-</span> 
     </span>
    </p>
   </div>
   <div class='ocr_carea' id='block_1_53' title="bbox 409 3614 1983 3688">
    <p class='ocr_par' dir='ltr' id='par_1_53' title="bbox 409 3614 1983 3688">
     <span class='ocr_line' id='line_1_53' title="bbox 409 3614 1983 3688; baseline 0.006 -23"><span class='ocrx_word' id='word_1_433' title='bbox 409 3614 511 3682; x_wconf 82' lang='grc' dir='ltr'>τῆς</span> <span class='ocrx_word' id='word_1_434' title='bbox 552 3616 803 3686; x_wconf 84' lang='grc' dir='ltr'>τυγχάνει</span> <span class='ocrx_word' id='word_1_435' title='bbox 867 3618 1138 3688; x_wconf 82' lang='grc' dir='ltr'>ἀόριστον,</span> <span class='ocrx_word' id='word_1_436' title='bbox 1179 3618 1259 3671; x_wconf 74' lang='grc' dir='ltr'>ἔτι</span> <span class='ocrx_word' id='word_1_437' title='bbox 1304 3618 1361 3671; x_wconf 83' lang='grc' dir='ltr'><strong>δὲ</strong></span> <span class='ocrx_word' id='word_1_438' title='bbox 1428 3619 1520 3671; x_wconf 76' lang='grc' dir='ltr'><strong>καὶ</strong></span> <span class='ocrx_word' id='word_1_439' title='bbox 1558 3620 1585 3671; x_wconf 88' lang='grc' dir='ltr'>ὁ</span> <span class='ocrx_word' id='word_1_440' title='bbox 1629 3636 1648 3670; x_wconf 82' lang='grc' dir='ltr'><strong>ι</strong></span> <span class='ocrx_word' id='word_1_441' title='bbox 1686 3619 1743 3672; x_wconf 82' lang='grc' dir='ltr'>δὲ</span> <span class='ocrx_word' id='word_1_442' title='bbox 1784 3638 1802 3670; x_wconf 74' lang='grc' dir='ltr'><strong>ι</strong></span> <span class='ocrx_word' id='word_1_443' title='bbox 1856 3619 1983 3674; x_wconf 87' lang='grc' dir='ltr'>σύν-</span> 
     </span>
    </p>
   </div>
   <div class='ocr_carea' id='block_1_54' title="bbox 410 3697 1983 3776">
    <p class='ocr_par' dir='ltr' id='par_1_54' title="bbox 410 3697 1983 3776">
     <span class='ocr_line' id='line_1_54' title="bbox 410 3697 1983 3776; baseline 0.006 -25"><span class='ocrx_word' id='word_1_444' title='bbox 410 3697 606 3769; x_wconf 80' lang='grc' dir='ltr'>δεσμος</span> <span class='ocrx_word' id='word_1_445' title='bbox 655 3702 807 3755; x_wconf 76' lang='grc' dir='ltr'>τοῦτο</span> <span class='ocrx_word' id='word_1_446' title='bbox 839 3703 1183 3774; x_wconf 82' lang='grc' dir='ltr'>παρίστησιν.</span> <span class='ocrx_word' id='word_1_447' title='bbox 1232 3706 1294 3758; x_wconf 65' lang='lat' dir='ltr'><strong>Et</strong></span> <span class='ocrx_word' id='word_1_448' title='bbox 1325 3705 1434 3776; x_wconf 81' lang='grc' dir='ltr'>γὰρ</span> <span class='ocrx_word' id='word_1_449' title='bbox 1464 3707 1559 3763; x_wconf 78' lang='grc' dir='ltr'><strong>καὶ</strong></span> <span class='ocrx_word' id='word_1_450' title='bbox 1595 3705 1827 3770; x_wconf 76' lang='grc' dir='ltr'>ἔκτισεν,</span> <span class='ocrx_word' id='word_1_451' title='bbox 1868 3708 1983 3771; x_wconf 84' lang='grc' dir='ltr'><strong>πῶς</strong></span> 
     </span>
    </p>
   </div>
   <div class='ocr_carea' id='block_1_55' title="bbox 410 3789 1982 3869">
    <p class='ocr_par' dir='ltr' id='par_1_55' title="bbox 410 3789 1982 3869">
     <span class='ocr_line' id='line_1_55' title="bbox 410 3789 1982 3869; baseline 0.006 -27"><span class='ocrx_word' id='word_1_452' title='bbox 410 3789 728 3861; x_wconf 78' lang='grc' dir='ltr'>ὲγέννησεν;</span> <span class='ocrx_word' id='word_1_453' title='bbox 771 3795 833 3846; x_wconf 80' lang='lat' dir='ltr'><strong>Ei</strong></span> <span class='ocrx_word' id='word_1_454' title='bbox 879 3795 936 3847; x_wconf 78' lang='grc' dir='ltr'><strong>δὲ</strong></span> <span class='ocrx_word' id='word_1_455' title='bbox 966 3795 1272 3866; x_wconf 81' lang='grc' dir='ltr'>ἐγέννησεν,</span> <span class='ocrx_word' id='word_1_456' title='bbox 1302 3796 1443 3861; x_wconf 70' lang='grc' dir='ltr'>’πῶς</span> <span class='ocrx_word' id='word_1_457' title='bbox 1482 3798 1727 3865; x_wconf 78' lang='grc' dir='ltr'>έκτισεν;</span> <span class='ocrx_word' id='word_1_458' title='bbox 1778 3799 1851 3851; x_wconf 90' lang='grc' dir='ltr'>Τὸ</span> <span class='ocrx_word' id='word_1_459' title='bbox 1884 3798 1982 3869; x_wconf 82' lang='grc' dir='ltr'>μὲν</span> 
     </span>
    </p>
   </div>
   <div class='ocr_carea' id='block_1_56' title="bbox 408 3880 1978 3959">
    <p class='ocr_par' dir='ltr' id='par_1_56' title="bbox 408 3880 1978 3959">
     <span class='ocr_line' id='line_1_56' title="bbox 408 3880 1978 3959; baseline 0.006 -26"><span class='ocrx_word' id='word_1_460' title='bbox 408 3880 518 3952; x_wconf 86' lang='grc' dir='ltr'>γὰρ</span> <span class='ocrx_word' id='word_1_461' title='bbox 560 3883 764 3953; x_wconf 87' lang='grc' dir='ltr'>κτίσμα</span> <span class='ocrx_word' id='word_1_462' title='bbox 816 3886 958 3939; x_wconf 70' lang='grc' dir='ltr'>εἴποι</span> <span class='ocrx_word' id='word_1_463' title='bbox 995 3903 1078 3949; x_wconf 90' lang='grc' dir='ltr'><strong>τις</strong></span> <span class='ocrx_word' id='word_1_464' title='bbox 1115 3885 1180 3941; x_wconf 77' lang='grc' dir='ltr'>ἂν</span> <span class='ocrx_word' id='word_1_465' title='bbox 1231 3885 1324 3939; x_wconf 77' lang='grc' dir='ltr'>τοῦ</span> <span class='ocrx_word' id='word_1_466' title='bbox 1370 3887 1656 3951; x_wconf 87' lang='grc' dir='ltr'>κτίσαντος</span> <span class='ocrx_word' id='word_1_467' title='bbox 1710 3888 1978 3959; x_wconf 82' lang='grc' dir='ltr'>γέννημα,</span> 
     </span>
    </p>
   </div>
   <div class='ocr_carea' id='block_1_57' title="bbox 406 3971 1983 4046">
    <p class='ocr_par' dir='ltr' id='par_1_57' title="bbox 406 3971 1983 4046">
     <span class='ocr_line' id='line_1_57' title="bbox 406 3971 1983 4046; baseline 0.006 -22"><span class='ocrx_word' id='word_1_468' title='bbox 406 3971 484 4035; x_wconf 82' lang='grc' dir='ltr'>ὡς</span> <span class='ocrx_word' id='word_1_469' title='bbox 520 3973 679 4042; x_wconf 81' lang='grc' dir='ltr'>ἡμεῖς</span> <span class='ocrx_word' id='word_1_470' title='bbox 724 3974 1057 4045; x_wconf 76' lang='grc' dir='ltr'>ἠκούσαμεν,</span> <span class='ocrx_word' id='word_1_471' title='bbox 1116 3976 1223 4029; x_wconf 79' lang='grc' dir='ltr'><strong>υἱοὶ</strong></span> <span class='ocrx_word' id='word_1_472' title='bbox 1269 3977 1548 4046; x_wconf 76' lang='grc' dir='ltr'>Ὑψίστου·</span> <span class='ocrx_word' id='word_1_473' title='bbox 1594 3978 1655 4031; x_wconf 89' lang='grc' dir='ltr'><strong>τὸ</strong></span> <span class='ocrx_word' id='word_1_474' title='bbox 1700 3979 1757 4033; x_wconf 80' lang='grc' dir='ltr'>δὲ</span> <span class='ocrx_word' id='word_1_475' title='bbox 1815 3978 1983 4042; x_wconf 80' lang='grc' dir='ltr'>ὅντως</span> 
     </span>
    </p>
   </div>
   <div class='ocr_carea' id='block_1_58' title="bbox 406 4060 1984 4140">
    <p class='ocr_par' dir='ltr' id='par_1_58' title="bbox 406 4060 1984 4140">
     <span class='ocr_line' id='line_1_58' title="bbox 406 4060 1984 4140; baseline 0.007 -28"><span class='ocrx_word' id='word_1_476' title='bbox 406 4060 651 4132; x_wconf 88' lang='grc' dir='ltr'>γέννημα</span> <span class='ocrx_word' id='word_1_477' title='bbox 690 4063 791 4115; x_wconf 87' lang='grc' dir='ltr'><strong>ούκ</strong></span> <span class='ocrx_word' id='word_1_478' title='bbox 828 4063 891 4117; x_wconf 78' lang='grc' dir='ltr'>ἄν</span> <span class='ocrx_word' id='word_1_479' title='bbox 912 4082 1041 4117; x_wconf 81' lang='grc' dir='ltr'>ποτε</span> <span class='ocrx_word' id='word_1_480' title='bbox 1081 4065 1176 4118; x_wconf 80' lang='grc' dir='ltr'>τοῦ</span> <span class='ocrx_word' id='word_1_481' title='bbox 1220 4069 1582 4138; x_wconf 88' lang='grc' dir='ltr'>γεννήσαντος</span> <span class='ocrx_word' id='word_1_482' title='bbox 1632 4068 1837 4140; x_wconf 87' lang='grc' dir='ltr'>κτίσμα</span> <span class='ocrx_word' id='word_1_483' title='bbox 1853 4069 1984 4139; x_wconf 88' lang='grc' dir='ltr'>κλη-</span> 
     </span>
    </p>
   </div>
   <div class='ocr_carea' id='block_1_59' title="bbox 408 4149 1977 4230">
    <p class='ocr_par' dir='ltr' id='par_1_59' title="bbox 408 4149 1977 4230">
     <span class='ocr_line' id='line_1_59' title="bbox 408 4149 1977 4230; baseline 0.006 -27"><span class='ocrx_word' id='word_1_484' title='bbox 408 4149 550 4221; x_wconf 85' lang='grc' dir='ltr'>θείη.</span> <span class='ocrx_word' id='word_1_485' title='bbox 599 4151 767 4205; x_wconf 81' lang='grc' dir='ltr'>Οῠπω</span> <span class='ocrx_word' id='word_1_486' title='bbox 813 4153 923 4224; x_wconf 76' lang='grc' dir='ltr'><strong>γὰρ</strong></span> <span class='ocrx_word' id='word_1_487' title='bbox 960 4154 1067 4217; x_wconf 82' lang='grc' dir='ltr'>ἓως</span> <span class='ocrx_word' id='word_1_488' title='bbox 1110 4155 1352 4228; x_wconf 86' lang='grc' dir='ltr'>σήμερον</span> <span class='ocrx_word' id='word_1_489' title='bbox 1388 4156 1545 4227; x_wconf 76' lang='grc' dir='ltr'>ἴσμεν</span> <span class='ocrx_word' id='word_1_490' title='bbox 1575 4158 1732 4211; x_wconf 83' lang='grc' dir='ltr'>τοῦτο</span> <span class='ocrx_word' id='word_1_491' title='bbox 1768 4158 1977 4230; x_wconf 88' lang='grc' dir='ltr'>λεχθέν.</span> 
     </span>
    </p>
   </div>
   <div class='ocr_carea' id='block_1_60' title="bbox 409 4239 1982 4318">
    <p class='ocr_par' dir='ltr' id='par_1_60' title="bbox 409 4239 1982 4318">
     <span class='ocr_line' id='line_1_60' title="bbox 409 4239 1982 4318; baseline 0.009 -29"><span class='ocrx_word' id='word_1_492' title='bbox 409 4239 573 4291; x_wconf 81' lang='grc' dir='ltr'>Ὥστε</span> <span class='ocrx_word' id='word_1_493' title='bbox 621 4241 720 4311; x_wconf 85' lang='grc' dir='ltr'>τὴν</span> <span class='ocrx_word' id='word_1_494' title='bbox 768 4244 826 4295; x_wconf 82' lang='grc' dir='ltr'>ὲν</span> <span class='ocrx_word' id='word_1_495' title='bbox 864 4247 976 4308; x_wconf 86' lang='grc' dir='ltr'>τοῖς</span> <span class='ocrx_word' id='word_1_496' title='bbox 1031 4245 1274 4315; x_wconf 87' lang='grc' dir='ltr'>ἀρίστοις</span> <span class='ocrx_word' id='word_1_497' title='bbox 1317 4246 1713 4318; x_wconf 78' lang='grc' dir='ltr'>ἐπιτηδεύμασι</span> <span class='ocrx_word' id='word_1_498' title='bbox 1788 4249 1982 4316; x_wconf 81' lang='grc' dir='ltr'>σοφίαν</span> 
     </span>
    </p>
   </div>
   <div class='ocr_carea' id='block_1_61' title="bbox 2087 1983 3644 2056">
    <p class='ocr_par' dir='ltr' id='par_1_61' title="bbox 2087 1983 3644 2056">
     <span class='ocr_line' id='line_1_61' title="bbox 2087 1983 3644 2056; baseline 0 -18"><span class='ocrx_word' id='word_1_499' title='bbox 2087 1998 2207 2038; x_wconf 90' lang='lat' dir='ltr'><strong>cum</strong></span> <span class='ocrx_word' id='word_1_500' title='bbox 2234 1984 2307 2037; x_wconf 87' lang='lat' dir='ltr'><strong>ait</strong></span> <span class='ocrx_word' id='word_1_501' title='bbox 2335 2000 2349 2037; x_wconf 90' lang='lat'><strong>:</strong></span> <span class='ocrx_word' id='word_1_502' title='bbox 2389 2002 2406 2036; x_wconf 80' lang='grc' dir='ltr'><strong>ι</strong></span> <span class='ocrx_word' id='word_1_503' title='bbox 2440 1984 2540 2051; x_wconf 82' lang='lat' dir='ltr'><strong>Qui</strong></span> <span class='ocrx_word' id='word_1_504' title='bbox 2569 1983 2695 2039; x_wconf 81' lang='lat' dir='ltr'><strong>facit</strong></span> <span class='ocrx_word' id='word_1_505' title='bbox 2725 1983 2837 2056; x_wconf 80' lang='lat'><strong>(38)</strong></span> <span class='ocrx_word' id='word_1_506' title='bbox 2863 1985 3153 2051; x_wconf 88' lang='lat' dir='ltr'><strong>Pleiadem,</strong></span> <span class='ocrx_word' id='word_1_507' title='bbox 3184 1995 3239 2041; x_wconf 91' lang='lat' dir='ltr'><strong>et</strong></span> <span class='ocrx_word' id='word_1_508' title='bbox 3268 1984 3601 2055; x_wconf 81' lang='lat' dir='ltr'><strong>Hesperum;</strong></span> <span class='ocrx_word' id='word_1_509' title='bbox 3623 2004 3644 2038; x_wconf 73' lang='grc' dir='ltr'><strong>ι</strong></span> 
     </span>
    </p>
   </div>
   <div class='ocr_carea' id='block_1_62' title="bbox 2087 2073 3648 2146">
    <p class='ocr_par' dir='ltr' id='par_1_62' title="bbox 2087 2073 3648 2146">
     <span class='ocr_line' id='line_1_62' title="bbox 2087 2073 3648 2146; baseline 0.003 -18"><span class='ocrx_word' id='word_1_510' title='bbox 2087 2083 2177 2128; x_wconf 88' lang='lat' dir='ltr'><strong>et:</strong></span> <span class='ocrx_word' id='word_1_511' title='bbox 2214 2074 2360 2141; x_wconf 70' lang='lat' dir='ltr'><strong>«Qui</strong></span> <span class='ocrx_word' id='word_1_512' title='bbox 2420 2073 2548 2129; x_wconf 90' lang='lat' dir='ltr'><strong>facit</strong></span> <span class='ocrx_word' id='word_1_513' title='bbox 2594 2074 2704 2146; x_wconf 81' lang='grc'>(59)</span> <span class='ocrx_word' id='word_1_514' title='bbox 2755 2075 2974 2146; x_wconf 77' lang='lat' dir='ltr'><strong>angelos</strong></span> <span class='ocrx_word' id='word_1_515' title='bbox 3033 2090 3161 2132; x_wconf 91' lang='lat' dir='ltr'><strong>suos</strong></span> <span class='ocrx_word' id='word_1_516' title='bbox 3208 2076 3490 2146; x_wconf 68' lang='lat' dir='ltr'><strong>spiritus.»</strong></span> <span class='ocrx_word' id='word_1_517' title='bbox 3522 2077 3648 2144; x_wconf 89' lang='lat' dir='ltr'><strong>Pro,</strong></span> 
     </span>
    </p>
   </div>
   <div class='ocr_carea' id='block_1_63' title="bbox 2093 2161 3652 2239">
    <p class='ocr_par' dir='ltr' id='par_1_63' title="bbox 2093 2161 3652 2239">
     <span class='ocr_line' id='line_1_63' title="bbox 2093 2161 3652 2239; baseline 0.006 -24"><span class='ocrx_word' id='word_1_518' title='bbox 2093 2182 2111 2215; x_wconf 73' lang='grc' dir='ltr'><strong>ι</strong></span> <span class='ocrx_word' id='word_1_519' title='bbox 2145 2163 2244 2229; x_wconf 87' lang='lat' dir='ltr'><strong>Qui</strong></span> <span class='ocrx_word' id='word_1_520' title='bbox 2277 2161 2438 2229; x_wconf 77' lang='lat' dir='ltr'><strong>iecit;</strong></span> <span class='ocrx_word' id='word_1_521' title='bbox 2476 2183 2494 2214; x_wconf 76' lang='grc' dir='ltr'><strong>ι</strong></span> <span class='ocrx_word' id='word_1_522' title='bbox 2529 2173 2581 2218; x_wconf 90' lang='lat' dir='ltr'><strong>et</strong></span> <span class='ocrx_word' id='word_1_523' title='bbox 2614 2183 2626 2217; x_wconf 91' lang='lat'>:</span> <span class='ocrx_word' id='word_1_524' title='bbox 2663 2184 2679 2216; x_wconf 82' lang='grc' dir='ltr'><strong>ι</strong></span> <span class='ocrx_word' id='word_1_525' title='bbox 2714 2164 2814 2231; x_wconf 90' lang='lat' dir='ltr'><strong>Qui</strong></span> <span class='ocrx_word' id='word_1_526' title='bbox 2868 2165 3052 2220; x_wconf 84' lang='lat' dir='ltr'><strong>fundat</strong></span> <span class='ocrx_word' id='word_1_527' title='bbox 3105 2166 3215 2237; x_wconf 74' lang='grc'>(40)</span> <span class='ocrx_word' id='word_1_528' title='bbox 3264 2177 3461 2221; x_wconf 87' lang='lat' dir='ltr'><strong>terram</strong></span> <span class='ocrx_word' id='word_1_529' title='bbox 3489 2182 3652 2239; x_wconf 81' lang='lat' dir='ltr'><strong>super</strong></span> 
     </span>
    </p>
   </div>
   <div class='ocr_carea' id='block_1_64' title="bbox 2087 2255 3323 2326">
    <p class='ocr_par' dir='ltr' id='par_1_64' title="bbox 2087 2255 3323 2326">
     <span class='ocr_line' id='line_1_64' title="bbox 2087 2255 3323 2326; baseline 0.001 -16"><span class='ocrx_word' id='word_1_530' title='bbox 2087 2256 2428 2310; x_wconf 82' lang='lat' dir='ltr'><strong>stabilitatem</strong></span> <span class='ocrx_word' id='word_1_531' title='bbox 2462 2270 2635 2310; x_wconf 85' lang='lat' dir='ltr'><strong>suam.</strong></span> <span class='ocrx_word' id='word_1_532' title='bbox 2664 2274 2682 2309; x_wconf 76' lang='grc' dir='ltr'><strong>ι</strong></span> <span class='ocrx_word' id='word_1_533' title='bbox 2716 2256 2767 2308; x_wconf 86' lang='lat' dir='ltr'><strong>Id</strong></span> <span class='ocrx_word' id='word_1_534' title='bbox 2799 2266 2899 2320; x_wconf 90' lang='lat' dir='ltr'><strong>est,</strong></span> <span class='ocrx_word' id='word_1_535' title='bbox 2934 2257 3025 2326; x_wconf 90' lang='lat' dir='ltr'><strong>qui</strong></span> <span class='ocrx_word' id='word_1_536' title='bbox 3063 2255 3323 2311; x_wconf 81' lang='lat' dir='ltr'><strong>fundavit.</strong></span> 
     </span>
    </p>
   </div>
   <div class='ocr_carea' id='block_1_65' title="bbox 2165 2344 3650 2413">
    <p class='ocr_par' dir='ltr' id='par_1_65' title="bbox 2165 2344 3650 2413">
     <span class='ocr_line' id='line_1_65' title="bbox 2165 2344 3650 2413; baseline 0.005 -16"><span class='ocrx_word' id='word_1_537' title='bbox 2165 2344 2294 2413; x_wconf 66' lang='lat' dir='ltr'><strong>Quae</strong></span> <span class='ocrx_word' id='word_1_538' title='bbox 2333 2361 2454 2398; x_wconf 87' lang='lat' dir='ltr'><strong>cum</strong></span> <span class='ocrx_word' id='word_1_539' title='bbox 2500 2346 2573 2400; x_wconf 89' lang='lat' dir='ltr'><strong>ita</strong></span> <span class='ocrx_word' id='word_1_540' title='bbox 2608 2360 2667 2400; x_wconf 92' lang='lat' dir='ltr'><strong>se</strong></span> <span class='ocrx_word' id='word_1_541' title='bbox 2722 2347 2974 2411; x_wconf 84' lang='lat' dir='ltr'><strong>habeant,</strong></span> <span class='ocrx_word' id='word_1_542' title='bbox 3008 2345 3227 2400; x_wconf 90' lang='lat' dir='ltr'><strong>allatum</strong></span> <span class='ocrx_word' id='word_1_543' title='bbox 3259 2361 3388 2402; x_wconf 84' lang='lat' dir='ltr'><strong>sane</strong></span> <span class='ocrx_word' id='word_1_544' title='bbox 3413 2347 3650 2404; x_wconf 80' lang='lat' dir='ltr'><strong>Prover-</strong></span> 
     </span>
    </p>
   </div>
   <div class='ocr_carea' id='block_1_66' title="bbox 2089 2438 3649 2511">
    <p class='ocr_par' dir='ltr' id='par_1_66' title="bbox 2089 2438 3649 2511">
     <span class='ocr_line' id='line_1_66' title="bbox 2089 2438 3649 2511; baseline 0.003 -19"><span class='ocrx_word' id='word_1_545' title='bbox 2089 2438 2234 2492; x_wconf 83' lang='lat' dir='ltr'><strong>bium</strong></span> <span class='ocrx_word' id='word_1_546' title='bbox 2294 2438 2502 2492; x_wconf 85' lang='lat' dir='ltr'><strong>referre</strong></span> <span class='ocrx_word' id='word_1_547' title='bbox 2554 2452 2776 2493; x_wconf 87' lang='lat' dir='ltr'><strong>necesse</strong></span> <span class='ocrx_word' id='word_1_548' title='bbox 2821 2448 2924 2501; x_wconf 79' lang='lat' dir='ltr'><strong>est,</strong></span> <span class='ocrx_word' id='word_1_549' title='bbox 2983 2438 3028 2493; x_wconf 90' lang='lat' dir='ltr'><strong>si</strong></span> <span class='ocrx_word' id='word_1_550' title='bbox 3067 2453 3171 2493; x_wconf 90' lang='lat' dir='ltr'><strong>non</strong></span> <span class='ocrx_word' id='word_1_551' title='bbox 3205 2441 3271 2492; x_wconf 92' lang='lat' dir='ltr'><strong>ad</strong></span> <span class='ocrx_word' id='word_1_552' title='bbox 3303 2441 3649 2511; x_wconf 87' lang='lat' dir='ltr'><strong>sapientiam,</strong></span> 
     </span>
    </p>
   </div>
   <div class='ocr_carea' id='block_1_67' title="bbox 2090 2528 3648 2597">
    <p class='ocr_par' dir='ltr' id='par_1_67' title="bbox 2090 2528 3648 2597">
     <span class='ocr_line' id='line_1_67' title="bbox 2090 2528 3648 2597; baseline 0.003 -16"><span class='ocrx_word' id='word_1_553' title='bbox 2090 2544 2208 2597; x_wconf 74' lang='lat' dir='ltr'><strong>qua:</strong></span> <span class='ocrx_word' id='word_1_554' title='bbox 2239 2529 2289 2581; x_wconf 92' lang='lat' dir='ltr'><strong>in</strong></span> <span class='ocrx_word' id='word_1_555' title='bbox 2329 2529 2529 2582; x_wconf 88' lang='lat' dir='ltr'><strong>nostris</strong></span> <span class='ocrx_word' id='word_1_556' title='bbox 2558 2528 2859 2596; x_wconf 85' lang='lat' dir='ltr'><strong>disciplinis</strong></span> <span class='ocrx_word' id='word_1_557' title='bbox 2900 2530 3060 2595; x_wconf 89' lang='lat' dir='ltr'><strong>inest,</strong></span> <span class='ocrx_word' id='word_1_558' title='bbox 3112 2531 3304 2585; x_wconf 86' lang='lat' dir='ltr'><strong>saltem</strong></span> <span class='ocrx_word' id='word_1_559' title='bbox 3363 2533 3428 2585; x_wconf 87' lang='lat' dir='ltr'><strong>ad</strong></span> <span class='ocrx_word' id='word_1_560' title='bbox 3467 2532 3648 2586; x_wconf 91' lang='lat' dir='ltr'><strong>Domi-</strong></span> 
     </span>
    </p>
   </div>
   <div class='ocr_carea' id='block_1_68' title="bbox 2088 2618 3652 2689">
    <p class='ocr_par' dir='ltr' id='par_1_68' title="bbox 2088 2618 3652 2689">
     <span class='ocr_line' id='line_1_68' title="bbox 2088 2618 3652 2689; baseline 0.002 -15"><span class='ocrx_word' id='word_1_561' title='bbox 2088 2621 2265 2674; x_wconf 88' lang='lat' dir='ltr'><strong>nicam</strong></span> <span class='ocrx_word' id='word_1_562' title='bbox 2327 2618 2535 2689; x_wconf 78' lang='lat' dir='ltr'><strong>peccati</strong></span> <span class='ocrx_word' id='word_1_563' title='bbox 2587 2628 2862 2689; x_wconf 81' lang='lat' dir='ltr'><strong>expertem</strong></span> <span class='ocrx_word' id='word_1_564' title='bbox 2915 2621 3381 2687; x_wconf 84' lang='lat' dir='ltr'><strong>lncarnationem;</strong></span> <span class='ocrx_word' id='word_1_565' title='bbox 3430 2623 3652 2677; x_wconf 89' lang='lat' dir='ltr'><strong>minime</strong></span> 
     </span>
    </p>
   </div>
   <div class='ocr_carea' id='block_1_69' title="bbox 2087 2704 3643 2771">
    <p class='ocr_par' dir='ltr' id='par_1_69' title="bbox 2087 2704 3643 2771">
     <span class='ocr_line' id='line_1_69' title="bbox 2087 2704 3643 2771; baseline 0.001 -11"><span class='ocrx_word' id='word_1_566' title='bbox 2087 2721 2215 2761; x_wconf 85' lang='lat' dir='ltr'><strong>vero</strong></span> <span class='ocrx_word' id='word_1_567' title='bbox 2247 2707 2310 2761; x_wconf 87' lang='lat' dir='ltr'><strong>ad</strong></span> <span class='ocrx_word' id='word_1_568' title='bbox 2343 2704 2625 2761; x_wconf 76' lang='lat' dir='ltr'><strong>ineﬂ‘abilis</strong></span> <span class='ocrx_word' id='word_1_569' title='bbox 2659 2706 2851 2760; x_wconf 60' lang='lat' dir='ltr'><strong>divina;</strong></span> <span class='ocrx_word' id='word_1_570' title='bbox 2887 2715 3094 2760; x_wconf 59' lang='lat' dir='ltr'><strong>natura;</strong></span> <span class='ocrx_word' id='word_1_571' title='bbox 3144 2707 3335 2761; x_wconf 82' lang='lat' dir='ltr'><strong>Filium</strong></span> <span class='ocrx_word' id='word_1_572' title='bbox 3382 2708 3643 2771; x_wconf 80' lang='lat' dir='ltr'><strong>Verbum,</strong></span> 
     </span>
    </p>
   </div>
   <div class='ocr_carea' id='block_1_70' title="bbox 2087 2796 3647 2868">
    <p class='ocr_par' dir='ltr' id='par_1_70' title="bbox 2087 2796 3647 2868">
     <span class='ocr_line' id='line_1_70' title="bbox 2087 2796 3647 2868; baseline 0.001 -19"><span class='ocrx_word' id='word_1_573' title='bbox 2087 2810 2185 2864; x_wconf 88' lang='lat' dir='ltr'><strong>per</strong></span> <span class='ocrx_word' id='word_1_574' title='bbox 2205 2809 2386 2863; x_wconf 87' lang='lat' dir='ltr'><strong>quem,</strong></span> <span class='ocrx_word' id='word_1_575' title='bbox 2408 2801 2463 2849; x_wconf 90' lang='lat' dir='ltr'><strong>et</strong></span> <span class='ocrx_word' id='word_1_576' title='bbox 2492 2810 2521 2847; x_wconf 90' lang='lat' dir='ltr'><strong>a</strong></span> <span class='ocrx_word' id='word_1_577' title='bbox 2546 2809 2675 2863; x_wconf 85' lang='lat' dir='ltr'><strong>quo,</strong></span> <span class='ocrx_word' id='word_1_578' title='bbox 2714 2804 2768 2847; x_wconf 93' lang='lat' dir='ltr'><strong>et</strong></span> <span class='ocrx_word' id='word_1_579' title='bbox 2807 2796 2860 2847; x_wconf 90' lang='lat' dir='ltr'><strong>in</strong></span> <span class='ocrx_word' id='word_1_580' title='bbox 2890 2810 2997 2864; x_wconf 87' lang='lat' dir='ltr'><strong>quo</strong></span> <span class='ocrx_word' id='word_1_581' title='bbox 3044 2797 3223 2850; x_wconf 87' lang='lat' dir='ltr'><strong>omnia</strong></span> <span class='ocrx_word' id='word_1_582' title='bbox 3250 2797 3461 2851; x_wconf 89' lang='lat' dir='ltr'><strong>condita</strong></span> <span class='ocrx_word' id='word_1_583' title='bbox 3487 2798 3647 2868; x_wconf 60' lang='lat'><strong>35.3</strong></span> 
     </span>
    </p>
   </div>
   <div class='ocr_carea' id='block_1_71' title="bbox 2087 2885 3659 2952">
    <p class='ocr_par' dir='ltr' id='par_1_71' title="bbox 2087 2885 3659 2952">
     <span class='ocr_line' id='line_1_71' title="bbox 2087 2885 3659 2952; baseline 0.001 -11"><span class='ocrx_word' id='word_1_584' title='bbox 2087 2895 2139 2941; x_wconf 89' lang='lat' dir='ltr'><strong>et</strong></span> <span class='ocrx_word' id='word_1_585' title='bbox 2164 2893 2352 2939; x_wconf 89' lang='lat' dir='ltr'><strong>ornata</strong></span> <span class='ocrx_word' id='word_1_586' title='bbox 2389 2895 2539 2941; x_wconf 86' lang='lat' dir='ltr'><strong>sunt.</strong></span> <span class='ocrx_word' id='word_1_587' title='bbox 2580 2885 2713 2939; x_wconf 87' lang='lat' dir='ltr'><strong>Nam</strong></span> <span class='ocrx_word' id='word_1_588' title='bbox 2762 2901 2882 2940; x_wconf 88' lang='lat' dir='ltr'><strong>cum</strong></span> <span class='ocrx_word' id='word_1_589' title='bbox 2934 2887 3033 2952; x_wconf 86' lang='lat' dir='ltr'><strong>ait,</strong></span> <span class='ocrx_word' id='word_1_590' title='bbox 3090 2905 3107 2938; x_wconf 82' lang='grc' dir='ltr'><strong>ι</strong></span> <span class='ocrx_word' id='word_1_591' title='bbox 3146 2886 3401 2941; x_wconf 87' lang='lat' dir='ltr'><strong>Dominus</strong></span> <span class='ocrx_word' id='word_1_592' title='bbox 3434 2891 3659 2943; x_wconf 69' lang='lat' dir='ltr'><strong>creavit</strong></span> 
     </span>
    </p>
   </div>
   <div class='ocr_carea' id='block_1_72' title="bbox 2089 2976 3650 3047">
    <p class='ocr_par' dir='ltr' id='par_1_72' title="bbox 2089 2976 3650 3047">
     <span class='ocr_line' id='line_1_72' title="bbox 2089 2976 3650 3047; baseline 0.002 -19"><span class='ocrx_word' id='word_1_593' title='bbox 2089 2989 2197 3042; x_wconf 91' lang='lat' dir='ltr'><strong>me,</strong></span> <span class='ocrx_word' id='word_1_594' title='bbox 2231 2993 2251 3025; x_wconf 74' lang='grc' dir='ltr'><strong>ι</strong></span> <span class='ocrx_word' id='word_1_595' title='bbox 2285 2976 2539 3040; x_wconf 87' lang='lat' dir='ltr'><strong>subdens,</strong></span> <span class='ocrx_word' id='word_1_596' title='bbox 2575 2992 2594 3026; x_wconf 73' lang='grc' dir='ltr'><strong>ι</strong></span> <span class='ocrx_word' id='word_1_597' title='bbox 2626 2976 2768 3029; x_wconf 85' lang='lat' dir='ltr'><strong>Ante</strong></span> <span class='ocrx_word' id='word_1_598' title='bbox 2809 2989 2998 3029; x_wconf 89' lang='lat' dir='ltr'><strong>omnes</strong></span> <span class='ocrx_word' id='word_1_599' title='bbox 3045 2984 3223 3030; x_wconf 88' lang='lat' dir='ltr'><strong>autem</strong></span> <span class='ocrx_word' id='word_1_600' title='bbox 3282 2976 3444 3031; x_wconf 89' lang='lat' dir='ltr'><strong>colles</strong></span> <span class='ocrx_word' id='word_1_601' title='bbox 3478 2978 3650 3047; x_wconf 80' lang='lat' dir='ltr'><strong>gignit</strong></span> 
     </span>
    </p>
   </div>
   <div class='ocr_carea' id='block_1_73' title="bbox 2089 3065 3761 3136">
    <p class='ocr_par' dir='ltr' id='par_1_73' title="bbox 2089 3065 3761 3136">
     <span class='ocr_line' id='line_1_73' title="bbox 2089 3065 3761 3136; baseline -0.001 -15"><span class='ocrx_word' id='word_1_602' title='bbox 2089 3081 2196 3133; x_wconf 88' lang='lat' dir='ltr'><strong>me,</strong></span> <span class='ocrx_word' id='word_1_603' title='bbox 2220 3085 2239 3117; x_wconf 84' lang='grc'><strong>›</strong></span> <span class='ocrx_word' id='word_1_604' title='bbox 2277 3066 2414 3121; x_wconf 90' lang='lat' dir='ltr'><strong>idem</strong></span> <span class='ocrx_word' id='word_1_605' title='bbox 2444 3076 2525 3121; x_wconf 87' lang='lat' dir='ltr'><strong>est</strong></span> <span class='ocrx_word' id='word_1_606' title='bbox 2552 3080 2613 3119; x_wconf 84' lang='lat' dir='ltr'><strong>ac</strong></span> <span class='ocrx_word' id='word_1_607' title='bbox 2650 3066 2694 3120; x_wconf 92' lang='lat' dir='ltr'><strong>si</strong></span> <span class='ocrx_word' id='word_1_608' title='bbox 2725 3065 2927 3121; x_wconf 86' lang='lat' dir='ltr'><strong>diceret</strong></span> <span class='ocrx_word' id='word_1_609' title='bbox 2973 3083 2986 3120; x_wconf 87' lang='lat'><strong>:</strong></span> <span class='ocrx_word' id='word_1_610' title='bbox 3041 3065 3174 3121; x_wconf 85' lang='lat' dir='ltr'><strong>Cum</strong></span> <span class='ocrx_word' id='word_1_611' title='bbox 3205 3082 3379 3122; x_wconf 87' lang='lat' dir='ltr'><strong>essem</strong></span> <span class='ocrx_word' id='word_1_612' title='bbox 3421 3084 3486 3122; x_wconf 82' lang='lat' dir='ltr'><strong>ex</strong></span> <span class='ocrx_word' id='word_1_613' title='bbox 3511 3068 3645 3136; x_wconf 83' lang='lat' dir='ltr'><strong>ipso,</strong></span> <span class='ocrx_word' id='word_1_614' title='bbox 3754 3102 3761 3105; x_wconf 93' lang='lat'><em>-</em></span> 
     </span>
    </p>
   </div>
   <div class='ocr_carea' id='block_1_74' title="bbox 2089 3157 3646 3228">
    <p class='ocr_par' dir='ltr' id='par_1_74' title="bbox 2089 3157 3646 3228">
     <span class='ocr_line' id='line_1_74' title="bbox 2089 3157 3646 3228; baseline -0.001 -15"><span class='ocrx_word' id='word_1_615' title='bbox 2089 3170 2143 3213; x_wconf 88' lang='lat' dir='ltr'><strong>et</strong></span> <span class='ocrx_word' id='word_1_616' title='bbox 2170 3157 2331 3212; x_wconf 89' lang='lat' dir='ltr'><strong>simul</strong></span> <span class='ocrx_word' id='word_1_617' title='bbox 2361 3172 2482 3210; x_wconf 89' lang='lat' dir='ltr'><strong>cum</strong></span> <span class='ocrx_word' id='word_1_618' title='bbox 2533 3171 2598 3211; x_wconf 90' lang='lat' dir='ltr'><strong>eo</strong></span> <span class='ocrx_word' id='word_1_619' title='bbox 2644 3157 3014 3222; x_wconf 87' lang='lat' dir='ltr'><strong>subsisterem,</strong></span> <span class='ocrx_word' id='word_1_620' title='bbox 3073 3158 3274 3212; x_wconf 84' lang='lat' dir='ltr'><strong>creavit</strong></span> <span class='ocrx_word' id='word_1_621' title='bbox 3315 3173 3400 3212; x_wconf 89' lang='lat' dir='ltr'><strong>me</strong></span> <span class='ocrx_word' id='word_1_622' title='bbox 3441 3168 3646 3228; x_wconf 85' lang='lat' dir='ltr'><strong>postea,</strong></span> 
     </span>
    </p>
   </div>
   <div class='ocr_carea' id='block_1_75' title="bbox 2088 3245 3647 3316">
    <p class='ocr_par' dir='ltr' id='par_1_75' title="bbox 2088 3245 3647 3316">
     <span class='ocr_line' id='line_1_75' title="bbox 2088 3245 3647 3316; baseline 0.001 -16"><span class='ocrx_word' id='word_1_623' title='bbox 2088 3255 2357 3316; x_wconf 86' lang='lat' dir='ltr'><strong>quatenus</strong></span> <span class='ocrx_word' id='word_1_624' title='bbox 2390 3246 2665 3300; x_wconf 85' lang='lat' dir='ltr'><strong>voluntate</strong></span> <span class='ocrx_word' id='word_1_625' title='bbox 2697 3245 2813 3312; x_wconf 81' lang='lat' dir='ltr'><strong>ejus</strong></span> <span class='ocrx_word' id='word_1_626' title='bbox 2835 3260 3175 3301; x_wconf 87' lang='lat' dir='ltr'><strong>communem</strong></span> <span class='ocrx_word' id='word_1_627' title='bbox 3212 3248 3371 3302; x_wconf 85' lang='lat' dir='ltr'><strong>habui</strong></span> <span class='ocrx_word' id='word_1_628' title='bbox 3398 3264 3518 3302; x_wconf 90' lang='lat' dir='ltr'><strong>cum</strong></span> <span class='ocrx_word' id='word_1_629' title='bbox 3547 3250 3647 3302; x_wconf 92' lang='lat' dir='ltr'><strong>ho-</strong></span> 
     </span>
    </p>
   </div>
   <div class='ocr_carea' id='block_1_76' title="bbox 2085 3335 3651 3400">
    <p class='ocr_par' dir='ltr' id='par_1_76' title="bbox 2085 3335 3651 3400">
     <span class='ocr_line' id='line_1_76' title="bbox 2085 3335 3651 3400; baseline -0.001 -9"><span class='ocrx_word' id='word_1_630' title='bbox 2085 3338 2326 3391; x_wconf 82' lang='lat' dir='ltr'><strong>minibus</strong></span> <span class='ocrx_word' id='word_1_631' title='bbox 2354 3345 2626 3400; x_wconf 89' lang='lat' dir='ltr'><strong>naturam,</strong></span> <span class='ocrx_word' id='word_1_632' title='bbox 2674 3335 2794 3389; x_wconf 84' lang='lat' dir='ltr'><strong>sine</strong></span> <span class='ocrx_word' id='word_1_633' title='bbox 2833 3335 3129 3389; x_wconf 86' lang='lat' dir='ltr'><strong>mutatione</strong></span> <span class='ocrx_word' id='word_1_634' title='bbox 3185 3343 3386 3399; x_wconf 86' lang='lat' dir='ltr'><strong>tamen,</strong></span> <span class='ocrx_word' id='word_1_635' title='bbox 3432 3351 3495 3391; x_wconf 86' lang='lat' dir='ltr'><strong>ac</strong></span> <span class='ocrx_word' id='word_1_636' title='bbox 3532 3337 3651 3391; x_wconf 88' lang='lat' dir='ltr'><strong>sine</strong></span> 
     </span>
    </p>
   </div>
   <div class='ocr_carea' id='block_1_77' title="bbox 2084 3424 3667 3496">
    <p class='ocr_par' dir='ltr' id='par_1_77' title="bbox 2084 3424 3667 3496">
     <span class='ocr_line' id='line_1_77' title="bbox 2084 3424 3667 3496; baseline -0.001 -15"><span class='ocrx_word' id='word_1_637' title='bbox 2084 3436 2329 3496; x_wconf 88' lang='lat' dir='ltr'><strong>peccato,</strong></span> <span class='ocrx_word' id='word_1_638' title='bbox 2380 3426 2522 3479; x_wconf 90' lang='lat' dir='ltr'><strong>sicut</strong></span> <span class='ocrx_word' id='word_1_639' title='bbox 2564 3424 2724 3493; x_wconf 88' lang='lat' dir='ltr'><strong>paulo</strong></span> <span class='ocrx_word' id='word_1_640' title='bbox 2770 3433 2894 3478; x_wconf 88' lang='lat' dir='ltr'><strong>ante</strong></span> <span class='ocrx_word' id='word_1_641' title='bbox 2947 3424 3073 3478; x_wconf 82' lang='lat' dir='ltr'><strong>dixi.</strong></span> <span class='ocrx_word' id='word_1_642' title='bbox 3121 3424 3258 3478; x_wconf 80' lang='lat' dir='ltr'><strong>Ante</strong></span> <span class='ocrx_word' id='word_1_643' title='bbox 3283 3439 3474 3479; x_wconf 89' lang='lat' dir='ltr'><strong>omnes</strong></span> <span class='ocrx_word' id='word_1_644' title='bbox 3522 3440 3667 3479; x_wconf 82' lang='lat' dir='ltr'><strong>vero.</strong></span> 
     </span>
    </p>
   </div>
   <div class='ocr_carea' id='block_1_78' title="bbox 2085 3513 3649 3585">
    <p class='ocr_par' dir='ltr' id='par_1_78' title="bbox 2085 3513 3649 3585">
     <span class='ocr_line' id='line_1_78' title="bbox 2085 3513 3649 3585; baseline 0 -17"><span class='ocrx_word' id='word_1_645' title='bbox 2085 3516 2252 3569; x_wconf 89' lang='lat' dir='ltr'><strong>colles</strong></span> <span class='ocrx_word' id='word_1_646' title='bbox 2284 3514 2474 3585; x_wconf 80' lang='lat' dir='ltr'><strong>genuit</strong></span> <span class='ocrx_word' id='word_1_647' title='bbox 2499 3513 2660 3567; x_wconf 83' lang='lat' dir='ltr'><strong>Pater</strong></span> <span class='ocrx_word' id='word_1_648' title='bbox 2692 3513 3116 3583; x_wconf 86' lang='lat' dir='ltr'><strong>impassibiliter,</strong></span> <span class='ocrx_word' id='word_1_649' title='bbox 3142 3523 3197 3569; x_wconf 91' lang='lat' dir='ltr'><strong>et</strong></span> <span class='ocrx_word' id='word_1_650' title='bbox 3224 3515 3293 3568; x_wconf 89' lang='lat' dir='ltr'><strong>ab</strong></span> <span class='ocrx_word' id='word_1_651' title='bbox 3332 3524 3556 3579; x_wconf 71' lang='lat' dir='ltr'><strong>aeterno,</strong></span> <span class='ocrx_word' id='word_1_652' title='bbox 3593 3528 3649 3570; x_wconf 89' lang='lat' dir='ltr'><strong>et</strong></span> 
     </span>
    </p>
   </div>
   <div class='ocr_carea' id='block_1_79' title="bbox 2084 3603 3643 3673">
    <p class='ocr_par' dir='ltr' id='par_1_79' title="bbox 2084 3603 3643 3673">
     <span class='ocr_line' id='line_1_79' title="bbox 2084 3603 3643 3673; baseline -0.001 -13"><span class='ocrx_word' id='word_1_653' title='bbox 2084 3603 2462 3669; x_wconf 76' lang='lat' dir='ltr'><strong>ineﬂ‘abiliter;</strong></span> <span class='ocrx_word' id='word_1_654' title='bbox 2491 3604 2616 3671; x_wconf 86' lang='lat' dir='ltr'><strong>quia</strong></span> <span class='ocrx_word' id='word_1_655' title='bbox 2648 3618 2811 3673; x_wconf 86' lang='lat' dir='ltr'><strong>supra</strong></span> <span class='ocrx_word' id='word_1_656' title='bbox 2864 3604 3177 3673; x_wconf 86' lang='lat' dir='ltr'><strong>incorporea</strong></span> <span class='ocrx_word' id='word_1_657' title='bbox 3216 3605 3396 3658; x_wconf 88' lang='lat' dir='ltr'><strong>omnia</strong></span> <span class='ocrx_word' id='word_1_658' title='bbox 3420 3614 3502 3659; x_wconf 90' lang='lat' dir='ltr'><strong>est</strong></span> <span class='ocrx_word' id='word_1_659' title='bbox 3531 3606 3643 3662; x_wconf 79' lang='lat' dir='ltr'><strong>dei-</strong></span> 
     </span>
    </p>
   </div>
   <div class='ocr_carea' id='block_1_80' title="bbox 2086 3696 3650 3765">
    <p class='ocr_par' dir='ltr' id='par_1_80' title="bbox 2086 3696 3650 3765">
     <span class='ocr_line' id='line_1_80' title="bbox 2086 3696 3650 3765; baseline -0.001 -13"><span class='ocrx_word' id='word_1_660' title='bbox 2086 3708 2188 3755; x_wconf 88' lang='lat' dir='ltr'><strong>tas.</strong></span> <span class='ocrx_word' id='word_1_661' title='bbox 2213 3696 2344 3750; x_wconf 84' lang='lat' dir='ltr'><strong>Nam</strong></span> <span class='ocrx_word' id='word_1_662' title='bbox 2375 3696 2525 3760; x_wconf 94' lang='lat' dir='ltr'><strong>illud,</strong></span> <span class='ocrx_word' id='word_1_663' title='bbox 2559 3706 2713 3759; x_wconf 75' lang='lat' dir='ltr'><strong>ante,</strong></span> <span class='ocrx_word' id='word_1_664' title='bbox 2768 3696 3065 3763; x_wconf 64' lang='lat' dir='ltr'><strong>praesertim</strong></span> <span class='ocrx_word' id='word_1_665' title='bbox 3118 3710 3240 3749; x_wconf 83' lang='lat' dir='ltr'><strong>cum</strong></span> <span class='ocrx_word' id='word_1_666' title='bbox 3281 3698 3347 3750; x_wconf 88' lang='lat' dir='ltr'><strong>de</strong></span> <span class='ocrx_word' id='word_1_667' title='bbox 3369 3696 3479 3765; x_wconf 90' lang='lat' dir='ltr'><strong>ipsa</strong></span> <span class='ocrx_word' id='word_1_668' title='bbox 3514 3696 3650 3751; x_wconf 86' lang='lat' dir='ltr'><strong>dici-</strong></span> 
     </span>
    </p>
   </div>
   <div class='ocr_carea' id='block_1_81' title="bbox 2087 3784 3646 3854">
    <p class='ocr_par' dir='ltr' id='par_1_81' title="bbox 2087 3784 3646 3854">
     <span class='ocr_line' id='line_1_81' title="bbox 2087 3784 3646 3854; baseline -0.001 -11"><span class='ocrx_word' id='word_1_669' title='bbox 2087 3799 2192 3853; x_wconf 89' lang='lat' dir='ltr'><strong>tur,</strong></span> <span class='ocrx_word' id='word_1_670' title='bbox 2231 3788 2570 3842; x_wconf 86' lang='lat' dir='ltr'><strong>indefinitum</strong></span> <span class='ocrx_word' id='word_1_671' title='bbox 2594 3793 2695 3842; x_wconf 91' lang='lat' dir='ltr'><strong>est.</strong></span> <span class='ocrx_word' id='word_1_672' title='bbox 2729 3784 2993 3840; x_wconf 72' lang='lat' dir='ltr'><strong>Prmtcrea</strong></span> <span class='ocrx_word' id='word_1_673' title='bbox 3024 3800 3149 3840; x_wconf 91' lang='lat' dir='ltr'><strong>vero</strong></span> <span class='ocrx_word' id='word_1_674' title='bbox 3176 3785 3338 3840; x_wconf 91' lang='lat' dir='ltr'><strong>etiam</strong></span> <span class='ocrx_word' id='word_1_675' title='bbox 3385 3787 3646 3854; x_wconf 87' lang='lat' dir='ltr'><strong>particula</strong></span> 
     </span>
    </p>
   </div>
   <div class='ocr_carea' id='block_1_82' title="bbox 2085 3877 3644 3946">
    <p class='ocr_par' dir='ltr' id='par_1_82' title="bbox 2085 3877 3644 3946">
     <span class='ocr_line' id='line_1_82' title="bbox 2085 3877 3644 3946; baseline 0.001 -14"><span class='ocrx_word' id='word_1_676' title='bbox 2085 3880 2195 3946; x_wconf 87' lang='lat' dir='ltr'><strong>illa,</strong></span> <span class='ocrx_word' id='word_1_677' title='bbox 2224 3878 2304 3946; x_wconf 83' lang='grc' dir='ltr'><strong>δέ,</strong></span> <span class='ocrx_word' id='word_1_678' title='bbox 2341 3878 2394 3932; x_wconf 93' lang='lat' dir='ltr'><strong>id</strong></span> <span class='ocrx_word' id='word_1_679' title='bbox 2441 3886 2551 3940; x_wconf 83' lang='lat' dir='ltr'><strong>est,</strong></span> <span class='ocrx_word' id='word_1_680' title='bbox 2619 3884 2817 3942; x_wconf 85' lang='lat' dir='ltr'><strong>autem,</strong></span> <span class='ocrx_word' id='word_1_681' title='bbox 2879 3877 2930 3930; x_wconf 91' lang='lat' dir='ltr'><strong>id</strong></span> <span class='ocrx_word' id='word_1_682' title='bbox 2959 3877 3130 3946; x_wconf 85' lang='lat' dir='ltr'><strong>ipsum</strong></span> <span class='ocrx_word' id='word_1_683' title='bbox 3179 3877 3389 3945; x_wconf 89' lang='lat' dir='ltr'><strong>probat.</strong></span> <span class='ocrx_word' id='word_1_684' title='bbox 3416 3877 3473 3932; x_wconf 89' lang='lat' dir='ltr'><strong>Si</strong></span> <span class='ocrx_word' id='word_1_685' title='bbox 3503 3881 3644 3934; x_wconf 83' lang='lat' dir='ltr'><strong>enim</strong></span> 
     </span>
    </p>
   </div>
   <div class='ocr_carea' id='block_1_83' title="bbox 2083 3964 3651 4040">
    <p class='ocr_par' dir='ltr' id='par_1_83' title="bbox 2083 3964 3651 4040">
     <span class='ocr_line' id='line_1_83' title="bbox 2083 3964 3651 4040; baseline -0.003 -11"><span class='ocrx_word' id='word_1_686' title='bbox 2083 3971 2304 4034; x_wconf 85' lang='lat' dir='ltr'><strong>creavit,</strong></span> <span class='ocrx_word' id='word_1_687' title='bbox 2329 3969 2596 4039; x_wconf 89' lang='lat' dir='ltr'><strong>quomodo</strong></span> <span class='ocrx_word' id='word_1_688' title='bbox 2626 3966 2848 4036; x_wconf 83' lang='lat' dir='ltr'><strong>genuit?</strong></span> <span class='ocrx_word' id='word_1_689' title='bbox 2874 3964 2931 4021; x_wconf 90' lang='lat' dir='ltr'><strong>Si</strong></span> <span class='ocrx_word' id='word_1_690' title='bbox 2966 3981 3092 4022; x_wconf 90' lang='lat' dir='ltr'><strong>vero</strong></span> <span class='ocrx_word' id='word_1_691' title='bbox 3140 3969 3347 4038; x_wconf 82' lang='lat' dir='ltr'><strong>genuit,</strong></span> <span class='ocrx_word' id='word_1_692' title='bbox 3377 3971 3651 4040; x_wconf 87' lang='lat' dir='ltr'><strong>quomodo</strong></span> 
     </span>
    </p>
   </div>
   <div class='ocr_carea' id='block_1_84' title="bbox 2083 4057 3649 4132">
    <p class='ocr_par' dir='ltr' id='par_1_84' title="bbox 2083 4057 3649 4132">
     <span class='ocr_line' id='line_1_84' title="bbox 2083 4057 3649 4132; baseline -0.003 -12"><span class='ocrx_word' id='word_1_693' title='bbox 2083 4062 2332 4120; x_wconf 88' lang='lat' dir='ltr'><strong>creavit?</strong></span> <span class='ocrx_word' id='word_1_694' title='bbox 2387 4061 2521 4115; x_wconf 84' lang='lat' dir='ltr'><strong>Nam</strong></span> <span class='ocrx_word' id='word_1_695' title='bbox 2577 4066 2881 4115; x_wconf 83' lang='lat' dir='ltr'><strong>creaturam</strong></span> <span class='ocrx_word' id='word_1_696' title='bbox 2933 4057 3151 4126; x_wconf 87' lang='lat' dir='ltr'><strong>quidem</strong></span> <span class='ocrx_word' id='word_1_697' title='bbox 3198 4059 3376 4115; x_wconf 88' lang='lat' dir='ltr'><strong>dicere</strong></span> <span class='ocrx_word' id='word_1_698' title='bbox 3401 4062 3522 4130; x_wconf 87' lang='lat' dir='ltr'><strong>quis</strong></span> <span class='ocrx_word' id='word_1_699' title='bbox 3554 4078 3649 4132; x_wconf 56' lang='lat' dir='ltr'><strong>po-</strong></span> 
     </span>
    </p>
   </div>
   <div class='ocr_carea' id='block_1_85' title="bbox 2085 4149 3648 4223">
    <p class='ocr_par' dir='ltr' id='par_1_85' title="bbox 2085 4149 3648 4223">
     <span class='ocr_line' id='line_1_85' title="bbox 2085 4149 3648 4223; baseline 0 -15"><span class='ocrx_word' id='word_1_700' title='bbox 2085 4163 2189 4210; x_wconf 87' lang='lat' dir='ltr'><strong>test</strong></span> <span class='ocrx_word' id='word_1_701' title='bbox 2242 4152 2552 4223; x_wconf 82' lang='lat' dir='ltr'><strong>progeniem</strong></span> <span class='ocrx_word' id='word_1_702' title='bbox 2617 4149 2912 4213; x_wconf 87' lang='lat' dir='ltr'><strong>Creatoris,</strong></span> <span class='ocrx_word' id='word_1_703' title='bbox 2960 4150 3102 4204; x_wconf 89' lang='lat' dir='ltr'><strong>sicut</strong></span> <span class='ocrx_word' id='word_1_704' title='bbox 3144 4164 3243 4204; x_wconf 89' lang='lat' dir='ltr'><strong>nos</strong></span> <span class='ocrx_word' id='word_1_705' title='bbox 3280 4149 3408 4205; x_wconf 88' lang='lat' dir='ltr'><strong>dicti</strong></span> <span class='ocrx_word' id='word_1_706' title='bbox 3464 4167 3648 4207; x_wconf 88' lang='lat' dir='ltr'><strong>sumus</strong></span> 
     </span>
    </p>
   </div>
   <div class='ocr_carea' id='block_1_86' title="bbox 2080 4241 3650 4315">
    <p class='ocr_par' dir='ltr' id='par_1_86' title="bbox 2080 4241 3650 4315">
     <span class='ocr_line' id='line_1_86' title="bbox 2080 4241 3650 4315; baseline -0.004 -11"><span class='ocrx_word' id='word_1_707' title='bbox 2080 4246 2177 4304; x_wconf 78' lang='lat' dir='ltr'><strong>ﬁlii</strong></span> <span class='ocrx_word' id='word_1_708' title='bbox 2214 4243 2477 4301; x_wconf 83' lang='lat' dir='ltr'><strong>Altissimi</strong></span> <span class='ocrx_word' id='word_1_709' title='bbox 2504 4241 2647 4315; x_wconf 65' lang='lat' dir='ltr'><strong>(tl):</strong></span> <span class='ocrx_word' id='word_1_710' title='bbox 2679 4241 2769 4311; x_wconf 89' lang='lat' dir='ltr'><strong>qui</strong></span> <span class='ocrx_word' id='word_1_711' title='bbox 2794 4250 2971 4295; x_wconf 88' lang='lat' dir='ltr'><strong>autem</strong></span> <span class='ocrx_word' id='word_1_712' title='bbox 2996 4255 3123 4295; x_wconf 82' lang='lat' dir='ltr'><strong>vere</strong></span> <span class='ocrx_word' id='word_1_713' title='bbox 3149 4242 3382 4312; x_wconf 83' lang='lat' dir='ltr'><strong>genitus,</strong></span> <span class='ocrx_word' id='word_1_714' title='bbox 3407 4257 3499 4297; x_wconf 91' lang='lat' dir='ltr'><strong>seu</strong></span> <span class='ocrx_word' id='word_1_715' title='bbox 3525 4260 3650 4313; x_wconf 50' lang='lat' dir='ltr'><strong>pro-*</strong></span> 
     </span>
    </p>
   </div>
   <div class='ocr_carea' id='block_1_87' title="bbox 406 4329 1987 4409">
    <p class='ocr_par' dir='ltr' id='par_1_87' title="bbox 406 4329 1981 4404">
     <span class='ocr_line' id='line_1_87' title="bbox 406 4329 1981 4404; baseline 0.005 -24"><span class='ocrx_word' id='word_1_716' title='bbox 406 4329 742 4399; x_wconf 86' lang='grc' dir='ltr'>πανταχόθεν</span> <span class='ocrx_word' id='word_1_717' title='bbox 781 4332 1152 4402; x_wconf 84' lang='grc' dir='ltr'>εὑρίσκεσθαι,</span> <span class='ocrx_word' id='word_1_718' title='bbox 1192 4334 1272 4399; x_wconf 91' lang='grc' dir='ltr'><strong>τὸ,</strong></span> <span class='ocrx_word' id='word_1_719' title='bbox 1306 4352 1324 4385; x_wconf 84' lang='grc' dir='ltr'><strong>ι</strong></span> <span class='ocrx_word' id='word_1_720' title='bbox 1361 4333 1562 4404; x_wconf 87' lang='grc' dir='ltr'>Κύριος</span> <span class='ocrx_word' id='word_1_721' title='bbox 1583 4334 1816 4400; x_wconf 79' lang='grc' dir='ltr'>ἔκτισεν,</span> <span class='ocrx_word' id='word_1_722' title='bbox 1856 4354 1876 4386; x_wconf 72' lang='grc' dir='ltr'><strong>ι</strong></span> <span class='ocrx_word' id='word_1_723' title='bbox 1906 4337 1981 4388; x_wconf 83' lang='grc' dir='ltr'>εί-</span> 
     </span>
    </p>
   </div>
   <div class='ocr_carea' id='block_1_88' title="bbox 2085 4329 3669 4409">
    <p class='ocr_par' dir='ltr' id='par_1_88' title="bbox 2085 4333 3669 4409">
     <span class='ocr_line' id='line_1_88' title="bbox 2085 4333 3669 4409; baseline -0.002 -16"><span class='ocrx_word' id='word_1_724' title='bbox 2085 4338 2270 4409; x_wconf 73' lang='lat' dir='ltr'><strong>genies</strong></span> <span class='ocrx_word' id='word_1_725' title='bbox 2297 4344 2403 4403; x_wconf 91' lang='lat' dir='ltr'><strong>est,</strong></span> <span class='ocrx_word' id='word_1_726' title='bbox 2434 4348 2706 4404; x_wconf 85' lang='lat' dir='ltr'><strong>nunquam</strong></span> <span class='ocrx_word' id='word_1_727' title='bbox 2763 4333 3047 4388; x_wconf 79' lang='lat' dir='ltr'><strong>vocabitur</strong></span> <span class='ocrx_word' id='word_1_728' title='bbox 3076 4334 3335 4401; x_wconf 73' lang='lat' dir='ltr'><strong>genitoris</strong></span> <span class='ocrx_word' id='word_1_729' title='bbox 3358 4345 3606 4390; x_wconf 87' lang='lat' dir='ltr'><strong>creatura</strong></span> <span class='ocrx_word' id='word_1_730' title='bbox 3626 4353 3669 4403; x_wconf 88' lang='lat'><strong>;-_</strong></span> 
     </span>
    </p>
   </div>
   <div class='ocr_carea' id='block_1_89' title="bbox 408 4421 1987 4495">
    <p class='ocr_par' dir='ltr' id='par_1_89' title="bbox 408 4421 1980 4494">
     <span class='ocr_line' id='line_1_89' title="bbox 408 4421 1980 4494; baseline 0.004 -21"><span class='ocrx_word' id='word_1_731' title='bbox 408 4423 660 4492; x_wconf 85' lang='grc' dir='ltr'>ρηκυῖαν·</span> <span class='ocrx_word' id='word_1_732' title='bbox 698 4421 839 4474; x_wconf 81' lang='grc' dir='ltr'>ὥστε</span> <span class='ocrx_word' id='word_1_733' title='bbox 894 4424 990 4476; x_wconf 83' lang='grc' dir='ltr'>καὶ</span> <span class='ocrx_word' id='word_1_734' title='bbox 1046 4424 1185 4477; x_wconf 80' lang='grc' dir='ltr'>κατὰ</span> <span class='ocrx_word' id='word_1_735' title='bbox 1230 4423 1408 4494; x_wconf 86' lang='grc' dir='ltr'>βιαίαν</span> <span class='ocrx_word' id='word_1_736' title='bbox 1441 4423 1669 4494; x_wconf 77' lang='grc' dir='ltr'>ἐκδοχὴν</span> <span class='ocrx_word' id='word_1_737' title='bbox 1707 4423 1799 4479; x_wconf 89' lang='grc' dir='ltr'><strong>τὸν</strong></span> <span class='ocrx_word' id='word_1_738' title='bbox 1824 4426 1980 4493; x_wconf 71' lang='grc' dir='ltr'>γενόο</span> 
     </span>
    </p>
   </div>
   <div class='ocr_carea' id='block_1_90' title="bbox 2085 4421 3647 4495">
    <p class='ocr_par' dir='ltr' id='par_1_90' title="bbox 2085 4426 3647 4495">
     <span class='ocr_line' id='line_1_90' title="bbox 2085 4426 3647 4495; baseline -0.002 -9"><span class='ocrx_word' id='word_1_739' title='bbox 2085 4431 2312 4485; x_wconf 90' lang='lat' dir='ltr'><strong>necdum</strong></span> <span class='ocrx_word' id='word_1_740' title='bbox 2358 4428 2503 4483; x_wconf 88' lang='lat' dir='ltr'><strong>enim</strong></span> <span class='ocrx_word' id='word_1_741' title='bbox 2566 4427 2894 4480; x_wconf 80' lang='lat' dir='ltr'><strong>hactenus&#39;a</strong></span> <span class='ocrx_word' id='word_1_742' title='bbox 2954 4426 3205 4495; x_wconf 90' lang='lat' dir='ltr'><strong>quopiam</strong></span> <span class='ocrx_word' id='word_1_743' title='bbox 3250 4427 3499 4483; x_wconf 87' lang='lat' dir='ltr'><strong>novimus</strong></span> <span class='ocrx_word' id='word_1_744' title='bbox 3541 4428 3647 4484; x_wconf 89' lang='lat' dir='ltr'><strong>hoc</strong></span> 
     </span>
    </p>
   </div>
   <div class='ocr_carea' id='block_1_91' title="bbox 410 4514 1987 4589">
    <p class='ocr_par' dir='ltr' id='par_1_91' title="bbox 410 4514 1980 4587">
     <span class='ocr_line' id='line_1_91' title="bbox 410 4514 1980 4587; baseline 0.002 -22"><span class='ocrx_word' id='word_1_745' title='bbox 410 4528 569 4581; x_wconf 79' lang='grc' dir='ltr'>μενον</span> <span class='ocrx_word' id='word_1_746' title='bbox 616 4514 937 4586; x_wconf 79' lang='grc' dir='ltr'>σύμμορφον</span> <span class='ocrx_word' id='word_1_747' title='bbox 996 4518 1062 4585; x_wconf 83' lang='grc' dir='ltr'>τῇ</span> <span class='ocrx_word' id='word_1_748' title='bbox 1118 4515 1518 4586; x_wconf 83' lang='grc' dir='ltr'>άνθρωπότητι.</span> <span class='ocrx_word' id='word_1_749' title='bbox 1575 4514 1666 4586; x_wconf 83' lang='grc' dir='ltr'><strong>Τῷ</strong></span> <span class='ocrx_word' id='word_1_750' title='bbox 1720 4516 1829 4586; x_wconf 82' lang='grc' dir='ltr'>γὰρ</span> <span class='ocrx_word' id='word_1_751' title='bbox 1881 4517 1980 4587; x_wconf 84' lang='grc' dir='ltr'>τῆς</span> 
     </span>
    </p>
   </div>
   <div class='ocr_carea' id='block_1_92' title="bbox 2085 4514 3646 4589">
    <p class='ocr_par' dir='ltr' id='par_1_92' title="bbox 2085 4518 3646 4587">
     <span class='ocr_line' id='line_1_92' title="bbox 2085 4518 3646 4587; baseline 0.001 -13"><span class='ocrx_word' id='word_1_752' title='bbox 2085 4520 2284 4574; x_wconf 90' lang='lat' dir='ltr'><strong>dictum</strong></span> <span class='ocrx_word' id='word_1_753' title='bbox 2310 4533 2452 4574; x_wconf 89' lang='lat' dir='ltr'><strong>esse.</strong></span> <span class='ocrx_word' id='word_1_754' title='bbox 2485 4518 2819 4585; x_wconf 84' lang='lat' dir='ltr'><strong>Quocunque</strong></span> <span class='ocrx_word' id='word_1_755' title='bbox 2843 4530 2971 4585; x_wconf 82' lang='lat' dir='ltr'><strong>ergo</strong></span> <span class='ocrx_word' id='word_1_756' title='bbox 3000 4518 3285 4586; x_wconf 84' lang='lat' dir='ltr'><strong>vertimur,</strong></span> <span class='ocrx_word' id='word_1_757' title='bbox 3317 4519 3646 4587; x_wconf 83' lang='lat' dir='ltr'><strong>invenimus,</strong></span> 
     </span>
    </p>
   </div>
   <div class='ocr_carea' id='block_1_93' title="bbox 406 4602 1987 4679">
    <p class='ocr_par' dir='ltr' id='par_1_93' title="bbox 406 4602 1977 4679">
     <span class='ocr_line' id='line_1_93' title="bbox 406 4602 1977 4679; baseline 0.004 -24"><span class='ocrx_word' id='word_1_758' title='bbox 406 4602 557 4668; x_wconf 83' lang='grc' dir='ltr'>θείας</span> <span class='ocrx_word' id='word_1_759' title='bbox 588 4604 951 4676; x_wconf 82' lang='grc' dir='ltr'>προγνώσεως</span> <span class='ocrx_word' id='word_1_760' title='bbox 983 4607 1093 4677; x_wconf 83' lang='grc' dir='ltr'>ὅρῳ</span> <span class='ocrx_word' id='word_1_761' title='bbox 1138 4607 1242 4679; x_wconf 90' lang='grc' dir='ltr'><strong>πρὸ</strong></span> <span class='ocrx_word' id='word_1_762' title='bbox 1281 4607 1460 4677; x_wconf 88' lang='grc' dir='ltr'>πάσης</span> <span class='ocrx_word' id='word_1_763' title='bbox 1490 4604 1717 4669; x_wconf 88' lang='grc' dir='ltr'>κτίσεως</span> <span class='ocrx_word' id='word_1_764' title='bbox 1761 4607 1977 4676; x_wconf 80' lang='grc' dir='ltr'>ἐγένετο</span> 
     </span>
    </p>
   </div>
   <div class='ocr_carea' id='block_1_94' title="bbox 2085 4602 3647 4679">
    <p class='ocr_par' dir='ltr' id='par_1_94' title="bbox 2085 4603 3647 4679">
     <span class='ocr_line' id='line_1_94' title="bbox 2085 4603 3647 4679; baseline 0.001 -15"><span class='ocrx_word' id='word_1_765' title='bbox 2085 4608 2399 4679; x_wconf 83' lang='lat' dir='ltr'><strong>sapientiam</strong></span> <span class='ocrx_word' id='word_1_766' title='bbox 2417 4607 2471 4660; x_wconf 92' lang='lat' dir='ltr'><strong>in</strong></span> <span class='ocrx_word' id='word_1_767' title='bbox 2494 4604 2713 4675; x_wconf 82' lang='lat' dir='ltr'><strong>Optimis</strong></span> <span class='ocrx_word' id='word_1_768' title='bbox 2740 4603 3039 4673; x_wconf 86' lang='lat' dir='ltr'><strong>disciplinis</strong></span> <span class='ocrx_word' id='word_1_769' title='bbox 3062 4604 3223 4661; x_wconf 88' lang='lat' dir='ltr'><strong>sitam</strong></span> <span class='ocrx_word' id='word_1_770' title='bbox 3254 4607 3477 4677; x_wconf 78' lang='lat' dir='ltr'><strong>dixisse,</strong></span> <span class='ocrx_word' id='word_1_771' title='bbox 3497 4629 3516 4662; x_wconf 85' lang='grc'><em>‹</em></span> <span class='ocrx_word' id='word_1_772' title='bbox 3539 4610 3647 4666; x_wconf 92' lang='lat' dir='ltr'><strong>Do-</strong></span> 
     </span>
    </p>
   </div>
   <div class='ocr_carea' id='block_1_95' title="bbox 403 4687 1987 4767">
    <p class='ocr_par' dir='ltr' id='par_1_95' title="bbox 403 4687 1973 4767">
     <span class='ocr_line' id='line_1_95' title="bbox 403 4687 1973 4767; baseline 0.001 -20"><span class='ocrx_word' id='word_1_773' title='bbox 403 4687 579 4759; x_wconf 76' lang='grc' dir='ltr'>οὖτος,</span> <span class='ocrx_word' id='word_1_774' title='bbox 621 4696 795 4749; x_wconf 87' lang='grc' dir='ltr'>κτίσιν</span> <span class='ocrx_word' id='word_1_775' title='bbox 827 4697 885 4749; x_wconf 81' lang='grc' dir='ltr'>δὲ</span> <span class='ocrx_word' id='word_1_776' title='bbox 928 4695 1378 4767; x_wconf 80' lang='grc' dir='ltr'>καταχρηστικῶς</span> <span class='ocrx_word' id='word_1_777' title='bbox 1419 4695 1517 4767; x_wconf 82' lang='grc' dir='ltr'><strong>τὴν</strong></span> <span class='ocrx_word' id='word_1_778' title='bbox 1558 4694 1973 4766; x_wconf 82' lang='grc' dir='ltr'>άνθρωπότητα,</span> 
     </span>
    </p>
   </div>
   <div class='ocr_carea' id='block_1_96' title="bbox 2085 4687 3646 4767">
    <p class='ocr_par' dir='ltr' id='par_1_96' title="bbox 2085 4694 3646 4755">
     <span class='ocr_line' id='line_1_96' title="bbox 2085 4694 3646 4755; baseline 0.001 -2"><span class='ocrx_word' id='word_1_779' title='bbox 2085 4700 2262 4754; x_wconf 88' lang='lat' dir='ltr'><strong>minus</strong></span> <span class='ocrx_word' id='word_1_780' title='bbox 2287 4699 2533 4754; x_wconf 87' lang='lat' dir='ltr'><strong>creavit:</strong></span> <span class='ocrx_word' id='word_1_781' title='bbox 2565 4714 2585 4749; x_wconf 74' lang='grc' dir='ltr'><strong>ι</strong></span> <span class='ocrx_word' id='word_1_782' title='bbox 2615 4697 2751 4750; x_wconf 88' lang='lat' dir='ltr'><strong>adeo</strong></span> <span class='ocrx_word' id='word_1_783' title='bbox 2785 4702 2844 4748; x_wconf 89' lang='lat' dir='ltr'><strong>ut</strong></span> <span class='ocrx_word' id='word_1_784' title='bbox 2876 4694 3111 4750; x_wconf 86' lang='lat' dir='ltr'><strong>violenta</strong></span> <span class='ocrx_word' id='word_1_785' title='bbox 3153 4699 3316 4753; x_wconf 89' lang='lat' dir='ltr'><strong>etiam</strong></span> <span class='ocrx_word' id='word_1_786' title='bbox 3365 4701 3438 4755; x_wconf 89' lang='lat' dir='ltr'><strong>sit</strong></span> <span class='ocrx_word' id='word_1_787' title='bbox 3476 4702 3646 4755; x_wconf 48' lang='lat' dir='ltr'><strong>inter:</strong></span> 
     </span>
    </p>
   </div>
   <div class='ocr_carea' id='block_1_97' title="bbox 404 4785 1987 4859">
    <p class='ocr_par' dir='ltr' id='par_1_97' title="bbox 404 4785 1970 4859">
     <span class='ocr_line' id='line_1_97' title="bbox 404 4785 1970 4859; baseline 0.001 -20"><span class='ocrx_word' id='word_1_788' title='bbox 404 4785 548 4839; x_wconf 77' lang='grc' dir='ltr'>καθά</span> <span class='ocrx_word' id='word_1_789' title='bbox 589 4785 716 4857; x_wconf 76' lang='grc'><strong>[162</strong></span> <span class='ocrx_word' id='word_1_790' title='bbox 759 4790 814 4859; x_wconf 80' lang='grc' dir='ltr'>α]</span> <span class='ocrx_word' id='word_1_791' title='bbox 860 4789 954 4841; x_wconf 76' lang='grc' dir='ltr'>καὶ</span> <span class='ocrx_word' id='word_1_792' title='bbox 992 4789 1091 4859; x_wconf 83' lang='grc' dir='ltr'><strong>τήν</strong></span> <span class='ocrx_word' id='word_1_793' title='bbox 1121 4792 1177 4842; x_wconf 79' lang='grc' dir='ltr'>ἐν</span> <span class='ocrx_word' id='word_1_794' title='bbox 1231 4789 1419 4858; x_wconf 83' lang='grc' dir='ltr'>κόσμῳ</span> <span class='ocrx_word' id='word_1_795' title='bbox 1464 4787 1655 4856; x_wconf 80' lang='grc' dir='ltr'>σοφίαν</span> <span class='ocrx_word' id='word_1_796' title='bbox 1695 4786 1970 4858; x_wconf 81' lang='grc' dir='ltr'>ὀνομάζει,</span> 
     </span>
    </p>
   </div>
   <div class='ocr_carea' id='block_1_98' title="bbox 2085 4785 3657 4859">
    <p class='ocr_par' dir='ltr' id='par_1_98' title="bbox 2085 4785 3657 4858">
     <span class='ocr_line' id='line_1_98' title="bbox 2085 4785 3657 4858; baseline 0.001 -15"><span class='ocrx_word' id='word_1_797' title='bbox 2085 4789 2334 4858; x_wconf 91' lang='lat' dir='ltr'><strong>pretatio,</strong></span> <span class='ocrx_word' id='word_1_798' title='bbox 2363 4789 2409 4842; x_wconf 92' lang='lat' dir='ltr'><strong>si</strong></span> <span class='ocrx_word' id='word_1_799' title='bbox 2445 4788 2560 4841; x_wconf 83' lang='lat' dir='ltr'><strong>haec</strong></span> <span class='ocrx_word' id='word_1_800' title='bbox 2595 4785 2797 4840; x_wconf 82' lang='lat' dir='ltr'><strong>dixisse</strong></span> <span class='ocrx_word' id='word_1_801' title='bbox 2827 4789 3043 4853; x_wconf 90' lang='lat' dir='ltr'><strong>putetur</strong></span> <span class='ocrx_word' id='word_1_802' title='bbox 3086 4785 3151 4850; x_wconf 87' lang='lat' dir='ltr'><strong>is,</strong></span> <span class='ocrx_word' id='word_1_803' title='bbox 3202 4789 3293 4855; x_wconf 89' lang='lat' dir='ltr'><strong>qui</strong></span> <span class='ocrx_word' id='word_1_804' title='bbox 3326 4789 3657 4844; x_wconf 85' lang='lat' dir='ltr'><strong>humanitati</strong></span> 
     </span>
    </p>
   </div>
   <div class='ocr_carea' id='block_1_99' title="bbox 403 4871 1987 4949">
    <p class='ocr_par' dir='ltr' id='par_1_99' title="bbox 403 4871 1973 4949">
     <span class='ocr_line' id='line_1_99' title="bbox 403 4871 1973 4949; baseline 0.002 -20"><span class='ocrx_word' id='word_1_805' title='bbox 403 4876 470 4929; x_wconf 86' lang='grc' dir='ltr'>δι’</span> <span class='ocrx_word' id='word_1_806' title='bbox 510 4871 584 4931; x_wconf 82' lang='grc' dir='ltr'>ὧν</span> <span class='ocrx_word' id='word_1_807' title='bbox 625 4879 771 4947; x_wconf 87' lang='grc' dir='ltr'>λέγει</span> <span class='ocrx_word' id='word_1_808' title='bbox 823 4881 850 4932; x_wconf 87' lang='grc' dir='ltr'>ὁ</span> <span class='ocrx_word' id='word_1_809' title='bbox 883 4880 1109 4943; x_wconf 75' lang='grc' dir='ltr'>Παῦλος·</span> <span class='ocrx_word' id='word_1_810' title='bbox 1163 4897 1181 4930; x_wconf 76' lang='grc' dir='ltr'><strong>ι</strong></span> <span class='ocrx_word' id='word_1_811' title='bbox 1236 4878 1577 4949; x_wconf 85' lang='grc' dir='ltr'>Ὑποτάγητε</span> <span class='ocrx_word' id='word_1_812' title='bbox 1626 4878 1775 4949; x_wconf 88' lang='grc' dir='ltr'>πάσῃ</span> <span class='ocrx_word' id='word_1_813' title='bbox 1800 4878 1973 4933; x_wconf 88' lang='grc' dir='ltr'>κτίσει</span> 
     </span>
    </p>
   </div>
   <div class='ocr_carea' id='block_1_100' title="bbox 2085 4871 3648 4949">
    <p class='ocr_par' dir='ltr' id='par_1_100' title="bbox 2085 4872 3648 4946">
     <span class='ocr_line' id='line_1_100' title="bbox 2085 4872 3648 4946; baseline -0.008 -12"><span class='ocrx_word' id='word_1_814' title='bbox 2085 4877 2372 4934; x_wconf 85' lang='lat' dir='ltr'><strong>conformis</strong></span> <span class='ocrx_word' id='word_1_815' title='bbox 2404 4876 2580 4931; x_wconf 86' lang='lat' dir='ltr'><strong>factus</strong></span> <span class='ocrx_word' id='word_1_816' title='bbox 2614 4882 2719 4940; x_wconf 87' lang='lat' dir='ltr'><strong>est,</strong></span> <span class='ocrx_word' id='word_1_817' title='bbox 2764 4872 2906 4942; x_wconf 85' lang='lat' dir='ltr'><strong>quod</strong></span> <span class='ocrx_word' id='word_1_818' title='bbox 2942 4873 3135 4929; x_wconf 73' lang='lat' dir='ltr'><strong>divina:</strong></span> <span class='ocrx_word' id='word_1_819' title='bbox 3173 4879 3526 4946; x_wconf 67' lang='lat' dir='ltr'><strong>praescientite</strong></span> <span class='ocrx_word' id='word_1_820' title='bbox 3553 4882 3648 4935; x_wconf 88' lang='lat' dir='ltr'><strong>de-</strong></span> 
     </span>
    </p>
   </div>
   <div class='ocr_carea' id='block_1_101' title="bbox 403 4968 1987 5042">
    <p class='ocr_par' dir='ltr' id='par_1_101' title="bbox 403 4968 1973 5042">
     <span class='ocr_line' id='line_1_101' title="bbox 403 4968 1973 5042; baseline 0 -20"><span class='ocrx_word' id='word_1_821' title='bbox 403 4968 719 5042; x_wconf 81' lang='grc' dir='ltr'>ἀνθρωπίνῃ</span> <span class='ocrx_word' id='word_1_822' title='bbox 758 4970 848 5024; x_wconf 81' lang='grc' dir='ltr'>διὰ</span> <span class='ocrx_word' id='word_1_823' title='bbox 883 4972 971 5025; x_wconf 85' lang='grc' dir='ltr'><strong>τὸν</strong></span> <span class='ocrx_word' id='word_1_824' title='bbox 1016 4972 1239 5042; x_wconf 85' lang='grc' dir='ltr'>Κύριον,</span> <span class='ocrx_word' id='word_1_825' title='bbox 1280 4971 1387 5023; x_wconf 88' lang='grc' dir='ltr'>εἴτε</span> <span class='ocrx_word' id='word_1_826' title='bbox 1429 4968 1654 5038; x_wconf 81' lang='grc' dir='ltr'>βασιλεῖ,</span> <span class='ocrx_word' id='word_1_827' title='bbox 1698 4969 1773 5031; x_wconf 84' lang='grc' dir='ltr'>ὼς</span> <span class='ocrx_word' id='word_1_828' title='bbox 1801 4968 1973 5041; x_wconf 81' lang='grc' dir='ltr'>ύπερ-</span> 
     </span>
    </p>
   </div>
   <div class='ocr_carea' id='block_1_102' title="bbox 2085 4968 3647 5042">
    <p class='ocr_par' dir='ltr' id='par_1_102' title="bbox 2085 4968 3647 5026">
     <span class='ocr_line' id='line_1_102' title="bbox 2085 4968 3647 5026; baseline 0.001 -2"><span class='ocrx_word' id='word_1_829' title='bbox 2085 4968 2464 5025; x_wconf 89' lang='lat' dir='ltr'><strong>terminatione</strong></span> <span class='ocrx_word' id='word_1_830' title='bbox 2512 4980 2638 5024; x_wconf 90' lang='lat' dir='ltr'><strong>ante</strong></span> <span class='ocrx_word' id='word_1_831' title='bbox 2660 4983 2871 5024; x_wconf 89' lang='lat' dir='ltr'><strong>omnem</strong></span> <span class='ocrx_word' id='word_1_832' title='bbox 2922 4977 3227 5023; x_wconf 86' lang='lat' dir='ltr'><strong>creaturam</strong></span> <span class='ocrx_word' id='word_1_833' title='bbox 3255 4969 3428 5025; x_wconf 87' lang='lat' dir='ltr'><strong>factus</strong></span> <span class='ocrx_word' id='word_1_834' title='bbox 3452 4973 3525 5026; x_wconf 88' lang='lat' dir='ltr'><strong>sit</strong></span> <span class='ocrx_word' id='word_1_835' title='bbox 3563 4983 3647 5026; x_wconf 82' lang='lat' dir='ltr'><strong>ta-</strong></span> 
     </span>
    </p>
   </div>
   <div class='ocr_carea' id='block_1_103' title="bbox 405 5056 3661 5133">
    <p class='ocr_par' dir='ltr' id='par_1_103' title="bbox 405 5056 3661 5133">
     <span class='ocr_line' id='line_1_103' title="bbox 405 5056 3661 5133; baseline 0.001 -19"><span class='ocrx_word' id='word_1_836' title='bbox 405 5056 602 5129; x_wconf 74' lang='grc' dir='ltr'>έχοντι,</span> <span class='ocrx_word' id='word_1_837' title='bbox 655 5061 765 5113; x_wconf 78' lang='grc' dir='ltr'>εἴτε</span> <span class='ocrx_word' id='word_1_838' title='bbox 803 5061 1088 5132; x_wconf 79' lang='grc' dir='ltr'>ἡγεμόσιν,</span> <span class='ocrx_word' id='word_1_839' title='bbox 1117 5061 1191 5124; x_wconf 90' lang='grc' dir='ltr'>ὡς</span> <span class='ocrx_word' id='word_1_840' title='bbox 1231 5061 1298 5114; x_wconf 88' lang='grc' dir='ltr'>δι’</span> <span class='ocrx_word' id='word_1_841' title='bbox 1337 5057 1502 5113; x_wconf 86' lang='grc' dir='ltr'>αὑτοῦ</span> <span class='ocrx_word' id='word_1_842' title='bbox 1534 5059 1922 5129; x_wconf 84' lang='grc' dir='ltr'>πεμπομένοις.</span> <span class='ocrx_word' id='word_1_843' title='bbox 1947 5078 1965 5111; x_wconf 76' lang='grc' dir='ltr'><strong>ι</strong></span> <span class='ocrx_word' id='word_1_844' title='bbox 2080 5059 2165 5116; x_wconf 82' lang='lat' dir='ltr'><strong>lis.</strong></span> <span class='ocrx_word' id='word_1_845' title='bbox 2202 5058 2521 5114; x_wconf 88' lang='lat' dir='ltr'><strong>Creaturam</strong></span> <span class='ocrx_word' id='word_1_846' title='bbox 2562 5073 2690 5116; x_wconf 88' lang='lat' dir='ltr'><strong>vero</strong></span> <span class='ocrx_word' id='word_1_847' title='bbox 2748 5061 3205 5132; x_wconf 84' lang='grc' dir='ltr'>καταχρηστικῶς</span> <span class='ocrx_word' id='word_1_848' title='bbox 3228 5060 3363 5133; x_wconf 66' lang='grc' dir='ltr'>(ιε),</span> <span class='ocrx_word' id='word_1_849' title='bbox 3393 5062 3497 5118; x_wconf 91' lang='lat' dir='ltr'><strong>hoc</strong></span> <span class='ocrx_word' id='word_1_850' title='bbox 3536 5070 3661 5131; x_wconf 48' lang='lat' dir='ltr'><strong>est,</strong></span> 
     </span>
    </p>
   </div>
   <div class='ocr_carea' id='block_1_104' title="bbox 475 5261 1574 5336">
    <p class='ocr_par' dir='ltr' id='par_1_104' title="bbox 475 5261 1574 5336">
     <span class='ocr_line' id='line_1_104' title="bbox 475 5261 1574 5336; baseline 0.005 -17"><span class='ocrx_word' id='word_1_851' title='bbox 475 5261 586 5336; x_wconf 71' lang='lat'><strong>(51&#39;)</strong></span> <span class='ocrx_word' id='word_1_852' title='bbox 619 5265 893 5336; x_wconf 83' lang='lat' dir='ltr'><strong>Lapidem.</strong></span> <span class='ocrx_word' id='word_1_853' title='bbox 924 5266 1070 5324; x_wconf 73' lang='lat' dir='ltr'><strong>Psal‘.</strong></span> <span class='ocrx_word' id='word_1_854' title='bbox 1100 5284 1270 5334; x_wconf 71' lang='lat' dir='ltr'><strong>cxvii,</strong></span> <span class='ocrx_word' id='word_1_855' title='bbox 1299 5269 1361 5324; x_wconf 72' lang='lat'><strong>2|</strong></span> <span class='ocrx_word' id='word_1_856' title='bbox 1396 5280 1450 5325; x_wconf 91' lang='lat' dir='ltr'><strong>et</strong></span> <span class='ocrx_word' id='word_1_857' title='bbox 1483 5270 1574 5326; x_wconf 68' lang='lat'><strong>22‘.</strong></span> 
     </span>
    </p>
   </div>
   <div class='ocr_carea' id='block_1_105' title="bbox 475 5335 1968 5410">
    <p class='ocr_par' dir='ltr' id='par_1_105' title="bbox 475 5335 1968 5410">
     <span class='ocr_line' id='line_1_105' title="bbox 475 5335 1968 5410; baseline 0.005 -22"><span class='ocrx_word' id='word_1_858' title='bbox 475 5336 588 5410; x_wconf 53' lang='lat'><strong>(.32)</strong></span> <span class='ocrx_word' id='word_1_859' title='bbox 618 5335 833 5410; x_wconf 63' lang='lat' dir='ltr'><strong>Etsi-it.</strong></span> <span class='ocrx_word' id='word_1_860' title='bbox 888 5338 1101 5410; x_wconf 72' lang='lat' dir='ltr'><strong>()mittit</strong></span> <span class='ocrx_word' id='word_1_861' title='bbox 1156 5341 1430 5410; x_wconf 83' lang='lat' dir='ltr'><strong>nonnulla,</strong></span> <span class='ocrx_word' id='word_1_862' title='bbox 1483 5356 1603 5410; x_wconf 70' lang='lat' dir='ltr'><strong>quze</strong></span> <span class='ocrx_word' id='word_1_863' title='bbox 1647 5348 1865 5395; x_wconf 80' lang='lat' dir='ltr'><strong>exstant</strong></span> <span class='ocrx_word' id='word_1_864' title='bbox 1913 5339 1968 5395; x_wconf 87' lang='lat' dir='ltr'><strong>in</strong></span> 
     </span>
    </p>
   </div>
   <div class='ocr_carea' id='block_1_106' title="bbox 402 5400 1902 5478">
    <p class='ocr_par' dir='ltr' id='par_1_106' title="bbox 402 5400 1902 5478">
     <span class='ocr_line' id='line_1_106' title="bbox 402 5400 1902 5478; baseline 0.003 -21"><span class='ocrx_word' id='word_1_865' title='bbox 402 5400 734 5478; x_wconf 66' lang='lat' dir='ltr'><strong>Biblijs,_ubi</strong></span> <span class='ocrx_word' id='word_1_866' title='bbox 774 5422 868 5478; x_wconf 78' lang='lat' dir='ltr'><strong>pro</strong></span> <span class='ocrx_word' id='word_1_867' title='bbox 894 5406 1271 5478; x_wconf 16' lang='grc' dir='ltr'>ἐσταιίιεείιυι·</span> <span class='ocrx_word' id='word_1_868' title='bbox 1302 5400 1438 5477; x_wconf 74' lang='grc' dir='ltr'>ἔστι,</span> <span class='ocrx_word' id='word_1_869' title='bbox 1473 5400 1523 5464; x_wconf 76' lang='lat' dir='ltr'><strong>id</strong></span> <span class='ocrx_word' id='word_1_870' title='bbox 1550 5421 1653 5476; x_wconf 86' lang='lat' dir='ltr'><strong>est,</strong></span> <span class='ocrx_word' id='word_1_871' title='bbox 1687 5428 1706 5461; x_wconf 72' lang='grc' dir='ltr'><strong>ι</strong></span> <span class='ocrx_word' id='word_1_872' title='bbox 1739 5420 1838 5465; x_wconf 87' lang='lat' dir='ltr'><strong>est.</strong></span> <span class='ocrx_word' id='word_1_873' title='bbox 1869 5428 1902 5461; x_wconf 66' lang='grc' dir='ltr'><strong>ι.</strong></span> 
     </span>
    </p>
   </div>
   <div class='ocr_carea' id='block_1_107' title="bbox 474 5473 1093 5541">
    <p class='ocr_par' dir='ltr' id='par_1_107' title="bbox 474 5473 1093 5541">
     <span class='ocr_line' id='line_1_107' title="bbox 474 5473 1093 5541; baseline 0.005 -15"><span class='ocrx_word' id='word_1_874' title='bbox 474 5474 584 5541; x_wconf 83' lang='grc'>(55)</span> <span class='ocrx_word' id='word_1_875' title='bbox 619 5473 786 5531; x_wconf 60' lang='lat' dir='ltr'><strong>Puer.</strong></span> <span class='ocrx_word' id='word_1_876' title='bbox 810 5476 910 5529; x_wconf 83' lang='lat' dir='ltr'><strong>lsa.</strong></span> <span class='ocrx_word' id='word_1_877' title='bbox 936 5494 1008 5540; x_wconf 76' lang='lat' dir='ltr'><strong>ix,</strong></span> <span class='ocrx_word' id='word_1_878' title='bbox 1040 5477 1093 5531; x_wconf 88' lang='lat'><strong>6.</strong></span> 
     </span>
    </p>
   </div>
   <div class='ocr_carea' id='block_1_108' title="bbox 475 5542 1273 5613">
    <p class='ocr_par' dir='ltr' id='par_1_108' title="bbox 475 5542 1273 5613">
     <span class='ocr_line' id='line_1_108' title="bbox 475 5542 1273 5613; baseline 0.009 -18"><span class='ocrx_word' id='word_1_879' title='bbox 475 5542 588 5613; x_wconf 69' lang='grc'>(54)</span> <span class='ocrx_word' id='word_1_880' title='bbox 615 5542 759 5613; x_wconf 72' lang='lat' dir='ltr'><strong>Sicut</strong></span> <span class='ocrx_word' id='word_1_881' title='bbox 785 5548 913 5601; x_wconf 70' lang='lat' dir='ltr'><strong>ouis.</strong></span> <span class='ocrx_word' id='word_1_882' title='bbox 944 5545 1043 5600; x_wconf 89' lang='lat' dir='ltr'><strong>lsa.</strong></span> <span class='ocrx_word' id='word_1_883' title='bbox 1074 5562 1190 5612; x_wconf 86' lang='lat' dir='ltr'><strong>Lm,</strong></span> <span class='ocrx_word' id='word_1_884' title='bbox 1220 5549 1273 5602; x_wconf 88' lang='lat'><strong>7.</strong></span> 
     </span>
    </p>
   </div>
   <div class='ocr_carea' id='block_1_109' title="bbox 473 5611 1266 5679">
    <p class='ocr_par' dir='ltr' id='par_1_109' title="bbox 473 5611 1266 5679">
     <span class='ocr_line' id='line_1_109' title="bbox 473 5611 1266 5679; baseline 0.006 -14"><span class='ocrx_word' id='word_1_885' title='bbox 473 5611 586 5679; x_wconf 79' lang='grc'>(55)</span> <span class='ocrx_word' id='word_1_886' title='bbox 631 5611 889 5669; x_wconf 81' lang='lat' dir='ltr'><strong>Vidimus.</strong></span> <span class='ocrx_word' id='word_1_887' title='bbox 924 5617 1025 5670; x_wconf 88' lang='lat' dir='ltr'><strong>lsa.</strong></span> <span class='ocrx_word' id='word_1_888' title='bbox 1057 5632 1175 5679; x_wconf 87' lang='lat' dir='ltr'><strong>LIII,</strong></span> <span class='ocrx_word' id='word_1_889' title='bbox 1211 5617 1266 5670; x_wconf 80' lang='grc'>2.</span> 
     </span>
    </p>
   </div>
   <div class='ocr_carea' id='block_1_110' title="bbox 2074 5269 2827 5339">
    <p class='ocr_par' dir='ltr' id='par_1_110' title="bbox 2074 5269 2827 5339">
     <span class='ocr_line' id='line_1_110' title="bbox 2074 5269 2827 5339; baseline -0.001 -12"><span class='ocrx_word' id='word_1_890' title='bbox 2074 5269 2278 5327; x_wconf 69' lang='lat' dir='ltr'><strong>Era-cis</strong></span> <span class='ocrx_word' id='word_1_891' title='bbox 2297 5280 2513 5327; x_wconf 83' lang='lat' dir='ltr'><strong>exstant</strong></span> <span class='ocrx_word' id='word_1_892' title='bbox 2545 5272 2644 5328; x_wconf 81' lang='lat' dir='ltr'><strong>Joh</strong></span> <span class='ocrx_word' id='word_1_893' title='bbox 2676 5289 2753 5339; x_wconf 74' lang='lat' dir='ltr'><strong>Ix,</strong></span> <span class='ocrx_word' id='word_1_894' title='bbox 2775 5274 2827 5328; x_wconf 86' lang='lat'><strong>9.</strong></span> 
     </span>
    </p>
   </div>
   <div class='ocr_carea' id='block_1_111' title="bbox 2171 5340 3198 5411">
    <p class='ocr_par' dir='ltr' id='par_1_111' title="bbox 2171 5340 3198 5411">
     <span class='ocr_line' id='line_1_111' title="bbox 2171 5340 3198 5411; baseline 0 -17"><span class='ocrx_word' id='word_1_895' title='bbox 2171 5342 2259 5411; x_wconf 76' lang='grc'>59)</span> <span class='ocrx_word' id='word_1_896' title='bbox 2293 5344 2396 5411; x_wconf 77' lang='lat' dir='ltr'><strong>Qui</strong></span> <span class='ocrx_word' id='word_1_897' title='bbox 2421 5343 2568 5411; x_wconf 77' lang='lat' dir='ltr'><strong>facit.</strong></span> <span class='ocrx_word' id='word_1_898' title='bbox 2601 5342 2741 5396; x_wconf 88' lang='lat' dir='ltr'><strong>Psal.</strong></span> <span class='ocrx_word' id='word_1_899' title='bbox 2768 5357 2883 5408; x_wconf 88' lang='lat' dir='ltr'><strong>cm,</strong></span> <span class='ocrx_word' id='word_1_900' title='bbox 2917 5341 2950 5395; x_wconf 87' lang='lat'><strong>5</strong></span> <span class='ocrx_word' id='word_1_901' title='bbox 2980 5340 3092 5411; x_wconf 85' lang='lat' dir='ltr'><strong>(seu</strong></span> <span class='ocrx_word' id='word_1_902' title='bbox 3121 5340 3198 5411; x_wconf 58' lang='grc' dir='ltr'><strong>ᾇ).</strong></span> 
     </span>
    </p>
   </div>
   <div class='ocr_carea' id='block_1_112' title="bbox 2168 5409 3199 5480">
    <p class='ocr_par' dir='ltr' id='par_1_112' title="bbox 2168 5409 3199 5480">
     <span class='ocr_line' id='line_1_112' title="bbox 2168 5409 3199 5480; baseline 0 -18"><span class='ocrx_word' id='word_1_903' title='bbox 2168 5410 2258 5480; x_wconf 80' lang='grc'><strong>40)</strong></span> <span class='ocrx_word' id='word_1_904' title='bbox 2294 5410 2396 5480; x_wconf 78' lang='lat' dir='ltr'><strong>Qui</strong></span> <span class='ocrx_word' id='word_1_905' title='bbox 2421 5409 2628 5470; x_wconf 70' lang='lat' dir='ltr'><strong>fundat.</strong></span> <span class='ocrx_word' id='word_1_906' title='bbox 2656 5413 2883 5473; x_wconf 80' lang='lat' dir='ltr'><strong>Ibidem,</strong></span> <span class='ocrx_word' id='word_1_907' title='bbox 2914 5411 2946 5465; x_wconf 88' lang='lat'>6</span> <span class='ocrx_word' id='word_1_908' title='bbox 2973 5409 3088 5480; x_wconf 12' lang='lat' dir='ltr'><strong>(iseu</strong></span> <span class='ocrx_word' id='word_1_909' title='bbox 3123 5409 3199 5480; x_wconf 87' lang='lat'><strong>5).</strong></span> 
     </span>
    </p>
   </div>
   <div class='ocr_carea' id='block_1_113' title="bbox 2170 5478 3193 5547">
    <p class='ocr_par' dir='ltr' id='par_1_113' title="bbox 2170 5478 3193 5547">
     <span class='ocr_line' id='line_1_113' title="bbox 2170 5478 3193 5547; baseline 0 -14"><span class='ocrx_word' id='word_1_910' title='bbox 2170 5479 2258 5547; x_wconf 74' lang='grc'><strong>41)</strong></span> <span class='ocrx_word' id='word_1_911' title='bbox 2293 5478 2425 5532; x_wconf 83' lang='lat' dir='ltr'><strong>Filii</strong></span> <span class='ocrx_word' id='word_1_912' title='bbox 2447 5480 2719 5536; x_wconf 78' lang='lat' dir='ltr'><strong>Altissimi.</strong></span> <span class='ocrx_word' id='word_1_913' title='bbox 2754 5480 2894 5535; x_wconf 83' lang='lat' dir='ltr'><strong>Psal.</strong></span> <span class='ocrx_word' id='word_1_914' title='bbox 2930 5478 3108 5543; x_wconf 60' lang='lat' dir='ltr'><strong>Luxu,</strong></span> <span class='ocrx_word' id='word_1_915' title='bbox 3141 5478 3193 5533; x_wconf 87' lang='grc'><strong>6.</strong></span> 
     </span>
    </p>
   </div>
   <div class='ocr_carea' id='block_1_114' title="bbox 2169 5547 3644 5619">
    <p class='ocr_par' dir='ltr' id='par_1_114' title="bbox 2169 5547 3644 5619">
     <span class='ocr_line' id='line_1_114' title="bbox 2169 5547 3644 5619; baseline -0.001 -17"><span class='ocrx_word' id='word_1_916' title='bbox 2169 5550 2259 5619; x_wconf 72' lang='grc'>42)</span> <span class='ocrx_word' id='word_1_917' title='bbox 2294 5548 2810 5618; x_wconf 82' lang='grc' dir='ltr'>Καταχρηστικῶς.</span> <span class='ocrx_word' id='word_1_918' title='bbox 2886 5549 3124 5619; x_wconf 72' lang='lat' dir='ltr'><strong>Graecam</strong></span> <span class='ocrx_word' id='word_1_919' title='bbox 3155 5560 3377 5619; x_wconf 26' lang='lat' dir='ltr'><strong>“vocem</strong></span> <span class='ocrx_word' id='word_1_920' title='bbox 3432 5547 3644 5619; x_wconf 72' lang='lat' dir='ltr'><strong>retineo</strong></span> 
     </span>
    </p>
   </div>
   <div class='ocr_carea' id='block_1_115' title="bbox 2078 5615 3639 5688">
    <p class='ocr_par' dir='ltr' id='par_1_115' title="bbox 2078 5615 3639 5688">
     <span class='ocr_line' id='line_1_115' title="bbox 2078 5615 3639 5688; baseline -0.001 -16"><span class='ocrx_word' id='word_1_921' title='bbox 2078 5615 2389 5688; x_wconf 79' lang='lat' dir='ltr'><strong>Hieronymi</strong></span> <span class='ocrx_word' id='word_1_922' title='bbox 2423 5615 2689 5688; x_wconf 59' lang='lat' dir='ltr'><strong>eseitiplo,</strong></span> <span class='ocrx_word' id='word_1_923' title='bbox 2721 5620 2808 5687; x_wconf 89' lang='lat' dir='ltr'><strong>qui</strong></span> <span class='ocrx_word' id='word_1_924' title='bbox 2837 5619 2887 5671; x_wconf 88' lang='lat' dir='ltr'><strong>iu</strong></span> <span class='ocrx_word' id='word_1_925' title='bbox 2918 5615 3289 5688; x_wconf 80' lang='lat' dir='ltr'><strong>Didymilihro</strong></span> <span class='ocrx_word' id='word_1_926' title='bbox 3326 5615 3400 5669; x_wconf 87' lang='lat' dir='ltr'><strong>De</strong></span> <span class='ocrx_word' id='word_1_927' title='bbox 3434 5616 3639 5688; x_wconf 63' lang='lat' dir='ltr'><strong>Spiritu</strong></span> 
     </span>
    </p>
   </div>
   <div class='ocr_carea' id='block_1_116' title="bbox 474 5681 3644 5757">
    <p class='ocr_par' dir='ltr' id='par_1_116' title="bbox 474 5681 3644 5757">
     <span class='ocr_line' id='line_1_116' title="bbox 474 5681 3644 5757; baseline 0.002 -21"><span class='ocrx_word' id='word_1_928' title='bbox 474 5682 586 5757; x_wconf 59' lang='grc' dir='ltr'>(ξιξ)</span> <span class='ocrx_word' id='word_1_929' title='bbox 620 5681 951 5757; x_wconf 56' lang='grc' dir='ltr'>Ιξτεοηιεηὶαε.</span> <span class='ocrx_word' id='word_1_930' title='bbox 985 5684 1086 5757; x_wconf 58' lang='lat' dir='ltr'><strong>lsa.</strong></span> <span class='ocrx_word' id='word_1_931' title='bbox 1117 5702 1156 5757; x_wconf 83' lang='grc' dir='ltr'><strong>ι,</strong></span> <span class='ocrx_word' id='word_1_932' title='bbox 1177 5685 1285 5757; x_wconf 69' lang='grc'>24.</span> <span class='ocrx_word' id='word_1_933' title='bbox 1309 5686 1435 5757; x_wconf 80' lang='lat' dir='ltr'><strong>Vide</strong></span> <span class='ocrx_word' id='word_1_934' title='bbox 1464 5700 1584 5757; x_wconf 72' lang='lat' dir='ltr'><strong>pag.</strong></span> <span class='ocrx_word' id='word_1_935' title='bbox 1612 5686 1703 5749; x_wconf 70' lang='lat'><strong>74‘,</strong></span> <span class='ocrx_word' id='word_1_936' title='bbox 1738 5696 1855 5744; x_wconf 87' lang='lat' dir='ltr'><strong>not.</strong></span> <span class='ocrx_word' id='word_1_937' title='bbox 1897 5687 1987 5745; x_wconf 77' lang='lat'><strong>95.</strong></span> <span class='ocrx_word' id='word_1_938' title='bbox 2078 5698 2260 5742; x_wconf 78' lang='lat' dir='ltr'><strong>sancto</strong></span> <span class='ocrx_word' id='word_1_939' title='bbox 2282 5681 2691 5757; x_wconf 63' lang='lat' dir='ltr'><strong>segm.&quot;58,&#39;sic</strong></span> <span class='ocrx_word' id='word_1_940' title='bbox 2722 5681 3041 5742; x_wconf 64' lang='lat' dir='ltr'><strong>transtulit}</strong></span> <span class='ocrx_word' id='word_1_941' title='bbox 3085 5704 3104 5738; x_wconf 76' lang='grc' dir='ltr'><strong>ι</strong></span> <span class='ocrx_word' id='word_1_942' title='bbox 3129 5687 3263 5752; x_wconf 82' lang='lat' dir='ltr'><strong>Quia</strong></span> <span class='ocrx_word' id='word_1_943' title='bbox 3296 5701 3428 5757; x_wconf 8' lang='lat' dir='ltr'><strong>ergo,</strong></span> <span class='ocrx_word' id='word_1_944' title='bbox 3452 5681 3644 5756; x_wconf 65' lang='lat' dir='ltr'><strong>[eodem</strong></span> 
     </span>
    </p>
   </div>
   <div class='ocr_carea' id='block_1_117' title="bbox 372 5749 1987 5829">
    <p class='ocr_par' dir='ltr' id='par_1_117' title="bbox 372 5749 1926 5829">
     <span class='ocr_line' id='line_1_117' title="bbox 372 5749 1926 5829; baseline 0.004 -24"><span class='ocrx_word' id='word_1_945' title='bbox 372 5784 381 5791; x_wconf 72' lang='grc' dir='ltr'><strong><em>ο</em></strong></span> <span class='ocrx_word' id='word_1_946' title='bbox 626 5751 1006 5829; x_wconf 24' lang='grc' dir='ltr'>ρυιηῄεσξιὶεςι.</span> <span class='ocrx_word' id='word_1_947' title='bbox 1039 5749 1757 5829; x_wconf 22' lang='grc' dir='ltr'>βοιιεκλδτε-δέίιιεεομὸτε</span> <span class='ocrx_word' id='word_1_948' title='bbox 1781 5757 1865 5829; x_wconf 89' lang='grc' dir='ltr'>δή.</span> <span class='ocrx_word' id='word_1_949' title='bbox 1908 5826 1926 5829; x_wconf 94' lang='lat'>_</span> 
     </span>
    </p>
   </div>
   <div class='ocr_carea' id='block_1_118' title="bbox 2085 5749 3642 5829">
    <p class='ocr_par' dir='ltr' id='par_1_118' title="bbox 2085 5749 3642 5829">
     <span class='ocr_line' id='line_1_118' title="bbox 2085 5749 3642 5829; baseline -0.001 -18"><span class='ocrx_word' id='word_1_950' title='bbox 2085 5768 2274 5829; x_wconf 72' lang='lat' dir='ltr'><strong>noster,</strong></span> <span class='ocrx_word' id='word_1_951' title='bbox 2316 5749 2440 5829; x_wconf 50' lang='lat' dir='ltr'><strong>q&#39;uia</strong></span> <span class='ocrx_word' id='word_1_952' title='bbox 2482 5749 2669 5829; x_wconf 63' lang='lat' dir='ltr'><strong>enim)</strong></span> <span class='ocrx_word' id='word_1_953' title='bbox 2691 5758 2869 5811; x_wconf 87' lang='lat' dir='ltr'><strong>omnis</strong></span> <span class='ocrx_word' id='word_1_954' title='bbox 2905 5749 3642 5829; x_wconf 48' lang='lat' dir='ltr'><strong>liuinana—vox_nil&#39;til&#39;potest</strong></span> 
     </span>
    </p>
   </div>
   <div class='ocr_carea' id='block_1_119' title="bbox 480 5819 3640 5899">
    <p class='ocr_par' dir='ltr' id='par_1_119' title="bbox 480 5819 3640 5899">
     <span class='ocr_line' id='line_1_119' title="bbox 480 5819 3640 5899; baseline 0 -19"><span class='ocrx_word' id='word_1_955' title='bbox 480 5819 592 5889; x_wconf 73' lang='lat'><strong>(38)</strong></span> <span class='ocrx_word' id='word_1_956' title='bbox 624 5821 729 5887; x_wconf 84' lang='lat' dir='ltr'><strong>Qui</strong></span> <span class='ocrx_word' id='word_1_957' title='bbox 755 5822 905 5893; x_wconf 65' lang='lat' dir='ltr'><strong>facit.</strong></span> <span class='ocrx_word' id='word_1_958' title='bbox 937 5823 1124 5880; x_wconf 85' lang='lat' dir='ltr'><strong>Latina</strong></span> <span class='ocrx_word' id='word_1_959' title='bbox 1158 5824 1329 5881; x_wconf 86' lang='lat' dir='ltr'><strong>Biblia</strong></span> <span class='ocrx_word' id='word_1_960' title='bbox 1357 5826 1470 5883; x_wconf 64' lang='lat' dir='ltr'><strong>huic</strong></span> <span class='ocrx_word' id='word_1_961' title='bbox 1504 5819 1610 5882; x_wconf 82' lang='grc' dir='ltr'>ιιοῖι</span> <span class='ocrx_word' id='word_1_962' title='bbox 1654 5819 1872 5884; x_wconf 70' lang='lat' dir='ltr'><strong>habeni.</strong></span> <span class='ocrx_word' id='word_1_963' title='bbox 1908 5826 1965 5884; x_wconf 85' lang='lat' dir='ltr'><strong>In</strong></span> <span class='ocrx_word' id='word_1_964' title='bbox 2082 5826 2225 5883; x_wconf 87' lang='lat' dir='ltr'><strong>aliud</strong></span> <span class='ocrx_word' id='word_1_965' title='bbox 2253 5819 2499 5897; x_wconf 83' lang='lat' dir='ltr'><strong>judicare</strong></span> <span class='ocrx_word' id='word_1_966' title='bbox 2547 5819 2735 5899; x_wconf 62' lang='lat' dir='ltr'><strong>[codex</strong></span> <span class='ocrx_word' id='word_1_967' title='bbox 2783 5836 2975 5896; x_wconf 80' lang='lat' dir='ltr'><strong>noster,</strong></span> <span class='ocrx_word' id='word_1_968' title='bbox 3032 5819 3488 5898; x_wconf 19' lang='lat' dir='ltr'><strong>iudit‘areliquam</strong></span> <span class='ocrx_word' id='word_1_969' title='bbox 3514 5841 3640 5881; x_wconf 71' lang='lat' dir='ltr'><strong>coro</strong></span> 
     </span>
    </p>
   </div>
  </div>
