4134 6428
545 428 645 484 827

1802 423 2041 482 DlDYMl
2077 423 2520 481 ΑιΕιιΑΝυιιιΝ
2528 424 2547 477 ι

3677 421 3780 481 818

545 552 650 594 me.
681 536 813 591 Nam
842 535 1056 606 proprie
1081 550 1201 591 cum
1255 536 1322 590 de
1368 533 1479 606 (59)
1516 532 1619 588 illis
1652 546 1829 588 sermo
1858 542 1962 599 est,
2011 534 2101 603 qui

2207 532 2376 599 σεύει,
2417 552 2436 585 ι
2479 533 2572 585 καὶ
2602 550 2619 583 1
2661 531 2896 600 ἐκθορεῖ·
2943 548 2961 581 ι
2998 529 3059 584 τὸ
3086 530 3131 584 δ’
3158 529 3420 602 ἐκθοροῦν
3455 527 3535 601 τῷ
3562 529 3656 586 ὑπ’
3681 534 3782 588 αὐ,-

542 645 609 684 ex
644 642 745 683 oro
768 627 1058 693 exsiliunt,
1088 643 1195 683 non
1242 640 1368 680 vero
1416 624 1508 695 qui
1560 632 1833 688 creantur,
1889 624 2104 689 dicitur,

547 738 567 772 1
598 718 874 774 Nidulatus
903 726 1007 781 est,
1034 735 1054 768 ι
1083 725 1176 771 aut
1195 715 1449 772 1exsilire
1465 713 1745 783 fecit1(60),
1777 732 1795 765 ι
1823 722 1877 768 et
1902 732 1920 765 1
1954 714 2109 768 nidu-

542 810 702 873 latur,
728 828 748 860 ι
773 817 828 862 et
875 825 893 858 1
941 806 1159 863 exsilire
1199 805 1324 858 facit
1361 821 1374 855 :
1416 821 1435 855 ι
1458 805 1599 871 quod
1626 818 1751 858 vero
1777 802 1992 857 exsilire
2029 802 2109 857 fa-

548 901 644 964 cit,
679 898 1043 953 beterousium
1075 910 1179 949 non
1203 904 1305 957 est,
1340 908 1532 961 nempe
1560 892 1777 946 alterius
1803 893 2106 947 substantia:

544 992 611 1045 ab
645 1005 732 1054 eo,
779 988 922 1056 quod
974 1002 1039 1040 ex
1092 987 1206 1054 ipso
1244 985 1441 1039 exsilit.
1499 983 1686 1054 Itaque
1712 984 1827 1038 sive
1851 983 2105 1039 dictionis

543 1090 756 1149 etymon
808 1085 1101 1145 spectetur,
1163 1076 1276 1128 sive
1319 1075 1482 1127 totius
1535 1074 1801 1127 sermonis
1831 1087 2042 1136 sensus,
2074 1086 2105 1126 a

541 1171 768 1224 veritate
794 1167 1023 1221 alienum
1076 1176 1158 1221 est
1195 1166 1336 1235 quod
1391 1166 1541 1218 aiunt
1591 1165 1849 1219 hmretici.
1877 1164 2105 1230 Quidam

540 1276 670 1316 vero
727 1259 876 1322 illud,
912 1277 931 1309 1
984 1259 1240 1313 Dominus
1289 1256 1494 1310 creavit
1531 1271 1616 1310 me
1653 1255 1863 1309 initium
1895 1256 2102 1309 viarum

542 1367 823 1415 suarum,»
862 1358 1008 1404 recte
1060 1349 1131 1403 ita
1167 1355 1504 1416 acceperunt,
1554 1355 1612 1400 ut
1641 1345 1708 1400 de
1749 1344 1986 1399 Ecclesia
2017 1344 2104 1397 di—

542 1453 687 1496 ctum
720 1441 807 1504 sit,
842 1441 892 1493 in
944 1452 1048 1507 qua
1091 1438 1330 1491 veritatis
1370 1444 1424 1490 et
1471 1434 1749 1506 sapientiae
1780 1434 1865 1486 via
1895 1447 2103 1486 annun-

544 1535 729 1597 tiatur,
763 1545 1034 1601 quamque
1074 1529 1273 1584 Christi
1317 1542 1511 1596 corpus
1541 1527 1755 1580 vocavit
1791 1523 2100 1593 Apostolus,

541 1640 659 1680 cum
692 1624 909 1693 scripsit
961 1622 1026 1675 ad
1076 1620 1423 1675 Colossenses
1490 1617 1707 1686 quidem
1737 1633 1751 1669 :
1785 1634 1805 1667 1
1838 1615 1903 1669 Et
1932 1614 2104 1668 adim-

543 1714 797 1785 pleo(6l)
843 1712 1088 1767 defectus
1141 1709 1540 1766 tribulationum
1593 1706 1795 1762 Christi
1846 1706 1898 1758 in
1939 1718 2103 1758 carne

542 1822 661 1862 mea
688 1822 783 1875 pro
822 1804 934 1875 (ϐῆ)
967 1817 1194 1873 corpore
1224 1802 1361 1869 ejus,
1389 1800 1532 1869 quod
1556 1808 1637 1853 est
1670 1795 2102 1866 Ecclesia,cujus

2212 626 2305 679 τοῦ
2335 624 2713 696 ἐκθορουμένῳ
2740 623 2838 693 οὑχ
2892 620 3253 693 ἐτεροούσιον.
3299 622 3462 674 Ὥστε
3503 621 3598 676 καὶ
3642 624 3787 679 κατὰ

2211 717 2309 787 τὴν
2361 715 2526 781 λέξιν,
2561 715 2655 769 καὶ
2683 713 2826 769 κατὰ
2852 713 2950 784 τὴν
2993 712 3232 766 διάνοιαν
3254 713 3535 784 ἀποχωρεῖ
3555 713 3618 766 τὸ
3647 714 3785 785 πρό-

2158 828 2176 841 ι
2212 806 2397 877 ϐλημα
2436 804 2614 860 αὐτῶν
2656 805 2764 859 ἀπὸ
2788 806 2889 875 τῆς
2933 802 3207 875 ἀληθείας.
3248 803 3402 866 Τινές
3430 803 3488 856 δέ
3511 803 3590 869 τὸ,
3621 822 3640 855 1
3672 805 3787 857 Κύ-

2214 896 2529 968 ριοςέκτισέ
2572 914 2639 966 με
2677 895 2851 968 ἀρχὴν
2906 894 3039 949 ὁδῶν
3084 892 3270 957 αὑτοῦ,
3312 911 3333 945 ι
3363 895 3492 963 περ).
3526 894 3628 964 τῆς
3660 895 3785 949 Ἐκ-

2212 986 2439 1056 κλησίας
2466 985 2718 1057 εἰρῆσθαι
2758 985 2937 1048 καλῶς
2968 985 3214 1055 ἐνόησαν·
3250 984 3309 1038 ἐν
3411 985 3508 1054 τῆς
3529 982 3786 1055 ἀληθείας

2211 1078 2305 1131 καὶ
2343 1077 2531 1145 σοφίας
2565 1078 2598 1147 ἡ
2643 1076 2761 1139 ὁδὸς
2785 1075 3233 1144 καταγγέλλεταιο
3263 1075 3452 1145 ἥντινα
3476 1074 3573 1128 καὶ
3625 1076 3784 1147 σῶμα

2209 1167 2302 1223 τοῦ
2346 1166 2582 1239 Χριστοῦ
2625 1167 2883 1220 ἐκάλεσεν
2907 1168 2936 1220 ὀ
2964 1165 3307 1231 Ἀπόστολος,
3339 1167 3565 1237 γράφων
3603 1168 3783 1223 τοιάδε

2209 1255 2575 1311 Κολοσσαεῦσι
2615 1256 2733 1327 μέν’
2774 1274 2795 1309 1
2830 1257 2941 1310 Καὶ
2994 1254 3394 1326 ἀνταναπληρῶ
3437 1256 3506 1308 τὰ
3550 1256 3781 1329 ὑστερή-

2213 1365 2357 1418 ματα
2380 1348 2488 1401 τῶν
2523 1347 2751 1416 Θλίψεων
2779 1346 2872 1400 τοῦ
2923 1346 3161 1418 Χριστοῦ
3188 1350 3246 1400 ἐν
3274 1350 3339 1418 τῇ
3371 1346 3533 1417 σαρκί
3562 1365 3661 1419 μου
3678 1349 3783 1403 ὑπὸ

2207 1434 2300 1488 τοῦ
2335 1434 2585 1505 σώματος
2614 1434 2801 1499 αὑτοῦ,
2827 1435 2857 1488 ὅ
2896 1436 3041 1488 ἐστιν
3064 1436 3098 1506 η
3143 1435 3458 1506 Ἐκκλησία,
3503 1431 3571 1507 ἧς
3602 1438 3784 1505 ἐγενό-

2210 1544 2317 1597 μην
2338 1525 2449 1594 ἐγὼ
2478 1526 2721 1589 διάκονος
2745 1526 2887 1579 κατὰ
2914 1524 3011 1597 τὴν
3036 1527 3345 1596 οἰκονομίαν
3371 1524 3465 1579 τοῦ
3497 1527 3652 1593 Θεοῦ,
3682 1530 3781 1600 τὴν

2206 1617 2450 1671 δοθεῖσάν
2484 1633 2593 1687 μοι’
2620 1635 2640 1668 ι
2670 1616 2976 1688 Κορινθίοις
3009 1617 3137 1672 δὲέν
3165 1620 3234 1685 τῇ
3258 1616 3452 1690 πρώτῃ
3472 1619 3781 1691 Ἐπιστολῇ⁹

2212 1727 2231 1760 1
2270 1707 2351 1762 Τὰ
2379 1708 2517 1778 μέλη
2540 1707 2721 1779 ἡμῶν,
2756 1707 2891 1778 μέλη
2944 1706 3206 1779 Χριστοῦ.
3243 1704 3390 1779 *Δρα
3422 1705 3517 1763 οὖν
3546 1710 3615 1764 τὰ
3644 1710 3782 1782 μέλη

2204 1800 2300 1854 τοῦ
2326 1799 2563 1870 Χριστοῦ
2612 1800 2911 1870 ποιήσομεν
2934 1800 3138 1871 πόρνης
3162 1799 3327 1871 μέλη;
3356 1799 3443 1871 Μὴ
3482 1802 3719 1870 γένοιτοί
3756 1822 3775 1855 ι

544 1898 719 1952 factus
759 1914 873 1951 sum
903 1912 1001 1963 ego
1030 1895 1275 1950 minister
1323 1892 1620 1948 secundum
1651 1889 2103 1958 dispensationem

2209 1889 2306 1942 καὶ
2330 1886 2516 1940 πάλιν·
2586 1906 2604 1937 1
2636 1889 2822 1941 Πάντα
2863 1886 2919 1940 δὲ
2974 1887 3043 1939 τὰ
3077 1888 3213 1958 μέλη
3247 1887 3342 1941 τοῦ
3382 1888 3632 1960 σώματος
3684 1891 3780 1945 τοῦ

544 1991 658 2053 Dei,
696 2005 816 2058 qua:
867 1989 986 2041 data
1046 1998 1127 2040 est
1183 1985 1348 2049 mihi;
1386 2002 1402 2034 ι
1440 1982 1518 2037 ad
1552 1981 1864 2036 Corinthios
1890 1993 2017 2034 vero
2048 1979 2101 2031 in

541 2083 715 2149 prima
753 2079 1027 2149 Epistula:
1065 2097 1083 2129 1
1117 2075 1356 2131 Membra
1388 2085 1570 2129 nostra
1586 2066 1705 2144 ’(65)
1725 2072 1962 2127 membra
1977 2078 2105 2125 sunt

543 2172 743 2227 Christi
770 2190 784 2224 :
822 2184 1021 2236 ergone
1053 2167 1167 2238 (64)
1200 2166 1437 2221 membra
1460 2164 1660 2219 Christi
1705 2162 1963 2217 faciemus
1992 2176 2105 2215 me-

542 2264 754 2318 retricis
780 2260 1058 2315 membra?
1082 2259 1268 2312 Absit!
1308 2276 1328 2310 »
1355 2266 1410 2311 et
1446 2270 1632 2310 rursus
1661 2274 1676 2310 :
1723 2273 1742 2306 1
1776 2252 1965 2308 Omnia
1994 2250 2102 2322 (65)

540 2366 719 2411 autem
772 2355 1011 2407 membra
1073 2350 1311 2420 corporis
1370 2349 1548 2411 unius,
1613 2361 1733 2402 cum
1774 2345 1885 2399 sint
1915 2343 2105 2409 multa,

544 2464 707 2501 unum
738 2455 863 2499 sunt
901 2459 1115 2514 corpus,
1159 2444 1233 2498 ita
1270 2452 1323 2496 ct
1356 2440 1627 2495 Christus.
1650 2458 1669 2491 ι
1712 2424 1966 2503 Quamvis
2000 2435 2103 2488 ita-

539 2551 643 2605 que
672 2544 910 2604 spectata
936 2533 1056 2587 Filii
1095 2531 1399 2585 veneranda
1429 2545 1491 2583 ac
1546 2527 1816 2585 tremenda
1847 2524 2101 2578 incarna-

542 2627 684 2681 tione
710 2638 904 2692 corpus
934 2622 1148 2691 quidem
1176 2620 1318 2674 illius
1356 2618 1751 2687 quodaunnodo
1783 2615 2097 2677 Ecclesium,

541 2717 733 2771 fratres
755 2730 884 2769 vero
910 2713 1150 2781 ejusdem
1186 2726 1284 2765 nos
1308 2720 1588 2765 creaturas
1617 2717 1770 2761 vocet
1803 2705 2100 2773 Scriptura,

539 2809 653 2877 ipse
682 2817 882 2869 tamen,
937 2814 1204 2874 quatenus
1249 2801 1601 2871 Uuigenitus,
1653 2810 1707 2853 et
1733 2811 1891 2852 verus
1937 2795 2104 2849 Filius

542 2897 804 2951 Altissimi
840 2896 959 2957 Dei,
998 2895 1051 2948 in
1113 2902 1484 2947 creaturarum
1513 2888 1853 2943 multitudine
1891 2901 1954 2940 ac
2009 2900 2105 2937 nu-

541 3001 690 3039 mero
740 2984 884 3037 nulla
935 2984 1142 3035 ratione
1190 2979 1686 3047 comprehenditur.
1752 2974 1937 3042 Neque
1978 2989 2106 3028 vero

2209 1980 2345 2045 ὲνὸς,
2369 1979 2539 2033 πολλὰ
2559 1978 2708 2043 ὄντα,
2752 1978 2811 2033 ἓν
2875 1980 2990 2032 ἐστι
3031 1979 3209 2049 σῶμα·
3241 1979 3411 2043 οὕτως
3455 1984 3549 2036 καὶ
3580 1985 3610 2036 ὁ
3649 1985 3783 2056 Χρι-

2212 2071 2352 2135 στός.
2392 2090 2411 2122 s
2444 2071 2628 2133 Ὥστε,
2654 2073 2703 2123 εί
2732 2071 2825 2124 καὶ
2856 2070 2996 2124 κατὰ
3039 2070 3137 2142 τὴν
3180 2072 3630 2127 δυσαντίϐλεπτον
3667 2091 3782 2138 πως

2210 2162 2537 2233 οἰκονομίαν,
2564 2163 2723 2229 σῶμα
2754 2162 2852 2234 μὲν
2880 2161 3047 2216 αὑτοῦ
3100 2161 3199 2233 τὴν
3238 2163 3586 2234 Ἐκκλησίαν,
3627 2166 3780 2219 ἀδελ-

2210 2254 2342 2323 φοὺς
2383 2254 2439 2307 δὲ
2495 2255 2643 2324 ἡμᾶς
2700 2255 2822 2317 τοὺς
2861 2254 3111 2317 κτιστοὺς
3156 2249 3299 2307 οἶδεν
3346 2256 3379 2325 ὴ
3417 2256 3634 2327 Γραφὴ,
3666 2256 3780 2311 ἀλλ’

2206 2342 2322 2411 οὖν,
2366 2347 2441 2409 ὡς
2496 2346 2788 2417 μονογενὴς
2831 2347 2923 2399 καὶ
2956 2344 3085 2417 [165
3112 2345 3164 2417 b]
3212 2346 3463 2416 ἀληθινὸς
3512 2348 3638 2412 Υἱὸς
3686 2348 3779 2404 τοῦ

2208 2435 2433 2505 ὑψίστου
2472 2434 2631 2499 Θεοῦ,
2697 2438 2763 2505 τῇ
2818 2436 3081 2488 συστάσει
3122 2436 3214 2489 τοῦ
3254 2437 3492 2507 πλήθους
3538 2439 3646 2493 τῶν
3675 2458 3781 2495 κτι-

2212 2526 2433 2598 σμάτων
2479 2528 2598 2579 κατ’
2647 2525 2799 2579 οὐδὲν
2829 2526 3197 2597 συνείληπται.
3233 2527 3369 2581 Οὑτε
3398 2529 3454 2582 δὲ
3492 2530 3622 2602 ἄλλη
3655 2549 3781 2604 γρα-

2210 2614 2284 2684 φὴ
2319 2615 2560 2684 περιέχει
2604 2613 2746 2679 λέξιν
2789 2614 3067 2684 τοιαύτην.
3122 2616 3259 2687 Περὶ
3310 2618 3473 2672 αὑτοῦ
3522 2620 3777 2690 μενοῦνγε

2212 2703 2519 2774 πέπλησται
2551 2704 2717 2765 πᾶσα,
2769 2704 2851 2756 ὅτι
2884 2704 3016 2767 Θεὸς
3054 2703 3326 2775 ἀληθινὸς,
3358 2709 3452 2761 καὶ
3476 2710 3604 2775 Υἱὸς
3633 2729 3782 2781 μονο-

2211 2796 2373 2865 γενὴς
2394 2795 2628 2865 ἀληθῶς.
2696 2794 2855 2847 Ἀλλὰ
2909 2794 3016 2866 γὰρ
3048 2795 3235 2867 ὥσπερ
3266 2799 3370 2852 ὑπό
3397 2818 3538 2865 τινος
3572 2802 3776 2872 ῥεύμα-

2212 2901 2304 2947 τος
2329 2883 2604 2954 ὑπηνέχθη
2634 2882 2744 2953 βία.
2803 2884 2926 2936 Ἐπὶ
2969 2880 3061 2937 οὖν
3099 2885 3309 2956 ἕτερον’
3336 2888 3623 2958 κεφάλαιον
3649 2905 3770 2961 τρε·

2214 2975 2376 3029 πτέον
2407 2975 2495 3027 τὸν
2512 2974 2687 3041 λόγον.

542 3076 849 3146 ltujusmodi
884 3090 1072 3128 vocem
1106 3072 1265 3129 habet
1294 3072 1399 3125 ullo
1421 3073 1524 3125 alio
1559 3072 1611 3125 in
1639 3070 1754 3124 loco
1780 3069 2080 3149 Scriptura,
2123 3083 2243 3122 cum
2273 3070 2339 3124 de
2395 3068 2528 3124 Filio
2592 3083 2771 3124 sermo
2821 3078 2923 3125 est.
2957 3070 3095 3138 Quin
3124 3079 3234 3127 tota
3250 3070 3336 3127 his
3359 3070 3606 3128 formulis
3623 3072 3778 3143 plena

540 3176 643 3233 est,
677 3170 847 3236 ipsum
887 3167 1008 3221 esse
1047 3166 1210 3219 Deum
1240 3179 1448 3228 verum,
1476 3172 1529 3217 et
1578 3176 1702 3217 vere
1750 3161 1943 3216 Filium
1985 3161 2341 3232 unigenitum.
2411 3161 2517 3216 Sed
2581 3176 2680 3231 ego
2747 3161 2848 3217 huc
2880 3162 3020 3218 velut
3072 3179 3102 3218 a
3152 3162 3445 3234 proﬂuente
3512 3163 3779 3234 impulsus

542 3276 659 3316 sum
689 3258 824 3328 (66).
852 3257 1032 3326 Itaque
1086 3256 1150 3310 ad
1197 3255 1422 3310 alterum
1463 3254 1757 3323 capitulum
1811 3252 2100 3308 vertendus
2135 3261 2217 3307 cst
2252 3266 2449 3307 sermo.

1063 3349 1223 3420 347
1280 3347 1433 3403 CAP.
1490 3348 1579 3402 ιγ.

611 3444 882 3509 Secundo,
926 3441 1068 3512 quod
1114 3440 1393 3507 objiciunt,
1428 3445 1745 3506 argumento
1790 3436 2101 3492 intolerabi-

541 3537 621 3591 les
647 3535 781 3604 (67),
812 3550 874 3587 ac
915 3547 1132 3602 pravam
1183 3528 1575 3583 inconsiderate
1623 3528 1944 3581 sententiam
1988 3543 2104 3580 alli-

541 3629 833 3698 plecteutes
857 3626 1093 3680 haeretici
1128 3634 1329 3678 rectam
1353 3622 1509 3675 fidem
1540 3636 1570 3675 e
1596 3618 1891 3689 Scripturis
1919 3632 2101 3675 OSten-

540 3721 668 3775 dcrc
691 3719 906 3772 student
935 3716 1242 3778 absurdam,
1270 3723 1458 3768 contra
1495 3712 1849 3781 theologicum
1881 3726 2100 3765 sensum

540 3826 633 3866 eas
682 3813 1130 3879 interpretantes;
1176 3820 1329 3860 suam
1364 3819 1492 3859 vero
1530 3804 1770 3872 ipsorum
1814 3803 1969 3856 (idem
2010 3816 2105 3869 per

539 3903 754 3957 easdem
781 3903 1078 3971 graviorem
1123 3896 1700 3962 demonstrare.‘Qund
1732 3895 1874 3949 enim
1906 3892 2101 3960 Filius,

542 3994 809 4062 inquiunt,
838 4002 1079 4046 creatura
1106 3992 1193 4053 sit,
1229 3999 1282 4042 et
1313 3987 1572 4057 unigeniti
1601 3984 1742 4048 Filii,
1773 3999 1836 4037 ac
1880 3983 1969 4036 Dei
2014 3998 2104 4036 no-

543 4100 661 4138 men
716 4083 867 4151 quasi
920 4082 1098 4135 fucum
1146 4078 1247 4148 ipsi
1300 4078 1513 4141 illitum,
1569 4083 1624 4128 et
1651 4081 1709 4126 ιιι
1744 4072 2103 4126 adulterinum

545 4175 760 4239 habeat,
795 4190 858 4228 ex
893 4174 956 4226 iis
985 4180 1151 4240 patet,
1180 4184 1299 4237 quae
1332 4169 1396 4221 de
1435 4168 1554 4235 ipso
1592 4163 1793 4217 Paulus
1823 4162 1887 4214 ad
1919 4161 2106 4215 Colos-

543 4280 726 4320 senses
756 4264 1006 4332 scripsit:
1054 4280 1071 4311 1
1109 4258 1507 4327 Primogenitus
1548 4256 1722 4309 omnis
1761 4262 2041 4309 creaturm.
2077 4271 2098 4305 ι

542 4355 750 4416 Etenim
791 4356 834 4408 si
864 4364 946 4408 est
981 4351 1390 4423 primogenitus,
1440 4365 1542 4404 non
1577 4358 1660 4404 est
1705 4363 1837 4404 sane
1868 4347 2106 4415 unigeni-

543 4449 652 4505 tus,
709 4441 800 4494 sed
850 4450 1094 4509 respectu
1147 4438 1397 4502 aliorum,
1448 4437 1536 4505 qui
1587 4446 1706 4505 post
1755 4451 1876 4491 eum
1937 4436 2104 4490 creati

545 4532 713 4594 fuere,
742 4530 1131 4600 primogenitus
1159 4538 1263 4585 est.
1304 4528 1358 4581 Si
1402 4543 1529 4582 vero
1556 4534 1636 4581 est
1669 4527 1975 4596 unigenitus
2011 4526 2103 4581 Fi-

543 4620 667 4685 lius,
702 4621 966 4690 quoume
995 4629 1074 4673 est
1118 4620 1546 4689 priinogcuitus?
1592 4618 1697 4675 Nos
1731 4636 1859 4690 ergo
1894 4621 1946 4674 in
1996 4618 2106 4687 pri-

2862 3347 3019 3402 ΚΕΦ.
3056 3350 3094 3401 Δ
3113 3387 3127 3401 .

2272 3436 2530 3507 Δεύτερον
2588 3436 2880 3508 πρόϐλημα
2907 3438 3016 3491 τῶν
3044 3438 3486 3506 δυσαγκαλίστων
3532 3439 3627 3494 καὶ
3686 3442 3780 3494 άν-

2203 3527 2487 3595 εξὲταστον
2537 3529 2766 3598 ἐχόντων
2792 3530 2853 3581 τὸ
2894 3529 3145 3600 φρόνημα
3189 3530 3481 3600 αἱρετικῶν
3526 3534 3779 3603 πειρᾶται

2202 3618 2300 3689 τὴν
2326 3619 2493 3691 ὀρθὴν
2523 3619 2704 3671 πίστιν
2748 3619 2854 3672 ἀπὸ
2887 3618 3139 3689 Γραφῶν,
3169 3618 3277 3672 τῶν
3306 3620 3459 3690 παρὰ
3486 3622 3578 3677 τὸν
3603 3623 3779 3676 θεολο-

2203 3709 2357 3777 γικδν
2381 3710 2506 3763 νοῦν
2532 3710 2624 3761 ὑπ’
2659 3711 2836 3764 αὐτῶν
2862 3709 3185 3779 νοουμένων,
3244 3710 3536 3767 ὰπείθανον
3581 3714 3782 3768 δεικνύ-

2203 3817 2310 3864 ναι,
2337 3799 2437 3870 τὴν
2457 3800 2499 3852 δ’
2530 3801 2736 3853 ἑαυτῶν
2773 3801 2860 3854 διὰ
2901 3801 3010 3854 τῶν
3068 3800 3245 3857 αὑτῶν
3293 3805 3622 3877 σεμνοτέραν
3650 3807 3782 3860 ἀπο-

2205 3889 2431 3957 φαίνειν.
2466 3890 2747 3942 Δείκνυται
2772 3891 2901 3962 γὰρ,
2940 3892 3097 3963 φησι,
3159 3894 3373 3958 κτιστὸς
3403 3897 3497 3948 καὶ
3523 3890 3635 3951 οἷον
3661 3898 3783 3949 ἐπί-

2204 3979 2438 4032 πλαστον
2471 3981 2565 4032 καὶ
2589 3980 2739 4033 νόθον
2768 3981 2905 4050 ἔχων
2931 3984 2993 4035 τὸ
3059 4002 3077 4034 1
3127 3984 3417 4055 μονογενὴς
3456 3986 3583 4049 Tib;
3609 4007 3628 4038 ι
3686 3986 3781 4040 καὶ

2210 4087 2229 4120 1
2258 4069 2388 4132 Θεὸς
2412 4089 2428 4119 ι
2483 4069 2651 4140 ὄνομα
2672 4087 2684 4100 ·
2727 4071 2787 4136 ἐξ
2813 4066 2887 4125 ὧν
2919 4073 3130 4137 Παῦλος
3160 4074 3555 4128 Κολοσσαεῦσιν
3611 4076 3778 4146 ἔγρα-

2202 4158 2303 4229 ψεν
2337 4160 2462 4231 περὶ
2513 4160 2677 4213 αὑτοῦ
2707 4176 2720 4191 ‘
2789 4180 2808 4213 1
2833 4164 3185 4234 Πρωτότοκος
3241 4166 3419 4233 πάσης
3466 4163 3715 4229 κτίσεως.
3752 4186 3772 4218 ι

2205 4252 2268 4305 Εἰ
2297 4251 2405 4322 γάρ
2454 4251 2611 4323 δῆθεν
2667 4254 3027 4325 πρωτότοκος,
3080 4257 3139 4308 οὑ
3205 4256 3513 4327 μονογενὴς,
3545 4254 3658 4308 ἀλλ’
3701 4256 3780 4321 ὡς

2205 4345 2341 4415 πρὸς
2377 4346 2503 4407 τοὺς
2556 4345 2669 4415 μετ’
2692 4345 2863 4399 αὑτὸν,
2890 4346 3207 4410 κτισθέντας
3238 4348 3578 4417 πρωτότοκος
3596 4364 3609 4377 '
3644 4349 3692 4401 εί
3722 4347 3780 4400 δὲ

2209 4438 2498 4508 μονογενὴς
2533 4436 2680 4500 Υἱὸς,
2714 4436 2827 4499 πῶς
2855 4437 3234 4508 πρωτότοκος;
3280 4438 3640 4508 Προειπόντες
3666 4432 3793 4500 οὖν,

2206 4528 2281 4591 ὼς
2335 4528 2474 4597 ὑπὲρ
2525 4526 2622 4597 τὴν
2658 4526 2836 4580 αὐτῶν
2871 4528 2985 4580 ἐστι
3020 4528 3111 4582 καὶ
3168 4527 3228 4580 τὺ
3262 4527 3422 4598 βάθος
3473 4527 3568 4581 τοῦ
3600 4528 3778 4596 λογίου

2208 4617 2395 4671 τούτου
2450 4617 2821 4686 συναίσθησιν,
2882 4618 2979 4671 καὶ
3038 4619 3114 4683 ὡς
3151 4619 3328 4674 ἐλάλει
3380 4620 3675 4686 Παῦλος,ἃ
3706 4618 3797 4691 μὴ,

545 4711 647 4765 mis
673 4711 922 4775 dicimus,
972 4710 1129 4779 huius
1166 4711 1327 4765 etiam
1379 4711 1583 4765 oraculi
1620 4711 1963 4764 altitudinem
2014 4725 2103 4764 eo-

2208 4710 2344 4781 ᾔδει,
2393 4708 2488 4763 καὶ
2515 4680 2814 4771 ἐπίστευεν,
2866 4704 2947 4772 οἷς
2990 4680 3189 4774 ἐλάλει,
3222 4710 3407 4782 ἐπειδὴ
3453 4680 3780 4781 ὑποδολὴ

545 4818 663 4857 rum
695 4800 1100 4871 intelligentiam
1134 4817 1409 4872 superare,
1459 4816 1524 4857 ac
1572 4800 1798 4855 Paulum
1846 4815 1906 4855 ea
1958 4801 2106 4855 locu-

550 5059 811 5134 pulvere
836 5057 902 5099 ex
941 5047 1104 5101 verbo
1141 5056 1246 5134 mp
1273 5043 1486 5117 (canah)
1522 5042 1665 5113 quod
1717 5043 1878 5109 valet,
1936 5064 1956 5097 1
1990 5061 2106 5115 pos-

548 5114 854 5252 “(iisiifoa
888 5183 1089 5249 Codex,
1128 5186 1211 5237 ἐκ.
1247 5183 1550 5252 Legendum
1577 5180 1788 5237 videtur
1816 5183 1927 5237 ἐπί.

2208 4800 2308 4873 τῆς
2346 4799 2510 4864 ὅντως
2540 4800 2751 4868 σοφίας,
2773 4801 2867 4855 καὶ
2889 4803 3140 4874 προφανῆ
3165 4802 3337 4857 ταῦτα
3377 4804 3555 4858 πάντα
3586 4802 3777 4867 ἐποίει,

2282 5049 2392 5116 (65)
2426 5050 2639 5105 Omnia.
2671 5051 2688 5105 1
2720 5049 2849 5105 Cor.
2881 5063 2980 5112 xu,
3022 5047 3105 5103 12.

2283 5115 2392 5187 (66)
2426 5120 2691 5187 lmpttlsus
2716 5137 2851 5172 sum.
2888 5118 3090 5181 Codex,
3121 5115 3402 5188 ὑπηνέχθη
3438 5117 3549 5188 βία.
3575 5116 3791 5184 Malim,

2213 5188 2528 5261 ὑπηνέχθην
2553 5190 2668 5261 βίᾳ.
2698 5188 2920 5261 Videtur
2946 5195 3124 5240 autem
3172 5188 3459 5261 Didymus
3487 5188 3779 5261 Aristidem
3855 5204 3867 5217 '

618 5250 731 5323 (60)
767 5252 993 5327 Exsilire
1015 5255 1157 5327 fecit.
1196 5250 1428 5327 Verbum
1465 5250 1707 5322 ἐκθορεῖν
1760 5255 1956 5319 active,
2006 5267 2103 5309 non

2215 5250 2488 5327 rhe'torein'
2520 5250 2718 5312 iutiiari
2755 5257 3126 5325 inquieutem:
3171 5250 3313 5327 Ἀλλ’
3367 5258 3397 5309 ὁ
3447 5257 3603 5326 λόγος
3644 5256 3775 5327 γὰρ,

553 5324 891 5378 intransitive
923 5324 1057 5377 sumi
1091 5325 1176 5378 hic
1217 5324 1469 5377 arbitror.

622 5393 733 5460 (Gl‘,
766 5391 831 5444 Et
863 5391 1143 5460 adimpleo.
1175 5393 1381 5448 Coloss.
1424 5408 1463 5457 ι,
1496 5391 1567 5446 24
1595 5399 1649 5445 et
1676 5391 1765 5446 25.

622 5463 732 5533 (62)
776 5462 902 5518 Pro.
935 5463 1115 5518 Codex
1148 5465 1426 5533 mendose,
1469 5471 1527 5513 ut
1570 5473 1715 5533 puto,
1774 5464 1933 5533 habet
1981 5460 2106 5527 ὑπό,

550 5531 604 5587 id
632 5528 725 5584 est
771 5535 947 5603 csuh,
983 5552 1001 5584 ι
1045 5534 1124 5586 vel
1160 5550 1239 5585 1a.
1271 5553 1299 5603 ι
1332 5531 1471 5602 Lego
1499 5528 1967 5603 ex’Bihliisit’mép.

622 5604 734 5669 (65)
768 5601 1001 5656 Membra
1057 5616 1253 5657 nostra.
1285 5602 1303 5655 ι
1337 5600 1460 5656 Cor.
1526 5618 1595 5666 γι,
1647 5601 1730 5655 15.
1778 5600 1964 5656 ϐιωόιι
1994 5600 2105 5656 εάἰ‹

551 5669 854 5744 tio__l_u_rbet_:
889 5673 1114 5743 σώματα
1139 5672 1313 5744 ὑμῶν,
1342 5672 1391 5726 id
1422 5681 1801 5744 e_st_,_rcorp1_)ra
1830 5684 2027 5744 vestra.

627 5739 739 5821 (lii)
793 5738 1060 5821 Ergone...
1113 5738 1386 5821 faciemus.
1440 5738 1841 5821 Biblﬂiag'dpa;
1901 5739 2105 5797 015v”...

558 5810 785 5878 ποιήσω,
821 5810 871 5865 id
900 5821 1000 5879 est,
1039 5831 1056 5863 1
1091 5810 1280 5871 tullcns
1309 5826 1501 5881 ergo...
1542 5810 1788 5879 faciam,»
1826 5820 1931 5866 clc.

2211 5325 2400 5396 ὥσπερ
2435 5326 2631 5398 ῥεῦμα,
2673 5327 2879 5398 φέρων-
2898 5327 3174 5398 ὑπήνεγκε
3225 5326 3336 5396 βίᾳ,
3392 5327 3443 5398 id
3468 5325 3572 5398 est,
3630 5345 3648 5378 1
3683 5325 3776 5380 sed

2209 5394 2555 5451 enintﬁoratio
2588 5394 2720 5463 ipsa,
2745 5394 3068 5463 proﬂuentis
3127 5394 3322 5459 instar,
3374 5396 3638 5450 violenter
3694 5410 3779 5449 tne

2206 5467 2460 5536 abripuit.
2489 5485 2507 5517 ι
2558 5465 2689 5521 Vide
2736 5466 2924 5530 etiam,
2973 5466 3019 5520 si
3064 5465 3262 5534 placet,
3313 5465 3582 5520 Pollucem
3602 5465 3697 5519 lib.
3728 5480 3767 5530 ι,

2206 5549 2373 5605 segni.
2410 5538 2503 5590 Ml
2530 5548 2583 5591 et
2620 5536 2740 5590 ΗΞ.

2278 5598 2388 5674 (67)
2421 5605 2805 5660 Intolerabiles.
2838 5604 2898 5657 In
2940 5602 3153 5672 Grmco,
3210 5603 3678 5674 Bucayxatlicrwv,

2207 5670 2477 5733 contrario
2535 5676 2677 5744 quod
2722 5674 2907 5746 facile
2964 5676 3085 5744 quis
3140 5670 3294 5730 ferre
3359 5670 3452 5729 aut
3526 5670 3783 5746 amplecti-

2208 5755 2388 5819 queat,
2425 5743 2618 5802 dicitur
2640 5743 2959 5814 εὐάγκαλον.
