4112 6444
295 485 407 542 829

1368 478 1458 534 DE
1495 478 1870 535 TRINlTATE
1909 478 2110 534 LIBER
2151 475 2474 534 TERTIUS.

3466 477 3567 534 830

291 596 741 670 παραγράψομεν
789 596 910 651 ὅλον
940 596 1002 651 τὸ
1031 596 1230 671 χωρίον
1262 596 1445 664 τοῦτο,
1480 596 1576 652 καὶ
1597 594 1771 661 οὓτως
1801 596 1891 650 ἐπὶ

2000 606 2110 653 tum
2139 608 2260 650 esse
2288 609 2410 666 quae
2444 607 2552 649 non
2585 600 2828 658 noverat,
2854 593 2950 649 sed
2980 591 3075 648 illa
3095 591 3412 660 credidisse,
3448 606 3573 664 quae

289 690 398 760 τὴν
454 687 754 761 ἑρμηνείαν
786 687 954 742 αὑτοῦ
994 688 1344 761 βαδιούμεθα,
1373 690 1435 742 οὐ
1472 689 1717 760 δεόμενοι
1766 705 1931 764 στο-ι,

291 779 533 851 χασμῶν
593 793 781 841 ⁸τινων,
816 776 910 830 καὶ
938 777 1006 831 δι’
1049 778 1273 832 εἰκότων
1304 779 1373 833 τά
1398 778 1575 848 φωτὸς
1605 778 1893 848 φωτοειδέ-

298 886 477 952 στερα
502 866 872 939 διηγούμενοι,
915 868 1167 939 ἐροῦντες
1188 870 1245 924 δὲ
1273 870 1373 923 ὅσα
1407 869 1534 942 [164
1565 867 1621 940 a]
1650 869 1905 932 ἑκόντες,

297 957 335 1026 ἢ
363 956 587 1018 ἄκοντες
615 956 771 1009 αὐτοί
801 956 900 1027 μὲν
945 952 1090 1011 οὗτοι
1118 959 1364 1030 παρίδον,
1410 961 1572 1030 ἡμεῖς
1598 959 1654 1011 δὲ
1673 957 1889 1029 ὁρῶμεν

292 1048 575 1117 δυνάμενα
605 1051 912 1119 συμμαχεῖν
944 1048 1023 1118 τῷ
1055 1047 1215 1119 λόγῳ.
1254 1050 1407 1119 Ἔχει
1441 1049 1499 1101 δὲ
1532 1050 1564 1119 ή
1600 1046 1889 1119 Ἐπιστολὴ

294 1136 470 1202 οὕτως
494 1155 508 1169 ο
552 1157 570 1189 ι
595 1138 1055 1211 Εὐχαριστοῦντες
1085 1139 1165 1210 τῷ
1205 1139 1325 1210 Θεῷ
1347 1141 1439 1208 καὶ
1460 1141 1655 1210 Πατρὶ,
1683 1138 1760 1209 τῷ
1793 1156 1890 1193 κα-

294 1229 521 1284 λέσαντι
557 1232 705 1302 ἡμᾶς
730 1232 812 1293 εἰς
833 1230 930 1302 τὴν
969 1231 1160 1302 μερίδα
1182 1230 1276 1284 τοῦ
1309 1230 1511 1304 κλήρου
1550 1231 1660 1284 τῶν
1693 1231 1884 1300 ἁγίων,

296 1320 358 1384 ὃς
387 1322 661 1393 ἐρρύσατο
716 1323 864 1393 ἡμᾶς
892 1323 958 1375 ὲκ
989 1322 1091 1392 τῆς
1125 1322 1372 1387 ἐξουσίας
1390 1323 1485 1377 τοῦ
1520 1324 1765 1390 σκότους,
1795 1326 1889 1378 καὶ

301 1414 659 1485 μετέστησεν
693 1417 771 1477 εἰς
804 1415 902 1486 τὴν
929 1414 1210 1484 βασιλείαν
1251 1414 1350 1485 τῆς
1391 1417 1612 1488 ἀγάπης
1633 1416 1728 1470 τοῦ
1757 1417 1887 1472 Υἰοῢ

301 1505 495 1571 αὐτοῦ,
522 1510 579 1561 ὲν
611 1500 656 1574 ᾧ
708 1506 917 1579 ἔχομεν
952 1507 1051 1577 τὴν
1096 1507 1495 1580 ἀπολύτρωσιν,
1550 1510 1648 1580 τὴν
1695 1510 1888 1581 ἄφεσιν

295 1603 408 1656 τῶν
436 1600 743 1672 ἁμαρτιῶν,
780 1601 838 1663 ὃς
870 1600 1016 1653 ἐστιν
1043 1598 1206 1654 εἰκὼν
1233 1600 1327 1654 τού
1353 1600 1486 1654 Θεοῦ
1516 1601 1610 1654 τοῦ
1633 1594 1886 1673 ἀοράτου,

300 1695 648 1767 πρωτότοκος
694 1691 873 1762 πάσης
932 1692 1203 1755 κτίσεως⁶
1263 1693 1347 1746 ὅτι
1396 1695 1454 1745 ἐν
1486 1693 1637 1761 αὐτῷ
1662 1694 1887 1765 ἐκτίσθη

300 1789 373 1844 τὰ
409 1788 606 1849 πάντα,
662 1785 732 1839 τά
763 1786 821 1838 ἐν
852 1788 967 1849 τοῖς
1010 1786 1257 1856 οὐρανοῖς
1285 1788 1379 1841 καὶ
1403 1787 1473 1840 τὰ
1501 1788 1593 1842 ἐπὶ
1622 1788 1722 1858 τῆς
1764 1789 1886 1858 γῆς,

298 1882 370 1935 τὰ
389 1879 561 1952 όρατά
586 1877 769 1934 καὶτὰ
786 1879 1016 1950 ἀόρατα,
1040 1880 1149 1933 εἴτε
1175 1879 1375 1949 θρόνοι,
1414 1881 1523 1934 εἴτε
1546 1882 1887 1952 κυριότητες,

2004 685 2351 757 loquebatur,
2384 683 2511 754 quia
2542 682 2612 738 ab
2636 697 2700 738 eo
2727 683 3174 753 suggerebantur,
3206 684 3299 754 qui
3329 699 3457 739 vere
3494 692 3576 740 est

1952 759 1968 775 ’
1999 777 2297 850 Sapientia,
2331 776 2533 846 quique
2560 776 2678 831 haec
2705 775 2887 829 omnia
2933 773 3334 831 manifestabat.
3370 774 3578 833 Deinde

2001 880 2168 927 totum
2205 870 2349 924 hunc
2394 868 2569 924 locum
2604 867 2715 940 (68)
2749 868 3156 933 exscribemus;
3191 876 3300 921 tum
3346 869 3411 922 ad
3461 870 3577 937 ejus

1970 963 2503 1033 interpretationem
2543 960 2857 1027 veniemus;
2912 974 3089 1029 neque
3117 974 3245 1013 vero
3290 960 3413 1015 ullis
3453 975 3581 1014 con-

1991 1055 2219 1125 iecturis
2247 1053 2628 1124 indigebimtts,
2669 1067 2770 1107 nec
2798 1051 2911 1106 veri
2943 1049 3386 1105 similitudinibus
3418 1054 3484 1103 ad
3514 1067 3575 1105 ea

1997 1146 2327 1212 enarranda,
2355 1159 2475 1214 quae
2526 1143 2644 1199 luce
2677 1142 3043 1213 splendidiora
3091 1152 3254 1205 sunt;
3289 1142 3384 1194 sed
3428 1158 3578 1209 qua--

1997 1253 2210 1307 cunque
2243 1239 2310 1293 ab
2345 1238 2431 1293 his
2467 1238 2598 1308 ipsis
2631 1237 2713 1291 vel
2764 1236 3034 1299 consulto,
3067 1233 3151 1289 vel
3181 1233 3578 1288 inconsiderate

1996 1330 2237 1400 neglecta
2292 1320 2652 1394 snat‘ynobis
2720 1342 2849 1381 vero
2902 1327 3011 1380 vim
3075 1324 3315 1379 sermoni
3374 1324 3577 1378 addere

1995 1437 2155 1493 posse
2193 1422 2467 1484 videntur,
2524 1421 2639 1475 lucc
2686 1434 3043 1490 apponemus.
3109 1415 3199 1471 Sic
3240 1431 3368 1483 ergo
3420 1415 3581 1469 habet

1996 1512 2235 1583 Epistula
2267 1530 2281 1566 :
2328 1530 2347 1564 ι
2388 1513 2603 1568 Gratias
2637 1512 2747 1582 (69)
2786 1520 3010 1581 agentes
3048 1510 3157 1566 Deo
3181 1520 3233 1566 et
3261 1509 3411 1565 Patri
3443 1504 3577 1583 (70),

1995 1607 2087 1673 qui
2121 1606 2335 1661 vocavit
2368 1605 2480 1672 (7i)
2527 1621 2625 1660 nos
2678 1605 2729 1658 in
2777 1613 2988 1673 partem
3034 1604 3164 1660 cleri
3219 1602 3333 1675 (aut
3388 1602 3577 1673 sortis)

1996 1706 2314 1752 sanctorum
2353 1696 2500 1766 (7‘2):
2543 1698 2635 1766 qui
2666 1695 2870 1765 eripuit
2899 1711 2998 1749 nos
3031 1710 3096 1749 ex
3126 1703 3393 1763 potestate
3432 1705 3578 1748 tene-

1996 1790 2241 1854 brarum,
2291 1797 2347 1843 et
2399 1789 2678 1842 transtulit
2731 1789 2783 1841 in
2828 1802 3052 1854 regnum
3106 1787 3408 1841 dilectionis
3453 1787 3575 1841 Filii

1997 1880 2078 1933 sui
2115 1878 2269 1949 (75):
2325 1880 2378 1932 in
2408 1894 2516 1947 quo
2548 1878 2807 1933 habemus
2837 1880 3260 1947 redemptionem
3307 1879 3444 1949 (74),
3494 1893 3576 1933 re-

299 1970 410 2025 εἴτε
437 1970 624 2041 ἁρχαὶ,
686 1970 796 2023 είτε
824 1968 1096 2049 ὲξουσίαιλο
1146 1969 1215 2023 τά
1256 1969 1436 2023 πάντα
1493 1970 1560 2022 δι’
1588 1970 1755 2024 αὐτοῦ
1794 1971 1890 2025 καὶ

1999 1972 2307 2027 missionem
2354 1981 2706 2041 peccatorum
2740 1988 2753 2023 :
2797 1970 2889 2039 qui
2922 1982 3009 2025 est
3046 1972 3223 2036 imago
3257 1969 3352 2024 Dei
3380 1971 3572 2025 ineun-

298 2066 380 2128 εἰς
410 2064 574 2117 αὑτὸν
609 2060 877 2125 ἔκτισται,
927 2062 1023 2115 καὶ
1056 2062 1218 2126 αὑτός
1252 2064 1367 2116 ὲστι
1395 2062 1498 2134 πρὸ
1526 2063 1762 2128 πάντων,
1791 2065 1887 2118 καὶ

298 2155 367 2209 τὰ
426 2156 604 2206 πάντα
660 2155 718 2205 ἐν
754 2152 904 2223 αὐτῷ
942 2153 1307 2224 συνέστηκεν’
1350 2155 1446 2207 καὶ
1469 2154 1630 2218 αὐτός
1678 2158 1885 2228 ἐστινὴ

300 2245 508 2316 κεφαλὴ
538 2245 634 2299 τοῦ
668 2245 919 2317 σώματος
942 2248 1044 2316 τῆς
1089 2246 1436 2315 Ἐκκλησίας,
1472 2248 1531 2310 ὃς
1568 2250 1715 2301 ἐστιν
1743 2250 1884 2321 ἀρχὴ

300 2338 645 2411 πρωτότοκος
696 2340 762 2414 ἐκ
813 2339 923 2391 τῶν
977 2338 1208 2410 νεκρῶν,
1258 2339 1345 2392 ἵνα
1387 2339 1792 2410 γένηταιαύτὸς
1827 2343 1885 2394 ἐν

300 2433 466 2485 πᾶσιν
502 2431 796 2502 πρωτεύων
827 2447 840 2460 ·
896 2432 977 2484 ὅτι
1019 2433 1075 2484 ὲν
1125 2430 1275 2502 αύτῷ
1331 2432 1591 2502 εύδόκησε
1643 2434 1753 2487 πᾶν
1800 2436 1884 2488 “rb

300 2523 584 2595 πλήρωμα
642 2524 987 2595 κατοικῆσαι,
1018 2522 1112 2576 καὶ
1144 2523 1211 2576 δι’
1239 2524 1404 2577 αὐτοῦ
1445 2524 1885 2593 ἀποκαταλλάξαι

299 2611 371 2665 τὰ
414 2612 593 2666 πάντα
628 2615 705 2676 εἰς
729 2613 911 2679 αὐτὸν,
957 2613 1377 2683 εἰρηνοποιήσας
1406 2613 1495 2667 διὰ
1524 2613 1619 2668 τοῦ
1655 2618 1886 2688 αἵματος

302 2702 399 2757 τοῦ
426 2703 655 2776 σταυροῦ
703 2704 891 2771 αὑτοῦ,
934 2703 1042 2757 εἴτε
1068 2701 1140 2756 τὰ
1159 2704 1253 2756 ἐπὶ
1281 2708 1406 2779 γῆς,
1445 2705 1557 2760 εἴτε
1581 2707 1650 2761 τὰ
1682 2710 1740 2762 ἐν
1774 2712 1887 2773 τοῖς

301 2797 569 2869 οὐρανοῖς.
596 2817 616 2850 ι

1993 2064 2166 2133 ειιίρυὶ
2201 2064 2335 2134 (sive
2378 2063 2707 2132 invisibilis),
2757 2061 3153 2131 primogenitus
3196 2064 3378 2117 omnis
3423 2078 3576 2117 crea-

1996 2167 2171 2211 ttmc:
2220 2157 2474 2225 quoniam
2511 2156 2563 2209 in
2598 2155 2714 2224 ipso
2750 2155 2967 2210 condita
3000 2142 3126 2210 sunt
3157 2155 3429 2221 universa,
3456 2170 3575 2225 qua:

1934 2274 1941 2279 -
1989 2260 2115 2303 sunt
2156 2249 2207 2302 in
2243 2249 2419 2313 caelis,
2453 2258 2507 2302 et
2546 2263 2667 2318 qua:
2710 2248 2763 2302 in
2798 2259 2963 2311 terra,
3006 2246 3259 2309 visibilia,
3304 2257 3360 2301 et
3387 2247 3575 2301 invisi-

1993 2338 2140 2399 bilia,
2176 2338 2293 2392 sive
2320 2338 2521 2402 throni,
2569 2340 2685 2392 sive
2718 2337 3135 2402 dominationes,
3163 2337 3276 2391 sive
3303 2338 3575 2405 principa-

1993 2441 2099 2494 tus,
2141 2430 2255 2484 sive
2308 2439 2642 2498 potestates:
2685 2429 2866 2483 omnia
2919 2443 3015 2497 per
3056 2428 3254 2497 ipsum,
3286 2436 3340 2481 et
3375 2427 3426 2480 in
3456 2429 3574 2497 ipso

1994 2535 2177 2580 creata
2225 2535 2351 2580 sunt
2382 2544 2396 2578 :
2430 2532 2484 2576 et
2508 2524 2622 2592 ipse
2651 2533 2735 2577 est
2767 2520 2935 2592 348
2967 2527 3094 2574 ante
3135 2533 3346 2585 omnes,
3384 2528 3437 2573 et
3467 2534 3574 2572 oni-

1995 2619 2078 2671 nia
2114 2618 2168 2671 in
2209 2618 2323 2685 ipso
2354 2623 2623 2671 constant.
2650 2615 2717 2667 Et
2760 2615 2873 2682 ipse
2902 2622 2985 2667 est
3010 2620 3176 2680 caput
3202 2612 3449 2680 corporis
3475 2611 3573 2665 Ec-

1991 2708 2204 2762 clesim:
2238 2707 2328 2776 qui
2376 2715 2460 2760 est
2498 2702 2846 2772 principium,
2902 2700 3298 2769 primogenitus
3327 2714 3395 2753 ex
3437 2713 3581 2752 mor-

1996 2801 2122 2863 tuis,
2151 2810 2208 2853 ut
2240 2800 2310 2854 sit
2341 2801 2456 2868 ipse
2486 2800 2538 2851 in
2568 2797 2820 2852 onmibus
2864 2794 3154 2863 primatum
3184 2802 3373 2847 tenens
3405 2810 3417 2845 :
3450 2790 3572 2859 quia

299 2894 352 2948 in
378 2894 494 2964 ipso
516 2892 863 2963 complacuit,
888 2907 1104 2948 omnem
1128 2894 1518 2963 prenitndinem
1548 2894 1882 2961 inhabitare,
1925 2906 1979 2951 et
2046 2911 2143 2964 per
2207 2910 2329 2949 eum
2363 2894 2712 2948 reconciliare
2740 2890 2924 2946 omnia
2956 2891 3010 2943 in
3044 2889 3244 2958 ipsum,
3284 2887 3575 2957 paciﬁcans

299 3000 396 3058 per
438 2987 755 3057 sanguinem
791 2986 969 3040 crucis
1017 2986 1135 3056 ejus
1162 2984 1273 3058 ('75)
1321 2986 1434 3041 sive
1464 3000 1585 3055 qua:
1630 2986 1683 3039 in
1717 2996 1880 3051 terra,
1924 2987 2037 3041 sive
2067 3001 2183 3055 qine
2210 2986 2261 3038 in
2298 2985 2450 3039 cadis
2483 2993 2628 3038 sunt.
2673 3000 2693 3033 ι

368 3078 478 3134 Θέα
528 3081 707 3135 τοίνυν
742 3079 1049 3151 ἐμφρόνως,
1106 3078 1223 3142 πῶς
1277 3080 1499 3133 ἐναντία
1538 3082 1889 3151 αἱρετικοῖςὴ

2032 3097 2040 3105 ·
2074 3080 2201 3134 Vide
2232 3095 2383 3147 ergo,
2420 3094 2582 3148 quam
2606 3077 2885 3145 sapienter
2920 3073 3193 3143 Scriptura
3229 3086 3370 3137 sese,
3404 3080 3463 3125 ut
3499 3072 3578 3125 sic

300 3170 492 3246 Γραφὴ
522 3171 836 3243 ἐξηγεῖσθαι
886 3171 1357 3242 παρεσκεύασται,
1388 3170 1482 3223 καὶ
1508 3170 1618 3239 ἔχει
1653 3171 1887 3241 ἑκάστην

300 3264 446 3331 λέξιν
486 3264 715 3326 ἀκτῖνας
767 3258 877 3317 οἷον
926 3263 1167 3334 νοήσεων
1218 3263 1347 3333 περὶ
1378 3261 1511 3315 Θεοῦ
1536 3260 1890 3333 ὲνανθρωπή-

303 3373 441 3420 σεως
463 3353 935 3426 ἀποπέμπουσαν·
981 3355 1075 3407 καὶ
1124 3354 1206 3407 ὅτι
1258 3356 1517 3425 προεῖπεν
1566 3353 1728 3405 αὑτὸν
1761 3353 1890 3405 Υἰον

301 3447 397 3500 καὶ
437 3447 619 3501 εἰκόνα
667 3445 760 3499 τοῦ
794 3444 950 3511 Θεοῦ,
981 3446 1074 3498 καὶ
1122 3444 1264 3498 οὕτω
1294 3443 1637 3515 πρωτότοκον
1675 3443 1770 3496 καὶ
1803 3459 1891 3496 κε-

304 3536 479 3607 φαλὴν
504 3536 599 3590 τοῦ
624 3535 874 3607 σώματος
896 3538 995 3608 τῆς
1032 3535 1377 3605 Ἐκκλησίας,
1428 3535 1521 3587 καὶ
1547 3535 1891 3605 πρωτότοκον

305 3628 372 3678 ὲκ
402 3624 509 3678 τῶν
534 3625 763 3696 νεκρῶν,
792 3626 1282 3696 εἰρηνοποιήσαντα
1317 3624 1406 3678 διὰ
1432 3623 1524 3676 τοῦ
1559 3623 1691 3697 [164
1725 3624 1777 3696 b]
1804 3624 1891 3678 αἴ-

310 3733 479 3788 ματος
507 3716 597 3770 τοῦ
637 3716 874 3789 σταυροῦ
905 3715 1071 3769 αὐτοῦ
1112 3716 1180 3769 τά
1206 3715 1397 3787 ὁρατὰ,
1434 3715 1527 3768 καὶ
1571 3716 1640 3768 τά
1662 3716 1888 3786 ἀόρατα,

304 3808 400 3861 καὶ
428 3810 533 3861 πᾶν
580 3808 641 3861 τὸ
678 3807 953 3879 πλήρωμα
1007 3808 1104 3877 τῆς
1155 3807 1295 3879 ὑπὲρ
1328 3807 1388 3860 τὸ
1438 3805 1749 3877 ἀσώματον,
1797 3807 1891 3861 καὶ

305 3898 652 3972 ἀχρώματον,
685 3903 780 3955 καὶ
811 3900 1094 3972 ἀχώρητον
1146 3899 1397 3971 θεότητος
1431 3900 1850 3971 κληρωσάμενον
1873 3916 1887 3931 ο

307 3991 373 4045 ἶν’
402 3993 548 4057 ὅπως
575 3994 691 4046 ποτ’
726 3987 817 4046 οὗν
849 3992 1015 4057 ἀξίως
1060 3993 1331 4062 συνίωμεν
1363 3992 1526 4045 αὑτοῦ
1557 3994 1649 4046 καὶ
1683 3992 1784 4065 τὴν
1828 3993 1894 4047 ὲκ

304 4083 399 4136 τοῦ
425 4084 562 4137 Θεοῦ
608 4084 821 4153 Πατρὸς
868 4085 962 4136 καὶ
994 4083 1131 4153 πρὸς
1158 4083 1320 4137 αὑτὸν
1349 4084 1678 4155 ἀσύγκριτον
1708 4085 1891 4155 φύσιν,

303 4175 401 4228 καὶ
419 4174 516 4244 τὴν
548 4175 612 4226 ὲκ
634 4172 917 4243 Παρθένου
952 4173 1047 4224 καὶ
1074 4173 1194 4225 κατ’
1222 4171 1390 4242 αὐτὴν
1416 4173 1625 4227 τελείαν
1660 4175 1753 4228 καὶ
1782 4176 1895 4228 ἑνο-

303 4267 419 4335 ειδῆ
445 4266 720 4336 σάρκωσιν
746 4266 839 4318 καὶ
891 4265 1156 4337 ψύχωσιν.
1192 4266 1258 4318 Τί
1288 4266 1396 4336 γάρ
1420 4267 1546 4321 ἄλλο
1577 4269 1797 4338 νοήσαις
1828 4267 1893 4321 ἂν

307 4358 515 4431 μεταξὺ
549 4357 657 4410 τῶν
683 4357 1020 4428 ἐκκειμένων
1077 4356 1213 4410 όλων
1245 4357 1443 4427 ῥητῶν,
1488 4359 1582 4411 καὶ
1606 4359 1667 4410 τὺ
1692 4359 1757 4411 δι’
1793 4362 1894 4414 αύ-

303 4447 399 4503 τοῦ
430 4447 524 4501 καὶ
565 4447 646 4510 εἰς
668 4447 828 4500 αὑτὸν
859 4446 1036 4500 πάντα
1080 4445 1422 4511 συνεστάναι,
1458 4447 1552 4498 καὶ
1583 4447 1890 4501 καταλλάσ-
1923 4443 1966 4497 D

308 4538 516 4600 σεσθαι,
571 4537 663 4590 καὶ
690 4536 1166 4609 εἰρηνοποιεῖσθαι,
1206 4538 1256 4589 εἰ
1298 4539 1371 4608 μὴ
1401 4536 1460 4591 τὸ
1484 4537 1574 4590 διά
1608 4538 1704 4609 τῆς
1727 4538 1887 4610 ἀτρέ-

302 4644 442 4681 οκτου
497 4629 588 4681 καὶ
619 4628 1005 4700 ἀναμαρτήτου
1036 4629 1103 4683 δι’
1138 4631 1285 4700 ἡμᾶς
1325 4629 1420 4682 καὶ
1441 4630 1582 4701 ὑπὲρ
1613 4630 1769 4700 ἡμῶν
1797 4632 1885 4683 ὲν-

307 4719 710 4790 ανθρωπήσεως
772 4720 937 4773 αὐτοῦ
989 4720 1415 4792 ἐπιστρέφεσθαι
1460 4724 1609 4792 ἡμᾶς
1656 4723 1737 4786 εἰς
1791 4722 1891 4795 τὴν

308 4809 601 4876 ἐπίγνωσιν
633 4809 734 4878 τῆς
758 4811 1014 4864 ἀκτίστου
1053 4810 1307 4883 θεότητος
1339 4811 1540 4878 aurei};
1585 4812 1889 4886 ’Λνείρηται

307 4896 398 4952 οὖν
419 4902 732 4973 Μονογενὴς
758 4902 876 4972 μὲν,
929 4902 1023 4955 ἆτε
1062 4904 1164 4957 οὐκ
1195 4903 1331 4975 ἔχων
1363 4905 1501 4958 κατὰ
1528 4904 1625 4976 τὴν
1654 4906 1765 4959 ἀνω
1791 4905 1889 4978 ἄῤ-

306 4993 529 5063 ρευστον
554 4991 809 5063 γέννησιν
837 4994 1025 5067 ἕτερον
1042 4999 1174 5066 παρ’
1195 4998 1356 5051 αὐτὸν
1385 4998 1529 5051 κατᾶ
1557 4999 1719 5067 φύσιν
1745 4999 1892 5052 ἀδελ-

381 5238 492 5308 (68)
528 5239 714 5294 Totum
751 5243 888 5294 hunc
916 5240 1110 5305 locum,
1141 5251 1245 5295 etc.
1273 5240 1449 5295 Simili
1514 5241 1669 5295 modo
1708 5259 1767 5297 se
1799 5258 1890 5311 ge-

308 5308 377 5361 rit
417 5311 678 5379 Didymus
711 5311 1048 5383 scripturam
1082 5312 1255 5383 Clljtlls
1294 5312 1345 5365 in
1393 5313 1533 5368 libro
1575 5311 1654 5367 De
1681 5308 1888 5383 Spiritu

306 5390 516 5441 sani-to,
554 5396 703 5433 num.
739 5382 827 5443 10,
860 5380 949 5441 52,
986 5380 1075 5444 39.
1105 5379 1320 5439 43.et(-.

305 5451 493 5573 ad(33)
520 5447 759 5505 Gratias.
801 5450 857 5505 in
879 5451 978 5519 Ep.
1008 5452 1076 5505 ad
1101 5451 1307 5506 Coloss.
1344 5469 1462 5523 cap.
1498 5469 1536 5522 ι,
1572 5470 1601 5507 a
1645 5467 1785 5508 vers.
1824 5452 1891 5506 l2

382 5559 496 5663 (7D)
527 5589 637 5663 Deo
669 5602 717 5645 et
740 5590 1129 5663 _Patri.~(_}r;nca
1158 5590 1323 5645 editio
1362 5593 1525 5663 habet
1578 5602 1782 5646 tantum
1812 5592 1890 5663 τῷ

306 5638 508 5779 natea,
527 5638 599 5713 id
610 5638 715 5716 Vein
735 5638 917 5717 13.1.3?
933 5638 1350 5731 «magis.
1364 5638 1497 5716 ’ἰὶὶῖἶ
1509 5638 1782 5731 ἱρέίἶὶῖῖ
1795 5638 1889 5718 vi“:

308 5746 326 5781 ί
345 5743 523 5783 VIIIIIS-

387 5746 523 5783 111118.

344 5743 492 5867 y(7|)
526 5800 630 5865 Qui
671 5803 891 5873 vocavit.
926 5801 1111 5858 Graeca
1144 5803 1253 5866 ed.,
1293 5800 1371 5873 τῷ
1436 5801 1784 5870 ἱκανώσαντι,
1833 5804 1884 5858 id

308 5880 507 5942 est,_ut
537 5874 699 5942 vertit
728 5871 887 5941 Vulg.
927 5874 1192 5942 interpres
1227 5890 1240 5926 :
1280 5891 1297 5923 ι
1344 5871 1447 5942 qui
1465 5874 1652 5942 dignos
1676 5874 1829 5928 fecit.
1864 5893 1880 5923 ι

383 5939 498 6011 (72)
533 5939 874 5997 Sanctorum.
902 5939 1087 5999 erca
1120 5941 1293 5999 Biblia
1342 5951 1393 5998 et
1435 5939 1624 5998 Latina
1675 5945 1761 5999 hic
1790 5945 1883 5999 ad-

1991 3174 2219 3242 loquar,
2277 3171 2578 3227 accinxerit
2624 3164 2708 3223 ad
2773 3183 2836 3223 ea
2888 3167 3215 3230 enarranda,
3257 3180 3377 3235 qua:
3416 3164 3579 3218 hatre-

1992 3267 2219 3318 ticorum
2247 3263 2649 3332 opinationihus
2678 3261 3067 3323 adversantur,
3098 3258 3235 3311 adeo
3266 3266 3323 3310 ut
3342 3255 3576 3326 singula,

1991 3356 2186 3423 quibus
2209 3355 2400 3417 utitur,
2427 3353 2689 3406 voeabula
2726 3352 2920 3406 'radios
2952 3349 3114 3404 veluti
3144 3349 3417 3413 emittant,
3439 3364 3577 3414 quo-

1992 3461 2110 3499 rum
2154 3446 2446 3513 splendore
2479 3442 2770 3497 illinninatl
2803 3443 3216 3512 perspiciamus,
3264 3441 3330 3494 de
3364 3439 3455 3494 Dei
3487 3439 3611 3493 In“

1993 3536 2308 3590 carnationc
2340 3549 2648 3589 sermonem
2677 3531 2762 3586 hic
2791 3533 2978 3587 haberi
3012 3549 3027 3597 ;
3068 3547 3191 3585 nam
3223 3531 3373 3599 prius
3399 3531 3574 3597 ipsum

1992 3628 2067 3679 ait
2098 3640 2218 3679 esse
2243 3623 2461 3688 Filium,
2487 3633 2542 3677 et
2571 3624 2866 3692 imaginem
2906 3624 3021 3685 Dei,
3057 3637 3129 3676 ac
3152 3631 3337 3689 postea
3368 3620 3576 3687 primo-

1992 3718 2255 3787 genitum,
2293 3727 2349 3770 et
2392 3724 2554 3784 caput
2603 3716 2847 3782 corporis
2894 3712 3172 3776 Ecclesiie,
3209 3721 3263 3766 et
3311 3712 3578 3779 primoge-

1993 3808 2166 3861 nitum
2191 3820 2257 3861 ex
2308 3803 2559 3864 mortuis.
2592 3803 2681 3871 qui
2731 3817 2828 3871 per
2861 3802 3183 3870 sanguinem
3232 3800 3412 3854 crucis
3460 3814 3572 3853 sua:

1994 3899 2225 3955 visibilia
2253 3906 2307 3952 et
2367 3895 2656 3951 invisibilia
2688 3894 3075 3964 pacificaverit,
3105 3902 3160 3948 et
3195 3906 3410 3947 onmem
3455 3891 3569 3961 ple—

1993 3988 2297 4047 nitndinem
2330 3989 2555 4045 sortitus
2583 3988 2652 4043 sit
2697 3987 2839 4041 illius
2868 3986 3111 4050 deitatis,
3153 3999 3272 4053 quae
3325 3986 3575 4051 ξηροτρο-

1994 4085 2126 4139 ralia
2189 4091 2245 4138 et
2279 4081 2597 4145 invisibilia,
2626 4080 2897 4134 colorisve
2938 4078 3184 4148 expertia
3218 4078 3573 4135 transcendit,

1995 4192 2061 4232 ac
2113 4175 2234 4245 plus
2273 4190 2436 4244 quam
2487 4170 3049 4241 incomprehensibilis
3090 4180 3220 4234 est;
3269 4178 3329 4220 nr
3370 4181 3436 4221 co
3467 4182 3576 4236 ψη»

1996 4281 2094 4335 par
2121 4275 2204 4319 est
2233 4265 2393 4317 modo
2439 4263 2753 4325 sentientes,
2805 4260 3257 4330 qualitercnnquc
3300 4256 3577 4326 inti-Ilign—

1999 4375 2119 4414 mus
2150 4372 2271 4412 cum
2296 4355 2627 4426 asyncritam
2657 4354 2782 4425 (hoc
2814 4364 2896 4409 est
2927 4350 3429 4421 incomparabilem)
3458 4365 3578 4403 esse

1998 4460 2269 4515 naturam,
2309 4465 2472 4519 quam
2510 4465 2572 4503 ex
2613 4448 2723 4502 Deo
2754 4446 2937 4511 Patre,
2964 4455 3019 4501 et
3048 4445 3187 4515 apud
3214 4444 3362 4497 illum
3395 4442 3575 4504 habet,

1998 4553 2108 4597 tum
2144 4541 2441 4611 perfectam
2488 4540 2636 4595 illam
2675 4539 3060 4604 oeconomiam,
3098 4552 3203 4606 qua
3253 4551 3471 4591 carnem
3508 4550 3574 4587 cx

1996 4630 2241 4703 Virgine,
2274 4641 2437 4701 atque
2480 4632 2716 4685 animam
2764 4632 2836 4684 ita
2875 4628 3127 4697 sumpsit,
3180 4636 3392 4682 servata
3450 4640 3575 4693 per-

1998 4740 2144 4779 sonae
2175 4727 2402 4789 unitate,
2452 4734 2510 4776 ut
2558 4724 2655 4791 ipsi
2713 4724 2876 4777 etiam
2914 4720 3121 4792 Virgini
3172 4720 3365 4773 similis
3400 4718 3574 4772 ﬁeret.

1998 4819 2229 4879 Etenim,
2277 4827 2336 4871 ut
2374 4816 2582 4885 reliqua
2621 4816 2801 4870 omnia
2834 4813 2985 4868 Pauli
3024 4815 3185 4868 verba
3216 4815 3372 4867 modo
3413 4810 3574 4864 allata

1999 4924 2337 4983 prmteream,
2374 4926 2608 4977 quonam
2652 4909 2757 4962 alio
2793 4909 2951 4961 modo
3001 4906 3345 4976 interpretari
3378 4919 3573 4974 possu-

2000 5018 2119 5058 mus
2166 5003 2275 5068 illa,
2306 4999 2501 5071 quibus
2533 5001 2629 5069 ait,
2687 5015 2784 5070 per
2815 5000 3013 5069 ipsum,
3044 5009 3100 5053 et
3149 4998 3202 5052 in
3236 4998 3350 5067 ipso
3393 4998 3575 5053 omnia

1998 5243 2150 5307 dunt,
2181 5246 2237 5297 ὲν
2267 5242 2346 5315 τῷ
2381 5242 2539 5313 φωτί,
2580 5242 2713 5315 sive,
2762 5260 2780 5294 ι
2814 5243 2865 5297 in
2901 5242 3120 5315 lumine.
3152 5260 3173 5315 ξ

2072 5315 2184 5383 (75)
2236 5311 2545 5368 υἱῐειίἰοηξε
2611 5313 2739 5366 Filii
2785 5317 2889 5367 sui.
2949 5311 3572 5383 Legendumividetnr:

2003 5404 2023 5437 ι
2056 5382 2107 5440 in
2137 5382 2356 5452 regnum
2388 5384 2512 5439 Filii
2541 5385 2845 5455 dilectionis
2876 5400 3005 5437 suae.
3034 5401 3058 5455 ρ
3093 5382 3167 5455 Ita
3196 5382 3345 5455 enim
3377 5386 3570 5455 legitur

1999 5466 2053 5511 et
2097 5457 2147 5509 in
2194 5455 2381 5510 Bibliis
2426 5471 2545 5508 cum
2589 5454 2817 5520 Graecis,
2865 5464 2974 5508 tum
3032 5451 3271 5509 Latinis:
3312 5464 3364 5510 et
3394 5451 3453 5509 iii
3490 5457 3574 5511 l'i-

1999 5527 2159 5596 dytnn
2196 5526 2311 5593 ipso
2346 5540 2467 5593 pag.
2510 5524 2631 5577 121.

2063 5596 2175 5668 (74)
2218 5592 2657 5668 Ιίειίεηιριἱοῃεηι.
2676 5593 2861 5650 Graeca
2890 5592 2977 5650 cd.
3003 5601 3058 5648 et
3082 5593 3267 5648 Latina
3294 5594 3383 5649 hic
3426 5594 3575 5650 addit

2001 5686 2019 5718 ι
2050 5664 2479 5736 pet-Sanguinem
2504 5664 2639 5736 ejus.
2664 5684 2683 5716 ι

2061 5737 2173 5807 (75)
2206 5731 2389 5789 Cr'ucis
2423 5736 2556 5802 ejus.
2588 5733 2903 5807 Grjecadcd.
2937 5736 3024 5792 hic
3066 5736 3214 5791 addit
3258 5734 3324 5790 δι’
3376 5731 3567 5807 αὐτοῦ,

1986 5807 2044 5931 BI.
2066 5805 2171 5929 pst,
2203 5825 2222 5858 ι
2251 5820 2345 5875 per
2373 5807 2568 5877 ipsum.
2596 5823 2617 5858 ι
2648 5805 2753 5863 Sed
2778 5805 2931 5879 Vulg.
2965 5808 3062 5863 int.
3100 5810 3213 5864 haec
3259 5806 3462 5863 omittit
3514 5815 3574 5860 ut.

2034 5896 2065 5931 ιι
2091 5894 2263 5931 vmus.

2034 5894 2263 5947 mymus.
