4134 6428
565 495 660 553 851

1831 498 2066 556 DlDYMl
2106 498 2572 558 ALEXANDRINI

3690 503 3798 561 83%

561 623 836 677 constare,
867 623 920 668 et
953 613 1316 681 reconciliari,
1365 621 1418 670 et
1450 616 1746 686 paeilicari,
1780 618 1886 673 nisi
1926 619 1999 673 ita
2037 619 2126 673 in-

2237 620 2335 689 φόν
2354 637 2370 652 ο
2401 620 2744 691 πρωτότοκος
2768 620 2825 674 δὲ
2850 620 3029 692 πάσης
3060 618 3308 686 κτίσεως,
3358 619 3423 672 οὗ
3461 619 3552 673 διὰ
3574 619 3636 674 τὸ
3661 637 3800 692 προ-

559 710 940 774 terpretemur,
986 717 1044 761 ut
1073 721 1168 776 per
1197 707 1312 776 ejus
1355 709 1805 778 lncarnationem,
1849 725 1955 779 qua
2000 725 2129 778 pro-

563 806 681 863 pter
707 811 826 860 nos,
869 806 924 851 et
951 814 1046 866 pro
1078 799 1252 864 nobis,
1283 801 1399 854 sine
1444 800 1551 854 ulla
1588 811 1888 856 mutatione
1933 801 2014 855 sui
2047 801 2130 869 ip-

561 889 694 951 sius,
725 896 778 942 et
816 891 1024 958 peccati
1053 903 1270 960 expers,
1320 893 1480 946 homo
1511 891 1686 946 factus
1715 902 1820 956 est,
1850 902 2130 947 converta-
2176 887 2183 892 ’

563 993 684 1031 mur
712 979 778 1030 ad
831 980 1157 1047 agnitionem
1210 981 1464 1036 increata:
1518 983 1686 1051 ipsius
1734 983 1853 1038 Filii
1884 983 2132 1038 deitatis?

561 1067 746 1122 Dictus
766 1080 848 1123 est
889 1085 1017 1140 ergo
1069 1071 1497 1141 praedicatusque
1548 1072 1867 1141 Unigenitus
1911 1075 2128 1144 quidem

563 1168 750 1228 utpote
803 1175 907 1213 non
965 1161 1170 1216 habens
1224 1163 1516 1216 secundum
1563 1163 1840 1220 caelestem
1895 1165 2130 1233 cujusvis

562 1250 738 1305 ﬂuxus
781 1261 1053 1320 expertem
1086 1252 1488 1321 generationem
1540 1253 1769 1308 alterum
1824 1263 2020 1323 praater
2051 1256 2130 1324 ip-

563 1357 706 1406 sum,
729 1343 818 1410 qui
860 1341 1150 1397 secundum
1186 1351 1434 1396 naturam
1464 1343 1535 1396 sit
1568 1344 1682 1412 ejus
1713 1343 1910 1410 frater;
1946 1354 2130 1414 proto-

565 1439 717 1486 tocus
771 1447 900 1486 vero
949 1433 1022 1502 (id
1058 1441 1160 1498 est,
1201 1433 1596 1504 primogenitus)
1631 1434 1808 1489 omnis
1847 1445 2128 1500 creatum,

563 1537 666 1574 non
696 1521 836 1590 quod
868 1531 994 1576 ante
1025 1524 1194 1591 ipsam
1225 1534 1442 1578 creatus
1486 1524 1591 1592 sit;
1639 1523 1875 1593 alioquin
1909 1539 2131 1583 vocatus

562 1612 752 1667 fuisset
779 1614 1148 1683 protoctistus,
1196 1614 1248 1668 id
1277 1622 1394 1676 est,‘
1418 1617 1810 1683 primocreatus
1839 1617 1986 1688 (76):
2033 1620 2130 1673 sed

559 1702 684 1772 quia
733 1719 832 1772 per
877 1705 1293 1774 praescientiam,
1322 1717 1383 1761 ut
1415 1718 1893 1763 commemoratum
1950 1721 2032 1764 est
2073 1712 2130 1765 in

559 1793 794 1862 capitulo
825 1796 1067 1864 proxime
1094 1797 1371 1865 superiore
1400 1798 1535 1868 (77),
1569 1809 1694 1853 ante
1735 1813 1949 1854 omnem
1975 1815 2131 1855 erea-

559 1891 735 1936 turam
782 1897 847 1938 ex
894 1893 1084 1938 sancta
1115 1883 1329 1954 Virgine
1365 1885 1532 1956 359
1562 1895 1719 1941 natus
1749 1897 1869 1952 est;
1917 1897 1970 1943 et
2003 1889 2129 1958 quia

2231 708 2478 762 εκτίσθαι
2507 709 2678 779 αὐτῆς
2709 709 2852 780 (ἐπεὶ
2879 710 2945 763 ἂν
2984 709 3383 780 πρωτόκτιστος
3404 708 3650 780 ἐκλήθη),
3683 710 3799 765 ἀλλ’

2229 798 2302 862 ὡς
2332 802 2398 870 τῇ
2423 800 2744 870 προγνώσει,
2771 799 2914 854 καθὰ
2941 798 3314 870 ἐμνημονεύθη
3350 801 3408 851 ὲν
3430 799 3510 869 τῷ
3543 801 3648 871 πρὸ
3676 802 3802 855 τοῦ-

2228 891 2285 943 δε
2316 891 2612 961 κεφαλαίῳ,
2663 892 2768 964 πρὸ
2807 891 3010 954 παντὸς
3053 891 3531 961 δημιουργήματος
3578 892 3686 944 ἀπὸ
3702 895 3802 962 τῆς

2232 978 2392 1045 ἁγίας
2421 979 2696 1050 Παρθένου
2715 979 2948 1049 τεχθεὶς,
2975 979 3070 1032 καὶ
3095 977 3169 1032 ὢν
3192 978 3353 1040 αὑτός
3380 995 3438 1030 τε
3460 979 3801 1050 πρωτότοκος

2231 1069 2327 1120 καὶ
2379 1068 2687 1140 Μονογενὴς
2744 1069 2923 1138 πάσης
2967 1069 3195 1129 κτίσεως
3247 1068 3507 1138 ἇρῤητος,
3558 1068 3700 1120 κατὰ
3739 1067 3802 1120 τὸ

2232 1157 2375 1224 θεῖον
2404 1142 2636 1229 γραιέίον
2655 1177 2668 1190 ο
2715 1158 2905 1230 ὥσπερ
2929 1158 3241 1228 ὠνόμασται
3275 1161 3304 1211 ὁ
3338 1158 3500 1221 αὐτὸς
3531 1159 3623 1211 καὶ
3655 1176 3803 1228 πρω-

2231 1248 2446 1312 τότοκος
2512 1251 2576 1302 ὲκ
2604 1250 2714 1302 τῶν
2769 1249 3000 1319 νεκρῶν,
3032 1251 3092 1302 οὺ
3157 1249 3244 1303 διὰ
3282 1249 3342 1301 τὸ
3377 1246 3805 1320 προτελευτῆσαι

2232 1338 2432 1404 αὐτῶν,
2489 1339 2626 1392 ἀλλά
2676 1340 2764 1392 διὰ
2793 1340 2855 1392 τὸ
2881 1338 3172 1410 ἐγερθέντα
3197 1340 3260 1391 ἐκ
3305 1339 3534 1410 νεκρῶν,
3589 1339 3806 1410 πρῶτον

2230 1429 2329 1499 τὴν
2385 1430 2683 1499 ἀσφάλειαν
2739 1431 2836 1500 τῆς
2865 1429 3212 1492 ἀναστάσεως
3281 1429 3584 1493 καθολικῶς
3651 1447 3810 1500 παρ-

2232 1525 2585 1594 ασχείνὴμτν,
2616 1528 2727 1589 τοῖς
2741 1525 2882 1580 κατά
2911 1527 3068 1596 χάριν
3099 1525 3194 1578 καὶ
3212 1523 3419 1594 δωρεὰν
3447 1522 3608 1575 αὐτοῦ
3639 1539 3809 1575 κατα-

2232 1613 2502 1679 ξιωθεῖσιν
2536 1614 2663 1686 [165
2699 1615 2755 1688 a]
2809 1618 3054 1687 υίότητος
3106 1617 3202 1688 μὲν
3254 1614 3348 1668 τοῦ
3382 1614 3516 1667 Θεοῦ
3570 1614 3804 1687 Πατρδς,

2234 1701 2591 1773 ἀδελφότητος
2615 1704 2671 1756 δὲ
2703 1704 2890 1758 αὐτοῦ.
2946 1724 2965 1757 ι
2989 1704 3128 1773 Ἐγὼ
3174 1724 3192 1756 ι
3250 1704 3378 1775 γάρ,
3420 1703 3546 1773 ἔφη,
3582 1722 3599 1754 ι
3629 1703 3740 1772 είμὶ
3768 1705 3802 1772 ή

2233 1793 2345 1865 ζωὴ
2378 1795 2471 1847 καὶ
2531 1797 2564 1866 ἡ
2595 1796 2907 1860 ἀνάστασις.
2941 1815 2958 1848 ι
2996 1797 3104 1851 Καὶ
3137 1795 3347 1857 Παῦλος
3388 1794 3443 1847 δὲ
3477 1793 3566 1846 τὸν
3616 1792 3807 1862 καιρὸν

2233 1885 2396 1939 αὐτὸν
2429 1887 2727 1952 ὑπέδειξεν,
2771 1890 2830 1941 ὲν
2857 1881 2901 1956 ᾧ
2961 1887 3049 1940 διά
3078 1887 3177 1958 τὴν
3229 1884 3394 1940 αὑτοῦ
3441 1884 3748 1954 ἀγαθότητα
3774 1885 3808 1938 ὁ

559 1972 702 2028 idem
731 1982 814 2028 est
859 1975 1273 2043 primogenitus,
1303 1985 1358 2030 et
1403 1977 1713 2046 unigenitus
1745 1977 1925 2032 omnis
1968 1993 2122 2033 crea-

2232 1977 2419 2049 Σωτὴρ
2442 1979 2540 2049 τὴν
2569 1979 2804 2033 παλαιάν
2836 1980 2989 2050 ἡμῶν
3017 1979 3245 2049 ἀμεῖψαι
3275 1977 3678 2047 κακοπραγίαν,
3711 1977 3806 2028 καὶ

560 2063 1231 2134 ιυι-αεὶιιείΐιιὺίιίιετῇυκιε
1273 2065 1514 2118 divinum
1558 2074 1777 2120 textum.
1813 2066 1983 2121 Simili
2014 2083 2130 2122 mo-

557 2153 628 2209 do
655 2164 879 2209 vocatus
913 2164 998 2230 est
1039 2156 1202 2210 etiam
1239 2173 1259 2207 ι
1285 2157 1674 2227 primogenitus
1712 2173 1777 2213 ex
1810 2160 2062 2224 mortuis,
2097 2179 2122 2212 1

558 2257 664 2296 non
693 2243 836 2311 quod
869 2252 996 2297 ante
1029 2243 1176 2311 ipsos
1226 2253 1470 2299 mortuus
1524 2247 1615 2312 sit,
1661 2248 1753 2300 sed
1817 2249 1946 2318 quia
2003 2264 2126 2304 cum

559 2334 765 2402 primus
801 2335 1037 2388 surrexit
1081 2335 1190 2405 (78)
1239 2350 1268 2387 ιι
1305 2336 1552 2402 mortuis,
1579 2339 1926 2393 securitatem
1946 2355 2128 2394 resur-

557 2421 816 2476 rectionis
839 2421 1164 2490 generaliter
1190 2422 1340 2476 nobis
1372 2423 1618 2490 praebuit,
1643 2423 1732 2492 qui
1761 2426 2124 2494 pergratiam,

557 2521 613 2567 et
645 2516 844 2567 donum
878 2514 993 2583 ejus
1035 2513 1181 2583 digni
1237 2514 1360 2567 facti
1417 2529 1604 2568 sumus
1636 2515 1727 2583 qui
1761 2529 2004 2571 essemus
2031 2515 2126 2570 lilii

555 2604 772 2670 quidem
803 2603 895 2657 Dei
930 2603 1126 2672 Patris,
1164 2605 1361 2659 fratres
1387 2619 1517 2659 vero
1564 2591 1750 2674 ipsius'
1777 2606 2001 2663 Christi.
2035 2607 2126 2662 Ait

553 2695 735 2748 enim:
777 2713 796 2746 ι
831 2696 941 2764 Ego
975 2697 1085 2766 (79)
1147 2711 1263 2751 sum
1319 2697 1446 2762 vita,
1495 2706 1548 2752 et
1592 2698 1932 2754 resurrectio.
1967 2716 1988 2750 ι
2019 2697 2125 2753 Sed

557 2786 728 2856 ipsum
759 2803 971 2857 quoque
1014 2799 1244 2858 tempus,
1281 2804 1388 2857 quo
1429 2787 1676 2842 Salvator
1710 2805 1807 2858 pro
1835 2805 1930 2844 sua
1967 2789 2124 2844 boni-

556 2889 666 2933 tate
715 2894 837 2933 cum
899 2888 1165 2934 vetustam
1230 2880 1504 2948 iacturam
1563 2887 1805 2932 nostram
1864 2880 2126 2934 resarcire

555 2971 938 3039 proposuisset,
959 2984 1164 3037 nosque
1203 2971 1390 3036 dignos
1415 2970 1593 3022 facere
1605 2969 1692 3036 qui
1717 2969 2126 3038 participatione

553 3061 795 3115 cmlestis
839 3075 1044 3115 serente
1081 3060 1216 3114 lucis
1258 3062 1308 3114 in
1344 3071 1606 3114 aeternum
1657 3060 1981 3122 frueremur,
2012 3061 2125 3129 pri-

556 3150 861 3218 inogenitus
888 3151 1066 3204 omnis
1101 3158 1361 3203 creatura:
1402 3149 1579 3204 factus
1614 3160 1716 3214 est,
1750 3160 2128 3218 praemonstra-

553 3242 630 3293 vit
658 3238 876 3304 Paulus,
904 3256 1025 3295 cum
1051 3241 1126 3295 ait
1154 3260 1167 3296 :
1203 3259 1219 3292 ι
1257 3241 1445 3295 Vetera
1465 3241 1576 3311 (80)
1596 3240 1923 3295 transierunt
1951 3258 1964 3295 :
2000 3256 2126 3295 ecce

2234 2067 2461 2134 ἀξιῶσαι
2491 2069 2638 2140 ἡμᾶς
2666 2069 2951 2133 διαιωνίως
2983 2068 3273 2122 ἀπολαύειν
3293 2069 3391 2138 τῆς
3410 2067 3502 2119 τοῦ
3525 2067 3636 2121 ἄνω
3668 2067 3807 2119 ἀπό-

2233 2175 2324 2210 νου
2357 2159 2532 2225 φωτὸς
2557 2159 2848 2228 μετουσίας
2879 2157 3232 2229 προθέμενος,
3260 2156 3601 2228 πρωτότοκος
3627 2157 3806 2227 πάσης

2233 2249 2462 2312 κτίσεως
2491 2249 2726 2317 ἐγένετο,
2749 2249 2816 2302 δι’
2849 2242 2922 2301 ὦν
2956 2249 3057 2319 ἔφη
3080 2266 3092 2278 ·
3136 2265 3155 2299 ι
3181 2248 3260 2301 Τά
3279 2249 3480 2318 ἀρχαῖα
3506 2246 3804 2317 παρῆλθεν,

2237 2339 2344 2392 ἰδοὺ
2373 2339 2534 2392 καινά
2553 2340 2744 2408 γέγονε
2791 2340 2986 2393 πάντα.
3016 2358 3034 2390 ο
3069 2339 3176 2392 Καὶ
3225 2339 3386 2410 ἕτερα
3427 2339 3483 2390 δὲ
3515 2337 3678 2390 αὑτοῦ
3711 2339 3810 2408 pq-

2235 2448 2379 2502 ματα
2399 2430 2670 2484 διωθεῖται
2693 2431 2790 2502 μὲν
2818 2431 3044 2500 ταυτηνὶ
3065 2430 3161 2502 τὴν
3185 2431 3465 2501 αἱρετικὴν
3489 2430 3802 2500 ἐνθύμησιν,

2233 2521 2329 2592 τὴν
2378 2521 2884 2592 κατασοφιζομένην
2939 2521 3034 2574 τοῦ
3068 2538 3126 2574 τε
3166 2520 3400 2584 Παύλου,
3448 2521 3524 2583 ὡς
3582 2518 3807 2573 τοιαῦτα

2231 2610 2560 2681 γράψαντος,
2607 2611 2700 2664 τοῦ
2735 2628 2794 2663 τε
2849 2611 3027 2666 πάντα
3072 2611 3396 2682 ποιήσαντος
3420 2613 3512 2664 καὶ
3537 2609 3808 2682 κεκτημέ-

2230 2719 2346 2765 νου,
2382 2703 2457 2766 ὠς
2479 2701 2735 2755 τοιούτων
2765 2703 2892 2774 περὶ
2931 2702 3093 2755 αὑτοῦ
3121 2702 3554 2772 ὲξενηνεγμένων
3593 2701 3806 2771 φωνῶν,

2231 2793 2367 2863 ὅπερ
2395 2791 2628 2861 χαλεπὸν
2653 2793 2746 2844 καὶ
2786 2792 2988 2846 πλάσαι
3020 2793 3114 2846 καὶ
3137 2793 3368 2846 ἀκοῦσαι
3388 2811 3401 2823 υ
3435 2792 3726 2862 διαρρήδην
3749 2791 3806 2842 δὲ

2233 2883 2581 2953 παρίστησιν,
2617 2881 2692 2945 ὡς
2724 2882 2804 2947 τὸ,
2869 2902 2886 2933 t
2912 2883 3260 2953 Πρωτότοκος
3294 2883 3470 2950 πάσης
3501 2880 3748 2942 κτίσεως,
3776 2898 3797 2932 ι

2233 2972 2352 3024 ἀντὶ
2403 2971 2520 3035 τοῦ,
2559 2973 2739 3044 πάσης
2776 2971 3214 3042 ἀνθρωπότητος,
3273 2971 3484 3041 ἐλέχθη.
3532 2969 3642 3040 Τὴν
3691 2969 3804 3038 γὰρ

2231 3059 2626 3131 ἀνθρωπότητα
2699 3061 2876 3116 κτίσιν
2924 3061 3334 3134 προσαγορεύει,
3382 3063 3455 3122 ὡς
3483 3062 3538 3112 ὲν
3566 3058 3642 3129 τῷ
3669 3074 3806 3128 προ-

2229 3149 2468 3220 κειμένῳ
2496 3150 2774 3222 κεφαλαίῳ
2799 3151 3011 3223 είρηται
3037 3152 3242 3216 λέξεσιν
3283 3152 3468 3213 αὑταῖς
3488 3168 3500 3179 ·
3536 3168 3554 3199 ι
3579 3147 3808 3202 Ὑποτά-

2231 3256 2364 3310 γητε
2399 3241 2548 3312 πάσῃ
2581 3241 2757 3294 κτίσει
2807 3241 3118 3315 ἀνθρωπίνῃ
3157 3243 3246 3296 διά
3276 3243 3363 3296 τὸν
3415 3241 3635 3312 Κύριον,
3696 3240 3804 3292 εἴτε

554 3345 693 3383 nova
726 3329 868 3385 facta
897 3340 1019 3386 sunt
1048 3332 1247 3387 omnia.
1294 3350 1313 3384 ›
1345 3333 1481 3398 Quin
1509 3340 1562 3384 et
1588 3331 1791 3400 reliqua
1821 3330 1970 3384 Pauli
1999 3345 2121 3384 ver-

2231 3329 2447 3400 βασιλεῖ,
2480 3333 2554 3395 ὼς
2585 3333 2925 3404 ὑπερέχοντι,
2962 3336 3074 3388 είτε
3115 3335 3407 3406 ἡγεμόσιν,
3439 3333 3514 3396 ὡς
3546 3333 3611 3386 δι’
3638 3330 3804 3384 αὐτοῦ

554 3420 621 3474 ha
649 3421 880 3485 primum
913 3423 1126 3490 quidem
1169 3421 1310 3476 hanc
1344 3421 1724 3475 lmreticorum
1751 3420 2116 3490 opinationem

2231 3422 2620 3493 πεμπομένοις.
2659 3443 2680 3475 ι

553 3514 868 3583 explodunt,
900 3516 990 3584 qui
1016 3527 1068 3570 et
1105 3517 1202 3586 ipsi
1242 3515 1430 3580 Paulo,
1470 3517 1610 3585 quod
1651 3517 1772 3570 talia
1810 3516 2110 3586 scripserit,
2151 3527 2204 3570 et
2239 3533 2417 3572 rerum
2443 3520 2682 3574 omnium
2715 3520 3014 3588 Conditori,
3055 3537 3122 3576 ac
3146 3521 3395 3585 Domino,
3455 3522 3536 3576 de-
3583 3534 3689 3589 Quo
3723 3528 3806 3572 In-

553 3605 623 3658 lia
649 3607 937 3674 praedicata
967 3619 1114 3676 sunt,
1149 3609 1399 3676 injuriam
1436 3610 1548 3663 suis
1612 3609 2044 3664 cavillationibus
2105 3609 2386 3665 inferunt:
2453 3612 2599 3681 quod
2648 3613 2732 3666 vel
2786 3615 2912 3668 lictu
2950 3653 2965 3679 ,
3020 3616 3216 3669 nedum
3267 3615 3452 3668 auditu
3511 3613 3798 3668 molestum

551 3709 653 3756 est.
700 3700 901 3756 Deinde
949 3717 1079 3757 vero
1162 3713 1347 3773 aperte
1414 3705 1602 3759 eadem
1674 3705 1922 3773 probant,
1962 3721 1983 3755 ι
2057 3705 2474 3775 primogenitum
2523 3707 2697 3761 omnis
2747 3717 3015 3762 creatura:
3064 3727 3084 3761 ι
3121 3708 3325 3762 dictum
3375 3722 3496 3762 esse
3556 3722 3653 3776 pro
3705 3704 3807 3772 pri-

556 3799 826 3868 inogenito
857 3800 1032 3853 omnis
1071 3801 1460 3866 humanitatis;
1503 3809 1560 3854 ut
1586 3801 1728 3854 enim
1759 3802 1810 3854 in
1844 3801 2121 3869 superiore
2161 3802 2399 3871 capitulo
2426 3803 2534 3856 dixi
2569 3803 2708 3873 (81),
2778 3805 3172 3858 humanitatem
3242 3802 3502 3858 vocabulo
3540 3809 3803 3854 creaturae

554 3891 801 3946 nominat
854 3893 939 3946 his
969 3893 1099 3960 ipsis
1132 3893 1350 3947 verbis:
1386 3911 1404 3944 ι
1453 3892 1692 3962 Suhjecti
1737 3902 1915 3948 estote
1969 3893 2117 3946 omni
2156 3903 2423 3948 creatura:
2457 3895 2708 3948 humanae
2738 3905 2960 3964 propter
2989 3895 3309 3961 Dominum,
3365 3895 3480 3948 sive
3543 3891 3652 3960 regi
3689 3900 3807 3945 tan-

553 4001 712 4055 quam
741 3988 1084 4056 prazcellenti,
1126 3989 1240 4043 sive
1284 3990 1508 4043 ducibus
1541 3997 1796 4058 tanquam
1824 4003 1918 4058 per
1945 3988 2120 4056 ipsum
2157 3989 2359 4044 missis.
2393 4009 2415 4042 ι

630 4082 972 4152 Sulfragatur
1001 4095 1178 4139 autem
1231 4086 1385 4139 nobis
1426 4085 1602 4152 quoad
1651 4084 2117 4138 denominationes

553 4175 1187 4246 quidem‘Primogeniti,
1231 4186 1284 4230 et
1337 4176 1606 4243 Unigeniti
1647 4175 1974 4244 evangelista
2007 4175 2116 4246 (82)

556 4280 780 4318 narrans
812 4265 1032 4320 Mariam
1085 4267 1350 4320 mansisse
1379 4265 1640 4333 virginem
1695 4263 1830 4332 (85),
1889 4283 1907 4316 ι
1945 4265 2117 4318 donec

554 4353 759 4422 peperit
803 4354 967 4406 lilium
1019 4369 1175 4408 suum
1237 4353 1684 4421 primogenitum;
1725 4372 1742 4403 ι
1797 4368 1917 4406 nam
1942 4367 2113 4422 neque

553 4445 800 4512 cuiquam
830 4445 1014 4513 nupsit
1042 4444 1129 4497 illa
1180 4458 1386 4498 summe
1421 4458 1527 4511 prae
1562 4443 1809 4496 omnibus
1842 4445 2111 4512 honoran-

553 4536 656 4598 da,
689 4543 744 4587 et
793 4535 1025 4587 maxime
1069 4534 1267 4603 inclyta
1308 4533 1487 4599 Virgo,
1534 4547 1634 4588 nec
1677 4534 1898 4588 alterius
1942 4544 2116 4589 mater

556 4639 788 4693 unquam
848 4625 988 4678 facta
1032 4633 1136 4689 est,
1197 4625 1288 4679 sed
1328 4634 1448 4693 post
1500 4625 1840 4693 puerperium
1896 4640 2108 4694 quoque

555 4718 752 4770 mansit
779 4731 990 4784 semper
1016 4726 1071 4771 et
1113 4718 1260 4771 omni
1321 4727 1559 4787 tempore
1617 4718 1959 4774 immaculata
2009 4721 2116 4774 vir-

553 4823 620 4878 go
643 4808 779 4880 (84),
805 4816 870 4876 et
919 4818 1094 4864 tamen
1124 4807 1238 4878 ejus
1283 4811 1668 4881 pritnogenitus
1714 4818 1860 4866 recte
1897 4821 2118 4866 vocatus

625 4987 737 5058 (76)
770 4987 1180 5044 Primocreatus.
1207 4987 1378 5043 Simili
1411 4987 1566 5043 modo
1610 4987 1929 5058 Ambrosius
1970 4986 2063 5040 lib.
2108 5002 2126 5040 ι

555 5057 632 5111 Ile
671 5058 774 5125 ﬁde
802 5074 918 5124 cap.
949 5059 978 5111 7
1021 5061 1246 5114 scribit:
1284 5078 1302 5110 ι
1338 5060 1730 5128 Primogenitus
1771 5057 1952 5110 omnis
1972 5070 2127 5108 crea-

557 5138 709 5180 turae.
748 5128 1162 5198 Primogeuitus,
1202 5130 1398 5199 inquit,
1447 5144 1551 5199 non
1604 5127 2014 5199 primocreatus,
2073 5134 2130 5178 ut

557 5209 610 5249 et
636 5199 849 5264 genitus
895 5196 992 5268 pro
1039 5196 1361 5266 uaturafet
1412 5196 1619 5266 primus
1649 5212 1746 5264 pro
1777 5196 2134 5264 perpetuitate

555 5268 822 5320 credatur.
850 5286 869 5319 ι

635 5336 745 5408 (ῙἹ)
779 5335 1081 5408 Superiore.
1113 5339 1296 5408 Segm.
1327 5336 1427 5408 160
1463 5354 1519 5408 tt.

634 5406 746 5473 (78)
782 5401 994 5460 Primus
1024 5401 1331 5461 surreferii.
1372 5406 1427 5458 in
1469 5406 1602 5458 libro
1637 5403 1712 5456 De
1735 5401 1936 5473 Spiritu
1961 5411 2140 5455 sancto

559 5485 706 5555 num.
742 5475 834 5539 41,
865 5479 1136 5555 Christum
1183 5488 1341 5555 vocat
1398 5493 1415 5525 ι
1444 5473 1759 5544 principem,
1817 5483 1871 5528 et
1923 5473 2128 5542 primu-

556 5547 797 5611 genitum
825 5547 1266 5601 resurrectionis.
1300 5564 1320 5597 ι

631 5614 741 5682 (79)
771 5612 907 5683 Ego.
929 5615 1086 5671 Joan.
1119 5632 1197 5680 xl,
1229 5616 1320 5670 ‘25.

631 5685 743 5752 (80)
782 5684 985 5740 Vetera.
1029 5685 1074 5740 ll
1130 5687 1254 5741 Cor.
1293 5702 1345 5750 ν,
1382 5685 1470 5740 17.

633 5755 747 5826 (Si)
782 5754 920 5826 Dixi.
955 5755 1135 5826 Segni.
1168 5755 1266 5808 16').
1289 5774 1341 5808 α.

636 5821 747 5887 (8‘2)
783 5820 1116 5890 Evangelia!"
1181 5826 1370 5879 Matth.
1409 5841 1446 5887 Ι,
1476 5823 1566 5878 ‘25.

634 5891 746 5960 (ὅῦ)
788 5892 1046 5950 Manatase
1079 5897 1350 5964 virginem.
1386 5895 1459 5950 lla
1509 5892 1775 5962 accipiunt
1807 5898 1980 5955 sancti
2033 5894 2132 5950 Pa-

2295 4086 2860 4159 Συναντιλαμόάνεται
2911 4087 2969 4140 δὲ
3001 4089 3153 4159 ἡμῖν,
3193 4087 3272 4150 είς
3311 4085 3406 4156 μὲν
3440 4083 3496 4135 τδ
3531 4099 3549 4132 ι
3587 4079 3806 4152 Πρωτό-

2225 4194 2383 4241 τοκος
2406 4198 2424 4230 ο
2492 4181 2588 4231 καὶ
2627 4197 2646 4230 ι
2670 4179 3001 4250 Μονογενὴς,
3030 4197 3048 4230 ι
3105 4177 3164 4232 τὸ
3198 4172 3552 4247 διηγήσασθαι
3594 4171 3684 4223 τὸν
3712 4171 3808 4223 εύ-

2225 4271 2571 4342 αγγελιστὴν,
2595 4272 2677 4325 ὅτι
2710 4271 2890 4342 ἔμεινε
2931 4271 3219 4342 παρθένος,
3266 4288 3284 4321 ι
3326 4269 3430 4329 ἕως
3495 4264 3647 4317 ἔτεκε
3709 4262 3805 4314 τὸν

2223 4357 2351 4412 Υίὸν
2366 4361 2535 4430 αὐτῆς
2557 4361 2648 4415 τὸν
2676 4362 3038 4432 πρωτότοκον.
3062 4379 3079 4412 ι
3119 4358 3254 4413 Οὔτε
3281 4358 3389 4428 γὰρ
3415 4355 3664 4426 ἐγαμήθη
3698 4353 3805 4406 τινὶ

2224 4448 2257 4518 ἡ
2305 4448 2605 4518 τιμιωτέρα
2649 4450 2865 4503 πάντων
2913 4448 3009 4501 καὶ
3040 4447 3397 4516 εὐκλεεστάτη
3437 4443 3644 4514 Μαρία,
3692 4439 3802 4494 οὔτ’

2230 4539 2390 4592 ἄλλου
2424 4542 2606 4610 μήτηρ
2641 4540 2854 4608 ἐγένετό
2881 4557 3011 4592 ποτε
3031 4555 3044 4570 ⁸
3079 4539 3256 4610 ἔμεινε
3318 4536 3375 4588 δὲ
3401 4535 3496 4589 καὶ
3522 4533 3658 4605 μετὰ
3682 4549 3805 4585 κυου-

2226 4630 2420 4701 φορίαν
2467 4633 2552 4684 ἀεὶ
2608 4632 2703 4685 καὶ
2745 4630 2830 4683 διὰ
2881 4630 3077 4692 παντὸς
3129 4629 3354 4699 ἄμωμος
3383 4626 3668 4697 παρθένος,
3712 4624 3806 4677 καὶ

2227 4723 2376 4792 ὅμως
2398 4721 2522 4792 [165
2548 4721 2599 4793 b]
2653 4723 2990 4792 πρωτότοκος
3027 4721 3196 4789 αὐτῆς
3241 4721 3270 4771 ὁ
3315 4718 3524 4780 πλάσας
3549 4718 3719 4786 αὐτὴν
3743 4731 3804 4767 τε

2231 4815 2324 4867 καὶ
2349 4814 2555 4876 πάντας
2583 4814 2682 4867 οὐκ
2704 4812 2911 4882 ἀλόγως
2963 4811 3184 4882 ἐκλήθη.
3216 4811 3308 4872 Εἰς
3331 4809 3387 4863 δὲ
3426 4810 3508 4873 τὸ,
3543 4827 3561 4860 ι
3587 4806 3807 4878 Πρωτό-

2240 4997 2349 5044 tres
2387 4988 2618 5044 Matthxi
2652 4990 2855 5044 verba:
2893 5009 2910 5040 ι
2941 4990 3005 5043 Et
3061 5005 3164 5042 non
3214 4987 3574 5055 cognoscebat
3601 4999 3741 5038 eam.
3779 5004 3799 5038 ι

2234 5059 2566 5127 Epiphanius
2609 5075 2740 5113 vero
2789 5061 3082 5127 monachus
3128 5073 3192 5111 ac
3241 5057 3526 5127 presbyter
3572 5056 3622 5107 in
3660 5055 3807 5127 libro

2233 5125 2435 5182 ittedito
2481 5129 2622 5196 Περὶ
2657 5129 2764 5182 τοῦ
2797 5129 2942 5190 ,ϐίου
2975 5125 3084 5194 τῆς
3114 5126 3441 5196 ὑπεραγίας
3489 5126 3804 5196 Θεοτόκου,

2239 5199 2288 5250 id
2317 5209 2420 5263 est,
2449 5216 2467 5248 ι
2498 5194 2691 5252 devita
2731 5197 3100 5250 Sanctissimae
3147 5195 3408 5264 Deipara',
3449 5214 3467 5245 ι
3496 5194 3586 5264 sic
3611 5210 3687 5264 ea“
3722 5195 3806 5264 ine

2239 5261 2479 5335 telligit:
2535 5267 2634 5318 οὐκ
2670 5265 2932 5332 ἐγίνωσκε
2984 5265 3052 5317 τά
3098 5261 3372 5336 μυστῆργια
3425 5263 3520 5316 τοῦ
3553 5261 3804 5336 Θεοῦ,λιι1

2243 5333 2402 5398 εειά
2435 5351 2538 5388 non
2574 5345 2795 5388 noverat
2822 5336 3074 5403 mysteria
3100 5333 3220 5390 Dei.
3255 5333 3272 5386 ἰ
3301 5335 3685 5387 Exstatautem
3719 5333 3808 5387 hic

2243 5405 2381 5460 liber
2410 5405 2460 5456 in
2492 5404 2723 5471 quodam
2745 5419 2808 5457 ex
2832 5401 3090 5459 Nauianis
3113 5405 3390 5460 codicibus
3417 5403 3802 5457 membraneis.

2301 5474 2413 5542 (8i)
2455 5473 2734 5540 Semper...
2765 5477 2929 5542 virgo.
2967 5475 3162 5528 Eodem
3194 5473 3353 5527 modo
3381 5475 3448 5527 de
3494 5475 3648 5525 beata
3685 5471 3808 5542 Vir-

2231 5541 2353 5612 giue
2403 5543 2657 5612 loquitur
2681 5541 3002 5596 Ambrosius
3059 5543 3110 5597 in
3154 5544 3288 5597 libro
3349 5542 3423 5595 De
3471 5541 3804 5612 institutione

2229 5611 2445 5682 virginis
2474 5611 2600 5681 cap.
2632 5611 2685 5675 6,
2715 5629 2834 5682 pag.
2861 5612 2984 5682 260,
3014 5613 3210 5682 aliique
3244 5615 3310 5682 ab
3351 5612 3678 5681 Hieronymo
3725 5611 3806 5682 ci-

2233 5680 2327 5736 tati
2361 5684 2410 5736 in
2441 5680 2576 5736 libro
2601 5680 2861 5736 Adversus
2888 5680 3205 5738 Helvidium.
3236 5681 3501 5736 Cteterum
3557 5680 3804 5748 quamvis

2231 5753 2422 5821 dogma
2457 5752 2780 5807 catholicum
2812 5750 2880 5804 de
2912 5764 3165 5819 perpetua
3203 5753 3447 5820 Deipara:
3494 5750 3804 5821 virginitate

2231 5819 2408 5889 plures
2439 5834 2561 5893 ante
2590 5823 2866 5893 Dydimnni
2894 5823 3081 5893 Patres
3117 5819 3454 5893 tradiderint,
3513 5819 3683 5893 pauci
3717 5830 3798 5893 ta.

2232 5887 2352 5947 ineu
2374 5901 2496 5947 ante
2526 5887 2672 5947 illum
2715 5890 3118 5963 ‘Azztrapllévou,
3147 5893 3298 5947 idest
3337 5907 3355 5941 ι
3389 5887 3801 5962 Scutper_vitgi-
