4134 6432
329 393 436 454 833

1406 395 1493 450 DE
1535 395 1907 452 TRINITATE
1942 395 2147 453 LIBER
2183 397 2506 459 TERTIUS.

3474 416 3579 474 834

329 531 489 577 τοκος
513 512 580 567 ἐκ
605 513 712 566 τῶν
751 510 978 583 νεκρῶν,
1005 530 1025 564 ι
1054 512 1146 567 τὸν
1173 511 1335 568 αὐτὸν
1366 514 1576 568 Παῦλον
1603 515 1893 587 Κορινθίοις

2013 525 2094 572 est
2123 516 2286 588 35o
2312 520 2401 588 qui
2430 527 2484 574 et
2525 519 2716 589 ipsam,
2746 527 2799 576 et
2845 535 3032 578 omnes
3075 522 3346 581 formavit.
3393 527 3580 596 Quoad

328 606 424 662 διὰ
444 605 558 660 τῶν
588 606 720 677 πρὸς
752 604 951 668 αὐτοὺς
994 604 1228 676 πρώτων
1286 605 1708 677 ἐπιστολιμαίων
1741 627 1910 682 χαρα-

324 698 559 769 γμάτων
612 696 850 762 διδάξαι·
903 714 922 747 ι
950 696 1186 767 Χριστὸς
1240 698 1533 769 ἐγήγερται
1574 701 1639 753 ἐκ
1680 700 1911 769 νεκρῶν,

327 786 557 857 ἀπαρχὴ
576 785 684 840 τῶν
712 786 1125 857 κεκοιμημένων
1145 802 1160 818 ο
1191 787 1375 858 ἐπειδὴ
1400 787 1507 858 γὰρ
1531 788 1597 841 δι’
1624 789 1910 861 ἀνθρώπου
1943 816 1951 823 ·

328 878 360 930 ὁ
410 877 672 944 Θάνατος,
728 878 822 932 καὶ
871 879 940 932 δι’
991 878 1282 950 ἀνθρώπου
1333 879 1627 943 ἀνάστασις
1681 880 1907 950 νεκρῶν.

331 969 540 1039 ’Ὠσπερ
574 971 633 1022 ἐν
675 969 754 1040 τῷ
795 970 965 1041 ’Δδὰμ
1013 970 1215 1034 πάντες
1264 971 1721 1041 ἀποθνήσκουσιν,
1768 972 1909 1025 οῦτω

327 1062 424 1115 καὶ
449 1062 507 1115 ἐν
533 1060 611 1131 τῷ
633 1061 855 1133 Χριστῷ
898 1062 1099 1127 πάντες
1125 1061 1646 1135 ζωοποιηθήσονται,
1680 1063 1908 1129 ἕκαστος

327 1149 385 1203 δὲ
408 1152 466 1203 ἐν
485 1149 564 1221 τῷ
594 1150 707 1220 ίδίῳ
735 1150 998 1221 τάγματι.
1063 1152 1306 1222 Ἀπαρχὴ
1357 1152 1610 1222 Χριστὸς,
1642 1152 1834 1205 ἔπειτα
1856 1155 1906 1206 οἱ

325 1242 420 1296 τοῦ
455 1242 688 1312 Χριστοῦ
724 1243 783 1295 ἐν
814 1245 878 1313 τῇ
903 1243 1175 1314 παρουσίᾳ
1229 1241 1415 1306 αὑτοῦ,
1449 1238 1566 1296 εἶτα
1596 1243 1658 1296 τὺ
1686 1243 1856 1307 τέλος.
1883 1262 1901 1295 ι

325 1334 608 1402 Χρήσαιτο
629 1332 674 1385 δ’
699 1332 766 1385 ἄν
791 1350 874 1396 τις
904 1333 996 1386 καὶ
1036 1332 1210 1404 τούτῳ
1262 1332 1458 1403 ὀρθῶς.
1515 1334 1590 1388 Οὐ
1624 1333 1731 1406 γάρ
1770 1334 1828 1387 ἓν
1855 1352 1906 1388 τι

330 1422 490 1492 μόνον
515 1422 609 1474 ἐπὶ
633 1424 745 1484 τοῖς
777 1420 919 1475 οὕτω
962 1422 1187 1492 ὑψηλοῖς
1218 1425 1400 1495 ῥητοῖς
1428 1424 1532 1496 χρὴ
1564 1427 1902 1488 ἐπισκοπεῖν,

324 1511 528 1565 οὐδὲτὸ
555 1506 741 1582 ἧσσον,
800 1510 936 1564 ἀλλὰ
985 1513 1046 1565 τὸ
1082 1512 1342 1582 ἄμεινον·
1389 1515 1469 1576 εἰς
1520 1514 1628 1584 γὰρ
1659 1514 1727 1567 τὰ
1778 1514 1905 1585 περὶ

324 1603 485 1666 Θεοῦ,
524 1606 582 1657 ἐν
602 1605 713 1665 τοῖς
745 1603 1025 1674 ἀμείνοσιν
1055 1606 1087 1674 ἡ
1122 1604 1367 1673 ἀλήθεια.
1398 1605 1519 1657 Ὅτι
1562 1605 1904 1677 πρωτότοκος

326 1698 507 1767 πάσης
534 1694 761 1757 κτίσεως
808 1694 1142 1764 ὠνόμασται,
1177 1695 1267 1748 διὰ
1290 1697 1414 1757 τοὺς
1439 1695 1496 1749 ἐν
1530 1695 1609 1766 τῷ
1640 1695 1772 1767 θείῳ
1809 1695 1906 1765 βα-

326 1787 590 1857 πτίσματι
620 1789 685 1856 τῇ
729 1786 981 1857 υίοθεσίᾳ.
1001 1785 1093 1839 τοῦ
1138 1787 1295 1854 ἁγίου
1327 1785 1644 1857 Πνεύματος
1694 1790 1757 1841 ἐκ
1807 1786 1901 1850 τοῦ

2014 611 2466 677 nuncupationem
2518 625 2645 665 vero
2699 628 2718 662 ι
2774 613 3112 682 primogeniti
3158 630 3223 669 ex
3260 621 3504 686 mortuis,
3546 640 3569 675 ι

2013 700 2336 771 sullragatur
2394 701 2549 756 nobis
2593 702 2734 770 quod
2767 702 2878 771 ipse
2909 702 3107 758 Paulus
3142 706 3193 758 in
3240 706 3259 759 Ι
3290 709 3355 761 ad
3392 711 3581 766 Corin-

2014 792 2154 846 thios
2186 791 2423 861 Epistola
2455 793 2567 861 (85)
2601 793 2782 846 docuit
2811 810 2824 845 :
2857 811 2875 843 ι
2927 793 3172 849 Christus
3204 797 3314 866 (86)
3344 803 3582 858 surrexit

2013 897 2080 937 ex
2129 884 2377 949 mortuis,
2408 885 2661 953 primitiae
2701 886 3081 939 dormientium
3128 888 3277 959 (87);
3322 893 3575 960 quoniam

2013 973 2155 1026 enim
2184 988 2282 1042 per
2310 974 2583 1029 hominem
2613 989 2760 1029 mors
2786 1015 2800 1038 ,
2824 985 2877 1029 et
2902 991 2996 1045 per
3027 978 3295 1034 hominem
3333 997 3574 1037 resurre-

2010 1062 2117 1118 ctio
2152 1073 2534 1120 mortuorum:
2585 1066 2725 1120 sicut
2762 1067 2872 1137 (88)
2925 1068 2979 1122 in
3025 1070 3192 1123 Adam
3229 1086 3420 1127 omnes
3461 1089 3578 1130 mo-

2010 1151 2243 1219 riuntur,
2284 1153 2356 1207 ita
2405 1162 2459 1208 et
2511 1154 2566 1207 in
2617 1154 2837 1210 Christo
2881 1170 3072 1209 omnes
3119 1157 3575 1216 vivificabuntur:

2011 1239 2382 1307 unusquisque
2431 1248 2609 1293 autem
2658 1239 2709 1293 in
2764 1241 2979 1308 proprio
3033 1243 3259 1311 ordine;
3327 1244 3577 1312 primitiae

2005 1328 2297 1390 Christus;
2333 1327 2645 1407 deiude‘ii,
2692 1331 2781 1397 qui
2811 1337 2939 1382 sunt
2987 1329 3211 1396 Christi,
3262 1330 3313 1384 in
3345 1332 3573 1387 adventu

2005 1417 2159 1486 ejus:
2196 1419 2388 1473 deinde
2439 1418 2577 1491 linis.
2616 1437 2634 1471 ι
2678 1418 2783 1474 Sed
2824 1428 2878 1474 et
2907 1420 3061 1475 aliter
3104 1423 3271 1492 accipi
3307 1432 3452 1478 recte
3479 1438 3577 1492 po-

2008 1519 2110 1564 test
2136 1508 2381 1575 objectus
2419 1510 2614 1564 locus:
2686 1525 2785 1564 nec
2831 1512 2978 1565 enim
3032 1522 3239 1566 certum
3285 1515 3570 1581 quemdam

2003 1606 2218 1656 Sensum
2247 1600 2505 1654 duntaxat
2532 1609 2778 1669 spectare
2816 1611 3030 1671 oportet
3062 1602 3117 1657 in
3169 1603 3405 1658 oraculis
3460 1613 3569 1659 tam

2002 1692 2341 1755 sublimibus,
2383 1705 2480 1745 nec
2539 1690 2687 1745 illum
2741 1692 3011 1760 amplecti,
3059 1693 3150 1761 qui
3204 1693 3382 1747 minus
3428 1709 3567 1763 pra:-

2002 1791 2153 1836 stans
2200 1781 2294 1846 sit,
2325 1780 2416 1834 sed
2452 1795 2574 1835 eum
2620 1781 2711 1849 qui
2762 1782 3027 1835 excelsior
3071 1797 3135 1835 ac
3170 1782 3390 1847 melior;
3443 1798 3565 1838 nam

323 1875 460 1929 Θεοῦ
492 1875 884 1947 γεννωμένους,
909 1876 1003 1929 καὶ
1049 1875 1137 1928 διὰ
1164 1874 1225 1927 τὸ
1272 1877 1401 1941 πᾶν,
1433 1875 1462 1927 ὃ
1487 1876 1655 1945 ἐσμὲν
1690 1877 1785 1931 καὶ
1813 1893 1893 1929 κε-

2000 1887 2123 1926 cum
2157 1871 2223 1925 de
2253 1872 2318 1925 iis
2363 1871 2559 1941 agitur,
2607 1885 2727 1939 quae
2772 1869 2941 1925 Deum
2991 1879 3254 1940 spectant,
3303 1871 3356 1925 in
3407 1871 3568 1926 subli-

324 1967 589 2039 κτήμεθα,
640 1967 701 2032 ἐξ
750 1966 913 2020 αὐτοῦ
949 1966 1248 2037 είληφέναι,
1299 1966 1444 2019 καθὰ
1474 1966 1633 2020 πάλιν
1665 1969 1694 2019 ὁ
1740 1965 1904 2030 αὐτὸς

1998 1964 2155 2017 miori
2195 1962 2574 2031 explanatione
2608 1963 2746 2016 inest
2789 1963 3010 2017 veritas.
3058 1963 3172 2016 Dici
3207 1977 3336 2032 ergo
3367 1970 3562 2032 potest,

323 2060 595 2114 παιδεύων
625 2058 771 2129 λέγει
795 2074 809 2087 ο
879 2076 897 2110 ι
919 2057 985 2110 Τί
1009 2057 1067 2110 δὲ
1093 2055 1255 2126 ἔχεις,
1302 2057 1331 2110 ὃ
1357 2058 1458 2110 οὐκ
1493 2056 1720 2121 ἔλαϐες;
1755 2056 1817 2109 Εἰ
1846 2056 1893 2109 δὲ

1997 2053 2407 2124 primogenitum
2434 2053 2611 2107 omnis
2661 2059 2922 2106 creaturae
2964 2052 3069 2107 dici
3116 2051 3390 2108 Christum
3436 2065 3557 2105 cum

324 2151 533 2216 ἔλαϐες,
564 2152 617 2205 τί
647 2151 919 2220 καυχᾶσαι
950 2148 1026 2211 ὡς
1062 2147 1136 2218 μὴ
1165 2146 1345 2201 λαϐὼν
1370 2165 1384 2213 ;
1412 2167 1431 2199 ι
1476 2148 1549 2210 ὡς
1579 2149 1672 2201 καὶ
1716 2146 1901 2218 Ἑλλή-

321 2259 428 2297 νων
462 2244 669 2310 παῖδες,
719 2241 819 2305 τὰς
847 2240 1012 2304 ἄλλας
1044 2237 1390 2302 ἐναντιώσεις
1438 2238 1687 2308 ἀφέντες,
1717 2238 1899 2309 διηγό-

318 2350 556 2405 ηρευσαν’

1993 2154 2212 2214 propter
2237 2158 2352 2206 eos,
2379 2142 2471 2210 qui
2501 2142 2552 2195 in
2577 2142 2762 2197 divino
2797 2142 3065 2211 baptismo
3098 2157 3193 2211 per
3216 2141 3562 2211 adoptionem

1992 2249 2024 2289 a
2052 2232 2254 2301 Spiritu
2305 2240 2495 2286 sancto
2544 2228 2748 2285 factam
2800 2239 3127 2298 generantur
3168 2244 3232 2284 ex
3270 2228 3416 2296 Deo;
3450 2237 3561 2280 tum

1993 2325 2156 2379 etiam
2183 2322 2307 2392 quia
2337 2320 2595 2390 quidquid
2639 2336 2851 2385 sumus,
2884 2330 2940 2375 et
2963 2320 3326 2389 possidemus,
3353 2320 3420 2372 ah
3445 2318 3562 2387 ipso

312 2424 651 2492 accepimus,
683 2429 742 2476 ut
771 2438 983 2477 rursum
1010 2423 1123 2494 ipse
1154 2422 1355 2479 Paulus
1418 2436 1515 2476 nos
1541 2421 1795 2477 erudiens
1816 2422 1929 2475 ait:
1977 2436 1997 2470 ι
2037 2415 2176 2484 Quid
2238 2423 2415 2468 autem
2451 2412 2564 2483 (89)
2614 2413 2779 2466 babes
2812 2410 2954 2480 quod
3009 2425 3113 2466 non
3162 2409 3453 2480 accepisti?
3501 2406 3558 2463 Si

324 2526 507 2572 autem
540 2516 793 2586 accepisti
841 2516 976 2586 (90),
1011 2517 1139 2586 quid
1185 2516 1438 2587 gloriaris
1514 2515 1671 2585 quasi
1741 2529 1846 2569 non
1913 2502 2223 2582 acceperis?
2259 2527 2279 2560 ι
2312 2507 2450 2574 Quin
2516 2516 2572 2561 et
2614 2505 2922 2561 Graecorum
2956 2504 3075 2572 filii,
3112 2504 3400 2572 alumnivc,
3439 2505 3562 2560 aliis

308 2625 443 2682 qua}
491 2610 575 2664 his
624 2608 893 2664 contraria
943 2616 1069 2663 sunt
1114 2606 1406 2673 neglectis,
1457 2606 1654 2661 similia
1702 2605 2034 2660 edixerunt:

319 2732 522 2787 Πάντα
540 2731 656 2799 μὲν
682 2728 993 2787 ἀθανάτοιο
1034 2728 1180 2799 Θεοῦ
1211 2726 1634 2799 πανυπέρτατιξ
1654 2724 1829 2793 δῶρα,

323 2796 622 2871 Ἕξοχιίὸ
649 2800 720 2853 ἐν
732 2801 1094 2869 μερόπεσσιν
1129 2798 1404 2864 ἀληθείης
1443 2796 1572 2866 μέγ’
1602 2797 1820 2862 ὄνειαρ.

382 2951 454 3003 Εἰ
473 2949 826 3020 δὲτολμηρῶς
849 2950 943 3002 καὶ
961 2950 1040 3012 είς
1056 2949 1155 3019 τὴν
1178 2948 1560 3020 ἀκατάληπτον
1583 2947 1745 3002 αὐτοῦ
1771 2946 1886 3001 θεός

2005 2721 2194 2777 Omnia
2222 2720 2427 2790 quidem
2460 2716 2781 2790 immortalis
2820 2716 2913 2790 Dei
2944 2731 3184 2790 supremo
3209 2717 3384 2782 dona;

2002 2787 2279 2862 Prwcipue
2332 2805 2449 2844 vero
2520 2791 2658 2842 inter
2704 2788 2935 2840 homines
2977 2787 3433 2926 affini-jflmagﬁf;
3480 2795 3559 2841 est

3093 2867 3164 2908 uti
3189 2872 3205 2908 ι
3233 2873 3290 2909 as
3435 2895 3453 2912 .

3093 2867 3290 2909 uulua:
3318 2867 3453 2912 (91).

2068 2949 2218 3017 Quod
2245 2950 2288 3005 si
2317 2948 2481 3004 etiam
2530 2947 2595 3002 de
2646 2942 3175 3013 incomprehensibili
3220 2944 3418 2999 Christi
3452 2944 3562 2999 dei-

314 3058 458 3112 τητα
495 3040 791 3111 ἐκληπτέον
820 3041 881 3092 τὸ
899 3078 914 3104 ,
955 3058 974 3092 ι
1000 3039 1349 3111 Πρωτότοκος
1380 3040 1559 3110 πάσης
1591 3038 1839 3101 κτίσεως,
1865 3057 1884 3090 ι

1997 3050 2103 3097 tate
2132 3045 2388 3096 audacter
2429 3038 2698 3109 explicare
2727 3036 2860 3091 velis
2897 3035 3105 3104 objecta
3135 3037 3317 3101 verba,
3344 3036 3417 3091 ita
3448 3037 3561 3093 fere

311 3130 538 3205 νοηθείη
577 3131 645 3185 ἂν
702 3129 843 3183 οὕτω
887 3143 1004 3192 πως
1048 3128 1422 3199 κεκλῆσθαι,ἢ
1464 3128 1539 3191 ὡς
1577 3128 1682 3199 πρὸ
1708 3128 1890 3199 πάσης

319 3220 544 3290 κτιστῆς
566 3219 703 3292 [166
726 3217 779 3291 α]
830 3219 1137 3289 γεννήσεως
1167 3217 1522 3288 γεννηθεὶς,ἢ
1572 3217 1647 3280 ὡς
1677 3218 1892 3288 πρῶτος

318 3311 416 3367 καὶ
446 3311 604 3382 μόνος
639 3310 769 3373 Υἱὸς
796 3310 972 3378 Λόγος
1008 3308 1392 3379 παρακομίσας
1425 3307 1518 3360 καὶ
1555 3306 1891 3377 τεκτηνάμεο

319 3420 409 3467 νος
426 3405 490 3455 ἐκ
520 3401 595 3473 μὴ
615 3400 783 3454 ὗντων
803 3401 984 3454 πᾶσαν
1012 3398 1424 3472 προηγουμένην
1445 3398 1671 3460 κτίσεως
1693 3397 1887 3466 κτίσιν,

314 3492 416 3545 καὶ
440 3493 608 3555 αίτιος
631 3492 811 3562 πάσης
837 3492 934 3556 ὢν,
963 3486 1080 3544 εἶτα
1099 3490 1194 3545 καὶ
1217 3490 1291 3555 ὡς
1314 3488 1560 3562 θεμέλιος
1582 3491 1759 3562 φέρων
1795 3493 1891 3545 αὺ-

311 3583 420 3654 τὴν
443 3581 523 3653 τῷ
546 3582 749 3653 ῥήματι
779 3582 879 3654 τῆς
904 3581 1188 3653 δυνάμεως
1223 3579 1411 3649 αὐτοῦ,
1440 3582 1580 3635 κατὰ
1616 3583 1706 3635 τὸν
1752 3582 1889 3653 ψάλ-

316 3674 514 3726 λεοντα⁸
553 3691 571 3725 ι
596 3673 778 3727 Πάντα
805 3675 863 3726 ἐν
894 3673 1057 3745 σοφία
1089 3674 1350 3744 ἐποίησας
1369 3691 1384 3705 σ
1409 3693 1427 3726 ι
1463 3674 1559 3728 καὶ
1607 3674 1749 3728 κατὰ
1791 3673 1890 3746 τὴν

321 3765 629 3839 Παροιμίαν
671 3766 981 3837 Σολομῶνος
1031 3765 1295 3834 λέγουσαν
1316 3782 1331 3797 ·
1368 3784 1387 3817 ‹
1429 3766 1487 3821 '0
1539 3767 1671 3831 Θεὸς
1720 3769 1777 3820 ἐν
1820 3771 1886 3839 τῇ

322 3859 486 3931 σοφίᾳ
548 3858 875 3929 ἐθεμελίωσε
918 3858 1018 3928 τὴν
1062 3857 1188 3927 γῆν,
1215 3857 1511 3928 ἡτοίμασεν
1541 3858 1596 3910 δὲ
1628 3858 1889 3930 οὐρανοὺς

319 3953 379 4004 ἐν
403 3951 683 4021 φρονήσει.
710 3969 728 4001 ι
782 3950 892 4004 Καὶ
924 3949 1058 4002 αὐτὸ
1095 3948 1152 4002 δὲ
1184 3947 1343 4001 τοῦτο
1376 3948 1550 4020 κρίνει
1580 3950 1640 4002 τὸ
1678 3950 1892 4022 προκεί-

323 4057 481 4112 μενον
536 4040 703 4111 μέρος
753 4040 853 4109 τῆς
893 4038 1213 4110 Ἐπιστολῆς
1234 4079 1249 4105 ,
1299 4038 1421 4109 ἔχον
1442 4057 1457 4071 ο
1493 4059 1512 4091 ι
1541 4041 1891 4111 Πρωτότοκος

316 4132 499 4202 πάσης
529 4131 783 4195 κτίσεως,
806 4131 886 4183 ὅτι
916 4132 974 4182 ἐν
1005 4129 1153 4201 αὑτῷ
1181 4130 1399 4200 ἐκτίσθη
1418 4131 1484 4184 τὰ
1510 4133 1738 4199 ﬁdum,»
1774 4132 1886 4195 καὶ,

323 4242 343 4275 ι
376 4223 459 4277 Τὰ
501 4223 679 4276 πάντα.
726 4221 794 4274 δι’
825 4220 990 4275 αὐτοῦ
1026 4221 1119 4274 καὶ
1139 4222 1218 4284 εἰς
1275 4222 1435 4274 αὐτὸν
1490 4222 1758 4275 ἔκτισται·
1796 4223 1890 4275 καὶ

1995 3134 2304 3203 accipienda
2331 3138 2510 3194 erunt,
2547 3138 2604 3183 ut
2631 3138 2849 3183 vocatus
2870 3128 2937 3182 sit
2963 3126 3353 3197 primogenitus
3379 3130 3558 3185 omnis

1991 3231 2254 3275 creatura:
2288 3228 2382 3272 aut
2410 3219 2535 3287 quia
2573 3217 2787 3286 genitus
2819 3226 2902 3270 est
2953 3223 3079 3270 ante
3123 3217 3367 3286 quamvis
3409 3233 3560 3274 crea-

1993 3321 2101 3365 tam
2133 3311 2574 3380 generationem;
2632 3318 2727 3361 aut
2760 3307 2883 3374 quia
2932 3317 3016 3363 est
3061 3312 3266 3377 primus
3310 3318 3364 3363 et
3412 3310 3558 3366 solus

1990 3401 2161 3460 Filius
2194 3400 2453 3469 Verbum,
2487 3405 2578 3473 qui
2620 3420 2687 3459 ex
2727 3399 2894 3458 nihilo
2939 3414 3317 3468 Quamcunque
3347 3410 3558 3456 creatu-

1992 3509 2107 3549 ram
2134 3503 2381 3550 creatura
2406 3497 2597 3564 quavis
2620 3496 2947 3551 anteriorem
2990 3492 3266 3567 produxit,
3302 3507 3366 3547 ac
3393 3493 3556 3548 veluti

1993 3584 2299 3648 fabricavit,
2330 3585 2678 3653 omniumque
2716 3600 2898 3640 rerum
2937 3595 3100 3642 causa
3123 3590 3237 3644 θείς
3275 3589 3367 3635 aut
3393 3582 3555 3635 tiliam

1990 3675 2114 3743 quia
2140 3674 2252 3743 ipse
2268 3682 2351 3729 est
2382 3673 2790 3728 fundamentum
2813 3691 2834 3725 ι
2857 3676 3033 3730 omnia
3060 3679 3280 3746 portans
3306 3669 3416 3739 (92)
3438 3685 3557 3726 ver-

1989 3765 2059 3819 bo
2094 3765 2309 3819 virtutis
2356 3764 2467 3834 (seu
2523 3764 2799 3834 potentias)
2851 3779 2980 3829 sum,
3034 3784 3053 3818 ι
3115 3764 3270 3834 juxta
3317 3758 3554 3822 Psaltetn

1988 3855 2145 3927 351
2179 3857 2268 3925 qui
2300 3857 2376 3910 ait
2409 3875 2423 3910 :
2477 3875 2497 3908 ι
2529 3855 2720 3911 Omnia
2752 3855 2861 3928 (95)
2892 3855 2944 3909 in
2981 3856 3254 3926 Sapientia
3284 3857 3487 3927 fecisti;
3525 3880 3547 3916 ι

1990 3958 2045 4003 ει
2067 3949 2220 4016 juxta
2253 3948 2604 4003 Proverbium
2643 3948 2947 4004 Salomonis
2977 3949 3268 4017 iuqnientis
3299 3968 3315 4007 :
3360 3972 3378 4005 ι
3414 3953 3555 4011 Deus

1988 4038 2042 4093 in
2074 4040 2349 4110 Sapientia
2403 4040 2515 4111 (94)
2562 4039 2806 4094 fundavit
2844 4049 3082 4106 terram;
3134 4043 3341 4110 paravit
3373 4053 3552 4100 autem

1989 4131 2160 4186 caelos
2184 4132 2235 4185 in
2262 4132 2565 4200 prudentia.
2601 4150 2620 4184 ι
2658 4130 2780 4185 lltee
2804 4132 2917 4200 ipsa
2950 4133 3239 4199 explicatio
3267 4135 3553 4190 confirma-

1992 4230 2078 4275 tur
2104 4223 2267 4277 etiam
2302 4220 2465 4276 allato
2505 4220 2756 4289 Epistulae
2799 4221 3118 4292 fragmento,
3149 4222 3291 4292 quod
3341 4225 3500 4278 habet
3530 4242 3548 4281 :

310 4313 479 4377 αὐτὸς
525 4313 639 4366 ἐστι
690 4312 797 4385 πρὸ
834 4313 1070 4376 πάντων,
1117 4313 1211 4366 καὶ
1263 4311 1331 4366 τὰ
1399 4314 1574 4367 πάντα
1631 4315 1688 4367 ἐν
1739 4313 1887 4385 αὐτῷ

1997 4332 2014 4364 ι
2053 4312 2452 4381 Primogenitus
2492 4314 2669 4366 omnis
2718 4325 2998 4380 creaturae,
3029 4316 3279 4383 quoniam
3338 4316 3389 4369 in
3433 4316 3551 4385 ipso

308 4403 666 4475 συνέστηκεν.
697 4422 716 4456 ι
777 4404 886 4456 Καὶ
939 4402 1025 4456 διὰ
1082 4401 1241 4455 τοῦτο
1299 4402 1395 4457 καὶ
1456 4403 1615 4474 μόνον
1690 4403 1876 4474 φησὶν,

1997 4406 2203 4462 condita
2236 4414 2363 4460 sunt
2414 4405 2593 4461 omnia
2630 4423 2643 4458 :
2686 4423 2706 4456 ›
2760 4414 2835 4472 et,
2879 4422 2898 4457 ι
2934 4405 3120 4466 Omnia
3157 4421 3253 4477 per
3279 4407 3470 4477 ipsum,
3495 4419 3551 4464 et

313 4657 407 4713 nis
427 4674 453 4708 ν»
483 4655 691 4709 titulum
705 4670 762 4709 et
792 4652 1115 4715 tribuerunt,
1143 4650 1195 4704 ni
1228 4648 1405 4705 fallor.
1434 4648 1489 4702 In
1515 4648 1700 4716 paucis
1729 4649 1877 4704 hisce

323 4726 637 4781 numerandi
713 4733 837 4779 sunt
900 4721 1251 4789 Epiphanius,
1318 4728 1478 4787 atque
1525 4718 1873 4789 Athanasius.

318 4794 533 4849 Primus
556 4794 770 4863 quidem
804 4808 927 4847 cum
952 4788 1142 4863 hmresi
1178 4804 1410 4863 Lxxxul,
1431 4796 1549 4863 _Ium
1589 4788 1640 4841 in
1670 4788 1879 4863 Anc/io-

1985 4654 2212 4721 terpres,
2253 4659 2306 4704 et
2337 4652 2506 4706 codex
2535 4647 2929 4705 Alexandrinus
2949 4651 3132 4705 omisit
3175 4666 3293 4707 eam
3336 4668 3546 4721 vocem,

1978 4726 2037 4770 ut
2058 4718 2349 4789 Didymus.

2588 4790 2749 4862 editio
2776 4790 3017 4862 ς’ῼσπερ
3038 4790 3165 4861 γάρ.
3192 4791 3241 4844 id
3261 4762 3361 4857 est,
3396 4810 3415 4843 ‹
3439 4795 3547 4849 sic-

321 4874 437 4918 rato
467 4855 589 4932 pag:
613 4863 679 4917 i9
722 4864 934 4917 beatam
964 4860 1184 4913 Mariam
1215 4873 1279 4932 eo
1326 4857 1480 4932 titulo
1507 4865 1692 4932 vocat;
1744 4855 1879 4910 alter
1973 4855 2266 4932 ιιιέιῖίιη,η
2297 4877 2316 4910 ι
2362 4858 2552 4932 Vocem
2580 4861 2696 4932 γάρ
2732 4877 2798 4915 ηε
2849 4855 3355 4932 Υιιιεὶιιὶιέιιυίᾱειιι
3383 4865 3549 4917 inter-

320 4949 449 5003 v'ero
468 4924 524 4987 in
538 4924 895 5003 ‘Fragmeutis
909 4929 1360 5003 commep_tario_r_u
1369 4943 1428 5003 m_
1445 4929 1500 4980 in
1516 4924 1720 5003 _Lucqm
1746 4934 1875 5003 tom_.

319 5002 363 5056 ΙΙ
397 5018 548 5058 novae
584 4995 930 5058 Collectionis
954 5013 1074 5067 pag.
1108 4998 1198 5063 45,
1249 4996 1337 5067 ubi
1388 4997 1465 5050 sic
1502 4995 1750 5067 loquitur
1777 5010 1807 5067 :_
1841 4998 1875 5067 ή

317 5072 647 5143 Κυριοτόκος
678 5068 887 5143 Μαρία,
916 5065 1555 5143 καὶ-Ἀειπαρθένος,ωἰςι
1601 5072 1755 5143 est“:
1784 5065 1885 5119 Do-

318 5133 586 5210 miuipara
622 5133 809 5203 Mariti,
838 5150 891 5193 et
919 5133 1338 5210 Sempervirgo.
1371 5158 1394 5188 ι
1446 5134 1573 5188 Vide
1612 5133 1884 5210 etAlfepo-

316 5203 472 5265 rium'
492 5213 633 5280 apud
657 5211 971 5280 Cassianum
1001 5203 1074 5280 lib
1100 5222 1115 5259 ι
1150 5206 1455 5280 Dejncarn.
1492 5218 1613 5273 pag.
1638 5203 1767 5280 695.

390 5280 499 5352 (85)
527 5273 786 5352 Epistola.
813 5278 1014 5352 Codett,
1042 5273 1480 5352 ἐπιστολημαίων
1540 5288 1637 5342 pro
1670 5274 1884 5352 ἐπιστρ-

312 5343 582 5421 λιμαίων.’
605 5350 678 5404 ita
707 5358 762 5404 et
791 5348 930 5421 apud
964 5345 1232 5421 Pollucem
1276 5345 1371 5421 lib.
1428 5357 1479 5397 v1
1531 5357 1720 5421 segm._
1753 5343 1881 5421 198,

317 5412 407 5474 ubi
444 5420 635 5490 legitur
662 5412 1083 5490 ἐπιστολιμαὶξος,
1118 5412 1356 5490 nonnulli
1407 5425 1539 5466 vero
1584 5413 1879 5490 conjiciunt

314 5481 598 5558 iegendvum
655 5481 1574 5558 ameeokt'pqi’og,_Jungermannus
1620 5491 1795 5536 monet
1820 5481 1874 5536 in

312 5556 501 5631 Codice
528 5576 627 5631 ms.
653 5560 752 5626 legi
780 5556 1349 5631 ἐπιστολημαῖοςΑςυῃ
1377 5567 1434 5619 η.

387 5628 497 5698 (86)
532 5619 792 5683 Christus.
851 5627 868 5679 Ι
908 5619 1053 5698 Co]:
1074 5640 1161 5689 xv,
1189 5619 1377 5698 26:2}.

386 5688 498 5769 (87)
530 5699 932 5752 Dormientium.
960 5694 1172 5769 Grmca_
1202 5690 1372 5769 edi-tiu
1419 5689 1507 5769 hic
1560 5688 1707 5742 addit
1753 5688 1875 5769 ἐγέ-

313 5756 456 5836 νετο,
480 5756 543 5825 ’ἱά
573 5779 655 5824 est
692 5785 711 5822 ι
743 5768 911 5822 factus
949 5775 1050 5821 est.
1080 5780 1100 5814 ι
1141 5762 1246 5817 Sed
1274 5756 1532 5828 Vulgatus
1556 5772 1766 5829 quoque
1789 5756 1874 5815 in-

1982 4936 2097 4996 pres
2135 4926 2286 4996 legit;
2321 4931 2482 4982 vertit
2508 4926 2707 4983 eniin'r
2740 4939 2794 4983 et
2823 4926 2986 4984 sicut:
3022 4949 3041 4981 ι

2047 4994 2160 5065 (89)
2192 4994 2337 5061 Quid
2364 5008 2558 5051 autem.
2598 4998 2616 5051 Ι
2654 4998 2781 5053 Cor.
2822 5014 2894 5063 Iv,
2927 5001 2979 5053 7.

2054 5064 2164 5136 (90)
2196 5066 2257 5136 Si
2286 5079 2457 5120 autem
2496 5070 2758 5135 accepisti.
2787 5068 2971 5123 Grmca
3006 5068 3204 5136 editio:
3245 5069 3307 5121 EE
3349 5068 3405 5123 δὲ
3451 5071 3549 5126 καὶ

1980 5131 2187 5198 ἔλαϐες.
2222 5135 2293 5188 At
2324 5136 2566 5208 Voculam
2605 5131 2699 5190 καί
2734 5138 2916 5192 omisit
2954 5138 3115 5208 etiam
3140 5207 3145 5208 γ
3170 5135 3427 5208 Vulgatus
3469 5143 3548 5195 in-

1984 5207 2609 5277 ter‘presLettheologus
2641 5218 2826 5277 noster
2858 5221 3028 5277 segm.
3067 5207 3167 5260 H7
3199 5223 3249 5260 α.

2051 5273 2165 5344 (9i)
2197 5271 2436 5348 Utilitas.
2468 5271 2894 5348 Gudemoveiap.
2922 5271 3073 5348 Lego
3124 5277 3329 5348 ὃνειαρ.
3356 5274 3546 5330 Hesio-

1981 5345 2100 5416 dus_
2133 5342 2373 5416 _‘quoque
2408 5347 2458 5397 in
2522 5342 2778 5413 Operibus
2807 5342 2870 5399 ac
2904 5342 3086 5400 dish—us
3126 5342 3339 5401 versf‘
3388 5348 3544 5416 dixit,

1983 5413 2103 5484 μὲγξ
2120 5411 2331 5484 Δὄνειαρ.

2056 5481 2167 5552 (92)
2204 5480 2393 5552 Omnia
2430 5486 2665 5552 ‘portans.
2704 5482 2865 5537 Hebr.
2893 5499 2934 5545 ι,
2962 5484 3016 5537 3.

2207 5551 2437 5623 Qmm’a.
2459 5552 2598 5623 Rsal.
2630 5566 2746 5617 cm,
2770 5553 2839 5606 25
2870 5555 2981 5622 (seu
3010 5552 3123 5623 24).

2052 5620 2181 5692 (94)
2206 5622 2349 5692 Deus
2384 5622 2437 5673 in
2472 5622 2763 5692 δηρξαιίὶη.
2798 5620 2951 5692 [’rbv.
2983 5637 3062 5689 Ill,
3084 5620 3181 5676 ⁷19.
3228 5620 3426 5679 Vocula
3462 5625 3544 5692 ἐν,

1981 5689 2096 5813 ls)iav'e
2122 5691 2246 5813 si
2271 5708 2291 5741 ι
2319 5689 2470 5747 deest
2495 5690 2547 5746 in
2573 5689 2776 5747 Bibliis.
2806 5690 3061 5763 Didymus
3083 5694 3195 5763 ipse
3219 5707 3336 5750 eam
3362 5689 3545 5765 omisit

2050 5775 2101 5813 α.
2237 5798 2251 5813 .
2548 5804 2551 5808 ,
2774 5798 2778 5802 .

1982 5772 2101 5830 pag.
2132 5772 2251 5813 124.
2548 5804 2551 5808 _
2774 5798 2778 5802 .
