4112 6462
552 371 657 426 8'55

1830 358 2068 415 DIDYMI
2099 355 2566 413 ALEXANDRINI

3708 357 3827 412 836

550 492 604 545 in
630 490 937 558 ipsocreata
964 490 1115 548 sunt,
1141 481 1328 552 etipse
1347 487 1431 534 est
1459 487 1587 534 ante
1610 478 1819 546 omnia,
1848 486 1903 532 et
1931 483 2122 533 omnia

2254 474 2631 546 ;Πρωτότοκος
2664 470 2843 542 πάσης
2878 469 3129 534 κτίσεως,
3156 486 3174 521 t
3205 469 3287 523 ὅτι
3314 471 3373 524 ὲν
3410 470 3563 542 αὺτῷ
3588 472 3827 547 ἐκτίσθη

550 584 607 638 in
650 582 769 644 ipso
804 584 1073 632 constant.
1114 593 1132 626 ι
1166 573 1342 641 Atque
1373 572 1442 627 ob
1478 570 1821 626 hanc-solum
1853 570 2119 624 rationem

551 674 649 738 ait,
682 691 699 723 ι
732 669 1130 738 Primogenitus
1158 665 1336 720 omnis
1357 672 1644 730 creaturae,
1670 664 1752 716 ὅτι
1780 662 1855 732 (id
1878 670 1959 716 est
1986 676 2125 731 quo-

555 763 719 835 Itium)
756 765 808 816 in
846 763 963 829 ipso
1015 768 1197 813 creata
1238 765 1364 809 sunt
1419 755 1624 821 omnia,
1685 754 1728 808 si
1766 767 1867 806 vox
1911 753 1993 806 ὅτι
2031 766 2127 820 pro

553 828 710 919 διότι,
744 854 849 906 hoc
866 828 964 905 est
991 848 1134 917 quia,
1167 844 1587 914 ουιμγοὲπειδή,
1610 844 1661 898 id
1695 852 1777 898 est
1802 844 2131 913 quandoqui—
2165 828 2188 859 ·’

554 950 694 1007 dem,
732 960 864 999 sano
901 956 1061 995 sensu
1121 937 1494 1005 intelligatur:
1530 949 1629 989 nec
1659 936 1803 989 enim
1846 937 2131 988 exsisteret

558 1051 740 1091 rerum
775 1030 1118 1093 universitas,
1151 1042 1248 1080 nec
1287 1026 1453 1078 illaesa
1499 1032 1762 1087 maneret,
1792 1022 1891 1076 nisi
1949 1023 2128 1076 basem

560 1124 675 1197 (95)
713 1138 774 1177 ac
823 1120 1228 1173 fundamentum
1264 1117 1487 1170 haberet
1537 1113 1888 1177 Conditorem
1933 1112 2131 1167 Filium

561 1218 656 1272 Dei
685 1217 938 1278 Verbum,
985 1220 1039 1264 et
1088 1211 1141 1263 in
1199 1209 1317 1279 ipso
1374 1208 1717 1261 inniteretur.
1775 1205 1981 1261 Idcirco
2027 1219 2132 1259 non

563 1306 722 1371 dixit,
756 1304 1171 1372 primocreatus,
1198 1297 1292 1352 sed
1326 1314 1345 1347 ι
1380 1296 1791 1366 primogenitus,
1823 1313 1842 1347 ι
1881 1310 1980 1349 nec
2011 1295 2088 1349 ait
2118 1311 2131 1348 :

563 1396 683 1468 Ipse
718 1396 891 1449 factus
936 1401 1017 1446 est
1047 1399 1171 1444 ante
1224 1389 1427 1453 omnia,
1472 1389 1587 1451 sed,
1642 1405 1662 1439 ι
1698 1387 1813 1457 Ipse
1865 1396 1949 1441 est
2009 1395 2137 1441 ante

565 1488 773 1551 omnia,
804 1504 823 1537 ι
863 1484 914 1538 id
957 1492 1060 1548 est,
1090 1483 1157 1535 ab
1183 1493 1406 1534 αξιοι-κιο.
1465 1479 1599 1532 Nam
1632 1479 1684 1532 in
1723 1489 1914 1533 natura
1942 1477 2137 1532 incll‘a-

565 1576 659 1633 bili
688 1552 847 1629 dmne
891 1583 1100 1640 tempus
1126 1578 1211 1623 est
1240 1569 1470 1633 instans,
1505 1577 1559 1620 et
1590 1567 1643 1619 in
1680 1565 1930 1634 praesenti
1962 1568 2137 1628 adest,

564 1682 740 1736 neque
773 1666 827 1719 in
880 1663 968 1716 illa
1016 1661 1347 1731 praeteritum
1377 1668 1460 1712 est
1492 1658 1808 1727 quidquam,
1841 1672 1940 1711 nec
1990 1656 2133 1710 futu-

564 1776 719 1825 rum;
784 1758 878 1812 sed
925 1756 976 1809 in
1023 1769 1129 1808 uno
1200 1761 1443 1821 tempore
1499 1748 1896 1817 quodammodo
1944 1748 2142 1816 degunt

2230 568 2299 622 τὰ
2334 567 2541 631 πάντα,
2590 565 2728 636 τῆς,
2776 562 2895 628 ὅτι,
2941 561 3138 628 λέξεως
3179 563 3300 616 ἀντὶ
3357 563 3483 635 τῆς,
3533 564 3707 629 διότι,
3743 566 3784 638 ἢ
3811 608 3827 630 ,

2232 659 2456 728 ἐπειδὴ,
2499 655 2667 725 ὑγιῶς
2714 655 3042 725 νοουμένης’
3086 653 3147 706 οὐ
3193 653 3303 723 γὰρ
3349 653 3417 707 ἂν
3464 655 3736 727 ὑπῆρχεν,
3786 658 3824 732 ἢ

2232 751 2499 821 διέμεινεν
2545 746 2777 819 ἀϐλαϐῆ,
2809 748 2858 800 εί
2936 745 3011 817 μὴ
3064 744 3222 814 βάσιν
3275 744 3368 797 xal.
3419 748 3666 816 κρηπῖδα
3709 744 3832 820 εἶχε

2210 836 2325 895 ’τὸν
2351 838 2739 911 δημιουργικὸν
2781 836 2873 890 τὸν
2913 836 3009 888 τοῦ
3043 835 3178 888 Θεοῦ
3215 836 3342 889 Υἱδν
3374 837 3568 905 Λόγον,
3615 839 3713 892 καὶ
3744 840 3832 904 εις

2235 934 2399 986 αὐτὸν
2444 931 2790 1002 ἀπηρείδετο.
2837 928 2928 980 Διὸ
2967 928 3065 981 οὐκ
3102 923 3279 993 εἶπεν,
3325 927 3472 994 οὔτε,
3516 931 3833 1001 πρωτόκτι-

2241 1042 2383 1088 στος,
2411 1024 2565 1088 ἀλλὰ,
2601 1043 2619 1075 ι
2649 1025 3047 1095 πρωτότοκος,ι
3086 1021 3225 1083 οὐδὲ,
3255 1021 3428 1084 Αὐτὸς
3467 1022 3688 1089 ἐγένετο
3719 1023 3832 1094 πρὸ

2240 1118 2477 1180 πάντων,
2532 1114 2672 1179 ἀλλ’,
2718 1133 2736 1166 ι
2767 1115 2939 1178 Αὐτὸς
2995 1112 3111 1165 ἐστι
3164 1111 3270 1182 πρὸ
3337 1111 3579 1175 πάντων,
3610 1131 3629 1163 ι
3680 1112 3831 1166 τοῦτ’

2241 1207 2387 1260 ἔστιν
2417 1206 2689 1276 ἀνάρχως.
2730 1206 2852 1258 Ἐπὶ
2887 1203 2996 1275 γὰρ
3036 1203 3134 1272 τῆς
3168 1203 3409 1273 ἀρρήτου
3445 1201 3668 1269 φύσεως
3718 1203 3835 1266 πᾶς

2241 1298 2429 1370 χρόνος
2461 1297 2750 1367 ἐνέστηκεν
2789 1296 2881 1349 καὶ
2923 1297 2980 1348 ὲν
3022 1294 3101 1364 τῷ
3134 1293 3228 1347 νῦν
3264 1293 3518 1364 πάρεστι,
3558 1294 3656 1348 καὶ
3701 1293 3836 1347 οὔτε

2243 1392 2519 1466 παρῆλθεν
2564 1411 2617 1445 τι
2652 1394 2709 1444 ὲν
2743 1392 2903 1460 αὐτῇ,
2951 1388 3076 1443 οὔτε
3126 1389 3330 1458 μέλλει,
3366 1387 3480 1440 ἀλλ’
3521 1389 3579 1440 ὲν
3630 1387 3712 1458 τῷ
3749 1388 3835 1440 ἑνὶ

2245 1486 2421 1558 χρόνῳ
2448 1484 2682 1537 διατελεῖ
2710 1499 2826 1545 πως
2854 1481 3021 1545 ἀΐδια,
3056 1480 3132 1543 ὡς
3161 1479 3387 1534 Πλάτων
3422 1479 3480 1531 ἐν
3504 1479 3580 1549 τῷ
3614 1480 3836 1549 Τιμαίῳ

2246 1579 2438 1647 φησίνο
2477 1596 2496 1629 ‹
2521 1576 2683 1629 Ὅθεν
2726 1575 2791 1646 δὴ
2826 1575 2947 1628 οὐδὲ
2980 1572 3157 1645 ὀρθῶς
3184 1573 3277 1626 ἐπὶ
3310 1574 3409 1643 τῆς
3444 1574 3686 1645 ἀρρήτου
3721 1572 3832 1643 φύ-

2248 1688 2385 1734 σεως
2421 1669 2780 1739 ὀνομάζομεν.
2829 1666 3079 1736 Αέγομεν
3121 1664 3231 1735 γὰρ
3272 1664 3359 1734 δὴ,
3405 1664 3483 1727 ὡς
3506 1661 3606 1733 ἦν,
3655 1666 3838 1720 ἐστιν

2247 1762 2343 1816 καὶ
2382 1738 2583 1815 ἔσται’
2626 1761 2694 1830 τῇ
2750 1738 2811 1810 ἃ
2859 1757 2919 1810 τὸ
2950 1757 3082 1810 ἐστι
3131 1757 3288 1827 μόνον
3322 1756 3465 1809 κατὰ
3510 1757 3601 1810 τὸν
3648 1757 3831 1829 ἀληθῆ

564 1868 687 1922 quae
717 1860 919 1904 mterna
951 1856 1113 1913 sunt;
1168 1845 1310 1899 sicut
1346 1844 1422 1896 ait
1455 1841 1611 1895 Plato
1642 1841 1692 1894 in
1741 1839 1927 1894 I‘ima’O
1979 1838 2090 1911 (96)
2122 1854 2136 1891 :

2254 1854 2402 1921 λόγον
2451 1851 2748 1922 προσήκει·
2784 1848 2845 1901 τὸ
2891 1847 2950 1901 δὲ
2998 1843 3079 1917 ἦν
3111 1846 3172 1899 τό
3222 1864 3284 1899 τε
3325 1846 3517 1908 ἔσται,
3545 1846 3688 1900 κατὰ
3737 1847 3831 1902 τὸν

572 1963 591 1996 ι
632 1944 817 2012 Itaque
848 1955 917 1995 ne
947 1949 1093 1994 recte
1121 1937 1361 2006 quidem,
1400 1949 1526 1988 cum
1567 1934 1631 1986 de
1664 1930 1917 1986 ineliabili
1955 1941 2141 1985 natura

565 2036 865 2105 loquimur,
898 2042 1110 2100 tempus
1135 2028 1502 2081 nominamus.
1528 2024 1770 2079 Dicimus
1798 2024 1964 2090 enim,
1991 2023 2142 2088 Erat,

566 2138 679 2191 cst,
718 2137 772 2179 et
803 2126 924 2178 erit.
956 2124 1025 2176 At
1051 2120 1100 2175 ei
1130 2135 1316 2174 revera
1340 2119 1592 2173 convenit
1619 2119 1816 2184 solum,
1840 2128 1953 2183 est;
1982 2118 2146 2172 verba

566 2230 697 2268 vero
746 2213 855 2283 (97)
908 2220 1043 2277 erat,
1090 2219 1145 2264 et
1178 2210 1297 2274 erit,
1347 2209 1414 2262 ad
1459 2208 1845 2277 designandum
1898 2215 2143 2277 tempus,

571 2309 713 2377 quod
773 2309 826 2361 in
871 2316 1061 2359 natura
1117 2313 1219 2369 est,
1276 2302 1581 2357 adhibenda
1642 2313 1803 2371 sunt;
1871 2310 1953 2356 est
2004 2304 2145 2357 enim

573 2401 762 2455 motio.
793 2399 945 2465 Quod
975 2407 1153 2452 autem
1203 2410 1419 2464 semper
1448 2397 1637 2450 eodem
1673 2398 1832 2451 modo
1861 2397 2150 2457 immobili-

573 2501 656 2546 ter
680 2508 739 2546 se
770 2484 951 2552 habet,
1000 2503 1100 2544 nec
1125 2488 1412 2549 vetustius,
1450 2501 1551 2542 nec
1580 2488 1854 2542 recentius
1893 2491 2150 2544 convenit

2244 1941 2303 1992 ἐν
2357 1938 2517 2007 φύσει
2581 1937 2771 2007 χρόνον
2840 1935 3041 2005 πρέπει
3097 1934 3390 2003 λέγεσθαι·
3441 1936 3657 2007 κίνησις
3718 1937 3832 2008 γάρ

2247 2032 2393 2083 ἐστιν
2418 2046 2431 2059 ·
2480 2028 2543 2081 τὸ
2568 2028 2625 2081 δὲ
2670 2029 2755 2081 ἀεὶ
2797 2025 2938 2080 κατὰ
2987 2024 3159 2079 ταυτα
3193 2025 3315 2096 ἔχον
3358 2027 3658 2098 ἀκινήτως,
3702 2027 3830 2081 οὔτε

2248 2121 2639 2194 πρεσϐύτερον,
2670 2117 2794 2171 οὔτε
2843 2117 3105 2190 νεώτερον
3144 2119 3410 2188 προσήκει
3456 2118 3703 2186 γίνεσθαι
3742 2119 3832 2174 διὰ

2249 2214 2459 2284 χρόνον,
2484 2211 2608 2265 οὕτε
2629 2230 2647 2262 ι
2670 2211 2950 2280 γεγονέναι
2975 2229 2994 2261 ι
3020 2209 3135 2274 νῦν,
3165 2208 3286 2263 οὔτε
3320 2206 3476 2273 αὖθις
3506 2228 3524 2260 ι
3544 2210 3785 2265 ἔσεσθαι.
3807 2229 3828 2265 ι

2253 2309 2375 2361 ’Ότι
2412 2308 2490 2373 δὲ,
2518 2304 2605 2371 ὡς’
2644 2306 2876 2376 ἔφαμεν,
2935 2307 2991 2359 ὲν
3025 2305 3102 2376 τῷ
3136 2304 3256 2375 Θεῷ
3296 2305 3366 2358 τὰ
3414 2306 3594 2359 πάντα
3630 2307 3722 2360 καὶ
3772 2307 3834 2374 ἐξ

2251 2397 2416 2453 αὐτοῦ
2460 2399 2719 2469 πέφηνεν,
2753 2397 2882 2470 [I66
2914 2395 2966 2468 b]
2998 2396 3404 2468 μαρτυροῦντες
3451 2398 3546 2451 καὶ
3573 2397 3840 2470 Ἕλληνες

2248 2489 2498 2564 ἔγραψαν
2528 2490 2703 2544 ταῦτα
2721 2505 2734 2519 ⁸

575 2583 688 2636 ﬁeri
724 2590 938 2650 propter
966 2591 1176 2647 tempus
1203 2578 1341 2651 (98),
1372 2593 1471 2633 nec
1500 2579 1664 2634 fuisse
1693 2595 1856 2643 nunc,
1889 2596 1992 2636 nec
2021 2597 2209 2639 rursus
2273 2585 2509 2637 tuturum
2563 2596 2701 2636 esse.
2734 2600 2753 2633 ›
2790 2579 2942 2647 Quod
2969 2593 3094 2632 vero
3135 2580 3337 2645 omnia,
3391 2590 3449 2633 ut
3486 2581 3739 2647 diximus,
3782 2581 3839 2635 in

572 2676 703 2743 Deo,
771 2684 825 2729 et
862 2690 928 2729 ex
981 2673 1092 2730 Deo
1125 2686 1224 2744 per
1274 2674 1601 2730 creationem
1651 2675 1986 2747 prodierint,
2027 2679 2260 2734 acveluti
2294 2678 2581 2742 cluxerint,
2633 2685 2897 2733 testantur
2920 2675 3085 2729 etiam
3136 2671 3330 2740 Graeci,
3385 2689 3504 2728 eum
3547 2676 3661 2730 haec
3701 2676 3846 2731 scri-

571 2770 708 2824 bunt
734 2788 748 2823 :

680 2860 805 2931 Ipse
845 2862 1069 2929 seipsum
1106 2861 1212 2931 agit
1244 2859 1386 2914 Deus
1418 2856 1735 2911 inmortalis
1773 2870 1790 2908 :
1829 2866 1956 2979 sua;
1982 2864 2157 2935 autem

1895 2945 1921 2977 η
1993 2940 2104 2979 ipso

1895 2940 1956 2977 ηο
1993 2940 2104 2977 ωεο

715 2927 724 2931 ’
924 2927 931 2929 “
1142 2927 1157 2931 ⁷
1895 2927 1956 2979 ab
1993 2927 2008 2977 ὖ

683 3000 895 3064 Omnia,
932 3009 977 3052 et
1021 3000 1075 3052 iu
1111 3000 1288 3068 magni
1324 2998 1423 3051 Dei
1477 3005 1647 3052 mente
1691 2998 1832 3051 edita
1869 2927 2044 3050 ῐιὶιιηι.ρ

654 3091 763 3146 Nec
792 3106 922 3145 vero
948 3091 1053 3144 dici
1097 3092 1319 3144 omnino
1352 3091 1531 3154 debet,
1564 3105 1687 3143 eum
1728 3089 1819 3157 qui
1852 3089 1921 3143 sit
1952 3086 2154 3156 primo-

2259 2855 2454 2919 Αὐτὸς
2499 2856 2717 2909 ἑαυτὸν
2757 2856 2884 2926 ἄγει
2926 2858 3070 2924 Θεὸς
3110 2859 3428 2928 ἄμϐροτος-ο
3475 2858 3605 2948 ἕσςι
3629 2860 3700 2949 ’δ’
3729 2840 3842 2942 (ἐπ’

3552 2946 3764 2984 τουτου

2256 2994 2493 3061 Πάντα,
2538 2997 2634 3050 καὶ
2677 2997 2748 3049 ἐν
2785 2997 3069 3067 μεγάλοιο
3112 2998 3257 3054 Θεοῦ
3314 3000 3432 3066 νόῳ
3467 2964 3839 3070 ἐξέφαάνθη.

2330 3086 2405 3139 Οὐ
2453 3087 2671 3153 πάντως
2707 3090 2763 3143 δὲ
2793 3092 2822 3143 ὁ
2868 3091 3214 3162 πρωτότοκος
3265 3092 3324 3145 οὺ
3362 3093 3674 3162 μονογενὴς,
3722 3095 3844 3148 ἀλλ’

584 3182 819 3252 genitus,
854 3196 962 3234 non
1006 3193 1127 3233 esse
1160 3180 1516 3245 unigenitum,
1555 3180 1648 3234 sed
1686 3176 1972 3246 aliquando
2021 3190 2152 3230 unus

2261 3178 2371 3233 ἔσθ’
2398 3181 2485 3234 ὅτε
2514 3181 2581 3234 τὰ
2626 3182 3008 3254 συναμφότερα
3033 3200 3046 3211 ·
3086 3186 3182 3236 καὶ
3211 3186 3240 3237 ό
3274 3185 3567 3256 μονογενὴς
3600 3185 3657 3237 δὲ
3702 3187 3845 3241 πάν-

582 3271 833 3339 idemque
880 3278 934 3323 et
995 3270 1383 3339 primogenitus
1436 3265 1671 3331 dicitur,
1721 3276 1776 3321 et
1822 3265 2152 3335 unigenitus.

581 3361 720 3426 Quin
757 3363 802 3415 is
836 3360 922 3430 qui
991 3362 1299 3428 unigenitns
1354 3370 1458 3428 est,
1505 3359 1667 3431 352
1743 3360 2002 3415 continuo
2075 3366 2158 3412 est

589 3454 752 3508 etiam
782 3453 1189 3521 primogenitns,
1230 3454 1329 3507 etsi
1364 3452 1567 3506 nullum
1606 3462 1727 3521 post
1758 3466 1817 3506 se
1848 3452 2044 3505 habeat
2075 3465 2159 3504 se-

581 3544 1020 3612 cundogeuitum,
1107 3554 1199 3598 aut
1267 3543 1693 3614 tertiogenitum,
1758 3552 1941 3611 utpote
2012 3541 2159 3595 solus

581 3632 813 3702 genitus,
844 3642 899 3687 et
927 3646 1121 3685 nomen
1164 3645 1229 3685 ex
1258 3648 1317 3686 re
1350 3633 1597 3701 adeptus.
1630 3633 1709 3685 Ac
1735 3644 1864 3684 sane
1896 3627 2160 3683 Jercmias

581 3734 796 3792 quoque
838 3735 903 3775 ex
959 3736 1188 3789 persona
1241 3720 1573 3775 sanctissimi
1619 3719 1854 3790 Spiritus
1885 3719 1959 3772 ait
1991 3736 2005 3773 :
2039 3735 2060 3770 ‹
2097 3714 2161 3769 Et

582 3813 837 3883 Ephraim
868 3811 977 3884 (99)
1011 3814 1397 3885 primogenitus
1446 3827 1618 3867 meus.
1657 3831 1674 3864 ι
1713 3813 1784 3867 At
1834 3826 1901 3866 ne
1944 3811 2161 3880 pmprio

582 3902 798 3973 quidem
868 3904 1005 3971 patri
1071 3913 1188 3956 erat
1238 3902 1489 3970 Ephraim
1548 3900 1962 3970 primogenitus.
2026 3898 2159 3953 Cum

583 4009 713 4062 ergo
747 3994 863 4063 ipse
894 3995 1094 4049 veritas
1127 3974 1228 4058 sit,
1255 4003 1310 4048 et
1356 3993 1613 4057 creatrix,
1646 4008 1710 4046 ac
1739 4006 1834 4059 per
1864 4006 1922 4045 se
1946 3990 2162 4058 sapiens

588 4086 888 4157 sapientia;
930 4101 1050 4157 qum
1081 4086 1148 4141 de
1182 4085 1274 4138 illo
1305 4085 1505 4153 scripta
1549 4093 1698 4147 sunt,
1745 4082 1899 4150 juxta
1943 4097 2159 4135 sensum

586 4178 695 4231 Deo
725 4177 942 4245 dignum
990 4187 1229 4245 accepta,
1257 4175 1389 4228 nihil
1427 4174 1545 4228 falsi
1587 4174 1786 4227 habere
1824 4173 2043 4226 debent.
2077 4171 2161 4228 Sit

593 4268 756 4337 igitur
782 4278 835 4323 et
869 4267 1283 4337 primogenitus,
1312 4274 1368 4320 et
1398 4265 1709 4334 unigenitus
1750 4283 1763 4320 :
1798 4264 1893 4319 sed
1923 4267 2095 4333 magis
2113 4266 2162 4319 ei

586 4360 837 4413 convenit
887 4367 1131 4428 respectu
1174 4358 1573 4412 lncarnationis
1605 4373 1704 4410 vox
1746 4357 2157 4426 primogenitus.

588 4448 702 4502 Nisi
738 4450 881 4502 enim
919 4451 989 4502 ob
1032 4448 1358 4503 iuell‘abilem
1402 4464 1527 4515 erga
1578 4447 1827 4501 homines
1863 4446 2166 4517 benignita-

590 4548 699 4593 tem
731 4538 969 4608 Spiritus
999 4549 1220 4593 sanctus
1252 4555 1349 4594 nos
1402 4548 1795 4607 regenerassct,
1827 4549 1880 4593 et
1921 4540 2058 4593 Deus
2102 4554 2167 4594 ac

589 4630 750 4685 Pater
782 4631 836 4685 in
872 4630 1012 4686 ﬁlios
1065 4631 1468 4700 assumpsisset,
1511 4640 1564 4685 et
1608 4630 1672 4697 is,
1707 4632 1771 4685 de
1813 4646 1919 4700 quo
1983 4646 2164 4686 sermo

589 4732 692 4790 est,
711 4723 1025 4793 unigenitus
1051 4723 1192 4777 Deus
1213 4724 1347 4777 citra
1369 4723 1747 4789 mutationem,
1768 4733 1820 4776 et
1844 4724 1961 4778 sine
1990 4723 2157 4790 ﬂuxu,

591 4814 663 4867 ita
692 4822 750 4867 ιιι
796 4814 914 4881 ipse
946 4815 1117 4878 novit,
1148 4822 1367 4883 propter
1400 4814 1679 4868 hominum
1712 4814 1939 4869 salutem
1996 4815 2165 4871 Filius

593 4905 824 4958 hominis
853 4904 1027 4958 factus
1060 4914 1238 4971 esset;
1272 4904 1515 4972 profecto
1542 4920 1643 4960 nec
1674 4905 1788 4974 ipse
1823 4906 1998 4961 dictus
2029 4907 2162 4962 fuis-

591 5006 673 5050 set
721 5015 740 5047 ‹
775 4995 1174 5067 Primogenitus
1216 4996 1292 5068 (I)
1332 4997 1382 5050 in
1413 4998 1594 5052 multis
1621 4997 1902 5067 fratribus,
1938 5019 1956 5051 ι
1991 5015 2164 5069 neque

592 5102 691 5143 nos
726 5087 816 5157 qui
851 5086 945 5141 (iiii
978 5089 1257 5142 hominum
1313 5103 1521 5155 sumus,
1560 5090 1734 5144 vocati
1784 5104 2031 5145 essemus
2062 5092 2162 5155 dii,

666 5243 767 5315 (95]

666 5258 778 5385 ἓξὲξ

597 5382 840 5459 Serrani.
888 5385 993 5459 Sed
1054 5382 1476 5459 paulo_a|iterA:
1522 5386 1632 5459 Καὶ
1667 5385 1729 5438 τό
1768 5382 1814 5438 τ’
1844 5382 1952 5459 ίῆν,
2008 5388 2068 5441 τό
2121 5390 2168 5443 τ’

595 5454 786 5529 defeat,
826 5454 1017 5529 χρόνον
1057 5453 1340 5529 γεγονότος
1366 5454 1507 5529 εἴδη,
1534 5455 1797 5529 φέροντες
1839 5453 2171 5529 λανθάνομεν

594 5525 687 5601 επὶ
722 5522 1014 5601 τὴνςᾶῒδιον
1042 5525 1272 5601 οὐσίανᾷ
1288 5526 1395 5578 οὐχ’
1421 5522 1625 5595 ὸρθῶςί
1653 5526 1884 5598 λέγομεν
1908 5531 2038 5601 γάρ,
2063 5522 2167 5583 élc.

597 5595 727 5657 Quae
786 5595 864 5666 sic
916 5605 1114 5666 verto:
1174 5612 1192 5645 ι
1232 5594 1300 5648 Ει
1361 5594 1523 5666 verba
1573 5594 1735 5661 erat,
1766 5594 1831 5654 ac
1872 5594 2002 5663 erit,
2051 5614 2170 5666 qua:

601 5664 855 5729 temporis
902 5674 1022 5717 sunt
1072 5665 1279 5729 format,
1316 5665 1381 5718 ad
1428 5678 1681 5720 mternant
1733 5670 2020 5723 essentiam
2069 5664 2172 5722 iut-

602 5733 890 5807 prudentes
941 5734 1363 5789 transierimus:
1410 5738 1500 5790 sed
1552 5752 1656 5791 non
1713 5750 1876 5793 recte.
1934 5739 2168 5795 Dicimus

606 5812 771 5865 ctum,
793 5817 813 5850 ι
840 5811 946 5855 etc.

821 5244 1030 5315 Basgm.
1058 5242 1260 5315 Codex,
1296 5242 1473 5315 βᾶσιν.
1504 5241 1646 5313 Lego
1675 5244 1847 5315 βάσιν.

821 5276 1030 5298 uuocuu
1059 5276 1260 5305 uuuca,
1296 5276 1473 5313 νυιιην.
1505 5276 1646 5313 μεδυ
1675 5276 1847 5315 μυιυιν,
2176 5276 2182 5285 .

821 5314 876 5368 In
911 5313 1131 5368 Timaeo.
1163 5312 1339 5385 _Tomo
1380 5314 1445 5366 ΙΙΙ
1482 5315 1740 5380 Operum,
1778 5332 1898 5385 pag.
1928 5318 1996 5373 57
2034 5318 2166 5373 edit.

2258 3291 2367 3337 τως
2395 3275 2491 3327 καὶ
2540 3275 2882 3344 πρωτότοκος
2924 3274 3241 3346 εὑρίσκεται
3291 3276 3389 3330 οὐκ
3424 3276 3561 3346 ἔχων
3594 3277 3848 3348 δευτερό-

2258 3363 2500 3434 τοκον,ἢ
2548 3363 2893 3435 ⁸ςτριτότοκον,
2940 3365 3016 3427 ὡς
3078 3364 3240 3434 μόνος
3297 3367 3581 3436 γεννηθεὶς
3641 3368 3735 3420 καὶ
3779 3368 3845 3421 τὸ

2257 3452 2426 3525 ὄνομα
2478 3455 2543 3507 ὲκ
2585 3440 2678 3508 τοῦ
2720 3455 3046 3526 πράγματος
3101 3455 3471 3527 κτησάμενος.
3522 3458 3738 3527 Ἀμέλει
3760 3475 3846 3511 τοι

2258 3546 2355 3599 καὶ
2402 3548 2460 3598 ὲν
2516 3546 2593 3616 τῷ
2627 3545 2869 3617 Ἱερεμίᾳ
2903 3545 3011 3600 ἀπὸ
3056 3545 3149 3599 τοῦ
3203 3546 3471 3614 παναγίου
3528 3548 3847 3619 Πνεύματός

2261 3654 2456 3708 φησιν’
2498 3656 2517 3688 ι
2548 3639 2660 3690 Καὶ
2696 3637 2935 3710 Ἐφραῖμ
2969 3637 3312 3709 πρωτότοκός
3348 3638 3450 3709 μού
3484 3642 3651 3693 ἐστιν.
3688 3660 3706 3692 ι
3734 3635 3848 3693 Ἦν

2258 3728 2315 3780 δὲ
2345 3729 2464 3781 οὐδὲ
2493 3728 2571 3799 τῷ
2601 3728 2795 3783 ἐαυτοῦ
2821 3730 2996 3802 Πατρὶ
3027 3730 3371 3799 πρωτότοκος
3405 3732 3662 3804 Ἐφραῖμ.
3697 3734 3849 3786 Ἐπεὶ

2259 3813 2352 3872 οὖν
2386 3819 2547 3883 αὐτὸς
2578 3822 2611 3889 ἠ
2649 3819 2894 3890 ἀλήθεια,
2947 3821 3041 3874 καὶ
3094 3823 3127 3891 ὴ
3160 3821 3492 3893 δημιουργὸς
3515 3862 3530 3888 ,
3577 3827 3674 3878 καὶ
3729 3825 3849 3879 ἁδί-

2259 3908 2454 3971 δακτος
2483 3909 2666 3977 σοφία,
2696 3910 2896 3980 πρέπει
2935 3915 3048 3974 τοῖς
3074 3912 3205 3983 περὶ
3240 3913 3851 3986 αὐτοῦνγεγραμμένοις

2262 3999 2402 4054 κατὰ
2435 3998 2712 4071 Θεοπρεπῆ
2743 4003 2927 4073 νόησιν
2959 4002 3103 4074 ἔχειν
3136 4003 3197 4057 τὸ
3241 4006 3489 4076 ἀψευδές.
3516 4008 3696 4060 Ἔστω
3737 4009 3851 4060 τοί-

2262 4109 2356 4147 νυν
2418 4094 2513 4146 καὶ
2567 4095 2861 4166 μονογενὴς
2930 4097 3023 4149 καὶ
3074 4099 3451 4169 πρωτότοκοςο
3507 4099 3736 4169 ἁρμόζει
3786 4099 3848 4153 δὲ

2265 4182 2463 4254 μᾶλλον
2496 4185 2644 4256 αὐτῷ
2688 4185 2824 4257 πρὸς
2875 4186 2972 4257 τὴν
3021 4190 3332 4259 οἰκονομίαν
3369 4192 3402 4260 ή
3444 4188 3535 4243 τοῦ
3582 4209 3600 4242 ι
3634 4190 3850 4261 πρωτό-

2259 4291 2419 4339 τοκος
2442 4295 2462 4328 ι
2496 4274 2660 4341 λέξις.
2690 4277 2754 4330 Εἰ
2789 4279 2863 4348 μὴ
2899 4276 3009 4349 γὰρ
3044 4277 3134 4331 διὰ
3163 4279 3568 4353 φιλανθρωπίαν
3616 4280 3841 4350 ἄφατον,

2261 4367 2322 4420 τὸ
2365 4368 2462 4438 μὲν
2497 4369 2649 4438 ἅγιον
2682 4370 2909 4442 Πνεῦμα
2955 4374 3311 4443 ἁνεγέννησεν
3355 4376 3521 4445 ἡμᾶς,
3555 4377 3583 4429 ό
3616 4375 3672 4429 δὲ
3714 4375 3845 4439 Θεὸς

2267 4461 2363 4513 καὶ
2403 4461 2594 4532 Πατὴρ
2624 4464 2777 4525 υἱοὺς
2805 4463 3159 4534 προσέλαϐεν,
3203 4465 3232 4516 ό
3261 4465 3319 4517 δὲ
3353 4469 3481 4536 περὶ
3519 4462 3579 4522 οὗ
3622 4470 3650 4521 ὁ
3693 4467 3847 4535 λόγος

2272 4551 2563 4621 μονογενὴς
2595 4551 2727 4615 Θεὸς
2762 4552 3049 4622 ἀτρέπτως
3087 4554 3182 4606 καὶ
3248 4554 3563 4624 ὰρῤεύστως
3609 4559 3846 4626 ἐγένετο,

2269 4638 2343 4702 ὡς
2369 4637 2528 4703 οἶδεν,
2571 4639 2660 4693 διὰ
2690 4640 2964 4711 σωτηρίαν
3012 4640 3315 4711 ἀνθρώπων
3360 4643 3473 4705 υίὸς
3522 4646 3848 4715 ἀνθρώπῳ

2269 4730 2369 4783 οὐκ
2410 4731 2475 4784 ἂν
2504 4730 2615 4783 οὔτ’
2642 4730 2804 4793 αὐτὸς
2822 4731 3108 4802 ὡνόμαστο
3142 4750 3160 4782 ι
3184 4733 3538 4804 Πρωτότοκος
3560 4736 3618 4786 ὲν
3648 4736 3775 4805 [167
3795 4740 3853 4811 ιι]

2270 4821 2484 4885 πολλοῖς
2514 4821 2782 4889 ἀδελφοῖς,
2809 4841 2827 4874 ›
2860 4821 2984 4876 οὔτε
3011 4825 3060 4876 οἱ
3088 4824 3195 4876 υἱοὶ
3233 4823 3342 4878 τῶν
3370 4823 3672 4894 ἀνθρώπων
3698 4828 3856 4901 ὲκλή·

2268 4912 2443 4984 θημεν
2491 4914 2557 4966 ἂν
2614 4913 2725 4966 θεοὶ
2773 4914 2887 4985 καὶκ
2923 4916 3028 4967 υίοὶ
3088 4914 3261 4968 Θεοῦο
3296 4916 3471 4980 οὐδεὶς
3518 4918 3629 4989 γὰρ
3689 4920 3852 4989 φύσει

2268 5005 2495 5075 ἁδελφός
2545 5007 2693 5057 ἐστιν
2748 5005 2864 5058 υἱοῦ
2904 5006 3265 5076 μονογενοῦςο
3297 5009 3325 5061 ό
3375 5006 3431 5061 δὲ
3471 5011 3709 5083 Ποιητής
3758 5016 3854 5069 καὶ

2267 5098 2547 5167 οἰκονόμος
2590 5097 2807 5151 πάντων
2838 5097 2933 5151 καὶ
2970 5097 3128 5168 μόνος
3174 5098 3580 5173 εὖσπλαγχνος,
3627 5104 3855 5176 ἀδελφός

2348 5250 2483 5330 (ἑῇ)-
2507 5250 2676 5330 Verba
2715 5268 2855 5330 vero.
2890 5252 3082 5330 Plato:
3115 5254 3190 5330 fro
3231 5257 3289 5310 δὲ
3318 5253 3419 5329 ἦν,
3465 5260 3527 5313 τό
3568 5262 3616 5314 τ’
3656 5261 3848 5330 ἔσται,

2278 5321 2406 5400 περ).
2434 5323 2532 5392 τὴν
2560 5324 2620 5400 ὲν
2661 5323 2840 5400 χρόνῳ
2869 5324 3081 5400 γένεσιν
3114 5326 3298 5382 ἰοῦσαν
3332 5321 3532 5400 ἐτρέπει
3560 5321 3847 5399 λέγεσθαιί

2278 5393 2520 5466 κινήσεις
2558 5395 2664 5466 γάρ
2691 5393 2866 5459 ἐστον,
2888 5397 2939 5447 id
2973 5408 3054 5449 est
3088 5414 3105 5446 ι
3129 5400 3290 5453 verba
3326 5393 3451 5454 vero
3480 5393 3707 5464 eratfet
3733 5405 3850 5465 erit,

2279 5464 2453 5545 tleOre,
2481 5464 2687 5545 quarm
2727 5476 2963 5536 tempore
3003 5468 3229 5535 oriatur,
3261 5469 3368 5524 dici
3405 5472 3699 5526 convenit:
3727 5484 3854 5528 sunt

2279 5541 2422 5586 enim
2461 5541 2747 5589 motiones.
2772 5556 2791 5588 ι

2353 5603 2475 5680 (θὸ)⁸
2502 5604 2731 5680 Propter
2762 5616 2982 5675 tempus.
3017 5609 3122 5665 Pro
3148 5610 3233 5663 διὰ
3266 5609 3457 5680 χρόνον
3511 5608 3666 5666 Plato
3692 5612 3854 5668 habet

2280 5674 2432 5736 ποτέ,
2466 5676 2516 5727 id
2549 5674 2629 5729 est
2668 5695 2684 5727 ι
2711 5674 2966 5744 unquam.
2994 5699 3011 5730 ι

2351 5744 2463 5881 ξ99)
2505 5744 2568 5795 Et
2603 5745 2877 5811 Ephrnim.
2910 5745 3022 5802 Jer.
3053 5765 3205 5809 xxxx,
3240 5749 3294 5801 9.

2378 5810 2427 5881 I)
2471 5812 2875 5881 Primogenitus.
2908 5816 3064 5873 Rom.
3098 5834 3217 5881 vm,
3247 5818 3294 5870 9!

2378 5810 2875 5885 IlPrimernitus.
2908 5816 3064 5873 Rom.
3098 5834 3217 5888 vm,
3247 5818 3334 5872 99.
