4134 6408
334 402 438 460 83⁸1

1424 395 1513 449 DE
1551 391 1926 449 TRINITATE
1964 392 2167 450 LIBER
2206 393 2527 451 TERTIUS.

3482 392 3589 454 838

336 533 395 569 τε
422 511 604 585 ἡμῶν,
635 506 983 579 πρωτότοκός
1014 523 1073 560 τε
1111 504 1449 577 ἀριθμεῖται.
1478 503 1648 567 Αὐτὸς
1679 504 1776 574 μὲν
1806 502 1916 574 γάρ

2026 518 2085 559 ac
2113 504 2206 559 ﬁlii
2253 504 2370 559 Dei.
2410 502 2581 558 Nemo
2616 501 2759 557 enim
2793 509 2988 556 natura
3027 501 3197 560 frater
3221 511 3305 561 est
3335 504 3430 561 ﬁlii
3463 509 3588 563 uni-

336 606 396 672 ἐξ
440 605 667 674 ἀπείρου
719 598 889 669 ὕψους
936 597 1126 651 ἑαυτὸν
1169 594 1259 648 διά
1308 595 1435 658 τοὺς
1485 595 1650 657 ίδίους
1697 593 1916 658 δούλους

336 694 599 757 κενώσας,
621 689 726 751 ,καὶ
757 688 1115 750 ἀνακαινίσας
1147 686 1348 751 πάντα,
1378 686 1474 738 καὶ
1519 684 1694 755 ἀρχὴν
1730 684 1917 756 κρείτ-

336 801 489 847 τονος
522 782 638 852 βίου
677 782 743 851 τῇ
799 777 995 831 ἑαυτοῦ
1044 776 1311 847 ἐπιδημίᾳ
1350 775 1786 847 παρασχόμενος,
1826 776 1921 829 καὶ

336 875 423 928 8ιά
448 873 609 926 τοῦτο
647 870 994 942 πρωτότοκος
1028 868 1272 937 κληθεὶς,
1320 866 1381 920 οὗ
1413 867 1466 920 τί
1507 883 1609 919 που
1642 866 1742 937 τὴν
1769 866 1919 921 θείαν

340 962 661 1035 παρεϐλάϐη
693 960 886 1027 δόξανο
920 960 1043 1013 οὐδὲ
1083 959 1193 1030 γὰρ
1238 946 1669 1029 μειονεκτεῖσθαί
1714 975 1854 1023 πως,
1882 958 1916 1030 ἢ

338 1058 418 1119 είς
437 1055 496 1108 τὸ
512 1054 608 1108 τοῦ
642 1056 820 1124 χεῖρον
842 1051 1055 1121 ἔχοντος
1084 1051 1281 1123 μέτρον
1301 1049 1702 1119 καταφέρεσθαι
1734 1050 1920 1120 ἀνέχευ

339 1163 426 1200 ται
469 1146 752 1216 δυνάμεως
799 1142 1018 1210 λέξεων,
1070 1142 1128 1194 ἐν
1172 1144 1238 1211 τῇ
1295 1141 1640 1210 καταχρήσει
1690 1139 1780 1193 διά
1823 1140 1919 1212 τὴν

339 1237 641 1307 ἄφθεγκτον
682 1235 994 1305 οἰκονομίαν
1046 1232 1511 1303 ἐξενηνεγμένων·
1560 1232 1722 1301 ἡμεῖς
1753 1230 1811 1283 δὲ
1857 1232 1921 1285 ἐκ

340 1329 539 1399 πολλῆς
565 1326 947 1390 ταπεινώσεως
977 1325 1073 1380 καὶ
1122 1324 1349 1387 σκότους
1378 1325 1458 1387 εἰς
1483 1322 1641 1386 δόξαν
1674 1322 1769 1375 καὶ
1797 1321 1913 1391 φῶς

340 1419 654 1490 ἀνήχθημεν
721 1418 968 1488 ἄπειρον,
1014 1415 1115 1488 τὴν
1162 1418 1243 1479 είς
1304 1414 1467 1468 αὐτὸν
1527 1412 1920 1484 είσδεδεγμένοι

340 1509 542 1563 πίστιν.
572 1510 840 1562 Ἔκαστον
873 1508 1002 1579 γὰρ,
1036 1507 1165 1577 παρ’
1196 1506 1224 1559 ὃ
1259 1505 1360 1577 τὴν
1410 1505 1571 1575 φύσιν
1615 1504 1786 1570 ἐστὶν,
1834 1504 1921 1558 λέ-

343 1599 476 1665 ξεως
520 1598 752 1670 δγκῳ,ἢ
802 1599 1194 1670 χθαμαλότητι,
1238 1598 1352 1652 οὒτ’
1392 1597 1765 1671 ἀναθρώσκειν
1804 1616 1921 1663 πως

342 1694 437 1745 καὶ
474 1690 805 1763 ἐξαίρεσθαι,
832 1689 955 1743 οὔτε
1002 1690 1107 1763 μὴν
1132 1689 1328 1744 ἐαυτοῦ
1357 1691 1521 1745 οἱονεὶ
1552 1690 1794 1744 κατιέναι
1826 1690 1921 1744 καὶ

345 1780 621 1851 ὑφιζάνειν
653 1781 899 1837 δύναται.

2020 596 2188 667 geniti
2221 614 2234 650 :
2285 596 2377 665 qui
2412 610 2542 651 vero
2570 595 2808 649 omnium
2850 595 3117 661 conditor,
3149 605 3203 650 et
3234 598 3588 654 administra-

2024 698 2107 744 tor
2146 697 2250 754 est,
2283 702 2348 743 ac
2380 687 2526 743 solus
2557 686 2888 751 misericors,
2921 686 2965 741 is
2993 695 3046 741 et
3084 688 3255 742 frater
3296 702 3501 756 noster,
3534 697 3587 745 et

2020 779 2411 849 primogenitus
2437 778 2766 832 nominatur.
2811 776 2944 831 Nam
2984 778 3095 847 ipse
3124 781 3339 849 quidem
3373 784 3588 850 quando

2016 886 2082 927 ex
2116 872 2322 927 inﬁnita
2352 870 2635 925 altitudine
2670 884 2789 925 sese
2838 880 3054 938 propter
3101 881 3228 927 suos
3278 888 3462 928 servos
3494 890 3585 929 ex-

2020 962 2263 1027 inanivit,
2307 968 2362 1016 et
2404 961 2582 1015 omnia
2616 960 2921 1026 renovavit,
2947 970 3001 1013 et
3044 960 3283 1017 melioris
3323 963 3447 1018 vitae
3481 965 3588 1018 ini-

2018 1052 2153 1109 tium
2179 1068 2277 1109 suo
2309 1052 2543 1108 adventu
2581 1052 2737 1105 nobis
2778 1052 3026 1121 praebuit,
3057 1052 3282 1121 ideoque
3321 1056 3589 1124 primoge-

2018 1146 2166 1209 nitus
2220 1153 2444 1199 vocatus
2488 1151 2603 1209 est;
2650 1143 2853 1197 nullmn
2906 1146 3085 1213 quoad
3145 1146 3381 1198 divinam
3438 1161 3590 1202 suam

2020 1236 2243 1305 gloriam
2266 1235 2649 1290 detrimentum
2678 1234 2822 1302 cepit
2847 1250 2860 1287 :
2884 1249 2983 1288 nec
2998 1234 3139 1289 enim
3161 1234 3308 1290 illum
3338 1239 3591 1305 quodam-

2022 1328 2181 1382 modo
2258 1327 2598 1393 imminuere,
2675 1334 2767 1379 aut
2824 1324 2892 1379 ad
2948 1324 3271 1381 deteriorem
3329 1328 3592 1383 conditio-

2021 1433 2143 1473 nem
2175 1418 2480 1487 deprimere
2512 1425 2685 1485 potest
2713 1431 2896 1471 eorum
2925 1417 3309 1472 vocabulorum
3341 1420 3442 1484 vis,
3471 1434 3593 1489 quae

1994 1509 2087 1563 'de
2118 1508 2235 1576 ipso
2284 1508 2353 1561 ob
2412 1506 2740 1579 ineffabilem
2788 1507 3215 1561 lucarnatiouem
3295 1509 3593 1579 improprie

2021 1607 2076 1655 et
2113 1598 2332 1653 abusive
2376 1565 2741 1668 pronuntiata.
2754 1607 2898 1651 sunt.
2943 1595 3050 1652 Nos
3098 1613 3224 1653 vero
3273 1613 3340 1654 ex
3399 1614 3593 1668 magna

2022 1689 2323 1758 abjectione
2372 1696 2429 1743 et
2457 1688 2686 1757 caligine
2730 1688 2782 1742 in
2825 1688 3086 1742 inﬁnitam
3118 1688 3346 1757 gloriam
3403 1704 3468 1744 ac
3510 1690 3594 1744 lu-

2023 1795 2144 1837 cem
2194 1778 2367 1835 evecti
2407 1793 2615 1842 sumus,
2650 1793 2770 1832 cum
2823 1778 2979 1831 ﬁdem
3023 1782 3342 1846 recepimus,
3381 1794 3485 1848 qua
3532 1779 3591 1834 in

346 1891 471 1930 eum
502 1876 813 1933 credimus:
851 1877 994 1931 nulla
1030 1876 1174 1932 enim
1211 1892 1300 1934 res
1327 1886 1505 1948 potest
1532 1882 1914 1937 vocabulorum
1955 1877 2303 1942 sublimitate,
2368 1883 2461 1928 aut
2492 1873 2697 1928 vilitate
2763 1888 2862 1927 nec
2900 1886 3063 1941 supra
3103 1871 3177 1938 id,
3213 1871 3356 1942 quod
3396 1886 3463 1928 ex
3496 1886 3595 1926 na-

346 1975 461 2020 tura
503 1982 597 2020 sua
629 1976 733 2033 est,
769 1966 975 2028 extolli,
1008 1981 1106 2020 nec
1141 1966 1280 2020 infra
1326 1983 1384 2023 se
1415 1968 1587 2037 ipsam
1628 1971 1793 2025 veluti
1830 1971 2172 2031 descendere,
2201 1981 2262 2020 ac
2286 1966 2582 2020 subsidere.

413 2060 488 2113 Οὐ
524 2062 697 2131 μικρὰ
726 2060 783 2112 δὲ
813 2058 1248 2112 συνενδείκνυται
1274 2063 1387 2124 τοῖς
1415 2062 1505 2131 ὑφ’
1539 2065 1696 2135 ἡμῶν
1727 2066 1917 2137 διηγη-

2092 2062 2206 2117 Non
2252 2070 2426 2131 pauca
2493 2075 2654 2129 porro
2702 2069 2849 2127 sunt,
2905 2061 3101 2130 quibus
3148 2062 3457 2116 conﬁrmari
3499 2078 3595 2119 va-

344 2152 534 2219 θείσιν,
565 2153 703 2207 ἀλλά
730 2152 826 2205 καὶ
865 2151 1025 2222 μόνον
1066 2151 1381 2222 ἐπικουρεῖν
1429 2153 1601 2223 ἰσχύει
1640 2157 1735 2209 καὶ
1767 2157 1828 2209 τὸ
1858 2158 1915 2210 ἐν

345 2250 437 2315 πη’
479 2242 678 2314 ψαλμῷ
714 2243 807 2297 τὸν
854 2244 1213 2313 ἀπερινόητον
1247 2242 1377 2295 Θεὸν
1426 2243 1658 2310 ἀξιῶσαι
1707 2249 1915 2300 εἰπεῖν’

350 2352 368 2385 t
397 2327 572 2404 Εὗρον
610 2332 773 2387 Δαυῖδ
801 2333 892 2386 τὸν
923 2333 1107 2387 δοῦλόν
1149 2349 1284 2403 μου·
1321 2334 1379 2387 ἐν
1422 2335 1587 2407 ἐλαίῳ
1640 2355 1740 2408 μου
1782 2338 1921 2409 ἁγίῳ

344 2424 536 2497 εχρισα
580 2424 761 2478 αὐτόν.
802 2424 914 2476 Kal
950 2423 1060 2495 γὰρ
1092 2423 1125 2493 ή
1162 2423 1281 2493 χείρ
1330 2439 1433 2495 μου
1477 2428 1922 2499 συναντιλήψεται

346 2514 515 2584 αὐτῷ,
552 2517 580 2567 6
614 2514 851 2585 βρχχίων
896 2532 996 2585 μου
1038 2513 1355 2584 κατισχύσει
1402 2517 1597 2571 αὐτόν·
1631 2519 1734 2571 οὐκ
1781 2519 1923 2588 ὠφε-

346 2607 502 2677 λήσει
531 2604 722 2677 ἐχθρὸς
761 2609 819 2658 ἐν
857 2606 1025 2676 αὐτῷ,
1069 2606 1164 2660 καὶ
1215 2605 1332 2670 υίὸς
1375 2607 1605 2679 ἀνομίας
1646 2609 1708 2661 οὐ
1757 2627 1924 2680 προσ-

346 2696 502 2768 θήσει
532 2695 624 2749 τοῦ
662 2697 909 2751 κακῶσαι
940 2699 1124 2751 αὐτόν.
1172 2699 1283 2751 Kal
1317 2700 1572 2769 συγκόψω
1607 2702 1714 2753 ἀπὸ
1750 2718 1923 2772 προσ-

345 2786 496 2840 ῶπου
539 2788 703 2841 αὐτοῦ
748 2789 873 2852 τοὺς
909 2790 1136 2860 ἐχθροὺς
1179 2790 1369 2853 αὑτοῦ,
1415 2790 1540 2861 [167
1570 2789 1621 2861 b]
1668 2792 1921 2854 καὶτοὺς

352 2880 641 2951 μισοῦντας
689 2879 850 2932 αὐτὸν
896 2878 1272 2950 τροπώσομαι.
1320 2881 1430 2933 Kal
1464 2883 1495 2952 ή
1532 2880 1763 2950 ἀλήθειά
1819 2898 1922 2951 μου

348 2972 441 3024 καὶ
471 2970 532 3023 τὸ
558 2970 704 3034 ἔλεός
746 2988 846 3041 μου
886 2974 1001 3041 μετ’
1027 2969 1217 3035 αὐτοῦ,
1248 2972 1342 3023 καὶ
1373 2973 1432 3023 ἐν
1460 2970 1537 3041 τῷ
1564 2971 1786 3041 ὀνόματί
1822 2988 1922 3041 μου

350 3061 692 3132 ὑψωθήσεται
737 3062 799 3114 τὸ
842 3061 1009 3133 κέρας
1057 3060 1240 3114 αὑτοῦ.
1289 3062 1400 3115 Καὶ
1443 3061 1679 3133 θήσομαι
1723 3066 1780 3117 ἐν
1830 3063 1925 3117 θα-

350 3151 522 3225 λάσσῃ
566 3155 725 3223 χεῖρα
748 3152 934 3217 αὑτοῦ,
983 3153 1077 3206 καὶ
1110 3154 1168 3206 ἐν
1202 3155 1466 3223 ποταμοῖς
1500 3152 1680 3219 δεξιὰν
1736 3153 1921 3209 αὐτοῦ.

353 3244 521 3307 Αὐτὸς
561 3243 618 3296 δὲ
655 3243 1038 3297 ἐπικαλέσεταί
1070 3260 1166 3314 με·
1196 3244 1387 3315 Πατήρ
1419 3260 1520 3313 μου
1545 3239 1594 3296 εἴ
1619 3245 1705 3307 σὺ,
1734 3247 1761 3297 6
1794 3245 1924 3309 Θεός

353 3349 475 3403 μου,
508 3332 603 3385 καὶ
647 3331 994 3404 ἀντιλήπτωρ
1039 3332 1140 3401 τῆς
1182 3334 1455 3403 σωτηρίας
1508 3348 1628 3401 μου.
1671 3333 1781 3384 Kal
1812 3330 1925 3400 ἐγὼ

351 3423 692 3495 πρωτότοκον
730 3423 965 3495 θήσομαι
992 3422 1155 3477 αὑτὸν
1196 3422 1397 3494 ὑψηλὸν
1436 3422 1588 3493 παρά
1627 3424 1739 3485 τοῖς
1771 3422 1923 3493 βασι-

2022 2156 2171 2211 leant
2204 2170 2322 2224 qua:
2354 2153 2778 2218 edisseruimus;
2829 2154 2922 2209 sed
2973 2154 3099 2208 illud
3148 2152 3234 2207 vel
3283 2169 3379 2223 per
3412 2169 3471 2210 se
3499 2170 3592 2211 so-

2023 2247 2131 2303 lum
2179 2262 2430 2317 magnam
2468 2247 2573 2300 vim
2614 2246 2798 2310 habet,
2836 2246 2977 2315 quod
3010 2246 3063 2299 iu
3114 2259 3354 2299 Lxxxvm
3385 2246 3593 2314 psalmo

2023 2336 2102 2391 sic
2149 2336 2402 2405 loquatur
2427 2334 2991 2405 incomprehensibilis
3021 2334 3097 2404 (2)
3124 2332 3266 2389 Deus
3298 2352 3313 2388 :
3356 2351 3375 2385 ι
3409 2333 3594 2391 lnvenl

2023 2426 2100 2497 (5)
2130 2425 2297 2480 David
2330 2440 2543 2479 servum
2586 2440 2790 2490 meum,
2838 2425 2890 2479 in
2920 2426 3038 2479 oleo
3072 2439 3194 2480 meo
3244 2434 3433 2480 sancto
3465 2426 3593 2481 unxi

2023 2530 2194 2571 eum:
2237 2515 2437 2569 etenim
2498 2529 2687 2569 manus
2729 2530 2848 2569 mea
2903 2514 3064 2584 353
3116 2515 3463 2570 auxiliabitur
3506 2515 3591 2583 ei;

2023 2606 2304 2663 brachium
2351 2620 2529 2660 meum
2589 2605 2864 2659 roborabit
2888 2620 3028 2659 emn.
3060 2604 3175 2659 Non
3206 2606 3450 2673 proﬁciet
3474 2588 3595 2661 ’ἰιιί-

2026 2698 2199 2751 micus
2233 2696 2286 2750 in
2327 2710 2411 2760 eo,
2448 2705 2501 2751 et
2547 2695 2689 2750 ﬁlius
2727 2695 3028 2763 iniquitatis
3075 2710 3180 2748 non
3216 2705 3447 2764 apponet
3499 2710 3597 2750 no-

2024 2800 2148 2840 cere
2173 2787 2220 2840 ei
2254 2804 2269 2841 :
2306 2786 2369 2840 Et
2389 2786 2669 2839 concidam
2711 2800 2741 2839 a
2774 2785 2910 2839 facie
2955 2786 3071 2855 ejus
3101 2785 3346 2840 inimicos
3375 2786 3512 2854 ejus,
3541 2795 3598 2843 et

2024 2877 2273 2931 odientes
2324 2891 2444 2931 emn
2503 2876 2555 2928 in
2622 2875 2801 2946 fugam
2863 2884 3197 2929 convertam.
3270 2877 3597 2933 Et.veritas

2026 2981 2166 3029 mea,
2199 2974 2252 3020 et
2301 2965 2673 3019 misericordia
2731 2979 2846 3018 mea
2877 2981 2996 3019 cum
3030 2966 3183 3033 ipso,-
3208 2976 3261 3021 et
3295 2967 3346 3020 iu
3381 2970 3599 3025 nomine

2026 3069 2147 3128 meo
2199 3056 2526 3111 exaltabitur
2561 3072 2730 3111 cornu
2791 3056 2954 3125 ejus:
2991 3058 3055 3111 Et
3108 3072 3300 3127 ponam
3352 3058 3405 3112 in
3462 3061 3593 3113 mari

2028 3162 2245 3201 manum
2281 3149 2415 3218 ejus,
2456 3157 2507 3203 et
2546 3148 2598 3203 in
2635 3148 2942 3203 ﬂuminibus
2977 3151 3257 3205 dexteram
3292 3152 3428 3219 ejus.
3475 3150 3593 3221 Ipse

2026 3239 2509 3293 autemiuvocabit
2538 3256 2622 3295 me
2652 3257 2667 3294 :
2695 3240 2856 3294 Pater
2873 3256 3025 3296 meus
3052 3258 3111 3296 es
3142 3251 3219 3307 tu,
3250 3240 3390 3297 Deus
3423 3257 3592 3307 meus,

2026 3338 2082 3384 et
2123 3338 2402 3397 susceptor
2447 3330 2637 3385 salutis
2696 3347 2845 3386 meae.
2910 3332 2975 3385 Et
3031 3348 3129 3404 ego
3177 3335 3594 3403 primogenitum

2028 3433 2220 3486 ponam
2263 3419 2431 3486 illum,
2469 3421 2739 3475 excelsum
2784 3423 2921 3491 apud
2955 3437 3112 3491 reges
3156 3433 3332 3477 terrm.
3371 3442 3391 3477 ›
3459 3424 3590 3480 Nam

350 3489 501 3568 λεῦσι
532 3515 628 3585 τῆς
660 3489 825 3583 γῆςίι
863 3489 980 3566 Kav
1009 3529 1070 3565 τε
1098 3511 1210 3583 γὰρ
1238 3489 1479 3581 περὶτοῦ
1521 3489 1924 3579 συνυφεστῶτος

2027 3510 2141 3561 sive
2182 3509 2246 3563 de
2273 3522 2358 3574 eo,
2388 3510 2480 3577 qui
2517 3510 2773 3578 splendor
2819 3522 2902 3565 est
2946 3518 3277 3567 coexsistens
3319 3529 3440 3567 cum
3490 3504 3599 3567 Paé

353 3607 421 3675 τῇ
458 3606 695 3675 πατρικῇ
742 3601 869 3673 δόξῃ
916 3600 1370 3671 ἀωυγάσματος,
1419 3599 1514 3652 καὶ
1562 3600 1649 3650 ἐπ’
1681 3598 1924 3669 ἐσχάτων

356 3696 422 3748 ἐκ
458 3695 610 3766 ῥίζης
645 3695 841 3748 Ἰεσσαὶ
867 3692 1221 3763 ἀνθήσαντος,
1260 3691 1361 3745 κᾶν
1390 3707 1450 3742 τε
1483 3689 1730 3761 περὶτοῦ
1764 3689 1927 3743 Δαυῖδ

354 3784 512 3838 τοῦτο
560 3784 966 3856 διαγορεύεσθαι
1008 3782 1252 3853 δοίημεν,
1298 3781 1398 3833 οὐκ
1439 3779 1506 3834 ἂν
1544 3782 1610 3851 τῇ
1656 3781 1754 3850 τῆς
1799 3797 1927 3833 συν-

350 3874 540 3945 ηθείας
583 3873 807 3944 ὑπονοίᾳ
847 3874 876 3925 6
916 3870 1260 3944 πρωτότοκος
1311 3868 1551 3939 νοηθείη.
1582 3867 1707 3931 Πῶς
1751 3868 1926 3940 γὰρῆ

350 3965 441 4017 τὸν
484 3964 585 4034 ήδη
645 3963 771 4015 ὄντα
812 3960 1097 4032 ἄνθρωπον
1158 3958 1339 4028 (λέγει
1388 3957 1527 4029 γὰρ,
1575 3958 1655 4011 ὅτι
1709 3978 1727 4010 t
1756 3952 1928 4028 Εὗρον

352 4056 516 4109 Δαυῖδ
544 4056 637 4109 τὸν
657 4054 842 4110 δοῦλόν
878 4069 978 4125 μου
991 4052 1062 4123 ι),
1089 4051 1123 4122 ἢ
1156 4051 1249 4104 τὸν
1281 4050 1688 4121 πρεσϐυτέρους
1729 4049 1926 4102 ἑαυτοῦ

352 4146 544 4219 ἔχοντα
598 4146 880 4214 ἀδελφοὺς.
925 4141 1267 4215 πρωτότοκον
1314 4143 1636 4211 ποιήσεται;
1694 4140 1820 4192 Ὀτι
1872 4138 1929 4191 δέ

351 4256 482 4292 ποτε
509 4236 740 4309 σύνηθες
758 4239 825 4308 τῇ
842 4236 1031 4307 Γραφῇ
1060 4235 1187 4297 τοὺς
1210 4232 1366 4296 ὄντας
1391 4234 1493 4304 ήδη
1524 4231 1645 4286 καθ’
1674 4230 1927 4303 ὓπαρξιν.

351 4329 597 4399 γίνεσθαί
644 4345 762 4392 πως
808 4326 838 4380 ὃ
884 4328 984 4381 οὑκ
1038 4321 1181 4398 ἦσαν
1232 4323 1598 4393 ἐξαγγέλλειν,
1620 4321 1862 4384 ⁸Παῦλος
1901 4321 1932 4373 6

351 4419 592 4490 Χριστοῦ
629 4421 813 4492 γέμων
842 4419 935 4473 καὶ
968 4417 1123 4487 ἁγίου
1164 4415 1479 4488 Πνεύματος
1508 4414 1758 4485 ἔμπλεως
1790 4413 1931 4467 οὓτω

353 4527 460 4563 που
509 4509 731 4578 φάσκει*
775 4528 794 4560 t
825 4509 939 4561 Οὐκ
981 4506 1061 4560 ἔτι
1108 4501 1160 4560 εἴ
1205 4504 1409 4569 δοῦλος,
1455 4503 1591 4558 ἀλλά
1632 4504 1766 4567 υἱός.
1793 4522 1811 4555 ι
1858 4504 1932 4557 Τὸ

353 4601 483 4674 γάρ.
519 4619 539 4652 ‹
575 4601 675 4654 οὐκ
703 4600 803 4661 ἐτι,
831 4618 850 4650 ι
885 4601 998 4662 τοῖς
1027 4597 1128 4668 ήδη
1159 4596 1522 4667 ὑφεστηκόσιν
1551 4594 1649 4665 τὴν
1687 4595 1780 4647 ἐπὶ
1804 4593 1933 4647 ἄλλο

352 4710 405 4746 τι
458 4691 554 4745 τοῦ
605 4690 795 4745 λοιποῦ
843 4690 1177 4743 κατάστασιν
1245 4685 1519 4757 σημαίνει.
1571 4685 1685 4737 Kal
1735 4684 1929 4739 πάλινο

360 4802 379 4834 ι
408 4780 516 4847 Οὓς
554 4782 809 4853 προέγνω
851 4779 945 4833 καὶ
977 4776 1283 4849 προώρισεν
1322 4774 1678 4846 συμμόρφους
1716 4774 1815 4845 τῆς
1854 4772 1932 4826 εί-

354 4875 509 4937 κόνος
550 4871 645 4927 τοῦ
672 4872 802 4925 Υἱοῦ
851 4868 1032 4933 αὑτοῦ,
1069 4872 1145 4931 είς
1190 4868 1252 4921 τὸ
1281 4863 1423 4922 εἶναι
1451 4867 1612 4921 αὐτὸν
1656 4866 1932 4936 πρωτότο-

354 4984 450 5020 κον
480 4968 537 5020 ἐν
581 4965 796 5028 πολλοῖς
828 4963 1075 5033 ἀδελφοῖς
1095 4979 1107 4993 ν
1137 4982 1155 5013 ι
1194 4961 1315 5014 ἀντὶ
1358 4957 1476 5026 τοῦ,
1514 4961 1543 5012 6
1569 4957 1701 5021 Θεὸς
1729 4959 1758 5010 6
1801 4974 1934 5028 προ-

354 5059 517 5127 γνοὺς
564 5055 863 5123 ἀπογόνους
887 5096 901 5119 ,
954 5054 1047 5106 καὶ
1096 5052 1274 5106 πάντα
1327 5049 1397 5104 τὰ
1451 5048 1790 5119 παρελθόντα
1843 5048 1937 5103 καὶ

355 5150 598 5212 ἐπιόντα,
627 5148 703 5211 ῶς
737 5143 1023 5217 ὑφεστῶτα
1045 5144 1139 5197 καὶ
1173 5142 1417 5213 παρόντα
1451 5139 1612 5210 ὁρῶν,
1646 5138 1777 5211 παρ’
1802 5133 1846 5208 ᾦ
1877 5140 1936 5194 ἐν

352 5259 405 5295 τι
448 5240 641 5313 μέτρον
669 5240 721 5291 οἱ
759 5236 955 5298 αἰῶνες
987 5234 1225 5297 ᾶπαντές
1268 5234 1397 5299 είσι,
1428 5232 1525 5286 καὶ⁸
1566 5230 1717 5285 οὐδὲν
1758 5247 1930 5303 μεμε-

356 5333 630 5407 ρισμένον,
660 5331 736 5394 ὡς
771 5329 876 5400 πρὸ
909 5327 1137 5399 βραχέος
1178 5324 1397 5395 ἐλέχθη,
1429 5323 1646 5395 προῖδεν
1683 5325 1776 5378 καὶ
1812 5325 1932 5377 ἐπι-

350 5422 537 5492 φανῶς
584 5424 850 5493 ὑπέσχετο
887 5420 1015 5491 [168
1037 5418 1116 5491 α],
1158 5419 1285 5481 τοὺς
1314 5415 1633 5488 ἀνθρώπους
1686 5416 1933 5488 συμμόρ-

354 5529 488 5584 φους
527 5514 745 5568 ἔσεσθαι
778 5514 871 5567 τοῦ
914 5511 1065 5573 ὄντος
1100 5508 1286 5571 ἀϊδίως
1325 5508 1386 5560 ἐν
1420 5510 1599 5578 μορφῇ
1637 5506 1800 5561 αὑτοῦ
1835 5525 1930 5578 μο-

427 5669 505 5741 (2)
547 5666 1107 5741 Incomprehensibt'lis.
1139 5663 1344 5729 Codex,
1376 5660 1758 5735 ἁπεριὸόητος.
1782 5663 1926 5733 Lego

354 5740 729 5822 ἀπερινεεητοςς

428 5799 508 5880 (3)
547 5799 749 5866 Inveni.
785 5807 927 5866 Psal.
953 5819 1218 5871 uxxvnt,
1248 5818 1277 5858 a
1308 5816 1448 5858 vers.
1473 5801 1544 5857 20
1566 5800 1652 5877 _ad
1696 5799 1789 5855 27.
1821 5800 1922 5858 Lc-

1960 4821 2007 4875 D

2030 3608 2182 3653 terna
2215 3599 2407 3667 gloria,
2441 3602 2639 3669 quique
2686 3603 2998 3657 novissimis
3033 3605 3362 3673 temporibus
3393 3619 3460 3658 ex
3512 3621 3600 3659 ra-

2029 3689 2145 3744 dice
2203 3689 2355 3745 Jesse
2396 3689 2648 3755 eﬁloruit,
2696 3693 2820 3747 sive
2871 3694 2936 3749 de
2991 3693 3192 3748 Davide
3248 3695 3349 3749 hoc
3395 3695 3595 3750 dictum

2028 3795 2147 3835 esse
2176 3782 2557 3850 concedamus,
2604 3783 2868 3851 suspicari
2930 3798 3093 3839 nemo
3142 3793 3338 3855 potest,
3396 3802 3595 3843 nomen

2031 3873 2374 3943 primogeniti
2434 3873 2805 3943 accipiendum
2842 3874 2931 3927 hic
2976 3889 3095 3929 esse
3125 3877 3191 3931 de
3229 3892 3313 3944 eo,
3354 3879 3443 3947 qui
3505 3894 3599 3943 per

2026 3963 2229 4017 coitum
2261 3963 2437 4033 primo
2466 3965 2537 4020 sit
2564 3964 2795 4033 genitus.
2844 3962 2979 4018 Nam
3009 3968 3277 4035 quomodo
3310 3980 3404 4023 aut
3448 3984 3596 4037 eum,

2030 4055 2122 4127 qui
2148 4055 2259 4126 jam
2310 4066 2427 4109 erat
2462 4055 2622 4111 homo
2652 4055 2752 4124 (ait
2777 4056 2920 4111 enim
2970 4055 3112 4111 Deus
3147 4073 3162 4110 :
3202 4077 3221 4110 ι
3254 4058 3434 4113 Inveni
3496 4059 3601 4114 Da-

2029 4147 2121 4203 vid
2176 4162 2391 4203 servum
2457 4146 2719 4219 meum»)
2769 4157 2862 4202 aut
2912 4149 3081 4213 illum,
3118 4149 3210 4220 qui
3250 4152 3493 4207 seniores
3541 4169 3602 4209 se

2031 4240 2149 4308 ipso
2211 4238 2409 4293 fratres
2462 4238 2713 4304 habebat,
2767 4241 3184 4310 primogenitum
3238 4242 3437 4297 faceret
3488 4245 3602 4314 ipse

2032 4326 2213 4382 Deus?
2269 4325 2422 4391 Quod
2489 4336 2668 4380 autem
2725 4327 2909 4384 dicere
2973 4330 3262 4398 aliquando
3320 4330 3601 4402 Scriptura

2034 4418 2399 4484 consueverit,
2435 4431 2528 4472 eos
2571 4417 2659 4485 qui
2697 4416 2811 4487 jam
2862 4426 2987 4472 sunt
3013 4420 3306 4473 secundum
3336 4423 3604 4475 exsisteu—

2036 4508 2186 4573 tiam,
2243 4505 2361 4561 ﬁeri
2405 4507 2799 4576 quodammodo
2852 4508 2993 4577 quod
3027 4522 3132 4563 non
3189 4518 3364 4577 erant,
3405 4511 3603 4568 Paulus

2034 4598 2251 4654 Christo
2289 4598 2500 4667 plenus,
2527 4607 2582 4651 et
2620 4597 2822 4666 Spiritu
2859 4610 3046 4654 sancto
3080 4600 3316 4669 repletus
3368 4602 3448 4656 sic
3499 4604 3604 4657 ali-

2036 4687 2157 4741 cubi
2197 4696 2468 4743 testatur:
2525 4704 2545 4738 t
2586 4685 2699 4741 Non
2755 4687 2983 4757 amplius
3038 4688 3115 4761 (4)
3144 4704 3203 4745 es
3258 4706 3468 4756 servus,
3507 4693 3604 4748 sed

2039 4777 2200 4833 ﬁlius.
2241 4798 2261 4831 ι
2307 4777 2443 4832 Nam
2498 4777 2651 4844 illud,
2693 4796 2714 4830 ι
2754 4794 2862 4833 non
2911 4780 3159 4849 amplius,
3208 4799 3228 4833 ι
3263 4796 3472 4848 eorum,
3511 4783 3603 4854 qui

2032 4862 2145 4930 jam
2176 4862 2563 4929 subsistebant,
2591 4862 2749 4917 aliam
2788 4864 3072 4933 quamdam
3102 4864 3218 4920 fore
3247 4865 3300 4921 in
3326 4877 3603 4937 posterqu

2033 4954 2440 5019 conditionem,
2495 4968 2559 5008 ac
2614 4962 2814 5009 statum
2877 4954 3176 5024 signiﬁcat;
3237 4965 3294 5010 et
3346 4972 3532 5012 rursus
3587 4976 3601 5014 :

2038 5048 2213 5114 «Quos
2236 5047 2502 5115 praescivit
2519 5046 2617 5117 (5),
2636 5056 2689 5101 et
2708 5047 3111 5117 praedestinaxit
3137 5046 3442 5103 conformes
3470 5049 3606 5105 ima-

2035 5141 2178 5208 ginis
2206 5138 2328 5194 Filii
2364 5138 2474 5202 sui,
2507 5148 2562 5191 ut
2591 5138 2661 5193 sit
2710 5139 2824 5207 ipse
2880 5139 3269 5208 primogenitus
3314 5140 3368 5194 in
3422 5143 3606 5197 multis

2035 5229 2296 5285 fratribus
2326 5249 2337 5283 :
2371 5228 2484 5284 lloe
2507 5236 2590 5283 est
2620 5245 2635 5283 :
2670 5246 2690 5280 ι
2723 5227 2884 5295 Deus,
2913 5231 3001 5298 qui
3038 5240 3282 5298 nepotes,
3326 5245 3391 5285 ac
3422 5240 3606 5302 poste-

2037 5337 2129 5378 ros
2181 5321 2567 5392 prmeognovit,
2629 5323 2828 5391 quique
2883 5324 3063 5379 omnia
3125 5337 3245 5377 cum
3308 5325 3605 5393 praeterita,

2037 5423 2152 5468 tum
2196 5413 2369 5484 futura
2407 5422 2464 5468 ut
2507 5412 2617 5481 jam
2669 5413 3041 5479 subsistentia,
3083 5424 3138 5469 et
3188 5417 3468 5483 praesentia
3522 5417 3607 5470 in-

2038 5515 2238 5574 tuetur,
2274 5514 2328 5561 et
2374 5505 2512 5575 apud
2540 5520 2698 5574 quem
2739 5522 2841 5560 una
2879 5507 3121 5574 quaedam
3176 5522 3429 5563 mensura
3480 5517 3610 5564 sunt

2035 5660 2272 5719 ctionum
2306 5663 2595 5717 varietates
2624 5661 2822 5715 nullius
2851 5663 3104 5717 momenti
3138 5664 3282 5718 sunt.

2105 5734 2182 5803 (4)
2229 5732 2349 5786 Non
2388 5730 2725 5803 αηιριίιιειιεἱ
2750 5731 2867 5786 Gal.
2893 5747 2964 5795 tv,
2993 5734 3043 5803 7.

2105 5801 2181 5873 (ὃ)
2225 5803 2367 5867 Quos
2394 5802 2670 5871 prwtcirit.
2696 5801 2855 5857 Rom.
2882 5817 2995 5869 vm,
3023 5802 3111 5857 29.
