4112 6408
469 372 654 428 .839

1799 364 2032 422 DIDYMI
2069 330 2533 422 ALExANDmNt

3677 365 3784 420 840

550 484 732 541 omnia
762 479 1078 545 smcula,cui
1108 479 1325 533 demum
1357 477 1489 533 nihil
1507 484 1592 534 est
1623 493 1728 536 non
1756 481 2098 549 individuum,

2211 483 2460 550 νογενοῦς
2489 482 2640 548 Υἱοῦ,
2672 482 2764 552 ἀφ’
2786 475 2846 536 οὗ
2882 480 2948 536 ἂν
2981 472 3132 544 οὗτος
3154 481 3183 534 ὁ
3211 480 3552 552 Μονογενὴς,
3593 481 3788 545 καθεὶς

553 585 615 628 ιιι
649 573 805 644 paulo
839 580 961 624 ante
995 567 1070 638 (6)
1100 569 1301 622 dictum
1342 567 1463 632 fuit,
1499 569 1764 636 praevidit,
1800 581 1855 624 et
1888 571 2117 626 manife-

552 673 634 719 ste
659 662 922 732 pollicitus
951 670 1052 722 est,
1079 659 1323 711 homines
1345 657 1390 709 ei
1419 658 1724 712 conformes
1746 658 1954 715 futuros
1973 674 2114 726 esse,

551 755 644 824 qui
681 756 748 808 ab
798 763 1001 806 aeterno
1041 750 1239 804 eratin
1283 748 1457 802 forma
1487 748 1756 819 linigeniti
1808 749 1922 818 ejus
1969 751 2113 818 Filii,

552 856 833 914 postquam
871 845 957 897 hic
997 841 1312 909 Unigenitus
1366 840 1598 907 seipsum
1632 850 1850 910 propter
1900 857 2000 896 nos
2048 842 2117 896 ad

561 937 814 989 servilem
855 932 1082 986 formam
1115 930 1401 984 demittens
1429 930 1625 985 dixerit
1650 946 1715 986 ex
1745 934 1960 1002 propria
1989 948 2117 1003 gra-

555 1028 626 1080 tia
659 1042 674 1078 :
716 1043 735 1075 ι
774 1023 890 1077 Non
927 1023 1155 1090 amplius
1185 1021 1258 1090 (7)
1303 1034 1398 1074 vos
1437 1036 1570 1076 voco
1621 1038 1826 1088 servos,
1863 1025 1954 1079 sed
1983 1025 2119 1079 ami-

557 1131 672 1176 cos.
708 1124 762 1168 et
794 1114 1007 1176 fratres,
1041 1129 1059 1162 ι
1103 1121 1160 1163 ιιι
1199 1111 1274 1162 ait
1309 1111 1607 1178 Scriptura.
1657 1111 2114 1177 Quemadmodum

549 1210 694 1261 enim
734 1220 830 1259 nos
879 1213 1165 1265 creaturae,
1194 1204 1366 1256 vocati
1397 1218 1582 1257 sumus
1633 1205 1726 1256 lilii
1786 1204 1880 1258 Dei
1924 1220 2118 1259 secim-

553 1297 677 1348 dum
703 1294 949 1361 gratiam,
987 1307 1090 1345 non
1132 1290 1422 1344 secundum
1471 1301 1749 1355 naturam;
1798 1293 1866 1344 ita
1918 1291 2116 1360 Unige-

553 1385 698 1440 nitus
727 1381 818 1436 Dei
852 1381 1064 1450 quando
1115 1377 1376 1432 miscebat
1424 1385 1658 1432 terrena‘
1687 1380 2013 1443 caelestibus,
2061 1393 2115 1436 et

549 1489 687 1530 nova
745 1473 900 1526 nobis
939 1472 1082 1526 salus
1133 1471 1183 1522 in
1232 1479 1544 1537 perpetuum
1582 1469 1656 1540 (8)
1709 1470 1889 1535 ﬁebat,
1947 1473 2114 1528 frater

545 1564 707 1636 354
745 1573 946 1628 noster,
979 1572 1033 1615 et
1077 1562 1460 1629 primogenitus
1491 1569 1716 1616 vocatus
1753 1571 1854 1630 est,
1888 1579 1992 1618 non
2025 1581 2113 1620 sc-

544 1658 780 1711 cundum
825 1662 1096 1715 naturam,
1125 1667 1283 1721 quam
1328 1652 1487 1706 habet
1536 1667 1605 1705 ex
1657 1652 1839 1716 Patre,
1879 1657 1973 1710 sed
2026 1673 2113 1712 se-

2212 573 2399 626 ἐαυτὸν
2442 573 2508 626 δι’
2543 575 2690 643 ἡμᾶς
2742 574 2823 636 είς
2849 571 3190 643 δουλοπρεπῆ
3245 571 3478 642 μορφὴν,
3505 571 3650 635 λέξει
3680 573 3789 645 ἰδίᾳ

2211 664 2412 735 δωρεᾷ·
2453 683 2471 714 ι
2499 664 2610 716 Οὐκ
2639 663 2720 716 ἔτι
2767 663 2909 733 ὑμᾶς
2955 661 3104 716 καλῶ
3141 661 3377 725 δούλους,
3409 661 3546 716 ἀλλὰ
3595 663 3787 730 φίλους

2213 755 2307 808 καὶ
2346 754 2633 822 ἀδελφοὺς,
2677 753 2754 816 ὡς
2801 753 3130 824 γέγραπται.
3173 754 3269 806 Ὃν
3321 753 3526 822 τρόπον
3571 754 3681 822 γάρ
3734 757 3785 808 οἱ

2213 845 2442 909 κτιστοὶ,
2476 846 2582 897 υἱοὶ
2615 843 2922 914 ἐκλήθημεν
2963 843 3056 896 τοῦ
3103 842 3259 908 Θεοῦ,
3303 844 3443 897 κατὰ
3486 844 3671 915 χάριν,
3719 847 3784 898 οὐ

2214 935 2358 990 κατὰ
2404 935 2598 1005 φύσινο
2646 935 2907 998 ὡσαύτως
2953 937 2982 988 ὁ
3025 935 3336 1006 Μονογενὴς
3370 934 3464 988 τοῦ
3499 936 3658 1001 Θεοῦ,
3692 938 3786 990 ὅτε

2214 1028 2406 1098 ἐμίγνυ
2448 1027 2515 1080 τὰ
2561 1027 2777 1094 ἐπίγεια
2828 1027 2940 1088 τοῖς
2982 1024 3354 1094 ἐπουρανίοις,
3411 1029 3505 1078 καὶ
3540 1025 3790 1097 σωτηρία.

2211 1119 2342 1188 ἡμῖν
2389 1116 2485 1169 νέα
2537 1115 2625 1168 διά
2668 1116 2853 1178 τέλους
2909 1116 3138 1182 ἐγίνετο,
3190 1114 3419 1183 ἀδελφὸς
3469 1116 3627 1186 ἡμῶν
3685 1117 3784 1169 καὶ

2212 1208 2554 1280 πρωτότοκος
2585 1206 2810 1276 ἐκλήθη,
2851 1206 2912 1258 οὐ
2953 1205 3094 1258 κατὰ
3122 1204 3218 1275 τὴν
3247 1206 3310 1257 ἐκ
3338 1205 3550 1276 Πατρὸς
3593 1204 3780 1276 φύσιν,

2211 1299 2346 1354 ἀλλὰ
2385 1297 2527 1352 κατὰ
2555 1297 2650 1367 τὴν
2676 1298 2740 1349 ἐκ
2767 1297 2865 1365 τῆς
2898 1296 3174 1366 Παρθένου
3211 1296 3306 1348 καὶ
3344 1295 3485 1348 κατὰ
3509 1297 3610 1368 τὴν
3639 1299 3786 1361 Παρη

2213 1391 2361 1444 θένον
2413 1390 2688 1460 σάρκωσιν
2728 1387 2910 1441 αὑτοῦ.
2948 1387 3216 1458 Εὔκαιρον
3253 1388 3431 1442 τοίνυν
3477 1388 3544 1441 ἂν
3581 1390 3666 1458 εἴη
3699 1391 3749 1442 εὶ

2210 1485 2332 1534 πεῖν
2383 1481 2516 1551 πρὸς
2569 1480 2896 1550 αἱρετικοὺς,
2947 1479 3082 1549 ὅπερ
3125 1478 3338 1548 εἴρηται
3376 1480 3490 1542 τοῖς
3529 1478 3633 1543 ἔξω
3671 1497 3779 1532 κα-

2209 1572 2345 1637 λῶς’
2381 1591 2402 1624 ‹
2431 1571 2513 1624 Τὰ
2543 1570 2709 1641 ψεύδη
2747 1571 2914 1641 μίσει,
2951 1570 3039 1623 ἵνα
3073 1587 3155 1622 σοι
3183 1573 3216 1640 ἡ
3256 1571 3481 1641 ἀλήθεια
3523 1573 3783 1643 προσεθί-

2209 1661 2390 1734 ζηται.
2431 1682 2450 1715 ι

541 1753 772 1806 cundum
804 1749 1177 1811 oeconomiam,
1205 1763 1307 1815 qua
1375 1762 1594 1802 carnem
1649 1751 1876 1819 sumpsit
1919 1768 1986 1807 ex
2050 1756 2288 1828 Virgine,
2351 1759 2501 1815 carni
2565 1761 2734 1829 ipsius
2762 1758 2996 1828 Virginis
3021 1751 3270 1813 similem.
3305 1758 3618 1828 Opportune
3645 1772 3781 1826 ergo

547 1932 643 1987 tibi
685 1932 884 1986 veritas
915 1929 1189 1985 assueliat.
1226 1947 1244 1980 ι

1205 2019 1356 2073 CAP.
1400 2019 1466 2075 V.

613 2113 765 2180 Quod
801 2112 960 2165 tertio
982 2109 1101 2164 loco
1126 2117 1448 2179 proponunt,
1477 2117 1559 2165 est
1585 2112 1886 2180 prophetia,
1920 2115 1972 2169 in
2002 2131 2108 2186 qua

540 2218 607 2258 ex
644 2217 869 2272 persona
896 2200 1126 2263 Domini,
1159 2200 1248 2268 qui
1290 2199 1450 2254 rebus
1495 2203 1746 2257 omnibus
1797 2205 2096 2261 subsisten-

540 2303 670 2355 tiam
705 2300 908 2364 tribuit,
952 2299 1190 2352 dicitur:
1243 2314 1262 2346 ι
1296 2296 1406 2366 Ego
1456 2298 1533 2368 (9)
1589 2313 1706 2354 sum
1784 2304 2104 2374 principium

539 2402 594 2446 et
634 2391 776 2445 linis.
815 2409 834 2441 ι
875 2389 1005 2443 Inde
1033 2390 1176 2443 enim
1210 2389 1377 2458 ipsius
1399 2389 1791 2455 exsistentiam,
1822 2408 1942 2463 qua:
1974 2403 2107 2449 tem-

539 2481 687 2552 poris
717 2495 911 2550 expers
963 2477 1078 2550 (10)
1117 2487 1218 2546 est,
1277 2488 1332 2535 et
1384 2488 1647 2534 creaturae
1699 2482 2104 2553 intelligentiam

537 2574 774 2639 excedit,
830 2573 1203 2643 temporariam
1256 2585 1375 2627 esse
1421 2573 1698 2641 colligunt,
1762 2575 1970 2645 ineptas
2006 2578 2106 2631 lin-

541 2666 717 2735 gendo
751 2663 1216 2732 interpretationes
1262 2662 1408 2736 (ll);
1466 2673 1625 2734 atque
1677 2665 1730 2719 in
1779 2679 1845 2720 eo
1884 2667 2101 2721 enitun-

542 2765 648 2819 tur,
681 2764 738 2807 ut
783 2755 1018 2822 ipsorum
1079 2753 1314 2822 nequitia
1372 2754 1543 2808 virtus
1579 2763 1883 2811 censeatur.
1937 2755 2104 2822 Quot-

539 2855 670 2914 quot
702 2844 812 2916 (12)
853 2854 1032 2898 autem
1076 2845 1216 2897 hunc
1258 2843 1604 2913 Unigenitum
1649 2845 1704 2898 in
1736 2859 1989 2902 sermone
2019 2847 2098 2902 di-

537 2933 700 2985 vitem
735 2932 844 3002 (15)
895 2931 1062 2984 Deum
1113 2947 1218 2985 non
1267 2933 1537 3002 ignorant,
1581 2943 1640 2987 ut
1695 2935 1932 2990 hatretici
1990 2937 2100 3005 isti,

541 3021 619 3076 illi
654 3037 720 3076 ne
753 3022 899 3075 aurei
933 3022 1145 3090 quidem
1183 3022 1339 3088 hujus
1375 3023 1526 3088 dicti,
1563 3039 1667 3091 quo
1707 3025 1872 3094 ipsius
1909 3027 2102 3082 divini-

543 3121 626 3166 tas
657 3113 942 3176 indicatur,
969 3112 1348 3167 sublimitatem
1372 3114 1586 3183 assequi
1617 3104 1676 3170 se
1708 3130 1864 3184 posse
1893 3118 2097 3173 vident.

541 3204 678 3260 Nam
712 3219 811 3258 vox
842 3205 1158 3273 principium
1189 3207 1427 3270 denotat,
1455 3221 1597 3273 eum,
1625 3216 1684 3261 ut
1712 3209 1974 3279 principio
2003 3224 2096 3264 ca-

537 3306 770 3362 rentem;
805 3296 1206 3352 constitutionis
1239 3313 1416 3352 rerum
1447 3299 1684 3353 omnium
1708 3314 1926 3355 causam
1952 3315 2095 3367 esse,

2133 2039 2181 2098 B

436 1869 438 1874 ι
540 1841 800 1894 adversus
851 1838 1132 1892 haereticos
1185 1837 1293 1890 dici
1354 1847 1549 1907 potest,
1604 1833 1746 1907 qu'od
1827 1842 1959 1896 scite
2035 1845 2104 1901 ab
2173 1850 2403 1905 ethnicis
2468 1850 2667 1904 dictum
2730 1847 2869 1903 fuit:
2911 1866 2932 1900 ι
3006 1848 3282 1904 Mendacia
3344 1849 3467 1904 odio
3502 1847 3663 1915 habe,
3717 1859 3780 1903 ut

2865 2026 3024 2081 ΚΕΦ.
3053 2028 3134 2082 E'.

2275 2121 2443 2193 Τρίτη
2473 2120 2653 2174 αὐτῶν
2683 2119 2965 2190 πρότασις,
2995 2122 3027 2192 ή
3057 2123 3122 2174 ἐκ
3157 2121 3450 2192 προσώπου
3470 2123 3566 2178 τοῦ
3597 2124 3774 2178 πάντα

2207 2212 2605 2283 ὑποπήσαντος
2647 2213 2852 2281 Κυρίου
2897 2212 3132 2281 λέγουσα
3182 2215 3519 2286 προφητεία·
3571 2235 3592 2268 ι
3633 2217 3775 2286 Ἑγὼ

2206 2305 2319 2374 εἰμι
2347 2305 2380 2374 ἡ
2409 2304 2549 2375 ἁρχὴ
2592 2304 2686 2356 καὶ
2713 2303 2772 2355 τὸ
2807 2303 2978 2367 τέλος.
3004 2324 3024 2356 ›
3073 2306 3347 2377 Χρονικὴν
3389 2307 3497 2378 γὰρ
3526 2307 3775 2361 ἐντεῦθεν

2204 2394 2301 2464 τὴν
2342 2393 2569 2463 ἄχρονον
2605 2395 2698 2446 καὶ
2737 2393 2877 2464 ὑπὲρ
2916 2394 3040 2448 νοῦν
3079 2394 3312 2466 ὓπαρξιν
3356 2397 3520 2450 αὐτοῦ
3551 2398 3777 2452 ἀπειθά-

2205 2501 2314 2547 νοις
2353 2484 2598 2555 ἐκδοχαῖς
2623 2485 3075 2553 ἀναπλάττουσιν,
3106 2487 3200 2539 καὶ
3237 2487 3512 2558 βιάζονται
3545 2490 3644 2560 τὴν
3675 2507 3774 2544 κα-

2205 2574 2328 2626 κίαν
2369 2574 2546 2626 αὐτῶν
2577 2573 2778 2645 ἀρετὴν
2805 2574 3150 2644 νομισθῆναι.
3177 2576 3332 2630 Ὅσοι
3363 2577 3418 2629 δὲ
3457 2576 3643 2630 τοῦτον
3679 2577 3771 2630 τὸν

2203 2664 2480 2733 Μονογενῆ
2505 2663 2880 2732 πλουσιολόγον
2905 2665 3034 2718 Θεὸν
3054 2667 3152 2719 οὐκ
3177 2667 3476 2735 ἀγνοοῦσιν,
3503 2667 3578 2732 ὡς
3601 2660 3768 2732 οὗτοι,

2205 2754 2431 2816 ἐπιδεῶς
2457 2754 2638 2824 ἔχουσι
2667 2757 2759 2808 καὶ
2797 2757 2894 2826 τῆς
2925 2757 3019 2808 τοῦ
3058 2757 3260 2828 χρυσοῦ
3293 2761 3532 2830 ῥήματος
3576 2758 3766 2810 τούτου

2204 2842 2500 2911 θεολογίας.
2529 2845 2688 2913 Δηλοῖ
2716 2847 2823 2915 γὰρ
2862 2847 2894 2914 ἡ
2939 2847 3034 2915 μὲν
3086 2847 3249 2917 ἀρχὴ,
3288 2847 3349 2899 τὸ
3392 2846 3562 2899 αἴτιον
3596 2847 3762 2899 αὐτὸν

2202 2931 2362 3000 εἶναι,
2385 2935 2460 2998 ὡς
2491 2934 2750 3006 ἄναρχον,
2787 2935 2928 2988 καθὰ
2963 2938 2992 2988 ὁ
3030 2937 3160 3000 Θεὸς
3200 2936 3387 3008 Πατὴρ
3423 2937 3518 3007 τῆς
3547 2938 3764 2990 πάντων

2201 3027 2530 3090 συστάσεως.
2565 3027 2621 3080 Ὀ
2649 3027 2758 3097 γὰρ
2787 3027 2861 3080 ὢν
2905 3028 3047 3100 ἀρχὴ
3074 3030 3172 3082 οὐκ
3211 3029 3322 3099 ἔχει
3352 3030 3441 3082 τὸν
3483 3029 3768 3099 προϋπάρ-

2199 3134 2379 3188 χοντα,
2407 3116 2481 3179 ὡς
2507 3118 2535 3169 ὁ
2566 3115 2791 3175 ὕστατος
2823 3117 2923 3170 οὐκ
2975 3117 3088 3187 ἔχει
3132 3117 3220 3171 τὸν
3273 3117 3400 3189 [168
3429 3117 3480 3190 b]
3521 3117 3766 3171 ὕστατον.

2211 3206 2376 3285 Ἀρχὴ
2411 3206 2538 3276 γὰρ,
2566 3204 2640 3269 ὥς
2678 3224 2840 3276 φησιν
2877 3208 3251 3279 Ἀριστοτέλης
3288 3210 3346 3260 ἐν
3387 3209 3620 3278 πέμπτῳ
3656 3208 3766 3261 τῶν

2198 3299 2358 3354 Μετὰ
2424 3297 2496 3352 τὰ
2575 3300 2822 3366 φυσικὰ,
2874 3297 3088 3365 λέγεται
3167 3298 3468 3368 πολλαχῶς.
3537 3298 3767 3365 Λέγεται

537 3389 676 3444 sicut
702 3396 784 3442 est
826 3386 975 3442 Deus
1002 3385 1180 3441 Pater.
1214 3386 1343 3441 Nam
1375 3389 1468 3458 qui
1499 3397 1581 3444 est
1609 3388 1951 3459 principium,
1977 3391 2096 3444 nul-

2200 3394 2297 3464 μὲν
2333 3392 2443 3463 γὰρ
2489 3393 2670 3464 ἀρχὴ,
2710 3387 2820 3445 οἷον
2864 3393 3138 3462 βασιλεία,
3183 3393 3512 3463 στρατηγία·
3552 3392 3765 3460 λέγεται

533 3480 644 3531 lum
690 3478 851 3532 habet
885 3486 1009 3531 ante
1041 3491 1099 3532 se
1150 3479 1522 3544 exsistentem,
1553 3479 1692 3533 sicut
1721 3479 1942 3535 ultimus
1975 3480 2098 3534 nul-

535 3567 647 3620 lum
698 3566 860 3621 habet
921 3574 1040 3634 post
1081 3583 1139 3620 se
1187 3567 1452 3622 ultitnum.
1517 3569 1728 3623 Etenim
1785 3569 1952 3640 ἀρχή,
2002 3586 2098 3625 seu

535 3656 872 3724 principium,
907 3667 962 3710 ut
989 3658 1065 3711 ait
1099 3657 1210 3730 (14)
1247 3658 1565 3714 Aristoteles
1597 3660 1651 3712 in
1703 3661 1889 3727 quinto
1925 3658 2098 3713 Meta-

533 3750 865 3819 physicorum
926 3749 1079 3820 (15),
1131 3749 1327 3804 dicitur
1385 3749 1567 3804 multis
1627 3749 1820 3806 modis.
1890 3747 2098 3804 Dicitur

532 3841 677 3895 enim
723 3841 887 3912 ἀρχή,
921 3840 973 3896 id
1022 3850 1107 3896 est
1159 3843 1502 3912 principatus,
1541 3850 1600 3896 ut
1633 3856 1881 3911 regnum,
1907 3848 1958 3894 et
1995 3841 2099 3894 itn-

601 4023 681 4096 (ϐ)
723 4026 892 4096 Paulo
926 4035 1069 4096 ante.
1097 4023 1276 4094 Segm.
1306 4025 1450 4096 lO_6-

602 4092 680 4164 (7)
731 4095 852 4148 Non
912 4095 1134 4163 amplius
1177 4092 1296 4146 ὐοδ.
1354 4093 1510 4148 Joan.
1563 4107 1665 4160 xv,
1730 4092 1819 4148 15.
1881 4093 2092 4148 Citatur

531 4177 784 4303 εωίἒῖείη
826 4243 1147 4300 perpetuum.
1182 4229 1385 4303 Griece,
1418 4229 1507 4284 διὰ
1553 4231 1779 4303 tri-3503;:
1803 4231 1933 4297 Quae
1977 4229 2090 4303 for-

531 4299 672 4354 mula
716 4304 899 4356 eodem
954 4317 1115 4355 sensu
1173 4299 1456 4352 adhibetur
1503 4315 1531 4352 a
1569 4299 1711 4352 LXX
1761 4301 1864 4354 lnt.
1895 4301 2088 4363 semel,

534 4387 724 4440 nempe
771 4373 870 4424 lsa.
896 4386 1039 4432 LXII,
1083 4370 1134 4440 6_,
1184 4369 1250 4440 ab
1300 4368 1530 4422 Isocrate
1579 4370 1629 4422 in
1656 4369 1921 4440 'Nt'cocle,
1953 4379 2088 4440 etia

2191 3487 2248 3539 δὲ
2303 3486 2398 3540 καὶ
2470 3485 2740 3551 τοπικῶς,
2803 3485 2879 3549 ὡς
2956 3486 3100 3556 ἁρχὴ
3173 3485 3372 3556 δρόμου
3429 3487 3461 3556 ή
3538 3485 3760 3554 βαλϐίς·

2190 3577 2403 3646 λέγεται
2439 3576 2495 3628 δέ
2533 3577 2624 3629 καὶ
2649 3575 2930 3646 χρονικῶς,
2971 3577 3046 3639 ὡς
3077 3577 3218 3647 ἀρχὴ
3249 3576 3401 3638 ἔτους
3430 3575 3526 3645 ἥδε
3559 3578 3592 3646 ἡ
3625 3575 3763 3646 ἠμέ-

2193 3681 2291 3734 ραο
2333 3662 2547 3729 λέγεται
2587 3663 2642 3715 δὲ
2691 3664 2782 3716 καὶ
2822 3664 3084 3734 φυσικῶς,
3129 3664 3204 3728 ὡς
3244 3665 3385 3738 ἁρχὴ
3431 3665 3662 3735 βρέφους
3705 3664 3765 3717 τὸ

2194 3750 2446 3820 σπέρμα·
2476 3749 2690 3816 λέγεται
2733 3751 2790 3804 δὲ
2832 3752 2926 3804 καὶ
2967 3751 3110 3804 κατὰ
3150 3751 3349 3816 αἰτίαν,
3389 3751 3464 3814 ὡς
3498 3753 3640 3824 ἀρχὴ
3667 3751 3763 3804 τοῦ

2192 3839 2502 3909 ἀνδριάντος
2534 3842 2562 3892 ὁ
2602 3839 3054 3911 ἀνδριαντοποιός.
3086 3841 3272 3906 Οὕτως
3293 3838 3385 3896 οῦν
3413 3842 3643 3914 λέγομεν
3668 3844 3762 3895 αὐ-

2191 4029 2336 4098 enim
2370 4043 2473 4083 una
2504 4043 2625 4084 cum
2655 4028 2851 4083 mundo
2878 4035 3040 4095 coepit
3067 4044 3083 4080 :
3115 4042 3233 4098 quae
3259 4043 3384 4084 vero
3415 4043 3576 4098 supra
3612 4045 3761 4084 mun-

2188 4095 2316 4150 dum
2344 4109 2487 4161 sunt,
2515 4107 2723 4166 tempus
2752 4098 3079 4163 przecedunt.
3107 4115 3125 4147 ι

2259 4167 2370 4238 (11)
2409 4167 2894 4238 Interpretationes.
2944 4167 2998 4219 lu
3057 4168 3269 4230 Graaco,
3325 4167 3587 4236 ἐκδοχαῖς.
3629 4167 3746 4233 Qua

2189 4249 2327 4290 voce
2373 4238 2560 4293 eodem
2615 4251 2808 4300 sensu,
2861 4245 2918 4288 ut
2971 4246 3121 4304 puto,
3170 4241 3337 4291 utitur
3383 4238 3637 4305 Didymus
3700 4239 3751 4291 in

2190 4317 2479 4361 comment.
2511 4307 2575 4361 ad
2617 4321 2760 4374 vers.
2787 4306 2819 4359 5
2847 4305 3034 4374 capitis
3061 4307 3186 4359 noni
3221 4305 3339 4361 Jobi
3371 4321 3491 4374 pag.
3523 4306 3629 4374 909
3667 4323 3759 4360 ca-

2192 4381 2345 4445 teum,
2388 4377 2630 4445 quamvis
2662 4373 2855 4429 Junius
2882 4373 2999 4445 eam
3031 4374 3188 4445 aliter
3214 4377 3486 4445 acceperit
3512 4393 3526 4428 :
3554 4373 3759 4430 τΗλθεν

534 4436 847 4518 Philemone
901 4436 1362 4518 apudnlustinum
1420 4447 1710 4518 martyrem
1749 4440 1817 4518 in
2017 4439 2090 4518 De

2199 4436 2417 4518 (inquit)
2439 4446 2692 4518 Ἰησοῦςγὸ
2717 4443 3107 4518 καταστρέφων
3135 4444 3233 4518 τὴν
3267 4436 3407 4518 κατὰ
3435 4447 3757 4518 τὸ-γράμμα

532 4510 838 4586 gnonarchia
867 4506 987 4586 pag.
1017 4507 1107 4572 59,
1140 4509 1240 4560 hoc
1275 4520 1431 4578 versu
1460 4525 1473 4560 :
1508 4506 1626 4578 Θεῷ
1653 4507 1710 4559 δὲ
1747 4506 1840 4560 θῦε
1869 4507 1956 4559 διὰ
1997 4508 2085 4559 τέ-

2199 4506 2547 4586 ἑκδὸχὴνκαὶ
2588 4506 2713 4586 τοὺς
2753 4506 2944 4586 ταυτῃί
2976 4506 3111 4583 μετὰ
3155 4506 3251 4586 τὴν
3287 4515 3446 4582 χάριν
3493 4506 3758 4586 ἐμμένον-

532 4578 655 4641 λους
677 4575 881 4640 δίκαιος
910 4575 1004 4630 ὢν.

606 4648 680 4718 (9)
721 4647 871 4718 Εςιο.Δ
899 4648 1064 4718 Apoc.
1093 4661 1214 4718 Axxt,
1243 4643 1294 4698 6.
1316 4643 1367 4718 _G
1381 4645 1760 4718 raecahcditio:
1799 4645 1940 4715 Ἑγὼ
1973 4648 2088 4718 είμι

530 4717 592 4770 τὸ
616 4713 677 4770 ’Ᾱ
705 4717 798 4770 κα)⁴
829 4715 888 4768 τὸ
924 4713 983 4776 Ω,
1015 4718 1047 4786 ἡ
1081 4715 1221 4785 ἀρχὴ
1246 4715 1340 4766 καὶ
1361 4713 1440 4786 ,το
1479 4713 1650 4786 τέλος,
1685 4715 1737 4767 id
1770 4713 1880 4779 est,
1923 4734 1942 4766 ι
1979 4713 2088 4785 Ego

533 4803 651 4842 sum
676 4789 721 4839 A
745 4796 797 4840 et
827 4785 889 4850 Ω,
921 4782 1239 4854 principium
1266 4793 1321 4838 et
1345 4782 1484 4837 linis.
1512 4803 1530 4835 ι
1574 4783 1704 4838 Vide
1729 4787 1889 4840 etiam
1918 4782 2084 4854 Apoc.

534 4873 570 4911 ι.
602 4857 654 4911 8.

556 4898 570 4923 ’
604 4898 713 4996 (10)
757 4924 1265 4996 Temporis__ea:per_s.
1318 4928 1538 4991 Nempe,
1587 4921 1654 4976 ab
1687 4931 1889 4996 aeterno
1937 4925 2085 4979 exsi-

532 4993 703 5050 ste’us.
742 4996 975 5050 Joannes
1028 4993 1408 5047 Euchaitarum
1463 4993 1797 5059 metropolita
1847 4993 1899 5045 in
1953 5009 2083 5048 ora--

535 5067 677 5118 tione
731 5065 954 5134 necdum
986 5064 1152 5134 Aedita
1211 5061 1328 5134 {cui
1377 5061 1597 5134 titulus:
1629 5061 1821 5134 A670;
1852 5063 1930 5126 εἰς
1988 5063 2086 5134 τὴν

534 5134 750 5198 σύναξιν
772 5133 878 5185 τῶν
904 5131 1072 5200 ἁγίων
1093 5130 1358 5201 ἀγγέλων,
1382 5130 1480 5201 τὴν
1506 5131 1923 5201 ἐπιτελουμένην
1948 5130 2088 5186 κατὰ

531 5204 628 5274 τὴν
653 5204 843 5274 ὀγδόην
879 5203 972 5254 τοῦ
1012 5200 1315 5274 Νοεμὸρίου
1346 5200 1531 5269 μηνός,
1559 5201 1608 5253 id
1638 5211 1741 5274 est,
1763 5200 1795 5274 ι
1823 5200 2000 5258 sermo
2033 5207 2084 5256 in

530 5271 772 5343 sy’nax’im
800 5271 1116 5343 sanctorum
1147 5271 1478 5343 angelorum,
1519 5284 1639 5338 quae
1668 5271 1968 5343 celebratur
1997 5275 2085 5328 die

531 5340 626 5395 viti
674 5341 1033 5410 Novembris),
1068 5358 1084 5390 ι
1125 5340 1430 5406 angelorum
1463 5355 1676 5408 quoque
1716 5342 2082 5395 exsistantiam

529 5412 667 5483 dicit,
706 5411 1099 5483 éxpovov,_setl
1146 5411 1250 5462 alio
1296 5423 1494 5472 sensu;
1546 5419 1830 5483 propterea
1877 5412 2086 5466 scilicet

527 5482 672 5549 quod
721 5479 931 5549 creatos
979 5479 1143 5549 fuisse
1176 5488 1352 5549 putet,
1402 5489 1686 5549 antequam
1731 5480 1894 5532 ullum
1941 5492 2086 5536 esset

530 5546 760 5618 tempus.
799 5548 1016 5611 Τούτοις
1049 5546 1263 5618 (inquit)
1295 5547 1526 5618 ῦνπαρξις
1559 5546 1794 5618 ,ἄχρονος
1831 5549 1950 5618 μὲν,
1984 5551 2084 5602 οὐκ

529 5617 759 5690 ἄναρχος
791 5619 873 5690 δέἶ
905 5618 1104 5690 Χρόνῳ
1136 5617 1459 5690 γὰρίκόσμῳ
1509 5617 1843 5690 σῦ-νδρομος,
1881 5619 1988 5690 πρὸ
2011 5619 2084 5671 ’δὲ

529 5687 730 5753 κόσμου
759 5687 826 5740 τὰ
855 5687 1227 5756 ὑπερκόσμια,
1260 5689 1310 5738 id
1349 5687 1451 5749 est,
1495 5705 1512 5736 ι
1543 5687 1741 5741 Horum
1770 5687 2082 5741 exsistentia

532 5756 784 5824 temporis
804 5756 1017 5824 quidem
1041 5770 1230 5824 expers
1253 5766 1352 5819 εει,
1377 5759 1468 5812 sed
1497 5771 1601 5811 non
1623 5767 1848 5811 atterna:
1875 5765 2082 5828 tempus

2188 4583 2352 4653 τας.ζζ
2374 4583 2458 4637 τὰ
2492 4583 2920 4652 πεπαλαιωμένα
2958 4583 3331 4653 κατεστράφη,
3380 4583 3758 4653 πεπαλαίωται

2189 4652 2258 4725 τὰ
2287 4653 2381 4706 τοῦ
2414 4655 2758 4725 γράμματος.
2789 4651 2932 4725 Quae
2972 4653 3059 4725 sic
3083 4651 3246 4725 vertit
3268 4651 3459 4725 Junius
3486 4669 3500 4704 :
3543 4671 3561 4701 ι
3597 4652 3758 4725 Venit

2189 4719 2367 4798 Jesus,
2401 4718 2493 4792 qui
2527 4718 2995 4798 'e'xSpectationem
3043 4721 3195 4798 (pace
3221 4718 3365 4798 Junii
3398 4718 3597 4798 dictum
3634 4723 3704 4798 sit
3737 4742 3751 4774 :

2188 4787 2372 4846 malim
2401 4787 2693 4856 vertereft
2729 4787 3225 4856 interpretationem
3261 4789 3307 4856 ι)
3340 4787 3632 4840 secundum
3665 4788 3754 4841 lit-

2188 4866 2381 4926 teram,
2409 4871 2463 4915 et
2493 4875 2608 4926 eos,
2639 4859 2728 4926 qui
2759 4866 2880 4928 post
2922 4859 3150 4926 gratiam
3183 4858 3234 4910 in
3264 4871 3349 4928 ea
3379 4867 3754 4923 perseverant,

2188 4924 2394 4985 delet...
2420 4924 2611 4985 Vetera
2656 4924 2830 4981 delata
2873 4924 3026 4990 sunt;
3063 4941 3181 4995 quae
3213 4926 3281 4980 ad
3318 4924 3550 4978 litteram
3584 4929 3754 4996 perti-

2187 5011 2337 5064 nent,
2372 5009 2688 5055 vetustatem
2720 4998 3022 5051 induerunl.
3051 5015 3070 5047 ι

2257 5063 2368 5138 (12)
2409 5071 2698 5138 Quotquot.
2729 5067 2930 5138 Codex,
2965 5065 3129 5138 ὅσοις.
3163 5063 3304 5138 Lego
3329 5066 3464 5119 ὅσοι.

2259 5132 2371 5208 (15)
2412 5132 2478 5192 In
2524 5132 2756 5192 sermone
2809 5136 3039 5208 divitem.
3080 5137 3137 5208 in
3183 5132 3393 5208 Graeco,
3437 5132 3756 5208 πλουσιολό-

2186 5203 2304 5276 γον.
2335 5203 2418 5262 An
2463 5208 2768 5277 legendum,
2813 5203 3024 5275 Πατρὸς
3063 5205 3256 5273 Λόγον,
3289 5207 3344 5260 id
3389 5215 3491 5272 est,
3524 5222 3542 5256 ι
3578 5203 3755 5261 Patris

2189 5277 2460 5333 Verbum?
2482 5296 2500 5328 ι

2235 5280 2362 5332 erbu
2372 5280 2460 5330 m?
2482 5296 2500 5328 ι

2284 5348 2366 5417 14)
2407 5348 2517 5417 Ait.
2544 5345 2725 5400 Codex
2760 5346 3013 5417 mendose
3044 5363 3205 5416 φασιν
3238 5360 3336 5415 pro
3362 5362 3548 5417 φησιν.

2282 5415 2368 5488 15)
2407 5416 2476 5469 1η
2529 5416 2711 5487 quinto
2768 5415 2999 5484 Metaph.
3056 5415 3358 5488 Aristotelis
3415 5415 3577 5488 verba
3645 5427 3748 5488 non

2185 5484 2378 5542 aliert':
2407 5484 2619 5541 exstant
2651 5495 2824 5539 autem
2852 5501 3030 5555 cap.t,
3057 5501 3180 5555 pag.
3207 5486 3332 5548 885,
3362 5485 3585 5555 tom._|l,
3616 5484 3747 5555 edit.

2185 5557 2473 5612 Parisiens.
2502 5556 2625 5609 anni
2661 5556 2816 5609 1619.
2853 5553 3084 5609 Devoce
3126 5572 3284 5623 porro
3304 5555 3444 5625 ἀρχή
3492 5553 3610 5607 fuse
3645 5553 3753 5606 dis-

2184 5629 2408 5750 εειῆιῶι
2437 5625 2797 5749 ἶεᾶὄυιιίοηυε
2829 5625 2883 5680 in
2918 5625 3054 5681 libro
3086 5624 3350 5681 Adversus
3373 5624 3750 5692 Hermogenem

2185 5711 2300 5750 can.
2419 5711 2448 5750 ε
2575 5733 2588 5748 .

2185 5711 2300 5764 cap.
2330 5699 2394 5750 19
2419 5705 2472 5750 ει
2499 5699 2588 5748 20.
