4134 6402
325 447 428 506 841

1389 439 1478 495 DE
1515 438 1889 497 TNNITATE
1926 437 2129 493 LIBER
2167 438 2482 495 TERTIUS.

3458 436 3562 491 ΜΞ

326 565 415 619 τὸν
439 561 633 633 ἀρχὴν,
659 560 735 624 ώς
766 559 934 614 αἴτιον
973 559 1066 612 καὶ
1096 556 1434 629 Δημιουργόν
1454 573 1468 587 ο
1495 555 1557 609 τὸ
1588 554 1645 609 δέ
1664 570 1728 622 γε
1746 553 1897 617 τέλος

2017 554 2204 608 torium
2266 552 2418 610 ducis
2475 553 2529 607 in
2592 551 2751 609 bello.
2804 551 3011 607 Dicitur
3066 549 3227 605 etiam
3284 547 3452 602 relate
3498 549 3563 601 ad

328 655 389 709 τὸ
418 659 498 719 είς
520 654 700 717 αὑτὸν,
735 652 809 716 ὡς
830 650 1206 723 άπερίγραφον
1231 649 1326 703 καὶ
1358 647 1515 718 μόνον
1548 647 1740 718 ἔχοντα
1766 645 1899 700 ἁθαο

308 730 544 808 ’νασίαν,
579 744 792 797 πάντων
825 741 892 797 τὰ
928 742 1138 812 πέρατα
1174 737 1599 812 συνερείδεσθαι,
1636 737 1726 792 καὶ
1763 736 1902 807 μετὰ

327 835 426 906 τὴν
457 834 614 888 τοῦδε
634 833 726 887 τοῦ
758 832 955 895 παντὸς
982 831 1291 903 πληρότητα
1323 832 1402 894 είς
1428 830 1515 883 ἀεὶ
1543 829 1636 883 καὶ
1658 828 1901 900 ἀπείρως

328 924 603 995 διαμένειν
642 924 826 978 αὐτόν.
864 921 1071 978 Οὐκοῦν
1105 925 1134 976 6
1165 923 1390 993 ἄπειρος
1433 920 1642 989 γένεσιν
1671 919 1811 990 ἔχειν
1839 917 1899 971 οὐ

328 1012 577 1066 δύναται·
637 1011 711 1083 μὴ
774 1011 1068 1081 δυνάμενος
1129 1010 1206 1074 δὲ,
1262 1009 1424 1072 αὐτὸς
1488 1008 1586 1079 μὲν
1641 1006 1903 1078 ἀγένητός

332 1109 465 1173 ἐστι,
506 1105 680 1160 καίτοι
729 1106 984 1176 γεννητὸς
1030 1104 1106 1158 ὢν
1152 1105 1217 1157 ὲκ
1266 1102 1367 1172 τῆς
1406 1101 1756 1164 ὑποστάσεως
1803 1099 1898 1154 τοῦ⁹

331 1196 464 1251 Θεοῦ
500 1196 709 1268 Πατρὸς
737 1193 1011 1265 φυσικῶς·
1048 1193 1117 1247 τὰ
1149 1192 1205 1246 δὲ
1250 1190 1451 1263 γενητὰ
1483 1189 1802 1259 γεγένηνται
1844 1188 1904 1253 ἐξ

332 1289 495 1344 αὑτοῦ
541 1287 962 1361 δημιουργικῶς.
1000 1283 1221 1346 Τούτοις
1260 1280 1541 1352 ἑπομένως
1580 1277 1797 1347 νοηθείη
1838 1277 1903 1329 ἂν

334 1386 427 1440 καὶ
463 1385 602 1451 ὅπερ
639 1378 851 1442 Παῦλος
898 1373 1299 1430 Κολοσσαεῦσιν
1334 1370 1612 1443 ἐξήγγειλε
1634 1373 1784 1426 τόνδε
1816 1371 1905 1424 τὸν

334 1477 531 1548 τρόπον
552 1489 564 1503 ⁸
600 1470 742 1525 «Kal
764 1468 924 1531 αὑτός
953 1469 1067 1520 ἐστι
1088 1464 1194 1536 πρὸ
1223 1462 1438 1517 πάντων
1459 1477 1472 1491 ·
1488 1480 1507 1514 ι
1533 1461 1629 1532 οὐχ
1654 1460 1729 1525 ὼς
1754 1477 1907 1531 ποιη-

334 1570 425 1632 τὸς
467 1565 565 1639 (μὴ
588 1564 807 1641 ῖγένοιτο
828 1564 840 1614 l
862 1562 902 1631 ),
936 1559 1050 1613 ἀλλ’
1075 1558 1149 1621 ὼς
1178 1555 1451 1626 γεννητὸς.
1487 1555 1552 1607 Et
1592 1555 1666 1625 μὴ
1698 1555 1808 1623 γὰρ
1838 1549 1906 1623 ἦν

324 1659 585 1728 ᾐύἀρχως
618 1654 777 1716 αὐτὸς
817 1650 921 1721 πρὸ
951 1648 1168 1703 πάντων
1198 1644 1483 1723 ¹γεννηθεὶς
1514 1643 1781 1714 ἀληθινῶς
1816 1642 1908 1695 καὶ

336 1745 654 1818 ὁμοουσίως,
688 1742 787 1796 οὐκ
820 1740 886 1794 ἂν
935 1737 1053 1792 κατ’
1083 1735 1265 1789 εἰκόνα
1306 1736 1464 1804 ἡμεῖς
1505 1730 1665 1785 αὑτοῦ
1714 1729 1907 1801 ὁμοού-

2002 644 2199 711 locum,
2252 653 2329 706 ut,
2377 643 2519 716 ἀρχή
2580 643 2657 711 (id
2726 653 2808 698 est
2851 640 3080 711 initium)
3126 653 3315 694 cursus
3358 638 3413 693 in
3460 649 3566 692 sta-

2001 736 2090 792 dio
2139 746 2221 791 est
2286 736 2634 808 repagulum,
2697 750 2790 797 seu
2863 749 3068 789 carcer.
3140 730 3301 803 355
3353 729 3564 784 Dicitur

2001 836 2055 882 et
2104 826 2289 882 relate.
2310 827 2375 881 ad
2427 837 2653 897 tempus,
2703 833 2794 892 ut,
2829 825 2969 897 ἀρχή
3017 824 3162 895 (hoc
3190 833 3275 877 est
3316 822 3567 885 initium)

2002 918 2127 973 anni
2161 928 2243 974 est
2274 919 2388 973 haec
2425 919 2561 974 dies.
2603 916 2809 972 Dicitur
2858 917 3021 970 relate
3060 915 3124 967 ad
3176 923 3446 979 naturam,
3486 922 3565 971 ut.

2002 1011 2144 1083 ἀρχή
2188 1008 2321 1079 (seu
2380 1009 2741 1079 principium)
2784 1006 3006 1061 infantis
3043 1015 3123 1060 est
3168 1019 3373 1059 semen.
3419 1003 3568 1058 Dici—

2006 1109 2092 1155 tur
2150 1100 2442 1156 secundum
2506 1112 2745 1162 causam,
2788 1106 2878 1160 ut.
2931 1096 3072 1168 ἀρχή
3132 1095 3288 1167 (sive
3339 1094 3570 1164 auctor)

2004 1202 2194 1249 stature
2274 1201 2360 1248 est
2419 1190 2730 1246 statuarius.
2811 1188 2902 1244 Sic
2983 1203 3110 1259 ergo
3170 1186 3361 1242 Filium
3439 1187 3571 1242 dici-

2006 1298 2126 1338 mus
2186 1297 2305 1337 esse
2374 1281 2735 1350 principium,
2786 1288 2846 1333 ut
2886 1293 3144 1342 causam,
3200 1288 3252 1332 et
3327 1277 3571 1332 condito-

2010 1389 2159 1431 rem:
2204 1388 2326 1428 eum
2371 1387 2500 1427 vero
2542 1369 2799 1441 appellari
2842 1372 3005 1425 etiam
3052 1369 3248 1435 linem,
3292 1379 3403 1424 tum
3444 1368 3570 1438 quia

2009 1465 2061 1519 iu
2107 1464 2259 1532 ipso,
2307 1477 2429 1516 cum
2471 1461 2968 1530 incircumscriptus
3013 1460 3122 1525 sit,
3173 1476 3236 1515 ac
3280 1460 3430 1516 solus
3475 1460 3572 1514 ha-

2010 1552 2141 1607 bens
2191 1549 2689 1614 immortalitatem,
2737 1549 2976 1603 omnium
3023 1548 3181 1603 simul
3235 1563 3412 1603 rerum
3460 1558 3570 1604 ler-

2010 1640 2137 1695 mini
2182 1639 2483 1694 innituntur
2540 1654 2600 1693 ac
2644 1639 2965 1713 ﬁrmantur;
3009 1645 3121 1692 tum
3160 1639 3285 1707 quia
3325 1648 3443 1707 post
3474 1641 3573 1692 hu-

2007 1726 2092 1797 ius
2115 1726 2348 1782 universi
2380 1728 2536 1781 linem
2570 1725 2681 1798 (l6)
2710 1741 2941 1795 semper,
2966 1734 3020 1783 et
3054 1728 3105 1780 in
3145 1726 3413 1785 infinitum
3450 1742 3573 1797 per-

339 1817 443 1892 σιοι
498 1835 592 1889 τοῦ
650 1831 1096 1904 ἡμᾶς-τεκόντος
1137 1824 1507 1896 ἐγενήθημεν·
1567 1822 1663 1876 καὶ
1724 1826 1771 1875 εί
1830 1822 1904 1893 μὴ

2017 1819 2266 1873 manebit.
2319 1817 2419 1884 Qui
2472 1830 2599 1887 ergo
2650 1818 2773 1872 ﬁnis
2818 1832 3014 1888 expers
3063 1826 3186 1881 est,
3242 1818 3572 1873 exsisteutiae

339 1887 511 2000 προῆν
543 1887 995 1996 άδημιουργήτως
1024 1923 1052 1974 ὁ
1075 1887 1309 1988 ποιητὴς
1338 1887 1433 1967 καὶ
1461 1913 1778 1984 προνοητὴς,
1806 1887 1904 1966 οὑκ

2017 1908 2223 1963 initiqu
2262 1906 2375 1976 (Π)
2420 1907 2619 1961 habere
2662 1922 2766 1961 non
2810 1887 3003 1977 potest.
3046 1906 3197 1972 Quod
3240 1907 3282 1960 si
3330 1909 3430 1960 hoc
3476 1907 3573 1960 ba—

340 2017 423 2072 ἃν³
471 2015 612 2085 ὑπῆν
655 2009 1061 2084 δημιουργικῶς
1121 2007 1188 2061 τά
1238 2003 1434 2074 ποιητὰ
1493 2003 1587 2056 καὶ
1647 2001 1903 2072 προνοού-

344 2125 502 2181 μενα.

2012 2000 2140 2054 bere
2176 1999 2387 2067 nequit,
2436 1999 2548 2067 ipse
2590 1998 2803 2066 quidem
2848 2007 2929 2053 est
2972 1998 3273 2063 iucreatus,
3325 1999 3573 2067 quamvis

2012 2107 2073 2145 ex
2109 2104 2333 2159 persona
2369 2087 2461 2142 Dei
2494 2087 2671 2143 Patris
2704 2088 3017 2143 naturaliter
3047 2088 3261 2156 genitus
3306 2087 3375 2141 sit
3402 2104 3416 2140 :
3449 2101 3571 2156 qua:

347 2179 473 2253 vero
536 2196 672 2252 facta
732 2204 894 2260 sunt,
941 2193 1006 2247 ab
1065 2193 1180 2262 ipso
1236 2204 1333 2261 per
1378 2196 1705 2244 creationem
1757 2187 1899 2243 facta
1979 2192 2123 2240 sunt.
2185 2181 2358 2236 Simili
2421 2182 2574 2237 modo
2636 2180 3034 2251 intelligendum
3099 2193 3181 2234 εει
3222 2179 3384 2235 etiam
3433 2181 3577 2249 quod

339 2293 410 2348 ita
440 2292 637 2347 Paulus
664 2289 1071 2347 Colosseusibus
1102 2284 1442 2341 annuntiavit
1470 2301 1523 2336 ει
1551 2282 1614 2335 Ει
1644 2281 1758 2350 ipse
1822 2279 1933 2349 (l8)
1972 2288 2055 2333 est
2096 2285 2221 2331 ante
2260 2275 2480 2331 omnia:
2519 2295 2535 2325 ι
2584 2290 2685 2329 non
2731 2284 2788 2328 ut
2834 2273 3003 2328 factus
3044 2272 3286 2343 (absit!)
3310 2311 3326 2337 ,
3377 2271 3471 2327 sed
3517 2285 3573 2326 ut

338 2384 572 2455 genitus.
624 2379 757 2435 Nam
815 2379 915 2433 nisi
962 2382 1107 2432 esset
1151 2376 1262 2444 ipse
1311 2372 1377 2427 ab
1431 2380 1634 2425 aeterno
1699 2378 1824 2423 ante
1888 2368 2068 2422 omnia
2111 2381 2241 2422 vere
2294 2374 2348 2420 et
2421 2364 2948 2421 cousubstautialiter
3035 2364 3291 2432 genitus,
3337 2378 3439 2416 non
3485 2376 3575 2417 es-

340 2478 526 2533 semus
595 2491 726 2536 nos.
799 2473 969 2527 instar
1034 2471 1178 2525 illius
1230 2468 1381 2539 (l9),
1423 2476 1608 2522 nostro
1690 2462 2182 2521 consubstantiales
2246 2462 2517 2533 genitori;
2584 2475 2649 2515 ac
2717 2447 2818 2514 nisi
2878 2460 3113 2513 iucreate
3172 2458 3577 2528 pracexstitissct

340 2585 555 2629 creator
603 2582 655 2627 et
693 2570 962 2639 provisor,
996 2582 1082 2622 res
1112 2548 1310 2620 ereatae
1339 2578 1403 2618 ac
1445 2561 1674 2632 provisa:
1722 2575 1825 2616 non
1866 2559 2290 2616 subcxsisterent
2315 2599 2327 2622 ,
2380 2566 2435 2610 ut
2481 2556 2556 2612 sic
2600 2556 2807 2625 loquar,
2853 2568 2949 2622 per
2991 2553 3337 2608 creationem.

861 2658 990 2731 {H59
1024 2658 1080 2730 α]
1109 2656 1256 2710 κει».
1296 2657 1386 2723 εῖν.

410 2742 679 2823 Τέταρτον
717 2750 1088 2823 προτείνουσιν
1112 2748 1218 2801 ὑπὸ
1244 2746 1548 2799 ἀκολάστου
1574 2742 1825 2813 γλώσσης
1854 2743 1913 2796 τὸ

343 2845 493 2915 παρὰ
525 2830 795 2912 Πέτρῳῖν
813 2842 931 2903 ταῖς
956 2837 1224 2908 Πράξεσιν
1242 2837 1530 2908 εἰρημένον
1550 2852 1563 2865 ·
1597 2853 1614 2886 ι
1647 2832 1916 2887 Γινωσκέ-

340 2953 419 2989 τω
453 2936 558 2996 πᾶς
586 2929 732 2995 οἶκος
781 2929 1015 3003 Ἰσραὴλ,
1073 2928 1155 2981 ὅτι
1204 2929 1297 2981 καὶ
1357 2926 1559 2998 Κύριον
1612 2923 1772 2978 αὑτὸν
1824 2924 1918 2976 καὶ

343 3024 576 3098 Χριστὸν
624 3026 652 3077 6
692 3022 833 3085 Θεὸς
882 3020 1153 3091 ἐποίησεν,
1208 3017 1393 3071 τοῦτον
1444 3017 1533 3069 τὸν
1592 3015 1810 3085 Ἰησοῦν,
1853 3013 1912 3065 ὃν

344 3118 499 3188 ὑμεῖς
529 3113 920 3182 ἐσταυρώσατε.
955 3132 972 3162 ι
1008 3112 1117 3163 Καὶ
1146 3109 1300 3163 τοῦτο
1324 3107 1380 3161 δὲ
1408 3108 1468 3160 οὑ
1493 3106 1618 3177 περὶ
1640 3106 1737 3175 τῆς
1762 3103 1911 3166 θείας

345 3208 439 3262 καὶ
469 3205 848 3276 ἀκατάληπτον
885 3203 1192 3274 γέγραπται
1217 3199 1403 3261 οὐσίας
1437 3197 1526 3250 τοῦ
1559 3198 1615 3248 ὲν
1644 3196 1784 3267 ἀρχῇ
1829 3195 1915 3247 δν-

344 3318 435 3364 τος
477 3298 610 3352 Θεοῦ
653 3297 847 3366 Λόγου,
899 3293 991 3346 καὶ
1025 3291 1158 3359 πρὸς
1200 3289 1291 3342 τὸν
1328 3287 1458 3341 Θεὸν
1483 3286 1655 3349 ὄντος,
1688 3276 1787 3337 Exul.
1818 3284 1917 3366 οὐχ

347 3387 634 3460 ἁρπαγμὸν
673 3363 1021 3455 ἡγησαμένου
1052 3381 1115 3433 τὸ
1143 3376 1282 3432 εἶναι
1325 3379 1417 3430 ἴσα
1445 3375 1585 3443 Θεῷ,
1624 3373 1760 3428 ἀλλὰ
1788 3363 1917 3445 περὶ

345 3480 439 3534 τοῦ
464 3482 526 3533 ὲκ
547 3477 760 3547 Μαρίας
783 3474 1103 3545 συμμόρφου
1123 3473 1221 3542 τῆς
1240 3465 1617 3526 ταπεινώσεως
1639 3463 1812 3533 ἡμῶν.
1853 3462 1918 3515 Ἡ

346 3571 457 3642 γὰρ
526 3571 710 3639 μνήμη
773 3566 867 3620 τοῦ
933 3561 1164 3637 σταυροῦ
1234 3561 1328 3614 καὶ
1390 3558 1451 3611 τὸ
1514 3555 1782 3625 συνῆφθαι
1839 3551 1917 3623 τῷ

356 3680 375 3713 ι
421 3660 674 3729 ἐποίησεν
711 3677 729 3709 ›
768 3658 850 3722 τὸ,
890 3674 908 3706 ι
950 3658 1045 3707 Ὃν
1068 3655 1225 3723 ὑμεῖς
1271 3647 1671 3722 ἐσταυρώσατε,
1704 3666 1721 3698 ι
1757 3646 1919 3713 αὑτὸν

351 3749 635 3819 ἐδήλωσεν,
665 3739 724 3800 οὗ
759 3742 1023 3813 πολλαχοῦ
1064 3742 1336 3812 μέμνηται
1365 3741 1398 3808 ἡ
1434 3736 1646 3807 Γραφή;
1694 3734 1803 3786 Καὶ
1846 3731 1923 3794 ὡς

349 3842 477 3894 ὅταν
530 3840 588 3891 ὲν
628 3839 746 3898 ταῖς
784 3832 1023 3907 Πράξεσι
1072 3831 1207 3901 λέγῃ
1243 3832 1272 3883 6
1305 3828 1464 3891 αὐτὸς
1498 3826 1701 3895 Πέτρος
1725 3839 1736 3852 ⁸
1783 3841 1803 3874 ί
1862 3822 1921 3875 '0

349 3933 479 3995 Θεὸς
519 3928 787 4002 Ἀϐραάμ,
835 3928 928 3979 καὶ
975 3927 1003 3977 6
1048 3922 1179 3985 Θεὸς
1221 3920 1427 3981 Ἰσαὰκ,
1465 3917 1558 3971 καὶ
1599 3918 1629 3969 6
1656 3914 1787 3976 Θεὸς
1818 3914 1922 4002 Ἰα-

350 4023 487 4088 γὼὸ,
515 4024 543 4074 6
576 4001 706 4081 Θεὸς
730 4019 837 4070 τῶν
864 4012 1116 4085 πατέρων
1152 4010 1305 4083 ἡμῶν
1351 4007 1569 4071 ὲδόξασε
1611 4005 1702 4058 τὸν
1755 4001 1920 4056 παῖδά

351 4110 515 4166 αὑτοῦ
550 4098 779 4179 Ἰησοῦν,
817 4104 875 4157 ὃν
907 4104 1063 4173 ὑμεῖς
1107 4099 1204 4169 μὲν
1236 4094 1593 4169 παρεδώκατε
1628 4092 1723 4147 καὶ
1756 4089 1924 4159 ηρνή-

353 4201 516 4257 σασθε
568 4198 710 4253 κατὰ
759 4194 1044 4266 πρόσωπον
1083 4190 1336 4251 Πιλάτου,
1397 4186 1678 4256 κρίναντος
1716 4180 1921 4234 ἐκείνου

352 4290 607 4347 ἀπολύειν
626 4307 638 4319 ·
670 4289 824 4357 ὑμεῖς
850 4283 906 4336 δὲ
934 4283 1021 4335 τὸν
1051 4281 1204 4349 ἆγιον
1228 4276 1320 4332 καὶ
1351 4276 1556 4329 δίκαιον
1577 4269 1884 4344 ⁴ῐπρνήσασοε
1904 4284 1919 4303 ο

352 4384 449 4437 καὶ
491 4382 725 4451 ᾐτήσατε
771 4376 936 4445 ἄνδρα
984 4371 1149 4439 φονέα
1179 4367 1500 4441 χαρισθῆναι
1543 4366 1689 4437 ὑμῖν,
1734 4362 1824 4415 τὸν
1867 4358 1923 4412 δὲ

2648 2646 2799 2702 CAP.
2843 2645 2927 2702 Vl.

2082 2744 2284 2812 Quarto
2317 2741 2433 2796 loco
2465 2740 2516 2795 in
2553 2739 2785 2794 medium
2818 2736 3043 2792 afferunt
3068 2772 3082 2801 ,
3115 2745 3298 2807 utpote
3329 2744 3578 2807 proterva

2016 2835 2192 2904 lingua
2234 2834 2439 2902 praediti
2476 2872 2491 2895 ,
2518 2832 2661 2901 quod
2691 2845 2720 2883 a
2760 2829 2919 2884 Petro
2954 2827 3005 2881 in
3039 2828 3187 2881 Actis
3219 2827 3419 2881 dictum
3454 2834 3575 2881 est:
3660 2882 3671 2891 ρ

2021 2940 2038 2973 ι
2070 2923 2372 2992 Cognoscat
2419 2920 2533 2991 (20)
2585 2920 2764 2974 omnis
2818 2916 3010 2971 domus
3064 2914 3269 2980 Israel,
3320 2916 3463 2985 quod
3517 2924 3575 2968 et
3668 2978 3671 2983 λ

2022 3014 2301 3069 Dominum
2334 3011 2447 3082 (21)
2479 3026 2600 3066 ευηι
2622 3048 2638 3074 ,
2666 3020 2718 3064 ει
2751 3008 3024 3064 Christum
3063 3006 3204 3061 Deus
3240 3006 3364 3061 fecit
3386 3047 3402 3072 ,
3436 3004 3583 3061 hunc

2016 3105 2236 3170 Iesum,
2281 3120 2445 3174 quem
2489 3118 2585 3159 vos
2632 3101 3002 3158 crucillxistis.
3038 3119 3055 3151 ι
3087 3102 3155 3155 At
3202 3114 3268 3154 ne
3314 3100 3413 3154 hoc
3459 3101 3581 3169 qui-

2019 3197 2137 3251 dem
2187 3194 2467 3264 Scriptura
2511 3193 2644 3247 dicit
2689 3193 2755 3247 de
2828 3192 3007 3247 divina
3076 3200 3131 3246 et
3175 3191 3585 3260 incomprehen-

2018 3284 2160 3338 sibili
2206 3285 2440 3337 essentia
2491 3283 2583 3337 Dei
2633 3280 2837 3345 Verbi,
2884 3281 2975 3350 qui
3027 3280 3079 3335 iu
3129 3280 3392 3350 principio
3432 3291 3582 3345 erat,

2019 3383 2074 3425 et
2124 3373 2263 3440 apud
2311 3371 2476 3425 Deum
2533 3379 2682 3434 erat,
2732 3379 2787 3423 et
2836 3384 2939 3424 non
2992 3370 3236 3437 rapinam
3287 3368 3585 3424 arbitratus

2020 3468 2104 3514 est
2145 3474 2266 3513 esse
2306 3474 2363 3513 se
2403 3458 2664 3526 mqualem
2715 3457 2863 3514 Deo-c
2914 3458 3003 3511 sed
3047 3459 3110 3511 de
3154 3457 3246 3511 illo
3295 3457 3440 3527 (22),
3493 3460 3587 3525 qui

2021 3566 2088 3606 ex
2146 3549 2312 3604 Maria
2353 3559 2505 3605 ortus
2555 3557 2677 3616 est,
2725 3564 3063 3605 communem
3115 3548 3391 3603 nobiscum
3440 3547 3586 3615 abje-
3636 3528 3654 3542 ’

2020 3641 2215 3713 ctiouis
2264 3639 2489 3693 formam
2542 3640 2744 3693 habens
2823 3640 2955 3693 Nam
3005 3640 3143 3708 quod
3191 3640 3586 3693 commemore-

2025 3741 2110 3783 tur
2157 3745 2324 3794 crux,
2370 3739 2422 3783 et
2472 3720 2753 3798 (epuletur
2804 3731 3025 3782 verbum
3059 3747 3077 3780 ι
3110 3729 3284 3783 fecit:
3314 3744 3432 3782 cum
3488 3734 3584 3783 vo-

2022 3820 2208 3884 cibus,
2260 3836 2278 3870 (
2311 3817 2480 3884 Quem
2512 3832 2606 3872 vos
2652 3818 2999 3872 cruciﬁxistis
3024 3859 3037 3884 ,
3075 3835 3094 3869 ι
3120 3817 3353 3872 ostendit
3389 3818 3452 3871 de
3485 3818 3587 3872 hoc

2022 3922 2324 3964 sermonem
2369 3918 2490 3962 esse
2517 3944 2535 3973 ,
2579 3905 2730 3972 cujus
2763 3905 3005 3975 pluribus
3044 3907 3094 3958 iu
3139 3905 3268 3959 locis
3309 3904 3584 3974 Scriptura

2022 3998 2349 4053 mentionem
2394 3996 2565 4051 faciti
2602 4004 2658 4048 ut
2696 4011 2813 4049 cum
2847 3994 3011 4066 356
3044 3996 3097 4049 in
3139 3997 3286 4050 Actis
3327 3998 3402 4051 ait
3444 3998 3585 4051 ldeut
3647 4057 3653 4061 _

2022 4087 2254 4143 Petrus:
2286 4090 2305 4139 ἃ
2336 4085 2476 4142 Deus
2522 4087 2632 4158 (9.5)
2672 4085 2940 4140 Abraham
2974 4126 2988 4149 ,
3030 4097 3080 4141 et
3131 4084 3269 4140 Deus
3312 4080 3493 4154 Isaac,
3534 4100 3588 4140 et

2026 4179 2163 4233 Deus
2204 4177 2404 4244 Jacob,
2459 4177 2603 4232 Deus
2652 4187 2864 4247 patrum
2909 4187 3213 4232 uostrormu
3262 4161 3588 4245 gloiilleavit

2022 4283 2248 4338 puerum
2282 4283 2435 4323 suum
2467 4267 2685 4332 Iesum,
2718 4282 2873 4336 quem
2906 4283 3000 4323 vos
3025 4269 3238 4338 quidem
3267 4267 3587 4332 tradidistis,

2025 4368 2076 4414 et
2108 4358 2344 4429 negastis
2374 4356 2487 4428 (24)
2524 4365 2651 4412 ante
2686 4356 2878 4413 faciem
2914 4356 3070 4412 Pilati
3095 4397 3108 4420 ,
3144 4361 3261 4411 cdm
3295 4357 3588 4428 iudicasset

351 4448 594 4543 ἀρχηγὸν
628 4469 724 4538 τῆς
746 4466 891 4536 ζωῆς
912 4462 1283 4517 ἀπεκτείνατε.
1325 4478 1344 4509 ι
1380 4458 1491 4510 Καὶ
1524 4453 1797 4525 Ζαχαρίας
1829 4467 1913 4521 φη·

2030 4450 2118 4505 ille
2152 4448 2534 4504 absolvendum
2568 4463 2688 4503 esse
2731 4467 2744 4504 :
2786 4463 2883 4503 vos
2911 4459 3087 4502 autem
3137 4457 3382 4503 sanctum
3424 4458 3478 4501 et
3511 4449 3592 4513 iu-

355 4566 441 4617 σίν
459 4581 470 4593 ·
503 4579 521 4613 ι
573 4551 775 4630 Ἐκχεῶ
802 4556 893 4608 ἐπὶ
917 4554 1007 4608 τὸν
1029 4549 1174 4605 οἷκον
1212 4548 1373 4603 Δαυῖδ
1398 4548 1491 4601 καὶ⁵
1519 4546 1611 4598 ἐπὶ
1642 4544 1767 4605 τοὺς
1789 4559 1922 4595 κατ-

352 4651 630 4713 οικοῦντας
663 4645 1013 4720 Ἰερουσαλὴμ
1062 4641 1285 4711 Πνεῦμα
1321 4638 1540 4709 χάριτος
1583 4634 1677 4688 καὶ
1719 4636 1923 4702 οἰκτιρ-

359 4743 479 4815 μοῦ·
507 4740 603 4795 καὶ
636 4736 1011 4806 ἔπιδλέψονται
1047 4732 1180 4804 πρὸς
1215 4730 1305 4801 μὲ,
1346 4730 1425 4792 είς
1456 4727 1514 4781 ὃν
1544 4723 1919 4794 ἐξεκέντησαν,

428 4962 539 5052 (i6)
580 4974 789 5052 Finem.
817 4974 946 5041 Seu,
983 4972 1003 5025 ἆ
1030 4961 1600 5052 ςοπιειιηλιῐιίιιῙοιιειιιΙ
1631 4980 1683 5017 ιη
1713 4961 1921 5052 Gra'co',

359 5033 694 5121 πληρότητα,
738 5048 793 5102 id
831 5033 975 5101 εει]
1000 5040 1407 5114 plenitudinem,
1433 5053 1452 5087 ι
1509 5044 1602 5088 aut
1639 5051 1659 5084 ι
1689 5033 1926 5102 comple-

359 5136 479 5175 Dlell
489 5133 620 5172 ιιιιιι.
648 5136 666 5168 ι

600 5184 929 5258 Eminentia?
956 5181 1209 5258 (initium.
1281 5174 1349 5258 ln_
1402 5173 1590 5228 ϐιωεο
1611 5213 1629 5258 ,γ

359 5241 633 5312 Transtuli
671 5253 1036 5308 «exsistentiaa
1072 5249 1309 5310 initium,
1339 5256 1358 5294 δ
1412 5258 1534 5297 cum
1575 5259 1592 5291 c
1615 5241 1924 5312 generatio-

358 5310 479 5382 nem
507 5310 866 5379 {transferre
899 5336 1005 5376 non
1034 5332 1291 5391 (possem.
1339 5312 1543 5391 Nomen
1582 5311 1795 5391 γένεσις
1841 5310 1926 5391 hic

357 5379 586 5451 sumitur
627 5403 887 5463 quatenus
932 5379 1206 5463 derivatur
1259 5390 1325 5440 ex
1380 5384 1543 5437 verbo
1588 5382 1828 5449 γίνομαι,
1876 5379 1926 5433 id

356 5476 458 5522 est.
494 5482 512 5515 ι
539 5460 680 5524 sum,
710 5482 728 5514 ι
771 5462 850 5515 vel
888 5479 906 5511 ι
933 5460 1019 5511 tio.
1045 5476 1063 5509 ι

453 5532 540 5599 18)
584 5530 651 5585 Et
682 5534 809 5600 ipise.
842 5530 1049 5600 Coloss.
1077 5541 1119 5600 ι,
1155 5526 1240 5578 17.

456 5586 542 5674 lii)
583 5586 762 5654 Ιιιειὲη·
793 5600 956 5653 illius.
994 5586 1133 5651 Vel':
1167 5612 1185 5646 ι
1210 5593 1300 5665 qui
1337 5591 1629 5646 secundum
1651 5586 1767 5656 ejus
1791 5586 1925 5641 ima-

357 5673 537 5745 ginem
568 5685 772 5745 stultius.
800 5686 818 5720 ι

432 5740 545 5809 (20)
583 5737 890 5809 Qaguoscal.
928 5735 1144 5809 Δᾶμι,
1171 5731 1259 5809 ξθ.

431 5796 543 5880 (Si)
587 5796 999 5861 Et'Domiuum.
1046 5796 1241 5859 Vocula
1278 5819 1296 5852 ι
1319 5808 1371 5853 ει
1399 5819 1417 5851 ι
1459 5798 1603 5854 deest
1637 5798 1686 5852 in
1718 5796 1920 5851 Grmcis

647 5903 914 5961 ParuoL.
946 5898 1062 5957 Gn.
1095 5878 1393 5955 xxxix.

2030 4550 2170 4596 stum
2208 4540 2478 4609 negastis,
2527 4549 2580 4595 et
2623 4541 2852 4609 petiistis
2888 4538 3000 4611 (25)
3053 4540 3222 4593 virum
3265 4541 3589 4595 homicidam

2027 4632 2214 4687 donari
2262 4631 2451 4696 vobis;
2487 4623 2760 4684 auc'torem‘
2808 4642 2936 4685 vero
2982 4631 3102 4683 vita:
3147 4630 3529 4695 lnterfecistis;
3568 4655 3586 4682 ρ

2028 4730 2084 4778 ει
2130 4717 2424 4775 Zacharias
2476 4717 2592 4773 ait:
2624 4724 2642 4768 ι
2677 4713 2956 4773 Eﬂ‘undam
3004 4706 3114 4789 (26)
3163 4734 3324 4790 super
3372 4714 3590 4774 domum

2028 4964 2234 5036 Bibliis,
2264 4964 2357 5019 sed
2384 4977 2486 5018 non
2509 4964 2571 5036 in
2602 4962 2826 5036 Latinis;

2100 5034 2210 5106 (Ξὲ)
2251 5036 2357 5106 Sed
2384 5036 2450 5106 de
2478 5034 2589 5106 illo.
2641 5033 2900 5106 Eunomia
2941 5030 3080 5106 hunc.
3126 5032 3307 5106 ipsum
3344 5046 3425 5106 ειιΔ
3444 5032 3593 5087 Actis

2034 5101 2210 5158 locum
2239 5102 2510 5168 obiicienti
2540 5107 2726 5155 eodem
2760 5101 2872 5153 fere
2898 5104 3052 5171 modo
3079 5102 3365 5167 respondet
3387 5101 3593 5171 Grego-

2034 5175 2148 5227 rius
2180 5171 2623 5242 Nysseuuslibro
2656 5172 2705 5224 iv
2732 5178 2917 5242 cgitlra
2958 5169 3292 5242 Elll101l1_i_um_
3313 5180 3434 5238 pag.
3470 5169 3593 5226 HS.

2104 5234 2414 5311 (etv-Deus;
2449 5240 2569 5293 Act.
2609 5252 2687 5311 III,
2726 5234 2907 5311 {3—15.
2951 5240 3133 5293 Gl':l‘t':t
3162 5234 3338 5311 Biblia‘
3363 5234 3596 5311 b‘istan-

2032 5320 2144 5366 tum
2173 5306 2416 5379 repetunt
2445 5320 2627 5362 vocem
2655 5308 2807 5371 Θεὸς,
2843 5306 2891 5360 id
2923 5322 3005 5363 est
3038 5328 3055 5359 ι
3078 5312 3235 5363 Deus;
3259 5324 3279 5360 ι
3311 5308 3415 5362 Sed
3444 5309 3594 5380 Vulg.

2035 5384 2298 5437 interpres
2320 5386 2531 5448 quater,
2560 5389 2612 5430 ut
2641 5381 2917 5448 Didymus.

2102 5448 2215 5519 (ει)
2258 5448 2321 5501 Et
2347 5447 2612 5516 ’negaslis.
2660 5447 2850 5519 Graeca
2881 5448 3045 5519 editio
3083 5448 3241 5519 addit
3271 5447 3356 5500 hic
3385 5448 3561 5519 αὐτόν
3581 5467 3593 5479 ο

2034 5516 2127 5642 ﬁeri
2163 5516 2313 5586 Vulg.
2368 5519 2633 5585 interpres
2664 5527 2718 5571 et
2754 5516 2922 5570 codex
2953 5517 3351 5571 Alexandrinus
3383 5518 3509 5589 legit
3544 5533 3600 5571 ut

2080 5606 2107 5641 ιι
2130 5603 2309 5642 vmus.

2080 5604 2309 5641 Itl'VlllllS.

2101 5654 2216 5728 (‘25)
2258 5655 2505 5710 Ρειίἱειῑε.
2548 5654 2733 5709 Graeca
2769 5655 2966 5723 editio,
2999 5654 3294 5729 ᾐτήσασθε,
3331 5670 3429 5727 pro
3469 5658 3599 5730 ῂτή.

2031 5743 2178 5780 σατε.

2102 5795 2212 5865 (26)
2258 5794 2559 5863 Effundam.
2595 5794 2833 5863 Zacharq
2860 5810 2951 5863 xu,
2987 5793 3071 5848 ιο.

3277 5883 3354 5947 ΞἹ
