4112 6464
505 402 603 459 851

1029 516 1187 593 331
1228 519 1380 578 CAP.
1419 519 1510 575 Ix.

581 616 690 671 Sed
746 615 849 669 alia
900 614 1064 671 etiam
1113 612 1296 687 divina
1340 601 1558 666 oracula
1602 612 1682 668 sic
1730 612 2070 684 interpretati

506 717 670 773 sunt,
714 715 772 760 ιιι
810 720 839 760 a
883 706 1112 760 veritate
1155 706 1541 770 dissentirent,
1567 713 1624 760 et
1662 706 1836 759 adhuc
1868 707 2074 761 dissen-

507 800 645 853 tiant
673 801 843 865 sputa
879 794 1027 849 illum
1053 794 1206 850 isaiae
1237 795 1518 865 prcpliette
1550 792 1725 848 locum
1746 835 1759 854 .
1788 794 1876 849 ubi
1914 793 2075 849 Pater

504 890 580 942 ait
609 904 623 940 :
655 905 675 939 ι
711 885 958 955 Magnum
1009 884 1121 956 (68)
1172 885 1269 939 tibi
1318 892 1404 940 est
1431 883 1612 941 vocari
1650 892 1702 938 te
1735 883 1846 953 (69)
1877 885 2072 940 Filium

506 994 688 1034 meum
718 996 731 1033 :
767 995 786 1031 ι
817 976 1072 1046 quodque
1097 989 1126 1029 a
1152 975 1318 1030 Panic
1351 975 1611 1043 scriptum
1638 984 1759 1031 est:
1793 994 1811 1027 ι
1843 975 1944 1043 Qui
1977 977 2073 1031 dc-

510 1067 695 1123 linitus
727 1066 841 1137 (70)
876 1066 977 1120 iuit
1004 1065 1174 1120 Filius
1197 1063 1292 1119 Dei
1325 1065 1377 1118 in
1404 1064 1605 1119 virtute
1629 1066 1922 1119 secundum
1955 1064 2075 1135 Spi-

509 1160 675 1213 ritum
710 1157 1037 1213 sanctitatis.
1071 1172 1095 1212 ι
1125 1154 1256 1209 Nam
1285 1165 1340 1211 et
1366 1154 1482 1210 haec
1511 1154 1656 1211 illius
1687 1155 1957 1215 divinitati
1990 1156 2073 1210 at-

513 1251 754 1319 tingunt,
797 1263 917 1302 cum
962 1257 1139 1301 tamen
1192 1246 1259 1301 de
1305 1245 1489 1301 servili
1540 1243 1751 1312 forma,
1802 1262 1961 1317 quam
2005 1262 2069 1302 ex

509 1340 678 1395 Maria
708 1338 936 1409 sumpsit
962 1379 976 1401 ,
1013 1339 1156 1393 dicta
1184 1338 1292 1392 sint
1321 1356 1339 1392 :
1380 1339 1447 1394 de
1482 1353 1588 1408 qua
1638 1337 1811 1396 forma
1855 1341 2075 1409 angelus

511 1432 687 1485 eidem
717 1429 898 1484 Maris
942 1428 1079 1484 dixit
1113 1447 1129 1485 :
1162 1448 1180 1481 ι
1215 1427 1448 1498 Spiritus
1482 1442 1705 1486 sanctus
1739 1431 1849 1501 (7i)
1884 1447 2073 1499 snper-

509 1523 690 1577 veniet
724 1523 777 1578 in
808 1532 887 1589 te,
916 1532 970 1577 et
1017 1524 1185 1577 virtus
1222 1522 1482 1577 Altisshni
1536 1523 1879 1588 obumbrabit
1931 1524 2023 1576 tibi
2055 1540 2070 1589 ;

509 1614 739 1681 ileoque
765 1624 821 1668 et
866 1614 1008 1683 quod
1055 1624 1305 1669 nascetur
1349 1622 1594 1668 sanctum
1620 1653 1635 1677 ,
1673 1614 1957 1668 vocabitur
1986 1614 2071 1668 Fi-

507 1706 614 1761 lius
642 1702 760 1764 Dei.
791 1725 809 1757 I
839 1705 983 1773 Quin
1012 1706 1173 1760 etiam
1222 1719 1249 1758 ε
1284 1705 1511 1759 veritate
1553 1703 1915 1769 dissentiunt,
1946 1706 2072 1757 dum

508 1798 782 1867 explicant
830 1798 999 1853 illud:
1036 1816 1057 1850 ι
1093 1799 1236 1853 Deus
1291 1796 1406 1865 (7‘2)
1464 1795 1677 1855 Domini
1731 1795 1902 1851 nostri
1948 1794 2072 1852 Iesu

507 1887 748 1953 Christi,
772 1887 929 1943 Pater
950 1888 1133 1958 gloriae
1157 1906 1170 1941 :
1206 1906 1224 1939 ι
1250 1888 1449 1941 etenim
1473 1886 1587 1940 lucc
1607 1886 1786 1940 omnia
1810 1886 2072 1941 divinitati

511 1975 679 2042 ipsius
719 1975 1046 2032 attribuunt.
1090 1975 1161 2030 At
1201 1989 1330 2030 vero
1373 1974 1571 2029 Paulus
1610 1974 1791 2029 hocin
1824 1973 1944 2029 loco
1977 1973 2076 2029 Pa-

513 2074 647 2119 trem
682 2065 896 2132 quidem
933 2066 1064 2119 dicit
1099 2064 1216 2134 eius
1243 2066 1335 2135 qui
1368 2078 1475 2118 non
1509 2064 1866 2134 conspicitur,
1904 2064 2074 2120 Deum

506 2167 637 2209 vero
667 2152 783 2219 eius
810 2153 907 2222 qui
936 2154 1270 2223 conspicitur
1300 2172 1314 2209 :
1348 2154 1412 2207 ac
1442 2153 1507 2208 de
1534 2153 1640 2209 isto
1680 2155 1927 2209 eumdem
1980 2169 2078 2208 an-

511 2242 689 2312 gelum
738 2243 900 2296 etiam
957 2243 1117 2313 paulo
1158 2252 1283 2300 ante
1326 2243 1663 2298 convenienti
1716 2252 1992 2312 tempore,
2023 2249 2079 2295 et

513 2334 696 2397 novis,
754 2348 873 2401 qua:
925 2342 1349 2388 commemorata
1412 2342 1572 2395 sunt,
1634 2332 1946 2389 nominibus
2006 2332 2076 2385 ita

511 2421 923 2491 evangelisasse
967 2429 1178 2475 constat
1211 2440 1224 2476 :
1258 2441 1276 2472 ι
1305 2421 1489 2475 Paries
1525 2420 1634 2491 (75)
1672 2419 1836 2474 tilium
1857 2460 1872 2486 ,
1905 2429 1958 2474 et
1986 2435 2081 2474 vo-

513 2512 662 2566 cabis
696 2526 890 2565 nomen
932 2511 1048 2580 cjns
1084 2510 1269 2567 Jesum
1308 2529 1322 2566 :
1360 2512 1449 2567 hic
1477 2514 1583 2566 erit
1615 2526 1860 2579 magnus,
1903 2520 1958 2566 et
1990 2509 2078 2567 Fi-

512 2603 619 2658 lius
667 2601 933 2656 Altissimi
1002 2602 1302 2657 vocabitur.
1355 2621 1375 2655 ι
1432 2600 1700 2656 Praeterea
1748 2602 2076 2658 dissentiunt

508 2693 725 2747 veritati
758 2692 915 2762 (nam
952 2706 1138 2751 eorum
1193 2693 1423 2762 cogitata
1470 2701 1523 2745 et
1557 2692 1698 2746 dicta
1733 2692 2076 2747 contumelia:

510 2782 666 2850 plena
697 2782 866 2852 sunt)
902 2796 1021 2836 cum
1055 2782 1107 2836 id
1135 2781 1294 2837 etiam
1329 2782 1776 2851 interpretantur,
1811 2784 1953 2852 quod
2002 2783 2079 2837 ait

508 2874 768 2928 Dominus
795 2894 808 2929 :
845 2891 871 2934 ι
897 2874 1044 2928 Vade
1070 2873 1183 2946 (74)
1222 2875 1287 2929 ad
1310 2872 1511 2929 fratres
1542 2889 1721 2941 meos,
1753 2883 1807 2929 et
1840 2876 1926 2930 dic
1951 2875 2030 2929 eis
2059 2894 2071 2929 :

508 2966 754 3021 Ascendc
802 2966 867 3019 ad
913 2963 1127 3020 Patrem
1180 2979 1354 3020 meum
1413 2975 1469 3020 et
1532 2963 1746 3025 Patrem
1804 2976 2036 3025 vestrum
2060 3005 2081 3035 ,_

509 3054 679 3110 Deum
711 3071 889 3112 meum
938 3064 993 3112 et
1044 3055 1213 3116 Deum
1247 3065 1508 3111 vestrum.
1541 3076 1558 3108 ι
1590 3055 1720 3109 Nam
1748 3056 1835 3111 hic
1865 3070 2078 3125 quoque

510 3146 723 3203 Patrem
758 3158 917 3202 vocat
949 3189 964 3214 ,
1001 3148 1081 3205 Sui
1115 3147 1286 3216 ipsius
1319 3147 1536 3217 quidem
1579 3145 1875 3202 secundum
1914 3156 2070 3200 natu-
2102 3178 2145 3245 ς

513 3248 629 3291 ram
651 3277 667 3305 ,
704 3244 946 3292 nostrum
975 3252 1106 3293 vero
1140 3237 1438 3293 secundum
1474 3237 1700 3306 gratiam
1730 3253 1746 3291 :
1777 3234 1944 3291 Deum
1977 3251 2074 3290 au-

515 3338 620 3382 tem
642 3369 658 3394 ,
689 3330 770 3383 sui
801 3328 969 3398 ipsius
996 3329 1211 3398 quidem
1247 3329 1317 3388 ob
1348 3337 1622 3385 recentem
1655 3327 1772 3397 ejus
1804 3324 2035 3383 l‘ormam
2058 3367 2073 3392 ,

512 3423 760 3471 nostrum
792 3433 917 3477 vero
947 3417 1243 3477 secundum
1279 3418 1566 3474 veritatem
1595 3436 1608 3472 :
1647 3424 1706 3473 ut
1738 3428 1794 3477 et
1821 3418 1964 3489 quod
1994 3428 2081 3475 est

512 3518 773 3563 aeternum
803 3550 817 3575 ,
851 3518 905 3564 et
944 3510 1087 3579 quiod
1134 3524 1358 3576 recens,
1395 3511 1683 3566 indicetur.
1732 3510 2075 3577 Condescen-

512 3602 649 3656 dens
678 3602 820 3655 enim
853 3599 1245 3669 quoadomnia
1274 3600 1450 3661 servis
1480 3600 1773 3668 Dominus,
1819 3614 1940 3656 eum
1984 3601 2076 3670 qui

510 3701 592 3747 est
640 3693 807 3763 ipsius
846 3690 1029 3760 Pater,
1070 3707 1132 3748 ae
1180 3701 1364 3747 noster
1418 3690 1599 3757 Deus,
1652 3700 1859 3761 patrem
1912 3692 2075 3748 etiam

514 3793 757 3839 nostrum
788 3797 885 3852 pro
912 3798 1009 3837 sua
1040 3782 1283 3837 bonitate
1317 3778 1478 3854 362
1524 3781 1678 3848 fecit,
1725 3797 1846 3836 cum
1886 3793 2078 3846 natura

513 3869 607 3922 lilii
644 3884 749 3923 non
791 3871 999 3925 simus:
1057 3870 1225 3926 Deum
1269 3862 1407 3926 vero
1449 3870 1611 3925 etiam
1660 3885 1817 3939 suum
1871 3871 2084 3925 vocavit

510 3969 734 4028 propter
762 3958 1228 4028 incarnationem,
1264 3976 1425 4031 quam
1463 3961 1802 4030 manifestius
1831 3944 2081 4029 praenun-

517 4049 705 4117 tiavit,
757 4067 878 4109 cum
926 4052 1095 4108 dixit:
1126 4072 1145 4104 ι
1178 4052 1255 4106 Ex
1310 4059 1502 4107 ventre
1549 4051 1662 4120 (75)
1714 4053 1904 4104 matris
1950 4066 2083 4106 mete

1737 403 1975 462 DlDYMl
2008 404 2479 483 Atexmnntvt

2097 526 2149 585 Α

3635 403 3751 474 852

2796 528 2953 583 ΚΕΦ,
2984 526 3062 582 Θ’-.

2244 614 2353 668 Καὶ
2383 617 2461 680 εἰς
2489 615 2652 688 ἕτερα
2679 616 2736 671 δὲ
2767 617 2884 670 θεῖα
2915 616 3053 688 ῥητὰ
3080 612 3443 685 διηνέχθησαν
3476 612 3616 684 πρὸς
3642 613 3749 683 τὴν

2172 702 2448 774 ἀλήθειαν,
2483 706 2575 758 καὶ
2603 704 2683 758 ἔτι
2711 704 3082 777 διαφέρονταν
3114 696 3227 757 οἷον
3257 703 3337 766 εἰς
3374 701 3437 756 τὸ
3463 700 3566 772 τῆς
3604 719 3744 774 προ-

2173 791 2401 861 φητείας
2441 791 2689 858 Ἡσαΐου,
2738 793 2867 847 ἔνθα
2904 795 2932 846 ό
2975 790 3166 863 Πατὴρ
3202 789 3342 861 ἔφη·
3392 807 3411 841 ι
3453 789 3616 859 Μέγα
3660 790 3746 844 σοί

2174 882 2289 945 ἐστι
2338 881 2601 954 κληθῆναι
2647 901 2707 938 σε
2753 884 2918 947 παῖδᾴ
2962 898 3086 954 μου·
3137 901 3157 936 ι
3192 883 3288 937 xui.
3327 880 3409 946 εἰς
3450 881 3512 935 τὸ
3545 880 3748 952 Παύλῳ

2160 972 2592 1051 ,γεγραμμένον
2633 990 2653 1025 ι
2697 974 2756 1027 '0
2801 972 3039 1045 όρισθεὶς
3067 971 3199 1036 Υἱὸς
3241 970 3377 1031 Θεοῦ
3413 971 3472 1035 ἐν
3515 969 3746 1040 δυνάμει

2175 1062 2316 1117 κατὰ
2362 1046 2584 1133 Πνεῦμα
2616 1062 2943 1135 ἁγιωσύνης.
2989 1082 3007 1114 ι
3047 1062 3157 1116 Καὶ
3185 1062 3359 1116 ταῦτα
3385 1060 3494 1133 γὰρ
3518 1062 3590 1131 τῇ
3626 1059 3747 1121 θεά-

2174 1171 2295 1227 τητι
2328 1155 2497 1210 αὐτοῦ
2518 1146 2919 1230 ἐπιρριπτοῦσι,
2950 1155 3209 1226 λεχθέντα
3236 1154 3365 1226 περὶ
3396 1154 3494 1224 τῆς
3522 1154 3587 1207 ἐκ
3617 1152 3745 1208 Μαι

2178 1250 2298 1319 plu;
2322 1247 2571 1320 ὼυλικῆς
2596 1249 2828 1320 μορφῆς,
2855 1249 2986 1319 πρὶ
3004 1243 3073 1320 ἧς
3092 1249 3120 1301 ὁ
3145 1245 3375 1316 ἄγγελος
3402 1242 3553 1300 εἶπεν
3579 1245 3742 1317 αὐτῇ·

2181 1356 2202 1390 ι
2235 1337 2459 1409 Πνεῦμα
2508 1337 2663 1407 ἅγιον
2713 1338 3065 1392 ἐπελεύσεται
3105 1337 3232 1405 (172
3283 1336 3335 1408 a)
3383 1336 3475 1390 ἐπὶ
3508 1337 3598 1400 σέ,
3647 1338 3746 1391 καὶ

2175 1430 2403 1503 δύναμις
2444 1429 2699 1501 Ὑψίστου
2730 1431 3040 1485 ἐπισκιάσει
3072 1447 3185 1486 σοι’
3217 1428 3298 1482 διὸ
3326 1430 3419 1483 xui.
3460 1430 3522 1483 τὸ
3544 1427 3751 1499 γεννώ-,

2180 1539 2337 1593 μενον
2380 1523 2534 1591 ἅγιον
2578 1522 2909 1594 κληθήσεται
2955 1522 3083 1586 Υἱὸς
3136 1520 3294 1575 Θεοῦ.
3339 1522 3459 1575 Ἔτι
3493 1521 3599 1593 μὴν
3627 1521 3747 1575 δια-

2176 1614 2547 1683 φέρονταικαὶ
2575 1616 2654 1678 εἰς
2680 1614 2767 1677 τὸ,
2797 1632 2815 1665 ι
2851 1614 2909 1667 '0
2940 1613 3071 1677 Θεὸς
3086 1611 3182 1667 τοῦ
3211 1614 3416 1684 Κυρίου
3440 1611 3600 1684 ἡμῶν
3635 1614 3747 1683 Ἰηε

2178 1703 2271 1757 σοῦ
2296 1704 2553 1776 Χριστοῦ,
2574 1706 2602 1757 ό
2627 1704 2814 1776 Πατὴρ
2841 1705 2941 1775 τῆς
2962 1704 3138 1774 δόξης·
3173 1723 3192 1756 ι
3213 1703 3275 1757 τὸ
3302 1704 3409 1757 πᾶν
3429 1706 3497 1775 τῇ
3522 1703 3743 1775 θεότητι

2175 1794 2338 1857 αὑτοῦ
2369 1794 2750 1866 ἀπονέμοντες.
2785 1795 2945 1863 Λέγει
2977 1793 3034 1857 δὲ
3078 1791 3307 1846 ἐνταῦθα
3355 1792 3577 1864 Πατέρα
3619 1793 3741 1862 μὲν,

2174 1884 2266 1938 τοῦ
2295 1885 2369 1956 μὴ
2409 1886 2686 1957 ὁρωμένου
2708 1902 2721 1913 ⁸
2768 1884 2900 1938 Θεὸν
2932 1885 3008 1943 δὲ.
3045 1882 3139 1937 τοῦ
3173 1883 3472 1955 ὁρωμένου.
3510 1883 3647 1953 Περὶ
3679 1874 3745 1935 οὗ

2172 1973 2201 2024 ό
2230 1973 2390 2037 αὐτὸς
2434 1973 2661 2043 ἄγγελος
2711 1974 2804 2027 καὶ
2848 1972 3028 2044 μικρῷ
3071 1972 3304 2044 πρόσθεν
3356 1971 3606 2040 φαίνεται
3648 1971 3746 2024 ἐπὶ

2174 2064 2503 2135 προσήκοντι
2536 2063 2731 2136 καιρῷ,
2768 2063 2864 2117 xui.
2904 2065 3116 2132 νεαροῖς
3141 2065 3253 2126 τοῖς
3293 2061 3743 2133 μνημονευθεῖσιν

2173 2152 2429 2224 ὀνόμασιν
2452 2153 2944 2224 εύαγγελισάμενος
2969 2152 3167 2205 οὑτωσί
3192 2168 3205 2180 ο
3247 2171 3265 2203 ι
3306 2150 3448 2227 Τέξῃ
3476 2150 3613 2215 υἱὸν,
3647 2153 3752 2218 καὶ(

2175 2244 2423 2309 καλέσεις
2447 2245 2508 2299 τὸ
2526 2245 2695 2317 ὄνομα
2717 2244 2881 2298 αὑτοῦ
2916 2242 3141 2315 Ἰησοῦν.
3171 2234 3340 2306 Οὗτος
3367 2242 3518 2295 ἔσται
3547 2243 3752 2314 μέγας,

2174 2336 2268 2389 καὶ
2298 2336 2423 2399 Υἱὸς
2464 2336 2719 2407 Ὑψίστου
2747 2334 3096 2407 κληθήσεται.
3131 2354 3149 2387 ι
3194 2333 3425 2405 Προσέτι
3460 2333 3745 2406 διαφέρον-

2173 2442 2262 2490 ται
2287 2425 2463 2496 (λώϐη
2488 2426 2596 2496 γάρ
2636 2427 2753 2478 ἐστι
2802 2426 2871 2479 τὰ
2902 2424 3147 2496 νοήματα
3171 2423 3267 2478 xui.
3290 2425 3510 2496 ῥήματα
3534 2424 3741 2496 αὐτῶν)

2176 2518 2270 2570 xui.
2321 2518 2399 2581 εἰς
2461 2515 2618 2588 τήνδε
2688 2516 2788 2589 τὴν
2850 2515 3111 2584 λέγουσαν
3167 2513 3492 2586 δεσποτικὴν
3552 2514 3739 2586 ῥῆσιν·

2181 2628 2199 2662 ι
2238 2607 2475 2681 Πορεύου
2507 2608 2641 2680 πρὸς
2669 2609 2794 2671 τοὺς
2826 2606 3086 2677 ἀδελφούς
3110 2623 3234 2677 μου,
3268 2607 3359 2665 xui.
3388 2605 3509 2659 εἰπὲ
3538 2606 3740 2676 αὐτοῖς*

2189 2700 2488 2759 Ἀναϐαίνω
2520 2700 2652 2771 πρὸς
2684 2698 2775 2752 τὸν
2810 2697 3031 2769 Πατέρα
3062 2714 3163 2768 μου
3197 2696 3293 2750 xui.
3326 2696 3539 2767 Πατέρα
3566 2694 3749 2765 ὑμῶν,

2176 2792 2306 2846 Θεόν
2345 2810 2445 2863 μου
2480 2792 2571 2845 xui.
2621 2791 2753 2845 Θεὸν
2791 2789 2964 2861 ὑμῶν.
3006 2807 3024 2841 t
3062 2785 3356 2842 Κάνταῦθα
3385 2785 3489 2857 γὰρ
3519 2782 3740 2853 Πατέρα,

2176 2884 2352 2948 καλεῖ,
2387 2882 2578 2937 ἐαυτοῦ
2610 2882 2707 2952 μὲν
2737 2882 2879 2935 κατὰ
2916 2880 3097 2950 φύσιν,
3120 2878 3274 2950 ήμῶν
3298 2877 3354 2930 δὲ
3384 2874 3522 2929 κατὰ
3554 2875 3731 2945 χάριν*

2177 2969 2308 3034 Θεὸν
2335 2970 2413 3038 δὲ,
2450 2968 2643 3023 ἑαυτοῦ
2676 2970 2772 3040 μὲν
2810 2968 2899 3021 διὰ
2928 2969 3026 3040 τὴν
3064 2967 3367 3041 πρόσφατον
3401 2962 3563 3018 αὐτοῦ
3601 2979 3736 3034 μορ-

2179 3060 2303 3131 φὴν,
2349 3057 2506 3131 ἡμῶν
2540 3059 2597 3113 δὲ
2645 3058 2788 3114 κατὰ
2832 3058 3119 3130 ἀλήθειαν·
3153 3057 3241 3111 ἵνα
3271 3055 3364 3110 xui.
3403 3055 3463 3109 τὸ
3514 3054 3743 3124 ἀρχαῖον

2178 3151 2273 3205 xui
2332 3151 2394 3204 τὸ
2443 3151 2754 3222 πρόσφατον
2807 3149 3135 3221 σημαξνηται
3223 3143 3577 3217 Συγκαταὸὰς
3633 3143 3745 3216 γὰρ

2177 3243 2258 3305 εἰς
2294 3300 2299 3305 η
2331 3241 2429 3295 ὅλα
2483 3242 2596 3304 τοῖς
2656 3239 2862 3303 δούλοις
2925 3241 2954 3292 ὁ
3028 3238 3302 3310 Δεσπότης
3325 3278 3342 3303 ,
3404 3238 3493 3291 τὸν
3551 3232 3747 3300 ἐαυτοῦ,

2180 3331 2428 3403 Πατέρα,
2475 3331 2632 3413 ἡμῶν
2672 3330 2731 3385 δὲ
2767 3330 2919 3391 Θεὸν.
2949 3330 3168 3402 Πατέρα
3203 3330 3300 3401 μὲν
3348 3328 3443 3382 καὶ
3487 3326 3642 3398 ἡμῶν
3675 3326 3742 3383 δι’

2177 3421 2488 3493 ἀγαθότητα
2536 3422 2809 3493 ἐποίησεν,
2848 3422 2949 3476 οὐκ
2995 3421 3163 3474 όντων
3212 3419 3373 3490 φύσει
3405 3419 3559 3482 υἱῶν,
3612 3416 3743 3470 Θεὸν

2178 3512 2235 3583 δὲ
2260 3514 2361 3584 και,
2382 3512 2576 3581 ἐαυτοῦ
2616 3514 2840 3582 ἐκάλεσε
2886 3512 2974 3579 διὰ
3001 3512 3100 3582 τὴν
3120 3508 3530 3582 ένανθρὼπησιν
3555 3506 3742 3576 αὐτοῦ,

2181 3603 2248 3673 ἢν
2294 3603 2625 3677 σαφέστερον
2672 3602 3143 3675 προανεφώνησεν,
3180 3600 3372 3655 εἰπών’
3424 3619 3442 3654 ι
3489 3598 3585 3653 Ἐκ
3628 3615 3748 3652 χοι-ι

2183 3684 2302 3759 λῖας
2334 3696 2537 3767 μητρός
2570 3712 2671 3766 μου
2695 3694 2827 3759 Θεός
2867 3711 2969 3765 μου
3006 3689 3058 3746 εἴ
3086 3692 3169 3746 σύ.
3212 3710 3232 3745 t
3268 3691 3394 3757 Πῶς
3421 3691 3528 3762 γὰρ
3559 3690 3625 3745 ἂν
3652 3691 3747 3744 καὶ

2177 3789 2412 3858 ἐγχωρεῖ
2451 3786 2544 3839 τοῦ
2587 3784 2902 3856 μονογενοῦς
2931 3783 3096 3838 αὐτοῦ
3152 3781 3284 3837 Υἱοῦ
3304 3823 3319 3849 ,
3355 3782 3450 3836 τοῦ
3488 3781 3748 3855 ἀληθινοῦ

2179 3880 2272 3932 καὶ
2314 3877 2550 3948 μεγάλου
2582 3875 2718 3930 Θεοῦ
2744 3917 2759 3942 ,
2807 3871 2943 3930 εἶναι
2983 3875 3113 3941 Θεός
3143 3892 3157 3942 ;
3192 3876 3403 3948 Ὥσπερ
3449 3869 3568 3932 οὖν,
3589 3874 3747 3947 ἡμῶν

2180 3970 2293 4021 ἐστι
2332 3968 2462 4032 Θεὸς
2496 3971 2561 4039 τῇ
2607 3967 2869 4039 ἀληθείᾳ,
2920 3968 3013 4022 xui.
3043 3968 3103 4021 ού
3156 3966 3346 4039 Πατὴρ
3378 3966 3519 4020 κατὰ
3563 3966 3744 4037 φύσιν·

2181 4057 2352 4122 οὕτως
2382 4058 2546 4124 αὐτοῦ
2576 4058 2735 4129 μόνον
2769 4056 2984 4130 ἀληθῶς
3012 4058 3133 4111 κατ’
3166 4057 3351 4111 οὐσίαν
3387 4058 3506 4110 ἐστὶ
3533 4057 3747 4128 Πατὴρ⁹

512 4141 657 4198 Deus
688 4159 840 4198 meus
868 4158 928 4199 es
959 4153 1037 4201 tu.
1076 4163 1096 4195 ι
1123 4144 1404 4211 Quomodo
1437 4143 1581 4196 enim
1620 4150 1797 4210 potest
1820 4141 2078 4212 unigeniti

2186 4148 2279 4201 xui.
2330 4147 2390 4198 οὐ
2438 4146 2571 4210 Θεὸς
2611 4146 2754 4200 κατὰ
2801 4146 2900 4219 τὴν
2943 4146 3054 4201 ἅνω
3117 4147 3389 4219 γέννησιν’
3442 4147 3532 4200 καὶ
3584 4147 3748 4216 ἡμεῖς

511 4234 592 4287 sui
624 4233 776 4301 Filii,
803 4238 915 4291 veri
938 4245 992 4291 et
1021 4235 1200 4306 magni
1236 4234 1360 4297 Dei,
1393 4232 1537 4288 Deus
1563 4233 1728 4286 esse?
1775 4230 1927 4285 Sic-ut
1951 4248 2078 4303 ergo

2188 4237 2316 4309 [172
2363 4237 2417 4309 b]
2463 4237 2678 4309 μέτοχοι
2708 4237 2802 4292 τοῦ
2833 4239 3068 4311 Χριστοῦ
3108 4239 3423 4309 γεγονότες,
3465 4235 3750 4302 καταξιού-

510 4336 755 4383 nostrum
786 4328 1064 4387 hominum
1120 4341 1244 4383 vere
1293 4326 1437 4382 Deus
1482 4336 1601 4399 est,
1627 4340 1730 4383 non
1771 4340 1897 4392 vero
1926 4335 2078 4411 pater

2188 4328 2328 4419 μεθα
2370 4329 2461 4382 τὸν
2504 4330 2824 4402 ἐπουράνιον
2861 4330 2992 4385 Θεὸν
3037 4330 3446 4385 ἐπικαλεῖσθαι·
3494 4348 3512 4381 ι
3569 4328 3749 4401 Πάτερ
3802 4374 3811 4379 ,

511 4546 783 4611 videntur,
829 4549 970 4617 quod
1011 4547 1137 4618 alibi
1175 4555 1360 4617 aperte
1395 4546 1682 4600 aiiirmant.
1732 4545 1891 4614 Saepe
1915 4544 2078 4599 etiam
2114 4549 2157 4605 Β
2189 4546 2823 4618 tione,_Apnllinarium,
2870 4558 2961 4607 aut
3000 4548 3415 4618 Apollinartstas
3453 4547 3744 4618 nominat:

512 4632 575 4671 ex
604 4620 777 4685 primo
802 4615 987 4671 errore
1018 4618 1070 4670 iu
1093 4615 1253 4671 alium
1284 4625 1586 4682 transeunt,
1599 4628 1766 4685 quem
1791 4622 1947 4685 antea
1971 4629 2077 4685 no_n
2186 4617 2326 4683 quod
2354 4615 2586 4672 fortasse
2603 4633 2790 4675 eorum
2826 4615 3059 4672 nomina
3076 4618 3309 4671 nondum
3340 4617 3411 4669 ita
3450 4616 3672 4669 infamia
3700 4618 3753 4672 ei

515 4632 575 4671 ex
604 4630 777 4685 primo
802 4631 987 4671 errore
1019 4630 1253 4671 manum
1284 4630 1586 4682 transeunt,
1609 4630 1766 4737 quem
1791 4630 1947 4667 antea
1971 4630 2077 4667 non
2186 4630 2326 4683 quoa
2354 4630 2586 4672 tortasse
2603 4633 2790 4675 eorum
2826 4633 3045 4672 nomina
3076 4630 3309 4671 nonnum
3340 4630 3411 4669 Ita
3451 4630 3672 4669 inramia
3700 4630 3753 4672 et

515 4687 893 4756 defendebant.
927 4685 1284 4756 Hieronymus
1317 4699 1447 4740 sane
1485 4686 1537 4739 in
1581 4682 1622 4739 C
1641 4685 1839 4738 ιι·οηίσο
1869 4684 1985 4738 ιιωο
2012 4682 2080 4740 de
2185 4686 2515 4750 viderentur,
2552 4697 2609 4740 ut
2642 4687 2769 4755 ipsis
2801 4688 3197 4755 quodammodo
3226 4685 3552 4754 parcendum
3574 4686 3755 4740 adhuc

512 4754 847 4824 Apollinario
875 4756 1090 4823 scripsit
1115 4754 1142 4807 ί
1164 4755 1356 4823 «Cujus
1384 4756 1472 4811 hic
1495 4769 1651 4810 error
1675 4763 1777 4816 est,
1800 4761 2079 4824 utasserat
2186 4768 2303 4824 non
2321 4764 2486 4824 esset.
2534 4756 2667 4811 Vide
2686 4766 2796 4808 not.
2835 4758 2884 4819 1,
2909 4771 3026 4824 pag.
3055 4755 3178 4824 175.

513 4820 717 4895 desum,
756 4825 926 4879 solum
972 4820 1187 4878 carnem
1246 4820 1365 4881 sine
1411 4825 1600 4895 anima
1653 4822 1991 4889 suscepisse.
2020 4861 2077 4895 .5
2212 4893 2221 4895 _
2258 4822 2370 4893 (68)
2411 4823 2685 4895 Magnum.
2720 4824 2826 4895 isa.
2868 4820 3015 4887 xiii,
3049 4823 3100 4890 ϐ,
3137 4824 3288 4892 juxta
3347 4820 3589 4895 Graecam
3644 4821 3755 4875 edi-.

516 4888 895 4959 lpsamautem
928 4909 1145 4949 carnem
1176 4908 1281 4951 non
1314 4895 1379 4948 de
1407 4892 1573 4953 Maria
1598 4888 2080 4962 assumptam,_sed
2188 4888 2418 4947 tionem:
2458 4888 2529 4962 ei
2563 4909 2668 4961 qua
2725 4888 3096 4961 Hieronymus
3129 4888 3343 4962 quoque
3387 4903 3506 4962 cap.
3531 4888 3565 4943 4
3599 4904 3748 4962 enui-

518 4952 675 5015 V’crbi
708 4952 911 5033 aliquid
949 4966 998 5016 iu
1035 4978 1253 5018 carnem
1302 4963 1468 5033 fuisse
1505 4952 2079 5033 conversum._i__0uid

513 5038 660 5099 μοι-μ
678 5033 705 5085 ?-
739 5028 1031 5101 Gregorius
1056 5033 1428 5095 Nazianzenus
1448 5031 1500 5086 in
1530 5030 1766 5101 Epistola
1791 5030 1864 5101 ad
1889 5028 2083 5101 Necta-

516 5105 648 5153 n’um
681 5120 739 5156 se
771 5099 962 5173 legisse
993 5102 1065 5173 ait
1097 5103 1263 5170 ipsius
1291 5099 1603 5171 Apollinarii
1633 5099 1970 5173 7:uxti_o_v,_id
1999 5108 2083 5155 est

519 5188 536 5217 ι
564 5168 904 5238 (ψειενιιιιιῖιι,
929 5192 948 5224 ι
1005 5171 1057 5225 in
1099 5168 1205 5240 quo
1247 5168 1431 5240 aperte
1471 5173 1516 5226 is
1547 5170 1746 5240 aiebat,
1782 5168 2078 5240 Christum,

521 5258 536 5285 ι
566 5241 875 5308 ςιιὶιιε.ιιι;ιιιι
921 5260 951 5296 e
1003 5237 1141 5298 callo
1186 5237 1554 5296 descenderet.
1611 5239 1803 5301 Filium
1851 5237 2082 5293 hominis

519 5309 703 5373 fuisse,
752 5330 815 5366 ac
841 5313 1185 5367 descendisse
1213 5312 1483 5380 propriam
1516 5309 1789 5365 aii‘erendo
1824 5322 2080 5373 carnem;

516 5396 634 5450 t'uttt
658 5382 884 5448 scilicet,
914 5398 1072 5449 quam
1096 5381 1204 5450 jam
1247 5382 1297 5434 in
1323 5382 1458 5436 ccelu
1486 5381 1735 5443 habebat,
1765 5388 2077 5450 aeternam.»

520 5446 1018 5520 il-rApuilinaristis
1062 5446 1189 5505 vero
1234 5451 1454 5519 legenda
1502 5464 1621 5520 qua:
1661 5464 1781 5520 cum
1817 5447 1928 5510 alii,
1969 5455 2080 5501 tum

520 5517 848 5585 Ερίνιιηιιιειε
880 5523 1066 5576 haeresi
1101 5535 1247 5579 stn
1290 5517 1534 5588 Scripsit,
1583 5520 1669 5575 ubi
1710 5519 1850 5571 inter
1887 5525 2090 5588 caetera.

521 5584 630 5639 inec
675 5590 871 5662 habet;
900 5590 1207 5662 «Nonnulli
1242 5592 1344 5658 (ex
1403 5584 1720 5662 Apollinarii
1765 5584 2042 5662 discipulis
2063 5586 2091 5657 )‘

517 5672 578 5727 eo
608 5660 873 5724 progressi
918 5673 1039 5713 sunt
1074 5673 1131 5714 ut
1153 5654 1425 5714 Christum
1453 5654 1659 5727 ’σοι-ους
1685 5675 1714 5712 e
1745 5655 1893 5727 cmio
1925 5654 2079 5727 detu-

520 5724 642 5775 lisse
687 5723 943 5781 dicerent.
971 5748 989 5779 ι
1036 5731 1297 5782 Caeterum
1350 5723 1603 5799 Didymus
1654 5740 1828 5803 neque
1882 5723 1933 5774 in
1980 5723 2082 5796 itoc

518 5808 705 5863 opere,
733 5810 899 5862 tit-que
938 5800 987 5850 in
1019 5813 1101 5863 ea,
1136 5814 1294 5866 quam
1325 5800 1480 5869 paulu
1512 5809 1633 5853 ante
1660 5799 1819 5851 citavi
1857 5805 2080 5857 enarra-

2189 4974 2354 5017 ment.
2396 4965 2453 5017 in
2486 4958 2852 5029 Ecélesiauem
2898 4958 2973 5016 ita
3015 4958 3163 5017 hunc
3191 4958 3365 5016 locum
3391 4961 3525 5029 citat
3554 4977 3567 5013 :
3599 4978 3616 5010 ι
3643 4958 3754 5012 Ma-

2185 5047 2345 5106 gnum
2381 5034 2476 5106 tibi
2506 5044 2589 5088 est
2618 5033 2798 5106 vocari
2833 5042 2883 5087 te
2909 5046 3130 5106 puerum
3163 5047 3364 5106 meum.
3389 5049 3407 5082 ο
3445 5028 3635 5083 Latina
3665 5029 3753 5085 Dio
3828 5101 3837 5106 _

2186 5101 2291 5161 blia
2327 5102 2529 5156 habent
2556 5121 2570 5157 :
2614 5120 2633 5154 ι
2656 5102 2850 5156 Parum
2889 5101 3052 5156 estut
3085 5104 3162 5157 sis
3189 5102 3319 5155 mihi
3351 5113 3562 5154 servus.
3586 5119 3604 5152 ι

2256 5170 2368 5239 (69)
2409 5169 2590 5241 vocari
2618 5183 2683 5241 te.
2714 5170 2898 5241 Graeca
2928 5171 3039 5235 ed.,
3065 5172 3159 5225 τοῦ
3191 5169 3455 5241 κληθῆναι
3494 5184 3574 5223 σε.

2258 5241 2370 5311 (70)
2412 5240 2823 5311 (inﬁde/initus.
2866 5240 3024 5311 Boni.
3072 5258 3111 5307 ι,
3144 5242 3197 5296 4.
3256 5239 3474 5295 Biblia:
3518 5239 3613 5293 τοῦ
3645 5241 3764 5310 ὁρι-

2188 5308 2403 5372 σθέντος
2430 5310 2578 5375 Υἱοῦ,
2621 5323 2725 5365 etc.
2837 5344 2843 5349 -

2259 5380 2371 5450 (7i)
2404 5377 2631 5447 Spiritus
2652 5391 2883 5436 sanctus.
2902 5376 3038 5437 Luc.
3074 5398 3114 5449 I,
3137 5381 3224 5437 55.

2260 5450 2371 5521 (72)
2410 5450 2566 5521 ρειαί.
2596 5450 2794 5521 Ephes.
2836 5469 2875 5515 l,
2912 5451 2996 5505 17.

2258 5516 2371 5592 ('73)
2399 5518 2606 5592 Ιξᾳνὶρσ.
2633 5516 2764 5592 Luc.
2797 5540 2836 5588 ι,
2856 5524 2917 5577 51
2943 5533 2997 5575 et
3024 5523 3113 5577 52.

2260 5589 2372 5659 (7.1)
2424 5589 2585 5645 Vade.
2621 5591 2777 5646 Joan.
2814 5608 2906 5656 xx,
2938 5592 3027 5647 17.

2261 5658 2373 5725 (75)
2415 5660 2495 5714 lia:
2550 5672 2742 5716 ventre.
2793 5661 2991 5716 Psalm.
3034 5677 3148 5727 xxi,
3202 5662 3287 5715 Η.
3336 5660 3520 5714 Graeca
3575 5658 3744 5727 editio

2188 5723 2285 5797 pro
2342 5730 2403 5795 ἐκ
2454 5731 2682 5796 κοιλίας,
2738 5732 2895 5787 habet
2937 5723 3312 5787 eodent'sensu
3344 5729 3455 5783 ἀπὸ
3493 5723 3748 5801 γαστρός.
