4134 6404
373 386 477 441 855

1432 386 1518 441 DE
1552 388 1925 447 TRINITATE
1956 394 2159 448 LIBER
2197 394 2515 451 TERTIUS.

3496 391 3601 447 85d

373 496 532 567 ἡμῶν
550 496 578 549 ὀ
597 496 654 548 ὲν
681 497 791 559 τοῖς
820 496 1084 566 οὐρανοῖς·
1115 515 1133 548 ι
1167 497 1308 551 οὕτω
1329 499 1422 551 καὶ
1448 502 1475 551 ὁ
1491 500 1771 569 ἀγαπητὸς
1792 501 1939 567 Υἱὸς,

2050 508 2337 560 secundum
2372 516 2659 568 naturam;
2697 504 2775 559 sie
2804 504 2971 574 ipsius
3006 513 3212 559 tantum
3248 517 3373 560 vere
3399 520 3600 560 secun-

381 585 689 658 μετασχὼν,
735 586 876 640 κατὰ
930 587 1142 641 Παῦλον
1207 589 1481 660 Ἑϐραίοις
1532 590 1933 655 ἐπιστέλλοντα,

372 677 772 750 παραπλησίως
820 680 936 741 τοῖς
983 678 1216 742 παιδίοις
1276 680 1505 751 αἵματος
1554 682 1649 734 καὶ
1697 682 1933 753 σαρκὸς,

369 766 527 819 καλεῖ
545 765 635 818 τὸν
659 766 878 837 Πατέρα
897 766 1049 827 Θεὸν.
1091 768 1234 839 Πρὸς
1254 764 1335 832 οἷς
1361 770 1457 823 καὶ
1489 770 1550 823 τὸ
1583 769 1657 840 μὴ
1700 770 1931 841 μίξαντα

370 858 565 922 εἰπεῖν,
600 857 820 928 Πατέρα
847 858 1005 928 ἡμῶν
1035 860 1131 913 καὶ
1162 858 1295 915 Θεὸν
1331 860 1508 931 ἡμῶν,
1546 861 1681 915 ἀλλὰ
1711 878 1939 933 κεχωρι-

371 945 605 1016 σμένως,
642 964 661 998 ι
695 947 915 1019 Πατέρα
945 965 1048 1019 μου
1087 950 1180 1002 καὶ
1212 950 1432 1021 Πατέρα
1462 950 1636 1021 ὑμῶν,
1671 952 1803 1005 Θεόν
1834 970 1937 1022 μου

371 1035 465 1090 καὶ
495 1034 627 1088 Θεὸν
674 1036 850 1108 ὑμῶν,
906 1056 925 1089 ι
976 1037 1142 1105 ἔδειξε
1185 1040 1284 1110 τὴν
1330 1041 1716 1111 προλεχθεῖσαν
1759 1040 1939 1109 διαφο-

368 1125 472 1196 ρὰν
499 1125 664 1179 αὐτοῦ
690 1143 751 1179 τε
777 1127 871 1181 καί
904 1127 1080 1198 ἡμῶν.
1117 1128 1229 1200 Οὐχ
1253 1129 1564 1201 εὑρίσκεται
1600 1130 1709 1202 γὰρ
1739 1130 1934 1184 ἑαυτοῦ

371 1217 467 1270 καὶ
502 1216 801 1288 ἀνθρώπων
860 1219 1453 1291 ὲπικοίνωςβίρηκώς
1501 1222 1719 1292 Πατέρα
1759 1222 1935 1293 ἡμῶν.

381 1308 544 1362 Ἀλλὰ
572 1310 665 1362 καὶ
708 1311 765 1363 ὲν
806 1310 885 1382 τῷ
916 1310 1059 1365 κατὰ
1120 1312 1375 1383 Ἰωάννην
1426 1313 1745 1384 Εὐαγγελίῳ
1766 1352 1782 1378 ,
1814 1315 1940 1385 περὶ

370 1397 478 1451 τῶν
535 1399 673 1470 μετὰ
725 1401 1036 1472 παρρησίας
1081 1402 1174 1456 καί
1223 1402 1703 1475 ἐλευθεροστομίας
1750 1405 1939 1477 ὁμολο-

368 1488 611 1556 γούντων
641 1490 803 1546 αὐτὸν
838 1490 1151 1564 ἔμπροσθεν
1184 1495 1293 1548 τῶν
1341 1493 1643 1567 ἀνθρώπων
1683 1494 1815 1549 Θεὸν
1846 1494 1940 1548 καὶ⁵

370 1580 500 1634 Υἰὸν
526 1581 618 1636 τοῦ
649 1581 782 1636 Θεοῦ
811 1586 1091 1656 μονογενῆ,
1115 1587 1143 1639 ὅ
1166 1588 1311 1640 ἐστιν
1332 1586 1636 1658 ὁμοούσιον,
1668 1588 1941 1657 ὑπισχνεῖ-

2043 598 2167 651 dum
2199 597 2489 650 essentiam
2520 595 2681 649 Pater
2700 604 2816 658 est,
2849 610 2956 651 non
2982 611 3111 651 vero
3131 596 3273 651 Deus
3303 597 3600 651 secundum

2042 683 2317 739 cmlestem
2353 685 2774 753 generationem.
2817 683 2882 737 Et
2915 693 2974 738 ut
3004 700 3102 740 nos
3133 684 3333 740 Christi
3371 686 3593 754 partici-

2040 791 2135 846 pes
2162 776 2289 829 facti
2317 815 2332 840 ,
2361 775 2507 845 digni
2549 773 2812 827 eﬂieimur
2864 774 2955 843 qui
2997 775 3271 829 caelestem
3312 774 3482 829 Deum
3521 777 3601 830 sic

2040 866 2390 920 invocemus:
2422 882 2442 916 ι
2476 863 2638 925 Pater
2666 875 2871 931 noster,
2902 865 2992 933 qui
3039 880 3099 919 es
3145 865 3200 919 in
3244 865 3434 921 caelis:
3468 886 3485 918 ι
3526 870 3596 922 ita

2040 954 2204 1008 etiam
2262 953 2489 1007 dilectus
2528 952 2698 1007 Filius
2745 967 2867 1007 cum
2914 951 3070 1022 juxta
3116 952 3342 1008 Paulum
3386 957 3452 1009 ad
3500 957 3604 1012 lle-

2039 1041 2215 1097 brteos
2240 1040 2349 1112 (76)
2383 1041 2743 1105 scribentem,
2773 1041 3217 1111 participaverit,
3258 1043 3508 1099 similiter
3538 1061 3603 1099 ac
3712 1060 3723 1067 ’

2041 1132 2228 1201 pueri,
2253 1131 2499 1202 sanguini
2530 1140 2584 1185 et
2613 1131 2766 1186 carni
2788 1169 2804 1196 ,
2847 1142 3004 1187 vocat
3039 1130 3254 1187 Patrem
3301 1132 3604 1190 Deum..Ad

2041 1224 2156 1277 lich
2187 1236 2307 1277 cum
2340 1221 2817 1276 indiscriminatim
2850 1235 2958 1276 non
2987 1222 3217 1288 dixerit,
3253 1222 3471 1278 Patrem
3507 1239 3605 1279 no-

2040 1322 2211 1369 strum
2233 1352 2249 1378 ,
2280 1321 2335 1367 et
2363 1311 2529 1367 Deum
2555 1322 2827 1379 nostrum,
2862 1312 2956 1367 sed
2983 1315 3309 1383 separatim,
3340 1334 3360 1367 ι
3386 1315 3602 1372 Patrem

2041 1416 2219 1458 meum
2260 1410 2314 1458 et
2345 1401 2562 1457 Patrem
2588 1413 2826 1457 vestrum
2848 1440 2866 1467 ,
2920 1402 3088 1457 Deum
3131 1418 3311 1458 meum
3359 1413 3415 1458 et
3438 1404 3603 1461 Deum

2040 1501 2325 1557 vestrum,
2357 1511 2379 1544 ι
2411 1492 2703 1547 ostendunt
2748 1493 2865 1548 haec
2907 1494 3221 1563 praedictum
3279 1495 3600 1562 discrimen,

2041 1584 2183 1653 quod
2216 1584 2441 1638 interest
2469 1584 2610 1637 inter
2632 1598 2752 1638 eum
2801 1599 2867 1639 ac
2919 1598 3038 1639 nos.
3063 1582 3175 1640 Nec
3206 1586 3349 1640 enim
3376 1602 3604 1656 usquam

368 1684 483 1725 rat“
545 1689 565 1722 ι
606 1673 795 1741 Κάγὼ,
838 1675 1020 1744 φησιν,
1061 1676 1379 1747 ὁμολογήσω
1433 1678 1595 1731 αὐτὸν
1627 1676 1938 1749 ἔμπροσθεν

2050 1674 2380 1740 invenimus,
2413 1674 2587 1743 ipsum
2614 1674 2680 1729 de
2706 1675 2885 1744 seipse
2907 1715 2923 1740 ,
2949 1684 3005 1730 et
3031 1677 3097 1732 de
3126 1677 3431 1732 hominibus
3457 1692 3604 1744 com-

370 1760 464 1814 τοῦ
493 1762 703 1834 Πατρός
735 1782 867 1835 μου·
904 1785 922 1818 ι
961 1768 1043 1830 οὐ,
1089 1767 1182 1821 τοῦ
1212 1770 1422 1841 Πατρὸς
1461 1770 1639 1842 ἡμῶν.
1673 1766 1747 1825 Ub
1790 1771 1844 1824 τι
1870 1771 1939 1825 ἂν

2050 1767 2279 1823 muniter
2308 1766 2618 1838 loquentem
2648 1766 2878 1831 dixisse,
2904 1764 3118 1820 Patrem
3158 1773 3424 1823 nostrum.
3461 1766 3604 1833 Quin

370 1854 455 1923 εἴη
497 1854 699 1923 μεῖζον,
733 1858 791 1909 ἐν
820 1857 918 1926 μὲν
948 1858 1173 1927 ἀγαθοῖς
1192 1901 1207 1925 ,
1246 1838 1344 1913 τοῦ
1371 1838 1767 1933 ὁμολογηθῆναι
1791 1863 1939 1933 ἡμᾶς

2050 1857 2183 1929 apud
2204 1855 2465 1913 Joannem
2491 1859 2543 1911 in
2570 1857 2858 1925 Evangelia
2882 1856 2948 1911 de
2976 1857 3042 1911 iis
3064 1856 3292 1926 loquens
3320 1858 3413 1927 qui
3437 1857 3604 1920 libere

372 1945 463 1996 ὑπ’
512 1946 696 1999 αὐτοῦ·
726 1949 783 1999 ἐν
826 1947 883 2000 δὲ
919 1949 1183 2019 αἰσχίοις,
1208 1949 1303 2003 τοῦ
1350 1951 1653 2023 ἀρνηθῆναι
1691 1952 1922 2017 ἐκείνοις

2050 1958 2339 2019 aperteque
2370 1962 2554 2002 coram
2583 1946 2891 2002 hominibus
2918 1945 3092 2016 ipsum
3123 1960 3243 2002 esse
3279 1947 3604 2003 conﬁtentur

369 2033 467 2105 τὴν
491 2034 598 2088 ἀπὸ
624 2034 717 2089 τοῦ
742 2034 877 2088 Θεοῦ
912 2036 1132 2105 γνῶσιν,
1163 2037 1240 2102 ὡς
1272 2039 1392 2092 ἀντί
1427 2041 1527 2110 τῆς
1551 2040 1808 2112 ἀληθείας
1844 2043 1939 2095 ἀν-

2050 2041 2227 2103 Deum,
2256 2048 2309 2094 et
2329 2038 2521 2093 Filium
2546 2038 2637 2092 Dei
2664 2037 3016 2106 unigenitum,
3043 2038 3095 2092 id
3112 2047 3215 2105 est,
3246 2040 3605 2095 consubstan-

372 2123 698 2193 θῃρημένοις
720 2123 946 2194 ψεῦδοςς
976 2125 1086 2179 Καὶ
1106 2126 1186 2191 τὸ,
1218 2144 1237 2177 t
1282 2126 1581 2181 Ἀναϐαίνω
1618 2129 1716 2182 »δὲ
1750 2148 1769 2181 ‹
1803 2130 1940 2201 πρὸς

2050 2130 2245 2197 halent,
2280 2131 2394 2185 haec
2426 2128 2747 2198 pollicetur:
2777 2146 2797 2180 ι
2826 2127 2895 2183 Ει
2922 2143 3021 2201 ego
3052 2128 3201 2199 (77),
3239 2131 3441 2199 inquit,
3475 2144 3606 2185 eon-

371 2214 461 2265 τίιν
489 2215 730 2285 Πατέρα,
758 2235 776 2267 ι
815 2214 903 2268 διὰ
939 2216 1039 2286 τὴν
1060 2217 1373 2288 οἰκονομίαν
1392 2213 1565 2284 εἷπεν,
1595 2218 1941 2289 εὐαγγελιζό-

2050 2220 2240 2275 ﬁtebor
2259 2234 2380 2275 eum
2410 2217 2520 2290 (78)
2551 2224 2737 2273 coram
2763 2216 2924 2272 Patre
2946 2231 3086 2273 meo.
3110 2235 3129 2270 ι
3152 2216 3266 2271 Νοιι
3293 2217 3400 2283 ait,
3422 2233 3606 2273 coram

374 2321 534 2375 μενος
554 2306 678 2366 τοὺς
696 2304 961 2376 μαθητὰς,
986 2305 1079 2368 οὓς
1106 2307 1275 2376 φιλῶν
1303 2308 1562 2378 ἀδελφοὺς
1584 2309 1792 2373 ἐκάλει,
1815 2311 1943 2364 ὅταν

2050 2312 2204 2367 Patre
2242 2319 2445 2366 nostro.
2466 2310 2762 2377 Quodnam
2797 2323 2928 2365 vero
2965 2307 3135 2377 majus
3169 2310 3367 2364 bonum
3390 2348 3407 2373 ,
3443 2324 3608 2379 quam

372 2393 765 2465 ἀναϐιϐάζηται
796 2396 828 2465 ἡ
854 2394 914 2461 ἐξ
954 2396 1110 2466 ἡμῶν
1150 2397 1393 2469 ἀπαρχὴ,
1438 2398 1819 2463 ἀναϐαίνοντος
1848 2397 1942 2452 τοῦ

2050 2402 2187 2473 quod
2214 2417 2310 2458 nos
2352 2403 2467 2472 ipse
2497 2402 2863 2457 conﬁteatur?
2888 2402 3017 2471 quid
3039 2411 3226 2456 contra
3257 2406 3428 2473 magis
3457 2402 3608 2473 igno-

371 2484 459 2535 dtsi.
487 2483 637 2547 ὄντος
669 2485 803 2555 πρὸς
825 2487 913 2538 τὸν
937 2486 1104 2550 ὅντως
1133 2488 1260 2541 ὄντα
1285 2489 1449 2542 αὐτοῦ
1482 2489 1719 2560 Πατέρα.
1764 2488 1944 2542 Ἐπεί-

2050 2493 2327 2547 miniosum
2370 2491 2510 2562 (79),
2554 2507 2715 2561 quam
2756 2492 2901 2562 quod
2933 2491 3010 2545 illi
3059 2505 3123 2546 ea
3156 2493 3460 2560 cognitione
3496 2492 3608 2563 pri-

372 2588 519 2639 τοιγε
560 2572 737 2642 λέγει·
779 2592 798 2625 r
847 2575 1035 2639 Οὐδεὶς
1074 2576 1410 2649 ἀναϐέϐηκεν
1446 2580 1526 2642 εἰς
1551 2580 1641 2633 τὸν
1680 2579 1931 2651 οὐρανὸν,

2050 2590 2250 2646 ventur,
2288 2596 2405 2652 qua:
2431 2590 2514 2636 est
2542 2596 2572 2634 a
2605 2581 2714 2637 Deo
2737 2622 2753 2647 ,
2785 2591 2971 2650 utpote
3000 2582 3094 2650 qui
3134 2583 3348 2635 veritati
3384 2584 3608 2637 menda-

374 2664 422 2715 εἰ
449 2663 523 2734 μὴ
547 2665 574 2717 ὁ
597 2666 661 2718 ἐκ
689 2666 780 2718 τοῦ
810 2667 1039 2736 οὐρανοῦ
1066 2669 1323 2736 καταϐὰς,
1351 2671 1380 2722 ὁ
1401 2670 1475 2724 ὢν
1497 2674 1554 2724 ἐν
1567 2671 1644 2742 τῷ
1665 2671 1899 2742 οὐρανῷ·
1917 2692 1936 2724 ι

2050 2673 2180 2727 rium
2209 2672 2603 2743 praetulerunt?
2630 2669 2807 2726 Verba
2834 2682 3016 2726 autem
3038 2711 3053 2736 ,
3083 2688 3103 2722 ‹
3131 2672 3378 2727 Ascendo
3410 2674 3477 2726 ad
3508 2674 3610 2730 Pa-

371 2752 460 2806 διὰ
507 2752 614 2807 τῶν
645 2755 899 2810 τοιούτων
938 2757 1135 2822 λέξεων
1168 2763 1233 2830 τῇ
1275 2759 1487 2832 θεότητι
1518 2761 1795 2834 μυστικῶς
1826 2763 1941 2832 ἅμα

2050 2773 2211 2828 trem,
2246 2782 2264 2815 ι
2299 2771 2515 2833 propter
2559 2761 2988 2817 Incarnationem
3044 2761 3222 2827 dixit,
3285 2762 3599 2832 discipulis,

375 2844 468 2898 καὶ
496 2844 699 2909 λευκῶς
733 2847 1013 2918 σημαίνων
1036 2844 1175 2904 εἶναι
1205 2852 1388 2906 αὐτόν.

2050 2869 2174 2924 quos
2212 2854 2502 2920 diligebat,
2542 2861 2598 2906 et
2639 2851 3200 2923 fratresappellabat,
3236 2854 3437 2908 bonum
3465 2869 3607 2909 nun-

378 2939 509 2993 tium
537 2938 770 2996 efferens
794 2959 812 2997 :
843 2943 1098 3012 quoniam
1127 2962 1340 3001 sursum
1370 2948 1696 3005 ascendebat
1720 2950 1958 3019 primitia
1985 2959 2195 3016 nostra,
2232 2948 2360 3002 dum
2389 2946 2714 3001 ascendebat
2740 2945 2859 3012 ille,
2887 2946 2978 3015 qui
3008 2960 3221 3014 semper
3245 2956 3365 3011 est,
3394 2948 3461 3001 ad
3486 2960 3610 3005 eum

376 3034 467 3103 qui
500 3049 622 3090 vere
653 3044 770 3102 est,
806 3053 999 3108 nempe
1032 3041 1099 3094 ad
1130 3056 1285 3095 suum
1311 3042 1569 3106 Patrem;
1609 3044 1686 3098 ait
1714 3045 1856 3099 enim
1888 3045 2003 3115 ipse
2030 3063 2044 3098 :
2089 3062 2109 3095 ι
2141 3041 2308 3097 Nemo
2342 3039 2455 3111 (80)
2487 3039 2727 3093 ascendit
2761 3037 2874 3109 (8!)
2906 3038 2958 3092 in
2992 3028 3218 3103 cceium,
3255 3038 3358 3094 nisi
3393 3039 3483 3110 qui
3515 3042 3614 3096 de.-

377 3130 584 3183 sceudit
615 3130 776 3204 363
810 3133 876 3188 de
905 3134 1043 3190 emlo
1066 3176 1081 3202 ,
1112 3136 1157 3191 is
1190 3138 1284 3207 qui
1317 3145 1400 3193 est
1434 3140 1484 3193 in
1522 3139 1680 3193 caelo.
1714 3157 1733 3190 ι
1761 3139 1969 3206 Quibus
2004 3138 2180 3193 verbis
2208 3136 2431 3208 mystice
2485 3134 2646 3190 simul
2690 3140 2744 3188 et
2781 3131 2926 3187 clare
2962 3132 3289 3203 signiﬁcavit
3326 3148 3382 3190 se
3420 3134 3615 3192 deitato

372 3236 499 3279 esse
532 3224 662 3295 (82).

421 3306 437 3319 ‘
866 3300 1028 3391 '[175
1070 3320 1125 3393 α]
1164 3323 1320 3375 ιςεψ.
1358 3325 1418 3378 ι’.

446 3415 557 3471 Καὶ
596 3412 810 3469 Παύλου
849 3411 906 3464 δὲ
932 3411 1314 3484 Φιλιππησίοις
1342 3412 1649 3483 γράψαντος
1690 3417 1815 3488 περὶ
1846 3416 1944 3486 τῆς

376 3506 703 3578 ἀσυγκρίτου
729 3504 822 3558 καὶ
846 3504 1193 3574 οἰκονομικῆς
1215 3503 1307 3558 τοῦ
1332 3504 1466 3558 Θεοῦ
1498 3506 1669 3574 Λόγου
1698 3506 1764 3560 δι’
1798 3510 1945 3577 ἡμᾶς

379 3594 658 3657 κενώσεως
684 3610 697 3625 ’
732 3611 750 3643 ι
787 3590 957 3645 Τοῦτο
985 3592 1049 3662 δὴ
1079 3592 1375 3663 λογιζέσθω
1403 3595 1460 3647 ἐν
1497 3595 1646 3665 ὑμῖν,
1680 3596 1816 3666 ὅπερ
1848 3598 1942 3650 καὶ

463 3689 563 3753 {76)
597 3689 676 3742 Ad
703 3686 973 3743 Hebrum.
1011 3687 1143 3753 Cap.
1177 3704 1237 3753 ιι,
1262 3703 1404 3742 vers.
1435 3689 1522 3743 M.

476 3704 563 3753 70';
597 3704 674 3742 Λα
703 3704 973 3743 mortem.
1011 3704 1143 3753 Lap.
1177 3704 1237 3753 ιι,
1262 3704 1404 3742 vers.
1435 3704 1522 3743 ιιι.

593 3757 657 3857 [Et
691 3775 812 3857 2ego.
850 3757 966 3812 Non
999 3762 1050 3812 in
1086 3758 1292 3813 Joanne
1329 3758 1442 3814 haec
1474 3768 1710 3823 exstant,
1749 3760 1841 3814 sed
1892 3763 1944 3818 in

380 3828 567 3884 Matth.
609 3828 777 3891 x,32.

452 3900 562 3969 (78)
598 3896 986 3969 Eunt._G_rteca
1051 3896 1257 3969 editio:
1288 3898 1346 3969 εν
1398 3896 1563 3968 αὐτῷ,
1611 3899 1659 3951 id
1707 3911 1809 3965 est,
1851 3900 1945 3954 «in

381 3966 515 4040 ipso.
549 3987 568 4020 ι
607 3970 711 4040 Sed
747 3966 899 4040 Vulg.
932 3969 1199 4040 interpres
1218 3966 1348 4040 legit
1369 3978 1425 4040 ut
1453 3966 1723 4040 Didymus.

454 4039 564 4103 (79)
616 4036 787 4109 Magis
840 4035 1627 4109 ἰῂιιοτηίηὲοειιηιςλϐοιιεχ,[ὲν
1687 4038 1945 4109 αἰσχίοις.

2698 3318 2847 3375 CAP.
2890 3320 2957 3373 Χ.

2119 3415 2251 3470 Cum
2284 3428 2412 3469 vero
2439 3412 2639 3469 Paulus
2694 3413 2759 3468 de
2797 3411 3201 3481 incomparabili
3239 3421 3294 3465 et
3332 3412 3611 3480 dispensa-

2050 3506 2186 3560 toria
2218 3504 2312 3558 Dei
2343 3503 2502 3558 Verbi
2534 3511 2753 3571 propter
2797 3517 2894 3557 nos
2922 3502 3290 3559 exinanitione
3340 3503 3615 3571 scripserit

2048 3602 2115 3654 ad
2140 3596 2544 3666 Pliilippenses:
2571 3614 2590 3647 ι
2621 3596 2731 3651 Hoc
2753 3611 2884 3652 sane
2911 3595 3026 3667 (85)
3051 3604 3329 3662 reputetur
3360 3596 3412 3649 in
3440 3597 3611 3664 vobis,

2051 3707 2155 3747 non
2188 3689 2364 3753 venio,
2406 3691 2728 3750 nascendi,»
2787 3689 2971 3744 multis
3026 3688 3326 3758 rationibus
3383 3688 3613 3758 probare

2049 3775 2264 3831 possem
2286 3801 2300 3824 ,
2326 3760 2418 3814 sed
2451 3774 2544 3813 eas
2587 3759 2741 3831 facile
2768 3759 2996 3831 quisque
3042 3758 3245 3811 videbit
3284 3756 3613 3831 GraecaLBie

2051 3827 2158 3885 blia
2190 3842 2535 3897 percurrens,
2570 3838 2623 3882 et
2671 3829 2777 3881 duo
2817 3830 2930 3897 lia-c
2964 3828 3078 3897 loca
3106 3827 3435 3897 expendens.
3458 3827 3611 3897 illud

2052 3895 2261 3952 tantum
2295 3898 2688 3967 animadverto,
2723 3898 2775 3949 in
2816 3896 3302 3967 Νικοδιῃρ-κινιιι,
3339 3895 3426 3967 16,
3456 3896 3558 3967 legi
3594 3913 3608 3951 :

2051 3969 2165 4039 Kal.
2201 3965 2452 4039 οὐρανοῦ
2482 3966 2581 4039 μὲν
2613 3967 2837 4039 ἥπτετο,
2874 3964 3095 4035 βεϐήκει
3121 3965 3178 4018 δὲ
3223 3965 3316 4018 ἐπὶ
3340 3965 3468 4035 γῆς,
3494 3964 3614 4039 qua:

2060 4041 2114 4094 in
2147 4036 2350 4092 Latiiiis
2381 4036 2566 4090 Bibliis
2590 4040 2668 4090 sic
2696 4037 2944 4105 leguntur
2969 4053 2982 4089 :
3014 4053 3031 4085 ι
3060 4045 3113 4088 et
3142 4050 3309 4102 usque
3329 4038 3613 4091 ademlum

383 4103 724 4177 Ι.εε‹ιιιι1ιιιιι,“
763 4108 821 4158 ὲν
860 4103 1132 4176 αἰσχροῖς,
1178 4107 1257 4163 vel
1296 4105 1355 4158 ὲν
1397 4107 1717 4178 αἰσχίστοις,
1771 4103 1851 4163 vel
1899 4109 1946 4161 ὲι

2062 4109 2542 4178 attingebatstans
2568 4104 2624 4178 in
2656 4103 2818 4178 terr—ia.
2842 4103 3109 4178 Jamyero
3134 4105 3473 4178 perspicuum
3507 4116 3611 4169 est.

380 4177 792 4311 αιῗξξῧσλεηιοῖ
823 4242 978 4299 Joan.
1010 4264 1087 4309 ιιι.
1117 4250 1204 4305 l5.

2062 4173 2245 4231 vocem
2285 4175 2504 4247 βεϐήκει
2531 4174 2616 4247 llic
2650 4176 2771 4243 poni
2809 4189 2905 4245 pro
2929 4173 3129 4247 ἔϐαινε,
3162 4173 3390 4247 ideoque
3410 4190 3611 4247 vocent

2064 4242 2437 4318 ﬁé6qxs’ideiit
2471 4242 2733 4300 valere'ae
2762 4242 2946 4299 vocem
2980 4242 3168 4318 βαίνει.
3207 4242 3356 4318 ρειαι-
3378 4243 3519 4318 siita
3556 4260 3614 4318 se

451 4316 859 4389 (8l)_Ascendit.
912 4315 1117 4389 Graece,
1165 4318 1491 4386 αναόέὸηκε,
1540 4330 1659 4384 quae
1718 4330 1818 4370 vox
1858 4316 1946 4370 etsi

2064 4311 2285 4389 habent,
2334 4316 2512 4369 clarus
2551 4326 2631 4369 est
2676 4328 2867 4368 sensus
2904 4311 3191 4367 verborum
3231 4311 3615 4389 Christi-apud

383 4386 710 4456 praeteritum
738 4393 947 4453 tempus
974 4388 1281 4456 signiﬁcare
1312 4389 1579 4456 videatur,
1609 4395 1785 4439 tamen
1817 4401 1954 4455 pra:-

384 4454 520 4510 ἐρηιί
566 4467 947 4526 nonnunquam
1001 4454 1309 4526 respondet,
1341 4465 1399 4510 ut
1444 4454 1679 4526 fortasse
1746 4454 1847 4509 lioe
1900 4456 1952 4509 in

2061 4380 2344 4449 Joannem,
2374 4399 2609 4453 nempe:
2654 4399 2719 4436 ne
2768 4394 2978 4449 tempus
3019 4397 3161 4437 nunc
3209 4393 3375 4453 teras,
3423 4380 3613 4444 Maria.

2064 4456 2117 4509 in
2160 4452 2512 4524 exploranda
2538 4468 2632 4522 per
2677 4462 2876 4507 tactum
2920 4454 3167 4524 corporis
3199 4452 3301 4524 mei
3341 4453 3610 4524 veritate:

386 4503 525 4597 Ῑιῖἔό,
566 4503 1413 4597 ξειἹᾶἌῖιῐόί(ιίιΐῖιῖὧὲᾗὶὶίὲὲ
1444 4503 1951 4597 ’ὗεῖεἶίῖηξὲιξιηρἑ
1985 4503 2031 4560 Ι)
2059 4503 2117 4597 ili
2138 4503 2874 4597 ait;satitsjpagag“;
2901 4503 3160 4575 “sum
3188 4503 3332 4575 enim
3379 4503 3617 4597 ascendo

384 4593 823 4664 apud'Joannem
859 4593 1128 4664 versiculo
1167 4593 1682 4664 l7‘eapiti5~xx,_ubi
1727 4593 1948 4661 Vulgata

384 4662 547 4719 editio
579 4664 738 4736 habet
771 4680 783 4715 :
822 4680 840 4712 ι
864 4662 1001 4736 Dicit
1024 4665 1070 4717 ei
1098 4662 1505 4736 (Marizeilesus
1538 4662 1690 4715 :Noli
1724 4678 1809 4716 me
1832 4671 1951 4715 tan-

385 4750 510 4800 gere
543 4752 555 4786 :
587 4732 825 4785 nomium
863 4732 1004 4786 enini
1064 4732 1281 4789 aseendi
1305 4732 1314 4736 ’
1338 4737 1404 4788 ad
1443 4733 1655 4785 Patrem
1700 4746 1897 4785 meum.
1926 4750 1945 4783 ι

385 4803 641 4869 Quamvis
678 4816 839 4870 porro
869 4800 1098 4857 instituti
1130 4805 1232 4858 mei
1272 4820 1376 4857 non
1401 4804 1470 4856 sit
1504 4800 1802 4869 Scriptura:
1832 4801 1949 4855 loca

386 4891 414 4923 ιι
455 4874 678 4938 Didymo
708 4871 870 4923 allata
917 4872 1218 4941 explicare.
1269 4883 1446 4927 tamen
1482 4870 1622 4925 bane
1648 4885 1703 4941 κει
1754 4870 1954 4941 lectore

389 4942 598 4995 veniam
633 4950 775 5006 peto,
826 4949 883 4993 ut
918 4938 1085 5009 pauca
1134 4944 1324 4998 saltem
1362 4943 1429 4996 de
1462 4956 1593 4994 voce
1634 4938 1953 5009 ἀναϐέϐηκα

387 5013 585 5064 addere
637 5012 816 5071 liceat,
871 5017 1035 5076 utque
1082 5028 1143 5066 ca
1185 5020 1436 5080 tanquam
1478 5024 1642 5077 parva
1684 5010 1729 5063 is
1771 5024 1837 5063 ne
1868 5011 1955 5063 de-

388 5082 577 5153 spiciat
611 5096 623 5132 :
653 5087 710 5131 ut
740 5080 884 5153 enim
915 5081 987 5133 ait
1012 5080 1067 5136 S.
1090 5080 1466 5153 Hieronymus,
1502 5097 1519 5129 ι
1546 5092 1651 5131 non
1677 5088 1800 5132 sunt
1830 5094 1954 5148 par-

388 5165 490 5221 va,
538 5152 656 5202 sine
712 5149 906 5214 quibus
951 5165 1145 5221 magna
1179 5149 1449 5221 constare
1499 5159 1947 5221 ttOtt_pussurtl.a

389 5218 523 5272 Puto
560 5232 688 5284 ergo
720 5232 904 5271 vocem
950 5216 1093 5273 illam
1142 5220 1433 5288 aliquando
1469 5216 1794 5288 significare,
1829 5233 1954 5272 ias-

390 5291 577 5351 cendo,
604 5306 621 5339 ι
661 5301 765 5338 non
805 5302 932 5340 vero
968 5306 985 5338 ι
1008 5290 1225 5343 asccndi
1253 5307 1267 5342 :
1299 5308 1318 5340 ι
1364 5289 1500 5342 sicut
1533 5287 1789 5354 temporis
1816 5301 1953 5353 pra:-

387 5359 554 5412 sentis
577 5371 789 5427 sensum
821 5357 1015 5410 habent
1036 5360 1223 5413 Grteca
1251 5360 1431 5421 verba,
1451 5356 1690 5427 πέφυκα,
1712 5356 1951 5427 μέμηλα,

385 5427 607 5492 λέληθα,
626 5436 680 5479 et
698 5424 936 5488 Latina,t
963 5427 1071 5489 odi,
1092 5429 1233 5492 novi,
1255 5428 1492 5481 memini.
1518 5424 1954 5489 iNimirumvux,

386 5492 701 5567 ἀναϐέϐηκα
720 5499 770 5547 in
804 5496 1010 5567 Yeteris
1035 5498 1368 5567 Testamenti
1393 5492 1951 5567 translationeGra'ea

393 5562 680 5632 ints-quain,
728 5567 777 5618 in
813 5564 960 5619 Novo
1004 5576 1181 5620 autem
1208 5566 1293 5620 bis
1327 5575 1552 5629 tantum,
1594 5564 1645 5615 ni
1679 5562 1854 5629 fallor,
1883 5565 1957 5617 le-

392 5638 552 5701 gitur,
592 5637 693 5690 etsi
730 5634 920 5705 millies
952 5636 1237 5705 utrobique
1274 5636 1485 5703 legatur
1505 5632 1725 5705 ἀνέϐην,
1761 5634 1810 5687 id
1851 5642 1953 5697 est,

398 5706 674 5758 nascendi.
708 5724 725 5756 ι
772 5703 828 5757 in
883 5705 1089 5759 duobus
1137 5703 1317 5758 autem
1369 5704 1514 5758 hisce
1567 5704 1720 5763 locis,
1767 5718 1958 5771 nempe

389 5771 548 5828 λοισι.
570 5789 660 5842 xx,
692 5775 773 5840 l7,
812 5782 865 5828 et
888 5788 969 5836 ιιι,
1007 5775 1090 5842 15,
1112 5789 1230 5829 eam
1254 5775 1578 5844 signiﬁcare,
1617 5791 1633 5823 ι
1665 5775 1950 5838 ascendo,»

2054 4594 2149 4665 (id
2181 4604 2263 4647 est
2307 4589 2652 4665 ascendam),
2688 4594 2756 4646 ad
2794 4591 3010 4665 Patrem
3059 4606 3237 4665 meum
3260 4589 3396 4665 ;_sed
3427 4590 3613 4665 statim

2055 4659 2190 4716 vade
2229 4666 2295 4717 ad
2348 4664 2544 4716 fratres
2594 4677 2765 4724 meos,
2804 4671 2910 4715 etc.
2956 4660 3130 4715 Simili
3175 4659 3357 4718 modo,
3409 4669 3467 4713 ut
3512 4659 3618 4713 alia

2052 4733 2295 4801 exempla
2344 4732 2612 4796 omittam,
2654 4732 2915 4801 accipitur
2970 4745 3072 4784 vox
3123 4725 3507 4799 ἅμριϐἐϐηκας
3563 4728 3615 4784 in

2052 4800 2221 4854 Iliad.
2246 4813 2387 4855 eant.
2413 4817 2450 4863 t,
2480 4816 2619 4854 vers.
2649 4800 2736 4854 57.

2127 4870 2238 4940 (82)
2264 4870 2411 4924 Esse.
2438 4862 2550 4923 ’Aut
2581 4871 2729 4940 deest
2761 4869 2941 4940 aliqua
2986 4862 3084 4922 vo‘x
3127 4869 3179 4921 in
3225 4868 3436 4940 Graeco,
3463 4876 3613 4940 puta,

2054 4934 2386 5011 ὲνόῦρανῷ,
2431 4941 2483 4993 id
2526 4950 2627 5003 est,
2675 4959 2694 4991 ι
2722 4939 2773 4991 in
2815 4934 3028 5011 cudo,»
3087 4948 3181 4991 aut
3224 4952 3327 5011 vﬂox
3368 4934 3532 5011 εἶναι,
3566 4938 3615 4991 id

2054 5019 2159 5071 est,
2201 5007 2386 5071 (esse,
2414 5029 2432 5061 ι
2475 5024 2540 5063 eo
2587 5024 2750 5062 sensu
2804 5008 3036 5062 sumitur
3080 5022 3186 5075 quo
3241 5007 3381 5062 Deus
3414 5009 3615 5061 dicitur

2056 5094 2176 5133 esse
2208 5081 2251 5132 is
2282 5080 2370 5146 qui
2419 5097 2436 5128 ι
2464 5087 2564 5131 est.
2591 5097 2610 5129 ι
2649 5077 2742 5131 llis
2768 5087 3131 5131 consentanea
3159 5085 3284 5130 sunt
3307 5092 3425 5145 qua:
3457 5077 3618 5147 Didy-

2059 5165 2179 5202 mus
2219 5145 2335 5217 ipse
2370 5149 2585 5217 tradidit
2627 5148 2679 5200 in
2733 5147 3140 5217 commentariis
3173 5147 3239 5200 ad
3269 5145 3615 5217 ltuneJoan-

2058 5218 2143 5271 nis
2170 5214 2365 5283 locum,
2397 5216 2619 5282 pag.,49
2646 5227 2849 5271 catenae
2889 5216 2943 5268 in
3003 5214 3265 5284 Joannem
3304 5215 3619 5284 ιΔηλουμέ-

2057 5305 2153 5358 νης
2195 5283 3239 5358 (ἰιιιιιιὶι)ξτινὺςμύπεροχῆς-ἁρμοξούσης
3508 5283 3624 5337 6νό-

2064 5355 2210 5428 ματι
2239 5355 2636 5428 τοῦρύρανοῦ,
2675 5355 2729 5408 κζ
2778 5373 2828 5428 τ.
2878 5355 2949 5419 λ.,
2978 5355 3051 5408 ια
3086 5365 3190 5428 est,
3227 5372 3244 5405 t
3274 5355 3624 5428 Sigttilicatite

2061 5423 2181 5479 eunt
2225 5423 2763 5493 nominequamdam
2803 5427 2907 5478 Deo
2942 5426 3352 5478 convenientem
3395 5423 3621 5493 praecel-

2062 5496 2300 5559 lentiam,
2331 5516 2348 5547 ι
2388 5505 2493 5547 etc.
2528 5492 2670 5563 Lege
2719 5494 2879 5547 etiam
2914 5508 3047 5566 quae
3078 5492 3507 5566 ipsewDidymus
3556 5494 3622 5566 de

2066 5567 2147 5618 liis
2179 5558 2384 5619 Domini
2421 5558 2857 5632 verbis'disputat
2911 5558 3050 5631 apud
3084 5558 3366 5629 Wolfium,
3397 5572 3527 5617 tom.
3555 5558 3619 5614 IV

2063 5636 2466 5696 Anccdotorum,
2504 5648 2622 5702 pag.
2658 5633 2713 5687 8.

2142 5706 2253 5772 (83)
2289 5702 2399 5775 Hoc
2429 5697 2836 5775 saﬁcJPhilipp.
2886 5716 2946 5770 tt,
2983 5698 3133 5754 5-H.
3174 5697 3361 5756 Grzeca
3398 5698 3564 5756 editio
3594 5723 3610 5761 :

2065 5770 2360 5844 Τοῦτο-γὰρ
2392 5770 2710 5843 φρονείσθω.
2750 5770 2798 5775 *⁷
2858 5804 2873 5815 .
