4134 6418
516 354 645 431 εδει
1759 374 1988 430 manu
2026 377 2496 436 ALEXANDRINI
3655 382 3767 439 see

516 487 684 543 eum?
717 495 812 542 aut
847 487 972 558 quia
1003 487 1237 544 intendis
1265 495 1498 543 mentem
1541 488 1592 543 in
1626 489 1840 559 ipsum?
1869 500 1954 545 aut
2004 492 2084 546 in-

2189 497 2589 569 ἀναμάρτητον,
2619 496 3045 567 ὑπεράνθρωπόν
3085 497 3225 549 ἐστι.
3254 494 3351 548 Διὰ
3374 493 3532 548 τοῦτο
3559 511 3761 566 κεχρη-

517 579 844 648 spectiouem
891 580 1008 650 ejus
1052 581 1184 636 facis
1207 578 1317 652 (96)
1356 597 1526 651 usque
1559 582 1625 635 ad
1673 582 1990 648 diluculum,
2037 593 2088 638 et

2190 586 2465 657 σμῴδῃται
2500 589 2604 652 πὸ,
2656 606 2672 638 ι
2726 588 2813 640 Ἐν
2863 585 3173 657 ὁμοιώματι
3220 586 3314 638 καὶ
3370 585 3610 655 σχήματι
3664 587 3760 640 ἀν·

517 669 569 722 in
610 670 797 737 requie
844 685 965 724 eum
1005 670 1258 740 judicas?
1285 691 1304 724 ι
1343 669 1461 741 Ipse
1507 688 1672 737 vero,
1717 673 1767 726 id
1824 685 1945 737 est,
1981 673 2088 727 Do-
2189 675 2485 746 θρώπων.»

516 761 715 826 minus,
750 762 915 834 366
944 781 963 814 ι
1001 773 1282 834 peccatum
1317 764 1428 838 (97)
1461 766 1564 821 nbn
1608 765 1753 829 fecit,
1788 784 1807 818 ι
1845 776 1902 821 ut
1925 776 2079 821 antea
2121 767 2323 823 dictum
2367 780 2471 835 est,
2507 789 2525 821 ι
2558 785 2655 825 nec
2696 775 2945 824 iuventus
3012 779 3096 824 est
3136 769 3289 824 dolus
3323 785 3375 823 ιιι
3440 784 3535 823 ore
3563 771 3700 838 ejus.
3733 788 3750 822 ι

519 854 619 921 Qui
667 863 846 909 autem
908 866 991 912 est
1074 859 1281 928 peccati
1368 873 1584 929 expers,
1666 868 1750 915 est
1803 875 1964 932 supra
2012 861 2255 917 homines
2302 861 2436 935 (98).
2488 863 2604 919 liae
2653 865 2717 919 de
2790 877 2957 918 causa
3010 861 3250 917 divinum
3305 860 3586 915 oraculum
3639 860 3755 915 ait:

528 966 547 1000 ι
580 949 636 1003 lu
667 949 1022 1007 similitudine
1064 938 1119 1007 ei
1146 953 1330 1008 habitu
1355 955 1652 1008 hominum.
1685 974 1705 1008 i

1166 1042 1315 1097 CAP.
1357 1044 1448 1100 XI.

2198 1044 2207 1045 '
2704 1046 2705 1049 “
2814 1039 2970 1093 ΚΕΦ.
3024 1039 3125 1094 lA'.

591 1128 669 1184 Ne
709 1130 837 1184 illud
879 1131 1117 1201 quidem,
1152 1133 1294 1201 quod
1330 1134 1382 1187 in
1420 1132 1629 1190 Joanne
1662 1135 1879 1207 legitur,
1926 1156 1947 1190 ι
1977 1138 2086 1208 Ego

520 1219 641 1274 vivo
666 1220 777 1291 (99)
827 1232 1045 1291 propter
1090 1220 1326 1288 Patrem,
1360 1242 1380 1277 ι
1435 1225 1813 1282 haereticorum
1865 1244 2086 1284 causam

522 1310 631 1365 ullo
661 1312 1025 1379 modojuvare
1056 1323 1250 1385 potest.
1279 1313 1373 1370 Sic
1401 1317 1545 1370 enim
1578 1316 1815 1386 loquitur
1840 1319 2090 1377 Salvator

521 1410 614 1455 aut
656 1413 874 1473 propter
926 1407 1237 1474 prmdictum
1285 1406 1675 1465 incarnationis
1724 1409 1961 1477 modum,
2000 1419 2093 1466 aut

522 1490 646 1559 quia
694 1491 809 1560 ipse
839 1494 1052 1560 genitus
1076 1504 1156 1549 est
1196 1496 1304 1549 vita
1331 1510 1396 1550 ex
1431 1496 1536 1550 vita
1569 1507 1817 1566 paterna,
1857 1508 1912 1554 et
1939 1500 2029 1556 lux
2060 1516 2092 1559 e

521 1582 660 1645 luce,
715 1592 769 1636 et
806 1582 951 1639 Deus
978 1599 1043 1639 ex
1083 1584 1212 1641 Deo.
1243 1588 1426 1656 itaque
1454 1596 1509 1643 et
1546 1589 1648 1644 hoc
1688 1589 1757 1644 ab
1787 1606 1852 1646 eo
1878 1594 2090 1647 audivi-

520 1686 640 1724 mus
664 1672 802 1735 apud
830 1674 1079 1729 eumdem
1097 1675 1361 1732 Joannem
1392 1696 1404 1733 :
1436 1697 1456 1731 ι
1494 1679 1604 1748 Ego
1628 1696 1745 1735 sum
1776 1680 1855 1752 (Ι)
1881 1684 2011 1748 vita,
2037 1693 2091 1740 et

520 1758 642 1829 lux;
677 1780 694 1813 ι
731 1771 783 1816 et
810 1779 1032 1818 rursus:
1063 1784 1081 1816 ι
1113 1765 1278 1823 Filius
1308 1767 1407 1839 (Ξ),
1453 1784 1587 1839 quos
1614 1770 1747 1837 vult,
1776 1771 2035 1828 viviﬁcat.
2065 1791 2086 1826 ι

2256 1134 2367 1189 Καὶ
2394 1132 2454 1186 τὸ
2477 1131 2630 1203 παρὰ
2656 1130 2897 1203 Ἰωάννῃ,
2931 1148 2950 1181 ι
2987 1127 3127 1199 Ἐγὼ
3150 1128 3227 1193 ζῶ
3243 1127 3330 1182 διὰ
3343 1128 3433 1181 τὸν
3455 1126 3699 1197 Πατέρα,
3727 1143 3753 1178 ι

2188 1223 2483 1294 οὐδαμόθεν
2510 1223 2621 1294 ἔχει
2647 1223 2859 1294 λῆμμα.
2900 1224 2969 1275 Ἦ
2989 1221 3096 1292 γὰρ
3124 1220 3287 1274 ἓνεκα
3311 1218 3404 1272 τοῦ
3437 1217 3759 1290 προλεχθὲν-

2188 1331 2280 1379 τος
2312 1314 2409 1384 τῆς
2455 1312 2765 1384 οἰκονομίας
2808 1311 3020 1382 εἴρηται
3061 1309 3297 1382 τρόπου,
3344 1308 3377 1379 ἢ
3421 1307 3508 1361 διὰ
3552 1308 3611 1360 τὸ
3659 1323 3757 1361 πε-

2193 1405 2417 1475 φηνέναι
2446 1405 2608 1458 αὐτὸν
2652 1402 2794 1474 ζωὴν
2820 1404 2883 1455 ἐκ
2922 1402 3067 1472 ζωῆς
3096 1400 3386 1471 πατρικῆς,
3418 1399 3493 1463 ὡς
3518 1398 3613 1451 καὶ
3642 1398 3759 1468 φῶς

2189 1496 2253 1548 ὲκ
2304 1496 2501 1564 φωτὸς,
2538 1497 2632 1549 καὶ
2659 1495 2789 1548 Θεὸν
2819 1495 2884 1549 ὲκ
2924 1492 3081 1546 Θεοῦ.
3129 1491 3430 1562 Τοιγαροῦν
3469 1491 3564 1543 καὶ
3602 1490 3761 1542 τοῦτο

2189 1587 2503 1657 ἠκούσαμεν
2537 1586 2700 1640 αὐτοῦ
2729 1585 2858 1656 παρ’
2892 1582 3040 1654 αὑτῷ
3094 1584 3311 1653 Ἰωάννῃ
3338 1599 3352 1612 σ
3396 1599 3414 1633 ι
3475 1581 3614 1650 Ἐγὼ
3642 1583 3757 1651 εἰμι

2189 1681 2223 1750 ἡ
2261 1677 2373 1749 ζωὴ
2402 1679 2497 1733 καὶ
2526 1679 2588 1749 τὸ
2614 1677 2762 1747 φῶςο
2800 1697 2818 1730 ι
2851 1677 2944 1731 καὶ
2978 1674 3158 1730 πάλινο
3201 1694 3217 1726 ι
3260 1675 3316 1727 '0
3338 1674 3466 1737 Υἱὸς
3489 1672 3581 1736 οὓς
3614 1673 3757 1727 Θέλει

2190 1768 2460 1839 ζωοποιεῖ.
2493 1788 2513 1821 ι
2542 1771 2605 1823 Ei
2648 1765 2740 1823 οὖν
2792 1769 2885 1822 καὶ
2930 1769 2958 1821 6
3004 1767 3189 1837 Πατὴρ
3232 1766 3341 1836 ζωή
3369 1766 3484 1817 ἐστι
3523 1766 3617 1818 καὶ
3640 1764 3756 1833 φῶς

521 1850 579 1906 Si
620 1868 749 1922 ergo
788 1854 948 1909 Pater
970 1871 1183 1926 quoque
1221 1858 1331 1913 vita
1366 1869 1470 1925 est,
1520 1870 1575 1915 et
1610 1861 1701 1916 lux
1729 1877 1880 1927 vera,
1908 1862 2088 1933 prol‘e-

2191 1860 2461 1931 ἀληθινόν·
2499 1860 2614 1934 ζωὴ
2638 1860 2782 1928 ζωῆς
2799 1900 2813 1925 ,
2847 1859 2941 1914 καὶ
2971 1859 3087 1929 φῶς
3115 1857 3291 1928 φωτὸς
3318 1856 3467 1910 οὐδὲν
3489 1855 3752 1926 διαφέρει.

521 1955 608 1999 eto
656 1947 701 2000 is
742 1949 833 2017 qui
870 1959 953 2004 est
982 1951 1091 2005 vita
1127 1952 1270 2019 vita},
1307 1962 1363 2007 et
1404 1954 1495 2009 lux
1538 1954 1700 2022 lucis,
1750 1957 1883 2012 nihil
1922 1958 1991 2014 ab
2023 1974 2087 2014 eo

2189 1954 2302 2024 Ζωὴ
2335 1952 2440 2023 γὰρ
2476 1953 2568 2006 καὶ
2606 1952 2719 2022 φῶς
2743 1952 2887 2018 ἅπαξ
2938 1951 3081 2006 ἐστι’
3111 1950 3206 2004 κα)⁵
3231 1949 3349 2002 οὐδὲ
3374 1946 3757 2048 πειθανότητος

521 2037 701 2091 diii'ert
727 2055 742 2104 ;
768 2056 891 2094 nam
920 2041 1028 2095 vita
1053 2051 1107 2097 et
1137 2043 1227 2097 lux
1243 2045 1463 2099 omnino
1483 2057 1593 2115 est;
1626 2062 1688 2102 ac
1715 2048 1911 2103 nullam
1934 2050 2088 2120 plane

2189 2045 2348 2112 ἐγγὺς
2370 2043 2452 2110 τὸ,
2478 2062 2495 2094 ι
2508 2039 2638 2110 Ἦν,
2658 2044 2745 2096 ὅτε
2763 2043 2862 2095 οὐκ
2875 2038 2964 2113 ἦν,
2981 2062 2999 2094 ›
3018 2041 3111 2094 ἐπὶ
3132 2041 3299 2111 αὐτῆς
3313 2041 3408 2111 τῆς
3422 2037 3755 2111 δημιουργοῦ

524 2122 686 2179 habet
739 2128 1178 2195 probabilitatem
1236 2131 1328 2186 illa
1383 2135 1756 2191 haereticorum
1814 2138 2085 2206 formula,

2189 2133 2327 2205 ζωῆς
2357 2134 2450 2188 καὶ
2475 2133 2569 2187 τοῦ
2599 2133 2954 2189 ἀνεκλείπτου
2996 2133 3193 2203 φωτός.
3228 2131 3340 2185 Καὶ
3368 2130 3561 2194 ἄλλως·
3603 2133 3661 2185 '0
3688 2131 3756 2184 δι’

526 2233 546 2265 ι
576 2216 879 2285 Aliquando
919 2235 1024 2274 non
1056 2230 1197 2287 erat,
1229 2241 1248 2274 ι
1287 2224 1330 2278 si
1372 2224 1441 2279 de
1482 2240 1547 2281 eo
1588 2226 1818 2292 dicatur,
1867 2230 1957 2299 qui
1991 2240 2077 2287 est

2189 2227 2368 2292 ἕτερον
2396 2226 2524 2294 ζῶν,
2552 2227 2715 2313 αὐτὸς
2744 2227 2844 2280 οὐκ
2876 2226 2942 2280 ἂν
2976 2225 3062 2296 εἴη
3091 2225 3220 2278 ποτὲ
3256 2224 3367 2295 ζωὴ
3401 2222 3615 2287 αἰώνιος
3639 2238 3654 2252 ο
3682 2223 3756 2288 ὡς

521 2303 636 2373 ipsa
674 2309 904 2362 creatrix
965 2310 1072 2364 vita
1114 2320 1170 2366 et
1207 2312 1523 2371 indeficiens
1555 2316 1665 2371 lux.
1708 2319 1879 2376 Aliter
1924 2322 2086 2377 etiam

2189 2317 2305 2371 οὐδὲ
2337 2318 2366 2369 6
2409 2303 2872 2388 μεταδόσειὊεοῦ
2912 2316 3098 2387 ἅγιος,
3148 2316 3463 2384 αὑτοάγιοςο
3498 2315 3658 2377 αὐτὸς
3699 2313 3756 2368 δι

522 2397 851 2464 respondere
883 2399 1027 2457 licet.
1052 2400 1152 2468 Qui
1179 2415 1397 2473 propter
1429 2406 1655 2462 alterum
1678 2410 1832 2478 vivit,
1862 2427 1964 2467 non
1996 2427 2088 2483 pq—

2189 2415 2308 2468 κατ’
2341 2411 2589 2477 ἐξουσίαν
2618 2413 2714 2467 καὶ
2745 2412 2937 2477 ἄλλους
2973 2410 3218 2481 ἁγιάζων.
3252 2410 3318 2476 δι’
3350 2407 3543 2463 ἑαυτοῦ
3577 2426 3634 2461 τε
3663 2407 3761 2462 καὶ

521 2494 627 2547 test
660 2488 774 2557 ipse
804 2505 1038 2560 unquam
1064 2507 1187 2549 esse
1222 2494 1330 2549 vita
1360 2505 1583 2563 reterna,
1623 2499 1764 2555 sicut
1793 2516 1859 2556 ne
1890 2501 1935 2556 is
1973 2503 2090 2573 qui-

2186 2505 2253 2559 δι’
2287 2505 2515 2577 ἑτέρων.

521 2576 665 2644 dem,
694 2579 783 2649 qui
809 2582 1225 2652 participatione
1253 2585 1346 2641 Det
1375 2597 1594 2645 sanctus
1632 2598 1736 2658 est,
1804 2600 1985 2661 potest
2043 2607 2162 2649 esse
2203 2609 2299 2664 per
2331 2576 2391 2651 se
2433 2606 2649 2652 sanctus
2681 2613 2693 2648 :
2727 2603 2808 2649 est
2846 2608 2975 2648 vero
3004 2593 3117 2664 ip-e
3153 2607 3248 2648 sua
3291 2599 3557 2663 potestate
3593 2592 3759 2648 etiam

523 2672 660 2757 alios
706 2676 1052 2734 sanetilicans
1095 2693 1219 2734 cum
1261 2696 1357 2751 per
1405 2684 1777 2755 semetipsum,
1818 2695 1931 2741 tum
1980 2703 2077 2758 per
2114 2688 2268 2745 alios.

1150 2774 1298 2830 CAP.
1342 2776 1455 2831 XII.

589 2857 765 2913 Verba
815 2876 1032 2931 quoque
1068 2864 1179 2930 illa,
1232 2883 1251 2917 ι
1282 2866 1390 2936 [τεο
1435 2868 1682 2923 descendi
1714 2870 1790 2939 (5)
1823 2871 1889 2927 de
1931 2872 2089 2939 cmlo,
2140 2841 2146 2848 ’

521 2961 626 3002 non
654 2960 711 3001 ut
734 2948 926 3004 iaciam
954 2953 1280 3008 voluntatem
1318 2972 1514 3022 meam,
1541 2961 1634 3013 sed
1667 2960 1784 3028 ejus
1818 2962 1910 3032 qui
1945 2964 2094 3019 misit

519 3052 627 3102 me,
653 3038 849 3104 Patris,
882 3060 900 3093 ι
938 3042 1011 3097 ita
1046 3044 1362 3113 accipienda
1393 3058 1539 3113 sunt,
1570 3051 1724 3120 quasi
1764 3053 1905 3113 dicat
1932 3071 1945 3107 :
1972 3052 2088 3109 Non

2815 2783 2971 2836 ΚΕΦ.
3013 2782 3113 2835 ΙΒ’.

2257 2876 2369 2929 Καὶ
2397 2876 2457 2929 τὸ
2492 2894 2510 2927 ι
2560 2872 2700 2942 Ἐγὼ
2743 2873 3101 2943 καταϐέϐηκα
3132 2873 3197 2925 ὲκ
3224 2870 3313 2925 τοῦ
3356 2868 3582 2961 οῦρανοῦ
3603 2908 3616 2932 ,
3649 2868 3748 2961 οὐχ

2188 2967 2274 3020 ἵνα
2310 2964 2448 3019 ποιῶ
2488 2966 2551 3019 τὸ
2586 2965 2799 3037 θέλημα
2841 2964 2901 3017 τὸ
2930 2964 3081 3033 ἐμὸν,
3118 2962 3253 3016 ἀλλὰ
3298 2959 3402 3015 τοῦ
3442 2959 3751 3031 πέμψαντός

2188 3076 2256 3129 με
2288 3050 2501 3129 Πατρὸς
2526 3098 2540 3123 ,
2594 3077 2612 3108 ι
2643 3057 2802 3111 τοῦτο
2840 3056 3021 3126 δηλοῖ·
3069 3055 3181 3125 Οὐχ
3224 3054 3310 3107 ἵνα
3336 3053 3395 3106 τὸ
3418 3053 3514 3123 τῆς
3547 3052 3756 3123 ἀνθρω-

521 3136 581 3181 υι
610 3129 962 3187 humanitatis
991 3133 1321 3191 voluntatem
1364 3137 1558 3196 faciam
1604 3141 1656 3195 in
1687 3139 2086 3211 lncaruatione,

522 3221 613 3244 ..ΑΛ
647 3220 967 3244 ..-I..--.-.-_--
1020 3225 1195 3244 j_!._.!
1283 3227 1324 3244 ιτ
1487 3230 1499 3242 ο
1668 3240 1676 3244 _
1780 3233 1793 3244 1
1886 3243 1889 3244 ,
2021 3237 2055 3244 --

2197 3149 2450 3220 πότητος,
2494 3150 2650 3221 φησι,
2705 3147 2915 3219 θέλημα
2953 3147 3181 3244 πράττω
3225 3147 3378 3244 ἐνιτῇ
3413 3145 3755 3244 ἐνανθρωπήὶ

521 3221 615 3274 sed
647 3220 971 3278 voluntatem
1012 3225 1248 3281 deitatis.
1281 3227 1391 3283 Nec
1414 3230 1558 3285 enim
1600 3240 1683 3287 est
1712 3233 1961 3290 voluntas
2004 3237 2088 3293 di-

521 3309 644 3363 lecti
670 3310 791 3366 Filii
826 3327 856 3366 a
894 3314 1169 3372 voluntate
1212 3318 1304 3372 Dei
1350 3328 1405 3373 et
1449 3319 1625 3376 Patris
1666 3333 1946 3392 separata;
1980 3343 2084 3382 una

520 3396 666 3451 enim
688 3410 744 3454 et
768 3402 956 3456 eadem
985 3404 1234 3461 voluntas
1255 3417 1337 3461 est
1361 3406 1633 3463 Trinitati.
1661 3408 1767 3465 Sua
1802 3428 1960 3481 porro
1986 3416 2090 3469 hac

523 3487 659 3541 mira
691 3502 914 3557 prorsus
944 3493 1267 3563 obedientia,
1294 3513 1398 3567 qua
1433 3514 1530 3568 pro
1563 3500 1741 3567 nobis,
1777 3503 1829 3558 id
1859 3514 1943 3563 est
1969 3507 2089 3562 vice

521 3589 788 3659 nostrum,
843 3584 1105 3651 obedivit,
1158 3589 1435 3659 antiquam
1493 3602 1733 3648 nostram
1782 3595 2088 3653 iuobedieuv

524 3669 651 3724 tiam
692 3672 928 3729 abolevit
954 3693 967 3730 :
992 3687 1046 3731 et
1085 3682 1537 3747 quemadmodum
1573 3685 1624 3739 in
1674 3686 2082 3743 similitudinem

519 3755 824 3829 hominum,
857 3776 922 3818 eo
964 3766 1122 3821 modo
1153 3782 1262 3836 quo
1305 3771 1419 3841 ipse
1463 3772 1611 3826 novit
1656 3787 1721 3828 ac
1760 3775 1968 3841 voluit,
2005 3777 2089 3832 de-

520 3851 782 3906 scendens
817 3868 1008 3922 passus
1047 3866 1150 3927 est,
1185 3859 1264 3915 sic
1302 3870 1354 3915 et
1387 3876 1484 3918 nos
1528 3862 1631 3918 sibi
1670 3864 1979 3921 conformes
2013 3866 2088 3920 fa-

522 3940 671 3995 ciens
702 3942 753 3995 in
783 3943 1361 4022 iuipassihilitatem(.i)
1390 3954 1680 4010 transtulit.
1698 3956 1861 4027 367
1882 3957 2082 4024 Quare,

524 4047 546 4087 ι
589 4032 878 4100 Descendi,
907 4056 927 4089 ι
962 4038 1132 4108 inquit
1160 4059 1172 4095 :
1218 4056 1407 4112 nempe
1436 4046 1650 4113 propria
1683 4058 1872 4114 sponte
1903 4064 1967 4102 ac
1998 4064 2088 4101 vo-

519 4125 724 4186 luntate
755 4133 898 4196 veni,
928 4131 1121 4200 inquit,
1152 4149 1258 4188 non
1282 4151 1413 4191 vero
1438 4146 1496 4189 ut
1522 4137 1768 4193 minister
1797 4155 1860 4194 ac
1913 4140 2086 4195 famu-

518 4214 624 4275 lus.
674 4217 823 4274 Sicut
875 4232 929 4274 et
972 4223 1023 4276 in
1065 4225 1170 4277 alio
1209 4225 1326 4279 loco
1369 4226 1620 4281 similiter
1668 4229 1788 4285 ait:
1820 4248 1838 4281 ι
1874 4230 1981 4300 Ego
2008 4232 2086 4303 (εἰ)

2194 3256 2300 3304 σει,
2329 3238 2466 3293 ἀλλὰ
2494 3238 2555 3293 τὸ
2577 3238 2676 3308 τῆς
2711 3236 2983 3307 θεότητος.
3013 3234 3226 3306 Οὐκ-γάρ
3278 3236 3393 3287 ἐστι
3427 3233 3638 3303 θέλημα
3662 3232 3753 3287 τοῦ

2190 3329 2476 3403 ἀγαπητοῦ
2532 3330 2662 3384 Υἰοῦ
2684 3368 2700 3393 ,
2743 3328 3047 3399 θελήματος
3091 3326 3185 3380 τοῦ
3226 3325 3361 3379 Θεοῦ
3399 3324 3493 3379 καὶ
3543 3323 3761 3395 Πατρὸς,

2190 3421 2615 3493 κεχωρισμένον.
2647 3421 2743 3473 ’Ἑν
2778 3419 2908 3490 [175
2952 3417 3008 3490 a]
3040 3418 3148 3489 γὰρ
3189 3416 3365 3470 καὶτὸ
3387 3414 3518 3470 αὐτὸ
3547 3412 3761 3484 θέλημά

2191 3512 2307 3564 ἐστι
2361 3512 2426 3581 τῇ
2471 3507 2682 3579 Τριάδι.
2740 3506 2924 3580 Ταύτῃ
2969 3504 3099 3575 γοῦν
3148 3508 3213 3576 τῇ
3258 3502 3544 3575 παραδόξῳ
3592 3500 3754 3557 αὐτοῦ

2191 3601 2405 3671 ὑπακοῇ
2450 3602 2516 3671 τῇ
2563 3598 2678 3652 ἀνθ’
2720 3598 2898 3670 ἡμῶν,
2943 3597 3099 3650 ἔλυσε
3150 3597 3249 3669 τὴν
3323 3595 3477 3667 ἡμῶν
3524 3594 3754 3665 ἀρχαίαν

2190 3688 2505 3763 παρακοήν·
2552 3690 2645 3743 καὶ
2691 3689 2750 3745 ὃν
2795 3687 2993 3759 τρόπον
3040 3688 3119 3751 εἰς
3163 3686 3419 3757 ὁμοίωσιν
3460 3685 3637 3758 ἡμῶν,
3682 3684 3756 3749 ὡς

2188 3779 2297 3837 οἶδε
2323 3783 2418 3838 καὶ
2472 3768 2771 3852 ἠὸουλήθη,
2802 3764 3046 3844 καταϐὰς
3072 3777 3273 3831 ἔπαθεν
3298 3797 3309 3808 ·
3335 3777 3477 3831 οὓτω
3497 3776 3589 3832 καὶ
3611 3777 3757 3847 ἡμᾶς

2192 3874 2551 3944 συμμόρφους
2580 3873 2815 3943 ποιήσας
2842 3870 3057 3938 ἑαυτοῦ,
3094 3872 3175 3934 εἰς
3199 3869 3465 3924 ἀπάθειαν
3496 3869 3757 3940 μετέστης

2189 3982 2301 4019 σεν.
2357 3964 2539 4027 Ὅθεν,
2601 3982 2618 4015 ι
2649 3963 3039 4027 Καταϐἐῦηκα,
3076 3982 3093 4014 ι
3146 3962 3279 4033 ἔφη·
3324 3960 3754 4035 αὐθαιρετικῶς,

2191 4053 2378 4123 φησίν,
2413 4054 2513 4124 οὐχ
2556 4051 2928 4124 ὑπουργικῶς.
2978 4050 3139 4105 Καθὰ
3178 4052 3271 4104 καὶ
3302 4053 3359 4105 ὲν
3399 4051 3568 4123 ἑτέρῳ
3599 4051 3757 4121 μέρει

2187 4142 2384 4216 ὁμοὶως
2410 4146 2627 4214 φάσκει·
2664 4163 2683 4195 ι
2729 4142 2869 4212 Ἐγώ
2895 4144 3010 4213 εἰμι
3034 4145 3061 4194 6
3089 4142 3248 4212 ἄρτος
3270 4145 3297 4196 6
3322 4144 3385 4196 ὲκ
3414 4141 3504 4195 τοῦ
3528 4138 3758 4211 οὐρανοῦ

2190 4237 2432 4301 καταϐάς
2459 4254 2474 4269 ο
2507 4255 2522 4288 ι
2567 4237 2595 4289 ὃ
2620 4237 2790 4298 ἐστιν,
2822 4235 2882 4287 οὐ
2920 4235 3203 4305 πεμφθείς.

520 4328 637 4371 sum
665 4316 820 4382 panis
846 4318 936 4389 qui
975 4319 1039 4373 de
1066 4321 1203 4374 coelo
1231 4322 1515 4390 descendi;
1542 4343 1561 4375 ι
1589 4324 1640 4379 id
1670 4333 1772 4393 est,
1810 4341 1914 4382 non
1945 4328 2140 4385 missus
2171 4331 2245 4402 (ϐ)
2277 4333 2373 4388 fui.

1148 4413 1299 4468 CAP.
1334 4414 1471 4472 XIII.

590 4500 788 4555 Eodem
852 4517 1011 4559 sensu
1073 4506 1441 4576 accipiendum
1514 4521 1598 4566 est
1654 4512 1781 4568 illud
1834 4515 2076 4571 Psallis:

2885 4425 2986 4478 ΕΦ.
3027 4425 3125 4478 Il".

2885 4428 2986 4478 ΕΦ.
3027 4428 3125 4478 Il".

2254 4518 2363 4571 Καὶ
2405 4518 2468 4573 τὸ
2502 4518 2594 4573 τοῦ
2639 4428 2984 4588 Ψαλμιξδοῦ·
3038 4533 3058 4568 ι
3122 4516 3221 4571 Διὰ
3264 4516 3422 4570 τοῦτο
3466 4516 3648 4589 ἔχρισε
3698 4535 3757 4573 σε

525 4608 544 4640 ι
576 4589 788 4660 ldco(7)
827 4595 979 4648 unxit
1007 4605 1057 4650 te
1095 4596 1231 4653 Deus
1265 4600 1400 4655 Dens
1435 4611 1556 4656 tuus
1596 4604 1716 4657 oleo
1749 4606 1944 4661 laetitiae
1974 4624 2082 4676 prae

2189 4610 2313 4674 Θεὸς
2340 4612 2369 4664 6
2395 4611 2524 4673 Θεός
2559 4626 2649 4663 σου
2677 4609 2854 4663 ἔλαιον
2886 4606 3256 4675 ἀγαλλιάσεως
3282 4608 3433 4680 παρὰ
3463 4611 3589 4672 τοὺς
3623 4626 3758 4680 μετ-

520 4681 868 4749 participihus
900 4686 1041 4752 tuis;
1081 4706 1099 4739 ι
1141 4700 1195 4743 et
1235 4692 1376 4759 quod
1423 4692 1621 4761 legitur
1648 4694 1788 4761 apud
1821 4694 2080 4752 Joannem

2189 4700 2341 4770 όχους
2395 4717 2486 4752 σου
2513 4717 2525 4730 ο
2572 4718 2591 4750 ι
2653 4699 2746 4752 καὶ
2795 4697 2857 4750 τό
2903 4700 3030 4768 παρ’
3069 4698 3288 4770 Ἰωάννῃ
3334 4701 3392 4752 ὲν
3442 4699 3759 4771 Εὑαγγελίῳ

521 4773 572 4830 in
605 4773 889 4843 EVuligeiiO
919 4794 932 4829 :
972 4795 990 4827 ι
1024 4778 1190 4845 Quem
1207 4780 1283 4851 (8)
1312 4782 1469 4836 Pater
1494 4784 1869 4851 sanctilicavit,
1903 4797 1957 4843 et
1984 4791 2085 4844 iiii-

525 4993 544 5053 ς
582 4975 760 5053 inanis
786 4979 926 5033 enim
957 4983 1173 5053 estvita
1202 4998 1341 5045 mea,
1369 5003 1386 5034 θ
1417 4983 1659 5041 fortasse
1693 5002 1885 5043 nomen
1921 4990 2074 5053 illud,

520 5047 549 5103 ὁ
582 5047 711 5115 βίος,
751 5049 800 5101 in
832 5065 989 5103 eausa
1029 5052 1147 5115 fuit,
1176 5067 1275 5105 cur
1307 5056 1491 5107 isitimc
1520 5057 1961 5114 antecedentibus
1987 5047 2074 5115 hie

522 5119 699 5194 citatis
725 5118 987 5194 iungeret
1007 5121 1277 5194 librarius,
1314 5134 1405 5174 aut
1428 5123 1702 5194 Didymus.

595 5188 705 5259 (96)
743 5186 919 5268 Faucia.
963 5190 1195 5268 itlllialia
1235 5193 1397 5268 editio
1442 5186 1631 5268 habet,
1675 5200 1800 5268 ποιῇ
1846 5199 2073 5267 τοπρωῖ,

523 5259 574 5339 id
604 5257 706 5321 est,
742 5277 758 5308 ι
784 5257 1246 5339 facisdiluculo.)
1277 5263 1665 5339 (dompluteusis
1692 5257 1837 5339 vero,
1875 5257 2074 5339 ποίήσῃ

2186 4790 2465 4860 κείμενον,
2496 4810 2513 4842 ι
2548 4792 2643 4843 Ὃν
2669 4792 2697 4842 6
2726 4789 2913 4858 Πατὴρ
2941 4789 3158 4859 ἡγίασε,
3186 4791 3280 4843 καὶ
3305 4791 3622 4845 ἀπέστειλεν
3678 4792 3759 4855 εἰς

2249 4987 2512 5058 (99)__Ego
2552 4991 2682 5044 vivo.
2725 4987 2884 5043 Joan.
2914 5006 2987 5052 γι,
3025 4991 3112 5041 57.

2247 5056 2472 5126 (“Ego
2495 5076 2631 5113 sum.
2671 5059 2802 5113 Vide
2833 5058 2987 5112 Joan.
3018 5075 3130 5123 xxv,
3171 5060 3233 5122 6,
3259 5071 3311 5115 et
3341 5077 3434 5122 xu,
3467 5062 3554 5115 46.

2249 5125 2324 5193 (2)
2356 5125 2553 5181 Filius.
2583 5128 2738 5181 Joau.
2772 5144 2824 5186 ι’.
2862 5129 2953 5181 21.

2247 5195 2323 5264 (5)
2357 5195 2468 5265 Ego
2499 5199 2758 5251 descendi.
2798 5196 2956 5252 Joan.
3012 5214 3084 5262 vi,
3108 5200 3176 5253 38
3209 5209 3261 5253 et
3301 5198 3389 5253 59.

2248 5265 2423 5339 (QII:
2454 5268 2952 5339 impauibilitatem.
2992 5267 3066 5322 De
3099 5286 3256 5324 sensu
3292 5270 3447 5337 hujus
3484 5270 3594 5324 luet
3639 5267 3753 5339 agi-

521 5328 624 5391 ἓως
652 5329 880 5408 τοπρωῒ,
919 5329 969 5382 id
1011 5340 1164 5408 est,_¢
1195 5329 1360 5386 facies
1396 5328 1563 5408 usque
1602 5339 1666 5388 ad
1706 5328 2017 5408 diluculum'.
2050 5328 2074 5387 ἶ

2189 5328 2797 5408 ηιιιιε-’ἰιι-οοιιιιιιειιιίιι-ἱο
2826 5339 2892 5408 de
2919 5339 3137 5408 Didyme
3165 5340 3255 5391 lib.
3289 5354 3349 5391 ιι.

524 5400 652 5474 Qua:
694 5398 1016 5474 paulo__post_
1064 5401 1224 5452 etiatn
1257 5418 1355 5471 pro
1396 5405 1600 5474 κρίνεις
1647 5407 1808 5460 habet
1851 5408 2079 5474 κρινεῖς,

525 5467 575 5520 id
614 5477 715 5530 est,
745 5469 1071 5534 «iudicabis.
1101 5487 1118 5521 ι

593 5537 704 5607 (97)
736 5534 1033 5591 Peccatum.
1066 5540 1079 5593 Ι
1116 5540 1253 5596 Petr.
1283 5560 1340 5608 ιι,
1371 5543 1459 5598 22.

597 5620 704 5689 (98)
737 5618 907 5694 Supra
951 5620 1201 5694 finiuincs.
1233 5627 1443 5688 Codex;
1473 5611 1761 5694 ὑπερῖἷον.
1812 5622 1935 5690 Legi
1969 5636 2080 5693 put-

527 5699 609 5741 est
637 5706 755 5767 cum
797 5690 1243 5767 ὑπερᾲνθρωπον,
1273 5708 1360 5749 aut
1398 5690 1739 5767 potius-07.29
1776 5690 2080 5765 ἄνθρωπον,

532 5768 638 5812 tutu
667 5759 694 5811 ὑ
704 5774 763 5809 πε
775 5760 899 5829 ρανο
912 5759 1155 5829 (Aemi/0v.

2254 5403 2328 5473 (5)
2358 5404 2494 5479 Ego.
2533 5405 2687 5479 Joan.
2734 5422 2806 5470 vi,
2834 5407 2949 5479 A51.
2983 5403 3152 5462 Biblia
3180 5427 3192 5462 :
3220 5410 3249 5461 6
3274 5410 3437 5479 ἄρτος
3473 5411 3501 5463 6
3539 5407 3666 5475 ζῶν,
3702 5407 3754 5461 id

2181 5485 2284 5536 est,
2332 5492 2349 5524 ι
2377 5475 2527 5545 panis
2554 5476 2726 5545 vivus,
2757 5477 2868 5542 qui,
2894 5496 2913 5529 ι
2949 5489 3054 5530 etc.

2253 5545 2330 5611 (li)
2372 5544 2725 5600 Nonmissus.
2762 5545 2966 5614 Nempe
2996 5547 3168 5601 instar
3208 5546 3410 5605 famuli.
3524 5600 3531 5609 .

2254 5627 2328 5689 (Ἰ)
2360 5626 2501 5681 Ideo.
2549 5627 2685 5681 Psul.
2748 5645 2893 5691 κων,
2928 5627 2960 5679 9
2996 5625 3129 5697 (sive
3175 5630 3246 5701 8).
3298 5630 3465 5686 Biblia
3503 5648 3514 5684 :
3561 5628 3746 5695 όθεὸς

2189 5697 2217 5747 6
2238 5696 2368 5747 0:6:
2401 5713 2513 5747 σου.

2194 5714 2217 5747 ο
2238 5714 2368 5757 meo;
2401 5714 2513 5751 σου.

2258 5769 2331 5835 (δ)
2376 5767 2561 5831 Quem.
2593 5765 2743 5822 .loau.
2787 5785 2838 5837 χ,
2874 5769 2959 5822 56.
