4134 6414
516 430 618 492 867

1749 420 1981 486 DlDYMl
2015 422 2488 486 ALEXANDRINI

3655 429 3762 484 868

519 557 610 624 qui
649 568 786 607 unus
814 553 904 614 sil,
930 559 1192 608 creatura:
1232 554 1446 625 proprie
1481 562 1536 608 ct
1559 550 1808 632 absolute
1836 567 1940 604 non
1965 565 2090 606 con-

2199 551 2476 622 εἰληφέναι
2512 552 2662 622 παρὰ
2698 549 2791 603 τοῦ
2825 549 3322 620 δημιουργήσαντος
3363 546 3518 611 Υίοῦ,
3549 547 3643 600 τοῦ
3683 548 3786 618 μό-

516 645 663 696 venit
699 660 714 698 :
749 653 833 698 est
877 644 1018 698 enim
1053 657 1302 700 creatura
1342 649 1469 715 quid
1503 647 1741 700 omnium
1771 647 1965 712 simul,
2003 652 2096 699 aut

518 732 804 786 multorum
862 749 1180 800 commune;
1223 735 1380 804 371
1422 737 1563 789 nulla
1617 747 1700 790 est
1740 738 1918 802 enim,
1975 751 2095 805 quae

519 827 711 877 qullas
757 840 859 877 nou
898 825 1094 878 habeat
1130 826 1376 893 ejusdem
1427 843 1547 880 cum
1583 827 1696 896 ipsa
1751 827 2090 891 substantia},

517 924 569 966 et
601 915 804 980 fortine,
836 918 970 970 δῖε-ιιι
1005 917 1056 970 in
1113 933 1203 970 xtv
1250 918 1425 986 capite
1470 919 1628 986 primi
1676 919 1941 972 sermonis
1981 917 2094 988 (aut

473 1045 476 1048 .
519 1003 663 1071 libri)
701 1005 899 1057 dietuut
939 1004 1055 1058 fuit.
1109 1004 1277 1058 Verba
1321 1022 1446 1060 vero
1489 1007 1599 1068 illa,
1646 1024 1664 1056 ι
1697 1005 1856 1060 Solus
1889 1007 2093 1062 habens

521 1094 996 1157 immortalitatem,
1024 1116 1043 1148 ι
1071 1107 1122 1150 et
1147 1097 1231 1150 illa
1261 1116 1280 1148 ι
1306 1097 1695 1162 lnvisibili,so|i
1721 1097 1950 1166 sapienti
1980 1095 2091 1167 (47)

523 1187 646 1249 Deo,
679 1207 696 1238 ι
743 1190 862 1241 ideo
925 1190 976 1242 itt
1039 1187 1320 1254 Scriptura
1371 1189 1511 1243 dicta
1567 1199 1728 1253 sunt,
1769 1189 1897 1258 quia
1948 1187 2093 1240 ttutla

516 1287 762 1329 creatura
811 1278 971 1330 habet
1008 1293 1070 1332 ex
1115 1279 1287 1344 seipsa
1353 1289 1405 1332 et
1447 1279 1903 1350 omnimodeHS),
1937 1288 1995 1331 ut
2026 1279 2098 1332 sit

519 1366 928 1429 inn.:o:-talis,et
964 1369 1267 1432 invisibilis,
1297 1382 1349 1421 et
1372 1370 1621 1437 sapiens;
1653 1370 1745 1423 sed
1779 1385 1809 1422 a
1848 1378 2093 1423 creatore

517 1454 672 1515 Fdin,
705 1461 793 1526 qui
834 1459 977 1512 solus
1021 1439 1444 1527 modoiquodam
1477 1464 1634 1516 unico
1669 1476 1791 1515 cum
1826 1461 2008 1525 Patre,
2039 1471 2094 1516 et

2201 659 2306 704 νως
2352 643 2446 695 σὺν
2501 642 2678 712 Πατρὶ
2716 641 2812 694 καὶ
2863 640 3142 710 Πνεύματι
3196 638 3533 710 ὑπάρχοντος
3593 637 3788 699 ταῦτα,

2202 732 2436 804 ὕπαρξιν
2471 733 2772 795 ἀθανασίας
2821 733 2914 785 καὶ
2959 731 3222 802 ἀορασίας
3243 745 3258 760 ο
3301 730 3376 792 ὡς
3405 729 3618 783 Παῦλον
3650 729 3788 800 γρά-

2203 839 2322 892 φειν
2353 823 2660 893 Κορινθίοις
2700 823 2762 876 τὸ
2803 821 3019 893 πρῶτον
3043 838 3057 853 ο
3099 841 3117 872 ι
3145 821 3212 872 Τί
3247 820 3305 872 δὲ
3321 819 3458 900 ,[177
3505 818 3560 890 o]
3620 819 3784 889 έχεις,

2199 915 2228 966 ὃ
2255 915 2354 966 ούκ
2390 913 2615 979 ἑλαὸες;
2648 915 2710 966 Εἰ
2745 914 2801 967 δὲ
2843 913 3055 977 ἔλαϐες,
3095 912 3148 964 τί
3183 913 3454 981 καυχᾶσαι
3484 910 3557 972 ὡς
3589 911 3664 978 μὴ
3689 910 3787 963 λα-

2201 1005 2343 1071 6ὠν;
2380 1025 2397 1056 ι
2429 1007 2538 1060 Καὶ
2573 1005 2659 1059 διὰ
2680 1006 2836 1058 τοῦτο
2868 1004 3003 1075 μηδὲ
3027 1004 3127 1064 τὰς
3153 1002 3328 1068 λέξεις
3352 1000 3556 1062 ταύτας
3584 998 3789 1070 κυρίως

2202 1099 2434 1170 πρέπειν
2479 1100 2763 1168 ποιήματι.
2801 1098 2956 1150 Ἔστι
2997 1097 3108 1165 γὰρ
3153 1095 3344 1166 θνητὸν
3426 1093 3682 1162 δυνάμει,
3726 1091 3789 1144 τὸ

2206 1192 2279 1261 μὴ
2311 1190 2430 1260 ἕχον
2459 1190 2670 1243 οἴκοθεν
2705 1190 2765 1242 τὸ
2789 1189 3077 1249 ἀθάνατον,
3105 1187 3241 1240 ἀλλὰ
3271 1187 3364 1239 καὶ
3389 1185 3704 1254 δυνάμενον,
3736 1185 3790 1236 εἰ

2205 1282 2417 1352 θελήσοι
2447 1281 2608 1351 τυχὸν
2642 1284 2670 1334 6
2699 1281 2949 1351 ποιήσας,
2985 1279 3080 1332 καὶ
3101 1278 3162 1331 τὸ
3191 1275 3612 1344 ἀποσϐεσθῆναι,
3644 1273 3788 1327 καθά

2202 1374 2258 1424 ὲν
2301 1372 2619 1444 Εύαγγελίῳ
2649 1369 2833 1426 εἶπεν⁶
2885 1391 2903 1423 ι
2932 1369 3208 1441 Φοὸήθητε
3247 1368 3304 1421 δὲ
3349 1367 3548 1437 μᾶλλον
3583 1361 3673 1418 τὸν
3705 1364 3788 1417 δυ-

2199 1465 2429 1536 νάμενον
2461 1466 2638 1536 ψυχὴν
2675 1465 2765 1518 καὶ
2793 1461 2952 1533 σῶμα
2975 1461 3235 1515 ἀπολέσαι
3259 1463 3315 1513 ὲν
3345 1457 3558 1529 γεέννῃ.
3591 1475 3608 1506 ι

518 1546 718 1614 Spiritu
765 1559 845 1601 est
881 1550 1014 1615 haec,
1043 1553 1247 1618 accepit
1277 1565 1334 1605 ut
1391 1553 1676 1608 exsisteret
1718 1550 2040 1608 immortalis
2067 1565 2122 1607 et
2159 1555 2478 1611 invisibilis:
2517 1559 2652 1611 adeo
2691 1565 2749 1608 ut
2791 1553 2991 1607 Paulus
3033 1554 3084 1605 itt
3152 1552 3322 1620 prima
3366 1550 3431 1604 ad
3479 1549 3788 1603 Corinthios

515 1643 760 1695 scribat:
813 1660 831 1692 ι
860 1641 994 1704 Quid
1031 1652 1208 1695 autem
1239 1643 1350 1713 (49)
1393 1645 1560 1699 habes
1618 1645 1763 1713 quod
1807 1659 1910 1698 non
1955 1645 2246 1714 accepisti?
2313 1646 2369 1701 Si
2413 1657 2593 1702 autem
2634 1643 2912 1714 accepisti,
2957 1641 3086 1712 quid
3148 1642 3397 1712 gloriaris
3464 1642 3619 1709 quasi
3678 1657 3786 1694 non

515 1733 830 1803 acceperis?
868 1754 886 1786 ι
938 1733 1112 1802 Atque
1154 1736 1222 1789 ob
1278 1736 1417 1790 hanc
1475 1740 1736 1790 rationem
1789 1737 1871 1791 ha:
1920 1751 2081 1790 voces
2121 1740 2335 1810 proprie
2363 1753 2430 1794 ne
2455 1737 2782 1794 conveniunt
2805 1733 3022 1805 quidem
3053 1743 3336 1788 creaturae.
3417 1731 3570 1798 Quod
3635 1731 3781 1784 enim

516 1828 581 1882 de
619 1843 716 1882 suo
748 1843 850 1882 nou
879 1827 1041 1882 habet
1099 1827 1581 1890 immortalitatem,
1620 1829 1858 1895 potentia
1926 1827 2151 1882 mortale
2187 1837 2270 1883 est
2288 1846 2304 1896 v;
2342 1830 2470 1899 quin
2516 1831 2681 1885 etiam
2714 1833 2911 1900 potest,
2941 1825 2987 1880 si
3037 1824 3179 1880 forte
3217 1822 3449 1877 voluerit
3501 1821 3781 1885 Conditor,

514 1924 804 1991 exstingui,
843 1923 991 1991 juxta
1059 1923 1131 1987 id,
1165 1923 1308 1991 quod
1354 1922 1406 1974 in
1441 1922 1731 1994 Evangelia
1793 1923 1984 1995 legitur
2013 1931 2030 1979 ‘:
2062 1944 2081 1977 ι
2107 1927 2316 1982 Timete
2337 1927 2450 1998 (50)
2513 1935 2693 1983 autem
2735 1926 2910 1998 magis
2965 1939 3112 1992 eum,
3153 1921 3247 1994 qui
3290 1929 3468 1993 potest
3504 1939 3701 1994 corpus
3730 1929 3788 1979 et

515 2016 748 2069 animam
784 2020 1010 2084 perdere
1046 2016 1099 2070 in
1137 2016 1404 2084 gebenna.
1433 2034 1451 2066 ι

585 2106 720 2161 Cum
758 2108 872 2161 lucc
908 2107 980 2160 ita
1013 2121 1071 2161 se
1112 2108 1364 2172 habeant,
1399 2106 1534 2162 nihil
1571 2108 1842 2176 prohibet,
1882 2109 2090 2178 quomi-

2264 2106 2482 2161 Τούτων
2501 2103 2673 2169 οὕτως
2699 2104 2950 2176 ἐχόντων,
2968 2103 3120 2158 οὐδὲν
3139 2101 3374 2156 κωλύσει
3397 2100 3535 2174 πρὸς
3558 2101 3784 2156 πλείονα

515 2211 616 2249 nus
676 2195 741 2247 ad
797 2194 1054 2263 majorem
1117 2195 1376 2249 doctrina:
1417 2196 1854 2265 perspicuitatem
1907 2213 2090 2252 unum-

2204 2198 2474 2272 εύμαθίαν
2519 2199 2750 2252 ἕκαστον
2804 2194 3116 2261 ἰδιαζόντως
3158 2194 3557 2263 ἐξεργάσασθαι
3599 2193 3782 2264 ῥητόνι

516 2285 766 2352 quodque
797 2283 1088 2352 capitulum
1134 2285 1482 2353 peculiariter
1517 2301 1928 2356 persequantur.
1961 2285 2090 2344 Illud

2203 2289 2277 2342 T6
2328 2289 2425 2359 μὲν
2453 2282 2576 2350 οὖν,
2616 2305 2635 2338 ι
2689 2285 2780 2357 Τῷ
2813 2285 3025 2356 βασιλεῖ
3054 2283 3166 2338 τῶν
3204 2282 3453 2346 αἰώνων,
3493 2282 3778 2353 ἀφθάρτῳ,

516 2392 645 2445 ergo
671 2418 685 2442 ,
727 2395 745 2426 ι
774 2376 902 2446 [tegi
959 2376 1273 2431 satculorum
1319 2377 1710 2446 incorruptibili
1739 2419 1754 2444 ,
1803 2378 2100 2445 invisibili,

524 2467 623 2520 soli
685 2468 938 2536 sapienti,
1005 2469 1186 2530 Deo,»
1248 2469 1464 2537 scripsit
1528 2467 1750 2534 Paulus,
1813 2478 2101 2539 postquam

516 2558 684 2612 multa
730 2562 877 2629 prius
911 2562 1178 2614 mundana
1224 2571 1574 2616 enarraverat
1619 2563 1670 2616 in
1723 2562 1996 2631 Epistola;
2043 2571 2100 2618 et

515 2650 603 2704 illa
643 2653 821 2704 omnia
855 2652 1165 2722 respiciens,
1205 2669 1324 2723 qua:
1352 2655 1647 2718 enarravit,
1682 2670 1745 2708 ea
1782 2656 1940 2709 verba
1975 2656 2103 2709 sub-

507 2741 723 2810 junxit,
787 2754 844 2796 ttt
921 2743 1266 2799 manifestum
1341 2745 1445 2799 erit
1507 2746 1795 2814 unicuique
1854 2745 2104 2813 Epistolte

514 2849 730 2887 sensum
767 2835 1086 2887 attendenti.
1136 2833 1271 2888 Illud
1315 2851 1464 2900 vero,
1500 2851 1518 2886 ι
1555 2835 1714 2890 Solus
1759 2837 1963 2891 habens
1999 2837 2102 2889 itit-

516 2925 894 2977 mortalitatem
918 2963 932 2987 ,
961 2925 1131 2978 lucem
1176 2925 1424 2980 habitans
1462 2927 1890 2980 inaccessibiletn
1917 2965 1932 2991 ,
1965 2945 1982 2977 ι
2021 2941 2102 2980 re-

517 3013 625 3068 late
671 3017 736 3067 ad
774 3024 1074 3068 creaturam
1101 3017 1336 3084 scripsit,
1372 3024 1430 3071 ut
1461 3018 1658 3070 dictum
1691 3029 1803 3083 est;
1842 3034 1963 3072 nam
1997 3019 2100 3073 vita

516 3117 741 3166 aeterna,
793 3117 847 3158 et
893 3107 1398 3175 incorruptibilitas,
1442 3119 1523 3161 est
1574 3109 1972 3164 immortalitas.
2025 3111 2102 3166 Ac

517 3197 800 3262 tot-abula,
854 3216 872 3248 ι
902 3199 1119 3262 veritas,
1155 3217 1172 3248 ι
1233 3210 1286 3252 et
1341 3200 1668 3268 «sapientia,
1699 3222 1717 3253 ι
1778 3201 2104 3270 mquivalent

516 3288 790 3343 vocabulis
826 3307 844 3339 ι
874 3305 1050 3353 verus,
1084 3309 1101 3340 ι
1139 3300 1192 3345 et
1227 3309 1245 3342 ι
1277 3292 1522 3362 sapiens;
1559 3311 1578 3344 ι
1630 3294 1745 3347 lucc
1790 3305 1966 3347 autem
2004 3294 2100 3347 ab-

516 3383 690 3435 solute
741 3395 802 3433 ac
841 3381 1159 3448 simpliciter
1201 3393 1326 3436 sunt
1354 3383 1522 3438 solius
1552 3384 1677 3449 Dei;
1717 3383 1911 3438 Filium
1947 3400 2099 3447 vero,

2203 2379 2450 2451 ἀοράτῳ,
2503 2377 2649 2448 μόνῳ
2701 2375 2849 2446 σοφῷ
2897 2373 3016 2445 Θεῷ
3051 2391 3070 2427 ι
3109 2373 3338 2445 ἔγραψε,
3383 2371 3554 2426 πολλὰ
3593 2371 3783 2443 προδι-

2203 2470 2558 2542 ηγησάμενος
2611 2467 2850 2538 κοσμικά
2894 2469 2952 2520 ὲν
3007 2469 3072 2537 τῇ
3127 2466 3446 2536 Ἐπιστολῇ,
3497 2465 3594 2518 καὶ
3645 2463 3785 2517 κατά

2203 2565 2386 2633 πάσης
2416 2566 2524 2634 τῆς
2573 2562 2876 2633 διηγήσεως
2913 2558 3212 2628 ἐπαγαγὼν
3260 2559 3453 2622 τοῦτο,
3493 2558 3578 2622 ὡς
3629 2558 3786 2611 ἔσται

2205 2657 2375 2726 σαφὲς
2405 2656 2568 2709 παντὶ
2605 2653 2682 2724 τῷ
2713 2654 3033 2724 προσέχοντι
3063 2655 3128 2723 τῆ
3173 2652 3351 2724 ἐννοίᾳ
3390 2652 3489 2722 τῆς
3534 2652 3782 2704 Ἐπιστο-

2203 2748 2321 2818 λῆς.
2355 2747 2430 2799 Τὸ
2471 2747 2547 2812 δὲ,
2601 2765 2618 2798 ι
2674 2745 2852 2808 Μόνος
2895 2743 3034 2814 ἔχων
3085 2744 3406 2808 ἀθανασίαν,
3449 2742 3563 2811 φῶς
3615 2742 3781 2794 οἰκῶν

2203 2839 2524 2910 ἀπρόσιτον,
2565 2856 2584 2889 ι
2627 2838 2703 2900 ὡς
2739 2837 2876 2908 πρὸς
2904 2837 3004 2907 τὴν
3040 2837 3218 2890 κτίσιν
3263 2825 3572 2898 ἐπέστειλε,
3631 2833 3776 2886 καθά

2203 2930 2439 3001 εἴρηταιι
2479 2930 2542 2982 Ἡ
2571 2929 2680 3000 γὰρ
2709 2928 2929 2990 αἰώνιος
2959 2928 3094 2999 ζωὴ,
3130 2929 3224 2980 καὶ
3256 2929 3288 2997 ἡ
3319 2925 3618 2996 ἀφθαρσία,
3647 2924 3781 2977 ἀθα-

2207 3021 2368 3076 νασία
2423 3019 2540 3073 ἐστί
2565 3037 2579 3050 ο
2610 3019 2767 3090 καὶὴ
2805 3037 2824 3069 ι
2855 3018 3100 3090 ἀλήθεια,
3139 3037 3158 3071 ι
3196 3019 3288 3071 καὶ
3325 3035 3344 3069 ι
3385 3017 3546 3084 σοφία
3584 3035 3601 3066 ι
3635 3014 3783 3078 λέξις

2209 3113 2524 3181 ἰσοδυναμεῖ
2555 3109 2630 3180 τῷ
2673 3128 2691 3161 ι
2735 3109 2976 3181 ἀληθινῷ
3018 3129 3035 3162 ι
3072 3110 3167 3163 καὶ
3207 3127 3226 3161 ι
3277 3108 3425 3178 σοφῷ
3464 3127 3482 3160 ι
3538 3109 3781 3178 ῥήματι·

2204 3203 2459 3269 καθάπαξ
2506 3203 2562 3255 δὲ
2587 3201 2762 3256 ταῦτά
2785 3205 2908 3255 ἐστι
2943 3201 3104 3273 μόνου
3167 3199 3303 3253 Θεοῦ
3324 3217 3336 3230 ·
3368 3199 3781 3270 μεμαρτύρηται

2201 3295 2258 3349 δὲ
2295 3295 2468 3348 ταῦτα
2505 3289 2644 3346 εἶναι
2673 3295 2701 3346 6
2737 3294 2868 3356 Υίὸς
2898 3293 3077 3346 καὶτὸ
3107 3293 3262 3360 ἅγιον
3295 3291 3541 3361 Πνεῦμα.
3577 3289 3679 3343 Καὶ
3709 3291 3779 3353 εἰ,
3805 3345 3810 3355 ,

2206 3385 2394 3456 ὥσπερ
2443 3386 2471 3438 6
2509 3381 2703 3456 Πατὴρ
2747 3384 3097 3455 δημιουργεῖ,
3140 3381 3374 3452 ἁγιάζει,
3424 3382 3623 3434 δικαιοῖ
3689 3385 3780 3437 καὶ

515 3483 566 3528 et
601 3472 858 3542 Spirizutn
890 3481 1135 3525 sanctum
1177 3473 1293 3528 haec
1322 3488 1462 3539 esse,
1499 3476 1822 3543 sapientiam
1876 3491 2090 3546 nempe,

2205 3479 2442 3532 θεοποιεῖ
2483 3480 2611 3542 τοὺς
2641 3477 2782 3550 πρὸς
2811 3477 2905 3541 οὒς
2937 3478 3168 3546 γίνεται,
3200 3475 3288 3528 τὸν
3322 3475 3435 3527 ἴσον
3461 3474 3660 3544 τρόπον
3686 3471 3780 3526 καὶ

513 3581 574 3619 ac
595 3565 902 3628 veritatem,
927 3572 1191 3618 testantur
1222 3564 1537 3634 Scripturae.
1559 3567 1635 3620 Ac
1660 3568 1728 3630 si,
1751 3569 2104 3636 quemadmoa

512 3657 637 3710 dum
693 3653 850 3707 Pater
891 3663 1060 3716 creat,
1119 3655 1442 3719 sauctiticat,
1482 3654 1742 3723 justiﬁcat
1790 3664 1844 3709 ct
1888 3656 2102 3710 dt-iticat

511 3761 604 3801 eos
668 3746 734 3800 ad
770 3760 906 3813 quos
943 3745 1107 3806 venit,
1145 3745 1333 3798 eodem
1376 3749 1532 3799 modo
1561 3745 1725 3799 etiam
1757 3745 2098 3818 Unigenitus,

511 3849 563 3892 ct
603 3836 833 3906 Spiritus
878 3836 969 3890 Dei
1003 3837 1115 3889 hinc
1162 3835 1325 3901 facit;
1368 3838 1582 3907 proprie
1615 3852 1745 3907 ergo
1788 3853 1906 3891 cum
1939 3837 2098 3900 Filio,

512 3940 621 3983 tum
656 3930 878 3999 Spiritui
910 3929 1002 3983 Dei
1047 3931 1370 3983 convenient
1417 3931 1637 3983 nomina
1669 3931 1779 3994 illa,
1818 3947 1836 3978 ι
1872 3929 2038 3994 solus,
2073 3948 2092 3982 ι

509 4034 565 4078 et
602 4044 619 4074 ι
647 4040 823 4088 verus,
852 4043 869 4074 ι
906 4034 959 4077 ct
1004 4041 1022 4074 ι
1047 4024 1285 4091 sapiens,
1321 4041 1339 4074 ι
1394 4037 1448 4076 et
1495 4039 1512 4074 t
1541 4023 1827 4076 invisibilis
1872 4022 2033 4086 Deus,
2074 4041 2091 4073 ι

509 4127 563 4169 et
598 4136 616 4166 ι
642 4117 786 4170 solus
817 4116 1021 4170 habens
1062 4115 1543 4179 iunnortalitatem,
1582 4133 1598 4165 ι
1646 4115 1913 4182 quomodo
1960 4130 2086 4169 con-

514 4207 740 4260 veniunt
772 4206 920 4259 Patri
949 4224 962 4258 :
1001 4205 1275 4274 similique
1317 4205 1528 4258 ratione
1561 4206 1660 4272 ipsi
1691 4207 1977 4258 conveniet
2011 4205 2093 4258 lo-

510 4310 608 4350 cus
663 4299 822 4351 etiam
872 4299 1200 4367 Scriptum,
1257 4297 1308 4349 in
1365 4312 1474 4366 quo
1509 4297 1670 4366 372
1712 4298 1777 4350 de
1806 4293 2094 4366 Uttigeuito

509 4389 747 4440 dicitur:
789 4407 806 4438 ι
848 4386 945 4440 llic
993 4396 1073 4439 est
1107 4385 1216 4456 (51)
1255 4386 1395 4440 Deus
1435 4397 1637 4448 noster,
1679 4403 1782 4439 non
1818 4387 2092 4456 reputabi-

510 4485 598 4532 tur
629 4479 770 4544 alter
803 4479 854 4531 itt
897 4480 1304 4546 comparatione
1338 4479 1500 4532 illius.
1539 4498 1556 4529 ι
1594 4477 1802 4544 Quibus
1833 4479 1974 4532 enim
2007 4494 2093 4534 rea

514 4568 712 4630 bus,ut
737 4567 807 4619 ita
837 4565 1046 4633 loquar,
1064 4566 1225 4619 Pater
1256 4565 1436 4619 diii'ert
1463 4583 1490 4618 a
1527 4577 1796 4630 creatura,
1829 4567 1894 4621 iis
1915 4570 2092 4622 omni-

512 4658 609 4710 bus
651 4657 813 4710 etiam
860 4657 1055 4722 Filius,
1105 4667 1160 4712 et
1213 4658 1446 4725 Spiritus
1485 4658 1578 4710 Dei
1624 4657 1877 4712 similiter
1914 4657 1983 4712 ab
2027 4673 2092 4713 ea

509 4747 709 4801 tliilcrt.
756 4748 889 4803 Nam
930 4749 1202 4818 quomodo
1231 4749 1378 4802 solus
1400 4747 1562 4802 Pater
1589 4763 1650 4800 ea
1683 4763 1802 4816 qua:
1829 4750 2082 4812 diximus,

509 4839 712 4893 habere
737 4839 958 4909 potest?
986 4843 1031 4894 si
1061 4856 1184 4894 vera
1213 4849 1340 4894 sunt
1363 4854 1481 4906 qua:
1509 4839 1576 4892 de
1612 4839 1770 4903 Filio,
1805 4850 1858 4894 et
1881 4839 2084 4908 Spiritu

509 4939 697 4981 sant-to
731 4930 806 4981 ait
838 4929 1140 4999 Scriptura,
1171 4945 1234 4984 ac
1262 4930 1303 4983 si
1337 4944 1521 4984 verum
1563 4938 1647 4984 est
1676 4929 1807 4983 illud
1837 4948 1851 4984 ι
1888 4949 1906 4981 ι
1939 4932 2090 4987 Sicut

508 5013 671 5071 Pater
700 5019 864 5071 vitam
906 5019 1087 5083 habet,
1135 5021 1213 5072 sic
1253 5019 1400 5073 dedit
1435 5018 1572 5074 Filio
1602 5020 1766 5074 vitam
1808 5022 2026 5086 habere,
2061 5041 2080 5074 ι

507 5119 558 5160 ιιι
594 5109 828 5178 capitulo
873 5110 1036 5163 etiam
1080 5113 1326 5178 proxime
1371 5112 1613 5178 sequenti
1648 5114 1905 5166 dicemus.
1955 5114 2084 5169 lllttd

507 5216 655 5260 vero,
708 5219 725 5250 ι
762 5199 828 5253 Ut
867 5214 1190 5270 cognoscant
1241 5212 1290 5254 te
1337 5202 1509 5255 solum
1559 5217 1745 5256 verum
1796 5205 1982 5266 Deum,
2028 5213 2082 5257 et

503 5303 662 5352 Quem
725 5290 912 5342 misisti
972 5289 1150 5344 Jesutu
1208 5292 1519 5354 Christum,
1580 5311 1596 5342 ι
1664 5293 1854 5345 Filittttt
1917 5294 2077 5347 simul

505 5382 927 5448 comprehendit,
955 5391 1008 5434 et
1046 5383 1303 5450 {Etltlttleill
1345 5383 1580 5435 ostendit
1608 5383 1775 5447 Patri,
1809 5398 1931 5436 cum
1970 5399 2078 5450 quo

575 5512 683 5580 (47)
725 5513 838 5565 Soli
888 5519 1130 5583 sapienti.
1195 5517 1247 5569 In
1310 5517 1444 5568 libro
1501 5516 1573 5566 De
1629 5515 1829 5577 Spiritu
1889 5529 2067 5569 sancto

505 5593 648 5635 nam.
682 5586 771 5645 2|,
808 5591 995 5637 eodem
1053 5594 1209 5640 modo
1256 5589 1364 5638 luct-
1403 5589 1547 5638 l‘attli
1593 5590 1750 5636 vetita
1787 5588 2016 5649 «ιλιιίὶνιιι
2048 5604 2062 5640 :

506 5655 576 5721 ait
614 5654 754 5702 (‘llltll
794 5667 807 5704 :
846 5656 981 5707 licus
1015 5671 1142 5708 vero
1179 5674 1283 5708 non
1324 5658 1540 5708 alterius
1583 5658 1856 5718 sapientue
1899 5657 2068 5721 parti-

503 5720 788 5792 cipatione,
846 5740 1018 5790 tteqtte
1075 5728 1284 5776 aliuu-le
1329 5727 1542 5789 S.l|lit'.iIS
1591 5728 1845 5782 t-ll't't‘lus,
1895 5720 2068 5777 tliCttts

502 5801 578 5836 est
611 5807 639 5859 γι
687 5790 841 5838 Stilus
876 5809 1103 5856 s‘apn'ns,
1143 5814 1158 5842 ι
1197 5804 1241 5843 ei
1289 5797 1514 5854 (rettms
1548 5797 1709 5843 t‘Uth‘I
1754 5803 1928 5844 noster
1973 5811 2065 5859 pro

504 5870 555 5909 et
599 5858 744 5908 huic:
782 5862 869 5909 sed
899 5869 914 5926 )
947 5879 1202 5925 gravtam
1232 5865 1341 5928 sapt
1369 5876 1566 5926 ·ιιῑι;;ιι;,
1613 5875 1657 5913 et
1697 5864 1824 5914 alios
1863 5858 2063 5916 iacit-tis

2202 3572 2230 3625 6
2267 3569 2603 3641 Μονογενὴς,
2649 3569 2746 3622 καὶ
2788 3569 2854 3621 τὸ
2879 3567 3104 3638 Πνεῦμα
3145 3567 3240 3620 τοῦ
3275 3565 3411 3619 Θεοῦ
3460 3567 3634 3618 ποιεί·
3683 3582 3782 3617 κυ-

2207 3662 2336 3733 ρίως
2375 3661 2484 3732 ἄρα
2513 3659 2590 3730 τῷ
2620 3677 2680 3713 τε
2714 3657 2849 3730 Υίῷ.
2895 3657 2974 3730 τῷ
3003 3673 3063 3711 τε
3093 3655 3372 3727 Πνεύματι
3400 3655 3495 3708 τοῦ
3533 3653 3667 3708 Θεοῦ
3697 3655 3775 3719 τὸ,

2206 3767 2225 3802 ι
2268 3749 2447 3820 μόνος,
2491 3769 2508 3800 ι
2563 3749 2656 3802 καὶ
2706 3767 2724 3799 ι
2781 3748 3054 3818 ἀληθινὸς,
3116 3765 3135 3798 ι
3187 3748 3281 3800 καὶ
3335 3765 3356 3798 ι
3408 3745 3590 3814 σοφὸς,
3631 3763 3649 3796 ι
3685 3745 3778 3798 καὶ

2207 3862 2225 3892 ‹
2263 3843 2494 3912 ἀόρατος
2531 3841 2699 3907 Θεὸς,
2741 3859 2759 3892 ι
2805 3841 2902 3894 καὶ
2944 3859 2962 3892 ι
3003 3839 3161 3910 μόνος
3204 3839 3341 3908 ἔχων
3385 3836 3712 3897 ἀθανασίαν,
3751 3850 3770 3886 ι

2198 3933 2273 3994 ὼς
2308 3931 2385 4001 τῷ
2423 3933 2598 4003 Ilasz
2625 3931 2958 4002 ἐφαρμόσει·
2991 3929 3243 4000 καθάπερ
3271 3928 3364 3981 καὶ
3392 3927 3538 4006 αύτῴ
3578 3925 3776 3998 πρέψει

2199 4026 2232 4094 ή
2274 4025 2404 4094 περὶ
2436 4023 2530 4076 τοῦ
2571 4023 2909 4091 Μονογενοῦς
2954 4023 3187 4092 λέγουσα
3216 4021 3437 4092 Γραφή’
3475 4039 3492 4070 ι
3545 4012 3713 4079 Οὗτος
3746 4019 3773 4070 6

2210 4117 2342 4180 Θεὸς
2403 4117 2589 4187 ὴμῶνο
2636 4118 2694 4170 ού
2735 4115 3120 4187 λογισθήσεται
3157 4115 3338 4184 ἕτερος
3383 4113 3518 4184 πρὸς
3555 4111 3678 4182 [177
3719 4108 3772 4181 ὁ]

2197 4209 2376 4262 αὐτόν.
2415 4228 2433 4260 ι
2474 4211 2647 4262 Πᾶσιν
2675 4209 2808 4280 γὰρ,
2841 4210 2907 4263 ἵν’
2951 4207 3126 4270 οὕτως
3158 4206 3372 4277 φράσω,
3405 4201 3486 4267 οἷς
3511 4205 3538 4256 ὁ
3582 4203 3771 4272 Πατὴρ

2195 4301 2292 4371 τῆς
2321 4301 2550 4365 κτίσεως
2594 4301 2862 4372 διαφέρει,
2903 4301 2997 4354 καὶ
3029 4301 3057 4352 6
3096 4299 3246 4362 Υἱὸς,
3291 4296 3480 4351 καὶτὸ
3546 4294 3772 4365 Πνεῦμα

2193 4391 2286 4444 τοῦ
2328 4391 2464 4445 Θεοῦ
2505 4393 2706 4463 ὁμοίως
2751 4392 3014 4463 διαφέρει.
3061 4391 3186 4453 Πῶς
3226 4389 3336 4460 γὰρ
3383 4385 3567 4439 λοιπὸν
3615 4387 3770 4456 μόνος

2196 4483 2309 4552 ἔχει
2340 4482 2408 4534 τὰ
2448 4482 2813 4553 προλεχθέντα
2847 4485 2875 4535 ὁ
2917 4481 3127 4552 Πατὴρ,
3170 4481 3218 4532 εἰ
3261 4476 3515 4546 ἀληθεύει
3540 4477 3608 4530 τά
3644 4477 3769 4547 περὶ

2192 4573 2284 4626 τοῦ
2317 4572 2449 4625 Υἰοῦ
2475 4575 2569 4626 καὶ
2593 4572 2686 4626 τοῦ
2731 4572 2887 4640 ἁγίου
2913 4571 3230 4641 Πνεύματος
3253 4569 3638 4639 γεγραμμένα,
3675 4567 3769 4620 καὶ

2190 4663 2274 4725 τὸ,
2307 4685 2325 4716 ι
2365 4666 2574 4736 Ὥσπερ
2619 4667 2647 4718 ὀ
2689 4665 2877 4735 Πατὴρ
2911 4662 3056 4734 ζωὴν
3084 4661 3218 4732 ἔχει,
3286 4661 3457 4724 οὕτως
3497 4661 3664 4714 ἔδωκε
3691 4658 3768 4728 τῷ

2117 4794 2161 4848 D
2199 4757 2313 4827 Υἱῷ
2345 4755 2490 4827 ζωὴν
2521 4757 2688 4827 ἒχειν,
2722 4775 2739 4808 ι
2772 4755 2849 4818 ὡς
2880 4756 2976 4808 καὶ
3001 4755 3063 4808 τὸ
3095 4753 3360 4824 προσεχὲς
3387 4752 3565 4822 τούτῳ
3599 4753 3768 4820 κεφά-

2189 4851 2336 4902 λαιον
2372 4848 2665 4914 ὲπιδείξει;
2697 4843 2771 4902 Τὸ
2815 4847 2893 4914 δὲ,
2964 4864 2984 4898 ι
3035 4847 3154 4900 Ἵνα
3197 4845 3508 4914 γινώσκωσε
3546 4862 3629 4910 σε,
3677 4843 3768 4898 τὸν

2189 4941 2350 5010 μόνον
2401 4938 2653 5010 ἀληθινὸν
2705 4937 2861 5002 Θεὸν,
2905 4938 3002 4990 καὶ
3054 4937 3112 4989 ὃν
3175 4934 3501 4998 ἀπέστειλας
3558 4933 3765 5004 Ἰησοῦν

2183 5028 2439 5098 Χριστὸν,
2481 5047 2499 5079 ι
2538 5026 2896 5098 συμπεριέχει
2925 5027 3019 5080 καὶ
3049 5026 3139 5078 τὸν
3176 5025 3324 5088 Υἱὸν,
3365 5025 3460 5078 καὶ
3491 5023 3764 5079 δείκνυσιν

2187 5119 2300 5172 ἴσον
2346 5118 2422 5189 τῷ
2470 5120 2679 5189 Πατρὶ,
2729 5117 2847 5188 μεθ’
2897 5112 2958 5172 οῦ
3017 5119 3219 5170 νοεῖται
3266 5116 3361 5169 καὶ
3411 5106 3474 5169 τὸ
3536 5115 3763 5186 Πνεῦμα

2184 5209 2366 5262 αὑτοῦ.
2423 5211 2486 5262 ἸΙ
2532 5210 2589 5262 δὲ
2639 5209 2909 5279 ἀποστολὴ
2953 5209 3048 5279 τὴν
3100 5210 3413 5279 οἰκονομίαν
3476 5208 3646 5279 δηλοῖ.
3700 5209 3763 5260 ’Π

2183 5301 2259 5365 δὲ,
2310 5321 2328 5353 ι
2375 5299 2514 5368 Ἐγὼ
2537 5300 2777 5364 ἐξέτεινα
2814 5302 2904 5354 τὸν
2929 5302 3158 5372 ούρανὸν
3190 5302 3369 5372 μόνος,
3412 5319 3430 5352 ι
3460 5302 3633 5372 φωνὴ.
3665 5302 3761 5352 οὐκ

2184 5393 2299 5445 ἔστι
2339 5392 2433 5445 τοῦ
2497 5393 2728 5465 Πατρός.
2770 5393 2923 5446 Ἐπεὶ
2975 5393 3092 5456 πῶς
3123 5393 3318 5464 ἄληθες
3353 5394 3413 5446 τὸ
3452 5394 3628 5446 πάντα
3675 5391 3760 5444 διὰ

2180 5524 2468 5592 saptetttes.

2247 5595 2357 5658 (i8)
2401 5595 2728 5665 ()mm'mode.
2769 5595 2946 5649 Codex
2969 5637 2982 5657 ,
3013 5597 3196 5649 παντί.
3241 5595 3444 5659 Malim,
3475 5593 3680 5665 πάντη.

2248 5666 2356 5729 (ιιι)
2403 5664 2540 5726 Quid
2575 5676 2770 5717 autem.
2807 5667 2819 5718 I
2855 5667 2977 5718 Cor.
3011 5682 3083 5731 tv,
3112 5666 3164 5719 7.

2247 5735 2356 5794 (fit!)
2402 5734 2613 5787 Timete.
2657 5735 2842 5788 Mzt'ill.
2877 5751 2928 5796 x,
2962 5737 3051 5787 ‘38.

2249 5804 2357 5872 tbi)
2405 5801 2504 5853 ΙΙίι·
2539 5817 2631 5856 est.
2668 5806 2895 5867 liat'uch,
2933 5820 3012 5868 ttl,
3044 5807 3132 5856 '56.
