4134 6460
400 440 514 512 3‘69

1472 452 1559 506 nr.
1599 452 1974 508 'rntxm'rr:
2017 453 2217 506 unm
2260 413 2578 514 ΤΗιῇυᾶ

3553 468 3661 524 870

407 573 505 627 τοῦ
547 572 677 626 Υίοῦ
730 571 1088 642 γεγενῆοθαις
1124 574 1194 624 Ἢ
1229 572 1523 639 γνώτωσαν
1567 573 1662 626 καὶ
1710 574 1838 645 περὶ
1890 573 1977 626 τοῦ

2089 573 2510 643 subintelligilur
2556 585 2719 631 ettam
2762 580 2925 647 ipsius
2968 581 3218 650 Spiritus.
3257 583 3443 638 MiSsio
3476 598 3654 641 autem

410 664 544 717 Υίοῦ
572 664 927 734 ὁμοιότροπον
945 664 1008 715 ὲν
1033 662 1270 733 τῷοῚὼϐ
1312 665 1663 733 προφητικῶς
1696 664 1945 735 εἰρῆσθαι
1966 685 1978 697 ·

417 774 435 804 ι
494 755 552 806 '0
597 753 835 817 τανύσας
863 753 968 806 ’τὸν
1016 753 1244 823 οὐρανὸν
1291 754 1481 823 μόνος,
1524 755 1617 808 καὶ
1668 755 1986 825 περιπατῶν

408 845 486 909 ὡς
528 845 622 898 ἐπὶ
671 844 899 912 ἐδάφους
951 844 1045 897 ἐπὶ
1089 844 1384 911 θαλάσσης.
1438 863 1456 896 ι
1511 844 1684 907 Αὐτὸς
1729 845 1861 915 γὰρ,
1912 848 1988 908 ὡς

414 937 578 988 πᾶσιν
627 934 970 1003 καταφανὲς,
1016 934 1101 987 ἀεὶ
1135 933 1269 1002 μὲν,
1313 934 1409 1005 οὐχ
1460 934 1662 1004 ἥκιστα
1706 934 1761 987 δὲ
1811 937 1869 990 ὲν
1920 938 1987 1005 τῇ

2092 665 2521 722 lncarnationeut
2570 669 2856 738 signiﬁcat.
2895 673 3119 727 Demutn
3153 677 3312 730 verba
3343 677 3453 741 illa,
3488 696 3507 727 ι
3547 678 3656 748 Ego

2086 757 2300 810 extendi
2348 759 2541 812 uelum
2589 761 2752 826 solus,
2784 779 2803 812 ι
2839 777 2940 815 non
2981 774 3108 817 sunt
3155 764 3372 821 Patris:
3418 770 3657 839 alioquin

2086 848 2352 914 quomodo
2377 860 2563 903 verum
2586 849 2696 921 (5:2)
2728 852 2847 913 crit,
2885 871 2903 903 ‹
2933 855 3116 907 omnia
3152 870 3247 923 per
3288 855 3482 910 Filitnn
3519 858 3658 913 facta

2086 937 2238 991 esse?
2261 957 2280 990 ι
2315 940 2420 992 Aut
2441 940 2724 1005 (55)etiam
2750 944 2814 995 de
2844 941 2982 996 Filio
3011 944 3261 998 similiter
3293 947 3343 999 in
3368 945 3504 1000 Joho
3535 964 3674 1016 pro-

414 1027 821 1098 ἐνανθρωπὴσει
869 1023 1405 1096 ὲθαυματούργησεν,
1452 1025 1546 1077 καὶ
1585 1024 1661 1088 ὡς
1712 1024 1770 1077 ἐν
1818 1025 1977 1091 πεδίᾳ

2088 1028 2298 1099 phetiee
2322 1029 2520 1084 dictum
2555 1045 2678 1085 esse
2703 1033 2920 1086 norint:
2955 1051 2973 1084 ‹
3006 1034 3107 1100 Qui
3140 1038 3510 1109 extendit(54)
3549 1053 3670 1092 coe-

413 1117 660 1170 ὲῦἀδισεν
688 1117 783 1168 ἐπὶ
815 1116 913 1187 τῆς
938 1116 1133 1185 ὑγρᾶς.

2090 1116 2200 1171 lum
2236 1120 2403 1187 solus,
2434 1130 2484 1174 et
2516 1120 2753 1175 ambulat
2788 1123 2839 1175 in
2872 1124 3007 1178 mari
3036 1126 3181 1179 velut
3208 1127 3258 1180 in
3291 1130 3653 1195 pavimento.)

410 1211 529 1280 ipse
556 1210 722 1273 enim,
758 1219 816 1263 ut
843 1210 1096 1263 omnibus
1127 1204 1470 1262 manifestum
1534 1214 1638 1270 est,
1701 1221 1918 1276 semper
1979 1209 2219 1279 quidem,
2251 1216 2347 1271 sed
2386 1216 2621 1271 maxime
2659 1216 2711 1271 in
2744 1214 3117 1275 lncarnatione
3165 1221 3431 1277 mirabilia
3469 1238 3664 1293 opera-

416 1314 499 1358 tus
525 1314 627 1366 est,
659 1304 795 1358 etin
833 1316 972 1370 aqua
1005 1300 1146 1355 velut
1181 1301 1233 1354 in
1272 1300 1495 1370 planitie
1530 1299 1845 1356 ambulavit.

482 1423 858 1493 Μαρτυρεῖται
876 1420 932 1474 δὲ
958 1422 1052 1473 καὶ
1073 1420 1166 1472 ἐπὶ
1191 1422 1304 1482 τοῖς
1329 1418 1509 1482 ἄλλοις
1532 1422 1645 1483 τοῖς
1678 1435 1984 1490 μνημονευ-

413 1510 583 1563 θεῖσιν
615 1510 643 1561 6
673 1508 818 1573 Υἱὸς,
844 1508 938 1560 καὶ
964 1507 1023 1560 τὸ
1048 1507 1200 1575 ἅγιον
1231 1506 1456 1577 Πνεῦμα
1484 1505 1678 1570 οὕτως.
1722 1508 1858 1576 Περὶ
1884 1498 1986 1579 μό-

412 1618 505 1655 νου
541 1601 640 1672 μὲν
672 1598 927 1670 ἀληθινοῦ
959 1599 1117 1663 Θεοῦ,
1152 1599 1226 1661 ὡς
1262 1600 1425 1669 ἡνίκα
1454 1599 1583 1669 περὶ
1609 1598 1706 1668 μὲν
1732 1598 1824 1651 τοῦ
1852 1598 1985 1652 Υίοῦ

2155 1420 2263 1476 Sed
2294 1431 2497 1490 praeter
2524 1437 2585 1478 ea
2636 1438 2756 1492 quae
2798 1434 3218 1479 commemorata
3257 1436 3406 1493 sunt,
3447 1427 3553 1481 alia
3595 1429 3662 1484 de

2083 1510 2220 1565 Filio
2271 1522 2325 1566 et
2370 1512 2571 1580 Spiritu
2612 1523 2802 1569 sancto
2841 1516 3142 1570 testimonia
3185 1517 3304 1571 addi
3353 1532 3577 1587 possunt
3607 1524 3658 1577 in

2084 1604 2230 1657 hunc
2267 1607 2509 1656 modum.
2548 1605 2620 1658 De
2664 1604 2777 1659 solo
2819 1605 3034 1673 quidem
3090 1621 3219 1660 vero
3267 1608 3398 1671 Deo,
3437 1620 3494 1662 ιιι
3532 1626 3654 1665 cum

426 1692 678 1761 Ἰωάννης
709 1691 845 1761 αὐτῇ
876 1690 1019 1756 λέξει
1050 1688 1300 1758 ἀληθινὸν
1331 1689 1463 1741 Θεὸν
1501 1687 1663 1741 αὐτὸν
1687 1682 1846 1751 εἶναι,
1890 1688 1977 1740 καὶ

2084 1693 2279 1748 Filium
2306 1693 2540 1749 Joannes
2566 1710 2686 1750 esse
2711 1696 3024 1765 pronuntiat
3052 1697 3138 1751 his
3177 1698 3307 1765 ipsis
3351 1698 3530 1752 verbis
3566 1715 3656 1754 ve-

416 1783 676 1854 μονογενῆ
712 1782 843 1835 Θεὸν
879 1781 1279 1850 ἁναφθέγγεται
1301 1796 1313 1809 ·
1365 1778 1565 1842 Ἰούδας
1596 1780 1754 1849 μόνον
1780 1779 1983 1832 Δεσπό-

411 1889 510 1943 την
535 1871 722 1931 καλεῖ·
769 1872 863 1926 καὶ
888 1874 916 1924 6
944 1872 1233 1942 προφήτης
1280 1868 1464 1937 λέγει’
1509 1887 1526 1920 ι
1559 1870 1632 1921 Σὺ
1660 1865 1710 1921 εἶ
1739 1870 1768 1921 6
1799 1869 1931 1933 Θεὸς
1954 1872 1983 1924 6

413 1963 586 2017 ποιῶν
625 1962 936 2035 θαυμάσια,
979 1964 1042 2015 σὺ
1084 1956 1133 2013 εἷ
1178 1961 1336 2032 μόνος
1379 1959 1511 2023 Θεὸς
1557 1960 1769 2031 μέγας·
1821 1981 1840 2014 ι
1887 1962 1983 2015 καὶ

412 2053 642 2126 ἑτέρωθι
662 2070 676 2084 ⁶
714 2070 734 2104 t
768 2049 862 2116 Εἷς
889 2052 1062 2120 ἅγιος,
1090 2044 1170 2112 εἷς
1196 2048 1399 2116 Κύριος
1436 2048 1643 2120 Ἰησοῦς
1671 2050 1924 2123 Χριστός.
1956 2070 1974 2102 ο

411 2145 546 2216 Περὶ
577 2144 634 2197 δὲ
660 2142 754 2197 τοῦ
772 2142 925 2210 ἁγίου
954 2141 1293 2211 Πνεύματος,
1315 2140 1390 2202 ὡς
1408 2140 1535 2194 ὅταν
1563 2139 1791 2205 Παῦλος,
1808 2142 1836 2193 6
1862 2159 1984 2195 συν-

410 2236 580 2298 έσεως
602 2233 837 2306 πλήρης,
882 2232 1108 2303 Πνεῦμα
1136 2232 1231 2285 τοῦ
1262 2232 1396 2286 Θεοῦ
1439 2232 1534 2286 καὶ
1562 2233 1794 2304 Πατρὸς,
1840 2232 1982 2288 καθὰ

410 2328 545 2398 ἡμῖν
568 2325 631 2379 τὸ
655 2318 811 2395 ἡμῶν
842 2323 1083 2393 πνεῦμα,
1110 2318 1248 2376 εἶναι
1270 2322 1398 2395 [178
1431 2321 1487 2395 a]
1531 2323 1662 2376 αὐτὸ
1691 2327 1977 2395 μαρτυρεῖ.

411 2417 522 2469 Καὶ
566 2416 728 2469 πάλιν
767 2414 1002 2484 γράφει·
1047 2431 1066 2465 ι
1115 2413 1299 2467 Ταῦτα
1346 2415 1523 2468 πάντα
1569 2415 1781 2485 ἐνεργεῖ
1821 2415 1882 2467 τὸ
1923 2414 1981 2469 ἓν

411 2507 507 2558 καὶ
547 2506 608 2558 τὸ
655 2505 786 2558 αὐτὸ
830 2503 1073 2575 Πνεῦμα,
1112 2503 1352 2581 διαιροῦν
1389 2504 1493 2575 ίδίᾳ
1524 2505 1760 2576 ἑκάστῳ,
1798 2505 1982 2571 καθὼς

414 2597 684 2665 βούλεται.
722 2617 740 2649 ι
770 2598 905 2666 Περὶ
936 2598 1032 2668 μὲν
1056 2597 1267 2666 σοφίας,
1302 2598 1377 2661 ὡς
1402 2596 1567 2669 ἡνίκα
1602 2597 1732 2668 περὶ
1758 2596 1857 2667 μὲν
1879 2596 1974 2651 τοῦ

412 2686 543 2740 Υἱοῦ
589 2688 618 2739 6
659 2687 1048 2758 μνημονευθεὶς
1100 2688 1426 2759 σεμνότατος
1471 2686 1675 2758 γράφει
1728 2686 1977 2752 Παῦλος·

416 2795 434 2826 ι
483 2778 716 2847 Χριστὸν
754 2776 884 2830 Θεὸν
927 2777 1179 2847 δύναμιν,
1222 2777 1316 2832 καὶ
1342 2775 1476 2831 Θεοῦ
1528 2775 1745 2845 σοφίαν’
1796 2795 1814 2829 ι
1858 2778 1976 2845 καὶ,

390 2871 509 2943 κἘν
561 2862 606 2940 ᾧ
650 2874 755 2925 εἱσι
798 2872 998 2936 πάντες
1045 2874 1095 2926 οἱ
1145 2871 1408 2943 θησαυροὶ
1468 2869 1567 2940 τῆς
1622 2871 1813 2939 σοφίας
1882 2870 1977 2925 καὶ

409 2961 661 3029 γνώσεως
740 2962 1063 3033 ἀπόκρυφοι.
1091 2981 1110 3015 ι
1174 2962 1284 3015 Καὶ
1341 2959 1503 3013 Δαυῒδ
1563 2958 1781 3028 ψάλλει·
1830 2978 1849 3012 t
1889 2961 1976 3026 Ὠς

2086 1799 2203 1837 rum
2276 1784 2440 1837 Deum
2487 1784 2600 1855 (55)
2658 1794 2713 1839 et
2785 1784 3115 1855 unigenitum
3168 1784 3334 1839 Deum
3394 1785 3538 1857 (56);
3590 1803 3656 1843 ac

2081 1872 2249 1929 Judas
2294 1874 2410 1946 (57)
2461 1890 2581 1929 eum
2632 1887 2791 1932 vocat
2847 1878 3017 1932 solmn
3057 1876 3377 1944 Dominum;
3430 1887 3486 1932 et
3518 1877 3652 1934 Pro-

2082 1967 2243 2035 pheta
2274 1964 2484 2033 inquit:
2526 1982 2544 2016 ι
2579 1964 2657 2018 Tu
2708 1964 2900 2034 cs(58)
2944 1963 3085 2019 Deus
3120 1964 3326 2021 faciens
3367 1968 3654 2027 mirabilia.

2083 2049 2160 2104 Tu
2190 2066 2248 2105 es
2279 2050 2424 2105 solus
2465 2050 2609 2106 Deus
2657 2066 2918 2121 magnus;
2955 2070 2974 2103 ι
3008 2061 3062 2108 et
3091 2053 3216 2108 alibi
3248 2072 3260 2106 :
3308 2072 3326 2104 ι
3364 2051 3515 2109 Unus
3539 2055 3654 2127 (59)

2083 2153 2326 2208 sanctus,
2353 2158 2493 2198 unus
2524 2142 2782 2198 Dominus
2804 2141 2961 2198 Jesus
2988 2143 3257 2200 Christus.
3302 2162 3320 2196 ι
3352 2145 3425 2200 De
3451 2145 3654 2216 Spiritu

2082 2242 2258 2286 autem
2283 2243 2472 2290 sancto
2506 2252 2517 2288 :
2549 2244 2604 2289 ut
2652 2249 2773 2288 cum
2823 2233 3021 2288 Paulus
3060 2234 3430 2304 intelligentiae
3467 2237 3656 2304 plenus

2083 2321 2345 2393 Spiritum
2375 2323 2470 2378 Dei
2501 2333 2554 2379 et
2583 2323 2762 2379 Patris
2797 2327 2869 2377 ita
2911 2323 3085 2379 eidem
3107 2322 3216 2395 (60)
3241 2340 3361 2380 esse
3404 2336 3654 2391 testatur,

2080 2415 2222 2469 sicut
2254 2415 2411 2470 nobis
2444 2426 2632 2471 noster
2654 2424 2737 2470 est
2766 2415 3031 2486 spiritus;
3069 2426 3121 2471 et
3144 2431 3265 2471 cum
3285 2434 3489 2474 .rursus
3521 2422 3656 2474 seri-

2079 2505 2190 2561 bit:
2218 2523 2236 2556 ι
2266 2504 2391 2562 Haec
2412 2507 2590 2561 omnia
2610 2506 2719 2578 (6i)
2741 2517 2995 2575 operatur
3013 2523 3148 2563 unus
3171 2517 3226 2562 et
3246 2509 3381 2562 idem
3402 2511 3653 2579 Spiritus,

2080 2596 2321 2651 dividens
2347 2612 2590 2652 seorsum
2627 2599 2935 2667 unicuique,
2974 2607 3131 2667 prout
3162 2601 3291 2654 vult.
3320 2620 3339 2653 ›
3377 2601 3439 2655 Et
3472 2603 3536 2657 de
3564 2603 3659 2656 Sa-

2078 2686 2278 2756 pientia
2304 2686 2519 2756 quidem
2540 2705 2553 2741 :
2579 2696 2634 2740 ιιι
2651 2702 2769 2740 cum
2789 2687 2853 2740 tle
2871 2684 3006 2740 Filio
3023 2687 3236 2756 quidem
3261 2705 3656 2747 commemora-

2081 2786 2168 2851 tus
2196 2778 2546 2847 gravissimus
2585 2778 2668 2830 vir
2692 2777 2886 2832 Paulus
2923 2779 3111 2832 scribit
3139 2797 3151 2832 :
3184 2796 3201 2829 ι
3242 2779 3512 2835 Christum
3539 2782 3652 2853 (62)

2076 2867 2171 2922 Dei
2191 2866 2301 2937 (65)
2320 2866 2587 2924 virtutem.
2607 2878 2659 2921 et
2679 2868 2767 2921 Dei
2785 2868 3136 2935 sapientiam;
3164 2888 3182 2920 ›
3206 2879 3286 2923 et:
3308 2889 3326 2921 ι
3345 2869 3399 2923 ιη
3416 2887 3520 2939 quo
3538 2871 3652 2942 (64)

2075 2956 2236 3027 373
2270 2966 2393 3010 sunt
2439 2970 2628 3010 omnes
2689 2955 2928 3010 thesauri
2984 2956 3286 3023 sapientiae,
3317 2965 3372 3010 et
3414 2957 3656 3013 scientiae

410 3053 750 3123 ὲμεγαλύνθη
797 3055 868 3108 τὰ
909 3054 1046 3124 ἔργα
1085 3070 1198 3118 σου,
1250 3050 1459 3124 Κύριεί
1501 3052 1685 3105 Πάντα
1725 3053 1782 3105 ἐν
1822 3051 1977 3123 σοφίᾳ

2087 3047 2407 3101 absconditi.
2438 3065 2457 3097 ι
2525 3046 2593 3099 Ει
2635 3045 2801 3100 David
2848 3045 3026 3113 psallil
3076 3065 3089 3100 :
3128 3064 3146 3096 ι
3183 3044 3354 3113 Quam
3411 3049 3657 3116 magniﬁa

409 3143 689 3215 tuoincag.
720 3165 739 3197 ι
793 3145 904 3199 Καὶ
965 3145 1040 3208 ὡς
1095 3144 1318 3206 Ἡσαΐας
1394 3138 1757 3214 προφητεύειο
1813 3161 1833 3194 ι
1870 3144 1979 3196 Καὶ

408 3235 567 3299 αὐτὸς
605 3235 771 3304 σοφὸς
801 3230 935 3305 ἦγεν
978 3236 1061 3287 ἐπ’
1094 3234 1290 3297 αὐτοὺς
1340 3232 1506 3287 κακά.
1532 3251 1551 3284 ι
1593 3233 1729 3305 Περὶ
1776 3233 1833 3286 δὲ
1884 3233 1976 3287 τοῦ

408 3325 561 3392 ἁγίου
614 3325 964 3395 Πνεῦματος,
1015 3323 1090 3386 ὡς
1150 3324 1278 3376 ὅταν
1342 3322 1573 3384 Ἡσαΐας
1617 3321 1972 3395 προφητεύῃ·

416 3432 434 3463 ι
464 3411 688 3482 Πνεῦμα
727 3412 820 3465 τοῦ
864 3411 1019 3476 Θεοῦ,
1057 3410 1279 3481 Πνεῦμα
1327 3411 1519 3479 σοφίας
1552 3411 1651 3464 καί
1680 3411 1972 3475 συνέσεως,

410 3502 631 3573 Πνεῦμα
686 3502 879 3573 βουλῆς
927 3502 1021 3556 καὶ
1068 3501 1270 3572 ἰσχύος,
1321 3500 1543 3573 Πνεῦμα
1592 3501 1847 3570 γνώσεως
1881 3500 1976 3556 καὶ

412 3592 749 3658 εὐσεϐείας.»
807 3595 943 3664 Περὶ
995 3592 1052 3646 δὲ
1110 3592 1418 3664 ἀφθαρσίας
1487 3592 1580 3645 καὶ
1639 3590 1972 3659 ἀθανασίας,

410 3682 727 3754 προείρηται
772 3681 869 3751 μὲν
915 3681 1046 3751 ἤδη,
1096 3681 1158 3732 οὐ
1208 3680 1390 3751 μέντοι
1451 3679 1649 3733 ἄτοπον
1697 3680 1792 3733 καὶ
1840 3679 1974 3735 ἄλλα

411 3769 778 3842 παραθέσθαιο
835 3770 909 3833 ὡς
958 3770 1148 3840 ἡνίκα,
1199 3769 1328 3839 περὶ
1381 3769 1481 3839 μὲν
1536 3766 1629 3821 τοῦ
1679 3768 1973 3839 ψυχοδότου

406 3860 764 3930 Μονογενοῦς,
806 3853 867 3913 οὗ
901 3860 961 3913 τὸ
989 3860 1163 3931 ὄμμα,
1201 3861 1292 3914 καὶ
1325 3862 1359 3931 ἡ
1410 3859 1568 3931 ἀκοὴ,
1614 3862 1708 3914 καὶ
1746 3863 1779 3932 ἡ
1826 3862 1970 3932 δίκη,

405 3953 500 4007 καὶ
555 3953 587 4023 ἡ
644 3951 1023 4023 φιλανθρωπία
1110 3949 1386 4022 πανταχοῦ
1451 3952 1751 4026 ἐφέστηκε,
1812 3952 1974 4007 Δαυῒδ

408 4043 660 4114 μελῳδεῖ’
696 4062 712 4095 ι
736 4044 809 4096 Σὺ
844 4045 872 4097 6
908 4043 1068 4107 αὐτὸς
1096 4038 1165 4109 εἷ,
1200 4045 1294 4098 καί¹
1326 4043 1394 4097 τὰ
1424 4043 1516 4115 ἔτη
1548 4062 1641 4098 σου
1668 4046 1769 4099 οὐκ
1800 4043 1974 4099 ἐκλεί-

402 4134 623 4204 ψουσιν·
647 4153 665 4187 ι
704 4134 819 4199 καὶ,
860 4152 876 4185 t
906 4135 1002 4197 Εἰς
1042 4135 1133 4188 τὸν
1176 4135 1369 4200 αἰῶνα,
1396 4135 1590 4207 Κύριε,
1624 4139 1652 4190 ὁ
1688 4136 1844 4206 λόγος
1876 4152 1971 4190 σου

401 4225 648 4291 διαμένει
694 4227 753 4277 ὲν
791 4224 869 4296 τῷ
900 4224 1131 4297 οὐρανῷ.
1162 4245 1180 4279 δ
1232 4228 1368 4298 Περὶ
1395 4227 1453 4280 δὲ
1482 4227 1577 4280 τοῦ
1609 4226 1762 4296 ἁγίου
1805 4228 1974 4280 Πνεύο

2082 3146 2199 3192 cala
2231 3136 2342 3208 (65)
2380 3146 2504 3192 sunt
2526 3151 2688 3206 opera
2716 3147 2825 3203 tua,
2856 3137 3106 3191 Domine!
3129 3137 3319 3192 Omnia
3344 3140 3395 3192 in
3430 3138 3657 3210 Sapien-

2082 3229 2153 3283 tia
2213 3229 2426 3294 fecisti;
2466 3246 2484 3279 ι
2544 3238 2599 3284 ct
2654 3239 2711 3283 ut
2758 3228 2924 3283 Isaias
2973 3229 3234 3298 propheta
3294 3231 3499 3299 inquit:
3545 3233 3657 3286 «Ει

2080 3318 2192 3386 ipse
2228 3316 2339 3387 (66)
2370 3317 2587 3387 sapiens
2616 3318 2836 3373 adduxit
2866 3332 3028 3387 super
3059 3332 3152 3372 eos
3185 3319 3345 3376 mala.
3376 3338 3395 3370 ι
3439 3319 3511 3373 De
3529 3320 3653 3389 Spi-

2079 3411 2185 3464 ritu
2223 3419 2401 3463 autem
2459 3419 2682 3464 saneto:
2720 3419 2780 3464 ut
2811 3408 3117 3465 cumlsaias
3143 3411 3460 3480 prephetat:
3491 3430 3510 3463 ι
3536 3413 3656 3482 Spi-

2078 3499 2220 3554 ritus
2249 3498 2343 3553 Dei
2373 3496 2509 3569 (67),
2548 3499 2785 3567 Spiritus
2845 3498 3121 3566 sapientiae
3154 3509 3204 3552 et
3265 3499 3650 3568 intelligentiae.

2078 3588 2317 3659 Spiritus
2349 3588 2562 3644 consilii
2591 3599 2646 3643 et
2677 3588 3038 3651 fortitudinis,
3074 3586 3308 3657 Spiritus
3342 3589 3580 3643 scientia:
3596 3600 3653 3645 et

2076 3680 2314 3749 pietatis.
2343 3696 2362 3731 ι
2406 3678 2483 3733 De
2511 3680 3021 3745 incorruptibilitate
3063 3695 3210 3743 vero,
3265 3689 3319 3735 et
3369 3681 3652 3735 innnortaw

2077 3767 2231 3822 litate
2263 3778 2424 3822 antea
2478 3766 2697 3836 quidem
2754 3767 2959 3820 dictum
3013 3767 3126 3835 jam
3168 3767 3295 3830 fuit,
3328 3782 3432 3820 non
3472 3776 3650 3822 tamen

2082 3858 2380 3913 absurdum
2410 3859 2514 3913 erit
2544 3857 2647 3911 alia
2683 3855 2846 3910 etiam
2872 3871 3183 3926 apponere:
3221 3867 3280 3911 ut
3305 3872 3426 3912 cum
3475 3856 3539 3910 de
3570 3858 3649 3911 vi-

2078 3951 2325 4005 viﬁcante
2361 3949 2648 4018 Unigenito
2679 3946 2811 4020 (68),
2832 3946 2986 4017 cujus
3016 3948 3226 4011 oculus,
3257 3957 3309 4002 et
3339 3948 3573 4015 auditus,
3592 3959 3648 4004 et

2072 4041 2304 4113 iustitia,
2332 4051 2386 4096 et
2411 4041 2716 4111 benignitas
2761 4041 2959 4110 ubique
3001 4039 3177 4094 elucet
3215 4053 3278 4094 ac
3308 4050 3506 4105 manet,
3541 4042 3647 4096 Daa

2077 4134 2163 4188 vid
2196 4132 2343 4187 canit
2372 4149 2384 4186 :
2426 4151 2445 4184 ι
2485 4130 2562 4186 Tu
2596 4131 2736 4187 idem
2768 4130 2878 4203 (69)
2908 4146 2986 4197 es,
3020 4139 3074 4184 et
3107 4131 3231 4184 anni
3262 4130 3338 4183 tui
3367 4146 3472 4185 non
3506 4131 3643 4186 deft.

2074 4226 2245 4290 cient;
2267 4243 2286 4275 ι
2308 4234 2390 4279 et:
2415 4242 2434 4275 ι
2458 4221 2514 4277 1η
2537 4224 2789 4279 sarculum
2816 4224 2950 4296 (70),
2978 4223 3221 4286 Domine,
3243 4223 3474 4277 Verbum
3497 4233 3646 4279 tuum

406 4334 595 4390 ματος,
621 4316 716 4371 τοῦ
751 4317 819 4371 τὰ
850 4317 1139 4388 σύμπαντα
1166 4317 1477 4388 τρέφοντος,
1507 4320 1600 4372 καὶ
1633 4317 1808 4382 θείαις
1830 4319 1975 4372 ἀκτῖ-

2079 4326 2360 4387 permanet
2390 4316 2441 4370 in
2473 4316 2633 4371 cmlo.
2660 4334 2679 4367 ι
2712 4315 2786 4370 De
2820 4315 3025 4384 Spiritu
3078 4324 3259 4367 autem
3294 4324 3504 4379 sancto,
3553 4315 3645 4384 qui

405 4426 458 4462 σι
491 4408 958 4480 καταλάμποντος,
989 4409 1084 4461 καὶ
1112 4408 1217 4472 ἕως
1248 4410 1342 4463 καὶ
1390 4409 1483 4462 ἐπὶ
1521 4410 1646 4473 τοὺς
1684 4408 1973 4463 ἀπολειπο-

2079 4407 2255 4462 omnia
2310 4407 2429 4475 alit,
2483 4416 2538 4462 et
2591 4407 2790 4463 divinis
2839 4409 3004 4462 radiis
3051 4407 3286 4461 illustrat
3363 4422 3427 4462 ac
3467 4408 3551 4463 vel
3591 4409 3644 4463 in

475 4650 841 4780 (SQIGIVermln.
859 4656 1072 4780 iCypdex,
1101 4652 1320 4727 ἄληθες,
1348 4662 1799 4726 preparoxytonc.
1835 4650 1969 4712 Vide

475 4742 524 4780 Kc
660 4769 674 4780 .
708 4744 776 4779 110
805 4765 817 4776 .
934 4764 949 4779 ο

437 4742 524 4789 ag.
553 4737 675 4789 161,
708 4737 817 4779 not.
859 4737 949 4780 15.

403 4742 524 4797 pag.
553 4742 675 4789 τοι,
708 4742 817 4779 ιιοι.
859 4742 949 4780 ιο.

475 4796 588 4864 (53)
628 4797 752 4849 Aul.
789 4793 993 4859 Codex,
1046 4796 1102 4864 ἡ.
1161 4792 1603 4868 Legendttmﬂel
1655 4787 1711 4868 ᾖ,
1763 4794 1815 4848 id
1863 4802 1966 4859 est,

409 4883 428 4915 ι
464 4880 565 4985 qltta
600 4870 826 4931 ratione,
852 4881 958 4934 quo
978 4863 1135 4920 modo
1161 4882 1173 4916 :
1203 4882 1221 4915 ι
1254 4863 1339 4918 νει
1369 4864 1425 4933 ἡ,
1457 4863 1510 4917 id
1540 4873 1642 4930 est,
1661 4863 1698 4914 ’ξ
1721 4872 1832 4928 aut,
1858 4881 1878 4914 ›
1909 4871 1969 4919 ut

409 4944 458 4985 ΕΙ
506 4948 627 4985 820.

403 4944 627 4988 etteao.

476 4949 727 5072 ἓξὲξ).ρηὶ
756 5004 1005 5057 extendit.
1040 4999 1140 5055 Job
1172 5001 1333 5072 tx,_8.

497 5069 587 5138 55)
635 5071 819 5126 Verum
858 5073 1042 5125 Deum.
1077 5072 1172 5140 Ep.
1208 5069 1406 5124 IJoan.
1438 5084 1489 5131 ν,
1524 5070 1615 5125 20.

497 5080 587 5138 55)
636 5080 819 5126 Verum
858 5080 1042 5125 Deum.
1077 5080 1172 5140 Ep.
1209 5080 1406 5124 lJoan.
1438 5084 1489 5131 ν,
1524 5080 1615 5125 '20.

474 5080 952 5264 iﬁtgﬁvnigenitum
972 5140 1329 5194 DeumJoan.
1365 5155 1400 5203 ι,
1440 5140 1524 5194 l8.
1562 5140 1691 5194 Vide
1727 5149 1838 5195 not.
1877 5141 1967 5207 15,

400 5224 521 5279 pag.
553 5224 642 5264 ‘Io.
1770 5244 1783 5251 κ

472 5280 583 5349 (57)
610 5279 802 5349 ludas.
840 5279 996 5349 Vers.
1029 5279 1084 5333 4.

471 5347 583 5417 (58)
624 5348 702 5402 Τιι
740 5366 814 5405 es.
865 5347 1007 5402 Psal.
1050 5363 1249 5411 Lxxxv,
1285 5348 1317 5401 9
1347 5350 1460 5416 (seu
1497 5348 1607 5417 10).
1652 5347 1755 5402 Sed
1799 5347 1966 5404 Biblia

398 5422 556 5487 paulo
583 5419 756 5487 aliter.

470 5486 583 5551 (59)
618 5485 786 5539 Unus.
820 5485 957 5539 Vide
988 5494 1098 5540 not.
1141 5486 1229 5545 10,
1262 5502 1383 5555 pag.
1415 5487 1539 5539 567.

468 5555 580 5625 (60)
618 5555 823 5609 Eidem.
850 5556 1049 5619 Codex,
1078 5556 1233 5609 αὐτό.
1264 5557 1587 5610 Concinnior
1609 5556 1815 5608 videtur
1842 5571 1966 5609 scn-

397 5624 585 5688 tentia,
610 5627 665 5694 si
682 5626 922 5693 legamus
942 5624 1110 5694 αὐτῷ.

465 5694 579 5763 (61)
618 5693 747 5749 Haec
776 5698 971 5747 omnia.
1009 5693 1023 5746 I
1064 5693 1194 5748 Cor.
1236 5710 1330 5757 κη,
1377 5693 1457 5746 il.

466 5763 575 5833 (62)
608 5765 890 5833 Christum.
927 5765 942 5816 1
975 5764 1098 5815 Cor.
1127 5781 1166 5825 ι,
1201 5766 1289 5817 2i.

468 5831 580 5904 (65)
622 5831 751 5889 Dei.‘
784 5835 994 5901 Codex,
1046 5834 1209 5901 Θεό-ι,
1257 5835 1454 5899 idest,
1506 5852 1522 5884 ι
1569 5831 1751 5886 Deum.
1789 5851 1807 5883 ι
1852 5832 1955 5887 Sed

2075 4655 2353 4717 mendose,
2402 4668 2523 4724 nam
2546 4665 2609 4724 et
2651 4653 2816 4724 Biblia
2841 4662 2895 4706 et
2924 4652 3182 4723 Didymus
3210 4653 3322 4723 ipse
3350 4666 3490 4724 saepe
3514 4654 3642 4712 alibi

2075 4726 2277 4779 habent
2316 4723 2473 4787 Θεοῦ,
2506 4723 2556 4776 id
2585 4733 2688 4786 est,
2722 4742 2740 4773 ι
2780 4722 2893 4776 Dei.
2924 4741 2943 4773 ι

2147 4794 2260 4865 (64)
2297 4792 2363 4865 lit
2402 4809 2523 4862 quo.
2575 4792 2782 4865 Coloss.
2824 4793 2981 4865 ιιιδ.

2168 4860 2255 4936 65)
2292 4860 2462 4936 Quom
2493 4863 2850 4936 mqgniﬁcata.
2878 4860 3019 4936 Psal.
3059 4875 3176 4926 cm,
3202 4862 3273 4918 25
3308 4865 3423 4935 (seu
3451 4863 3567 4936 24).

2168 4931 2256 4996 66)
2292 4931 2361 4986 Et
2390 4935 2514 4996 ipse?
2556 4932 2656 4985 lsa.
2690 4948 2842 4993 XXXI,
2872 4931 2928 4987 2.

2143 4997 2256 5074 (67)
2275 5001 2500 5074 Spiritus
2515 5000 2629 5074 Dei.
2665 5001 2767 5056 lsa.
2794 4999 3151 5074 st,2_.Cr:eea
3176 4999 3341 5056 editio
3374 5016 3472 5071 pro
3504 4997 3641 5059 Θεοῦ

2074 5069 2494 5143 Ιιδῡοιιςυρίου,
2526 5073 2578 5124 id
2604 5082 2705 5143 es_t_,
2739 5089 2757 5122 ι
2791 5070 3018 5143 Domini.
3042 5089 3061 5121 ι

2145 5140 2258 5211 (68)
2301 5138 2604 5211 γίυἱιὶςαῃιθ
2649 5139 2941 5208 Unigem‘lo.
2994 5139 3049 5192 In
3082 5138 3290 5211 Crzeco.
3321 5139 3637 5211 ψυχοδότου,

2073 5209 2124 5263 id
2156 5207 2273 5272 'est,
2306 5207 2690 5279 ψυχοδοτῆρος,
2726 5226 2934 5278 nempe,
2972 5226 2991 5259 ι
3014 5210 3313 5262 animarum
3338 5207 3548 5264 daturis
3581 5207 3634 5268 εἰ

2072 5291 2131 5332 ut
2159 5280 2211 5333 in
2250 5279 2444 5347 Orphei
2492 5279 2688 5348 hymno
2718 5294 2865 5341 uvr,
2905 5279 3191 5348 ὁλόοὸότης
3219 5287 3301 5331 est
3335 5298 3352 5328 ι
3382 5282 3638 5345 ιιθιῚιιιὶει.

2072 5364 2189 5401 rum
2243 5351 2397 5403 dator
2430 5362 2442 5397 :
2475 5366 2494 5397 ι
2529 5358 2579 5400 et
2624 5349 2823 5416 hymno
2864 5363 2974 5401 xvu
3010 5362 3025 5397 :
3059 5347 3415 5417 πλουτοδότης
3454 5367 3472 5400 ι
3499 5352 3636 5403 «ΙΜ-

2071 5419 2264 5471 tiarum
2308 5418 2501 5471 dator:
2538 5435 2556 5466 ι
2594 5429 2648 5470 et
2693 5418 2949 5484 Didymus
2986 5418 3123 5485 ip-e,
3170 5433 3293 5485 pag.
3352 5420 3474 5479 195,
3509 5420 3628 5473 ait;

2070 5487 2388 5558 παντοδότῃ.
2439 5486 2605 5558 Porro
2641 5489 2893 5558 eumdem
2931 5487 3144 5541 Christo
3187 5487 3400 5558 titulum
3445 5491 3632 5541 tribuit

2068 5554 2391 5610 Prudentius
2434 5557 2485 5608 in
2535 5555 2953 5622 llamartigenia,
2982 5570 3137 5607 versu
3178 5554 3300 5618 9³51,
3336 5559 3426 5624 qui
3461 5559 3539 5611 sic
3574 5572 3632 5610 sc

2070 5627 2230 5679 habet
2263 5641 2277 5677 :
2317 5626 2399 5679 «Ο
2425 5625 2529 5679 Dee
2571 5626 2973 5691 cunctiparens,
3019 5624 3215 5677 aninue
3259 5629 3437 5691 dator,
3463 5643 3494 5680 υ
3524 5628 3632 5681 Dee

2065 5695 2295 5747 Christe.
2333 5714 2350 5745 ι
2382 5695 2618 5762 Respicit
2651 5703 2826 5745 autem
2866 5694 3001 5747 Gen.
3035 5707 3098 5757 li,
3136 5693 3185 5747 7.

2136 5764 2245 5831 (69)
2277 5763 2353 5816 Tu
2381 5764 2539 5816 idem.
2574 5764 2713 5817 I’sal.
2742 5778 2815 5822 Cl.
2847 5764 2937 5816 9.8.

2133 5830 2246 5902 (70)
2278 5833 2341 5886 In
2370 5836 2639 5888 εαέιιιιυη.
2677 5834 2817 5887 l‘sal.
2859 5848 3048 5898 cxvut,
3076 5830 3166 5886 89.
