  <div class='ocr_page' id='page_1' title='image "/cluster/home/n/w/nwhite01/storage/ocr_20150623/39/mdp.39015010572892/442.png"; bbox 0 0 4134 6404; ppageno 0'>
   <div class='ocr_carea' id='block_1_1' title="bbox 350 405 454 462">
    <p class='ocr_par' dir='ltr' id='par_1_1' title="bbox 350 405 454 462">
     <span class='ocr_line' id='line_1_1' title="bbox 350 405 454 462; baseline -0.019 0"><span class='ocrx_word' id='word_1_1' title='bbox 350 405 454 462; x_wconf 70' lang='lat'><strong>873</strong></span> 
     </span>
    </p>
   </div>
   <div class='ocr_carea' id='block_1_2' title="bbox 1406 395 2495 452">
    <p class='ocr_par' dir='ltr' id='par_1_2' title="bbox 1406 395 2495 452">
     <span class='ocr_line' id='line_1_2' title="bbox 1406 395 2495 452; baseline 0 -3"><span class='ocrx_word' id='word_1_2' title='bbox 1406 399 1493 451; x_wconf 75' lang='lat' dir='ltr'><strong>DE</strong></span> <span class='ocrx_word' id='word_1_3' title='bbox 1531 396 1907 452; x_wconf 78' lang='lat' dir='ltr'><strong>TRINITATE</strong></span> <span class='ocrx_word' id='word_1_4' title='bbox 1948 395 2148 450; x_wconf 80' lang='lat' dir='ltr'><strong>LIBER</strong></span> <span class='ocrx_word' id='word_1_5' title='bbox 2190 396 2495 451; x_wconf 71' lang='lat' dir='ltr'><strong>TER&#39;I’lL&#39;S</strong></span> 
     </span>
    </p>
   </div>
   <div class='ocr_carea' id='block_1_3' title="bbox 3506 397 3608 457">
    <p class='ocr_par' dir='ltr' id='par_1_3' title="bbox 3506 397 3608 457">
     <span class='ocr_line' id='line_1_3' title="bbox 3506 397 3608 457; baseline 0.078 -7"><span class='ocrx_word' id='word_1_6' title='bbox 3506 397 3608 457; x_wconf 61' lang='lat'><strong>87$</strong></span> 
     </span>
    </p>
   </div>
   <div class='ocr_carea' id='block_1_4' title="bbox 349 514 1944 587">
    <p class='ocr_par' dir='ltr' id='par_1_4' title="bbox 349 514 1928 587">
     <span class='ocr_line' id='line_1_4' title="bbox 349 514 1928 587; baseline -0.004 -13"><span class='ocrx_word' id='word_1_7' title='bbox 349 522 444 574; x_wconf 79' lang='grc' dir='ltr'><strong>καὶ</strong></span> <span class='ocrx_word' id='word_1_8' title='bbox 473 516 822 587; x_wconf 77' lang='grc' dir='ltr'>ἁντιστοίχως</span> <span class='ocrx_word' id='word_1_9' title='bbox 852 515 930 586; x_wconf 84' lang='grc' dir='ltr'>τῷ</span> <span class='ocrx_word' id='word_1_10' title='bbox 963 514 1141 587; x_wconf 83' lang='grc' dir='ltr'>θνητῷ</span> <span class='ocrx_word' id='word_1_11' title='bbox 1176 514 1237 568; x_wconf 75' lang='grc' dir='ltr'>τὸ</span> <span class='ocrx_word' id='word_1_12' title='bbox 1268 514 1557 580; x_wconf 83' lang='grc' dir='ltr'>ἀθάνατον,</span> <span class='ocrx_word' id='word_1_13' title='bbox 1599 518 1691 569; x_wconf 83' lang='grc' dir='ltr'><strong>καὶ</strong></span> <span class='ocrx_word' id='word_1_14' title='bbox 1732 518 1928 568; x_wconf 78' lang='grc' dir='ltr'><strong>νοεῖται</strong></span> 
     </span>
    </p>
   </div>
   <div class='ocr_carea' id='block_1_5' title="bbox 2046 514 3607 587">
    <p class='ocr_par' dir='ltr' id='par_1_5' title="bbox 2046 514 3607 586">
     <span class='ocr_line' id='line_1_5' title="bbox 2046 514 3607 586; baseline -0.004 -17"><span class='ocrx_word' id='word_1_15' title='bbox 2046 526 2141 571; x_wconf 87' lang='lat' dir='ltr'><strong>:to.</strong></span> <span class='ocrx_word' id='word_1_16' title='bbox 2177 515 2310 568; x_wconf 83' lang='lat' dir='ltr'><strong>Nam</strong></span> <span class='ocrx_word' id='word_1_17' title='bbox 2345 514 2572 570; x_wconf 83' lang='lat' dir='ltr'><strong>mortale</strong></span> <span class='ocrx_word' id='word_1_18' title='bbox 2607 514 2675 567; x_wconf 86' lang='lat' dir='ltr'><strong>ab</strong></span> <span class='ocrx_word' id='word_1_19' title='bbox 2712 515 3004 569; x_wconf 73' lang='lat' dir='ltr'><strong>immortali</strong></span> <span class='ocrx_word' id='word_1_20' title='bbox 3042 515 3153 586; x_wconf 81' lang='lat'><strong>(79)</strong></span> <span class='ocrx_word' id='word_1_21' title='bbox 3184 531 3277 584; x_wconf 76' lang='lat' dir='ltr'><strong>per</strong></span> <span class='ocrx_word' id='word_1_22' title='bbox 3315 516 3607 584; x_wconf 74' lang='lat' dir='ltr'><strong>oppositio.</strong></span> 
     </span>
    </p>
   </div>
   <div class='ocr_carea' id='block_1_6' title="bbox 347 604 1925 679">
    <p class='ocr_par' dir='ltr' id='par_1_6' title="bbox 347 604 1925 679">
     <span class='ocr_line' id='line_1_6' title="bbox 347 604 1925 679; baseline -0.004 -13"><span class='ocrx_word' id='word_1_23' title='bbox 347 612 439 666; x_wconf 78' lang='grc' dir='ltr'><strong>ἐπὶ</strong></span> <span class='ocrx_word' id='word_1_24' title='bbox 492 608 681 679; x_wconf 80' lang='grc' dir='ltr'>ψυχῶν</span> <span class='ocrx_word' id='word_1_25' title='bbox 724 608 821 661; x_wconf 77' lang='grc' dir='ltr'><strong>καὶ</strong></span> <span class='ocrx_word' id='word_1_26' title='bbox 873 607 1144 676; x_wconf 80' lang='grc' dir='ltr'>ἀγγέλων,</span> <span class='ocrx_word' id='word_1_27' title='bbox 1215 604 1277 659; x_wconf 79' lang='grc' dir='ltr'>τὸ</span> <span class='ocrx_word' id='word_1_28' title='bbox 1330 607 1427 676; x_wconf 82' lang='grc' dir='ltr'>μὲν</span> <span class='ocrx_word' id='word_1_29' title='bbox 1479 606 1768 668; x_wconf 82' lang='grc' dir='ltr'>ἀθάνατον,</span> <span class='ocrx_word' id='word_1_30' title='bbox 1797 608 1925 660; x_wconf 79' lang='grc' dir='ltr'>ὅταν</span> 
     </span>
    </p>
   </div>
   <div class='ocr_carea' id='block_1_7' title="bbox 347 697 1927 772">
    <p class='ocr_par' dir='ltr' id='par_1_7' title="bbox 347 697 1927 772">
     <span class='ocr_line' id='line_1_7' title="bbox 347 697 1927 772; baseline -0.003 -18"><span class='ocrx_word' id='word_1_31' title='bbox 347 702 486 772; x_wconf 74' lang='grc' dir='ltr'>πρὸς</span> <span class='ocrx_word' id='word_1_32' title='bbox 530 699 610 770; x_wconf 84' lang='grc' dir='ltr'>τῷ</span> <span class='ocrx_word' id='word_1_33' title='bbox 659 699 887 753; x_wconf 82' lang='grc' dir='ltr'>θάνατον</span> <span class='ocrx_word' id='word_1_34' title='bbox 922 699 999 769; x_wconf 78' lang='grc' dir='ltr'>μὴ</span> <span class='ocrx_word' id='word_1_35' title='bbox 1035 697 1399 768; x_wconf 79' lang='grc' dir='ltr'>ἐπιδέχεσθαι,</span> <span class='ocrx_word' id='word_1_36' title='bbox 1435 697 1463 749; x_wconf 81' lang='grc' dir='ltr'><strong>ὅ</strong></span> <span class='ocrx_word' id='word_1_37' title='bbox 1499 698 1646 750; x_wconf 79' lang='grc' dir='ltr'>ἐστιν</span> <span class='ocrx_word' id='word_1_38' title='bbox 1688 698 1762 768; x_wconf 83' lang='grc' dir='ltr'>μὴ</span> <span class='ocrx_word' id='word_1_39' title='bbox 1813 699 1927 751; x_wconf 80' lang='grc' dir='ltr'>δια·</span> 
     </span>
    </p>
   </div>
   <div class='ocr_carea' id='block_1_8' title="bbox 348 786 1930 859">
    <p class='ocr_par' dir='ltr' id='par_1_8' title="bbox 348 786 1930 859">
     <span class='ocr_line' id='line_1_8' title="bbox 348 786 1930 859; baseline -0.004 -15"><span class='ocrx_word' id='word_1_40' title='bbox 348 792 594 854; x_wconf 80' lang='grc' dir='ltr'>λύεσθαι,</span> <span class='ocrx_word' id='word_1_41' title='bbox 624 789 722 842; x_wconf 60' lang='lat' dir='ltr'><strong>ﬁre</strong></span> <span class='ocrx_word' id='word_1_42' title='bbox 773 788 1101 852; x_wconf 81' lang='grc' dir='ltr'><strong>ἀσυνθέτους</strong></span> <span class='ocrx_word' id='word_1_43' title='bbox 1146 787 1304 849; x_wconf 76' lang='grc' dir='ltr'>ὄντας</span> <span class='ocrx_word' id='word_1_44' title='bbox 1335 786 1429 840; x_wconf 76' lang='grc' dir='ltr'><strong>καὶ</strong></span> <span class='ocrx_word' id='word_1_45' title='bbox 1467 786 1805 857; x_wconf 82' lang='grc' dir='ltr'><strong>ἀνωλέθρους</strong></span> <span class='ocrx_word' id='word_1_46' title='bbox 1834 787 1930 859; x_wconf 78' lang='grc' dir='ltr'>τὴν</span> 
     </span>
    </p>
   </div>
   <div class='ocr_carea' id='block_1_9' title="bbox 351 877 1929 954">
    <p class='ocr_par' dir='ltr' id='par_1_9' title="bbox 351 877 1929 954">
     <span class='ocr_line' id='line_1_9' title="bbox 351 877 1929 954; baseline -0.004 -19"><span class='ocrx_word' id='word_1_47' title='bbox 351 882 609 954; x_wconf 81' lang='grc' dir='ltr'>ὕπαρξιν,</span> <span class='ocrx_word' id='word_1_48' title='bbox 656 881 752 939; x_wconf 70' lang='grc' dir='ltr'>ἐὰν</span> <span class='ocrx_word' id='word_1_49' title='bbox 789 882 887 934; x_wconf 72' lang='grc' dir='ltr'><strong>καὶ</strong></span> <span class='ocrx_word' id='word_1_50' title='bbox 939 879 1116 950; x_wconf 79' lang='grc' dir='ltr'>φθορᾷ</span> <span class='ocrx_word' id='word_1_51' title='bbox 1162 877 1389 948; x_wconf 81' lang='grc' dir='ltr'><strong>γνώμης</strong></span> <span class='ocrx_word' id='word_1_52' title='bbox 1429 878 1505 949; x_wconf 84' lang='grc' dir='ltr'>μὴ</span> <span class='ocrx_word' id='word_1_53' title='bbox 1564 878 1929 940; x_wconf 82' lang='grc' dir='ltr'>ὑποπὲσωσιν,</span> 
     </span>
    </p>
   </div>
   <div class='ocr_carea' id='block_1_10' title="bbox 350 967 1930 1042">
    <p class='ocr_par' dir='ltr' id='par_1_10' title="bbox 350 967 1930 1042">
     <span class='ocr_line' id='line_1_10' title="bbox 350 967 1930 1042; baseline -0.005 -14"><span class='ocrx_word' id='word_1_54' title='bbox 350 974 494 1028; x_wconf 78' lang='grc' dir='ltr'>τοῦτ’</span> <span class='ocrx_word' id='word_1_55' title='bbox 521 973 689 1035; x_wconf 80' lang='grc' dir='ltr'>ἐστιν,</span> <span class='ocrx_word' id='word_1_56' title='bbox 716 973 764 1025; x_wconf 88' lang='grc' dir='ltr'><strong>εί</strong></span> <span class='ocrx_word' id='word_1_57' title='bbox 813 972 1074 1042; x_wconf 73' lang='grc' dir='ltr'>ἄτρεπτοι</span> <span class='ocrx_word' id='word_1_58' title='bbox 1106 967 1485 1040; x_wconf 82' lang='grc' dir='ltr'>διαμείνωσιν·</span> <span class='ocrx_word' id='word_1_59' title='bbox 1526 968 1587 1021; x_wconf 82' lang='grc' dir='ltr'>τὸ</span> <span class='ocrx_word' id='word_1_60' title='bbox 1624 969 1680 1022; x_wconf 83' lang='grc' dir='ltr'><strong>δὲ</strong></span> <span class='ocrx_word' id='word_1_61' title='bbox 1716 968 1930 1037; x_wconf 83' lang='grc' dir='ltr'>θνητὸν,</span> 
     </span>
    </p>
   </div>
   <div class='ocr_carea' id='block_1_11' title="bbox 351 1059 1933 1134">
    <p class='ocr_par' dir='ltr' id='par_1_11' title="bbox 351 1059 1933 1134">
     <span class='ocr_line' id='line_1_11' title="bbox 351 1059 1933 1134; baseline -0.003 -17"><span class='ocrx_word' id='word_1_62' title='bbox 351 1063 737 1134; x_wconf 78' lang='grc' dir='ltr'><strong>ἀντικειμένως</strong></span> <span class='ocrx_word' id='word_1_63' title='bbox 770 1061 965 1131; x_wconf 83' lang='grc' dir='ltr'>τούτῳ.</span> <span class='ocrx_word' id='word_1_64' title='bbox 1008 1059 1255 1115; x_wconf 75' lang='grc' dir='ltr'><strong>Καθόλου</strong></span> <span class='ocrx_word' id='word_1_65' title='bbox 1288 1060 1344 1115; x_wconf 79' lang='grc' dir='ltr'><strong>δὲ</strong></span> <span class='ocrx_word' id='word_1_66' title='bbox 1384 1059 1630 1113; x_wconf 72' lang='grc' dir='ltr'>ἐοίκασιν</span> <span class='ocrx_word' id='word_1_67' title='bbox 1676 1060 1726 1112; x_wconf 82' lang='grc' dir='ltr'>οἱ</span> <span class='ocrx_word' id='word_1_68' title='bbox 1758 1059 1933 1113; x_wconf 90' lang='grc' dir='ltr'>τοιοῦ-</span> 
     </span>
    </p>
   </div>
   <div class='ocr_carea' id='block_1_12' title="bbox 352 1150 1933 1226">
    <p class='ocr_par' dir='ltr' id='par_1_12' title="bbox 352 1150 1933 1226">
     <span class='ocr_line' id='line_1_12' title="bbox 352 1150 1933 1226; baseline -0.003 -18"><span class='ocrx_word' id='word_1_69' title='bbox 352 1174 433 1209; x_wconf 84' lang='grc' dir='ltr'><strong>τοι</strong></span> <span class='ocrx_word' id='word_1_70' title='bbox 478 1155 554 1226; x_wconf 82' lang='grc' dir='ltr'>μὴ</span> <span class='ocrx_word' id='word_1_71' title='bbox 584 1154 876 1223; x_wconf 79' lang='grc' dir='ltr'>γινώσκειν</span> <span class='ocrx_word' id='word_1_72' title='bbox 903 1152 973 1205; x_wconf 71' lang='grc' dir='ltr'><strong>τὰ</strong></span> <span class='ocrx_word' id='word_1_73' title='bbox 1011 1151 1383 1222; x_wconf 83' lang='grc' dir='ltr'><strong>ἀντιστρόφως</strong></span> <span class='ocrx_word' id='word_1_74' title='bbox 1415 1150 1702 1221; x_wconf 88' lang='grc' dir='ltr'>λεγόμενα,</span> <span class='ocrx_word' id='word_1_75' title='bbox 1737 1151 1832 1206; x_wconf 81' lang='grc' dir='ltr'><strong>καὶ</strong></span> <span class='ocrx_word' id='word_1_76' title='bbox 1856 1151 1933 1216; x_wconf 82' lang='grc' dir='ltr'>ὡς</span> 
     </span>
    </p>
   </div>
   <div class='ocr_carea' id='block_1_13' title="bbox 352 1243 1933 1317">
    <p class='ocr_par' dir='ltr' id='par_1_13' title="bbox 352 1243 1933 1317">
     <span class='ocr_line' id='line_1_13' title="bbox 352 1243 1933 1317; baseline -0.002 -16"><span class='ocrx_word' id='word_1_77' title='bbox 352 1249 415 1301; x_wconf 84' lang='grc' dir='ltr'><strong>οὑ</strong></span> <span class='ocrx_word' id='word_1_78' title='bbox 458 1249 636 1300; x_wconf 80' lang='grc' dir='ltr'>πάντα</span> <span class='ocrx_word' id='word_1_79' title='bbox 666 1247 735 1299; x_wconf 80' lang='grc' dir='ltr'>τὰ</span> <span class='ocrx_word' id='word_1_80' title='bbox 782 1245 1092 1317; x_wconf 83' lang='grc' dir='ltr'><strong>ὁμωνύμως</strong></span> <span class='ocrx_word' id='word_1_81' title='bbox 1137 1244 1279 1299; x_wconf 74' lang='grc' dir='ltr'><strong>κατά</strong></span> <span class='ocrx_word' id='word_1_82' title='bbox 1335 1260 1497 1297; x_wconf 87' lang='grc' dir='ltr'>τινων</span> <span class='ocrx_word' id='word_1_83' title='bbox 1533 1243 1800 1314; x_wconf 85' lang='grc' dir='ltr'>λεγόμενα</span> <span class='ocrx_word' id='word_1_84' title='bbox 1833 1245 1933 1298; x_wconf 79' lang='grc' dir='ltr'><strong>πέ-</strong></span> 
     </span>
    </p>
   </div>
   <div class='ocr_carea' id='block_1_14' title="bbox 354 1334 1936 1410">
    <p class='ocr_par' dir='ltr' id='par_1_14' title="bbox 354 1334 1936 1410">
     <span class='ocr_line' id='line_1_14' title="bbox 354 1334 1936 1410; baseline -0.002 -20"><span class='ocrx_word' id='word_1_85' title='bbox 354 1356 527 1409; x_wconf 82' lang='grc' dir='ltr'>φυκεν</span> <span class='ocrx_word' id='word_1_86' title='bbox 580 1338 976 1410; x_wconf 80' lang='grc' dir='ltr'>ἀντιστρέφειν.</span> <span class='ocrx_word' id='word_1_87' title='bbox 1031 1337 1090 1389; x_wconf 88' lang='grc' dir='ltr'>Ὁ</span> <span class='ocrx_word' id='word_1_88' title='bbox 1142 1335 1242 1405; x_wconf 81' lang='grc' dir='ltr'>μὲν</span> <span class='ocrx_word' id='word_1_89' title='bbox 1301 1334 1412 1406; x_wconf 82' lang='grc' dir='ltr'><strong>γὰρ</strong></span> <span class='ocrx_word' id='word_1_90' title='bbox 1461 1334 1594 1398; x_wconf 82' lang='grc' dir='ltr'>Θεὸς</span> <span class='ocrx_word' id='word_1_91' title='bbox 1664 1334 1936 1398; x_wconf 79' lang='grc' dir='ltr'><strong>παντοίως</strong></span> 
     </span>
    </p>
   </div>
   <div class='ocr_carea' id='block_1_15' title="bbox 356 1424 1937 1506">
    <p class='ocr_par' dir='ltr' id='par_1_15' title="bbox 356 1424 1937 1506">
     <span class='ocr_line' id='line_1_15' title="bbox 356 1424 1937 1506; baseline -0.003 -23"><span class='ocrx_word' id='word_1_92' title='bbox 356 1430 642 1492; x_wconf 64' lang='grc' dir='ltr'>ἀθάνατος,</span> <span class='ocrx_word' id='word_1_93' title='bbox 668 1428 730 1481; x_wconf 81' lang='grc' dir='ltr'><strong>οὑ</strong></span> <span class='ocrx_word' id='word_1_94' title='bbox 761 1428 866 1499; x_wconf 83' lang='grc' dir='ltr'>μὴν</span> <span class='ocrx_word' id='word_1_95' title='bbox 895 1427 956 1480; x_wconf 81' lang='grc' dir='ltr'>τὸ</span> <span class='ocrx_word' id='word_1_96' title='bbox 981 1425 1247 1480; x_wconf 80' lang='grc' dir='ltr'>ἀθάνατον</span> <span class='ocrx_word' id='word_1_97' title='bbox 1270 1424 1396 1497; x_wconf 68' lang='grc' dir='ltr'>ἤδη.</span> <span class='ocrx_word' id='word_1_98' title='bbox 1425 1424 1569 1495; x_wconf 80' lang='grc' dir='ltr'>Πρὸς</span> <span class='ocrx_word' id='word_1_99' title='bbox 1595 1424 1653 1478; x_wconf 81' lang='grc' dir='ltr'><strong>δὲ</strong></span> <span class='ocrx_word' id='word_1_100' title='bbox 1683 1424 1746 1481; x_wconf 82' lang='grc' dir='ltr'>τὸ</span> <span class='ocrx_word' id='word_1_101' title='bbox 1777 1424 1937 1506; x_wconf 62' lang='grc' dir='ltr'>ᾲόρα-</span> 
     </span>
    </p>
   </div>
   <div class='ocr_carea' id='block_1_16' title="bbox 356 1513 1932 1590">
    <p class='ocr_par' dir='ltr' id='par_1_16' title="bbox 356 1513 1932 1590">
     <span class='ocr_line' id='line_1_16' title="bbox 356 1513 1932 1590; baseline -0.005 -16"><span class='ocrx_word' id='word_1_102' title='bbox 356 1538 469 1585; x_wconf 86' lang='grc' dir='ltr'>τον,</span> <span class='ocrx_word' id='word_1_103' title='bbox 499 1520 607 1573; x_wconf 75' lang='grc' dir='ltr'>είσὶ</span> <span class='ocrx_word' id='word_1_104' title='bbox 675 1520 775 1590; x_wconf 79' lang='grc' dir='ltr'>μὲν</span> <span class='ocrx_word' id='word_1_105' title='bbox 806 1517 936 1590; x_wconf 72' lang='lat' dir='ltr'><strong>{I79</strong></span> <span class='ocrx_word' id='word_1_106' title='bbox 960 1515 1016 1587; x_wconf 68' lang='grc' dir='ltr'><strong>α’)</strong></span> <span class='ocrx_word' id='word_1_107' title='bbox 1049 1516 1145 1570; x_wconf 84' lang='grc' dir='ltr'><strong>καὶ</strong></span> <span class='ocrx_word' id='word_1_108' title='bbox 1177 1515 1235 1569; x_wconf 84' lang='grc' dir='ltr'>αἱ</span> <span class='ocrx_word' id='word_1_109' title='bbox 1268 1514 1439 1585; x_wconf 73' lang='grc' dir='ltr'>ψυχαὶ</span> <span class='ocrx_word' id='word_1_110' title='bbox 1480 1516 1573 1569; x_wconf 76' lang='grc' dir='ltr'><strong>καὶ</strong></span> <span class='ocrx_word' id='word_1_111' title='bbox 1605 1516 1653 1568; x_wconf 87' lang='grc' dir='ltr'><strong>οί</strong></span> <span class='ocrx_word' id='word_1_112' title='bbox 1680 1513 1932 1587; x_wconf 79' lang='grc' dir='ltr'>ἄγγελοι,</span> 
     </span>
    </p>
   </div>
   <div class='ocr_carea' id='block_1_17' title="bbox 358 1602 1938 1680">
    <p class='ocr_par' dir='ltr' id='par_1_17' title="bbox 358 1602 1938 1680">
     <span class='ocr_line' id='line_1_17' title="bbox 358 1602 1938 1680; baseline -0.005 -16"><span class='ocrx_word' id='word_1_113' title='bbox 358 1612 579 1680; x_wconf 79' lang='grc' dir='ltr'><strong>ἀόρατοι</strong></span> <span class='ocrx_word' id='word_1_114' title='bbox 618 1607 719 1679; x_wconf 83' lang='grc' dir='ltr'>μὲν</span> <span class='ocrx_word' id='word_1_115' title='bbox 748 1607 826 1678; x_wconf 84' lang='grc' dir='ltr'><strong>τῷ</strong></span> <span class='ocrx_word' id='word_1_116' title='bbox 852 1604 1117 1676; x_wconf 78' lang='grc' dir='ltr'><strong>ὀφθαλμῷ</strong></span> <span class='ocrx_word' id='word_1_117' title='bbox 1138 1603 1233 1659; x_wconf 82' lang='grc' dir='ltr'>τοῦ</span> <span class='ocrx_word' id='word_1_118' title='bbox 1272 1602 1526 1674; x_wconf 80' lang='grc' dir='ltr'>σώματος</span> <span class='ocrx_word' id='word_1_119' title='bbox 1555 1602 1738 1675; x_wconf 82' lang='grc' dir='ltr'>ἡμῶν,</span> <span class='ocrx_word' id='word_1_120' title='bbox 1771 1605 1830 1657; x_wconf 80' lang='grc' dir='ltr'>ὲν</span> <span class='ocrx_word' id='word_1_121' title='bbox 1860 1602 1938 1673; x_wconf 82' lang='grc' dir='ltr'><strong>τῷ</strong></span> 
     </span>
    </p>
   </div>
   <div class='ocr_carea' id='block_1_18' title="bbox 360 1693 1936 1769">
    <p class='ocr_par' dir='ltr' id='par_1_18' title="bbox 360 1693 1936 1769">
     <span class='ocr_line' id='line_1_18' title="bbox 360 1693 1936 1769; baseline -0.006 -14"><span class='ocrx_word' id='word_1_122' title='bbox 360 1698 499 1755; x_wconf 65' lang='grc' dir='ltr'>εἶναι</span> <span class='ocrx_word' id='word_1_123' title='bbox 524 1699 683 1762; x_wconf 76' lang='grc' dir='ltr'>ἐκτὸς</span> <span class='ocrx_word' id='word_1_124' title='bbox 711 1697 821 1751; x_wconf 85' lang='grc' dir='ltr'><strong>τῶν</strong></span> <span class='ocrx_word' id='word_1_125' title='bbox 848 1696 1060 1769; x_wconf 83' lang='grc' dir='ltr'>ὁρατῶν</span> <span class='ocrx_word' id='word_1_126' title='bbox 1090 1694 1395 1765; x_wconf 74' lang='grc' dir='ltr'><strong>ἰδιωμάτων</strong></span> <span class='ocrx_word' id='word_1_127' title='bbox 1428 1695 1595 1767; x_wconf 77' lang='grc' dir='ltr'>(φημὶ</span> <span class='ocrx_word' id='word_1_128' title='bbox 1626 1693 1936 1766; x_wconf 83' lang='grc' dir='ltr'>χρώματος,</span> 
     </span>
    </p>
   </div>
   <div class='ocr_carea' id='block_1_19' title="bbox 362 1786 1939 1865">
    <p class='ocr_par' dir='ltr' id='par_1_19' title="bbox 362 1786 1939 1865">
     <span class='ocr_line' id='line_1_19' title="bbox 362 1786 1939 1865; baseline -0.006 -18"><span class='ocrx_word' id='word_1_129' title='bbox 362 1796 671 1865; x_wconf 85' lang='grc' dir='ltr'>σχήματος,</span> <span class='ocrx_word' id='word_1_130' title='bbox 728 1789 1064 1862; x_wconf 83' lang='grc' dir='ltr'>μεγέθους),</span> <span class='ocrx_word' id='word_1_131' title='bbox 1111 1788 1302 1859; x_wconf 62' lang='lat' dir='ltr'><strong>opm-ot</strong></span> <span class='ocrx_word' id='word_1_132' title='bbox 1348 1786 1407 1840; x_wconf 80' lang='grc' dir='ltr'><strong>δὲ</strong></span> <span class='ocrx_word' id='word_1_133' title='bbox 1454 1786 1532 1857; x_wconf 80' lang='grc' dir='ltr'>τῷ</span> <span class='ocrx_word' id='word_1_134' title='bbox 1579 1786 1679 1857; x_wconf 79' lang='grc' dir='ltr'>νῷ,</span> <span class='ocrx_word' id='word_1_135' title='bbox 1721 1786 1752 1839; x_wconf 79' lang='grc' dir='ltr'><strong>ὃ</strong></span> <span class='ocrx_word' id='word_1_136' title='bbox 1791 1787 1939 1839; x_wconf 78' lang='grc' dir='ltr'>ἐστιν</span> 
     </span>
    </p>
   </div>
   <div class='ocr_carea' id='block_1_20' title="bbox 358 1858 2013 1957">
    <p class='ocr_par' dir='ltr' id='par_1_20' title="bbox 358 1858 2013 1957">
     <span class='ocr_line' id='line_1_20' title="bbox 358 1858 2013 1957; baseline -0.008 -17"><span class='ocrx_word' id='word_1_137' title='bbox 358 1858 517 1957; x_wconf 57' lang='grc' dir='ltr'><strong>δέλεὶά</strong></span> <span class='ocrx_word' id='word_1_138' title='bbox 549 1884 651 1954; x_wconf 79' lang='grc' dir='ltr'>τῆς</span> <span class='ocrx_word' id='word_1_139' title='bbox 679 1858 890 1957; x_wconf 72' lang='grc' dir='ltr'>ψυχῆς·</span> <span class='ocrx_word' id='word_1_140' title='bbox 924 1881 1111 1951; x_wconf 73' lang='grc' dir='ltr'>ἐπειδὴ</span> <span class='ocrx_word' id='word_1_141' title='bbox 1260 1877 1561 1945; x_wconf 82' lang='grc' dir='ltr'>ἀνέφικτοι,</span> <span class='ocrx_word' id='word_1_142' title='bbox 1594 1876 1691 1930; x_wconf 83' lang='grc' dir='ltr'>ἆτε</span> <span class='ocrx_word' id='word_1_143' title='bbox 1732 1876 1940 1929; x_wconf 77' lang='grc' dir='ltr'>κτιστοὶ</span> <span class='ocrx_word' id='word_1_144' title='bbox 1972 1858 2013 1912; x_wconf 72' lang='grc' dir='ltr'><strong>Β</strong></span> 
     </span>
    </p>
   </div>
   <div class='ocr_carea' id='block_1_21' title="bbox 358 1967 1938 2047">
    <p class='ocr_par' dir='ltr' id='par_1_21' title="bbox 358 1967 1938 2047">
     <span class='ocr_line' id='line_1_21' title="bbox 358 1967 1938 2047; baseline -0.004 -19"><span class='ocrx_word' id='word_1_145' title='bbox 358 1978 460 2047; x_wconf 82' lang='grc' dir='ltr'>τὴν</span> <span class='ocrx_word' id='word_1_146' title='bbox 498 1973 731 2046; x_wconf 78' lang='grc' dir='ltr'>ὕπαρξίν</span> <span class='ocrx_word' id='word_1_147' title='bbox 781 1976 943 2038; x_wconf 80' lang='grc' dir='ltr'>εἰσιν,</span> <span class='ocrx_word' id='word_1_148' title='bbox 970 1972 1085 2025; x_wconf 73' lang='grc' dir='ltr'><strong>ἀλλ’</strong></span> <span class='ocrx_word' id='word_1_149' title='bbox 1116 1970 1263 2023; x_wconf 80' lang='grc' dir='ltr'>ἔστιν</span> <span class='ocrx_word' id='word_1_150' title='bbox 1293 1970 1427 2040; x_wconf 77' lang='grc' dir='ltr'>ἡμῖν</span> <span class='ocrx_word' id='word_1_151' title='bbox 1455 1967 1640 2038; x_wconf 81' lang='grc' dir='ltr'>νόησις</span> <span class='ocrx_word' id='word_1_152' title='bbox 1682 1970 1810 2039; x_wconf 82' lang='grc' dir='ltr'>περὶ</span> <span class='ocrx_word' id='word_1_153' title='bbox 1842 1968 1938 2021; x_wconf 86' lang='grc' dir='ltr'><strong>αὐ-</strong></span> 
     </span>
    </p>
   </div>
   <div class='ocr_carea' id='block_1_22' title="bbox 360 2055 1938 2129">
    <p class='ocr_par' dir='ltr' id='par_1_22' title="bbox 360 2055 1938 2129">
     <span class='ocr_line' id='line_1_22' title="bbox 360 2055 1938 2129; baseline -0.004 -13"><span class='ocrx_word' id='word_1_154' title='bbox 360 2061 487 2117; x_wconf 86' lang='grc' dir='ltr'>τῶν.</span> <span class='ocrx_word' id='word_1_155' title='bbox 529 2063 727 2125; x_wconf 76' lang='grc' dir='ltr'>Ὥστε,</span> <span class='ocrx_word' id='word_1_156' title='bbox 779 2062 830 2113; x_wconf 86' lang='grc' dir='ltr'><strong>εί</strong></span> <span class='ocrx_word' id='word_1_157' title='bbox 894 2060 986 2113; x_wconf 72' lang='grc' dir='ltr'><strong>καὶ</strong></span> <span class='ocrx_word' id='word_1_158' title='bbox 1047 2056 1185 2112; x_wconf 69' lang='grc' dir='ltr'>κατὰ</span> <span class='ocrx_word' id='word_1_159' title='bbox 1257 2055 1564 2129; x_wconf 77' lang='grc' dir='ltr'>προσϐολὴν</span> <span class='ocrx_word' id='word_1_160' title='bbox 1630 2055 1938 2127; x_wconf 72' lang='grc' dir='ltr'>αἰσθήσεως</span> 
     </span>
    </p>
   </div>
   <div class='ocr_carea' id='block_1_23' title="bbox 361 2142 1939 2223">
    <p class='ocr_par' dir='ltr' id='par_1_23' title="bbox 361 2142 1939 2223">
     <span class='ocr_line' id='line_1_23' title="bbox 361 2142 1939 2223; baseline -0.005 -16"><span class='ocrx_word' id='word_1_161' title='bbox 361 2151 637 2223; x_wconf 72' lang='grc' dir='ltr'><strong>ὀφθαλμοῦ</strong></span> <span class='ocrx_word' id='word_1_162' title='bbox 667 2151 912 2222; x_wconf 72' lang='grc' dir='ltr'>ὄμματος</span> <span class='ocrx_word' id='word_1_163' title='bbox 943 2150 1184 2221; x_wconf 82' lang='grc' dir='ltr'>ἀόρατοι,</span> <span class='ocrx_word' id='word_1_164' title='bbox 1208 2148 1321 2202; x_wconf 86' lang='grc' dir='ltr'>ἀλλ’</span> <span class='ocrx_word' id='word_1_165' title='bbox 1350 2142 1444 2201; x_wconf 79' lang='grc' dir='ltr'>οὖν</span> <span class='ocrx_word' id='word_1_166' title='bbox 1477 2147 1617 2202; x_wconf 79' lang='grc' dir='ltr'>κατὰ</span> <span class='ocrx_word' id='word_1_167' title='bbox 1654 2147 1939 2217; x_wconf 75' lang='grc' dir='ltr'>ἀντίληψιν</span> 
     </span>
    </p>
   </div>
   <div class='ocr_carea' id='block_1_24' title="bbox 361 2238 1937 2316">
    <p class='ocr_par' dir='ltr' id='par_1_24' title="bbox 361 2238 1937 2316">
     <span class='ocr_line' id='line_1_24' title="bbox 361 2238 1937 2316; baseline -0.004 -16"><span class='ocrx_word' id='word_1_168' title='bbox 361 2244 595 2316; x_wconf 83' lang='grc' dir='ltr'>θεωρίας</span> <span class='ocrx_word' id='word_1_169' title='bbox 654 2241 1085 2312; x_wconf 81' lang='grc' dir='ltr'>ἑπιστημονικῆς</span> <span class='ocrx_word' id='word_1_170' title='bbox 1133 2238 1319 2311; x_wconf 84' lang='grc' dir='ltr'>όρατοί</span> <span class='ocrx_word' id='word_1_171' title='bbox 1381 2241 1540 2293; x_wconf 83' lang='grc' dir='ltr'>εἰσιν.</span> <span class='ocrx_word' id='word_1_172' title='bbox 1585 2238 1643 2292; x_wconf 89' lang='grc' dir='ltr'>Ὁ</span> <span class='ocrx_word' id='word_1_173' title='bbox 1689 2238 1747 2291; x_wconf 84' lang='grc' dir='ltr'><strong>δὲ</strong></span> <span class='ocrx_word' id='word_1_174' title='bbox 1799 2238 1937 2304; x_wconf 84' lang='grc' dir='ltr'>Θεὸς</span> 
     </span>
    </p>
   </div>
   <div class='ocr_carea' id='block_1_25' title="bbox 363 2330 1942 2403">
    <p class='ocr_par' dir='ltr' id='par_1_25' title="bbox 363 2330 1942 2403">
     <span class='ocr_line' id='line_1_25' title="bbox 363 2330 1942 2403; baseline 0.003 -21"><span class='ocrx_word' id='word_1_175' title='bbox 363 2330 506 2401; x_wconf 80' lang='grc' dir='ltr'>ὑπὲρ</span> <span class='ocrx_word' id='word_1_176' title='bbox 538 2331 600 2383; x_wconf 85' lang='grc' dir='ltr'>τὸ</span> <span class='ocrx_word' id='word_1_177' title='bbox 636 2332 887 2403; x_wconf 79' lang='grc' dir='ltr'>ἀόρατον,</span> <span class='ocrx_word' id='word_1_178' title='bbox 916 2332 1012 2385; x_wconf 81' lang='grc' dir='ltr'><strong>καὶ</strong></span> <span class='ocrx_word' id='word_1_179' title='bbox 1040 2330 1433 2401; x_wconf 80' lang='grc' dir='ltr'>ἀφανέστατον,</span> <span class='ocrx_word' id='word_1_180' title='bbox 1461 2330 1558 2384; x_wconf 76' lang='grc' dir='ltr'><strong>καὶ</strong></span> <span class='ocrx_word' id='word_1_181' title='bbox 1590 2330 1732 2402; x_wconf 81' lang='grc' dir='ltr'>ὑπὲρ</span> <span class='ocrx_word' id='word_1_182' title='bbox 1762 2331 1942 2401; x_wconf 75' lang='grc' dir='ltr'>πάντα</span> 
     </span>
    </p>
   </div>
   <div class='ocr_carea' id='block_1_26' title="bbox 364 2419 1946 2491">
    <p class='ocr_par' dir='ltr' id='par_1_26' title="bbox 364 2419 1946 2491">
     <span class='ocr_line' id='line_1_26' title="bbox 364 2419 1946 2491; baseline 0.001 -19"><span class='ocrx_word' id='word_1_183' title='bbox 364 2420 491 2473; x_wconf 78' lang='grc' dir='ltr'>νοῦν</span> <span class='ocrx_word' id='word_1_184' title='bbox 529 2420 809 2491; x_wconf 78' lang='grc' dir='ltr'>ὑπάρχων,</span> <span class='ocrx_word' id='word_1_185' title='bbox 856 2421 919 2473; x_wconf 83' lang='grc' dir='ltr'><strong>οὑ</strong></span> <span class='ocrx_word' id='word_1_186' title='bbox 959 2419 1119 2491; x_wconf 86' lang='grc' dir='ltr'>μόνον</span> <span class='ocrx_word' id='word_1_187' title='bbox 1159 2419 1300 2491; x_wconf 77' lang='grc' dir='ltr'>ὕψει,</span> <span class='ocrx_word' id='word_1_188' title='bbox 1341 2420 1437 2474; x_wconf 74' lang='grc' dir='ltr'><strong>καὶ</strong></span> <span class='ocrx_word' id='word_1_189' title='bbox 1479 2419 1717 2482; x_wconf 82' lang='grc' dir='ltr'>συνόλως</span> <span class='ocrx_word' id='word_1_190' title='bbox 1754 2420 1946 2490; x_wconf 78' lang='grc' dir='ltr'>αἰσθή-</span> 
     </span>
    </p>
   </div>
   <div class='ocr_carea' id='block_1_27' title="bbox 367 2509 1945 2583">
    <p class='ocr_par' dir='ltr' id='par_1_27' title="bbox 367 2509 1945 2583">
     <span class='ocr_line' id='line_1_27' title="bbox 367 2509 1945 2583; baseline 0.001 -20"><span class='ocrx_word' id='word_1_191' title='bbox 367 2527 471 2574; x_wconf 85' lang='grc' dir='ltr'>σει,</span> <span class='ocrx_word' id='word_1_192' title='bbox 512 2511 587 2581; x_wconf 59' lang='lat' dir='ltr'><strong>pi;</strong></span> <span class='ocrx_word' id='word_1_193' title='bbox 623 2513 972 2577; x_wconf 81' lang='grc' dir='ltr'>ὑποπίπτειν,</span> <span class='ocrx_word' id='word_1_194' title='bbox 1002 2511 1141 2565; x_wconf 80' lang='grc' dir='ltr'>ἀλλὰ</span> <span class='ocrx_word' id='word_1_195' title='bbox 1181 2512 1320 2583; x_wconf 80' lang='grc' dir='ltr'>μήτε</span> <span class='ocrx_word' id='word_1_196' title='bbox 1357 2511 1434 2583; x_wconf 86' lang='grc' dir='ltr'>νῷ</span> <span class='ocrx_word' id='word_1_197' title='bbox 1479 2509 1659 2565; x_wconf 70' lang='grc' dir='ltr'>αὐτῶν</span> <span class='ocrx_word' id='word_1_198' title='bbox 1697 2511 1945 2579; x_wconf 80' lang='grc' dir='ltr'>ἀγγέλων</span> 
     </span>
    </p>
   </div>
   <div class='ocr_carea' id='block_1_28' title="bbox 365 2601 1948 2673">
    <p class='ocr_par' dir='ltr' id='par_1_28' title="bbox 365 2601 1948 2673">
     <span class='ocr_line' id='line_1_28' title="bbox 365 2601 1948 2673; baseline 0.001 -21"><span class='ocrx_word' id='word_1_199' title='bbox 365 2601 670 2671; x_wconf 76' lang='grc' dir='ltr'>ἐνορᾶσθαι,</span> <span class='ocrx_word' id='word_1_200' title='bbox 706 2601 798 2655; x_wconf 85' lang='grc' dir='ltr'><strong>διὰ</strong></span> <span class='ocrx_word' id='word_1_201' title='bbox 835 2602 897 2655; x_wconf 83' lang='grc' dir='ltr'>τὸ</span> <span class='ocrx_word' id='word_1_202' title='bbox 937 2602 1325 2672; x_wconf 80' lang='grc' dir='ltr'>ἀκατάληπτον</span> <span class='ocrx_word' id='word_1_203' title='bbox 1361 2601 1455 2656; x_wconf 77' lang='grc' dir='ltr'><strong>καὶ</strong></span> <span class='ocrx_word' id='word_1_204' title='bbox 1492 2601 1808 2673; x_wconf 82' lang='grc' dir='ltr'>ἀπρόσιτον,</span> <span class='ocrx_word' id='word_1_205' title='bbox 1850 2602 1948 2655; x_wconf 79' lang='grc' dir='ltr'><strong>πέ-</strong></span> 
     </span>
    </p>
   </div>
   <div class='ocr_carea' id='block_1_29' title="bbox 367 2692 1944 2766">
    <p class='ocr_par' dir='ltr' id='par_1_29' title="bbox 367 2692 1944 2766">
     <span class='ocr_line' id='line_1_29' title="bbox 367 2692 1944 2766; baseline 0.003 -23"><span class='ocrx_word' id='word_1_206' title='bbox 367 2708 556 2759; x_wconf 83' lang='grc' dir='ltr'>φυκεν.</span> <span class='ocrx_word' id='word_1_207' title='bbox 584 2694 707 2748; x_wconf 86' lang='grc' dir='ltr'>Ὅτι</span> <span class='ocrx_word' id='word_1_208' title='bbox 752 2695 850 2765; x_wconf 80' lang='grc' dir='ltr'>μὲν</span> <span class='ocrx_word' id='word_1_209' title='bbox 878 2694 987 2766; x_wconf 73' lang='grc' dir='ltr'><strong>γὰρ</strong></span> <span class='ocrx_word' id='word_1_210' title='bbox 1026 2693 1145 2749; x_wconf 76' lang='grc' dir='ltr'>ἐστι</span> <span class='ocrx_word' id='word_1_211' title='bbox 1191 2693 1347 2760; x_wconf 80' lang='grc' dir='ltr'>Θεὸς,</span> <span class='ocrx_word' id='word_1_212' title='bbox 1375 2696 1511 2749; x_wconf 76' lang='grc' dir='ltr'>πᾶσι</span> <span class='ocrx_word' id='word_1_213' title='bbox 1548 2692 1855 2766; x_wconf 83' lang='grc' dir='ltr'>γνώριμον·</span> <span class='ocrx_word' id='word_1_214' title='bbox 1890 2693 1944 2747; x_wconf 91' lang='grc' dir='ltr'><strong>τί</strong></span> 
     </span>
    </p>
   </div>
   <div class='ocr_carea' id='block_1_30' title="bbox 364 2781 1943 2855">
    <p class='ocr_par' dir='ltr' id='par_1_30' title="bbox 364 2781 1943 2855">
     <span class='ocr_line' id='line_1_30' title="bbox 364 2781 1943 2855; baseline 0.004 -22"><span class='ocrx_word' id='word_1_215' title='bbox 364 2781 441 2844; x_wconf 80' lang='grc' dir='ltr'>δὲ,</span> <span class='ocrx_word' id='word_1_216' title='bbox 469 2781 502 2852; x_wconf 82' lang='grc' dir='ltr'>ἢ</span> <span class='ocrx_word' id='word_1_217' title='bbox 535 2782 652 2844; x_wconf 84' lang='grc' dir='ltr'>πῶς</span> <span class='ocrx_word' id='word_1_218' title='bbox 678 2784 910 2854; x_wconf 81' lang='grc' dir='ltr'>ὑπάρχει</span> <span class='ocrx_word' id='word_1_219' title='bbox 944 2784 1238 2855; x_wconf 83' lang='grc' dir='ltr'>θεωρῆσαι,</span> <span class='ocrx_word' id='word_1_220' title='bbox 1279 2783 1499 2837; x_wconf 71' lang='grc' dir='ltr'>πάντων</span> <span class='ocrx_word' id='word_1_221' title='bbox 1535 2783 1646 2841; x_wconf 85' lang='grc' dir='ltr'><strong>τῶν</strong></span> <span class='ocrx_word' id='word_1_222' title='bbox 1694 2782 1943 2853; x_wconf 83' lang='grc' dir='ltr'>φυσικῶν</span> 
     </span>
    </p>
   </div>
   <div class='ocr_carea' id='block_1_31' title="bbox 362 2871 1937 2947">
    <p class='ocr_par' dir='ltr' id='par_1_31' title="bbox 362 2871 1937 2947">
     <span class='ocr_line' id='line_1_31' title="bbox 362 2871 1937 2947; baseline 0.003 -25"><span class='ocrx_word' id='word_1_223' title='bbox 362 2871 799 2927; x_wconf 77' lang='grc' dir='ltr'>δυσαλωτότατον</span> <span class='ocrx_word' id='word_1_224' title='bbox 832 2874 1191 2945; x_wconf 78' lang='grc' dir='ltr'>καθέστηκεν.</span> <span class='ocrx_word' id='word_1_225' title='bbox 1227 2872 1403 2946; x_wconf 83' lang='grc' dir='ltr'><strong>’ορθῷ</strong></span> <span class='ocrx_word' id='word_1_226' title='bbox 1444 2873 1541 2927; x_wconf 79' lang='grc' dir='ltr'>οὖν</span> <span class='ocrx_word' id='word_1_227' title='bbox 1583 2872 1937 2947; x_wconf 75' lang='grc' dir='ltr'>πρωερρήθη</span> 
     </span>
    </p>
   </div>
   <div class='ocr_carea' id='block_1_32' title="bbox 365 2962 1939 3037">
    <p class='ocr_par' dir='ltr' id='par_1_32' title="bbox 365 2962 1939 3037">
     <span class='ocr_line' id='line_1_32' title="bbox 365 2962 1939 3037; baseline 0.003 -22"><span class='ocrx_word' id='word_1_228' title='bbox 365 2964 552 3035; x_wconf 82' lang='grc' dir='ltr'>τρόπῳ</span> <span class='ocrx_word' id='word_1_229' title='bbox 593 2964 670 3035; x_wconf 83' lang='grc' dir='ltr'>τῷ</span> <span class='ocrx_word' id='word_1_230' title='bbox 722 2965 1001 3037; x_wconf 70' lang='grc' dir='ltr'>εἰρημένῳ</span> <span class='ocrx_word' id='word_1_231' title='bbox 1052 2982 1072 3017; x_wconf 73' lang='grc' dir='ltr'><strong>ι</strong></span> <span class='ocrx_word' id='word_1_232' title='bbox 1102 2962 1266 3037; x_wconf 81' lang='grc' dir='ltr'>μόνος</span> <span class='ocrx_word' id='word_1_233' title='bbox 1321 2964 1610 3030; x_wconf 82' lang='grc' dir='ltr'>ἀθάνατος,</span> <span class='ocrx_word' id='word_1_234' title='bbox 1665 2964 1831 3035; x_wconf 70' lang='grc' dir='ltr'>σοφός</span> <span class='ocrx_word' id='word_1_235' title='bbox 1877 2981 1939 3019; x_wconf 87' lang='grc' dir='ltr'><strong>τε</strong></span> 
     </span>
    </p>
   </div>
   <div class='ocr_carea' id='block_1_33' title="bbox 366 3054 963 3128">
    <p class='ocr_par' dir='ltr' id='par_1_33' title="bbox 366 3054 963 3128">
     <span class='ocr_line' id='line_1_33' title="bbox 366 3054 963 3128; baseline 0.005 -22"><span class='ocrx_word' id='word_1_236' title='bbox 366 3054 519 3118; x_wconf 73' lang='grc' dir='ltr'>Θεὸς,</span> <span class='ocrx_word' id='word_1_237' title='bbox 546 3056 640 3108; x_wconf 77' lang='grc' dir='ltr'><strong>καὶ</strong></span> <span class='ocrx_word' id='word_1_238' title='bbox 669 3056 919 3128; x_wconf 84' lang='grc' dir='ltr'>ἀόρατος.</span> <span class='ocrx_word' id='word_1_239' title='bbox 942 3075 963 3109; x_wconf 75' lang='grc' dir='ltr'><strong>ι</strong></span> 
     </span>
    </p>
   </div>
   <div class='ocr_carea' id='block_1_34' title="bbox 2034 604 3611 673">
    <p class='ocr_par' dir='ltr' id='par_1_34' title="bbox 2034 604 3611 673">
     <span class='ocr_line' id='line_1_34' title="bbox 2034 604 3611 673; baseline -0.003 -14"><span class='ocrx_word' id='word_1_240' title='bbox 2034 620 2155 660; x_wconf 93' lang='lat' dir='ltr'><strong>nem</strong></span> <span class='ocrx_word' id='word_1_241' title='bbox 2208 605 2485 667; x_wconf 74' lang='lat' dir='ltr'><strong>dividitur,</strong></span> <span class='ocrx_word' id='word_1_242' title='bbox 2545 611 2599 658; x_wconf 90' lang='lat' dir='ltr'><strong>et</strong></span> <span class='ocrx_word' id='word_1_243' title='bbox 2636 604 2846 658; x_wconf 89' lang='lat' dir='ltr'><strong>mortali</strong></span> <span class='ocrx_word' id='word_1_244' title='bbox 2906 604 3209 659; x_wconf 85' lang='lat' dir='ltr'><strong>immortale</strong></span> <span class='ocrx_word' id='word_1_245' title='bbox 3259 620 3322 659; x_wconf 76' lang='lat' dir='ltr'><strong>ex</strong></span> <span class='ocrx_word' id='word_1_246' title='bbox 3364 605 3611 673; x_wconf 72' lang='lat' dir='ltr'><strong>opposim</strong></span> 
     </span>
    </p>
   </div>
   <div class='ocr_carea' id='block_1_35' title="bbox 2035 694 3610 766">
    <p class='ocr_par' dir='ltr' id='par_1_35' title="bbox 2035 694 3610 766">
     <span class='ocr_line' id='line_1_35' title="bbox 2035 694 3610 766; baseline -0.001 -17"><span class='ocrx_word' id='word_1_247' title='bbox 2035 697 2361 766; x_wconf 81' lang='lat' dir='ltr'><strong>respondet:</strong></span> <span class='ocrx_word' id='word_1_248' title='bbox 2394 704 2448 750; x_wconf 89' lang='lat' dir='ltr'><strong>et</strong></span> <span class='ocrx_word' id='word_1_249' title='bbox 2480 694 2806 763; x_wconf 79' lang='lat' dir='ltr'><strong>intelligitur</strong></span> <span class='ocrx_word' id='word_1_250' title='bbox 2835 695 2891 750; x_wconf 89' lang='lat' dir='ltr'><strong>in</strong></span> <span class='ocrx_word' id='word_1_251' title='bbox 2934 697 3219 750; x_wconf 91' lang='lat' dir='ltr'><strong>animabus</strong></span> <span class='ocrx_word' id='word_1_252' title='bbox 3262 706 3423 764; x_wconf 86' lang='lat' dir='ltr'><strong>atque</strong></span> <span class='ocrx_word' id='word_1_253' title='bbox 3445 711 3610 763; x_wconf 76' lang='lat' dir='ltr'><strong>ange-</strong></span> 
     </span>
    </p>
   </div>
   <div class='ocr_carea' id='block_1_36' title="bbox 2034 785 3611 854">
    <p class='ocr_par' dir='ltr' id='par_1_36' title="bbox 2034 785 3611 854">
     <span class='ocr_line' id='line_1_36' title="bbox 2034 785 3611 854; baseline 0.001 -15"><span class='ocrx_word' id='word_1_254' title='bbox 2034 787 2100 843; x_wconf 87' lang='lat' dir='ltr'><strong>lis</strong></span> <span class='ocrx_word' id='word_1_255' title='bbox 2133 785 2535 853; x_wconf 80' lang='lat' dir='ltr'><strong>immortalitas,</strong></span> <span class='ocrx_word' id='word_1_256' title='bbox 2568 786 2613 839; x_wconf 91' lang='lat' dir='ltr'><strong>si</strong></span> <span class='ocrx_word' id='word_1_257' title='bbox 2671 800 2777 840; x_wconf 90' lang='lat' dir='ltr'><strong>non</strong></span> <span class='ocrx_word' id='word_1_258' title='bbox 2836 787 2993 840; x_wconf 86' lang='lat' dir='ltr'><strong>modo</strong></span> <span class='ocrx_word' id='word_1_259' title='bbox 3042 788 3201 841; x_wconf 84' lang='lat' dir='ltr'><strong>morti</strong></span> <span class='ocrx_word' id='word_1_260' title='bbox 3252 786 3471 854; x_wconf 72' lang='lat' dir='ltr'><strong>obnpxii</strong></span> <span class='ocrx_word' id='word_1_261' title='bbox 3504 802 3611 841; x_wconf 83' lang='lat' dir='ltr'><strong>non</strong></span> 
     </span>
    </p>
   </div>
   <div class='ocr_carea' id='block_1_37' title="bbox 2034 874 3611 946">
    <p class='ocr_par' dir='ltr' id='par_1_37' title="bbox 2034 874 3611 946">
     <span class='ocr_line' id='line_1_37' title="bbox 2034 874 3611 946; baseline -0.003 -14"><span class='ocrx_word' id='word_1_262' title='bbox 2034 877 2164 944; x_wconf 83' lang='lat' dir='ltr'><strong>sint,</strong></span> <span class='ocrx_word' id='word_1_263' title='bbox 2189 876 2332 946; x_wconf 86' lang='lat' dir='ltr'><strong>quod</strong></span> <span class='ocrx_word' id='word_1_264' title='bbox 2362 884 2464 942; x_wconf 89' lang='lat' dir='ltr'><strong>est,</strong></span> <span class='ocrx_word' id='word_1_265' title='bbox 2490 891 2597 931; x_wconf 91' lang='lat' dir='ltr'><strong>non</strong></span> <span class='ocrx_word' id='word_1_266' title='bbox 2618 875 3004 940; x_wconf 84' lang='lat' dir='ltr'><strong>dissolvantur,</strong></span> <span class='ocrx_word' id='word_1_267' title='bbox 3034 885 3221 945; x_wconf 81' lang='lat' dir='ltr'><strong>utpOte</strong></span> <span class='ocrx_word' id='word_1_268' title='bbox 3246 874 3611 944; x_wconf 85' lang='lat' dir='ltr'><strong>incompositi,</strong></span> 
     </span>
    </p>
   </div>
   <div class='ocr_carea' id='block_1_38' title="bbox 2035 965 3612 1038">
    <p class='ocr_par' dir='ltr' id='par_1_38' title="bbox 2035 965 3612 1038">
     <span class='ocr_line' id='line_1_38' title="bbox 2035 965 3612 1038; baseline -0.004 -14"><span class='ocrx_word' id='word_1_269' title='bbox 2035 980 2091 1027; x_wconf 90' lang='lat' dir='ltr'><strong>et</strong></span> <span class='ocrx_word' id='word_1_270' title='bbox 2118 984 2218 1038; x_wconf 85' lang='lat' dir='ltr'><strong>per</strong></span> <span class='ocrx_word' id='word_1_271' title='bbox 2252 983 2440 1024; x_wconf 86' lang='lat' dir='ltr'><strong>eorum</strong></span> <span class='ocrx_word' id='word_1_272' title='bbox 2494 967 2871 1023; x_wconf 81' lang='lat' dir='ltr'><strong>exsistentiam</strong></span> <span class='ocrx_word' id='word_1_273' title='bbox 2927 965 3197 1021; x_wconf 88' lang='lat' dir='ltr'><strong>immunes</strong></span> <span class='ocrx_word' id='word_1_274' title='bbox 3224 981 3252 1017; x_wconf 91' lang='lat' dir='ltr'><strong>a</strong></span> <span class='ocrx_word' id='word_1_275' title='bbox 3283 976 3490 1030; x_wconf 89' lang='lat' dir='ltr'><strong>morte;</strong></span> <span class='ocrx_word' id='word_1_276' title='bbox 3518 968 3612 1019; x_wconf 67' lang='lat' dir='ltr'><strong>Sed</strong></span> 
     </span>
    </p>
   </div>
   <div class='ocr_carea' id='block_1_39' title="bbox 2036 1055 3613 1128">
    <p class='ocr_par' dir='ltr' id='par_1_39' title="bbox 2036 1055 3613 1128">
     <span class='ocr_line' id='line_1_39' title="bbox 2036 1055 3613 1128; baseline -0.003 -16"><span class='ocrx_word' id='word_1_277' title='bbox 2036 1073 2103 1113; x_wconf 91' lang='lat' dir='ltr'><strong>nc</strong></span> <span class='ocrx_word' id='word_1_278' title='bbox 2133 1058 2463 1128; x_wconf 87' lang='lat' dir='ltr'><strong>corruptiuni</strong></span> <span class='ocrx_word' id='word_1_279' title='bbox 2495 1058 2711 1125; x_wconf 84' lang='lat' dir='ltr'><strong>quidem</strong></span> <span class='ocrx_word' id='word_1_280' title='bbox 2748 1056 2945 1110; x_wconf 89' lang='lat' dir='ltr'><strong>mentis</strong></span> <span class='ocrx_word' id='word_1_281' title='bbox 3006 1055 3382 1119; x_wconf 76' lang='lat' dir='ltr'><strong>succumbant,</strong></span> <span class='ocrx_word' id='word_1_282' title='bbox 3430 1055 3480 1108; x_wconf 90' lang='lat' dir='ltr'><strong>id</strong></span> <span class='ocrx_word' id='word_1_283' title='bbox 3509 1067 3613 1120; x_wconf 88' lang='lat' dir='ltr'><strong>est,</strong></span> 
     </span>
    </p>
   </div>
   <div class='ocr_carea' id='block_1_40' title="bbox 2036 1146 3618 1219">
    <p class='ocr_par' dir='ltr' id='par_1_40' title="bbox 2036 1146 3618 1219">
     <span class='ocr_line' id='line_1_40' title="bbox 2036 1146 3618 1219; baseline -0.006 -12"><span class='ocrx_word' id='word_1_284' title='bbox 2036 1155 2082 1207; x_wconf 89' lang='lat' dir='ltr'><strong>si</strong></span> <span class='ocrx_word' id='word_1_285' title='bbox 2112 1149 2417 1207; x_wconf 84' lang='lat' dir='ltr'><strong>immobiles</strong></span> <span class='ocrx_word' id='word_1_286' title='bbox 2439 1156 2831 1219; x_wconf 88' lang='lat' dir='ltr'><strong>permaneant:</strong></span> <span class='ocrx_word' id='word_1_287' title='bbox 2877 1148 3183 1202; x_wconf 85' lang='lat' dir='ltr'><strong>mortalitas</strong></span> <span class='ocrx_word' id='word_1_288' title='bbox 3214 1162 3343 1201; x_wconf 84' lang='lat' dir='ltr'><strong>vero</strong></span> <span class='ocrx_word' id='word_1_289' title='bbox 3366 1146 3618 1217; x_wconf 86' lang='lat' dir='ltr'><strong>intelligi-</strong></span> 
     </span>
    </p>
   </div>
   <div class='ocr_carea' id='block_1_41' title="bbox 2038 1236 3613 1306">
    <p class='ocr_par' dir='ltr' id='par_1_41' title="bbox 2038 1236 3613 1306">
     <span class='ocr_line' id='line_1_41' title="bbox 2038 1236 3613 1306; baseline -0.005 -9"><span class='ocrx_word' id='word_1_290' title='bbox 2038 1251 2146 1306; x_wconf 88' lang='lat' dir='ltr'><strong>tur,</strong></span> <span class='ocrx_word' id='word_1_291' title='bbox 2177 1241 2221 1296; x_wconf 71' lang='grc' dir='ltr'>εἰ</span> <span class='ocrx_word' id='word_1_292' title='bbox 2249 1255 2335 1296; x_wconf 88' lang='lat' dir='ltr'><strong>res</strong></span> <span class='ocrx_word' id='word_1_293' title='bbox 2368 1247 2557 1295; x_wconf 87' lang='lat' dir='ltr'><strong>contra</strong></span> <span class='ocrx_word' id='word_1_294' title='bbox 2586 1253 2645 1293; x_wconf 91' lang='lat' dir='ltr'><strong>se</strong></span> <span class='ocrx_word' id='word_1_295' title='bbox 2678 1237 2891 1292; x_wconf 87' lang='lat' dir='ltr'><strong>habeat.</strong></span> <span class='ocrx_word' id='word_1_296' title='bbox 2924 1238 3032 1291; x_wconf 88' lang='lat' dir='ltr'><strong>Sed</strong></span> <span class='ocrx_word' id='word_1_297' title='bbox 3082 1238 3331 1292; x_wconf 88' lang='lat' dir='ltr'><strong>videntur</strong></span> <span class='ocrx_word' id='word_1_298' title='bbox 3372 1236 3613 1291; x_wconf 76' lang='lat' dir='ltr'><strong>hteretici</strong></span> 
     </span>
    </p>
   </div>
   <div class='ocr_carea' id='block_1_42' title="bbox 2039 1327 3615 1400">
    <p class='ocr_par' dir='ltr' id='par_1_42' title="bbox 2039 1327 3615 1400">
     <span class='ocr_line' id='line_1_42' title="bbox 2039 1327 3615 1400; baseline -0.004 -13"><span class='ocrx_word' id='word_1_299' title='bbox 2039 1333 2129 1387; x_wconf 89' lang='lat' dir='ltr'><strong>isti</strong></span> <span class='ocrx_word' id='word_1_300' title='bbox 2152 1346 2214 1387; x_wconf 84' lang='lat' dir='ltr'><strong>ea</strong></span> <span class='ocrx_word' id='word_1_301' title='bbox 2239 1332 2463 1386; x_wconf 87' lang='lat' dir='ltr'><strong>omnino</strong></span> <span class='ocrx_word' id='word_1_302' title='bbox 2486 1330 2757 1400; x_wconf 81' lang='lat' dir='ltr'><strong>ignorare,</strong></span> <span class='ocrx_word' id='word_1_303' title='bbox 2773 1341 2892 1397; x_wconf 73' lang='lat' dir='ltr'><strong>quae</strong></span> <span class='ocrx_word' id='word_1_304' title='bbox 2914 1327 3169 1383; x_wconf 87' lang='lat' dir='ltr'><strong>dicuntur</strong></span> <span class='ocrx_word' id='word_1_305' title='bbox 3191 1327 3615 1398; x_wconf 83' lang='lat' dir='ltr'><strong>reciproce(80),</strong></span> 
     </span>
    </p>
   </div>
   <div class='ocr_carea' id='block_1_43' title="bbox 2040 1418 3616 1492">
    <p class='ocr_par' dir='ltr' id='par_1_43' title="bbox 2040 1418 3616 1492">
     <span class='ocr_line' id='line_1_43' title="bbox 2040 1418 3616 1492; baseline -0.005 -12"><span class='ocrx_word' id='word_1_306' title='bbox 2040 1440 2143 1480; x_wconf 89' lang='lat' dir='ltr'><strong>nec</strong></span> <span class='ocrx_word' id='word_1_307' title='bbox 2170 1423 2332 1487; x_wconf 89' lang='lat' dir='ltr'><strong>scire,</strong></span> <span class='ocrx_word' id='word_1_308' title='bbox 2361 1422 2503 1492; x_wconf 84' lang='lat' dir='ltr'><strong>quod</strong></span> <span class='ocrx_word' id='word_1_309' title='bbox 2534 1434 2639 1475; x_wconf 92' lang='lat' dir='ltr'><strong>non</strong></span> <span class='ocrx_word' id='word_1_310' title='bbox 2670 1419 2851 1474; x_wconf 87' lang='lat' dir='ltr'><strong>omnia</strong></span> <span class='ocrx_word' id='word_1_311' title='bbox 2880 1432 2998 1489; x_wconf 76' lang='lat' dir='ltr'><strong>qua:</strong></span> <span class='ocrx_word' id='word_1_312' title='bbox 3038 1419 3386 1489; x_wconf 88' lang='lat' dir='ltr'><strong>homonyme,</strong></span> <span class='ocrx_word' id='word_1_313' title='bbox 3420 1418 3471 1472; x_wconf 92' lang='lat' dir='ltr'><strong>id</strong></span> <span class='ocrx_word' id='word_1_314' title='bbox 3512 1432 3616 1482; x_wconf 72' lang='grc' dir='ltr'>εει,</span> 
     </span>
    </p>
   </div>
   <div class='ocr_carea' id='block_1_44' title="bbox 2040 1510 3615 1582">
    <p class='ocr_par' dir='ltr' id='par_1_44' title="bbox 2040 1510 3615 1582">
     <span class='ocr_line' id='line_1_44' title="bbox 2040 1510 3615 1582; baseline -0.003 -12"><span class='ocrx_word' id='word_1_315' title='bbox 2040 1517 2232 1572; x_wconf 85' lang='lat' dir='ltr'><strong>iisdem</strong></span> <span class='ocrx_word' id='word_1_316' title='bbox 2292 1513 2567 1568; x_wconf 75' lang='lat' dir='ltr'><strong>vocabulis</strong></span> <span class='ocrx_word' id='word_1_317' title='bbox 2616 1513 2898 1582; x_wconf 77' lang='lat' dir='ltr'><strong>requivoce</strong></span> <span class='ocrx_word' id='word_1_318' title='bbox 2929 1511 2995 1566; x_wconf 88' lang='lat' dir='ltr'><strong>de</strong></span> <span class='ocrx_word' id='word_1_319' title='bbox 3024 1510 3294 1580; x_wconf 81' lang='lat' dir='ltr'><strong>aliquibus</strong></span> <span class='ocrx_word' id='word_1_320' title='bbox 3342 1511 3615 1577; x_wconf 87' lang='lat' dir='ltr'><strong>dicuntur,</strong></span> 
     </span>
    </p>
   </div>
   <div class='ocr_carea' id='block_1_45' title="bbox 2043 1601 3616 1672">
    <p class='ocr_par' dir='ltr' id='par_1_45' title="bbox 2043 1601 3616 1672">
     <span class='ocr_line' id='line_1_45' title="bbox 2043 1601 3616 1672; baseline -0.003 -13"><span class='ocrx_word' id='word_1_321' title='bbox 2043 1606 2167 1659; x_wconf 83' lang='lat' dir='ltr'><strong>talia</strong></span> <span class='ocrx_word' id='word_1_322' title='bbox 2206 1616 2329 1659; x_wconf 87' lang='lat' dir='ltr'><strong>sunt</strong></span> <span class='ocrx_word' id='word_1_323' title='bbox 2359 1615 2417 1659; x_wconf 90' lang='lat' dir='ltr'><strong>ut</strong></span> <span class='ocrx_word' id='word_1_324' title='bbox 2452 1604 2731 1672; x_wconf 69' lang='lat' dir='ltr'><strong>reciproca</strong></span> <span class='ocrx_word' id='word_1_325' title='bbox 2757 1602 2860 1658; x_wconf 89' lang='lat' dir='ltr'><strong>dici</strong></span> <span class='ocrx_word' id='word_1_326' title='bbox 2913 1612 2969 1657; x_wconf 88' lang='lat' dir='ltr'><strong>et</strong></span> <span class='ocrx_word' id='word_1_327' title='bbox 2998 1602 3191 1657; x_wconf 79' lang='lat' dir='ltr'><strong>inverti</strong></span> <span class='ocrx_word' id='word_1_328' title='bbox 3222 1601 3451 1671; x_wconf 79' lang='lat' dir='ltr'><strong>possint.</strong></span> <span class='ocrx_word' id='word_1_329' title='bbox 3480 1602 3616 1656; x_wconf 88' lang='lat' dir='ltr'><strong>Nam</strong></span> 
     </span>
    </p>
   </div>
   <div class='ocr_carea' id='block_1_46' title="bbox 2040 1692 3619 1768">
    <p class='ocr_par' dir='ltr' id='par_1_46' title="bbox 2040 1692 3619 1768">
     <span class='ocr_line' id='line_1_46' title="bbox 2040 1692 3619 1768; baseline -0.003 -16"><span class='ocrx_word' id='word_1_330' title='bbox 2040 1696 2205 1768; x_wconf 82' lang='lat'><strong>375</strong></span> <span class='ocrx_word' id='word_1_331' title='bbox 2231 1697 2372 1751; x_wconf 88' lang='lat' dir='ltr'><strong>Deus</strong></span> <span class='ocrx_word' id='word_1_332' title='bbox 2395 1696 2612 1766; x_wconf 90' lang='lat' dir='ltr'><strong>quidem</strong></span> <span class='ocrx_word' id='word_1_333' title='bbox 2645 1705 2728 1751; x_wconf 87' lang='lat' dir='ltr'><strong>est</strong></span> <span class='ocrx_word' id='word_1_334' title='bbox 2754 1699 2977 1750; x_wconf 89' lang='lat' dir='ltr'><strong>omnino</strong></span> <span class='ocrx_word' id='word_1_335' title='bbox 3019 1708 3084 1747; x_wconf 85' lang='lat' dir='ltr'><strong>ac</strong></span> <span class='ocrx_word' id='word_1_336' title='bbox 3132 1692 3370 1763; x_wconf 78' lang='lat' dir='ltr'><strong>perfecte</strong></span> <span class='ocrx_word' id='word_1_337' title='bbox 3396 1694 3619 1750; x_wconf 90' lang='lat' dir='ltr'><strong>immor-</strong></span> 
     </span>
    </p>
   </div>
   <div class='ocr_carea' id='block_1_47' title="bbox 2042 1784 3620 1857">
    <p class='ocr_par' dir='ltr' id='par_1_47' title="bbox 2042 1784 3620 1857">
     <span class='ocr_line' id='line_1_47' title="bbox 2042 1784 3620 1857; baseline 0 -15"><span class='ocrx_word' id='word_1_338' title='bbox 2042 1789 2165 1843; x_wconf 88' lang='lat' dir='ltr'><strong>talis</strong></span> <span class='ocrx_word' id='word_1_339' title='bbox 2188 1806 2203 1849; x_wconf 73' lang='grc' dir='ltr'><strong>ι</strong></span> <span class='ocrx_word' id='word_1_340' title='bbox 2231 1803 2336 1843; x_wconf 91' lang='lat' dir='ltr'><strong>non</strong></span> <span class='ocrx_word' id='word_1_341' title='bbox 2370 1797 2548 1843; x_wconf 83' lang='lat' dir='ltr'><strong>tamen</strong></span> <span class='ocrx_word' id='word_1_342' title='bbox 2581 1786 2724 1857; x_wconf 92' lang='lat' dir='ltr'><strong>quod</strong></span> <span class='ocrx_word' id='word_1_343' title='bbox 2750 1785 3053 1842; x_wconf 85' lang='lat' dir='ltr'><strong>immortale</strong></span> <span class='ocrx_word' id='word_1_344' title='bbox 3078 1794 3183 1852; x_wconf 90' lang='lat' dir='ltr'><strong>est,</strong></span> <span class='ocrx_word' id='word_1_345' title='bbox 3206 1784 3460 1841; x_wconf 87' lang='lat' dir='ltr'><strong>continuo</strong></span> <span class='ocrx_word' id='word_1_346' title='bbox 3476 1785 3620 1843; x_wconf 87' lang='lat' dir='ltr'><strong>Deus</strong></span> 
     </span>
    </p>
   </div>
   <div class='ocr_carea' id='block_1_48' title="bbox 2044 1875 3622 1950">
    <p class='ocr_par' dir='ltr' id='par_1_48' title="bbox 2044 1875 3622 1950">
     <span class='ocr_line' id='line_1_48' title="bbox 2044 1875 3622 1950; baseline -0.003 -16"><span class='ocrx_word' id='word_1_347' title='bbox 2044 1889 2126 1934; x_wconf 88' lang='lat' dir='ltr'><strong>est</strong></span> <span class='ocrx_word' id='word_1_348' title='bbox 2154 1878 2289 1950; x_wconf 84' lang='grc'><strong>(81).</strong></span> <span class='ocrx_word' id='word_1_349' title='bbox 2326 1876 2479 1945; x_wconf 83' lang='lat' dir='ltr'><strong>Quod</strong></span> <span class='ocrx_word' id='word_1_350' title='bbox 2503 1892 2630 1933; x_wconf 89' lang='lat' dir='ltr'><strong>vero</strong></span> <span class='ocrx_word' id='word_1_351' title='bbox 2657 1885 2865 1948; x_wconf 80' lang='lat' dir='ltr'><strong>spectat</strong></span> <span class='ocrx_word' id='word_1_352' title='bbox 2894 1876 2961 1931; x_wconf 87' lang='lat' dir='ltr'><strong>ad</strong></span> <span class='ocrx_word' id='word_1_353' title='bbox 3002 1875 3459 1942; x_wconf 77' lang='lat' dir='ltr'><strong>invisibilitatem,</strong></span> <span class='ocrx_word' id='word_1_354' title='bbox 3493 1887 3622 1931; x_wconf 88' lang='lat' dir='ltr'><strong>sunt</strong></span> 
     </span>
    </p>
   </div>
   <div class='ocr_carea' id='block_1_49' title="bbox 2046 1968 3621 2042">
    <p class='ocr_par' dir='ltr' id='par_1_49' title="bbox 2046 1968 3621 2042">
     <span class='ocr_line' id='line_1_49' title="bbox 2046 1968 3621 2042; baseline -0.003 -15"><span class='ocrx_word' id='word_1_355' title='bbox 2046 1972 2263 2042; x_wconf 84' lang='lat' dir='ltr'><strong>quidem</strong></span> <span class='ocrx_word' id='word_1_356' title='bbox 2293 1984 2416 2025; x_wconf 84' lang='lat' dir='ltr'><strong>eum</strong></span> <span class='ocrx_word' id='word_1_357' title='bbox 2471 1971 2688 2035; x_wconf 67' lang='lat' dir='ltr'><strong>animm,</strong></span> <span class='ocrx_word' id='word_1_358' title='bbox 2739 1980 2853 2024; x_wconf 85' lang='lat' dir='ltr'><strong>tum</strong></span> <span class='ocrx_word' id='word_1_359' title='bbox 2900 1968 3075 2040; x_wconf 87' lang='lat' dir='ltr'><strong>angeli</strong></span> <span class='ocrx_word' id='word_1_360' title='bbox 3113 1968 3410 2025; x_wconf 80' lang='lat' dir='ltr'><strong>invisibiles</strong></span> <span class='ocrx_word' id='word_1_361' title='bbox 3465 1970 3621 2025; x_wconf 85' lang='lat' dir='ltr'><strong>oculo</strong></span> 
     </span>
    </p>
   </div>
   <div class='ocr_carea' id='block_1_50' title="bbox 2045 2061 3622 2133">
    <p class='ocr_par' dir='ltr' id='par_1_50' title="bbox 2045 2061 3622 2133">
     <span class='ocr_line' id='line_1_50' title="bbox 2045 2061 3622 2133; baseline -0.004 -12"><span class='ocrx_word' id='word_1_362' title='bbox 2045 2064 2289 2133; x_wconf 84' lang='lat' dir='ltr'><strong>corporis</strong></span> <span class='ocrx_word' id='word_1_363' title='bbox 2313 2064 2505 2131; x_wconf 84' lang='lat' dir='ltr'><strong>nostri,</strong></span> <span class='ocrx_word' id='word_1_364' title='bbox 2536 2064 2661 2133; x_wconf 87' lang='lat' dir='ltr'><strong>quia</strong></span> <span class='ocrx_word' id='word_1_365' title='bbox 2696 2070 2884 2119; x_wconf 86' lang='lat' dir='ltr'><strong>carent</strong></span> <span class='ocrx_word' id='word_1_366' title='bbox 2937 2061 3243 2117; x_wconf 83' lang='lat' dir='ltr'><strong>visibilibus</strong></span> <span class='ocrx_word' id='word_1_367' title='bbox 3282 2062 3622 2133; x_wconf 83' lang='lat' dir='ltr'><strong>proprietati-</strong></span> 
     </span>
    </p>
   </div>
   <div class='ocr_carea' id='block_1_51' title="bbox 2046 2153 3625 2225">
    <p class='ocr_par' dir='ltr' id='par_1_51' title="bbox 2046 2153 3625 2225">
     <span class='ocr_line' id='line_1_51' title="bbox 2046 2153 3625 2225; baseline -0.003 -14"><span class='ocrx_word' id='word_1_368' title='bbox 2046 2156 2172 2223; x_wconf 88' lang='lat' dir='ltr'><strong>bus,</strong></span> <span class='ocrx_word' id='word_1_369' title='bbox 2197 2155 2382 2213; x_wconf 85' lang='lat' dir='ltr'><strong>colore</strong></span> <span class='ocrx_word' id='word_1_370' title='bbox 2410 2155 2645 2223; x_wconf 86' lang='lat' dir='ltr'><strong>scilicet,</strong></span> <span class='ocrx_word' id='word_1_371' title='bbox 2662 2156 2873 2222; x_wconf 79' lang='lat' dir='ltr'><strong>habitu,</strong></span> <span class='ocrx_word' id='word_1_372' title='bbox 2900 2154 3269 2225; x_wconf 81' lang='lat' dir='ltr'><strong>magnitudine</strong></span> <span class='ocrx_word' id='word_1_373' title='bbox 3296 2153 3410 2225; x_wconf 68' lang='grc'><strong>(82)</strong></span> <span class='ocrx_word' id='word_1_374' title='bbox 3447 2169 3461 2208; x_wconf 91' lang='lat'><strong>:</strong></span> <span class='ocrx_word' id='word_1_375' title='bbox 3496 2156 3625 2209; x_wconf 79' lang='lat' dir='ltr'><strong>visi—</strong></span> 
     </span>
    </p>
   </div>
   <div class='ocr_carea' id='block_1_52' title="bbox 2048 2246 3625 2317">
    <p class='ocr_par' dir='ltr' id='par_1_52' title="bbox 2048 2246 3625 2317">
     <span class='ocr_line' id='line_1_52' title="bbox 2048 2246 3625 2317; baseline -0.002 -15"><span class='ocrx_word' id='word_1_376' title='bbox 2048 2247 2183 2303; x_wconf 90' lang='lat' dir='ltr'><strong>biles</strong></span> <span class='ocrx_word' id='word_1_377' title='bbox 2206 2257 2384 2303; x_wconf 88' lang='lat' dir='ltr'><strong>autem</strong></span> <span class='ocrx_word' id='word_1_378' title='bbox 2422 2258 2547 2304; x_wconf 89' lang='lat' dir='ltr'><strong>sunt</strong></span> <span class='ocrx_word' id='word_1_379' title='bbox 2578 2248 2765 2312; x_wconf 90' lang='lat' dir='ltr'><strong>menti,</strong></span> <span class='ocrx_word' id='word_1_380' title='bbox 2798 2247 2887 2317; x_wconf 91' lang='lat' dir='ltr'><strong>qui</strong></span> <span class='ocrx_word' id='word_1_381' title='bbox 2918 2257 3001 2302; x_wconf 87' lang='lat' dir='ltr'><strong>est</strong></span> <span class='ocrx_word' id='word_1_382' title='bbox 3018 2246 3208 2302; x_wconf 89' lang='lat' dir='ltr'><strong>oculus</strong></span> <span class='ocrx_word' id='word_1_383' title='bbox 3232 2247 3459 2303; x_wconf 62' lang='lat' dir='ltr'><strong>animae:</strong></span> <span class='ocrx_word' id='word_1_384' title='bbox 3492 2262 3625 2316; x_wconf 88' lang='lat' dir='ltr'><strong>quo-</strong></span> 
     </span>
    </p>
   </div>
   <div class='ocr_carea' id='block_1_53' title="bbox 2046 2339 3625 2411">
    <p class='ocr_par' dir='ltr' id='par_1_53' title="bbox 2046 2339 3625 2411">
     <span class='ocr_line' id='line_1_53' title="bbox 2046 2339 3625 2411; baseline -0.001 -18"><span class='ocrx_word' id='word_1_385' title='bbox 2046 2340 2191 2394; x_wconf 82' lang='lat' dir='ltr'><strong>niam</strong></span> <span class='ocrx_word' id='word_1_386' title='bbox 2243 2339 2824 2411; x_wconf 79' lang='lat' dir='ltr'><strong>incomprehensibilcs</strong></span> <span class='ocrx_word' id='word_1_387' title='bbox 2899 2355 3005 2394; x_wconf 88' lang='lat' dir='ltr'><strong>non</strong></span> <span class='ocrx_word' id='word_1_388' title='bbox 3068 2339 3385 2405; x_wconf 79' lang='lat' dir='ltr'><strong>exsistunt,</strong></span> <span class='ocrx_word' id='word_1_389' title='bbox 3440 2348 3625 2409; x_wconf 73' lang='lat' dir='ltr'><strong>utpom</strong></span> 
     </span>
    </p>
   </div>
   <div class='ocr_carea' id='block_1_54' title="bbox 2050 2429 3627 2501">
    <p class='ocr_par' dir='ltr' id='par_1_54' title="bbox 2050 2429 3627 2501">
     <span class='ocr_line' id='line_1_54' title="bbox 2050 2429 3627 2501; baseline -0.001 -19"><span class='ocrx_word' id='word_1_390' title='bbox 2050 2429 2245 2497; x_wconf 82' lang='lat' dir='ltr'><strong>creati,</strong></span> <span class='ocrx_word' id='word_1_391' title='bbox 2269 2431 2365 2485; x_wconf 86' lang='lat' dir='ltr'><strong>sed</strong></span> <span class='ocrx_word' id='word_1_392' title='bbox 2392 2445 2487 2485; x_wconf 87' lang='lat' dir='ltr'><strong>eos</strong></span> <span class='ocrx_word' id='word_1_393' title='bbox 2514 2439 2694 2486; x_wconf 86' lang='lat' dir='ltr'><strong>mente</strong></span> <span class='ocrx_word' id='word_1_394' title='bbox 2728 2430 3014 2501; x_wconf 87' lang='lat' dir='ltr'><strong>complecti</strong></span> <span class='ocrx_word' id='word_1_395' title='bbox 3061 2440 3117 2485; x_wconf 90' lang='lat' dir='ltr'><strong>et</strong></span> <span class='ocrx_word' id='word_1_396' title='bbox 3134 2430 3461 2500; x_wconf 77' lang='lat' dir='ltr'><strong>cogitatione</strong></span> <span class='ocrx_word' id='word_1_397' title='bbox 3477 2444 3627 2484; x_wconf 52' lang='lat' dir='ltr'><strong>asse.-</strong></span> 
     </span>
    </p>
   </div>
   <div class='ocr_carea' id='block_1_55' title="bbox 2050 2517 3645 2590">
    <p class='ocr_par' dir='ltr' id='par_1_55' title="bbox 2050 2517 3645 2590">
     <span class='ocr_line' id='line_1_55' title="bbox 2050 2517 3645 2590; baseline 0.001 -20"><span class='ocrx_word' id='word_1_398' title='bbox 2050 2517 2140 2586; x_wconf 84' lang='lat' dir='ltr'><strong>qui</strong></span> <span class='ocrx_word' id='word_1_399' title='bbox 2164 2532 2474 2587; x_wconf 86' lang='lat' dir='ltr'><strong>possumus.</strong></span> <span class='ocrx_word' id='word_1_400' title='bbox 2544 2517 2730 2587; x_wconf 86' lang='lat' dir='ltr'><strong>Itaque</strong></span> <span class='ocrx_word' id='word_1_401' title='bbox 2786 2518 2890 2575; x_wconf 86' lang='lat' dir='ltr'><strong>etsi</strong></span> <span class='ocrx_word' id='word_1_402' title='bbox 2946 2528 3189 2587; x_wconf 87' lang='lat' dir='ltr'><strong>spectato</strong></span> <span class='ocrx_word' id='word_1_403' title='bbox 3239 2518 3486 2590; x_wconf 89' lang='lat' dir='ltr'><strong>corporei</strong></span> <span class='ocrx_word' id='word_1_404' title='bbox 3512 2517 3645 2588; x_wconf 81' lang='lat'><strong>(85)-</strong></span> 
     </span>
    </p>
   </div>
   <div class='ocr_carea' id='block_1_56' title="bbox 2050 2610 3625 2680">
    <p class='ocr_par' dir='ltr' id='par_1_56' title="bbox 2050 2610 3625 2680">
     <span class='ocr_line' id='line_1_56' title="bbox 2050 2610 3625 2680; baseline 0.001 -15"><span class='ocrx_word' id='word_1_405' title='bbox 2050 2610 2191 2665; x_wconf 90' lang='lat' dir='ltr'><strong>oculi</strong></span> <span class='ocrx_word' id='word_1_406' title='bbox 2218 2610 2446 2679; x_wconf 77' lang='lat' dir='ltr'><strong>appulsu</strong></span> <span class='ocrx_word' id='word_1_407' title='bbox 2516 2626 2581 2666; x_wconf 86' lang='lat' dir='ltr'><strong>ac</strong></span> <span class='ocrx_word' id='word_1_408' title='bbox 2614 2626 2779 2667; x_wconf 86' lang='lat' dir='ltr'><strong>sensu</strong></span> <span class='ocrx_word' id='word_1_409' title='bbox 2832 2611 2943 2668; x_wconf 88' lang='lat' dir='ltr'><strong>sint</strong></span> <span class='ocrx_word' id='word_1_410' title='bbox 2993 2611 3296 2666; x_wconf 76' lang='lat' dir='ltr'><strong>invisibiles</strong></span> <span class='ocrx_word' id='word_1_411' title='bbox 3327 2650 3342 2676; x_wconf 92' lang='lat'><strong>,</strong></span> <span class='ocrx_word' id='word_1_412' title='bbox 3386 2622 3625 2680; x_wconf 73' lang='lat' dir='ltr'><strong>spectata</strong></span> 
     </span>
    </p>
   </div>
   <div class='ocr_carea' id='block_1_57' title="bbox 2053 2700 3629 2772">
    <p class='ocr_par' dir='ltr' id='par_1_57' title="bbox 2053 2700 3629 2772">
     <span class='ocr_line' id='line_1_57' title="bbox 2053 2700 3629 2772; baseline 0.003 -19"><span class='ocrx_word' id='word_1_413' title='bbox 2053 2707 2233 2755; x_wconf 84' lang='lat' dir='ltr'><strong>tamen</strong></span> <span class='ocrx_word' id='word_1_414' title='bbox 2256 2700 2730 2770; x_wconf 86' lang='lat' dir='ltr'><strong>contemplatione,</strong></span> <span class='ocrx_word' id='word_1_415' title='bbox 2779 2717 2844 2758; x_wconf 89' lang='lat' dir='ltr'><strong>ac</strong></span> <span class='ocrx_word' id='word_1_416' title='bbox 2868 2702 3135 2767; x_wconf 81' lang='lat' dir='ltr'><strong>scientia,</strong></span> <span class='ocrx_word' id='word_1_417' title='bbox 3173 2717 3273 2771; x_wconf 83' lang='lat' dir='ltr'><strong>qua</strong></span> <span class='ocrx_word' id='word_1_418' title='bbox 3330 2717 3423 2758; x_wconf 91' lang='lat' dir='ltr'><strong>eos</strong></span> <span class='ocrx_word' id='word_1_419' title='bbox 3450 2705 3629 2772; x_wconf 88' lang='lat' dir='ltr'><strong>perci-</strong></span> 
     </span>
    </p>
   </div>
   <div class='ocr_carea' id='block_1_58' title="bbox 2050 2790 3629 2863">
    <p class='ocr_par' dir='ltr' id='par_1_58' title="bbox 2050 2790 3629 2863">
     <span class='ocr_line' id='line_1_58' title="bbox 2050 2790 3629 2863; baseline 0.002 -22"><span class='ocrx_word' id='word_1_420' title='bbox 2050 2801 2183 2857; x_wconf 84' lang='lat' dir='ltr'><strong>pere</strong></span> <span class='ocrx_word' id='word_1_421' title='bbox 2210 2790 2453 2846; x_wconf 85' lang='lat' dir='ltr'><strong>valemus</strong></span> <span class='ocrx_word' id='word_1_422' title='bbox 2504 2803 2559 2847; x_wconf 91' lang='lat' dir='ltr'><strong>et</strong></span> <span class='ocrx_word' id='word_1_423' title='bbox 2593 2792 3076 2863; x_wconf 81' lang='lat' dir='ltr'><strong>comprehendere,</strong></span> <span class='ocrx_word' id='word_1_424' title='bbox 3116 2791 3357 2847; x_wconf 86' lang='lat' dir='ltr'><strong>visibiles</strong></span> <span class='ocrx_word' id='word_1_425' title='bbox 3387 2800 3533 2845; x_wconf 88' lang='lat' dir='ltr'><strong>sunt.</strong></span> <span class='ocrx_word' id='word_1_426' title='bbox 3557 2791 3629 2845; x_wconf 87' lang='lat' dir='ltr'><strong>At</strong></span> 
     </span>
    </p>
   </div>
   <div class='ocr_carea' id='block_1_59' title="bbox 2057 2878 3628 2953">
    <p class='ocr_par' dir='ltr' id='par_1_59' title="bbox 2057 2878 3628 2953">
     <span class='ocr_line' id='line_1_59' title="bbox 2057 2878 3628 2953; baseline 0.004 -21"><span class='ocrx_word' id='word_1_427' title='bbox 2057 2893 2188 2934; x_wconf 81' lang='lat' dir='ltr'><strong>vero</strong></span> <span class='ocrx_word' id='word_1_428' title='bbox 2209 2878 2352 2936; x_wconf 85' lang='lat' dir='ltr'><strong>Deus</strong></span> <span class='ocrx_word' id='word_1_429' title='bbox 2378 2896 2501 2936; x_wconf 87' lang='lat' dir='ltr'><strong>cum</strong></span> <span class='ocrx_word' id='word_1_430' title='bbox 2557 2898 2720 2953; x_wconf 88' lang='lat' dir='ltr'><strong>supra</strong></span> <span class='ocrx_word' id='word_1_431' title='bbox 2775 2883 3068 2948; x_wconf 80' lang='lat' dir='ltr'><strong>invisibile,</strong></span> <span class='ocrx_word' id='word_1_432' title='bbox 3108 2892 3164 2938; x_wconf 91' lang='lat' dir='ltr'><strong>ct</strong></span> <span class='ocrx_word' id='word_1_433' title='bbox 3196 2898 3359 2953; x_wconf 88' lang='lat' dir='ltr'><strong>supra</strong></span> <span class='ocrx_word' id='word_1_434' title='bbox 3406 2882 3457 2936; x_wconf 88' lang='lat' dir='ltr'><strong>id</strong></span> <span class='ocrx_word' id='word_1_435' title='bbox 3482 2883 3628 2951; x_wconf 84' lang='lat' dir='ltr'><strong>quod</strong></span> 
     </span>
    </p>
   </div>
   <div class='ocr_carea' id='block_1_60' title="bbox 2053 2968 3631 3042">
    <p class='ocr_par' dir='ltr' id='par_1_60' title="bbox 2053 2968 3631 3042">
     <span class='ocr_line' id='line_1_60' title="bbox 2053 2968 3631 3042; baseline 0.001 -20"><span class='ocrx_word' id='word_1_436' title='bbox 2053 2968 2289 3025; x_wconf 77' lang='lat' dir='ltr'><strong>maxime</strong></span> <span class='ocrx_word' id='word_1_437' title='bbox 2327 2969 2599 3026; x_wconf 87' lang='lat' dir='ltr'><strong>occultum</strong></span> <span class='ocrx_word' id='word_1_438' title='bbox 2637 2980 2741 3039; x_wconf 90' lang='lat' dir='ltr'><strong>est,</strong></span> <span class='ocrx_word' id='word_1_439' title='bbox 2770 2983 2823 3027; x_wconf 89' lang='lat' dir='ltr'><strong>et</strong></span> <span class='ocrx_word' id='word_1_440' title='bbox 2847 2987 3010 3042; x_wconf 86' lang='lat' dir='ltr'><strong>supra</strong></span> <span class='ocrx_word' id='word_1_441' title='bbox 3042 2987 3257 3029; x_wconf 88' lang='lat' dir='ltr'><strong>omnem</strong></span> <span class='ocrx_word' id='word_1_442' title='bbox 3280 2981 3517 3029; x_wconf 86' lang='lat' dir='ltr'><strong>mentem</strong></span> <span class='ocrx_word' id='word_1_443' title='bbox 3541 2986 3631 3029; x_wconf 65' lang='lat' dir='ltr'><strong>ex.</strong></span> 
     </span>
    </p>
   </div>
   <div class='ocr_carea' id='block_1_61' title="bbox 1968 3057 3630 3130">
    <p class='ocr_par' dir='ltr' id='par_1_61' title="bbox 1968 3057 3630 3130">
     <span class='ocr_line' id='line_1_61' title="bbox 1968 3057 3630 3130; baseline 0.002 -17"><span class='ocrx_word' id='word_1_444' title='bbox 1968 3057 2012 3113; x_wconf 73' lang='grc' dir='ltr'><strong>(Ξ</strong></span> <span class='ocrx_word' id='word_1_445' title='bbox 2045 3062 2224 3129; x_wconf 82' lang='lat' dir='ltr'><strong>sistat,</strong></span> <span class='ocrx_word' id='word_1_446' title='bbox 2256 3076 2362 3119; x_wconf 85' lang='lat' dir='ltr'><strong>non</strong></span> <span class='ocrx_word' id='word_1_447' title='bbox 2407 3062 2567 3123; x_wconf 81' lang='lat' dir='ltr'><strong>modo</strong></span> <span class='ocrx_word' id='word_1_448' title='bbox 2620 3062 2722 3119; x_wconf 88' lang='lat' dir='ltr'><strong>sub</strong></span> <span class='ocrx_word' id='word_1_449' title='bbox 2769 3064 3054 3130; x_wconf 83' lang='lat' dir='ltr'><strong>visionem,</strong></span> <span class='ocrx_word' id='word_1_450' title='bbox 3104 3070 3199 3116; x_wconf 86' lang='lat' dir='ltr'><strong>aut.</strong></span> <span class='ocrx_word' id='word_1_451' title='bbox 3246 3062 3471 3117; x_wconf 85' lang='lat' dir='ltr'><strong>omnino</strong></span> <span class='ocrx_word' id='word_1_452' title='bbox 3527 3064 3630 3117; x_wconf 87' lang='lat' dir='ltr'><strong>sub</strong></span> 
     </span>
    </p>
   </div>
   <div class='ocr_carea' id='block_1_62' title="bbox 370 3147 3631 3223">
    <p class='ocr_par' dir='ltr' id='par_1_62' title="bbox 370 3147 3631 3223">
     <span class='ocr_line' id='line_1_62' title="bbox 370 3147 3631 3223; baseline 0.001 -22"><span class='ocrx_word' id='word_1_453' title='bbox 370 3160 588 3221; x_wconf 84' lang='lat' dir='ltr'><strong>sensum</strong></span> <span class='ocrx_word' id='word_1_454' title='bbox 645 3148 839 3204; x_wconf 89' lang='lat' dir='ltr'><strong>cadere</strong></span> <span class='ocrx_word' id='word_1_455' title='bbox 871 3163 975 3204; x_wconf 87' lang='lat' dir='ltr'><strong>non</strong></span> <span class='ocrx_word' id='word_1_456' title='bbox 1046 3158 1246 3220; x_wconf 89' lang='lat' dir='ltr'><strong>potest,</strong></span> <span class='ocrx_word' id='word_1_457' title='bbox 1297 3147 1391 3205; x_wconf 86' lang='lat' dir='ltr'><strong>sed</strong></span> <span class='ocrx_word' id='word_1_458' title='bbox 1435 3162 1503 3202; x_wconf 90' lang='lat' dir='ltr'><strong>ne</strong></span> <span class='ocrx_word' id='word_1_459' title='bbox 1552 3157 1731 3203; x_wconf 83' lang='lat' dir='ltr'><strong>mente</strong></span> <span class='ocrx_word' id='word_1_460' title='bbox 1797 3150 2014 3219; x_wconf 82' lang='lat' dir='ltr'><strong>quidem</strong></span> <span class='ocrx_word' id='word_1_461' title='bbox 2057 3153 2297 3222; x_wconf 89' lang='lat' dir='ltr'><strong>ipsorum</strong></span> <span class='ocrx_word' id='word_1_462' title='bbox 2322 3152 2636 3222; x_wconf 88' lang='lat' dir='ltr'><strong>angelorum</strong></span> <span class='ocrx_word' id='word_1_463' title='bbox 2662 3152 2875 3222; x_wconf 85' lang='lat' dir='ltr'><strong>inspici,</strong></span> <span class='ocrx_word' id='word_1_464' title='bbox 2916 3152 3057 3222; x_wconf 80' lang='lat' dir='ltr'><strong>quod</strong></span> <span class='ocrx_word' id='word_1_465' title='bbox 3098 3153 3170 3208; x_wconf 90' lang='lat' dir='ltr'><strong>sit</strong></span> <span class='ocrx_word' id='word_1_466' title='bbox 3216 3151 3631 3223; x_wconf 59' lang='lat' dir='ltr'><strong>incomprehen.</strong></span> 
     </span>
    </p>
   </div>
   <div class='ocr_carea' id='block_1_63' title="bbox 370 3237 3624 3317">
    <p class='ocr_par' dir='ltr' id='par_1_63' title="bbox 370 3237 3624 3317">
     <span class='ocr_line' id='line_1_63' title="bbox 370 3237 3624 3317; baseline 0.002 -24"><span class='ocrx_word' id='word_1_467' title='bbox 370 3237 542 3293; x_wconf 84' lang='lat' dir='ltr'><strong>sibilis</strong></span> <span class='ocrx_word' id='word_1_468' title='bbox 569 3249 624 3293; x_wconf 89' lang='lat' dir='ltr'><strong>et</strong></span> <span class='ocrx_word' id='word_1_469' title='bbox 673 3239 1082 3301; x_wconf 84' lang='lat' dir='ltr'><strong>inaccessibilis.</strong></span> <span class='ocrx_word' id='word_1_470' title='bbox 1141 3240 1295 3307; x_wconf 85' lang='lat' dir='ltr'><strong>Quod</strong></span> <span class='ocrx_word' id='word_1_471' title='bbox 1350 3238 1494 3293; x_wconf 86' lang='lat' dir='ltr'><strong>enim</strong></span> <span class='ocrx_word' id='word_1_472' title='bbox 1525 3237 1666 3293; x_wconf 90' lang='lat' dir='ltr'><strong>Deus</strong></span> <span class='ocrx_word' id='word_1_473' title='bbox 1693 3240 1945 3308; x_wconf 80' lang='lat' dir='ltr'><strong>exsistat,</strong></span> <span class='ocrx_word' id='word_1_474' title='bbox 1984 3245 2236 3299; x_wconf 85' lang='lat' dir='ltr'><strong>omnibus</strong></span> <span class='ocrx_word' id='word_1_475' title='bbox 2278 3253 2463 3301; x_wconf 89' lang='lat' dir='ltr'><strong>notum</strong></span> <span class='ocrx_word' id='word_1_476' title='bbox 2485 3255 2611 3301; x_wconf 90' lang='lat' dir='ltr'><strong>est:</strong></span> <span class='ocrx_word' id='word_1_477' title='bbox 2650 3245 2777 3314; x_wconf 81' lang='lat' dir='ltr'><strong>quid</strong></span> <span class='ocrx_word' id='word_1_478' title='bbox 2844 3256 3046 3310; x_wconf 81' lang='lat' dir='ltr'><strong>autem,</strong></span> <span class='ocrx_word' id='word_1_479' title='bbox 3105 3254 3199 3300; x_wconf 90' lang='lat' dir='ltr'><strong>aut</strong></span> <span class='ocrx_word' id='word_1_480' title='bbox 3228 3249 3502 3317; x_wconf 88' lang='lat' dir='ltr'><strong>quomodo</strong></span> <span class='ocrx_word' id='word_1_481' title='bbox 3533 3246 3624 3313; x_wconf 91' lang='lat' dir='ltr'><strong>sit,</strong></span> 
     </span>
    </p>
   </div>
   <div class='ocr_carea' id='block_1_64' title="bbox 376 3329 3607 3411">
    <p class='ocr_par' dir='ltr' id='par_1_64' title="bbox 376 3329 3607 3411">
     <span class='ocr_line' id='line_1_64' title="bbox 376 3329 3607 3411; baseline 0.003 -29"><span class='ocrx_word' id='word_1_482' title='bbox 376 3340 573 3384; x_wconf 63' lang='lat' dir='ltr'><strong>creatae</strong></span> <span class='ocrx_word' id='word_1_483' title='bbox 620 3332 819 3385; x_wconf 84' lang='lat' dir='ltr'><strong>mentis</strong></span> <span class='ocrx_word' id='word_1_484' title='bbox 862 3329 1158 3399; x_wconf 83' lang='lat' dir='ltr'><strong>speculatio</strong></span> <span class='ocrx_word' id='word_1_485' title='bbox 1206 3329 1420 3397; x_wconf 76' lang='lat' dir='ltr'><strong>assequi</strong></span> <span class='ocrx_word' id='word_1_486' title='bbox 1481 3342 1586 3382; x_wconf 89' lang='lat' dir='ltr'><strong>non</strong></span> <span class='ocrx_word' id='word_1_487' title='bbox 1644 3329 1787 3384; x_wconf 87' lang='lat' dir='ltr'><strong>valet</strong></span> <span class='ocrx_word' id='word_1_488' title='bbox 1834 3346 2334 3406; x_wconf 85' lang='lat' dir='ltr'><strong>:quarumeunque</strong></span> <span class='ocrx_word' id='word_1_489' title='bbox 2367 3336 2510 3391; x_wconf 88' lang='lat' dir='ltr'><strong>enim</strong></span> <span class='ocrx_word' id='word_1_490' title='bbox 2597 3336 2927 3393; x_wconf 86' lang='lat' dir='ltr'><strong>naturalium</strong></span> <span class='ocrx_word' id='word_1_491' title='bbox 2993 3352 3173 3392; x_wconf 86' lang='lat' dir='ltr'><strong>rerum</strong></span> <span class='ocrx_word' id='word_1_492' title='bbox 3246 3339 3607 3411; x_wconf 73' lang='lat' dir='ltr'><strong>cognitionem</strong></span> 
     </span>
    </p>
   </div>
   <div class='ocr_carea' id='block_1_65' title="bbox 370 3416 3633 3501">
    <p class='ocr_par' dir='ltr' id='par_1_65' title="bbox 370 3416 3633 3501">
     <span class='ocr_line' id='line_1_65' title="bbox 370 3416 3633 3501; baseline 0.003 -26"><span class='ocrx_word' id='word_1_493' title='bbox 370 3420 609 3491; x_wconf 77' lang='lat' dir='ltr'><strong>cognitio</strong></span> <span class='ocrx_word' id='word_1_494' title='bbox 642 3421 743 3475; x_wconf 84' lang='lat' dir='ltr'><strong>ista</strong></span> <span class='ocrx_word' id='word_1_495' title='bbox 797 3421 1256 3493; x_wconf 54' lang='lat' dir='ltr'><strong>prater-greditur.</strong></span> <span class='ocrx_word' id='word_1_496' title='bbox 1305 3418 1472 3474; x_wconf 80' lang='lat' dir='ltr'><strong>Recte</strong></span> <span class='ocrx_word' id='word_1_497' title='bbox 1518 3416 1631 3488; x_wconf 69' lang='grc' dir='ltr'><strong>(ει)</strong></span> <span class='ocrx_word' id='word_1_498' title='bbox 1663 3433 1795 3490; x_wconf 79' lang='lat' dir='ltr'><strong>ergo</strong></span> <span class='ocrx_word' id='word_1_499' title='bbox 1821 3422 2082 3489; x_wconf 74' lang='lat' dir='ltr'><strong>prtedicto</strong></span> <span class='ocrx_word' id='word_1_500' title='bbox 2141 3424 2302 3479; x_wconf 86' lang='lat' dir='ltr'><strong>modo</strong></span> <span class='ocrx_word' id='word_1_501' title='bbox 2327 3425 2627 3481; x_wconf 76' lang='lat' dir='ltr'><strong>dictusJ‘uit</strong></span> <span class='ocrx_word' id='word_1_502' title='bbox 2655 3445 2673 3476; x_wconf 83' lang='lat' dir='ltr'><strong>I</strong></span> <span class='ocrx_word' id='word_1_503' title='bbox 2713 3426 2861 3481; x_wconf 87' lang='lat' dir='ltr'><strong>solus</strong></span> <span class='ocrx_word' id='word_1_504' title='bbox 2892 3426 3237 3493; x_wconf 72' lang='lat' dir='ltr'><strong>immortalis,</strong></span> <span class='ocrx_word' id='word_1_505' title='bbox 3296 3438 3351 3482; x_wconf 91' lang='lat' dir='ltr'><strong>et</strong></span> <span class='ocrx_word' id='word_1_506' title='bbox 3411 3430 3633 3501; x_wconf 84' lang='lat' dir='ltr'><strong>sapiens</strong></span> 
     </span>
    </p>
   </div>
   <div class='ocr_carea' id='block_1_66' title="bbox 372 3512 994 3579">
    <p class='ocr_par' dir='ltr' id='par_1_66' title="bbox 372 3512 994 3579">
     <span class='ocr_line' id='line_1_66' title="bbox 372 3512 994 3579; baseline -0.006 -11"><span class='ocrx_word' id='word_1_507' title='bbox 372 3512 532 3579; x_wconf 87' lang='lat' dir='ltr'><strong>Deus,</strong></span> <span class='ocrx_word' id='word_1_508' title='bbox 562 3524 617 3568; x_wconf 88' lang='lat' dir='ltr'><strong>et</strong></span> <span class='ocrx_word' id='word_1_509' title='bbox 646 3513 946 3571; x_wconf 87' lang='lat' dir='ltr'><strong>invisibilis.</strong></span> <span class='ocrx_word' id='word_1_510' title='bbox 975 3531 994 3564; x_wconf 72' lang='grc' dir='ltr'><strong>ι</strong></span> 
     </span>
    </p>
   </div>
   <div class='ocr_carea' id='block_1_67' title="bbox 1013 3601 1296 3659">
    <p class='ocr_par' dir='ltr' id='par_1_67' title="bbox 1013 3601 1296 3659">
     <span class='ocr_line' id='line_1_67' title="bbox 1013 3601 1296 3659; baseline 0 -1"><span class='ocrx_word' id='word_1_511' title='bbox 1013 3605 1171 3659; x_wconf 77' lang='grc' dir='ltr'>ΚΕΦ.</span> <span class='ocrx_word' id='word_1_512' title='bbox 1200 3601 1296 3658; x_wconf 85' lang='lat' dir='ltr'><strong>IZ&#39;.</strong></span> 
     </span>
    </p>
   </div>
   <div class='ocr_carea' id='block_1_68' title="bbox 442 3693 1942 3766">
    <p class='ocr_par' dir='ltr' id='par_1_68' title="bbox 442 3693 1942 3766">
     <span class='ocr_line' id='line_1_68' title="bbox 442 3693 1942 3766; baseline 0.001 -19"><span class='ocrx_word' id='word_1_513' title='bbox 442 3695 553 3747; x_wconf 72' lang='grc' dir='ltr'><strong>Καὶ</strong></span> <span class='ocrx_word' id='word_1_514' title='bbox 603 3693 706 3766; x_wconf 81' lang='grc' dir='ltr'>μὴν</span> <span class='ocrx_word' id='word_1_515' title='bbox 776 3695 871 3749; x_wconf 78' lang='grc' dir='ltr'><strong>καὶ</strong></span> <span class='ocrx_word' id='word_1_516' title='bbox 935 3693 1005 3748; x_wconf 87' lang='grc' dir='ltr'>τὰ</span> <span class='ocrx_word' id='word_1_517' title='bbox 1055 3694 1204 3765; x_wconf 85' lang='grc' dir='ltr'>παρὰ</span> <span class='ocrx_word' id='word_1_518' title='bbox 1243 3694 1461 3766; x_wconf 80' lang='grc' dir='ltr'>Ἰωάννῃ</span> <span class='ocrx_word' id='word_1_519' title='bbox 1525 3694 1802 3766; x_wconf 80' lang='grc' dir='ltr'>ἀμώμητα</span> <span class='ocrx_word' id='word_1_520' title='bbox 1850 3698 1942 3749; x_wconf 80' lang='grc' dir='ltr'><strong>καί</strong></span> 
     </span>
    </p>
   </div>
   <div class='ocr_carea' id='block_1_69' title="bbox 370 3786 1941 3859">
    <p class='ocr_par' dir='ltr' id='par_1_69' title="bbox 370 3786 1941 3859">
     <span class='ocr_line' id='line_1_69' title="bbox 370 3786 1941 3859; baseline -0.001 -18"><span class='ocrx_word' id='word_1_521' title='bbox 370 3787 710 3859; x_wconf 80' lang='grc' dir='ltr'>ἀνεπίληπτα</span> <span class='ocrx_word' id='word_1_522' title='bbox 751 3787 847 3841; x_wconf 83' lang='grc' dir='ltr'>τοῦ</span> <span class='ocrx_word' id='word_1_523' title='bbox 890 3788 1103 3842; x_wconf 70' lang='grc' dir='ltr'>πάντων</span> <span class='ocrx_word' id='word_1_524' title='bbox 1160 3787 1367 3859; x_wconf 78' lang='grc' dir='ltr'>Κυρίου</span> <span class='ocrx_word' id='word_1_525' title='bbox 1437 3788 1691 3859; x_wconf 81' lang='grc' dir='ltr'>ῥήματα,</span> <span class='ocrx_word' id='word_1_526' title='bbox 1732 3786 1801 3840; x_wconf 78' lang='grc' dir='ltr'><strong>τὰ</strong></span> <span class='ocrx_word' id='word_1_527' title='bbox 1850 3787 1941 3841; x_wconf 82' lang='grc' dir='ltr'><strong>λέ-</strong></span> 
     </span>
    </p>
   </div>
   <div class='ocr_carea' id='block_1_70' title="bbox 373 3876 1947 3949">
    <p class='ocr_par' dir='ltr' id='par_1_70' title="bbox 373 3876 1947 3949">
     <span class='ocr_line' id='line_1_70' title="bbox 373 3876 1947 3949; baseline 0.002 -21"><span class='ocrx_word' id='word_1_528' title='bbox 373 3891 564 3944; x_wconf 75' lang='grc' dir='ltr'>γονταο</span> <span class='ocrx_word' id='word_1_529' title='bbox 604 3894 625 3927; x_wconf 71' lang='grc' dir='ltr'><strong>ι</strong></span> <span class='ocrx_word' id='word_1_530' title='bbox 650 3877 858 3948; x_wconf 80' lang='grc' dir='ltr'>Ὥσπερ</span> <span class='ocrx_word' id='word_1_531' title='bbox 897 3879 926 3930; x_wconf 84' lang='grc' dir='ltr'>ὁ</span> <span class='ocrx_word' id='word_1_532' title='bbox 959 3877 1149 3948; x_wconf 79' lang='grc' dir='ltr'>Πατὴρ</span> <span class='ocrx_word' id='word_1_533' title='bbox 1194 3877 1338 3947; x_wconf 78' lang='grc' dir='ltr'>ζωὴν</span> <span class='ocrx_word' id='word_1_534' title='bbox 1386 3877 1501 3949; x_wconf 74' lang='grc' dir='ltr'>ἔχει</span> <span class='ocrx_word' id='word_1_535' title='bbox 1536 3879 1594 3930; x_wconf 74' lang='grc' dir='ltr'>ὲν</span> <span class='ocrx_word' id='word_1_536' title='bbox 1627 3876 1822 3948; x_wconf 79' lang='grc' dir='ltr'>ἐαυτῷ,</span> <span class='ocrx_word' id='word_1_537' title='bbox 1854 3876 1947 3931; x_wconf 80' lang='grc' dir='ltr'><strong>οὗ·</strong></span> 
     </span>
    </p>
   </div>
   <div class='ocr_carea' id='block_1_71' title="bbox 371 3952 1946 4041">
    <p class='ocr_par' dir='ltr' id='par_1_71' title="bbox 371 3952 1946 4041">
     <span class='ocr_line' id='line_1_71' title="bbox 371 3952 1946 4041; baseline 0.001 -18"><span class='ocrx_word' id='word_1_538' title='bbox 371 3952 480 4031; x_wconf 72' lang='grc' dir='ltr'><strong>τως</strong></span> <span class='ocrx_word' id='word_1_539' title='bbox 542 3967 712 4021; x_wconf 74' lang='grc' dir='ltr'>ἔδωκε</span> <span class='ocrx_word' id='word_1_540' title='bbox 751 3969 846 4021; x_wconf 70' lang='grc' dir='ltr'><strong>καὶ</strong></span> <span class='ocrx_word' id='word_1_541' title='bbox 892 3968 971 4040; x_wconf 81' lang='grc' dir='ltr'><strong>τῷ</strong></span> <span class='ocrx_word' id='word_1_542' title='bbox 1001 3968 1115 4039; x_wconf 79' lang='grc' dir='ltr'><strong>Υξῷ</strong></span> <span class='ocrx_word' id='word_1_543' title='bbox 1148 3968 1291 4041; x_wconf 76' lang='grc' dir='ltr'>ζωὴν</span> <span class='ocrx_word' id='word_1_544' title='bbox 1324 3968 1469 4040; x_wconf 77' lang='grc' dir='ltr'>ἔχειν</span> <span class='ocrx_word' id='word_1_545' title='bbox 1498 3970 1556 4022; x_wconf 81' lang='grc' dir='ltr'>ὲν</span> <span class='ocrx_word' id='word_1_546' title='bbox 1602 3968 1812 4039; x_wconf 75' lang='grc' dir='ltr'>ὲαυτῷο</span> <span class='ocrx_word' id='word_1_547' title='bbox 1851 3971 1946 4024; x_wconf 74' lang='grc' dir='ltr'><strong>καὶ</strong></span> 
     </span>
    </p>
   </div>
   <div class='ocr_carea' id='block_1_72' title="bbox 372 4058 1950 4132">
    <p class='ocr_par' dir='ltr' id='par_1_72' title="bbox 372 4058 1950 4132">
     <span class='ocr_line' id='line_1_72' title="bbox 372 4058 1950 4132; baseline 0.003 -21"><span class='ocrx_word' id='word_1_548' title='bbox 372 4058 620 4125; x_wconf 70' lang='grc' dir='ltr'>ἐξουσίαν</span> <span class='ocrx_word' id='word_1_549' title='bbox 659 4060 857 4113; x_wconf 73' lang='grc' dir='ltr'>εδωκεν</span> <span class='ocrx_word' id='word_1_550' title='bbox 895 4059 1047 4130; x_wconf 79' lang='grc' dir='ltr'>αὑτῷ</span> <span class='ocrx_word' id='word_1_551' title='bbox 1094 4059 1276 4132; x_wconf 85' lang='grc' dir='ltr'>κρίσιν</span> <span class='ocrx_word' id='word_1_552' title='bbox 1326 4062 1522 4125; x_wconf 78' lang='grc' dir='ltr'>ποιεῖν,</span> <span class='ocrx_word' id='word_1_553' title='bbox 1564 4060 1644 4114; x_wconf 82' lang='grc' dir='ltr'>ὅτι</span> <span class='ocrx_word' id='word_1_554' title='bbox 1684 4061 1811 4124; x_wconf 86' lang='grc' dir='ltr'>Υίὸς</span> <span class='ocrx_word' id='word_1_555' title='bbox 1857 4062 1950 4117; x_wconf 78' lang='grc' dir='ltr'><strong>ἁν-</strong></span> 
     </span>
    </p>
   </div>
   <div class='ocr_carea' id='block_1_73' title="bbox 373 4147 1953 4222">
    <p class='ocr_par' dir='ltr' id='par_1_73' title="bbox 373 4147 1953 4222">
     <span class='ocr_line' id='line_1_73' title="bbox 373 4147 1953 4222; baseline 0.002 -20"><span class='ocrx_word' id='word_1_556' title='bbox 373 4147 590 4221; x_wconf 82' lang='grc' dir='ltr'>Θρώπου</span> <span class='ocrx_word' id='word_1_557' title='bbox 628 4150 805 4203; x_wconf 78' lang='grc' dir='ltr'>ἐστίν’</span> <span class='ocrx_word' id='word_1_558' title='bbox 838 4168 859 4203; x_wconf 73' lang='grc' dir='ltr'><strong><em>ι</em></strong></span> <span class='ocrx_word' id='word_1_559' title='bbox 893 4152 988 4205; x_wconf 60' lang='grc' dir='ltr'><strong>καί¹</strong></span> <span class='ocrx_word' id='word_1_560' title='bbox 1027 4151 1214 4205; x_wconf 75' lang='grc' dir='ltr'>πάλιψ</span> <span class='ocrx_word' id='word_1_561' title='bbox 1255 4168 1275 4204; x_wconf 76' lang='grc' dir='ltr'><strong>ι</strong></span> <span class='ocrx_word' id='word_1_562' title='bbox 1299 4150 1407 4214; x_wconf 77' lang='grc' dir='ltr'><strong>Οὓς</strong></span> <span class='ocrx_word' id='word_1_563' title='bbox 1449 4149 1655 4215; x_wconf 82' lang='grc' dir='ltr'><strong>ἔδωκάς</strong></span> <span class='ocrx_word' id='word_1_564' title='bbox 1710 4168 1828 4222; x_wconf 89' lang='grc' dir='ltr'>μοι,</span> <span class='ocrx_word' id='word_1_565' title='bbox 1870 4154 1953 4205; x_wconf 75' lang='grc' dir='ltr'>σοὶ</span> 
     </span>
    </p>
   </div>
   <div class='ocr_carea' id='block_1_74' title="bbox 371 4236 1951 4312">
    <p class='ocr_par' dir='ltr' id='par_1_74' title="bbox 371 4236 1951 4312">
     <span class='ocr_line' id='line_1_74' title="bbox 371 4236 1951 4312; baseline 0.003 -20"><span class='ocrx_word' id='word_1_566' title='bbox 371 4236 531 4311; x_wconf 70' lang='grc' dir='ltr'>ἦσαν,</span> <span class='ocrx_word' id='word_1_567' title='bbox 558 4242 652 4295; x_wconf 77' lang='grc' dir='ltr'><strong>καὶ</strong></span> <span class='ocrx_word' id='word_1_568' title='bbox 678 4242 801 4312; x_wconf 73' lang='grc' dir='ltr'>ἐμοὶ</span> <span class='ocrx_word' id='word_1_569' title='bbox 828 4242 1026 4305; x_wconf 82' lang='grc' dir='ltr'>αὐτοὺς</span> <span class='ocrx_word' id='word_1_570' title='bbox 1048 4241 1287 4305; x_wconf 74' lang='grc' dir='ltr'>ἔδωκας·</span> <span class='ocrx_word' id='word_1_571' title='bbox 1314 4259 1336 4294; x_wconf 74' lang='grc' dir='ltr'><strong><em>ι</em></strong></span> <span class='ocrx_word' id='word_1_572' title='bbox 1363 4244 1456 4296; x_wconf 74' lang='grc' dir='ltr'><strong>καὶ</strong></span> <span class='ocrx_word' id='word_1_573' title='bbox 1485 4242 1651 4299; x_wconf 81' lang='grc' dir='ltr'>πάλιν</span> <span class='ocrx_word' id='word_1_574' title='bbox 1673 4258 1688 4273; x_wconf 75' lang='grc' dir='ltr'><strong><em>ο</em></strong></span> <span class='ocrx_word' id='word_1_575' title='bbox 1719 4262 1737 4294; x_wconf 80' lang='grc' dir='ltr'><strong>ι</strong></span> <span class='ocrx_word' id='word_1_576' title='bbox 1766 4243 1951 4297; x_wconf 80' lang='grc' dir='ltr'>Πάντα</span> 
     </span>
    </p>
   </div>
   <div class='ocr_carea' id='block_1_75' title="bbox 375 4331 1949 4413">
    <p class='ocr_par' dir='ltr' id='par_1_75' title="bbox 375 4331 1949 4413">
     <span class='ocr_line' id='line_1_75' title="bbox 375 4331 1949 4413; baseline 0.002 -30"><span class='ocrx_word' id='word_1_577' title='bbox 375 4347 468 4402; x_wconf 84' lang='grc' dir='ltr'><strong>μοι</strong></span> <span class='ocrx_word' id='word_1_578' title='bbox 502 4332 771 4403; x_wconf 85' lang='grc' dir='ltr'>παρεδόθη</span> <span class='ocrx_word' id='word_1_579' title='bbox 809 4331 957 4403; x_wconf 86' lang='grc' dir='ltr'>παρά</span> <span class='ocrx_word' id='word_1_580' title='bbox 1002 4332 1096 4386; x_wconf 79' lang='grc' dir='ltr'>τοῦ</span> <span class='ocrx_word' id='word_1_581' title='bbox 1126 4332 1341 4413; x_wconf 87' lang='grc' dir='ltr'>Πατρός</span> <span class='ocrx_word' id='word_1_582' title='bbox 1383 4348 1512 4403; x_wconf 75' lang='grc' dir='ltr'>μου·</span> <span class='ocrx_word' id='word_1_583' title='bbox 1544 4352 1560 4383; x_wconf 73' lang='grc' dir='ltr'><strong>ι</strong></span> <span class='ocrx_word' id='word_1_584' title='bbox 1611 4334 1705 4387; x_wconf 71' lang='grc' dir='ltr'><strong>καὶ</strong></span> <span class='ocrx_word' id='word_1_585' title='bbox 1753 4334 1913 4393; x_wconf 86' lang='grc' dir='ltr'>πάλιν</span> <span class='ocrx_word' id='word_1_586' title='bbox 1937 4350 1949 4363; x_wconf 72' lang='grc' dir='ltr'>σ</span> 
     </span>
    </p>
   </div>
   <div class='ocr_carea' id='block_1_76' title="bbox 380 4549 2025 4614">
    <p class='ocr_par' dir='ltr' id='par_1_76' title="bbox 380 4549 2025 4614">
     <span class='ocr_line' id='line_1_76' title="bbox 380 4549 2025 4614; baseline 0.001 -10"><span class='ocrx_word' id='word_1_587' title='bbox 380 4550 506 4607; x_wconf 89' lang='lat' dir='ltr'><strong>tulis</strong></span> <span class='ocrx_word' id='word_1_588' title='bbox 530 4556 748 4610; x_wconf 91' lang='lat' dir='ltr'><strong>secundi</strong></span> <span class='ocrx_word' id='word_1_589' title='bbox 792 4573 856 4612; x_wconf 89' lang='lat' dir='ltr'><strong>ac</strong></span> <span class='ocrx_word' id='word_1_590' title='bbox 901 4559 1043 4613; x_wconf 90' lang='lat' dir='ltr'><strong>tertii</strong></span> <span class='ocrx_word' id='word_1_591' title='bbox 1089 4558 1209 4613; x_wconf 88' lang='lat' dir='ltr'><strong>libri</strong></span> <span class='ocrx_word' id='word_1_592' title='bbox 1248 4573 1280 4614; x_wconf 91' lang='lat' dir='ltr'><strong>e</strong></span> <span class='ocrx_word' id='word_1_593' title='bbox 1327 4558 1713 4614; x_wconf 86' lang='lat' dir='ltr'><strong>Passtoneiano</strong></span> <span class='ocrx_word' id='word_1_594' title='bbox 1760 4557 1945 4611; x_wconf 83' lang='lat' dir='ltr'><strong>codice</strong></span> <span class='ocrx_word' id='word_1_595' title='bbox 1982 4549 2025 4605; x_wconf 76' lang='grc' dir='ltr'><strong>Β</strong></span> 
     </span>
    </p>
   </div>
   <div class='ocr_carea' id='block_1_77' title="bbox 376 4622 1942 4697">
    <p class='ocr_par' dir='ltr' id='par_1_77' title="bbox 376 4622 1942 4697">
     <span class='ocr_line' id='line_1_77' title="bbox 376 4622 1942 4697; baseline 0.006 -26"><span class='ocrx_word' id='word_1_596' title='bbox 376 4622 630 4697; x_wconf 68' lang='lat' dir='ltr'><strong>superius</strong></span> <span class='ocrx_word' id='word_1_597' title='bbox 651 4626 881 4697; x_wconf 71' lang='lat' dir='ltr'><strong>lideliter</strong></span> <span class='ocrx_word' id='word_1_598' title='bbox 910 4628 1229 4697; x_wconf 79' lang='lat' dir='ltr'><strong>exscriptis,</strong></span> <span class='ocrx_word' id='word_1_599' title='bbox 1274 4639 1385 4697; x_wconf 82' lang='lat' dir='ltr'><strong>tum</strong></span> <span class='ocrx_word' id='word_1_600' title='bbox 1412 4645 1476 4683; x_wconf 79' lang='lat' dir='ltr'><strong>ex</strong></span> <span class='ocrx_word' id='word_1_601' title='bbox 1511 4643 1631 4697; x_wconf 90' lang='lat' dir='ltr'><strong>pag.</strong></span> <span class='ocrx_word' id='word_1_602' title='bbox 1664 4626 1789 4690; x_wconf 73' lang='grc'>146,</span> <span class='ocrx_word' id='word_1_603' title='bbox 1816 4626 1942 4691; x_wconf 80' lang='grc'>175,</span> 
     </span>
    </p>
   </div>
   <div class='ocr_carea' id='block_1_78' title="bbox 378 4690 1942 4765">
    <p class='ocr_par' dir='ltr' id='par_1_78' title="bbox 378 4690 1942 4765">
     <span class='ocr_line' id='line_1_78' title="bbox 378 4690 1942 4765; baseline 0.002 -21"><span class='ocrx_word' id='word_1_604' title='bbox 378 4690 484 4745; x_wconf 78' lang='grc'><strong>185</strong></span> <span class='ocrx_word' id='word_1_605' title='bbox 524 4693 745 4765; x_wconf 16' lang='lat'><strong>947219;</strong></span> <span class='ocrx_word' id='word_1_606' title='bbox 778 4706 887 4749; x_wconf 89' lang='lat' dir='ltr'><strong>tum</strong></span> <span class='ocrx_word' id='word_1_607' title='bbox 934 4690 1149 4753; x_wconf 44' lang='lat' dir='ltr'><strong>demo-tn</strong></span> <span class='ocrx_word' id='word_1_608' title='bbox 1199 4690 1265 4752; x_wconf 80' lang='lat' dir='ltr'><strong>ex</strong></span> <span class='ocrx_word' id='word_1_609' title='bbox 1306 4690 1546 4762; x_wconf 77' lang='lat' dir='ltr'><strong>Socrate,</strong></span> <span class='ocrx_word' id='word_1_610' title='bbox 1574 4690 1662 4765; x_wconf 71' lang='lat' dir='ltr'><strong>qui</strong></span> <span class='ocrx_word' id='word_1_611' title='bbox 1705 4697 1841 4750; x_wconf 87' lang='lat' dir='ltr'><strong>libro</strong></span> <span class='ocrx_word' id='word_1_612' title='bbox 1868 4690 1942 4759; x_wconf 83' lang='lat' dir='ltr'><strong>tv,</strong></span> 
     </span>
    </p>
   </div>
   <div class='ocr_carea' id='block_1_79' title="bbox 377 4760 1949 4836">
    <p class='ocr_par' dir='ltr' id='par_1_79' title="bbox 377 4760 1949 4836">
     <span class='ocr_line' id='line_1_79' title="bbox 377 4760 1949 4836; baseline 0.003 -20"><span class='ocrx_word' id='word_1_613' title='bbox 377 4760 610 4836; x_wconf 41' lang='grc' dir='ltr'>(λοιπῷ,</span> <span class='ocrx_word' id='word_1_614' title='bbox 628 4778 765 4836; x_wconf 68' lang='lat' dir='ltr'><strong>opus</strong></span> <span class='ocrx_word' id='word_1_615' title='bbox 792 4767 956 4836; x_wconf 86' lang='lat' dir='ltr'><strong>hocce</strong></span> <span class='ocrx_word' id='word_1_616' title='bbox 979 4767 1245 4836; x_wconf 81' lang='lat' dir='ltr'><strong>appellat:</strong></span> <span class='ocrx_word' id='word_1_617' title='bbox 1278 4766 1353 4821; x_wconf 86' lang='grc' dir='ltr'><em>Τὰ</em></span> <span class='ocrx_word' id='word_1_618' title='bbox 1379 4767 1513 4835; x_wconf 79' lang='grc' dir='ltr'>περὶ</span> <span class='ocrx_word' id='word_1_619' title='bbox 1535 4760 1788 4834; x_wconf 66' lang='grc' dir='ltr'>Τριάδος</span> <span class='ocrx_word' id='word_1_620' title='bbox 1815 4767 1949 4835; x_wconf 77' lang='grc' dir='ltr'>τρία</span> 
     </span>
    </p>
   </div>
   <div class='ocr_carea' id='block_1_80' title="bbox 376 4830 1938 4893">
    <p class='ocr_par' dir='ltr' id='par_1_80' title="bbox 376 4830 1938 4893">
     <span class='ocr_line' id='line_1_80' title="bbox 376 4830 1938 4893; baseline 0.004 -11"><span class='ocrx_word' id='word_1_621' title='bbox 376 4830 603 4893; x_wconf 75' lang='grc' dir='ltr'>βιϐλία.</span> <span class='ocrx_word' id='word_1_622' title='bbox 642 4832 798 4889; x_wconf 84' lang='lat' dir='ltr'><strong>Parvi</strong></span> <span class='ocrx_word' id='word_1_623' title='bbox 834 4830 1064 4891; x_wconf 69' lang='lat' dir='ltr'><strong>forsitan</strong></span> <span class='ocrx_word' id='word_1_624' title='bbox 1091 4839 1346 4892; x_wconf 85' lang='lat' dir='ltr'><strong>momenti</strong></span> <span class='ocrx_word' id='word_1_625' title='bbox 1375 4830 1642 4893; x_wconf 78' lang='lat' dir='ltr'><strong>videbitur</strong></span> <span class='ocrx_word' id='word_1_626' title='bbox 1684 4830 1798 4890; x_wconf 62' lang='lat' dir='ltr'><strong>liaic</strong></span> <span class='ocrx_word' id='word_1_627' title='bbox 1840 4830 1938 4889; x_wconf 73' lang='lat' dir='ltr'><strong>ad-</strong></span> 
     </span>
    </p>
   </div>
   <div class='ocr_carea' id='block_1_81' title="bbox 378 4904 1949 4980">
    <p class='ocr_par' dir='ltr' id='par_1_81' title="bbox 378 4904 1949 4980">
     <span class='ocr_line' id='line_1_81' title="bbox 378 4904 1949 4980; baseline 0.003 -27"><span class='ocrx_word' id='word_1_628' title='bbox 378 4904 587 4980; x_wconf 71' lang='lat' dir='ltr'><strong>notatio</strong></span> <span class='ocrx_word' id='word_1_629' title='bbox 610 4942 626 4967; x_wconf 95' lang='lat'><strong>,</strong></span> <span class='ocrx_word' id='word_1_630' title='bbox 654 4904 747 4980; x_wconf 55' lang='lat' dir='ltr'><strong>sed</strong></span> <span class='ocrx_word' id='word_1_631' title='bbox 780 4906 956 4980; x_wconf 82' lang='lat' dir='ltr'><strong>reipsa</strong></span> <span class='ocrx_word' id='word_1_632' title='bbox 993 4920 1097 4960; x_wconf 90' lang='lat' dir='ltr'><strong>non</strong></span> <span class='ocrx_word' id='word_1_633' title='bbox 1129 4917 1213 4980; x_wconf 82' lang='lat' dir='ltr'><strong>est</strong></span> <span class='ocrx_word' id='word_1_634' title='bbox 1253 4906 1603 4980; x_wconf 67' lang='lat' dir='ltr'><strong>huiusmodi;</strong></span> <span class='ocrx_word' id='word_1_635' title='bbox 1632 4904 1776 4960; x_wconf 87' lang='lat' dir='ltr'><strong>valet</strong></span> <span class='ocrx_word' id='word_1_636' title='bbox 1793 4904 1949 4980; x_wconf 73' lang='lat' dir='ltr'><strong>enim</strong></span> 
     </span>
    </p>
   </div>
   <div class='ocr_carea' id='block_1_82' title="bbox 378 4971 1947 5042">
    <p class='ocr_par' dir='ltr' id='par_1_82' title="bbox 378 4971 1947 5042">
     <span class='ocr_line' id='line_1_82' title="bbox 378 4971 1947 5042; baseline 0.003 -20"><span class='ocrx_word' id='word_1_637' title='bbox 378 4971 446 5042; x_wconf 69' lang='lat' dir='ltr'><strong>ad</strong></span> <span class='ocrx_word' id='word_1_638' title='bbox 466 4971 527 5042; x_wconf 82' lang='lat' dir='ltr'><strong>id</strong></span> <span class='ocrx_word' id='word_1_639' title='bbox 553 4971 982 5028; x_wconf 77' lang='lat' dir='ltr'><strong>conﬁrmandum</strong></span> <span class='ocrx_word' id='word_1_640' title='bbox 1017 4976 1160 5042; x_wconf 90' lang='lat' dir='ltr'><strong>quod</strong></span> <span class='ocrx_word' id='word_1_641' title='bbox 1185 4971 1341 5042; x_wconf 60' lang='lat' dir='ltr'><strong>volui</strong></span> <span class='ocrx_word' id='word_1_642' title='bbox 1375 4976 1529 5030; x_wconf 86' lang='lat' dir='ltr'><strong>citari</strong></span> <span class='ocrx_word' id='word_1_643' title='bbox 1566 4971 1760 5042; x_wconf 89' lang='lat' dir='ltr'><strong>nempe</strong></span> <span class='ocrx_word' id='word_1_644' title='bbox 1792 4975 1884 5029; x_wconf 89' lang='lat' dir='ltr'><strong>hic</strong></span> <span class='ocrx_word' id='word_1_645' title='bbox 1917 4988 1947 5027; x_wconf 88' lang='lat' dir='ltr'><strong>a</strong></span> 
     </span>
    </p>
   </div>
   <div class='ocr_carea' id='block_1_83' title="bbox 378 5038 1947 5114">
    <p class='ocr_par' dir='ltr' id='par_1_83' title="bbox 378 5038 1947 5114">
     <span class='ocr_line' id='line_1_83' title="bbox 378 5038 1947 5114; baseline 0.006 -25"><span class='ocrx_word' id='word_1_646' title='bbox 378 5038 606 5114; x_wconf 72' lang='lat' dir='ltr'><strong>pidymo</strong></span> <span class='ocrx_word' id='word_1_647' title='bbox 630 5056 765 5109; x_wconf 86' lang='lat' dir='ltr'><strong>opus</strong></span> <span class='ocrx_word' id='word_1_648' title='bbox 785 5042 862 5097; x_wconf 75' lang='lat' dir='ltr'><strong>De</strong></span> <span class='ocrx_word' id='word_1_649' title='bbox 883 5038 1087 5114; x_wconf 79' lang='lat' dir='ltr'><strong>Spiriiu</strong></span> <span class='ocrx_word' id='word_1_650' title='bbox 1104 5054 1284 5099; x_wconf 70' lang='lat' dir='ltr'><strong>saneto</strong></span> <span class='ocrx_word' id='word_1_651' title='bbox 1317 5038 1385 5098; x_wconf 68' lang='lat' dir='ltr'><strong>ab</strong></span> <span class='ocrx_word' id='word_1_652' title='bbox 1415 5038 1743 5114; x_wconf 75' lang='lat' dir='ltr'><strong>Hieronymo</strong></span> <span class='ocrx_word' id='word_1_653' title='bbox 1768 5056 1947 5114; x_wconf 81' lang='lat' dir='ltr'><strong>trans-</strong></span> 
     </span>
    </p>
   </div>
   <div class='ocr_carea' id='block_1_84' title="bbox 376 5106 1948 5175">
    <p class='ocr_par' dir='ltr' id='par_1_84' title="bbox 376 5106 1948 5175">
     <span class='ocr_line' id='line_1_84' title="bbox 376 5106 1948 5175; baseline 0.006 -17"><span class='ocrx_word' id='word_1_654' title='bbox 376 5106 568 5175; x_wconf 71' lang='lat' dir='ltr'><strong>latum,</strong></span> <span class='ocrx_word' id='word_1_655' title='bbox 610 5106 716 5165; x_wconf 81' lang='lat' dir='ltr'><strong>non</strong></span> <span class='ocrx_word' id='word_1_656' title='bbox 760 5128 887 5167; x_wconf 88' lang='lat' dir='ltr'><strong>vero</strong></span> <span class='ocrx_word' id='word_1_657' title='bbox 922 5106 1228 5168; x_wconf 73' lang='lat' dir='ltr'><strong>secundum</strong></span> <span class='ocrx_word' id='word_1_658' title='bbox 1277 5128 1345 5167; x_wconf 78' lang='lat' dir='ltr'><strong>ex</strong></span> <span class='ocrx_word' id='word_1_659' title='bbox 1392 5116 1563 5167; x_wconf 85' lang='lat' dir='ltr'><strong>tribus</strong></span> <span class='ocrx_word' id='word_1_660' title='bbox 1616 5106 1764 5168; x_wconf 80' lang='lat' dir='ltr'><strong>hisce</strong></span> <span class='ocrx_word' id='word_1_661' title='bbox 1796 5112 1948 5167; x_wconf 89' lang='lat' dir='ltr'><strong>libris</strong></span> 
     </span>
    </p>
   </div>
   <div class='ocr_carea' id='block_1_85' title="bbox 380 5176 1945 5251">
    <p class='ocr_par' dir='ltr' id='par_1_85' title="bbox 380 5176 1945 5251">
     <span class='ocr_line' id='line_1_85' title="bbox 380 5176 1945 5251; baseline 0.003 -21"><span class='ocrx_word' id='word_1_662' title='bbox 380 5176 454 5251; x_wconf 61' lang='lat' dir='ltr'><strong>Qa</strong></span> <span class='ocrx_word' id='word_1_663' title='bbox 496 5177 779 5251; x_wconf 69' lang='lat' dir='ltr'><strong>Trinitate,</strong></span> <span class='ocrx_word' id='word_1_664' title='bbox 813 5183 1063 5251; x_wconf 83' lang='lat' dir='ltr'><strong>quamvis</strong></span> <span class='ocrx_word' id='word_1_665' title='bbox 1097 5184 1241 5238; x_wconf 90' lang='lat' dir='ltr'><strong>hunc</strong></span> <span class='ocrx_word' id='word_1_666' title='bbox 1272 5182 1529 5251; x_wconf 85' lang='lat' dir='ltr'><strong>librarius</strong></span> <span class='ocrx_word' id='word_1_667' title='bbox 1566 5182 1904 5251; x_wconf 87' lang='lat' dir='ltr'><strong>inscripserit</strong></span> <span class='ocrx_word' id='word_1_668' title='bbox 1933 5199 1945 5234; x_wconf 94' lang='lat'><strong>:</strong></span> 
     </span>
    </p>
   </div>
   <div class='ocr_carea' id='block_1_86' title="bbox 379 5246 1951 5323">
    <p class='ocr_par' dir='ltr' id='par_1_86' title="bbox 379 5246 1951 5323">
     <span class='ocr_line' id='line_1_86' title="bbox 379 5246 1951 5323; baseline -0.007 -8"><span class='ocrx_word' id='word_1_669' title='bbox 379 5246 517 5314; x_wconf 73' lang='grc' dir='ltr'><strong>Περὶ</strong></span> <span class='ocrx_word' id='word_1_670' title='bbox 546 5248 653 5303; x_wconf 84' lang='grc' dir='ltr'>τοῦ</span> <span class='ocrx_word' id='word_1_671' title='bbox 680 5246 854 5320; x_wconf 66' lang='lat' dir='ltr'><strong>artat)</strong></span> <span class='ocrx_word' id='word_1_672' title='bbox 881 5253 1247 5323; x_wconf 81' lang='grc' dir='ltr'>Πνεύματος,</span> <span class='ocrx_word' id='word_1_673' title='bbox 1276 5253 1326 5307; x_wconf 87' lang='lat' dir='ltr'><strong>id</strong></span> <span class='ocrx_word' id='word_1_674' title='bbox 1357 5264 1462 5316; x_wconf 83' lang='lat' dir='ltr'><strong>est,</strong></span> <span class='ocrx_word' id='word_1_675' title='bbox 1485 5250 1559 5323; x_wconf 80' lang='lat' dir='ltr'><strong>De</strong></span> <span class='ocrx_word' id='word_1_676' title='bbox 1589 5246 1798 5323; x_wconf 72' lang='lat' dir='ltr'><strong>Spiritu</strong></span> <span class='ocrx_word' id='word_1_677' title='bbox 1824 5268 1951 5323; x_wconf 77' lang='lat' dir='ltr'><strong>san-</strong></span> 
     </span>
    </p>
   </div>
   <div class='ocr_carea' id='block_1_87' title="bbox 377 5321 1947 5445">
    <p class='ocr_par' dir='ltr' id='par_1_87' title="bbox 377 5321 1947 5445">
     <span class='ocr_line' id='line_1_87' title="bbox 377 5321 1947 5391; baseline 0.005 -25"><span class='ocrx_word' id='word_1_678' title='bbox 377 5324 482 5379; x_wconf 80' lang='lat' dir='ltr'><strong>cto,</strong></span> <span class='ocrx_word' id='word_1_679' title='bbox 515 5330 796 5388; x_wconf 71' lang='lat' dir='ltr'><strong>propterea</strong></span> <span class='ocrx_word' id='word_1_680' title='bbox 825 5323 967 5391; x_wconf 88' lang='lat' dir='ltr'><strong>quod</strong></span> <span class='ocrx_word' id='word_1_681' title='bbox 1000 5321 1065 5377; x_wconf 78' lang='lat' dir='ltr'><strong>de</strong></span> <span class='ocrx_word' id='word_1_682' title='bbox 1089 5321 1288 5390; x_wconf 80' lang='lat' dir='ltr'><strong>Spiritu</strong></span> <span class='ocrx_word' id='word_1_683' title='bbox 1319 5333 1504 5376; x_wconf 87' lang='lat' dir='ltr'><strong>sancto</strong></span> <span class='ocrx_word' id='word_1_684' title='bbox 1531 5321 1601 5376; x_wconf 93' lang='lat' dir='ltr'><strong>ibi</strong></span> <span class='ocrx_word' id='word_1_685' title='bbox 1647 5335 1827 5376; x_wconf 86' lang='lat' dir='ltr'><strong>sermo</strong></span> <span class='ocrx_word' id='word_1_686' title='bbox 1858 5321 1947 5385; x_wconf 90' lang='lat' dir='ltr'><strong>sit,</strong></span> 
     </span>
     <span class='ocr_line' id='line_1_88' title="bbox 378 5388 1554 5445; baseline 0.005 -8"><span class='ocrx_word' id='word_1_687' title='bbox 378 5398 517 5439; x_wconf 82' lang='lat' dir='ltr'><strong>SlCtll.</strong></span> <span class='ocrx_word' id='word_1_688' title='bbox 547 5390 612 5441; x_wconf 84' lang='lat' dir='ltr'><strong>de</strong></span> <span class='ocrx_word' id='word_1_689' title='bbox 639 5388 776 5443; x_wconf 83' lang='lat' dir='ltr'><strong>Filio</strong></span> <span class='ocrx_word' id='word_1_690' title='bbox 799 5406 979 5445; x_wconf 89' lang='lat' dir='ltr'><strong>sermo</strong></span> <span class='ocrx_word' id='word_1_691' title='bbox 1004 5400 1090 5445; x_wconf 89' lang='lat' dir='ltr'><strong>est</strong></span> <span class='ocrx_word' id='word_1_692' title='bbox 1114 5392 1165 5445; x_wconf 92' lang='lat' dir='ltr'><strong>in</strong></span> <span class='ocrx_word' id='word_1_693' title='bbox 1194 5390 1370 5445; x_wconf 89' lang='lat' dir='ltr'><strong>urimo</strong></span> <span class='ocrx_word' id='word_1_694' title='bbox 1399 5392 1554 5445; x_wconf 89' lang='lat' dir='ltr'><strong>libro.</strong></span> 
     </span>
    </p>
   </div>
   <div class='ocr_carea' id='block_1_88' title="bbox 583 5406 1554 5459">
    <p class='ocr_par' dir='ltr' id='par_1_88' title="bbox 583 5406 1554 5459">
     <span class='ocr_line' id='line_1_89' title="bbox 583 5406 1554 5459; baseline 0.002 -18"><span class='ocrx_word' id='word_1_695' title='bbox 583 5407 612 5441; x_wconf 85' lang='lat' dir='ltr'><strong>e</strong></span> <span class='ocrx_word' id='word_1_696' title='bbox 639 5406 666 5441; x_wconf 82' lang='grc' dir='ltr'>ι·</span> <span class='ocrx_word' id='word_1_697' title='bbox 685 5406 776 5443; x_wconf 90' lang='lat' dir='ltr'><strong>mo</strong></span> <span class='ocrx_word' id='word_1_698' title='bbox 799 5406 979 5445; x_wconf 89' lang='lat' dir='ltr'><strong>sermo</strong></span> <span class='ocrx_word' id='word_1_699' title='bbox 1004 5406 1090 5446; x_wconf 74' lang='lat' dir='ltr'><strong>eet</strong></span> <span class='ocrx_word' id='word_1_700' title='bbox 1114 5407 1165 5446; x_wconf 88' lang='lat' dir='ltr'><strong>In</strong></span> <span class='ocrx_word' id='word_1_701' title='bbox 1194 5406 1370 5459; x_wconf 89' lang='lat' dir='ltr'><strong>prnno</strong></span> <span class='ocrx_word' id='word_1_702' title='bbox 1399 5406 1554 5459; x_wconf 81' lang='lat' dir='ltr'><strong>noro.</strong></span> 
     </span>
    </p>
   </div>
   <div class='ocr_carea' id='block_1_89' title="bbox 377 5456 1951 5581">
    <p class='ocr_par' dir='ltr' id='par_1_89' title="bbox 377 5456 1951 5581">
     <span class='ocr_line' id='line_1_90' title="bbox 377 5456 1951 5581; baseline 0.005 -74"><span class='ocrx_word' id='word_1_703' title='bbox 377 5456 675 5581; x_wconf 43' lang='lat' dir='ltr'><strong>“ganglia</strong></span> <span class='ocrx_word' id='word_1_704' title='bbox 707 5460 1019 5516; x_wconf 79' lang='lat' dir='ltr'><strong>immortali.</strong></span> <span class='ocrx_word' id='word_1_705' title='bbox 1049 5456 1251 5527; x_wconf 73' lang='lat' dir='ltr'><strong>Codex,</strong></span> <span class='ocrx_word' id='word_1_706' title='bbox 1284 5459 1361 5531; x_wconf 83' lang='grc' dir='ltr'><strong>τῷ</strong></span> <span class='ocrx_word' id='word_1_707' title='bbox 1396 5458 1632 5531; x_wconf 82' lang='grc' dir='ltr'>θανάτῳ.</span> <span class='ocrx_word' id='word_1_708' title='bbox 1675 5458 1842 5530; x_wconf 86' lang='lat' dir='ltr'><strong>Lego,</strong></span> <span class='ocrx_word' id='word_1_709' title='bbox 1872 5458 1951 5530; x_wconf 77' lang='grc' dir='ltr'><strong>τῷ</strong></span> 
     </span>
    </p>
   </div>
   <div class='ocr_carea' id='block_1_90' title="bbox 448 5579 656 5664">
    <p class='ocr_par' dir='ltr' id='par_1_90' title="bbox 448 5579 656 5664">
     <span class='ocr_line' id='line_1_91' title="bbox 448 5579 656 5664; baseline -0.014 -11"><span class='ocrx_word' id='word_1_710' title='bbox 448 5579 656 5664; x_wconf 61' lang='grc' dir='ltr'>ιδιηίιὲ</span> 
     </span>
    </p>
   </div>
   <div class='ocr_carea' id='block_1_91' title="bbox 379 5665 645 5735">
    <p class='ocr_par' dir='ltr' id='par_1_91' title="bbox 379 5665 645 5735">
     <span class='ocr_line' id='line_1_92' title="bbox 379 5665 645 5735; baseline -0.008 -14"><span class='ocrx_word' id='word_1_711' title='bbox 379 5665 645 5735; x_wconf 76' lang='grc' dir='ltr'>στρόφως.</span> 
     </span>
    </p>
   </div>
   <div class='ocr_carea' id='block_1_92' title="bbox 438 5734 1945 5807">
    <p class='ocr_par' dir='ltr' id='par_1_92' title="bbox 438 5734 1945 5807">
     <span class='ocr_line' id='line_1_93' title="bbox 438 5734 1945 5807; baseline 0.004 -19"><span class='ocrx_word' id='word_1_712' title='bbox 438 5736 529 5807; x_wconf 74' lang='grc'><strong>(81</strong></span> <span class='ocrx_word' id='word_1_713' title='bbox 540 5744 560 5805; x_wconf 85' lang='grc'><strong>)</strong></span> <span class='ocrx_word' id='word_1_714' title='bbox 591 5734 732 5793; x_wconf 73' lang='lat' dir='ltr'><strong>Deus</strong></span> <span class='ocrx_word' id='word_1_715' title='bbox 760 5748 867 5807; x_wconf 80' lang='lat' dir='ltr'><strong>eu.</strong></span> <span class='ocrx_word' id='word_1_716' title='bbox 915 5736 1037 5793; x_wconf 82' lang='lat' dir='ltr'><strong>Haec</strong></span> <span class='ocrx_word' id='word_1_717' title='bbox 1077 5736 1255 5792; x_wconf 88' lang='lat' dir='ltr'><strong>addidi</strong></span> <span class='ocrx_word' id='word_1_718' title='bbox 1296 5753 1361 5793; x_wconf 73' lang='lat' dir='ltr'><strong>es</strong></span> <span class='ocrx_word' id='word_1_719' title='bbox 1394 5736 1750 5807; x_wconf 74' lang='lat' dir='ltr'><strong>conjectura;</strong></span> <span class='ocrx_word' id='word_1_720' title='bbox 1780 5737 1945 5807; x_wconf 87' lang='lat' dir='ltr'><strong>deest</strong></span> 
     </span>
    </p>
   </div>
   <div class='ocr_carea' id='block_1_93' title="bbox 378 5804 1838 5877">
    <p class='ocr_par' dir='ltr' id='par_1_93' title="bbox 378 5804 1838 5877">
     <span class='ocr_line' id='line_1_94' title="bbox 378 5804 1838 5877; baseline 0.001 -18"><span class='ocrx_word' id='word_1_721' title='bbox 378 5806 521 5859; x_wconf 84' lang='lat' dir='ltr'><strong>enim</strong></span> <span class='ocrx_word' id='word_1_722' title='bbox 542 5804 861 5861; x_wconf 76' lang='lat' dir='ltr'><strong>vocabulum</strong></span> <span class='ocrx_word' id='word_1_723' title='bbox 896 5807 1111 5876; x_wconf 79' lang='lat' dir='ltr'><strong>aliquod</strong></span> <span class='ocrx_word' id='word_1_724' title='bbox 1138 5808 1190 5859; x_wconf 92' lang='lat' dir='ltr'><strong>in</strong></span> <span class='ocrx_word' id='word_1_725' title='bbox 1216 5808 1423 5864; x_wconf 85' lang='lat' dir='ltr'><strong>codice.</strong></span> <span class='ocrx_word' id='word_1_726' title='bbox 1453 5804 1541 5864; x_wconf 63' lang='lat' dir='ltr'><strong>ei.</strong></span> <span class='ocrx_word' id='word_1_727' title='bbox 1570 5822 1650 5877; x_wconf 81' lang='lat' dir='ltr'><strong>gr.</strong></span> <span class='ocrx_word' id='word_1_728' title='bbox 1687 5804 1838 5870; x_wconf 81' lang='grc' dir='ltr'>θεός.</span> 
     </span>
    </p>
   </div>
   <div class='ocr_carea' id='block_1_94' title="bbox 616 5895 1381 5959">
    <p class='ocr_par' dir='ltr' id='par_1_94' title="bbox 616 5895 1381 5959">
     <span class='ocr_line' id='line_1_95' title="bbox 616 5895 1381 5959; baseline 0.004 -4"><span class='ocrx_word' id='word_1_729' title='bbox 616 5896 888 5957; x_wconf 58' lang='lat' dir='ltr'><strong>lumen.</strong></span> <span class='ocrx_word' id='word_1_730' title='bbox 926 5897 1044 5958; x_wconf 79' lang='lat' dir='ltr'><strong>Gn.</strong></span> <span class='ocrx_word' id='word_1_731' title='bbox 1079 5895 1381 5959; x_wconf 87' lang='lat' dir='ltr'><strong>XXXIX.</strong></span> 
     </span>
    </p>
   </div>
   <div class='ocr_carea' id='block_1_95' title="bbox 657 5597 1948 5671">
    <p class='ocr_par' dir='ltr' id='par_1_95' title="bbox 657 5597 1948 5671">
     <span class='ocr_line' id='line_1_96' title="bbox 657 5597 1948 5671; baseline -0.001 -18"><span class='ocrx_word' id='word_1_732' title='bbox 657 5600 881 5669; x_wconf 79' lang='lat' dir='ltr'><strong>ciproce.</strong></span> <span class='ocrx_word' id='word_1_733' title='bbox 930 5598 1138 5666; x_wconf 82' lang='lat' dir='ltr'><strong>Codex,</strong></span> <span class='ocrx_word' id='word_1_734' title='bbox 1183 5598 1576 5671; x_wconf 76' lang='grc' dir='ltr'>ἀντιστρόπως.</span> <span class='ocrx_word' id='word_1_735' title='bbox 1606 5597 1771 5666; x_wconf 82' lang='lat' dir='ltr'><strong>Lego,</strong></span> <span class='ocrx_word' id='word_1_736' title='bbox 1799 5597 1948 5652; x_wconf 85' lang='grc' dir='ltr'>ἀντι-</span> 
     </span>
    </p>
   </div>
   <div class='ocr_carea' id='block_1_96' title="bbox 2659 3604 3013 3660">
    <p class='ocr_par' dir='ltr' id='par_1_96' title="bbox 2659 3604 3013 3660">
     <span class='ocr_line' id='line_1_97' title="bbox 2659 3604 3013 3660; baseline -0.003 0"><span class='ocrx_word' id='word_1_737' title='bbox 2659 3604 2811 3660; x_wconf 83' lang='lat' dir='ltr'><strong>CAP.</strong></span> <span class='ocrx_word' id='word_1_738' title='bbox 2855 3605 3013 3659; x_wconf 80' lang='lat' dir='ltr'><strong>XVII.</strong></span> 
     </span>
    </p>
   </div>
   <div class='ocr_carea' id='block_1_97' title="bbox 2124 3695 3629 3766">
    <p class='ocr_par' dir='ltr' id='par_1_97' title="bbox 2124 3695 3629 3766">
     <span class='ocr_line' id='line_1_98' title="bbox 2124 3695 3629 3766; baseline 0.002 -17"><span class='ocrx_word' id='word_1_739' title='bbox 2124 3695 2287 3763; x_wconf 72' lang='lat' dir='ltr'><strong>Atqui</strong></span> <span class='ocrx_word' id='word_1_740' title='bbox 2317 3697 2479 3751; x_wconf 86' lang='lat' dir='ltr'><strong>verba</strong></span> <span class='ocrx_word' id='word_1_741' title='bbox 2509 3695 2674 3749; x_wconf 85' lang='lat' dir='ltr'><strong>etiam</strong></span> <span class='ocrx_word' id='word_1_742' title='bbox 2716 3696 3217 3763; x_wconf 80' lang='lat' dir='ltr'><strong>irreprehensihilia</strong></span> <span class='ocrx_word' id='word_1_743' title='bbox 3266 3704 3318 3750; x_wconf 89' lang='lat' dir='ltr'><strong>et</strong></span> <span class='ocrx_word' id='word_1_744' title='bbox 3338 3697 3629 3766; x_wconf 84' lang='lat' dir='ltr'><strong>inculpata,</strong></span> 
     </span>
    </p>
   </div>
   <div class='ocr_carea' id='block_1_98' title="bbox 2054 3785 3630 3854">
    <p class='ocr_par' dir='ltr' id='par_1_98' title="bbox 2054 3785 3630 3854">
     <span class='ocr_line' id='line_1_99' title="bbox 2054 3785 3630 3854; baseline 0.006 -18"><span class='ocrx_word' id='word_1_745' title='bbox 2054 3801 2172 3854; x_wconf 73' lang='lat' dir='ltr'><strong>qua:</strong></span> <span class='ocrx_word' id='word_1_746' title='bbox 2197 3787 2265 3839; x_wconf 87' lang='lat' dir='ltr'><strong>ab</strong></span> <span class='ocrx_word' id='word_1_747' title='bbox 2288 3786 2529 3840; x_wconf 90' lang='lat' dir='ltr'><strong>omnium</strong></span> <span class='ocrx_word' id='word_1_748' title='bbox 2565 3786 2793 3840; x_wconf 88' lang='lat' dir='ltr'><strong>Domino</strong></span> <span class='ocrx_word' id='word_1_749' title='bbox 2827 3788 2966 3852; x_wconf 85' lang='lat' dir='ltr'><strong>apud</strong></span> <span class='ocrx_word' id='word_1_750' title='bbox 2999 3785 3258 3842; x_wconf 84' lang='lat' dir='ltr'><strong>Joannem</strong></span> <span class='ocrx_word' id='word_1_751' title='bbox 3300 3787 3441 3841; x_wconf 74' lang='lat' dir='ltr'><strong>dit-ta</strong></span> <span class='ocrx_word' id='word_1_752' title='bbox 3472 3799 3630 3845; x_wconf 88' lang='lat' dir='ltr'><strong>sunt:</strong></span> 
     </span>
    </p>
   </div>
   <div class='ocr_carea' id='block_1_99' title="bbox 2058 3876 3632 3950">
    <p class='ocr_par' dir='ltr' id='par_1_99' title="bbox 2058 3876 3632 3950">
     <span class='ocr_line' id='line_1_100' title="bbox 2058 3876 3632 3950; baseline 0.004 -22"><span class='ocrx_word' id='word_1_753' title='bbox 2058 3876 2393 3950; x_wconf 65' lang='lat' dir='ltr'><strong>«Sicut(85)</strong></span> <span class='ocrx_word' id='word_1_754' title='bbox 2444 3877 2605 3933; x_wconf 83' lang='lat' dir='ltr'><strong>Pater</strong></span> <span class='ocrx_word' id='word_1_755' title='bbox 2667 3877 2833 3931; x_wconf 87' lang='lat' dir='ltr'><strong>vitam</strong></span> <span class='ocrx_word' id='word_1_756' title='bbox 2891 3878 3055 3932; x_wconf 85' lang='lat' dir='ltr'><strong>habet</strong></span> <span class='ocrx_word' id='word_1_757' title='bbox 3096 3879 3148 3932; x_wconf 93' lang='lat' dir='ltr'><strong>in</strong></span> <span class='ocrx_word' id='word_1_758' title='bbox 3209 3879 3632 3948; x_wconf 81' lang='lat' dir='ltr'><strong>semctipso,sie</strong></span> 
     </span>
    </p>
   </div>
   <div class='ocr_carea' id='block_1_100' title="bbox 2052 3968 3633 4043">
    <p class='ocr_par' dir='ltr' id='par_1_100' title="bbox 2052 3968 3633 4043">
     <span class='ocr_line' id='line_1_101' title="bbox 2052 3968 3633 4043; baseline 0.003 -19"><span class='ocrx_word' id='word_1_759' title='bbox 2052 3968 2204 4025; x_wconf 87' lang='lat' dir='ltr'><strong>dedit</strong></span> <span class='ocrx_word' id='word_1_760' title='bbox 2230 3980 2285 4022; x_wconf 90' lang='lat' dir='ltr'><strong>et</strong></span> <span class='ocrx_word' id='word_1_761' title='bbox 2318 3969 2458 4024; x_wconf 88' lang='lat' dir='ltr'><strong>Filio</strong></span> <span class='ocrx_word' id='word_1_762' title='bbox 2492 3971 2660 4025; x_wconf 84' lang='lat' dir='ltr'><strong>vitam</strong></span> <span class='ocrx_word' id='word_1_763' title='bbox 2726 3970 2927 4025; x_wconf 86' lang='lat' dir='ltr'><strong>habere</strong></span> <span class='ocrx_word' id='word_1_764' title='bbox 2965 3970 3017 4024; x_wconf 87' lang='lat' dir='ltr'><strong>in</strong></span> <span class='ocrx_word' id='word_1_765' title='bbox 3052 3973 3453 4039; x_wconf 85' lang='lat' dir='ltr'><strong>semctipso;et</strong></span> <span class='ocrx_word' id='word_1_766' title='bbox 3480 3982 3633 4043; x_wconf 82' lang='lat' dir='ltr'><strong>pote-</strong></span> 
     </span>
    </p>
   </div>
   <div class='ocr_carea' id='block_1_101' title="bbox 2050 4059 3633 4130">
    <p class='ocr_par' dir='ltr' id='par_1_101' title="bbox 2050 4059 3633 4130">
     <span class='ocr_line' id='line_1_102' title="bbox 2050 4059 3633 4130; baseline 0.003 -17"><span class='ocrx_word' id='word_1_767' title='bbox 2050 4068 2245 4117; x_wconf 87' lang='lat' dir='ltr'><strong>statcm</strong></span> <span class='ocrx_word' id='word_1_768' title='bbox 2263 4060 2407 4115; x_wconf 89' lang='lat' dir='ltr'><strong>dedit</strong></span> <span class='ocrx_word' id='word_1_769' title='bbox 2427 4060 2524 4130; x_wconf 85' lang='lat' dir='ltr'><strong>ipsi</strong></span> <span class='ocrx_word' id='word_1_770' title='bbox 2547 4059 2809 4128; x_wconf 88' lang='lat' dir='ltr'><strong>judicium</strong></span> <span class='ocrx_word' id='word_1_771' title='bbox 2841 4059 3042 4126; x_wconf 78' lang='lat' dir='ltr'><strong>facere,</strong></span> <span class='ocrx_word' id='word_1_772' title='bbox 3067 4061 3192 4129; x_wconf 85' lang='lat' dir='ltr'><strong>quia</strong></span> <span class='ocrx_word' id='word_1_773' title='bbox 3219 4060 3633 4118; x_wconf 88' lang='lat' dir='ltr'><strong>Filiushominis</strong></span> 
     </span>
    </p>
   </div>
   <div class='ocr_carea' id='block_1_102' title="bbox 2050 4150 3629 4225">
    <p class='ocr_par' dir='ltr' id='par_1_102' title="bbox 2050 4150 3629 4225">
     <span class='ocr_line' id='line_1_103' title="bbox 2050 4150 3629 4225; baseline 0.001 -17"><span class='ocrx_word' id='word_1_774' title='bbox 2050 4160 2169 4216; x_wconf 80' lang='lat' dir='ltr'><strong>est;</strong></span> <span class='ocrx_word' id='word_1_775' title='bbox 2201 4169 2221 4202; x_wconf 75' lang='grc' dir='ltr'><strong>ι</strong></span> <span class='ocrx_word' id='word_1_776' title='bbox 2249 4160 2303 4205; x_wconf 92' lang='lat' dir='ltr'><strong>et</strong></span> <span class='ocrx_word' id='word_1_777' title='bbox 2334 4166 2562 4206; x_wconf 89' lang='lat' dir='ltr'><strong>rursus:</strong></span> <span class='ocrx_word' id='word_1_778' title='bbox 2602 4169 2622 4205; x_wconf 78' lang='grc' dir='ltr'><strong>ι</strong></span> <span class='ocrx_word' id='word_1_779' title='bbox 2659 4150 2806 4218; x_wconf 87' lang='lat' dir='ltr'><strong>Quos</strong></span> <span class='ocrx_word' id='word_1_780' title='bbox 2863 4152 3054 4208; x_wconf 79' lang='lat' dir='ltr'><strong>dedisti</strong></span> <span class='ocrx_word' id='word_1_781' title='bbox 3088 4151 3197 4225; x_wconf 82' lang='lat'><strong>(86)</strong></span> <span class='ocrx_word' id='word_1_782' title='bbox 3230 4153 3357 4206; x_wconf 87' lang='lat' dir='ltr'><strong>mihi</strong></span> <span class='ocrx_word' id='word_1_783' title='bbox 3391 4154 3523 4223; x_wconf 85' lang='lat'>(87),</span> <span class='ocrx_word' id='word_1_784' title='bbox 3554 4156 3629 4209; x_wconf 92' lang='lat' dir='ltr'><strong>tui</strong></span> 
     </span>
    </p>
   </div>
   <div class='ocr_carea' id='block_1_103' title="bbox 2051 4243 3630 4318">
    <p class='ocr_par' dir='ltr' id='par_1_103' title="bbox 2051 4243 3630 4318">
     <span class='ocr_line' id='line_1_104' title="bbox 2051 4243 3630 4318; baseline 0.001 -20"><span class='ocrx_word' id='word_1_785' title='bbox 2051 4253 2231 4309; x_wconf 89' lang='lat' dir='ltr'><strong>erant,</strong></span> <span class='ocrx_word' id='word_1_786' title='bbox 2256 4254 2310 4299; x_wconf 90' lang='lat' dir='ltr'><strong>ct</strong></span> <span class='ocrx_word' id='word_1_787' title='bbox 2335 4245 2463 4300; x_wconf 88' lang='lat' dir='ltr'><strong>tnihi</strong></span> <span class='ocrx_word' id='word_1_788' title='bbox 2497 4259 2590 4300; x_wconf 84' lang='lat' dir='ltr'><strong>eos</strong></span> <span class='ocrx_word' id='word_1_789' title='bbox 2610 4245 2805 4300; x_wconf 83' lang='lat' dir='ltr'><strong>dedisti</strong></span> <span class='ocrx_word' id='word_1_790' title='bbox 2829 4263 2844 4313; x_wconf 83' lang='lat'><strong>;</strong></span> <span class='ocrx_word' id='word_1_791' title='bbox 2871 4264 2890 4298; x_wconf 72' lang='grc' dir='ltr'><strong>ι</strong></span> <span class='ocrx_word' id='word_1_792' title='bbox 2919 4257 2971 4300; x_wconf 80' lang='lat' dir='ltr'><strong>et</strong></span> <span class='ocrx_word' id='word_1_793' title='bbox 2991 4260 3177 4300; x_wconf 86' lang='lat' dir='ltr'><strong>rursus</strong></span> <span class='ocrx_word' id='word_1_794' title='bbox 3201 4262 3215 4303; x_wconf 91' lang='lat'><strong>:</strong></span> <span class='ocrx_word' id='word_1_795' title='bbox 3254 4264 3271 4296; x_wconf 82' lang='grc' dir='ltr'><strong>ι</strong></span> <span class='ocrx_word' id='word_1_796' title='bbox 3305 4243 3496 4300; x_wconf 91' lang='lat' dir='ltr'><strong>Omnia</strong></span> <span class='ocrx_word' id='word_1_797' title='bbox 3519 4246 3630 4318; x_wconf 81' lang='grc'><strong>(88)</strong></span> 
     </span>
    </p>
   </div>
   <div class='ocr_carea' id='block_1_104' title="bbox 2056 4333 3631 4402">
    <p class='ocr_par' dir='ltr' id='par_1_104' title="bbox 2056 4333 3631 4402">
     <span class='ocr_line' id='line_1_105' title="bbox 2056 4333 3631 4402; baseline 0.002 -13"><span class='ocrx_word' id='word_1_798' title='bbox 2056 4334 2188 4389; x_wconf 89' lang='lat' dir='ltr'><strong>mihi</strong></span> <span class='ocrx_word' id='word_1_799' title='bbox 2223 4334 2416 4389; x_wconf 84' lang='lat' dir='ltr'><strong>tradita</strong></span> <span class='ocrx_word' id='word_1_800' title='bbox 2444 4343 2573 4388; x_wconf 84' lang='lat' dir='ltr'><strong>sunt</strong></span> <span class='ocrx_word' id='word_1_801' title='bbox 2600 4349 2631 4388; x_wconf 91' lang='lat' dir='ltr'><strong>a</strong></span> <span class='ocrx_word' id='word_1_802' title='bbox 2656 4333 2819 4391; x_wconf 88' lang='lat' dir='ltr'><strong>Patre</strong></span> <span class='ocrx_word' id='word_1_803' title='bbox 2852 4350 3008 4402; x_wconf 90' lang='lat' dir='ltr'><strong>meo;</strong></span> <span class='ocrx_word' id='word_1_804' title='bbox 3057 4355 3073 4387; x_wconf 83' lang='grc' dir='ltr'><strong>ι</strong></span> <span class='ocrx_word' id='word_1_805' title='bbox 3110 4345 3165 4390; x_wconf 84' lang='grc' dir='ltr'><strong>οι</strong></span> <span class='ocrx_word' id='word_1_806' title='bbox 3204 4350 3426 4390; x_wconf 84' lang='lat' dir='ltr'><strong>rursus:</strong></span> <span class='ocrx_word' id='word_1_807' title='bbox 3454 4355 3472 4387; x_wconf 85' lang='grc' dir='ltr'><strong>ι</strong></span> <span class='ocrx_word' id='word_1_808' title='bbox 3501 4335 3631 4392; x_wconf 83' lang='lat' dir='ltr'><strong>Data</strong></span> 
     </span>
    </p>
   </div>
   <div class='ocr_carea' id='block_1_105' title="bbox 2128 4555 3631 4639">
    <p class='ocr_par' dir='ltr' id='par_1_105' title="bbox 2128 4555 3631 4639">
     <span class='ocr_line' id='line_1_106' title="bbox 2128 4555 3631 4639; baseline -0.002 -27"><span class='ocrx_word' id='word_1_809' title='bbox 2128 4556 2240 4629; x_wconf 65' lang='grc'><strong>(82)</strong></span> <span class='ocrx_word' id='word_1_810' title='bbox 2270 4558 2660 4639; x_wconf 64' lang='grc' dir='ltr'>μαρηὶιιιάὶηε.</span> <span class='ocrx_word' id='word_1_811' title='bbox 2700 4557 2790 4639; x_wconf 52' lang='lat' dir='ltr'><strong>Erl</strong></span> <span class='ocrx_word' id='word_1_812' title='bbox 2835 4555 3067 4639; x_wconf 52' lang='grc' dir='ltr'>μέγεθος</span> <span class='ocrx_word' id='word_1_813' title='bbox 3121 4557 3276 4639; x_wconf 67' lang='lat' dir='ltr'><strong>illud,</strong></span> <span class='ocrx_word' id='word_1_814' title='bbox 3329 4558 3379 4614; x_wconf 91' lang='lat' dir='ltr'><strong>id</strong></span> <span class='ocrx_word' id='word_1_815' title='bbox 3431 4566 3631 4639; x_wconf 48' lang='grc' dir='ltr'>εει-,οε</span> 
     </span>
    </p>
   </div>
   <div class='ocr_carea' id='block_1_106' title="bbox 2056 4626 3634 4765">
    <p class='ocr_par' dir='ltr' id='par_1_106' title="bbox 2056 4626 3634 4765">
     <span class='ocr_line' id='line_1_107' title="bbox 2056 4626 3634 4711; baseline 0.002 -32"><span class='ocrx_word' id='word_1_816' title='bbox 2056 4626 2500 4711; x_wconf 44' lang='lat' dir='ltr'><strong>cinagnitndon.</strong></span> <span class='ocrx_word' id='word_1_817' title='bbox 2542 4643 2704 4696; x_wconf 87' lang='lat' dir='ltr'><strong>quam</strong></span> <span class='ocrx_word' id='word_1_818' title='bbox 2751 4626 2863 4682; x_wconf 82' lang='lat' dir='ltr'><strong>Deo</strong></span> <span class='ocrx_word' id='word_1_819' title='bbox 2908 4626 3132 4696; x_wconf 84' lang='lat' dir='ltr'><strong>denegat</strong></span> <span class='ocrx_word' id='word_1_820' title='bbox 3162 4629 3449 4698; x_wconf 83' lang='lat' dir='ltr'><strong>Didymus.</strong></span> <span class='ocrx_word' id='word_1_821' title='bbox 3504 4628 3634 4682; x_wconf 80' lang='lat' dir='ltr'><strong>Vide</strong></span> 
     </span>
     <span class='ocr_line' id='line_1_108' title="bbox 2056 4697 3400 4765; baseline -0.003 -12"><span class='ocrx_word' id='word_1_822' title='bbox 2056 4700 2245 4753; x_wconf 76' lang='lat' dir='ltr'><strong>similia</strong></span> <span class='ocrx_word' id='word_1_823' title='bbox 2284 4698 2536 4765; x_wconf 66' lang='lat' dir='ltr'><strong>Or&#39;gems</strong></span> <span class='ocrx_word' id='word_1_824' title='bbox 2560 4699 2720 4765; x_wconf 86' lang='lat' dir='ltr'><strong>verba</strong></span> <span class='ocrx_word' id='word_1_825' title='bbox 2761 4712 2883 4765; x_wconf 81' lang='lat' dir='ltr'><strong>pag.</strong></span> <span class='ocrx_word' id='word_1_826' title='bbox 2920 4697 3019 4751; x_wconf 77' lang='grc'><strong>115</strong></span> <span class='ocrx_word' id='word_1_827' title='bbox 3050 4712 3081 4750; x_wconf 89' lang='lat' dir='ltr'><strong>a</strong></span> <span class='ocrx_word' id='word_1_828' title='bbox 3109 4712 3192 4765; x_wconf 83' lang='lat' dir='ltr'><strong>Ine</strong></span> <span class='ocrx_word' id='word_1_829' title='bbox 3218 4699 3400 4751; x_wconf 58' lang='lat' dir='ltr'><strong>altata.</strong></span> 
     </span>
    </p>
   </div>
   <div class='ocr_carea' id='block_1_107' title="bbox 2049 4712 3631 4853">
    <p class='ocr_par' dir='ltr' id='par_1_107' title="bbox 2049 4712 3631 4853">
     <span class='ocr_line' id='line_1_109' title="bbox 2049 4712 3400 4767; baseline -0.003 -14"><span class='ocrx_word' id='word_1_830' title='bbox 2049 4712 2245 4753; x_wconf 70' lang='lat' dir='ltr'><strong>summa</strong></span> <span class='ocrx_word' id='word_1_831' title='bbox 2284 4712 2536 4767; x_wconf 82' lang='lat' dir='ltr'><strong>ur-gems</strong></span> <span class='ocrx_word' id='word_1_832' title='bbox 2560 4712 2720 4751; x_wconf 87' lang='lat' dir='ltr'><strong>verna</strong></span> <span class='ocrx_word' id='word_1_833' title='bbox 2761 4712 2883 4766; x_wconf 81' lang='lat' dir='ltr'><strong>pag.</strong></span> <span class='ocrx_word' id='word_1_834' title='bbox 2920 4712 3019 4751; x_wconf 73' lang='lat' dir='ltr'><strong>uo</strong></span> <span class='ocrx_word' id='word_1_835' title='bbox 3050 4712 3081 4750; x_wconf 89' lang='lat' dir='ltr'><strong>a</strong></span> <span class='ocrx_word' id='word_1_836' title='bbox 3109 4712 3192 4750; x_wconf 91' lang='lat' dir='ltr'><strong>me</strong></span> <span class='ocrx_word' id='word_1_837' title='bbox 3218 4712 3400 4751; x_wconf 65' lang='lat' dir='ltr'><strong>arata.</strong></span> 
     </span>
     <span class='ocr_line' id='line_1_110' title="bbox 2120 4763 3631 4853; baseline -0.003 -31"><span class='ocrx_word' id='word_1_838' title='bbox 2120 4767 2234 4839; x_wconf 81' lang='grc'><strong>(85)</strong></span> <span class='ocrx_word' id='word_1_839' title='bbox 2257 4764 2624 4853; x_wconf 14' lang='grc' dir='ltr'>-ϐριςρᾼοι-εἱᾼιι</span> <span class='ocrx_word' id='word_1_840' title='bbox 2655 4764 2864 4853; x_wconf 58' lang='lat' dir='ltr'><strong>Graeco,</strong></span> <span class='ocrx_word' id='word_1_841' title='bbox 2903 4763 3181 4853; x_wconf 54' lang='grc' dir='ltr'>όςρθαλμοῦ</span> <span class='ocrx_word' id='word_1_842' title='bbox 3218 4767 3484 4853; x_wconf 64' lang='grc' dir='ltr'>ὄμματος.</span> <span class='ocrx_word' id='word_1_843' title='bbox 3524 4766 3631 4853; x_wconf 42' lang='lat' dir='ltr'><strong>Ita:</strong></span> 
     </span>
    </p>
   </div>
   <div class='ocr_carea' id='block_1_108' title="bbox 2048 4837 3701 4975">
    <p class='ocr_par' dir='ltr' id='par_1_108' title="bbox 2048 4837 3701 4975">
     <span class='ocr_line' id='line_1_111' title="bbox 2048 4837 3701 4959; baseline -0.001 -69"><span class='ocrx_word' id='word_1_844' title='bbox 2048 4851 2156 4959; x_wconf 60' lang='lat' dir='ltr'><strong>gue</strong></span> <span class='ocrx_word' id='word_1_845' title='bbox 2184 4837 2276 4890; x_wconf 84' lang='lat' dir='ltr'><strong>aut</strong></span> <span class='ocrx_word' id='word_1_846' title='bbox 2306 4837 2588 4917; x_wconf 78' lang='lat' dir='ltr'><strong>legendum</strong></span> <span class='ocrx_word' id='word_1_847' title='bbox 2618 4837 2893 4917; x_wconf 79' lang='grc' dir='ltr'>σώματος,</span> <span class='ocrx_word' id='word_1_848' title='bbox 2924 4838 2975 4891; x_wconf 89' lang='lat' dir='ltr'><strong>id</strong></span> <span class='ocrx_word' id='word_1_849' title='bbox 3005 4846 3109 4899; x_wconf 82' lang='lat' dir='ltr'><strong>est,</strong></span> <span class='ocrx_word' id='word_1_850' title='bbox 3140 4854 3159 4889; x_wconf 78' lang='grc' dir='ltr'><strong>ι</strong></span> <span class='ocrx_word' id='word_1_851' title='bbox 3188 4837 3458 4906; x_wconf 84' lang='lat' dir='ltr'><strong>corporis,</strong></span> <span class='ocrx_word' id='word_1_852' title='bbox 3487 4854 3505 4887; x_wconf 75' lang='grc' dir='ltr'><strong>ι</strong></span> <span class='ocrx_word' id='word_1_853' title='bbox 3534 4850 3632 4905; x_wconf 90' lang='lat' dir='ltr'><strong>pro</strong></span> <span class='ocrx_word' id='word_1_854' title='bbox 3682 4858 3701 4871; x_wconf 71' lang='grc' dir='ltr'><strong>ο</strong></span> 
     </span>
     <span class='ocr_line' id='line_1_112' title="bbox 2084 4906 3632 4975; baseline -0.001 -17"><span class='ocrx_word' id='word_1_855' title='bbox 2084 4923 2319 4975; x_wconf 85' lang='grc' dir='ltr'>μματος,</span> <span class='ocrx_word' id='word_1_856' title='bbox 2371 4916 2429 4959; x_wconf 85' lang='grc' dir='ltr'><strong>ιιι</strong></span> <span class='ocrx_word' id='word_1_857' title='bbox 2472 4921 2585 4975; x_wconf 75' lang='lat' dir='ltr'><strong>Ipse</strong></span> <span class='ocrx_word' id='word_1_858' title='bbox 2632 4906 2770 4975; x_wconf 79' lang='lat' dir='ltr'><strong>legi;</strong></span> <span class='ocrx_word' id='word_1_859' title='bbox 2808 4916 2901 4959; x_wconf 83' lang='lat' dir='ltr'><strong>aut</strong></span> <span class='ocrx_word' id='word_1_860' title='bbox 2949 4909 3268 4963; x_wconf 85' lang='lat' dir='ltr'><strong>alterutrum</strong></span> <span class='ocrx_word' id='word_1_861' title='bbox 3307 4920 3374 4959; x_wconf 80' lang='lat' dir='ltr'><strong>ex</strong></span> <span class='ocrx_word' id='word_1_862' title='bbox 3420 4909 3632 4958; x_wconf 85' lang='lat' dir='ltr'><strong>duobus</strong></span> 
     </span>
    </p>
   </div>
   <div class='ocr_carea' id='block_1_109' title="bbox 2052 4924 3632 5054">
    <p class='ocr_par' dir='ltr' id='par_1_109' title="bbox 2052 4924 3632 5054">
     <span class='ocr_line' id='line_1_113' title="bbox 2052 4924 3632 4977; baseline -0.001 -18"><span class='ocrx_word' id='word_1_863' title='bbox 2052 4924 2319 4977; x_wconf 85' lang='grc' dir='ltr'>ομματος,</span> <span class='ocrx_word' id='word_1_864' title='bbox 2371 4924 2429 4959; x_wconf 87' lang='grc' dir='ltr'><strong>ιιι</strong></span> <span class='ocrx_word' id='word_1_865' title='bbox 2472 4924 2585 4975; x_wconf 60' lang='lat' dir='ltr'><strong>IPSO</strong></span> <span class='ocrx_word' id='word_1_866' title='bbox 2632 4924 2770 4975; x_wconf 68' lang='grc' dir='ltr'>ιεεις</span> <span class='ocrx_word' id='word_1_867' title='bbox 2808 4924 2901 4959; x_wconf 71' lang='grc' dir='ltr'>ειιιι</span> <span class='ocrx_word' id='word_1_868' title='bbox 2949 4924 3268 4963; x_wconf 78' lang='lat' dir='ltr'><strong>alterutrum</strong></span> <span class='ocrx_word' id='word_1_869' title='bbox 3307 4924 3374 4959; x_wconf 59' lang='grc' dir='ltr'>ιιι</span> <span class='ocrx_word' id='word_1_870' title='bbox 3420 4924 3632 4958; x_wconf 64' lang='grc' dir='ltr'>υιιουιιε</span> 
     </span>
     <span class='ocr_line' id='line_1_114' title="bbox 2052 4975 3632 5054; baseline -0.003 -24"><span class='ocrx_word' id='word_1_871' title='bbox 2052 4978 2327 5054; x_wconf 78' lang='lat' dir='ltr'><strong>vocabulis</strong></span> <span class='ocrx_word' id='word_1_872' title='bbox 2376 4991 2441 5029; x_wconf 80' lang='lat' dir='ltr'><strong>ex</strong></span> <span class='ocrx_word' id='word_1_873' title='bbox 2501 4975 2832 5054; x_wconf 81' lang='lat' dir='ltr'><strong>margine_in</strong></span> <span class='ocrx_word' id='word_1_874' title='bbox 2863 4985 3065 5029; x_wconf 79' lang='lat' dir='ltr'><strong>textum</strong></span> <span class='ocrx_word' id='word_1_875' title='bbox 3123 4975 3632 5054; x_wconf 62' lang='lat' dir='ltr'><strong>irrepsisseputan-</strong></span> 
     </span>
    </p>
   </div>
   <div class='ocr_carea' id='block_1_110' title="bbox 2052 5042 3630 5115">
    <p class='ocr_par' dir='ltr' id='par_1_110' title="bbox 2052 5042 3630 5115">
     <span class='ocr_line' id='line_1_115' title="bbox 2052 5042 3630 5115; baseline -0.003 -17"><span class='ocrx_word' id='word_1_876' title='bbox 2052 5048 2178 5099; x_wconf 87' lang='lat' dir='ltr'><strong>dum</strong></span> <span class='ocrx_word' id='word_1_877' title='bbox 2214 5057 2325 5109; x_wconf 87' lang='lat' dir='ltr'><strong>est;</strong></span> <span class='ocrx_word' id='word_1_878' title='bbox 2368 5054 2461 5098; x_wconf 80' lang='lat' dir='ltr'><strong>aut</strong></span> <span class='ocrx_word' id='word_1_879' title='bbox 2490 5042 2705 5100; x_wconf 79' lang='lat' dir='ltr'><strong>demum</strong></span> <span class='ocrx_word' id='word_1_880' title='bbox 2736 5042 2888 5115; x_wconf 84' lang='grc' dir='ltr'>ὄμμα</span> <span class='ocrx_word' id='word_1_881' title='bbox 2922 5059 3029 5099; x_wconf 90' lang='lat' dir='ltr'><strong>non</strong></span> <span class='ocrx_word' id='word_1_882' title='bbox 3071 5044 3306 5107; x_wconf 90' lang='lat' dir='ltr'><strong>oculum,</strong></span> <span class='ocrx_word' id='word_1_883' title='bbox 3340 5042 3630 5099; x_wconf 29' lang='lat' dir='ltr'><strong>sed’visin-</strong></span> 
     </span>
    </p>
   </div>
   <div class='ocr_carea' id='block_1_111' title="bbox 2052 5116 2438 5170">
    <p class='ocr_par' dir='ltr' id='par_1_111' title="bbox 2052 5116 2438 5170">
     <span class='ocr_line' id='line_1_116' title="bbox 2052 5116 2438 5170; baseline 0.003 -3"><span class='ocrx_word' id='word_1_884' title='bbox 2052 5129 2173 5170; x_wconf 89' lang='lat' dir='ltr'><strong>nem</strong></span> <span class='ocrx_word' id='word_1_885' title='bbox 2198 5116 2438 5168; x_wconf 86' lang='lat' dir='ltr'><strong>denotat.</strong></span> 
     </span>
    </p>
   </div>
   <div class='ocr_carea' id='block_1_112' title="bbox 2122 5181 3709 5258">
    <p class='ocr_par' dir='ltr' id='par_1_112' title="bbox 2122 5181 3709 5258">
     <span class='ocr_line' id='line_1_117' title="bbox 2122 5181 3709 5258; baseline -0.004 -20"><span class='ocrx_word' id='word_1_886' title='bbox 2122 5183 2235 5255; x_wconf 70' lang='grc'><strong>(84)</strong></span> <span class='ocrx_word' id='word_1_887' title='bbox 2262 5183 2436 5239; x_wconf 83' lang='lat' dir='ltr'><strong>Recte.</strong></span> <span class='ocrx_word' id='word_1_888' title='bbox 2468 5182 2647 5238; x_wconf 81' lang='lat' dir='ltr'><strong>Codex</strong></span> <span class='ocrx_word' id='word_1_889' title='bbox 2687 5182 3183 5258; x_wconf 55' lang='lat' dir='ltr'><strong>det‘fi....._196mp_</strong></span> <span class='ocrx_word' id='word_1_890' title='bbox 3222 5181 3301 5258; x_wconf 77' lang='grc' dir='ltr'>τῷ</span> <span class='ocrx_word' id='word_1_891' title='bbox 3332 5183 3628 5258; x_wconf 76' lang='grc' dir='ltr'>εἰρημένῳ,</span> <span class='ocrx_word' id='word_1_892' title='bbox 3699 5218 3709 5231; x_wconf 74' lang='lat'><strong>.</strong></span> 
     </span>
    </p>
   </div>
   <div class='ocr_carea' id='block_1_113' title="bbox 2052 5253 3629 5322">
    <p class='ocr_par' dir='ltr' id='par_1_113' title="bbox 2052 5253 3629 5322">
     <span class='ocr_line' id='line_1_118' title="bbox 2052 5253 3629 5322; baseline -0.004 -12"><span class='ocrx_word' id='word_1_893' title='bbox 2052 5255 2105 5309; x_wconf 87' lang='lat' dir='ltr'><strong>id</strong></span> <span class='ocrx_word' id='word_1_894' title='bbox 2135 5253 2237 5318; x_wconf 67' lang='grc' dir='ltr'>εει,</span> <span class='ocrx_word' id='word_1_895' title='bbox 2289 5274 2307 5306; x_wconf 80' lang='grc' dir='ltr'><strong>ι</strong></span> <span class='ocrx_word' id='word_1_896' title='bbox 2333 5261 2479 5307; x_wconf 91' lang='lat' dir='ltr'><strong>recto</strong></span> <span class='ocrx_word' id='word_1_897' title='bbox 2523 5268 2686 5306; x_wconf 74' lang='lat' dir='ltr'><strong>sensu</strong></span> <span class='ocrx_word' id='word_1_898' title='bbox 2723 5253 2885 5322; x_wconf 79' lang='lat' dir='ltr'><strong>quem</strong></span> <span class='ocrx_word' id='word_1_899' title='bbox 2932 5253 3068 5313; x_wconf 74' lang='lat' dir='ltr'><strong>dixi.</strong></span> <span class='ocrx_word' id='word_1_900' title='bbox 3096 5271 3118 5304; x_wconf 76' lang='grc' dir='ltr'><strong>ι</strong></span> <span class='ocrx_word' id='word_1_901' title='bbox 3153 5253 3279 5307; x_wconf 80' lang='lat' dir='ltr'><strong>Sed</strong></span> <span class='ocrx_word' id='word_1_902' title='bbox 3309 5254 3629 5309; x_wconf 80' lang='lat' dir='ltr'><strong>concinnior</strong></span> 
     </span>
    </p>
   </div>
   <div class='ocr_carea' id='block_1_114' title="bbox 2052 5321 2687 5395">
    <p class='ocr_par' dir='ltr' id='par_1_114' title="bbox 2052 5321 2687 5395">
     <span class='ocr_line' id='line_1_119' title="bbox 2052 5321 2687 5395; baseline -0.005 -17"><span class='ocrx_word' id='word_1_903' title='bbox 2052 5326 2266 5395; x_wconf 83' lang='lat' dir='ltr'><strong>videtur</strong></span> <span class='ocrx_word' id='word_1_904' title='bbox 2284 5323 2467 5395; x_wconf 72' lang='lat' dir='ltr'><strong>lectio,</strong></span> <span class='ocrx_word' id='word_1_905' title='bbox 2484 5321 2687 5395; x_wconf 66' lang='grc' dir='ltr'>ρρθῶς.</span> 
     </span>
    </p>
   </div>
   <div class='ocr_carea' id='block_1_115' title="bbox 2125 5391 2962 5465">
    <p class='ocr_par' dir='ltr' id='par_1_115' title="bbox 2125 5391 2962 5465">
     <span class='ocr_line' id='line_1_120' title="bbox 2125 5391 2962 5465; baseline 0 -16"><span class='ocrx_word' id='word_1_906' title='bbox 2125 5393 2237 5465; x_wconf 81' lang='lat'><strong>(85)</strong></span> <span class='ocrx_word' id='word_1_907' title='bbox 2271 5393 2442 5465; x_wconf 78' lang='lat' dir='ltr'><strong>Sicut.</strong></span> <span class='ocrx_word' id='word_1_908' title='bbox 2469 5391 2635 5465; x_wconf 63' lang='grc' dir='ltr'><strong>Διιοειιι.</strong></span> <span class='ocrx_word' id='word_1_909' title='bbox 2668 5407 2721 5465; x_wconf 36' lang='grc' dir='ltr'>ν’,</span> <span class='ocrx_word' id='word_1_910' title='bbox 2748 5392 2842 5457; x_wconf 71' lang='grc'><strong>26,</strong></span> <span class='ocrx_word' id='word_1_911' title='bbox 2871 5394 2962 5450; x_wconf 66' lang='grc' dir='ltr'><strong>ετ.</strong></span> 
     </span>
    </p>
   </div>
   <div class='ocr_carea' id='block_1_116' title="bbox 2124 5461 3499 5604">
    <p class='ocr_par' dir='ltr' id='par_1_116' title="bbox 2124 5461 3499 5604">
     <span class='ocr_line' id='line_1_121' title="bbox 2124 5461 3499 5604; baseline -0.002 -85"><span class='ocrx_word' id='word_1_912' title='bbox 2124 5461 2239 5604; x_wconf 46' lang='grc'><strong>(86)</strong></span> <span class='ocrx_word' id='word_1_913' title='bbox 2271 5462 2419 5588; x_wconf 60' lang='lat' dir='ltr'><strong>gnos</strong></span> <span class='ocrx_word' id='word_1_914' title='bbox 2445 5463 2655 5517; x_wconf 75' lang='lat' dir='ltr'><strong>dedisti.</strong></span> <span class='ocrx_word' id='word_1_915' title='bbox 2686 5461 2839 5543; x_wconf 58' lang='grc' dir='ltr'><strong>Ιοιιιιε</strong></span> <span class='ocrx_word' id='word_1_916' title='bbox 2867 5478 3005 5547; x_wconf 84' lang='lat' dir='ltr'><strong>xvn_,</strong></span> <span class='ocrx_word' id='word_1_917' title='bbox 3044 5464 3097 5520; x_wconf 84' lang='lat'><strong>6.</strong></span> <span class='ocrx_word' id='word_1_918' title='bbox 3190 5532 3202 5544; x_wconf 41' lang='lat'><strong><em>.</em></strong></span> <span class='ocrx_word' id='word_1_919' title='bbox 3475 5529 3499 5539; x_wconf 51' lang='lat'><strong>-</strong></span> 
     </span>
     <span class='ocr_line' id='line_1_122' title="bbox 2148 5531 3499 5604; baseline -0.004 -16"><span class='ocrx_word' id='word_1_920' title='bbox 2148 5534 2237 5603; x_wconf 84' lang='lat'><strong>87)</strong></span> <span class='ocrx_word' id='word_1_921' title='bbox 2331 5535 2424 5586; x_wconf 80' lang='lat' dir='ltr'><strong>tht.</strong></span> <span class='ocrx_word' id='word_1_922' title='bbox 2474 5531 2662 5586; x_wconf 68' lang='lat' dir='ltr'><strong>Graeca</strong></span> <span class='ocrx_word' id='word_1_923' title='bbox 2709 5534 2877 5604; x_wconf 78' lang='lat' dir='ltr'><strong>editio</strong></span> <span class='ocrx_word' id='word_1_924' title='bbox 2936 5534 3025 5604; x_wconf 89' lang='lat' dir='ltr'><strong>Inc</strong></span> <span class='ocrx_word' id='word_1_925' title='bbox 3080 5532 3357 5604; x_wconf 69' lang='lat' dir='ltr'><strong>addit,_éx</strong></span> <span class='ocrx_word' id='word_1_926' title='bbox 3408 5546 3499 5584; x_wconf 61' lang='lat' dir='ltr'><strong>sua</strong></span> 
     </span>
    </p>
   </div>
   <div class='ocr_carea' id='block_1_117' title="bbox 2148 5527 3637 5603">
    <p class='ocr_par' dir='ltr' id='par_1_117' title="bbox 2148 5527 3637 5603">
     <span class='ocr_line' id='line_1_123' title="bbox 2148 5527 3637 5603; baseline -0.005 -15"><span class='ocrx_word' id='word_1_927' title='bbox 2148 5527 2237 5603; x_wconf 85' lang='lat'><strong>87)</strong></span> <span class='ocrx_word' id='word_1_928' title='bbox 2271 5527 2424 5588; x_wconf 69' lang='lat' dir='ltr'><strong>Hihi.</strong></span> <span class='ocrx_word' id='word_1_929' title='bbox 2474 5531 2662 5586; x_wconf 68' lang='lat' dir='ltr'><strong>Graeca</strong></span> <span class='ocrx_word' id='word_1_930' title='bbox 2709 5533 2877 5603; x_wconf 86' lang='lat' dir='ltr'><strong>editio</strong></span> <span class='ocrx_word' id='word_1_931' title='bbox 2936 5527 3025 5588; x_wconf 91' lang='lat' dir='ltr'><strong>hic</strong></span> <span class='ocrx_word' id='word_1_932' title='bbox 3080 5532 3252 5595; x_wconf 83' lang='lat' dir='ltr'><strong>addit,</strong></span> <span class='ocrx_word' id='word_1_933' title='bbox 3276 5533 3357 5603; x_wconf 55' lang='lat' dir='ltr'><strong>ex</strong></span> <span class='ocrx_word' id='word_1_934' title='bbox 3408 5529 3503 5584; x_wconf 69' lang='grc' dir='ltr'>τοῦ</span> <span class='ocrx_word' id='word_1_935' title='bbox 3539 5527 3637 5603; x_wconf 52' lang='lat' dir='ltr'><strong>atd-</strong></span> 
     </span>
    </p>
   </div>
   <div class='ocr_carea' id='block_1_118' title="bbox 2055 5598 3635 5675">
    <p class='ocr_par' dir='ltr' id='par_1_118' title="bbox 2055 5598 3635 5675">
     <span class='ocr_line' id='line_1_124' title="bbox 2055 5598 3635 5675; baseline -0.005 -17"><span class='ocrx_word' id='word_1_936' title='bbox 2055 5598 2228 5675; x_wconf 59' lang='grc' dir='ltr'>σμου,</span> <span class='ocrx_word' id='word_1_937' title='bbox 2252 5605 2302 5657; x_wconf 91' lang='lat' dir='ltr'><strong>id</strong></span> <span class='ocrx_word' id='word_1_938' title='bbox 2329 5616 2434 5666; x_wconf 72' lang='grc' dir='ltr'>εει,</span> <span class='ocrx_word' id='word_1_939' title='bbox 2468 5620 2497 5675; x_wconf 60' lang='grc' dir='ltr'><strong>ι</strong></span> <span class='ocrx_word' id='word_1_940' title='bbox 2519 5616 2581 5675; x_wconf 63' lang='lat' dir='ltr'><strong>ex</strong></span> <span class='ocrx_word' id='word_1_941' title='bbox 2620 5602 2839 5675; x_wconf 81' lang='lat' dir='ltr'><strong>mundo.</strong></span> <span class='ocrx_word' id='word_1_942' title='bbox 2869 5621 2888 5654; x_wconf 73' lang='grc' dir='ltr'><strong>ι</strong></span> <span class='ocrx_word' id='word_1_943' title='bbox 2925 5603 3057 5669; x_wconf 65' lang='lat' dir='ltr'><strong>Quae</strong></span> <span class='ocrx_word' id='word_1_944' title='bbox 3087 5604 3248 5657; x_wconf 78' lang='lat' dir='ltr'><strong>verba</strong></span> <span class='ocrx_word' id='word_1_945' title='bbox 3274 5601 3326 5656; x_wconf 91' lang='lat' dir='ltr'><strong>in</strong></span> <span class='ocrx_word' id='word_1_946' title='bbox 3358 5598 3635 5665; x_wconf 56' lang='lat' dir='ltr'><strong>nonnulli;</strong></span> 
     </span>
    </p>
   </div>
   <div class='ocr_carea' id='block_1_119' title="bbox 2056 5672 2916 5727">
    <p class='ocr_par' dir='ltr' id='par_1_119' title="bbox 2056 5672 2916 5727">
     <span class='ocr_line' id='line_1_125' title="bbox 2056 5672 2916 5727; baseline -0.002 0"><span class='ocrx_word' id='word_1_947' title='bbox 2056 5672 2348 5727; x_wconf 86' lang='lat' dir='ltr'><strong>Bibliortnn</strong></span> <span class='ocrx_word' id='word_1_948' title='bbox 2382 5672 2660 5726; x_wconf 88' lang='lat' dir='ltr'><strong>codicibus</strong></span> <span class='ocrx_word' id='word_1_949' title='bbox 2699 5673 2916 5725; x_wconf 85' lang='lat' dir='ltr'><strong>desunt.</strong></span> 
     </span>
    </p>
   </div>
   <div class='ocr_carea' id='block_1_120' title="bbox 2124 5740 2932 5815">
    <p class='ocr_par' dir='ltr' id='par_1_120' title="bbox 2124 5740 2932 5815">
     <span class='ocr_line' id='line_1_126' title="bbox 2124 5740 2932 5815; baseline -0.001 -20"><span class='ocrx_word' id='word_1_950' title='bbox 2124 5743 2234 5815; x_wconf 83' lang='lat'><strong>(88)</strong></span> <span class='ocrx_word' id='word_1_951' title='bbox 2274 5740 2483 5797; x_wconf 82' lang='lat' dir='ltr'><strong>Omnia.</strong></span> <span class='ocrx_word' id='word_1_952' title='bbox 2520 5740 2701 5795; x_wconf 83' lang='lat' dir='ltr'><strong>Matth.</strong></span> <span class='ocrx_word' id='word_1_953' title='bbox 2740 5757 2813 5805; x_wconf 76' lang='lat' dir='ltr'><strong>x1,</strong></span> <span class='ocrx_word' id='word_1_954' title='bbox 2844 5742 2932 5794; x_wconf 76' lang='lat'><strong>27.</strong></span> 
     </span>
    </p>
   </div>
   <div class='ocr_carea' id='block_1_121' title="bbox 3229 5897 3310 5969">
    <p class='ocr_par' dir='ltr' id='par_1_121' title="bbox 3229 5897 3310 5969">
     <span class='ocr_line' id='line_1_127' title="bbox 3229 5897 3310 5969; baseline 0 0"><span class='ocrx_word' id='word_1_955' title='bbox 3229 5897 3310 5969; x_wconf 67' lang='lat'><strong>88</strong></span> 
     </span>
    </p>
   </div>
  </div>
