4112 6420
555 407 658 460 875

1789 403 2023 461 DIDYMI
2061 402 2524 461 ALEXANDRINI

3695 401 3802 455 876

551 535 629 579 est
649 522 760 594 (89)
791 523 917 578 mihi
944 522 1118 576 omnis
1140 530 1376 592 potestas
1397 522 1448 575 in
1474 525 1631 586 coelo.
1654 535 1706 580 et
1738 527 1788 578 in
1819 536 1992 589 terra;
2037 543 2054 575 ι
2078 540 2103 579 e

2239 543 2256 575 ι
2296 524 2480 595 Ἐδόθη
2520 542 2608 594 μοι
2642 525 2787 578 πᾶσα
2805 525 3018 590 ἐξουσία
3036 526 3093 577 ἐν
3121 519 3340 594 ,οὐρανῷ
3377 521 3470 576 καὶ
3501 521 3594 574 ἐπὶ
3611 520 3740 592 γῆς·
3781 539 3798 572 ι

553 615 714 667 verba
769 613 1021 667 Davidis:
1053 611 1318 667 «Postula
1374 612 1486 684 (90)
1524 632 1552 668 a
1601 631 1709 680 me,
1765 625 1818 671 et
1867 616 2004 671 dabo
2031 615 2120 668 tibi

551 716 736 772 gentes
772 704 1139 758 haereditatem
1171 713 1342 765 tuam,
1392 716 1443 758 e—t
1471 714 1787 773 potestatem
1835 715 1979 758 tuam
2019 713 2124 757 ter-

553 796 725 848 minos
763 803 955 860 terrae;
997 811 1015 844 ι
1046 803 1101 847 et
1130 793 1235 848 alia
1267 795 1348 849 his
1398 795 1612 861 similia,
1667 793 1988 849 ineffabilem
2041 793 2124 848 ln-

549 885 922 945 earnationem
951 885 1117 955 376
1143 886 1418 940 denotant.
1455 887 1583 941 [lem
1624 898 1804 941 autem
1854 887 1926 941 ita
1953 901 2010 942 se
2034 887 2124 940 ha-

551 977 678 1029 bere
710 987 916 1029 certum
955 986 1059 1040 est,
1097 976 1259 1044 idque
1292 986 1440 1030 extra
1463 977 1886 1031 controversiam
1919 983 2122 1044 ponunt

549 1069 710 1120 verba
740 1067 874 1127 hiBC,
909 1081 1026 1134 QtllB
1080 1068 1260 1122 statim
1288 1067 1650 1135 adjunguutur
1684 1084 1698 1120 :
1742 1086 1759 1117 ι
1787 1065 1920 1132 Quia
1950 1065 2120 1119 Filius

549 1156 786 1210 hominis
843 1166 965 1223 est;
998 1175 1016 1206 ι
1062 1165 1120 1210 ιιι
1184 1157 1404 1225 proinde
1473 1171 1682 1221 omnes,
1733 1157 1823 1224 qui
1855 1155 2028 1208 anima
2055 1170 2118 1209 ac

548 1260 710 1300 sensu
745 1244 902 1314 plane
930 1246 1172 1299 destituti
1204 1259 1305 1298 non
1335 1246 1460 1307 sint,
1490 1246 1644 1299 nobis
1663 1255 1922 1314 cogantur
1937 1261 2116 1299 assen-

549 1336 662 1389 tiri.
697 1334 829 1388 Nam
889 1351 1008 1388 cum
1065 1334 1352 1389 benevolus
1396 1344 1541 1389 esset
1590 1343 1777 1389 nostro
1823 1335 2027 1405 generi,
2062 1345 2116 1388 et

547 1426 845 1480 voluntarie
866 1425 1041 1480 factus
1058 1435 1200 1480 esset
1226 1441 1428 1495 pauper
1449 1441 1633 1490 carne,
1659 1426 2112 1495 quemadmodum

547 1519 733 1572 scribit
766 1515 962 1571 Paulus
995 1517 1130 1588 (9i),
1159 1527 1215 1571 ut
1237 1533 1358 1581 nos,
1389 1518 1478 1588 qui
1509 1517 1834 1573 omnimodis
1887 1517 2116 1587 jacturis

545 1605 597 1662 et
633 1609 1018 1662 mutationibus
1053 1623 1175 1661 cum
1205 1620 1425 1678 propter
1474 1621 1630 1664 vetus
1659 1619 1960 1678 peccatum,
2001 1619 2111 1662 tum

545 1712 762 1771 propter
798 1700 1040 1754 recentia
1073 1699 1289 1754 obnoxii
1345 1714 1584 1764 eramus,
1631 1700 1749 1769 ejus
1801 1708 2113 1767 paupertate

541 1791 955 1852 ditesceremus,
991 1804 1222 1858 cumque
1259 1791 1416 1843 modo
1449 1789 1700 1843 omnibus
1743 1789 1858 1842 utili
1889 1804 1948 1843 se
1970 1803 2114 1858 gere-

2227 615 2318 668 xai.
2351 615 2444 668 τοῦ
2482 615 2644 668 Δαυῒδ
2665 631 2677 646 ο
2719 636 2736 667 ι
2765 615 2992 685 Αίτησαι
3037 615 3166 683 παρ’
3196 611 3354 682 ἐμοῦ,
3398 611 3495 665 καὶ
3528 609 3686 664 δώσω
3719 625 3807 664 σοι

2223 707 2352 777 ἔθνη
2384 708 2481 777 τὴν
2527 705 2890 778 κληρονομίαν
2930 724 3024 760 σου
3053 705 3180 776 [179
3204 703 3256 776 b]
3296 693 3432 769 ,καὶ
3479 700 3580 772 τὴν
3633 701 3805 753 κατὰ·

2225 797 2406 868 σχεσίν
2440 813 2532 850 σου
2556 796 2624 850 τὰ
2667 796 2875 866 πέρατα
2931 797 3028 867 τῆς
3053 796 3183 866 γῆς·
3212 813 3232 846 ι
3284 794 3379 847 καὶ
3411 793 3512 846 ὅσα
3550 791 3801 855 τοιαῦτα,

2221 890 2318 960 τὴν
2359 890 2638 960 ἄφραστον
2674 889 2982 958 οἰκονομίαν
3023 887 3190 958 δηλοῖ.
3235 885 3346 940 Καὶ
3392 885 3604 955 ἄμαχον
3638 881 3804 934 τοῦτο

2221 982 2380 1034 πλέον
2409 983 2571 1042 ποιεῖ,
2607 980 2701 1034 καὶ
2745 980 2950 1043 πάντας
2982 979 3300 1046 ἀναγκάζει,
3336 975 3464 1038 τούς
3496 991 3561 1044 γε
3603 973 3676 1044 μὴ
3711 989 3799 1026 τε-

2219 1071 2354 1134 λέως
2380 1070 2639 1139 ἀψύχους,
2692 1069 3034 1122 συντίθεσθαι
3069 1070 3201 1138 ἡμῖν
3243 1067 3302 1120 τὸ
3333 1067 3496 1129 εὐθὺς
3533 1066 3797 1136 προσκεῖ-

2221 1162 2374 1214 σθαι·
2415 1181 2433 1212 ι
2461 1162 2582 1214 Ὅτι
2619 1161 2746 1224 Υἱὸς
2783 1159 3073 1232 ἀνθρώπου
3120 1159 3286 1212 ἐστίν.
3313 1177 3330 1209 ι
3382 1156 3645 1227 Εὑμενῶς
3683 1154 3794 1226 γὰρ

2162 1258 2167 1263 ’
2217 1251 2353 1321 ἔχων
2408 1250 2543 1320 πρὸς
2593 1249 2654 1302 τὸ
2705 1249 2860 1318 γένος
2898 1249 3086 1318 ἡμῶν,
3131 1247 3226 1301 καὶ
3273 1247 3412 1300 ἑκὼν
3467 1245 3796 1316 πτωχεύσας

2219 1341 2401 1410 σαρκὶ,
2431 1341 2506 1403 ὼς
2551 1341 2752 1411 γράφει
2783 1341 2812 1392 ό
2849 1339 3079 1404 Παῦλος,
3116 1339 3182 1392 ἵν’
3219 1341 3398 1410 ἡμεῖς,
3425 1339 3472 1390 οἱ
3504 1337 3792 1398 παντοίαις

2218 1431 2439 1500 βλάὅαις
2473 1431 2564 1484 καὶ
2599 1429 2940 1500 μεταϐολαῖς,
2964 1429 3051 1482 διά
3081 1446 3140 1481 τε
3169 1430 3268 1500 τὴν
3299 1429 3532 1500 ἀρχαίαν
3566 1427 3662 1480 καὶ
3688 1426 3791 1489 τὰς

2218 1523 2562 1592 προσφάτους
2627 1521 2936 1592 ἁμαρτίας,
2996 1521 3380 1591 ὑποκείμενοι,
3441 1522 3508 1588 τῇ
3577 1519 3787 1573 ἐκείνου

2214 1611 2456 1682 πτωχείᾳ
2490 1610 2911 1682 πλουτήσωμεψ
2947 1606 3041 1663 καὶ
3067 1611 3231 1663 πᾶσιν
3262 1609 3582 1682 προσφόρως
3618 1624 3790 1678 προσ-

2215 1703 2542 1773 φερόμενος,
2599 1704 2665 1772 τῇ
2726 1703 2856 1772 ἡμῖν
2910 1701 3190 1772 συντρόφῳ
3244 1701 3443 1771 ἐχρῆτο
3496 1699 3783 1769 διαλέκτῳ,

2212 1793 2360 1856 ὅπως
2406 1792 2502 1863 τὴν
2549 1791 2859 1862 οἰκονομίαν
2911 1791 3199 1862 ωνιῶμεν,
3246 1793 3321 1862 μὴ
3360 1790 3438 1859 τῷ
3484 1789 3632 1859 ὄγκῳ
3684 1789 3784 1859 τῆς

543 1891 643 1946 ret,
679 1881 909 1936 dialecto
970 1881 1125 1936 nobis
1184 1881 1252 1934 ab
1293 1880 1620 1935 incunahilis
1659 1879 1908 1933 familiari
1934 1880 2103 1933 uteba.

2216 1885 2364 1946 θείας
2415 1860 2893 1952 ἀποθαμὸούτμενοι
2945 1860 3216 1952 φράσεως.
3250 1860 3458 1952 -Ἥρκει
3523 1881 3632 1952 γὰρ
3690 1881 3787 1933 καὶ

544 1984 650 2041 tur,
680 1983 738 2026 ut
767 1973 1198 2027 lucarnationem
1231 1971 1677 2041 intelligeremus,
1720 1982 1890 2040 neque
1913 1985 2010 2025 nos
2033 1971 2112 2023 di-

541 2063 678 2118 vina:
714 2063 1000 2119 locutionis
1028 2061 1332 2116 sublimitas
1363 2062 1833 2129 obstupefaceret;
1877 2061 1957 2115 vel
2002 2061 2112 2115 sola

539 2155 683 2208 enim
709 2153 965 2206 miracula
995 2151 1129 2206 satis
1188 2151 1548 2204 ostendebant
1595 2152 1766 2218 ipsum
1796 2166 1916 2206 esse
1947 2152 2110 2205 Deum

541 2247 676 2300 initii
708 2255 1005 2314 expertem,
1069 2260 1132 2299 ac
1193 2245 1392 2299 nullius
1440 2254 1720 2313 egentem:
1751 2247 1886 2300 adeo
1916 2255 1972 2299 ut
2007 2261 2112 2298 mo-

539 2337 690 2389 deste
719 2334 942 2402 loquens
971 2334 1132 2388 etiam
1165 2334 1279 2388 hmc
1301 2334 1501 2388 dixerit
1535 2352 1546 2388 :
1587 2352 1605 2385 ι
1640 2332 1833 2402 Vulpes
1859 2334 1970 2402 agri
1999 2334 2109 2402 (92)

539 2424 721 2480 foveas
751 2425 970 2489 habent,
1015 2433 1071 2478 et
1118 2422 1359 2477 volucres
1377 2425 1488 2492 (95)
1526 2421 1648 2477 οωιί
1712 2423 1898 2487 nidos;
1942 2422 2111 2477 Filius

522 2510 715 2572 'aulcm
740 2515 981 2572 hominis
1009 2529 1112 2569 non
1146 2515 1309 2569 habet
1345 2515 1431 2567 ubi
1449 2524 1622 2584 caput
1662 2514 1886 2569 inclinet
1915 2512 2029 2585 (94)
2057 2531 2102 2566 ε»

537 2623 636 2662 nec
657 2609 798 2662 enim
835 2605 949 2676 (95)
969 2607 1386 2661 decebatrerum
1417 2607 1661 2660 omnium
1699 2607 1972 2661 dominum
1994 2604 2104 2676 (96)

535 2700 735 2768 aliquid
775 2699 826 2753 in
861 2709 1002 2752 terra
1060 2698 1362 2768 possidere,
1418 2699 1559 2766 quod
1607 2697 1721 2765 ejus
1745 2697 1905 2752 veluti
1941 2713 2103 2768 pecu-

535 2789 744 2843 liariter
803 2788 1077 2858 proprium
1133 2797 1294 2842 esset.
1336 2785 1606 2842 Prmterea
1663 2803 1791 2842 vero
1829 2804 1950 2842 eum
1985 2790 2104 2858 qui-

533 2886 675 2946 dem,
709 2881 799 2951 qui
829 2881 970 2934 Deus
1000 2889 1140 2943 erat,
1169 2890 1225 2934 et
1259 2881 1342 2933 cui
1391 2880 1534 2934 nulla
1595 2893 1829 2947 unquam
1860 2893 1982 2932 cum
2009 2881 2106 2932 ho-

532 2973 764 3026 minibus
821 2972 1038 3041 querela
1073 2980 1165 3026 aut
1193 2971 1467 3025 contentio
1495 2970 1613 3036 fuit,
1653 2969 1936 3038 oportebat
1967 2983 2103 3038 quo-

532 3066 818 3116 dammodo
848 3078 908 3117 ea
943 3063 1110 3132 loqui,
1139 3079 1257 3130 qua:
1283 3062 1530 3116 humana:
1577 3061 1872 3115 conditioni
1901 3073 2100 3114 conve-

533 3153 733 3208 nientia
774 3151 948 3207 forent
998 3167 1062 3207 ac
1093 3154 1334 3209 modesta
1357 3169 1370 3205 :
1393 3155 1538 3223 quod
1562 3152 1963 3207 serenissituam
1983 3152 2101 3220 qui.

531 3246 651 3297 dem
687 3243 876 3312 ipsius,
914 3244 1257 3312 maximeque
1313 3243 1525 3297 beatam
1551 3285 1564 3307 ,
1615 3249 1667 3296 et
1692 3240 1870 3294 omnia
1920 3240 2097 3294 couti-

531 3344 744 3389 nentem
768 3345 1009 3388 naturam
1043 3334 1175 3388 nihil
1205 3333 1449 3396 laedebat,
1475 3333 1628 3387 nobis
1651 3345 1776 3386 vero
1797 3332 2048 3400 proderat
2081 3353 2092 3386 :

530 3440 745 3495 semper
781 3425 925 3480 enim
957 3425 1072 3494 ipse
1124 3425 1344 3495 respicit
1377 3438 1484 3478 non
1517 3423 1788 3493 propriam
1815 3423 1898 3477 sui
1923 3424 2095 3492 ipsius

529 3518 885 3583 altitudinem,
920 3517 1012 3571 sed
1044 3517 1320 3571 hominum
1367 3515 1740 3586 abjectiouem.
1803 3515 2093 3584 lpsummet

525 3621 652 3662 vero
680 3607 808 3661 mihi
863 3605 1272 3676 suffragatorem
1307 3604 1500 3659 faciam
1551 3606 1664 3658 haec
1697 3606 1961 3659 dicentem
1991 3603 2091 3658 Pe-

528 3711 608 3752 tro
631 3716 645 3752 :
678 3699 778 3755 «Ut
796 3698 1112 3766 autem(97),
1132 3697 1327 3767 inquit,
1351 3713 1453 3751 nou
1477 3696 1902 3752 scandalizemus
1918 3697 2086 3767 ipsos,

528 3794 658 3846 vade
693 3794 744 3846 in
785 3807 952 3856 mare,
985 3790 1220 3858 etjacilo
1251 3792 1488 3852 hamum,
1518 3797 1572 3842 et
1595 3804 1716 3842 eum
1748 3789 1970 3858 piscem,
1995 3788 2086 3856 qui

524 3883 727 3950 primus
750 3883 1071 3948 ascenderit,
1100 3881 1248 3945 tolle,
1274 3889 1328 3936 et
1357 3891 1543 3950 aperto
1563 3894 1657 3933 ore
1681 3880 1819 3946 ejus,
1849 3879 2090 3932 invenies

525 3985 776 4030 staterem
806 3997 816 4030 :
849 3987 903 4030 et
936 3974 1046 4044 (98)
1083 3974 1227 4028 illum
1271 3987 1511 4036 sumens,
1572 3974 1638 4024 da
1675 3972 1754 4024 eis
1777 3986 1876 4039 pro
1901 3985 2004 4032 me,
2033 3977 2088 4023 et

525 4079 594 4121 te.
621 4087 639 4118 ι
674 4065 956 4122 Hominem
1015 4081 1141 4121 vero
1176 4063 1286 4135 (99)
1335 4077 1397 4117 ea
1447 4063 1606 4116 verba
1647 4074 1928 4129 usurpare,
1966 4073 2084 4128 qua:

2215 1975 2350 2046 μόνα
2378 1973 2446 2027 τὰ
2477 1972 2730 2043 θαύματα
2758 1972 3034 2041 ἐκφαίνειν
3066 1972 3165 2041 τὴν
3195 1971 3426 2042 ἄναρχον
3457 1971 3552 2024 καὶ¹
3577 1973 3785 2041 ἀπροσ-

2209 2065 2303 2136 δεῆ
2345 2063 2509 2118 αὑτοῦ
2549 2064 2810 2135 θεάτηταο
2848 2063 2924 2128 ὡς
2969 2061 3326 2136 μετριάζοντα
3363 2063 3455 2116 καὶ
3494 2061 3653 2116 τοῦτο
3693 2061 3780 2116 λέ-

2210 2173 2355 2224 γειν·
2393 2174 2414 2207 ι
2440 2156 2503 2208 At
2559 2154 2840 2218 ἀλώπεκες
2883 2154 2976 2207 τοῦ
3043 2153 3213 2225 ἀγροῦ
3253 2153 3492 2222 φωλεοὺς
3544 2153 3777 2224 ἔχουσιν,

2211 2247 2403 2301 καὶτὰ
2457 2247 2671 2317 πετηνά
2716 2245 2809 2299 τοῦ
2863 2245 3092 2315 οὐρανοῦ
3142 2244 3614 2316 κατασκηνώσειςο
3647 2247 3673 2298 ό
3720 2245 3779 2300 δέ

2210 2339 2336 2402 Yth;
2367 2337 2461 2391 τοῦ
2491 2336 2776 2408 ἀνθρώπου
2819 2338 2918 2390 οὑκ
2952 2337 3063 2405 ἔχει
3094 2335 3196 2389 ποῦ
3241 2335 3340 2407 τὴν
3379 2335 3619 2405 κεφαλὴν
3666 2335 3778 2390 x1?-

2208 2447 2356 2486 ναι.)
2391 2431 2466 2483 Οὐ
2513 2429 2622 2500 γὰρ
2667 2429 2776 2482 ἔδει
2821 2429 2913 2482 τὸν
2969 2429 3244 2498 Δεσπότην
3293 2426 3491 2491 ἰδιάζον
3537 2444 3652 2490 πως
3684 2427 3776 2479 ἐπὶ

2207 2518 2310 2586 γῆς
2336 2535 2388 2570 τι
2422 2517 2741 2587 κεκτῆσθαι.
2772 2519 2882 2570 Καὶ
2906 2517 3079 2580 ἄλλως
3107 2517 3164 2570 δέ
3203 2534 3322 2581 πως
3359 2515 3449 2571 τὸν
3481 2515 3611 2570 Θεὸν
3655 2516 3773 2585 μὲν,

2205 2603 2248 2677 ᾧ
2285 2609 2506 2675 ἔνδειξις
2538 2611 2631 2664 καὶ
2663 2609 2778 2681 ἐρις
2819 2610 2956 2681 πρὸς
2994 2607 3315 2678 ἀνθρώπους
3347 2609 3599 2662 οὐδέποτε
3631 2608 3776 2662 οὐδε·

2210 2701 2327 2773 μία,
2374 2701 2817 2772 ἁνθρωποπρεπῆ
2868 2701 2961 2754 καὶ
3019 2700 3382 2772 μετριόφρονα
3442 2697 3772 2768 φθέγξασθαι

2205 2791 2458 2862 χρειῶδες
2492 2787 2582 2862 ἦν,
2628 2792 2722 2844 καὶ
2745 2790 2900 2844 οὐδὲν
2937 2791 3033 2860 μὲν
3074 2789 3170 2861 τὴν
3207 2790 3574 2861 γαληνοτάτην
3601 2786 3766 2839 αὑτοῦ

2205 2883 2298 2936 καὶ
2344 2882 2521 2936 πάντα
2572 2882 2929 2952 περιέχουσαν
2978 2880 3137 2950 φύσιν
3184 2881 3574 2942 καταϐλάπτον,
3618 2879 3763 2948 ἡμᾶς

2202 2971 2257 3024 δέ
2313 2973 2652 3044 εὐεργετοῦν.
2698 2973 2829 3042 Ὁρᾷ
2878 2971 2985 3042 γάρ
3029 2972 3115 3024 ἀεὶ
3165 2971 3224 3024 οὺ
3280 2969 3414 3042 πρὸς
3465 2969 3527 3022 τὸ
3569 2971 3764 3022 οἰκεῖον

2203 3061 2356 3131 ὕψος,
2394 3063 2528 3133 πρὸς
2561 3063 2617 3115 δέ
2646 3062 2706 3115 τὸ
2733 3061 3032 3133 ἀνθρώπων
3059 3060 3330 3115 ταπεινόν.
3357 3059 3528 3112 Αὐτὸν
3557 3059 3612 3112 δὲ
3642 3059 3765 3111 συλ-

2201 3153 2446 3225 λήπτορα
2507 3155 2837 3222 ποιήσομαι,
2883 3149 3106 3220 λέγοντα
3156 3151 3372 3220 Πέτρῳο
3419 3167 3438 3201 ι
3469 3150 3584 3202 Ἰνα
3635 3148 3714 3210 δὲ,
3741 3167 3759 3199 ι

2201 3245 2356 3315 φησὶ,
2407 3260 2426 3294 ι
2457 3241 2529 3312 μὴ
2575 3242 3021 3311 σκανδαλίσωμεν
3075 3241 3303 3305 αὐτοὺς,
3353 3239 3632 3312 πορευθεὶς
3688 3241 3765 3301 είς

2201 3333 2494 3395 θάλασσαν,
2540 3332 2666 3402 βάλε
2711 3317 3028 3402 ἄγκιστρον,
3078 3333 3171 3384 καὶ
3227 3331 3352 3402 [180
3386 3329 3442 3402 ς]
3486 3330 3579 3383 τὸν
3631 3331 3762 3384 ἀνα·

2199 3424 2368 3479 ϐάντα
2416 3424 2628 3492 πρῶτον
2685 3422 2834 3493 ἰχθὺν
2887 3419 3048 3493 ἆρον’
3095 3424 3190 3475 καὶ
3236 3421 3452 3486 ἀνοίξας
3490 3422 3550 3474 τὸ
3592 3420 3762 3488 στόμα

2196 3511 2381 3576 αὑτοῦ,
2422 3513 2674 3582 εὑρήσεις
2716 3511 2987 3582 στατῆρα⁸
3028 3511 3118 3563 καὶ
3169 3511 3374 3562 ἐκεῖνον
3429 3509 3627 3574 λαϐὼν,
3676 3509 3762 3572 δὸς

2195 3603 2377 3666 αὐτοῖς
2405 3603 2528 3655 ἀντὶ
2559 3601 2691 3671 ἐμοῦ
2735 3601 2828 3652 καὶ
2858 3599 2974 3652 σοῦ.
2999 3619 3017 3651 ι
3063 3597 3380 3670 ’Ἄνθρωπον
3416 3597 3471 3650 δὲ
3508 3597 3626 3666 Θεῷ
3665 3598 3763 3668 ἀρ-

2200 3695 2432 3767 μόξοντα
2477 3696 2696 3766 ῥήματα
2735 3694 2986 3762 ἀφιέναι,
3028 3692 3086 3746 οὐ
3137 3691 3321 3762 θέμις·
3357 3692 3478 3744 ἐπεὶ
3522 3691 3614 3742 καὶ
3666 3691 3761 3759 βα-

2197 3786 2334 3838 σιλεῖ
2395 3786 2474 3838 ὃτι
2530 3784 2764 3854 μάλιστα
2827 3784 3025 3854 πρέπει
3087 3782 3480 3854 μετριολογεῖν·
3542 3780 3760 3852 μείζονα

2193 3876 2300 3946 γὰρ
2327 3877 2390 3928 ἐκ
2415 3875 2600 3928 τούτου
2633 3875 2936 3946 καρποῦται
2976 3875 3154 3940 δόξαν,
3184 3875 3278 3928 καὶ
3307 3877 3386 3938 είς
3417 3874 3587 3947 αὐτὴν
3631 3874 3760 3928 ἁνα-

2193 3967 2416 4038 φέρεται
2447 3967 2544 4037 τῆς
2587 3967 2749 4037 τιμῆς
2792 3967 2889 4034 τὴν
2927 3966 3206 4036 κορυφήν·
3245 3965 3470 4036 ὑπηκόῳ
3509 3964 3564 4019 δὲ
3608 3962 3759 4033 βασι-

2191 4058 2345 4120 λικὰς
2382 4059 2563 4126 φωνὰς
2599 4059 2874 4130 ἐκφέρειν,
2917 4057 3253 4127 ἀσύμφορον.

525 4165 633 4218 Deo
679 4164 1022 4224 conveniunt,
1079 4159 1228 4215 nefas
1277 4169 1393 4212 est:
1439 4172 1561 4210 nam
1629 4171 1806 4226 regem
1867 4169 2083 4224 quoque
2124 4168 2284 4222 quam
2329 4157 2561 4208 maxime
2593 4149 2746 4209 decet
2783 4153 3024 4207 modeste
3072 4151 3258 4221 loqui;
3323 4151 3586 4222 majorem
3611 4150 3754 4204 enim

521 4273 588 4310 ex
618 4257 718 4312 hoc
741 4255 965 4327 percipit
993 4254 1237 4323 gloriam,
1281 4264 1439 4321 atque
1465 4252 1564 4302 hac
1592 4249 1798 4303 ratione
1825 4247 2090 4318 adipsum
2114 4246 2276 4318 377
2310 4246 2528 4302 honoris
2553 4248 2759 4316 apicem
2790 4245 3064 4300 extollitur
3084 4261 3102 4297 ι
3144 4252 3228 4298 ast
3293 4245 3368 4308 ei,
3434 4243 3522 4311 qui
3565 4244 3756 4298 subdi-

524 4356 606 4400 tus
639 4347 725 4410 sit,
758 4361 942 4415 regum
977 4357 1126 4397 more
1156 4341 1298 4410 loqui
1337 4338 1736 4394 incoutlucibile
1763 4347 1866 4391 est.

497 4421 504 4426 ’
590 4434 775 4505 Itaque
801 4432 1254 4500 cunrAltissimus
1281 4429 1436 4492 foret,
1460 4444 1523 4483 ac
1551 4427 1641 4481 Dei
1663 4425 1893 4480 Verbum
1920 4424 2082 4479 verba
2117 4427 2161 4481 D

518 4529 701 4581 omnia
763 4523 1178 4594 supergrediens
1244 4521 1514 4582 Christus,
1567 4520 1740 4573 locum
1811 4517 2085 4570 trahebant

521 4617 740 4673 humilia
778 4615 948 4682 ipsius
983 4612 1147 4668 dicta.
1179 4613 1247 4666 At
1279 4619 1489 4676 contra,
1522 4611 1566 4664 si
1603 4617 1851 4662 creatura
1879 4607 1924 4660 is
1952 4605 2083 4660 fuis-

521 4719 630 4768 set,
672 4706 845 4760 locum
875 4720 981 4758 non
1011 4704 1328 4758 habuissent
1377 4717 1494 4772 quae
1525 4701 1842 4766 loquebatur
1869 4696 2082 4750 excelsa

519 4809 684 4866 atque
727 4795 1000 4850 sublimia.
1055 4793 1333 4860 Quomodo
1375 4792 1517 4846 enim
1568 4790 1682 4844 lieri
1734 4796 1964 4858 poterat,
2026 4795 2084 4839 ut

522 4889 686 4941 vitam
727 4887 996 4956 acciperet
1037 4870 1170 4949 vita,
1204 4892 1295 4936 aut
1349 4890 1669 4952 potestatem
1700 4879 1970 4946 acciperet
1994 4876 2080 4929 ille

593 5084 702 5152 (89)
732 5085 867 5138 Data
904 5094 999 5137 est.
1027 5082 1213 5136 Matth.
1243 5079 1545 5152 xxvm,l8.

593 5150 704 5223 (90)
734 5151 974 5223 ζὐειιιια.
996 5153 1139 5223 Psal.
1171 5168 1230 5216 ll,
1257 5167 1395 5223 vers.
1420 5150 1474 5204 8.

594 5220 708 5291 (9|)
737 5221 959 5291 Paulus.
993 5221 1034 5275 ll
1069 5221 1194 5291 Cor.
1220 5236 1337 5283 \lll,
1367 5220 1419 5274 9.

591 5282 700 5360 (92)
750 5290 936 5361 Vulpes
967 5292 1104 5361 agri.
1145 5282 1330 5361 Matth.
1361 5303 1476 5352 viti,
1501 5286 1666 5361 Ἡλεί
1693 5285 1940 5361 Luc.__tx.

520 5353 658 5421 Vo'x,
683 5353 901 5430 ἀγροῦ,
923 5362 974 5414 id
1003 5353 1120 5422 'est,
1154 5377 1172 5411 ι
1200 5360 1374 5429 agri,»
1411 5361 1562 5412 deest
1608 5359 1661 5408 in
1697 5356 1948 5410 omnibus
1988 5353 2078 5405 Bt-

519 5429 750 5482 bl'tortnn
770 5429 1123 5484 editionibus.

589 5518 700 5588 (95)
739 5516 1003 5574 Volucres.
1032 5521 1230 5585 Codex,
1259 5519 1466 5602 πετηνά
1493 5533 1586 5584 pro
1615 5511 1851 5567 πετεινά.

594 5609 705 5675 (9i)
739 5607 979 5664 Inclinat.
1006 5610 1187 5666 Graeca
1223 5611 1406 5673 editio,
1436 5607 1592 5680 κλίνῃ
1631 5621 1727 5676 pro
1782 5603 1976 5656 κλῖναι.

593 5695 706 5767 (95)
736 5694 846 5767 Nec
899 5701 1051 5752 enim.
1105 5699 1305 5767 Codex,
1355 5699 1456 5754 ποῦ
1509 5697 1637 5767 γάρ,
1694 5696 1743 5747 id
1777 5700 1903 5767 est.
1933 5690 2080 5767 stibi

519 5761 693 5819 cuitu.
720 5780 737 5814 ι
769 5761 928 5830 Lego.
954 5767 1012 5818 οὺ
1031 5768 1157 5836 γάρ.
1198 5761 1412 5821 Videtur
1433 5761 1857 5822 eniin’librarius
1895 5763 1963 5814 ab
1991 5761 2082 5815 illo

2263 4422 2417 4475 Ὥστε
2464 4418 2650 4488 ἐπειδὴ
2694 4417 2955 4486 Ὕψιστος
3004 4412 3108 4488 ἦν,
3155 4417 3246 4468 καὶ
3279 4415 3450 4484 Λόγος
3481 4414 3574 4468 τοῦ
3619 4415 3752 4468 Θεοῦ

2191 4512 2390 4574 παντὸς
2447 4511 2604 4578 λόγου
2653 4508 2948 4579 κρείττων,
2985 4507 3167 4578 χώραν
3199 4503 3344 4576 εἶχεν
3394 4507 3462 4560 τὰ
3499 4507 3751 4579 χθαμαλὰ

2192 4603 2356 4658 αὑτοῦ
2405 4603 2626 4672 ῥήματα
2648 4617 2661 4629 ·
2691 4601 2742 4651 εἰ
2779 4598 2834 4651 δὲ
2868 4599 3072 4668 κτίσμα
3116 4597 3403 4666 ἐτύγχανε,
3460 4599 3620 4652 πάλιν
3653 4601 3752 4653 οὐκ

2188 4688 2329 4762 εἶχεν
2361 4690 2564 4760 χώραν,
2613 4689 2648 4743 ἃ
2677 4689 2973 4758 ἐφθέγγετο
3002 4688 3198 4757 ὑψηλά.
3235 4683 3361 4748 Πῶς
3392 4688 3499 4758 γάρ
3535 4689 3601 4739 ἂν
3630 4690 3753 4742 ἐλα-

2188 4784 2278 4834 ϐεν
2307 4781 2450 4851 ζωὴν
2472 4783 2504 4850 ὴ
2529 4779 2662 4848 ζωὴ,
2695 4777 2996 4848 ἧέξουσίαν
3031 4780 3060 4829 ό
3093 4777 3232 4830 κατά
3277 4775 3500 4829 Ἡσαΐαν
3533 4763 3750 4848 ίσχυρὸς

2187 4876 2280 4928 καὶ
2311 4871 2657 4943 ἐξουσιαστὴς
2685 4872 2836 4934 Θεὸς.
2865 4873 2892 4924 ὁ
2926 4871 3020 4923 καὶ
3049 4871 3159 4932 τοῖς
3194 4868 3482 4922 ἀποθανεῖν
3513 4869 3748 4949 δυναμέ-

2189 5091 2312 5139 που,
2348 5074 2488 5143 quod
2540 5070 2928 5140 antegreditur,
2960 5071 3214 5138 deceptus
3255 5069 3342 5124 hic
3369 5084 3583 5141 quoque
3610 5074 3748 5137 scri-_

2183 5142 2483 5214 psisse’noﬁ
2515 5157 2609 5211 pro
2633 5143 2715 5193 οὐ.
2751 5209 2762 5214 _
2914 5209 2924 5214 _
3021 5209 3032 5214 Α
3228 5207 3243 5214 _
3401 5209 3432 5214 η

2256 5212 2365 5281 (96)
2401 5207 2593 5265 Rerum
2624 5209 2851 5281 ninnium
2891 5209 3180 5281 dominum.
3228 5207 3284 5261 In
3315 5209 3501 5265 codice
3525 5221 3638 5281 post
3665 5211 3746 5264 di-
3775 5209 3777 5211 ’

2186 5279 2416 5336 elicuem
2460 5279 2751 5348 Δεσπότην
2775 5279 3114 5331 intervallum
3140 5287 3231 5348 est
3247 5291 3496 5343 vacuum,
3527 5279 3743 5335 duobus

2194 5362 2286 5404 aut
2316 5351 2485 5404 trilms
2515 5346 2788 5402 vocabulis
2815 5349 3089 5416 capiendis
3119 5346 3409 5403 sulliciens.
3436 5352 3619 5417 Quare
3645 5365 3744 5404 vo-

2191 5435 2305 5484 ces,
2349 5439 2367 5470 (
2393 5433 2567 5471 rerum
2589 5417 2849 5481 omnium,
2871 5434 2890 5468 ι
2913 5417 2978 5470 de
3013 5431 3131 5470 meo
3157 5417 3352 5470 addidi.
3805 5473 3811 5476 _

2263 5489 2375 5558 (97)
2403 5485 2466 5541 Ut
2481 5497 2674 5558 autem.
2700 5487 3047 5558 Mutilum",
3071 5486 3160 5540 27.
3185 5486 3314 5542 Vide
3353 5495 3461 5542 not.
3485 5486 3577 5553 29,
3609 5503 3660 5558 p.
3685 5488 3740 5542 ι.

2261 5556 2372 5627 (98)
2406 5557 2492 5627 Et.
2531 5557 2688 5612 Deest
2710 5557 2763 5610 in
2793 5556 2980 5627 Bibliis
3007 5558 3350 5627 hiec‘vocula.

2261 5623 2370 5695 (99)
2417 5626 2690 5680 Hominem
2725 5642 2860 5680 vero.
2900 5624 3095 5680 Vocula
3119 5623 3176 5677 δέ
3206 5624 3292 5680 hlc
3329 5627 3618 5694 opponitur
3651 5641 3739 5679 vo-

2187 5695 2417 5764 culaeilli
2452 5695 2569 5764 μέν,
2598 5697 2696 5748 etsi
2731 5696 2927 5764 procul
2954 5695 3158 5764 positae,
3191 5706 3308 5764 (ψπρ
3335 5697 3528 5762 legitur
3581 5711 3742 5762 snpe-

2187 5765 2298 5817 rius
2319 5763 2370 5819 in
2402 5759 2483 5818 his
2516 5764 2690 5819 verbis
2724 5759 2740 5817 ἑ
2767 5763 2871 5817 Τὸν
2900 5759 3030 5815 Θὲδν
3054 5763 3171 5834 μὲν,
3201 5759 3246 5832 ᾧ
3275 5759 3515 5828 ἔνδειξις,
3545 5759 3654 5822 etc;
