4134 6410
374 432 484 487 εττ

1439 433 1525 488 DE
1567 434 1936 493 TRINITATE
1976 438 2173 496 LIBER
2213 444 2541 502 'IERTIUS.

3516 457 3621 511 873

376 566 488 612 νοις
519 548 579 601 τδ
614 544 712 621 ζῇν
751 547 846 600 καὶ
889 542 1031 600 εἶναι
1065 548 1183 599 κατ’
1221 546 1471 611 ἐξουσίαν
1508 548 1645 602 ἰδίαν
1682 552 1946 621 παρέχων,

2060 555 2157 625 qui
2180 556 2332 623 juxta
2357 557 2549 613 Isaiam
2585 560 2660 630 (l)
2692 569 2773 616 est
2799 560 2977 629 fortis,
3020 573 3070 620 et
3119 567 3420 625 dominator
3445 570 3615 627 Deus?

375 644 402 693 ὁ
445 640 639 710 Πέτρῳ
670 639 769 701 τὰς
813 636 960 701 κλεῖς
992 639 1090 708 τῆς
1135 639 1385 708 οὐρανίου
1422 638 1568 708 ζωῆς
1611 642 1953 712 ἐγχειρίσας;

388 730 586 801 Ἐκϐοᾷ
616 729 726 800 γὰρ
762 730 856 782 καὶ
887 733 917 782 6
962 729 1317 793 ’Artdato).og,-
1342 730 1417 794 ὡς
1458 749 1476 782 ι
1519 732 1630 801 Οὐχ
1661 734 1955 804 ἁρπαγμίν

375 823 620 894 ἡγήσατο
639 822 702 874 τὸ
730 817 870 874 εἶναι
903 820 994 876 ῐσα
1024 820 1141 891 Θεῷ
1162 839 1174 849 ·
1209 841 1226 873 ι
1259 822 1378 875 ἀντὶ
1400 821 1517 884 τοῦ,
1542 823 1654 892 Οὐχ
1682 823 1952 892 ἥρπασεν,

376 914 475 967 οὐκ
513 912 671 966 ἔλαϐε
734 911 798 965 τὸ
830 909 969 971 εἶναι
1012 910 1127 974 ἴσος
1158 910 1234 980 τῷ
1283 911 1404 982 Θεῷ
1442 913 1536 965 καὶ
1564 912 1757 983 Πατρί.
1800 914 1863 965 Ei
1897 912 1955 965 δέ

376 1003 485 1073 ἄρα
507 1002 603 1055 καὶ
629 1002 708 1064 εἰς
738 1000 839 1071 τὴν
869 999 1099 1069 θεότητα
1125 1002 1310 1072 εἴρητο
1343 1002 1436 1055 τοῦ
1472 1002 1627 1063 Υίοῦ.
1658 1004 1824 1073 ἐχρῆν
1854 1004 1955 1056 αὺ-

375 1093 502 1156 τοὺς
535 1091 676 1146 οὕτω
704 1095 867 1156 νοεῖν,
912 1092 1106 1162 ὅτιπερ
1131 1133 1143 1149 ,
1182 1092 1241 1145 ὃν
1279 1093 1477 1163 τρόπον
1508 1092 1588 1158 τὸ,
1633 1092 1776 1162 ἔχειν
1809 1094 1953 1165 ζωὴν

373 1184 465 1234 τὸν
496 1181 650 1246 Θεὸν,
688 1182 749 1233 οὐ
788 1180 851 1233 τὸ
902 1181 1203 1249 κεκτῆσθαί
1252 1199 1305 1234 τι
1349 1181 1477 1235 ἄλλο
1515 1182 1740 1244 ἐαυτοῦ,
1766 1183 1845 1245 ὡς
1877 1183 1951 1253 μὴ

379 1273 631 1342 ἁνάρχως
664 1272 956 1342 ἐσχηκότα,
994 1272 1130 1325 ἀλλὰ
1156 1273 1215 1326 τὸ
1244 1272 1405 1326 αὐτὸν
1432 1269 1571 1326 εἶναι
1608 1274 1786 1335 τοῦτο,
1816 1275 1953 1345 ὅπερ

377 1362 521 1432 ἔχειν
554 1362 791 1430 λέγεται,
820 1361 999 1432 δηλοί’
1028 1361 1119 1414 τὸν
1146 1362 1309 1415 αὐτὸν
1334 1363 1557 1449 τρόπον,
1584 1364 1646 1417 τὸ
1677 1364 1820 1435 ἔχειν
1852 1365 1950 1417 λα·-

376 1452 538 1505 ϐόντα
569 1452 711 1522 ζωὴν
753 1453 845 1505 τὸν
889 1452 1038 1514 Υίὸν,
1069 1453 1168 1522 οὐχ
1202 1454 1278 1517 ὡς
1311 1454 1387 1525 μὴ
1426 1454 1619 1525 ἔχοντα
1660 1456 1818 1525 φύσει
1857 1474 1953 1527 ση-

378 1543 578 1612 μαίνει.
626 1544 688 1595 Ἦ
719 1542 826 1615 γὰρ
859 1542 1003 1607 λέξις
1042 1545 1075 1612 ἡ
1118 1561 1137 1594 ι
1173 1543 1362 1615 ὥσπερ
1387 1544 1519 1616 ἔχει,
1557 1566 1574 1598 ι
1615 1547 1760 1619 καὶὴ
1805 1569 1820 1599 ι
1858 1549 1950 1602 οὖ-

334 1616 341 1621 ·
373 1651 481 1696 τως
542 1634 730 1696 ἔδωκε,
770 1652 790 1684 ο
825 1634 981 1686 τοῦτο
1009 1637 1282 1705 παριστᾷ·
1313 1636 1393 1688 ὅτι
1429 1635 1602 1701 οὕτως
1626 1637 1737 1707 ἔχει
1764 1640 1792 1690 ὁ
1822 1640 1950 1703 Υἱὸς

374 1726 471 1795 τὴν
504 1724 668 1794 ζωὴν,
717 1725 905 1798 ὥσπερ
948 1726 1060 1797 ἔχει
1106 1727 1277 1797 αὐτὴν
1322 1729 1384 1780 οὐ
1419 1728 1600 1783 λαϐὼν
1653 1732 1681 1783 6
1727 1731 1944 1802 Πατήρ’

374 1818 467 1870 καὶ
499 1816 604 1889 χρὴ
655 1816 976 1888 θεοπρεπῶς
1028 1818 1119 1869 ἐπί
1165 1835 1224 1870 τε
1258 1818 1353 1870 τοῦ
1412 1820 1624 1892 Πατρὺς
1669 1822 1748 1885 τὸ,
1802 1823 1947 1893 ἔχειν

376 1908 539 1979 ζωὴν,
567 1909 660 1963 καὶ
691 1908 753 1962 τὸ
785 1927 805 1959 ι
845 1910 902 1961 ἐν
933 1908 1131 1979 ἐαυτῷ,
1170 1928 1190 1962 ι
1222 1907 1315 1962 ἐπί
1346 1928 1405 1964 τε
1433 1889 1686 1966 τοῦ-Υἱοῢ
1710 1915 1771 1967 τὸ
1795 1889 1944 1968 (se-
1979 1889 2019 1943 Β

373 1999 543 2054 δωκεν
575 1999 741 2070 αὐτῷ,
777 2020 795 2052 ι
833 2001 927 2053 καὶ
967 2001 1048 2065 τὸ,
1078 2000 1220 2071 ἔχειν
1251 2005 1308 2057 ἐν
1327 2005 1523 2074 ἑαυτῷ,
1543 2004 1904 2076 ἐκλαμϐάνειν
1928 2024 1942 2038 ·

376 2085 501 2159 [180
533 2088 585 2161 b]
643 2091 732 2143 καὶ
764 2084 961 2160 μᾶλλον
994 2090 1054 2141 ἐκ
1085 2088 1179 2142 τοῦ
1214 2091 1515 2158 ἀναγκαίου
1552 2091 1646 2144 τοῦ
1682 2094 1948 2165 πράγμα-

371 2195 461 2242 τος
491 2179 587 2250 τὴν
614 2179 801 2249 θεῖκὴν
828 2178 1074 2243 ἐξουσίαν
1104 2179 1198 2231 τοῦ
1224 2180 1376 2242 Υἱοῦ,
1415 2182 1508 2234 καὶ
1542 2182 1600 2235 τὸ
1632 2184 1717 2237 ἐπ’
1744 2185 1947 2255 ἀμφοῖν

371 2269 429 2320 ἒν
463 2262 693 2339 ιθέλημα
742 2267 946 2338 ἀθρεῖν.
995 2270 1097 2321 Ἢν
1131 2268 1240 2340 γὰρ
1291 2269 1438 2339 λέγει
1488 2272 1632 2342 ἔχειν
1690 2275 1835 2346 ζωὴν
1889 2278 1946 2331 ἐν

373 2359 549 2428 ἐαυτῷ
590 2360 680 2412 τὸν
719 2360 935 2429 Πατέρα
976 2360 1183 2413 καὶτὸν
1219 2361 1366 2425 Υἱὸν,
1400 2364 1432 2433 ἡ
1482 2362 1607 2427 sva;
1649 2366 1741 2418 καὶ
1774 2366 1945 2438 ὑπερ-

374 2448 553 2511 animo;
606 2449 764 2501 οὐσία
829 2450 966 2514 ἐστὶ,
996 2451 1090 2503 καὶ
1114 2452 1212 2521 οὐχ
1241 2451 1426 2524 ἕτερόν
1451 2470 1503 2507 τι
1536 2455 1594 2506 ὲν
1617 2456 1787 2527 ἑτέρῳ
1815 2475 1948 2525 τυγ-

375 2539 565 2607 χςὶνον⁸
594 2539 716 2592 ὅθεν
742 2535 894 2592 εἶπεν
914 2557 927 2570 ο
958 2559 980 2591 ι
1034 2539 1172 2609 Ἑγὼ
1196 2544 1309 2613 ειμι
1334 2544 1366 2612 ή
1393 2542 1505 2614 ζωή
1532 2560 1545 2573 ·
1587 2565 1602 2595 ι
1631 2546 1707 2609 ὡς
1738 2550 1831 2601 καὶ
1864 2552 1948 2602 ὲν-

374 2628 560 2682 τεῢθεν
578 2630 988 2698 ἀναφαίνεσθαι,
1009 2633 1083 2702 μὴ
1110 2632 1274 2703 ἄλλην
1293 2633 1394 2703 τῆς
1408 2636 1502 2688 τοῦ
1520 2637 1731 2707 Πατρὸς
1761 2641 1948 2706 οὐσίας

372 2715 509 2773 εἶναι
534 2721 631 2791 τὴν
655 2722 844 2776 οὐσίαν
877 2722 972 2775 τοῦ
1004 2722 1152 2776 Υίοῦ.
1180 2725 1241 2777 El
1267 2725 1376 2796 γὰρ
1398 2727 1559 2791 αὐτός
1588 2729 1785 2800 ἐστινὴ
1810 2732 1943 2803 ζωὴ,

372 2811 469 2882 τὴν
488 2811 544 2864 δὲ
570 2812 737 2883 αὐτὴν
757 2812 870 2882 ἔχει
899 2814 928 2865 6
947 2814 1157 2885 Πατὴρ,
1180 2816 1233 2867 τί
1254 2814 1382 2868 ἄλλο
1404 2817 1735 2888 εὑρίσκεται,
1767 2821 1798 2891 ἢ
1820 2825 1946 2890 ὁμο-

279 2944 290 2956 .
372 2903 579 2968 οὐσιος;
605 2906 699 2957 καὶ
728 2905 778 2957 εί
807 2904 967 2968 αὐτός
991 2907 1137 2958 ἐστιν
1157 2907 1191 2977 ἡ
1210 2905 1343 2977 ζωὴ,
1376 2908 1513 2972 πῶς,
1545 2910 1572 2962 ὃ
1619 2912 1788 2975 ἐστιν,
1830 2910 1943 2985 εἶχε

371 2994 590 3061 λαϐεῖν;
634 2996 773 3048 Ἀλλ’
827 2997 986 3068 εἴπερ
1048 2993 1182 3068 εἶχε,
1220 3001 1382 3070 φησὶ,
1425 3000 1542 3064 πῶς
1579 3002 1799 3070 ἒλαϐεν;
1835 3007 1946 3059 Καὶ

370 3076 539 3141 ταῦτα
554 3087 617 3157 λη
629 3088 691 3158 pf;
703 3104 865 3157 ματα.
885 3089 994 3141 Καὶ
1014 3089 1199 3159 ὅμοιος
1227 3090 1336 3162 γὰρ
1352 3092 1504 3163 παρὰ
1529 3094 1714 3164 ὁμοίου
1733 3095 1946 3167 λαμϐά-

272 3224 281 3239 ,
371 3192 471 3240 νει,
490 3176 576 3230 ἵνα
595 3178 667 3249 μὴ
685 3177 945 3249 εἴπωμεν,
971 3180 1051 3232 ὅτι
1074 3182 1165 3234 καὶ
1184 3181 1382 3251 μείζων
1398 3184 1510 3236 ἐσθ’
1530 3186 1617 3239 ὅτε
1634 3191 1762 3257 παρ’
1789 3189 1945 3244 ἐλάτ-
1972 3213 2013 3269 C

371 3285 539 3331 τονος,
566 3270 660 3321 καὶ
688 3271 722 3339 ἡ
750 3268 898 3334 δεξιὰ
926 3271 1078 3341 παρὰ
1105 3272 1205 3342 τῆς
1238 3274 1559 3346 ἀριστερᾶς·
1586 3276 1741 3345 ἴσμεν
1755 3278 1831 3345 δὲ,
1862 3281 1943 3334 ὅτι

369 3359 463 3411 καί
483 3377 624 3421 τινες
646 3360 705 3424 ἐξ
724 3359 844 3430 ἴσης
861 3361 919 3414 τὺ
936 3364 1117 3431 κρῖναι
1147 3362 1422 3433 λαχόντες,
1443 3365 1847 3438 παρεχώρησαν
1866 3371 1943 3440 τῷ

370 3447 451 3500 ἐνὶ
471 3447 582 3500 ἐσθ’
605 3450 691 3502 ὅτε
715 3450 808 3503 καὶ⁸
837 3449 1045 3520 μείζονι
1067 3451 1249 3507 αὐτῶν
1277 3452 1603 3507 καθεστῶτι·
1654 3457 1754 3533 καὶ
1783 3457 1941 3511 εἴωθε

368 3536 657 3604 λέγεσθαι·
699 3541 946 3595 Ἐδωκαν
980 3542 1116 3612 τῷδε
1149 3543 1213 3596 τὸ
1258 3544 1490 3614 πρᾶγμα
1523 3546 1667 3616 μόνῳ
1701 3546 1939 3611 δικάσαι,

373 3630 550 3682 καίτοι
579 3630 750 3701 ἔχοντι
792 3631 961 3702 αὐτῷ,
993 3635 1087 3687 καὶ
1135 3635 1395 3699 πλειόνως
1431 3637 1611 3701 εἰκὸς,
1649 3638 1749 3708 τὴν
1795 3639 1942 3706 ἐξου-

377 3720 516 3774 σίαν.
554 3723 851 3794 Τοιγαροῦν
880 3726 980 3778 οὑκ
1018 3722 1190 3792 εἶπεν,
1227 3728 1307 3780 ὅτι
1354 3729 1417 3780 Ὃ
1447 3728 1521 3800 μὴ
1550 3729 1683 3799 ἔχει,
1730 3730 1938 3795 ἐλαϐεν,

373 3810 507 3865 ἀλλὰ
533 3813 625 3867 καὶ
656 3816 684 3867 6
712 3814 874 3876 αὐτὸς
906 3815 1294 3887 εὐαγγελιστὴς
1324 3817 1504 3887 λέγει’
1543 3838 1561 3870 ι
1602 3821 1695 3883 Εἰς
1724 3821 1792 3873 τὰ
1836 3822 1941 3873 ἴδια

276 3943 281 3949 .
370 3895 522 3971 ἦλθε,
578 3903 672 3955 καὶ
710 3904 760 3955 οἱ
801 3902 920 3955 ἴδιοι
947 3903 1108 3958 αὐτὸν
1136 3906 1234 3958 οὐκ
1268 3905 1486 3960 ἔλαϐον·
1524 3908 1637 3960 ὅσοι
1664 3909 1720 3962 δὲ
1752 3908 1942 3965 ἔλαϐον

369 3992 551 4053 αὑτὸν,
575 3992 771 4047 ἔδωκεν
792 3994 976 4058 αὐτοῖς
998 3995 1246 4059 ἐξουσίαν
1268 3999 1433 4051 τέκνα
1458 3998 1593 4053 Θεοῦ
1617 4000 1888 4069 γενέσθαι.
1916 4021 1935 4055 ο

370 4079 470 4134 Διὰ
516 4081 623 4133 τῶν
684 4082 943 4137 τοιούτων
997 4085 1257 4155 ῥημάτων
1312 4087 1371 4142 οὐ
1415 4088 1573 4158 μόνον
1623 4089 1802 4156 δείξας
1845 4092 1939 4145 τοῦ

372 4154 503 4224 Ϋίοῢ
550 4172 683 4226 ἰδίαν
715 4172 811 4243 τὴν
842 4176 1039 4242 κτίσιν,
1080 4176 1194 4233 ἀλλ’
1235 4178 1316 4232 ὅτι
1356 4179 1449 4233 καὶ
1480 4166 1554 4249 τῷ
1583 4181 1757 4252 Πατρ“ι
1788 4182 1940 4236 δίδω-

372 4279 456 4315 σιν
478 4264 507 4314 6
528 4264 655 4327 Υἱὸς
676 4266 802 4328 τοὺς
831 4265 1208 4337 λαμϐάνοντας
1248 4269 1429 4335 αὐτὸν,
1470 4269 1613 4324 τοῦτ’
1646 4272 1760 4324 ἐστι
1815 4274 1940 4335 τοὺς

373 4354 726 4420 πιστεύοντας
744 4398 756 4418 .
786 4350 1061 4429 πανταχοῦ
1090 4359 1392 4432 εὐεργετῶν
1421 4361 1634 4424 αὐτοὺς,
1675 4364 1767 4416 καὶ
1798 4363 1937 4433 λαμ-

372 4443 634 4507 ϐάνοντας
684 4447 876 4510 αὐτὸν,
925 4450 1017 4502 καὶ
1049 4452 1453 4521 παρεχομένους
1501 4453 1628 4524 παρ’
1672 4453 1821 4523 αὑτῷ
1861 4454 1938 4525 τῷ

2057 646 2149 713 qui
2180 646 2342 699 etiam
2375 649 2464 710 iis,
2513 651 2602 716 qui
2654 651 2790 704 mori
2833 665 3077 720 possunt,
3121 660 3345 725 propria
3385 665 3623 718 auctori-

2068 744 2179 788 tate
2204 733 2431 805 largitur
2454 748 2511 789 nt
2537 738 2719 792 vivant
2745 750 2800 793 et
2826 742 2933 794 sint
2953 743 2977 795 ?
2999 745 3088 810 qui
3113 744 3272 801 Petro
3297 749 3477 805 claves
3505 768 3620 808 οω-

2059 820 2207 874 leStis
2254 822 2376 877 vitae
2435 824 2488 877 in
2538 840 2726 879 manus
2789 829 3039 882 tradidit?
3085 830 3218 884 Nam
3249 845 3303 888 et
3331 836 3621 905 Apostolus

2057 912 2323 967 exclamat
2364 934 2375 966 :
2426 935 2443 966 ι
2482 918 2581 982 Qui
2637 933 2742 970 non
2800 920 3040 987 rapinam
3063 922 3138 992 (Ξ)
3172 925 3469 984 arbitr‘atus
3533 941 3621 986 est

2055 1018 2113 1056 se
2140 1002 2230 1056 ἶσα
2257 1004 2397 1075 Θεῷ,
2428 1023 2447 1055 ι
2484 1008 2534 1059 id
2578 1016 2682 1072 est,
2713 1009 2972 1077 aequalem
2999 1010 3129 1065 Deo.
3168 1011 3318 1079 Quod
3346 1028 3460 1071 est:
3502 1019 3617 1074 N0n

2060 1094 2258 1162 rapuit,
2288 1109 2394 1149 non
2423 1097 2632 1165 accepit
2654 1108 2711 1151 ut
2734 1108 2878 1153 esset
2909 1100 3020 1165 ἴσος
3049 1101 3185 1172 θεῷ,
3219 1105 3320 1159 hoc
3346 1116 3426 1161 est
3442 1122 3617 1177 aequa-

2056 1182 2120 1237 lis
2151 1184 2262 1239 Deo
2293 1198 2348 1239 et
2368 1185 2533 1240 Patri.
2571 1186 2724 1254 Quod
2750 1190 2794 1244 si
2827 1191 2990 1245 etiam
3021 1193 3087 1247 de
3125 1194 3246 1249 Filii
3290 1198 3488 1253 deitate
3520 1201 3619 1255 Oll-

2047 1276 2191 1343 jecta
2244 1279 2405 1332 verba
2457 1279 2604 1334 dicta
2667 1292 2875 1346 essent,
2925 1294 3199 1353 Oporteret
3249 1288 3327 1360 (3)
3376 1274 3520 1359 ipsos
3547 1295 3618 1347 ita

2053 1365 2241 1419 eadem
2273 1367 2595 1438 intelligere,
2642 1381 2700 1424 ut
2732 1375 3180 1440 quemadmodum
3210 1377 3379 1433 Deum
3421 1382 3619 1439 habere

2054 1456 2217 1510 vitam
2275 1472 2380 1511 non
2438 1460 2730 1527 signiﬁcat,
2781 1478 2904 1516 eum
2938 1464 3139 1532 aliquid
3171 1467 3316 1523 aliud
3348 1484 3377 1523 a
3410 1487 3469 1526 se
3502 1473 3619 1542 ipso

2053 1547 2370 1602 distinctum
2405 1552 2783 1619 acquisivisse,
2822 1556 2973 1623 quasi
3019 1557 3145 1612 illud
3182 1559 3250 1614 ab
3282 1570 3484 1616 aeterno
3510 1580 3617 1619 non

2053 1637 2323 1704 habuerit,
2369 1643 2460 1695 sed
2507 1643 2796 1711 signiﬁcat,
2846 1660 2969 1700 eum
3018 1649 3095 1720 (ὦ)
3147 1664 3269 1704 esse
3313 1652 3414 1707 hoc
3441 1655 3616 1723 ipsum

2016 1728 2019 1731 ’
2049 1730 2191 1796 quod
2220 1729 2423 1785 habere
2449 1731 2681 1788 dicitur:
2708 1735 2780 1789 ita
2817 1745 2869 1790 ct
2892 1738 3078 1791 eodem
3112 1739 3270 1793 modo
3302 1740 3494 1797 Filium
3521 1746 3617 1798 ha-

2050 1818 2180 1874 bere
2219 1821 2383 1875 vitam
2408 1836 2572 1891 quam
2607 1827 2901 1895 acceperit,
2951 1844 3054 1883 non
3085 1831 3372 1900 signiﬁcat,
3406 1850 3526 1889 eum
3551 1853 3615 1891 ex

2049 1920 2244 1964 natura
2294 1926 2391 1967 sua
2444 1913 2590 1968 illam
2640 1930 2744 1969 non
2784 1917 3019 1985 habere;
3055 1937 3173 1975 nam
3208 1925 3392 1991 Verba,
3430 1945 3449 1978 ι
3478 1927 3625 1982 sicut

2049 2002 2229 2070 habet,
2260 2013 2370 2069 ιεῑ,
2390 2025 2409 2057 ι
2440 2007 2519 2061 sic
2537 2006 2736 2072 dedit,»
2766 2012 3071 2077 ostendunt,
3106 2013 3175 2067 ita
3196 2015 3391 2071 habere
3423 2017 3617 2074 Filinnr

2048 2094 2239 2158 vitam,
2272 2097 2412 2150 sicut
2447 2097 2588 2151 illam
2619 2100 2778 2155 habet
2806 2100 2983 2168 Pater,
3037 2105 3127 2173 qui
3163 2120 3282 2160 eam
3339 2125 3440 2162 non
3469 2126 3617 2169 acce-

2048 2185 2145 2254 pit.
2175 2185 2253 2240 Ac
2291 2202 2477 2253 sensu,
2509 2191 2598 2258 qui
2632 2192 2866 2246 divinant
2897 2194 3226 2262 majestatem
3251 2199 3615 2269 deccat,acci-

2048 2275 2241 2343 pienda
2290 2287 2421 2339 sunt
2454 2294 2575 2333 cum
2613 2283 2798 2349 verba,
2834 2303 2853 2335 ι
2880 2283 3050 2339 Habet
3097 2287 3285 2354 vitam,
3318 2308 3337 2341 ι
3383 2300 3455 2357 et,
3496 2311 3516 2343 ι
3561 2294 3615 2346 in

2048 2366 2360 2434 semetipso,
2412 2386 2430 2419 ι
2457 2369 2525 2423 de
2568 2368 2728 2424 Patre
2749 2372 2911 2437 dicta,
2942 2383 3055 2429 tum
3085 2392 3204 2445 qua:
3241 2380 3508 2435 adduntur
3550 2384 3615 2439 de

2048 2451 2206 2519 Filio,
2229 2475 2245 2507 ι
2265 2456 2418 2511 Dedit
2438 2458 2510 2523 ei,
2535 2478 2555 2510 ι
2587 2471 2660 2527 ει,
2681 2480 2700 2513 ι
2721 2461 2920 2517 habere
2946 2465 2996 2518 in
3021 2468 3346 2536 semetipso:
3385 2490 3403 2522 ι
3437 2486 3499 2526 ac
3520 2488 3616 2541 po-

2049 2542 2157 2598 tius
2196 2561 2260 2598 ex
2295 2547 2369 2600 rei
2400 2551 2722 2607 necessitate
2756 2554 2936 2608 divina
2980 2556 3096 2611 Filii
3145 2569 3403 2628 potestas,
3428 2576 3478 2618 et
3508 2582 3610 2620 una

2048 2636 2103 2689 in
2164 2626 2425 2694 ambobus
2470 2642 2716 2698 voluntas
2768 2646 3114 2717 intelligenda
3163 2662 3281 2720 est;
3325 2670 3448 2708 nam
3482 2658 3611 2719 vita,

2049 2740 2218 2794 quam
2267 2730 2463 2784 dicitur
2515 2732 2715 2789 habere
2767 2736 2819 2789 in
2880 2739 3058 2806 seipse
3082 2739 3296 2808 ,Pater,
3338 2754 3389 2799 et
3425 2746 3610 2810 Filius,

2049 2820 2227 2875 unitas
2257 2832 2367 2886 est,
2410 2834 2464 2877 et
2518 2828 3050 2893 supersnbstantialis
3075 2837 3330 2902 essentia,
3352 2853 3455 2892 non
3485 2854 3613 2895 vera

2049 2909 2275 2963 alterum
2303 2913 2430 2981 quid
2466 2914 2516 2967 in
2544 2915 2713 2972 altero
2753 2919 3022 2975 exsistens
3062 2939 3075 2974 :
3104 2939 3207 2992 qua
3252 2927 3318 2981 de
3348 2942 3512 2984 causa
3538 2933 3614 2985 ait

2048 3000 2160 3068 ipse
2190 3001 2397 3057 Filius:
2426 2994 2454 3056 ἰ
2481 3004 2593 3073 Ego
2627 3023 2743 3061 sum
2785 3010 2892 3063 vita
2928 3029 2941 3064 :
2980 3030 2999 3062 ι
3040 3016 3176 3070 adeo
3208 3027 3264 3071 ut
3289 3020 3368 3073 vel
3411 3035 3479 3077 ex
3511 3022 3615 3083 hoc

2047 3101 2324 3160 appareat,
2358 3108 2462 3147 non
2492 3094 2653 3148 aliam
2705 3112 2736 3150 a
2771 3096 2952 3154 Patris
3001 3105 3236 3158 essentia
3284 3121 3404 3163 esse
3428 3124 3611 3166 essen-

2048 3182 2178 3236 tiam
2211 3183 2353 3261 ifilii.
2384 3183 2519 3239 Nam
2551 3189 2596 3240 si
2631 3185 2802 3243 Filius
2830 3200 2915 3244 est
2941 3193 3066 3257 vita,
3098 3204 3150 3249 et
3176 3198 3418 3253 eamdem
3447 3201 3611 3257 vitam

2050 3273 2212 3327 habet
2239 3273 2422 3339 Pater,
2450 3276 2576 3342 quid
2619 3278 2882 3348 reliquum
2916 3290 3022 3349 est,
3058 3286 3159 3339 nisi
3189 3296 3246 3341 ut
3276 3289 3362 3344 ille
3389 3291 3460 3345 sit
3489 3292 3614 3351 huic

2047 3363 2556 3421 consubstantialis?
2591 3382 2655 3423 ac
2683 3370 2728 3424 si
2766 3368 2936 3427 Filius
2996 3385 3080 3427 cst
3106 3376 3234 3441 vita,
3266 3382 3531 3447 quomodo
3561 3384 3614 3438 id

2047 3457 2220 3523 patuit
2257 3459 2526 3528 accipere,
2554 3461 2697 3530 quod
2732 3464 2845 3532 ipse
2871 3467 2996 3521 est?
3043 3468 3111 3521 At
3138 3469 3181 3524 si
3208 3486 3328 3525 eam
3358 3473 3610 3537 habebat,

2047 3543 2317 3615 inquiunt,
2345 3551 2613 3615 quomodo
2643 3553 2891 3620 accepit?
2921 3553 3026 3609 Sed
3055 3564 3108 3609 et
3137 3557 3254 3610 ista:
3288 3573 3449 3614 mera:
3482 3575 3611 3616 sunt

2046 3650 2231 3701 nugze:
2258 3651 2378 3690 nam
2410 3638 2573 3692 etiam
2619 3640 2815 3697 similis
2860 3645 2927 3698 ab
2970 3644 3131 3699 simili
3164 3647 3393 3716 accipit:
3428 3664 3494 3704 ne
3527 3652 3609 3704 di-

2046 3738 2193 3789 cam,
2226 3725 2482 3794 majorem
2519 3743 2736 3799 quoqtte
2764 3730 3031 3791 interdum
3049 3736 3295 3803 accipere
3340 3754 3368 3791 a
3395 3741 3609 3805 minori,

2043 3824 2099 3870 et
2122 3816 2401 3871 dexteram
2456 3834 2485 3873 a
2517 3819 2739 3889 sinistra
2785 3840 2799 3876 :
2843 3825 3090 3881 novimus
3121 3836 3322 3894 autem,
3349 3833 3608 3900 quosdam

2043 3907 2205 3961 etiam
2239 3909 2426 3977 mquali
2454 3910 2728 3979 jndicandi
2771 3913 2936 3985 378
2975 3919 3297 3975 auctoritate
3332 3924 3606 3992 prteditos,

2042 4010 2162 4052 eam
2201 3998 2489 4067 aliquando
2512 4000 2669 4055 alteri
2700 4005 3017 4071 concedere,
3044 4008 3133 4076 qui
3165 4009 3293 4079 ipsis
3313 4012 3485 4081 major
3505 4015 3605 4070 sit:

2042 4099 2095 4142 et
2124 4089 2306 4145 dicere
2334 4090 2606 4147 solemus:
2641 4095 2914 4150 Dedcrnnt
2960 4097 3085 4152 huic
3108 4099 3205 4155 soli
3238 4112 3296 4157 nt
3329 4118 3440 4159 rem
3470 4106 3606 4161 hanc

2043 4180 2329 4250 dijntlicet:
2366 4182 2465 4237 etsi
2493 4183 2537 4235 is
2563 4184 2759 4238 habeat
2795 4184 2893 4257 (3),
2952 4198 3004 4241 ct
3050 4187 3275 4246 fortasse
3309 4195 3477 4263 magis
3509 4197 3609 4251 ha-

2044 4272 2182 4336 beat,
2211 4271 2481 4341 iudicandi
2515 4284 2855 4342 potestatem.
2886 4277 3068 4348 Itaque
3095 4296 3199 4336 non
3222 4283 3297 4337 ait
3330 4283 3607 4354 Scriptura

2043 4361 2237 4414 Filium
2271 4363 2320 4416 id
2347 4364 2644 4434 accepisse,
2667 4366 2808 4435 quod
2850 4383 2953 4421 non
2997 4370 3234 4439 haberet,
3264 4373 3356 4429 sed
3388 4377 3472 4430 vel
3497 4379 3609 4448 ipse

2041 4453 2363 4523 evangelista
2403 4455 2577 4524 inquit
2608 4478 2620 4510 :
2657 4475 2675 4508 ι
2707 4456 2759 4511 lu
2814 4460 3029 4529 propria
3086 4460 3161 4534 (6)
3232 4466 3397 4531 venit,
3438 4477 3492 4523 et
3524 4453 3643 4523 sui.

370 4532 578 4601 Πατρί·
610 4534 671 4586 ἐκ
704 4534 796 4587 τοῦ
828 4536 1032 4605 κόσμου
1066 4537 1174 4604 γὰρ
1200 4538 1378 4602 ὄντας,
1406 4542 1472 4609 τῇ
1517 4541 1706 4594 ἑαυτοῦ
1734 4543 1937 4595 οἰκονο-

2048 4555 2163 4597 ειιιη
2196 4559 2300 4598 non
2328 4558 2645 4614 receperunt
2666 4548 2742 4619 (7)
2776 4567 2790 4604 ε
2852 4560 3113 4622 quotquot
3144 4532 3150 4534 ⁷
3177 4563 3354 4612 autem
3394 4574 3613 4629 recepe-

374 4618 473 4689 μίᾳ
501 4623 644 4673 ποιεῖ
662 4623 1103 4693 οὐρανοπολίτας.
1135 4626 1253 4698 [181
1291 4627 1346 4700 ιι]
1381 4628 1505 4691 Πῶς
1548 4628 1603 4681 δὲ
1636 4630 1728 4682 καὶ
1779 4632 1937 4700 ἡμεῖς

368 4708 437 4763 τὰ
469 4710 560 4763 τοῦ
581 4710 714 4764 Θεοῦ
748 4714 907 4767 πάλιν
938 4715 1085 4785 αὐτῷ
1107 4718 1519 4788 προσφέρομεν;
1557 4719 1625 4771 Ἢ
1651 4719 1766 4781 πῶς
1781 4721 1938 4786 δόξαν

370 4796 972 4872 αὐτῷ’ἀναπέμπομενς
1004 4802 1093 4874 Μὴ
1117 4799 1225 4873 ἆρα
1243 4803 1271 4857 ὃ
1296 4804 1369 4874 μὴ
1397 4803 1529 4874 ἔχει,
1559 4805 1591 4877 ἦ
1623 4806 1650 4857 ὃ
1679 4805 1753 4876 μὴ
1774 4804 1940 4868 ἐστιν,

369 4891 517 4962 αὐτῷ
532 4892 843 4963 παρέχομεν
864 4911 878 4959 ;
917 4896 1101 4966 Ἀρκεῖ
1120 4892 1214 4950 οὖν
1234 4898 1415 4961 αὐτοῖς
1436 4897 1844 4968 ἀποκρίνεσθαι.
1860 4900 1941 4952 ὄτι

369 4977 541 5044 οὕτως
576 4981 796 5046 ἐλαϐεν,
824 4985 900 5047 ὼς
928 4984 1270 5056 ἐπτώχευσεν
1309 4984 1478 5047 ἑκὼν,
1510 4987 1603 5039 καὶ
1626 4986 1699 5050 ὡς
1727 4988 1942 5055 ἐγένετο

370 5068 601 5139 κατάρα.
640 5072 702 5123 Τί
736 5072 846 5144 γὰρ
880 5073 947 5128 ἂν
989 5076 1219 5145 φήσαιεν
1247 5074 1590 5146 ἐρωτώμενοι
1622 5077 1679 5141 ἐξ
1707 5075 1937 5129 ἀνθυπο-

438 5204 516 5276 (1)
549 5206 718 5261 Juxta
753 5207 975 5263 Isaiam.
1010 5209 1139 5265 Vide
1169 5211 1270 5267 Isa.
1306 5226 1421 5276 cap.
1452 5227 1525 5266 Ix.
1564 5226 1701 5266 vers.
1740 5212 1794 5265 6.

440 5275 519 5348 (ἕ)
560 5278 664 5348 Qui
696 5295 797 5331 non
834 5280 1094 5347 rapinam.
1131 5275 1449 5348 Philipp.’n,
1474 5279 1525 5333 6.

440 5342 517 5421 (ξ)
556 5344 850 5421 Oppi-teret.
885 5342 1087 5421 codex,
1114 5342 1435 5421 ἐχρήν.ἈΙίί
1465 5351 1706 5406 scribere
1736 5352 1939 5406 trialnnt

369 5410 540 5491 ἐχρῇν
557 5429 604 5491 '_
603 5410 690 5469 alii
715 5417 876 5491 etiam
914 5410 1098 5491 ἐχρηντ

406 5480 520 5604 dig)
533 5480 712 5605 όΕιιηι.
744 5480 1122 5551 ϐοιιειι,”ὰὺ’τό.
1158 5487 1319 5559 Lego,
1354 5487 1537 5553 αὐτόν.
1568 5490 1731 5560 idque
1762 5489 1936 5545 refero

505 5568 531 5604 ε
562 5571 611 5604 ν.

367 5566 436 5603 30
460 5566 611 5604 υεον.

439 5618 517 5691 (5)
556 5622 762 5698 El_si_is
805 5626 1010 5698 habent.
1058 5627 1233 5683 Codex
1252 5626 1273 5695 ,“
1301 5629 1393 5683 καί
1436 5637 1528 5680 τοι
1563 5628 1737 5698 ἔχοντι
1781 5629 1930 5685 αὑτό.

367 5685 533 5763 Lego.
564 5692 729 5763 αὐτῷ
750 5710 846 5763 pro
876 5695 1027 5751 αὐτό.

442 5757 518 5830 (li)
552 5758 617 5830 In
645 5757 881 5830 propria.
917 5763 1072 5819 Joan.
1112 5782 1148 5824 I.
1186 5766 1268 5827 ΙΙ,
1303 5766 1388 5821 12.

2053 4636 2177 4688 runt
2199 4650 2341 4699 eum,
2366 4635 2516 4690 dedit
2546 4639 2626 4694 eis
2660 4650 2978 4708 potestatem
3007 4643 3146 4701 ﬁlios
3170 4646 3260 4701 Dei
3295 4648 3461 4702 licri.»
3485 4650 3617 4717 Quia

2050 4722 2146 4774 bus
2186 4725 2361 4778 verbis
2397 4741 2501 4780 non
2531 4729 2686 4783 modo
2731 4733 2988 4797 ostendit,
3018 4736 3291 4804 propriam
3326 4738 3446 4793 Filii
3489 4756 3610 4796 esse

2046 4819 2349 4865 creaturam
2384 4813 2495 4884 (aut
2528 4818 3004 4890 creationem),sed
3039 4825 3201 4878 etiam
3244 4826 3390 4882 Patri
3435 4831 3545 4884 dari
3578 4848 3609 4885 a

2048 4901 2184 4955 Filio
2215 4906 2426 4973 eos,qui
2459 4906 2633 4975 ipsum
2662 4907 2859 4965 Filium
2886 4912 3228 4981 recipiunt,id
3246 4926 3349 4984 est,
3374 4919 3491 4975 illos
3518 4925 3606 4990 qni

2044 4990 2180 5046 Filio
2203 4995 2559 5065 _credunt(8),
2589 5008 2643 5051 et
2676 5000 2759 5053 his
2791 5015 2912 5055 cum
2953 5016 3166 5073 semper
3213 5006 3531 5063 benefacere
3554 5023 3609 5066 et

2045 5097 2163 5136 cum
2193 5083 2366 5153 ipsutn
2396 5086 2684 5156 recipiunt,
2714 5098 2911 5145 etcum
2945 5093 3009 5146 ab
3042 5094 3155 5161 ipso
3183 5095 3256 5165 (9)
3287 5097 3609 5153 exhibentur
3715 5172 3720 5176 ‘

2046 5215 2233 5271 ἔλαϐον
2244 5255 2258 5271 .

2118 5287 2196 5369 (ιι)
2238 5288 2935 5369 Qui.ipsttm..._recipiunl,
2976 5300 3034 5350 id
3075 5310 3148 5354 cu
3185 5301 3303 5356 illas
3343 5304 3431 5369 qui
3463 5300 3607 5361 Filio

2048 5357 2489 5439 credunt-Simili
2522 5363 2681 5418 modo
2698 5357 3058 5439 enarratione
3091 5371 3141 5423 in
3174 5370 3190 5423 Ι
3237 5357 3407 5439 Epist.
3442 5357 3603 5427 Ionii.

2044 5440 2256 5497 cap._ttt
2299 5428 2509 5483 locutus
2552 5441 2674 5497 est,
2706 5449 2827 5488 cum
2870 5437 2981 5491 bare
3028 5428 3293 5493 dictavit!
3330 5440 3422 5495 Ait
3460 5445 3603 5497 enim

2046 5494 2133 5574 hic
2156 5492 2345 5574 doctor
2382 5498 2435 5552 in
2467 5492 2753 5574 Evangelia
2777 5517 2896 5564 suo,
2925 5524 2943 5557 ι
2968 5492 3597 5574 δυεεἰρὶειιιεειεειιῖιιξῖ

2045 5564 2154 5651 hoc,
2178 5575 2280 5628 est,
2306 5567 2433 5651 ('l‘nm
2450 5564 2775 5651 flredtinnin
2810 5575 3027 5631 nomine
3053 5564 3190 5646 ejus,
3233 5597 3252 5629 ι
3284 5564 3602 5651 potestatein

2042 5632 2288 5700 accipere
2316 5636 2404 5690 Dei
2448 5636 2586 5691 lilios
2611 5640 2742 5695 ﬁeri.
2773 5660 2793 5694 ι

2213 5701 2485 5789 Aliquo;
2499 5707 2676 5789 Qodex
2708 5723 2724 5762 :
2756 5711 2899 5789 παρ’·
2914 5712 3073 5789 αὐτῷ.
3091 5714 3169 5787 τῷ
3199 5716 3407 5789 ματρί,
3440 5718 3491 5772 id
3520 5729 3605 5777 est

2044 5789 2061 5819 ι
2083 5772 2225 5854 apud
2252 5772 2423 5866 ipsam
2449 5774 2679 5866 Patrem.
2711 5798 2728 5831 ι
2758 5772 2862 5837 Sed
2885 5772 3167 5855 legendum
3192 5772 3445 5856 fortasse,
3469 5772 3601 5866 -ιτσὶρἰ

448 5825 524 5898 (7)
559 5825 680 5884 Non
702 5825 1020 5896 receperant.
1050 5835 1214 5891 Biblia
1235 5825 1334 5890 τοὺ
1368 5836 1669 5910 παρέλαϐον
1695 5852 1790 5908 pro
1831 5837 1929 5893 οὐκ

2048 5825 2199 5897 rit-oi}
2232 5825 2309 5915 τῷ
2334 5825 2527 5916 Πατρί.
