4134 6436
552 485 657 542 885

1779 481 2012 544 DI'DYMI
2052 490 2519 547 ALEXANDRINI
2595 548 2598 553 ,

3604 480 3786 554 ἐει

541 617 627 656 me
658 600 874 669 misisti,
916 621 935 654 ι
974 601 1027 669 id
1065 610 1145 657 est
1183 622 1196 656 :
1237 601 1482 658 Sciebam
1507 643 1521 668 ,
1581 603 1722 671 quod
1772 619 1986 672 semper
2031 622 2097 659 nu

2216 606 2455 670 ἀκούεις,
2525 609 2651 677 μιᾶς
2702 605 2972 677 θελήσεως
3011 602 3213 677 οῦσηςο
3254 601 3388 659 ἀλλά
3436 602 3524 658 διὰ
3555 605 3647 659 τὸν
3691 623 3789 661 πε-

540 692 728 757 andis,
777 707 905 752 cum
955 708 1062 748 una
1110 695 1181 748 sit
1242 704 1425 749 nostra
1455 694 1726 758 voluntas,
1773 697 1864 749 sed
1898 706 2097 765 propter

2215 700 2478 772 ριεστῶτα
2508 698 2682 769 ὄχλον,
2731 698 2818 753 ἵνα
2860 697 3243 761 πιστεύσωσιν,
3272 694 3422 751 εἷπον
3469 696 3552 761 τὸ,
3585 698 3787 772 Πάτερ,

539 783 982 837 circumstantem
1022 782 1231 837 turbam
1259 824 1276 849 ,
1332 794 1392 838 ut
1433 786 1702 850 crederet,
1726 786 1834 839 dixi
1870 804 1884 839 :
1914 786 2109 854 Pater,

535 875 740 941 gratias
772 875 876 928 {ibi
910 889 1010 945 ago
1035 913 1051 938 ,
1091 876 1216 944 quia
1263 885 1316 928 ιιι
1377 890 1461 928 me
1506 876 1717 931 misisti.
1785 877 1957 931 Verba
1987 893 2111 932 vero

535 974 864 1033 prapostero
915 964 1107 1019 ordine
1154 966 1411 1033 protulit,
1458 978 1613 1022 caute
1668 985 1834 1039 agens
1890 981 2110 1041 propter

540 1057 820 1112 auditores
854 1098 869 1121 ,
925 1058 1015 1126 qui
1064 1067 1117 1113 et
1150 1058 1362 1127 litigiosi
1397 1070 1572 1125 erant,
1607 1071 1661 1117 et
1696 1062 2104 1119 inimicitiarum
2130 1067 2143 1073 ’

535 1156 800 1203 amantes.
863 1147 953 1203 Sic
987 1148 1148 1202 etiam
1190 1150 1255 1204 de
1300 1164 1633 1218 praecursore
1676 1150 2104 1209 incarnationem

534 1239 860 1306 praedicante
903 1239 977 1292 ait
1021 1240 1285 1308 scriptura
1327 1259 1339 1294 :
1407 1260 1425 1291 ι
1479 1241 1601 1296 Fuit
1630 1241 1741 1313 (55)
1786 1243 1945 1299 1ιοιιιο
1974 1244 2105 1298 mis-

536 1344 629 1384 sus
660 1344 691 1382 a
732 1329 839 1385 Deo
879 1347 894 1384 :
942 1349 960 1382 ι
995 1341 1229 1385 attamen
1257 1345 1320 1386 ex
1358 1332 1509 1387 coelis
1553 1334 1746 1388 missus
1771 1349 1874 1388 non
1909 1335 2101 1390 luerat.

606 1420 857 1492 Legimus
911 1424 964 1476 in
1002 1423 1298 1491 Scripturis
1336 1425 1503 1480 Deum
1549 1428 1712 1480 etiam
1766 1427 1833 1480 ab
1890 1428 2105 1483 homine

535 1514 716 1579 mitti,
782 1524 835 1569 et
877 1516 1146 1568 hominem
1181 1517 1397 1578 vocari,
1433 1517 1559 1586 quin
1613 1518 1776 1571 ullum
1810 1520 1988 1573 divina
2049 1529 2102 1574 et

534 1622 658 1662 vera
686 1605 852 1671 gloria
880 1608 1261 1664 detrimentum
1309 1609 1508 1677 capiat.
1555 1609 1633 1663 lta
1667 1609 1877 1682 Moyses
1907 1613 1958 1666 in
1993 1612 2100 1668 Ge-

533 1688 644 1754 nesi
674 1700 884 1769 inquit:
918 1720 937 1753 ι
978 1700 1045 1756 Et
1080 1703 1330 1758 transivit
1360 1700 1475 1773 (5i)
1516 1712 1836 1771 torrentem,
1889 1716 1943 1759 et
1984 1714 2098 1759 tra-

527 1788 656 1856 jecit
692 1792 873 1846 omnia
908 1807 1027 1848 sua.
1086 1792 1327 1849 Relictus
1356 1801 1438 1849 est
1471 1805 1649 1849 autem
1707 1796 1874 1849 Jacob
1931 1796 2095 1871 solus,

530 1892 585 1936 et
631 1881 936 1938 luctabatur
966 1883 1128 1939 homo
1174 1900 1295 1938 cum
1333 1899 1398 1939 eo
1436 1900 1610 1954 usque
1638 1885 1703 1938 ad
1743 1901 1920 1940 mane.
1952 1885 2099 1941 Vidit

532 1983 710 2027 autem
734 2013 748 2037 ,
778 1975 920 2043 quod
969 1992 1073 2029 non
1125 1985 1299 2045 potest
1330 1976 1444 2047 (55)
1497 1975 1662 2032 Jacol)
1709 1977 1763 2033 in
1800 1977 2049 2033 luctando
2079 1994 2093 2033 :

532 2071 585 2118 et
612 2066 689 2119 ait
720 2065 799 2119 illi
835 2082 852 2120 :
888 2067 1042 2120 mitte
1095 2082 1220 2132 me;
1260 2083 1384 2122 nam
1436 2070 1678 2124 ascendit
1733 2085 1946 2123 aurora.
2007 2070 2099 2125 Ille

534 2169 666 2208 vero
706 2155 844 2209 dixit
873 2175 887 2210 :
915 2171 1018 2210 non
1049 2164 1101 2212 te
1142 2158 1431 2220 dimittam,
1469 2159 1569 2235 nisi
1612 2174 1696 2214 me
1739 2161 2093 2216 benedixeris.

537 2243 684 2299 Dixit
717 2256 892 2300 autem
928 2247 1002 2301 illi
1035 2266 1048 2302 :
1088 2248 1360 2316 quodnam
1405 2259 1487 2303 est
1517 2265 1711 2305 nomen
1767 2250 1961 2305 tuum?
2005 2252 2098 2306 ille

531 2352 661 2390 vero
690 2337 824 2391 dixit
855 2335 1071 2393 :Jacob.
1103 2336 1168 2392 Et
1189 2340 1321 2393 dixit
1353 2340 1401 2394 ei
1436 2357 1450 2394 :
1486 2338 1598 2393 Non
1631 2342 1904 2396 vecahitur
1932 2341 2098 2414 384

533 2428 764 2499 amplius
790 2444 983 2483 nomen
1020 2438 1168 2484 tuum
1214 2427 1401 2497 Jacob,
1435 2430 1528 2485 sed
1564 2430 1729 2486 Israel
1761 2434 1864 2487 erit
1904 2450 2095 2488 nomen

534 2530 705 2584 tuum,
735 2519 859 2589 quia
894 2519 1047 2575 fortis
1080 2520 1229 2575 fuisti
1257 2535 1379 2575 cum
1422 2520 1550 2584 Deo,
1578 2532 1631 2575 et
1653 2522 2098 2578 cnmhominihus

531 2621 721 2678 potens
772 2611 879 2665 eris
931 2610 1064 2683 (56).
1128 2611 1485 2681 Interrogavit
1540 2623 1718 2667 autem
1771 2613 1978 2678 Jacob,
2041 2625 2097 2670 et

531 2701 661 2755 dixit
702 2716 718 2756 :
756 2702 844 2757 Dic
878 2702 1007 2757 mihi
1045 2718 1237 2758 nomen
1279 2713 1449 2758 tuum.
1496 2702 1562 2757 Et
1602 2704 1738 2759 dixit
1770 2722 1785 2761 :
1833 2705 2010 2772 Quare
2044 2715 2095 2760 lu

531 2804 829 2864 interrogas
877 2810 1072 2849 nomen
1120 2778 1344 2867 meum'?
1413 2796 1477 2848 Et
1529 2796 1803 2851 benedixit
1838 2812 1960 2851 eum
2001 2796 2096 2851 ibi.

531 2885 595 2937 Et
629 2885 840 2940 vocavit
872 2882 1038 2941 Jacob
1076 2901 1270 2940 nomen
1303 2887 1402 2940 loci
1436 2887 1582 2941 illius
1603 2928 1617 2953 ,
1662 2884 1885 2954 Species
1934 2884 2030 2940 Dei
2080 2904 2093 2940 :

534 2973 649 3029 Vidi
697 2975 839 3030 enim
889 2975 1057 3029 Deum
1105 2976 1240 3031 facie
1278 2976 1343 3030 ad
1390 2975 1604 3042 faciem,
1659 2986 1714 3031 et
1754 2975 1900 3031 salva
1959 2976 2097 3032 facta

533 3072 613 3118 est
645 3065 824 3120 anima
867 3080 1006 3121 mea.
1040 3085 1060 3119 ι
1111 3065 1264 3132 Quod
1294 3076 1474 3120 autem
1505 3064 1649 3120 Deus
1682 3066 1843 3121 sit-is
1881 3066 1972 3134 qui
2018 3069 2098 3120 ln-

531 3165 708 3212 ctatus
759 3165 873 3221 est,
906 3157 1105 3226 quique
1137 3171 1328 3211 nomen
1385 3172 1539 3211 suum
1582 3158 1768 3223 tacuit,
1822 3160 2095 3228 prophetia

530 3262 741 3316 quoque
776 3247 1101 3304 conﬁrmat:
1136 3266 1155 3300 ι
1195 3247 1430 3317 Apparui
1465 3248 1577 3318 (57)
1613 3248 1679 3302 ad
1720 3249 2012 3307 Abraham.
2042 3260 2095 3305 et

531 3340 677 3394 lsaac
724 3347 780 3394 et
823 3336 989 3395 Iacob
1024 3348 1203 3409 patres
1255 3349 1462 3394 vestros
1503 3340 1613 3410 (58)
1641 3331 1760 3395 eum
1807 3341 1907 3395 sim
1959 3341 2096 3395 Dens

529 3446 740 3497 eorttm,
763 3439 817 3485 et
848 3444 1040 3484 nomen
1067 3445 1243 3484 meum
1276 3430 1387 3500 (59)
1424 3444 1529 3484 non
1557 3431 1891 3485 manifestavi
1931 3432 2029 3486 eis.
2071 3451 2090 3481 ι

530 3520 810 3586 Quomodo
845 3529 1022 3575 autem
1061 3520 1234 3591 major
1262 3520 1363 3574 dici
1395 3531 1576 3589 potest
1607 3522 1768 3574 Pater
1799 3522 2093 3575 scentulum

527 3611 779 3662 deitatem
842 3608 970 3671 illo,
1023 3610 1112 3679 qui
1166 3626 1224 3665 se
1267 3612 1525 3680 aequalem
1570 3610 1681 3683 (40)
1735 3611 1865 3666 facit
1910 3610 2097 3665 Patri?

526 3701 725 3770 quique
745 3702 858 3757 ait:
889 3720 908 3752 ι
936 3700 1044 3770 Ego
1066 3709 1119 3755 et
1136 3700 1294 3755 Pater
1322 3716 1486 3755 unum
1519 3717 1744 3768 sumus;
1781 3721 1800 3754 ι
1825 3713 1878 3758 et
1904 3702 1970 3757 de
1991 3718 2097 3772 quo

528 3793 721 3846 dicitur
747 3792 798 3847 in
827 3791 1295 3861 Scripturis,qnod
1323 3793 1393 3847 sit
1422 3808 1583 3849 verus
1599 3793 1742 3850 Deus
1760 3835 1773 3858 ,
1801 3805 1855 3850 et
1882 3794 2051 3849 Filius
2078 3836 2093 3859 ,

526 3895 582 3941 et
609 3885 925 3955 Unigenitus
968 3904 1032 3954 ;ι
1074 3885 1129 3940 lu
1162 3903 1267 3956 quo
1305 3887 1570 3942 inhabitat
1596 3887 1772 3944 omnis
1823 3888 2097 3957 plenitudo

528 3977 858 4043 divinitatis;
905 3995 925 4030 ι
991 3988 1079 4043 et,
1121 3994 1141 4030 ι
1186 3978 1324 4033 Deus
1359 3992 1626 4045 magnus;
1671 3993 1781 4047 prae
1823 3992 1930 4047 quo
1989 3994 2094 4035 non

529 4069 868 4137 reputabitur
909 4068 1079 4135 alter;
1130 4087 1148 4120 ι
1197 4076 1250 4123 et
1297 4070 1438 4137 quod
1476 4083 1505 4122 a
1554 4067 1758 4122 dextris
1817 4069 2098 4123 considet?

532 4163 724 4215 Verum
788 4162 838 4215 in
882 4161 1131 4216 confesso
1191 4169 1276 4214 est
1327 4157 1875 4222 etiam,vocahulum
1930 4158 2096 4223 illud,

533 4273 551 4306 ι
597 4254 790 4323 major,
826 4272 847 4306 ι
885 4253 952 4307 ad
985 4252 1413 4308 incarnationem
1449 4248 1665 4316 referri,
1689 4260 1907 4320 propter
1933 4263 2094 4320 quam

530 4350 574 4401 is
627 4348 716 4416 qui
763 4344 1049 4414 cujuslibet
1106 4340 1416 4402 mutationis
1460 4339 1680 4395 omnino
1728 4353 1921 4407 expers
1973 4347 2096 4407 est,

529 4438 702 4490 minor
739 4437 900 4490 etiam
932 4433 1156 4504 angelis,
1180 4433 1222 4486 si
1260 4432 1332 4485 ita
1363 4430 1506 4500 loqui
1544 4429 1622 4483 (as
1652 4438 1755 4497 est,
1787 4429 1958 4487 factus
1979 4445 2099 4487 esse

527 4530 725 4583 «Ιεςὶιιιτ
778 4526 845 4581 ab
873 4526 1130 4594 Apostolo
1169 4524 1251 4579 his
1276 4524 1454 4578 verbis
1485 4542 1499 4577 :
1534 4542 1552 4574 ι
1582 4523 1715 4577 Ειιιιι
1756 4532 1932 4578 autem
1983 4522 2094 4595 (41)

2212 789 2516 861 εὐχαριστῶ
2551 807 2653 854 σοι,
2683 789 2765 843 ὅτι
2788 789 2852 842 σύ
2891 806 2959 859 με
2996 788 3344 852 ἀπέστειλας⁹
3370 787 3783 862 πρωθυστέρους

2210 880 2266 933 δὲ
2302 880 2401 943 τάς
2430 880 2603 944 λέξεις
2646 879 3412 949 ὲφθέγξατο,ὴσφαλισμένως
3457 879 3649 944 ποιῶν,
3696 879 3785 935 διὰ

2208 971 2335 1034 τοὺς
2368 970 2751 1043 ἀκροωμένους
2811 968 3112 1038 φιλαιτίους
3150 970 3245 1023 καὶ
3280 970 3780 1041 φιλαπεχθήμοναςσ

2207 1062 2282 1128 ὼς
2312 1064 2403 1117 καὶ
2429 1064 2558 1133 περὶ
2577 1062 2669 1116 τοῦ
2703 1062 3016 1134 Προδρόμου
3036 1062 3132 1133 τὴν
3157 1063 3463 1133 οἰκονομίαν
3490 1063 3785 1134 κηρύττονς

2207 1171 2297 1218 τος
2330 1132 2513 1207 εἶπεν(
2548 1173 2564 1204 ι
2617 1132 2859 1222 Ἐγένετο
2885 1132 3168 1224 ἄνθρωπος
3195 1132 3604 1224 ἀπεσταλμένος
3632 1157 3781 1226 παρὰ

2207 1247 2362 1301 Θεοῦ·
2396 1268 2414 1300 ι
2452 1248 2547 1302 καὶ
2570 1249 2721 1318 ὅμως
2750 1248 2851 1300 οὑκ
2880 1246 2939 1314 ἐξ
2968 1246 3212 1317 οὐρανῶν
3262 1247 3590 1310 ἀποσταλεὶς
3624 1247 3782 1315 ἐτύγ-

2206 1356 2389 1409 χανεν.

2275 1430 2589 1502 Γέγραπται
2617 1432 2645 1483 ὁ
2662 1430 2793 1492 Θεὸς
2820 1428 2913 1482 καὶ
2943 1427 3046 1480 ὑπὸ
3067 1425 3354 1495 ἀνθρώπου
3381 1428 3775 1501 ἀποστελλόμε-

2204 1538 2313 1585 νος,
2359 1521 2452 1574 καὶ
2483 1520 2767 1590 ἄνθρωπος
2815 1516 3231 1588 ὀνομαζόμενος,
3280 1517 3376 1569 καὶ
3410 1517 3606 1588 βλάϐος
3651 1521 3775 1591 περὶ

2203 1614 2300 1684 τὴν
2326 1612 2476 1666 θείαν
2504 1612 2596 1665 καὶ
2627 1610 2801 1682 ἀληθῆ
2826 1609 2983 1676 δόξαν
3019 1608 3233 1672 πάντως
3259 1609 3356 1680 οὑχ
3382 1611 3685 1681 ὑπομένων
3703 1614 3781 1677 ὡς

2202 1702 2440 1771 Μωῦσῆς
2472 1704 2529 1755 ὲν
2560 1705 2626 1772 τῇ
2648 1700 2858 1770 γενέσει
2881 1699 3051 1769 λέγει·
3084 1718 3102 1750 ι
3129 1699 3236 1772 Κατ.
3259 1698 3408 1767 διέϐη
3442 1696 3533 1754 τὸν
3552 1704 3777 1775 χειμάρο

2203 1794 2352 1863 ῥοῦν,
2393 1791 2486 1844 καὶ
2522 1790 2798 1845 διεϐίϐασε
2856 1789 3034 1843 πάντα
3061 1788 3128 1841 τά
3157 1788 3343 1842 αὑτοῦ.
3379 1789 3775 1863 ’Υπελείφθηδὲ

2215 1882 2405 1936 Ἰακὼϐ
2441 1882 2620 1953 μόνος,
2641 1881 2736 1934 καὶ
2756 1879 3014 1932 έπάλαιεν
3039 1878 3135 1933 ἄνθ
3145 1896 3323 1949 ρωπος
3347 1882 3462 1950 μετ’
3483 1882 3647 1936 αὑτοῦ
3675 1882 3777 1946 ἕως

2199 1971 2362 2043 πρωί.
2399 1972 2533 2025 Ἴδεν
2562 1971 2640 2036 δὲ,
2667 1971 2822 2025 ὅτιού
2846 1969 3065 2026 δύναται
3095 1970 3288 2024 Ἰακὼϐ
3322 1974 3379 2025 ὲν
3403 1970 3480 2042 τῷ
3508 1973 3774 2036 παλαίειν.

2200 2064 2294 2117 καὶ
2315 2059 2475 2116 εἶπεν
2496 2061 2665 2132 αὑτῷσ
2699 2061 3041 2115 Ἀπόστειλον
3077 2078 3163 2132 με·
3187 2061 3351 2132 ἀνέϐη
3372 2061 3481 2133 γάρ
3512 2065 3540 2116 ὁ
3563 2062 3772 2134 ὄρθρος.

2210 2154 2268 2208 '0
2291 2154 2347 2207 δὲ
2375 2150 2545 2208 εἶπεν·
2577 2153 2651 2207 Οὐ
2677 2154 2750 2225 μή
2786 2170 2845 2205 σε
2879 2152 3207 2216 ἀποστείλω,
3242 2154 3292 2205 εἰ
3340 2154 3415 2224 μή
3449 2170 3517 2224 με
3550 2153 3776 2229 εὐλογή-

2202 2264 2319 2318 σῃς.
2342 2242 2476 2299 Εἷπε
2530 2245 2588 2298 δὲ
2618 2244 2787 2314 αὑτῷο
2829 2243 2894 2296 Τί
2916 2244 2976 2297 τὸ
3007 2244 3179 2315 όνομά
3212 2261 3305 2297 σου
3338 2243 3469 2316 [182
3510 2243 3565 2318 b]
3597 2246 3773 2312 ἑστίνς

2210 2339 2268 2391 'U
2293 2338 2349 2391 δὲ
2371 2334 2543 2391 εἶπεν⁹
2588 2335 2800 2390 Ἰακώϐ.
2826 2336 2936 2389 Καὶ
2962 2330 3114 2388 εἶπεν
3141 2334 3311 2407 αὐτῷ’·
3341 2334 3417 2391 Οὑ
3450 2337 3777 2409 κληθήσεται

2200 2428 2279 2481 ἔτι
2317 2427 2489 2498 ὄνομά
2518 2444 2608 2479 σου
2660 2424 2875 2489 Ἰακὼϐ,
2905 2424 3020 2479 ἀλλ’
3067 2426 3283 2497 Ἰσραὴλ
3322 2427 3472 2481 ἔσται
3514 2428 3572 2480 τὸ
3611 2428 3777 2498 ὄνομά

2202 2536 2315 2579 σου,
2345 2520 2426 2571 ὅτι
2449 2518 2734 2587 ἐνίσχυσας
2764 2515 2900 2586 μετά
2938 2516 3033 2569 τοῦ
3067 2515 3227 2581 Θεοῦ,
3266 2517 3360 2570 καὶ
3392 2504 3531 2588 μετὰ
3566 2516 3773 2589 ἀνθρὼ-

2201 2628 2317 2663 πων
2345 2607 2567 2671 δυνατὸς
2598 2607 2714 2680 ἔσῃ,
2761 2605 3040 2677 Ἦρώτησε
3089 2607 3145 2660 δὲ
3218 2607 3432 2671 Ἰακὼϐ,
3474 2609 3566 2663 καὶ
3602 2606 3772 2662 εἶπεν*

2213 2696 2556 2765 Ἀνάγγειλόν
2597 2713 2687 2767 μοι
2714 2696 2774 2749 τὸ
2805 2695 2977 2766 ὄνομά
3015 2712 3128 2748 σου.
3163 2698 3274 2749 Καὶ
3300 2691 3471 2749 εἶπεν·
3493 2699 3608 2753 Ἵνα
3629 2698 3680 2751 τί
3708 2700 3773 2752 σὺ

2201 2788 2410 2858 ἐρωτᾷς
2439 2786 2500 2839 τὸ
2565 2786 2738 2856 ὄνομά
2797 2803 2934 2856 μους
2968 2785 3078 2838 Καὶ
3119 2785 3408 2855 εὐλόγησεν
3447 2786 3605 2839 αὑτὸν
3632 2788 3768 2840 ἐκεῖ.

2201 2878 2307 2931 Καὶ
2340 2877 2596 2931 ἐκάλεσεν
2661 2876 2857 2930 Ἰακὼϐ
2899 2877 2959 2929 τὸ
3006 2877 3177 2947 ὄνομα
3220 2877 3312 2930 τοῦ
3357 2878 3518 2930 τόπου
3561 2878 3767 2931 ἐκείνου

2201 2963 2353 3032 Εἶδος
2382 2966 2539 3021 Θεοῦ·
2580 2968 2718 3021 Ἵδον
2767 2967 2876 3040 γὰρ
2909 2968 3038 3021 Θεὸν
3082 2970 3368 3040 πρόσωπον
3414 2969 3550 3041 πρὸς
3602 2970 3774 3041 πρόσ-

2200 3078 2367 3123 ωπον,
2401 3060 2494 3113 καὶ
2548 3059 2724 3130 ἐσώθη
2769 3077 2868 3130 μου
2897 3063 2929 3131 ἠ
2967 3061 3131 3132 ψυχή.
3172 3080 3191 3113 δ
3225 3061 3346 3113 Ὅτι
3371 3060 3427 3114 δὲ
3451 3061 3581 3124 Θεός
3624 3063 3771 3115 ἔστιν

2201 3156 2228 3207 ὁ
2256 3154 2524 3216 παλαίσας
2547 3154 2642 3207 καὶ
2678 3153 2751 3224 μὴ
2785 3153 2952 3206 εἰπὼν
2984 3152 3147 3205 αὑτοῦ
3182 3152 3243 3205 τὸ
3263 3151 3450 3222 ὄνομα,
3481 3152 3772 3227 καξιήπρο-

2123 3278 2167 3338 C
2205 3244 2396 3314 φητεία
2437 3245 2608 3312 λέγει’
2656 3264 2673 3297 ι
2708 3246 2915 3317 "nam
2944 3244 3082 3316 πρὸς
3127 3243 3397 3316 Ἀϐραὰμ.
3435 3244 3528 3298 καὶ
3568 3242 3767 3311 Ἰσαὰκ,

2199 3337 2291 3390 καὶ
2342 3335 2555 3398 Ἰακὼϐ,
2588 3339 2713 3401 τοὺς
2758 3339 2999 3409 πατέρας
3047 3339 3223 3410 ὑμῶν,
3271 3336 3402 3400 Θεὸς
3449 3336 3769 3396 ὼνιαὺτῶν,

2198 3427 2289 3480 καὶ
2322 3427 2382 3480 τὸ
2409 3426 2582 3496 ὅνομά
2618 3446 2720 3498 μου
2752 3428 2850 3481 οὑκ
2879 3428 3125 3498 ἐδήλωσα
3157 3430 3360 3491 αὑτοῖς.
3400 3449 3418 3480 ι
3444 3427 3567 3492 Πῶς
3597 3427 3653 3482 δὲ
3677 3430 3771 3482 καὶ

2200 3517 2399 3587 μείζων
2444 3518 2583 3571 κατά
2635 3518 2732 3588 τὴν
2761 3517 2988 3588 θεότητα
3020 3518 3254 3590 ὑπάρχει
3283 3518 3376 3571 τοῦ
3412 3519 3524 3571 ἴσον
3582 3518 3771 3571 ἑαυτὸν

2198 3607 2474 3671 ποιοῦντος
2506 3608 2583 3678 τῷ
2618 3609 2811 3680 “arpi,
2839 3608 2932 3662 τοῦ
2958 3609 3226 3678 λέγοντος·
3264 3628 3284 3661 ι
3321 3608 3463 3678 Ἐγὼ
3494 3611 3586 3663 καὶ
3610 3611 3638 3662 ό
3663 3610 3772 3662 Πα-

2196 3699 2299 3770 τὴρ
2324 3699 2382 3751 ἓν
2414 3701 2597 3768 ἐσμεν·
2650 3719 2667 3750 ι
2722 3700 2817 3754 καὶ
2868 3701 3341 3772 μαρτυρουμένου,
3390 3703 3466 3764 ὡς
3521 3699 3770 3770 ἀληθινὸς

2195 3791 2344 3853 Θεὸς,
2384 3792 2477 3844 καὶ
2505 3791 2651 3854 Υἱὸς.
2688 3793 2782 3845 καὶ
2816 3793 3128 3864 Μονογενής
3160 3795 3323 3857 ἐστιν,
3365 3812 3383 3843 ι
3428 3794 3517 3845 Ἑν
3558 3785 3603 3858 ᾧ
3640 3808 3769 3845 κατ-

2196 3884 2335 3934 οικεῖ
2372 3884 2479 3935 πᾶν
2516 3882 2575 3935 τὸ
2597 3883 2869 3955 πλήρωμα
2898 3884 3000 3954 τῆς
3038 3884 3313 3956 θεότητος
3355 3904 3372 3935 ι
3402 3884 3516 3948 καὶ,
3558 3903 3577 3935 ι
3640 3884 3770 3946 Θεὸς

2199 3974 2393 4043 μέγας,
2423 3977 2557 4047 πρὸς
2581 3975 2639 4030 ὂν
2666 3977 2727 4031 οὑ
2749 3977 3130 4049 λογισθήσεται
3157 3978 3360 4049 ἕτεροςθ
3404 3995 3423 4027 ι
3473 3976 3565 4029 καὶ
3598 3976 3673 4039 ὡς
3708 3978 3771 4029 ὲκ

2196 4065 2387 4134 δεξιῶν
2440 4068 3057 4137 συγκαθέζεταιςλἋλΥ
3091 4070 3538 4140 ὁμολογουμένως
3571 4069 3664 4123 καὶ
3710 4069 3771 4123 τὸ

2205 4176 2222 4208 ι
2255 4158 2454 4229 μείζων
2490 4179 2507 4210 ι
2547 4162 2626 4221 είς
2655 4161 2753 4232 τὴν
2782 4161 3196 4233 ὲνανθρώπησιν
3224 4160 3587 4224 ἀποτείνεται,
3613 4159 3678 4212 δι’
3704 4159 3771 4228 ἢν

2198 4250 2227 4301 ὁ
2252 4249 2551 4321 μεταϐολῆς
2578 4251 2666 4304 διά
2693 4253 2895 4315 παντὸς
2920 4252 3148 4323 ἄμοιρος
3179 4251 3276 4317 ὣν,
3302 4248 3643 4321 ἡλαττῶσθαι
3675 4251 3771 4304 καὶ

2196 4337 2302 4390 τῶν
2327 4339 2591 4407 ἀγγέλων,
2620 4343 2668 4395 εἰ
2693 4340 2850 4412 θέμις
2876 4341 3033 4397 τοῦτο
3067 4343 3252 4413 φάναι,
3286 4334 3597 4413 γέγραπται
3620 4344 3769 4416 παρὰ

2197 4429 2275 4500 τῷ
2290 4431 2590 4504 ’Δποστόλῳ
2617 4433 2808 4498 οὕτως*
2830 4455 2847 4486 ι
2877 4434 2979 4488 Τὸν
3006 4435 3063 4489 δὲ
3086 4434 3257 4506 βραχύ
3278 4453 3330 4489 τι
3364 4436 3489 4508 παρ’
3508 4435 3769 4505 ἀγγέλους

2200 4521 2583 4594 ἠλαττωμένον
2613 4525 2882 4596 βλέπομεν
2930 4526 3136 4597 Ἰησοῦν
3189 4526 3276 4579 διά
3315 4530 3377 4580 τὸ
3411 4527 3641 4598 πάθημα
3675 4527 3768 4581 τοῦ

533 4616 624 4683 qni
682 4612 893 4670 modico
942 4628 1105 4683 quam
1146 4612 1319 4682 angeli
1367 4612 1665 4667 minoratus
1710 4613 2096 4679 est,videmus

2201 4607 2451 4663 θανάτου.
2494 4629 2513 4662 ι
2563 4611 2781 4682 Ἀμέλει
2818 4613 2920 4665 οὑκ
2962 4614 3019 4665 ὲν
3052 4615 3231 4684 μορφῇ
3262 4612 3395 4666 Θεοῦ
3423 4614 3681 4685 ὑπάρχων
3712 4614 3769 4666 ἐν

528 4706 743 4768 Jesum,
778 4712 1001 4774 propter
1028 4704 1332 4772 passionem
1389 4703 1599 4758 mortis.
1636 4721 1655 4755 ι
1691 4701 1952 4758 Nimirum
1990 4720 2094 4760 non

528 4808 585 4846 ιιι
617 4796 667 4848 in
691 4792 863 4849 forma
892 4791 986 4847 Dei
1025 4792 1294 4847 exsistens
1319 4792 1371 4846 in
1403 4791 1585 4854 caelis,
1618 4791 1712 4846 sed
1740 4800 1798 4845 ut
1829 4792 1882 4846 in
1923 4791 2093 4847 forma

525 4883 663 4936 servi
696 4882 749 4935 in
787 4890 929 4936 terra
948 4920 973 4966 θ
1016 4881 1233 4950 quando
1261 4895 1327 4934 ex
1362 4879 1583 4951 Virgine
1618 4881 1754 4935 citra
1801 4881 1962 4935 ultam
2009 4882 2091 4938 sui

528 4974 877 5030 mutationem
905 4973 1124 5041 prodiit,
1160 4972 1340 5026 aiebat
1377 4987 1392 5026 τ
1428 4990 1446 5022 ι
1475 4971 1575 5039 Qui
1608 4972 1756 5027 misit
1787 4988 1870 5027 me
1901 4972 2095 5042 Pater,

526 5064 701 5134 major
750 5080 836 5120 me
869 5074 952 5120 est
990 5084 1003 5119 :
1041 5083 1060 5117 ι
1093 5064 1250 5135 quasi
1301 5063 1511 5119 diceret
1544 5080 1558 5117 :
1599 5065 1669 5119 Ea
1696 5105 1713 5131 ,
1757 5080 1878 5135 qum
1915 5068 2093 5133 vobis,

525 5162 578 5204 et
618 5151 839 5206 cuilibet
881 5151 1046 5206 menti
1097 5151 1382 5207 invisibilis
1426 5160 1543 5216 est,
1583 5150 1768 5208 Deitas
1810 5152 1982 5223 major
2018 5163 2099 5208 est

526 5242 838 5313 aspectabili
867 5246 967 5298 hac
990 5257 1105 5298 mea
1138 5243 1612 5299 condescensione.
1639 5244 1771 5298 Nam
1809 5246 1898 5314 qui
1924 5246 2097 5316 rcipsa

655 5423 708 5484 ὃ)
748 5420 895 5477 Fuit.
936 5422 1087 5478 Joan.
1130 5437 1168 5485 ι,
1197 5421 1249 5475 6.

758 5494 1116 5580 lt‘tﬂtronaivlit.
1144 5493 1285 5580 iGeu.
1311 5508 1487 5580 prxxn,
1516 5510 1543 5580 ξι
1574 5508 1714 5547 vers.
1740 5493 1821 5580 2557
1842 5494 1917 5580 ad
1956 5509 2096 5580 vers.

410 5584 427 5593 -
528 5560 847 5633 30.7(index
905 5566 1204 5618 mendose:
1240 5560 1433 5630 Διέϐην
1488 5563 1579 5616 τὸν
1630 5563 1946 5633 χειμάροον,
2005 5579 2100 5633 pro

528 5629 810 5713 magna?
848 5635 1199 5713 χειμάῤῥρρνσ
1374 5629 1399 5713 ,⁷
1468 5703 1518 5713 __
1803 5629 1877 5713 -.υ

604 5698 715 5783 (ὖξξ)
739 5698 1071 5783 Νοιῖρόιείιζ
1093 5703 1251 5757 Plura
1280 5704 1436 5759 verba
1468 5703 1555 5757 hic
1586 5702 1788 5757 omittit
1821 5701 2095 5771 Didymus,

532 5783 616 5822 aut
663 5772 932 5823 librarius.

920 5839 1087 5913 Dictio
1122 5840 1258 5913 hmo,
1282 5840 1401 5913 ἔσῃ,
1433 5840 1483 5893 id
1501 5850 1593 5913 est
1613 5859 1631 5890 ι
1657 5840 1786 5903 eris,
1814 5859 1831 5889 ι
1863 5841 2010 5896 deest
2040 5843 2090 5895 in

533 5905 732 5969 iiibliis.
766 5906 911 5961 Alias
952 5908 1154 5961 tninitni
1195 5905 1447 5965 momenti
1485 5912 1778 5965 varietates
1811 5922 2092 5981 prmlcrco.

2201 4703 2470 4774 οὑρανοῖς,
2522 4702 2636 4756 ἀλλ’
2673 4705 2730 4756 ὲν
2763 4706 2944 4774 μορφῇ
2976 4703 3163 4757 δούλου
3195 4705 3287 4757 ἐπὶ
3324 4704 3446 4775 γῆς,
3472 4705 3559 4758 ὅτε
3586 4706 3648 4757 ὲκ
3673 4704 3770 4773 τῆς

2203 4792 2477 4863 Παρθένου
2508 4794 2791 4863 ἀτρέπτως
2820 4793 3112 4865 προῆλθεν,
3156 4794 3284 4866 [185
3319 4795 3375 4867 a]
3405 4795 3612 4864 ἕλεγεψ
3648 4818 3665 4841 ι
3713 4797 3771 4849 ’0

2200 4883 2420 4953 πέμψας
2459 4901 2523 4954 με
2546 4884 2735 4954 Πατὴρ
2764 4884 2964 4954 μείζων
2999 4902 3099 4956 μου
3131 4887 3296 4940 ἐστίν·
3332 4906 3350 4937 ι
3384 4885 3516 4940 ὡσεὶ
3534 4888 3630 4941 καὶ
3659 4887 3773 4939 ἕλε-

2198 4993 2314 5045 γεν.
2355 4978 2420 5029 Ἦ
2447 4977 2575 5047 ὑμῖν
2605 4977 2699 5030 καὶ
2729 4977 2876 5049 πάσῃ
2903 4976 3110 5050 διανοίᾳ
3149 4978 3377 5043 ἀθέατος
3406 4979 3617 5048 θεότης,
3653 4979 3770 5050 μεί-

2199 5067 2310 5130 ζων
2342 5070 2440 5138 τῆς
2466 5067 2748 5139 ὁρωμένης
2796 5068 3256 5137 συγκαταϐἀσεὼς
3282 5088 3383 5141 μου
3412 5070 3665 5142 ὑπάρχει.
3712 5070 3770 5121 ’0

2201 5159 2311 5227 γὰρ
2337 5157 2413 5228 τῷ
2463 5158 2761 5229 πράγματι·
2807 5160 3177 5226 συγκαταϐὰς,
3214 5162 3308 5214 καὶ
3349 5160 3630 5223 διακονῶν,
3677 5159 3770 5212 καὶ

2207 5249 2278 5319 μὴ
2313 5248 2747 5316 διακονούμενος,
2780 5250 2874 5302 καὶ
2922 5250 3109 5304 δούλου
3143 5251 3323 5323 φέρων
3368 5251 3604 5322 μορφὴν,
3641 5255 3664 5305 d
3711 5254 3767 5303 ἐν

2277 5426 2389 5497 (57)
2433 5429 2685 5495 Anparui.
2725 5426 2890 5481 Exod.
2931 5444 3005 5491 Vl,
3033 5430 3092 5482 5.
3156 5462 3164 5469 -

2274 5495 2387 5573 (58)
2427 5499 2861 5573 Patrespestros.
2906 5500 3095 5560 Voces.
3143 5498 3266 5562 τοὺς
3301 5497 3541 5569 πατέρας
3590 5495 3765 5565 ὑμῶν’,

2200 5567 2390 5623 ιιθειιιιί
2426 5569 2480 5623 in
2512 5568 2712 5622 Bthliis.

2269 5639 2381 5709 (39)
2411 5639 2611 5711 Nomen
2635 5653 2822 5690 meum.
2849 5637 3032 5692 Graeca
3054 5637 3221 5692 editio
3245 5637 3329 5692 hic
3354 5637 3521 5704 addit,
3541 5634 3764 5711 Κύριος,

2198 5704 2248 5757 id
2281 5704 2372 5760 est
2393 5728 2410 5757 ι
2435 5708 2706 5762 Dominus.
2732 5727 2750 5759 ι

2267 5774 2379 5841 (i0)
2414 5778 2483 5832 Se
2509 5776 2782 5845 mqualem.
2811 5775 2967 5829 Joan.
2995 5793 3045 5838 γ,
3081 5776 3166 5830 18.

2267 5846 2377 5917 (il)
2418 5845 2552 5900 Eum
2594 5857 2787 5900 autem.
2827 5845 2988 5900 llcbr.
3022 5862 3080 5910 ιι,
3112 5848 3185 5907 9.,
