4112 6420
358 428 539 497 885,

1449 445 1536 500 DE
1579 436 1952 502 ’ῙΒῘΝΙΤΑΤΕ
1989 447 2191 503 LIBER
2233 441 2554 534 TERTIUS.

3496 454 3601 512 836

365 547 547 615 μορφῇ
584 543 722 639 Beat?
777 548 1058 623 ὑπάρχων,
1096 560 1213 621 πῶς
1264 560 1386 630 οὐχ).
1423 563 1531 616 καὶ·
1568 564 1682 629 τοῖς
1731 567 1928 637 ῥήμασι

2043 568 2448 637 condcscendit,
2494 571 2584 639 qui
2634 569 2923 635 ministrat,
2956 585 3060 623 non
3094 582 3221 624 vero
3243 569 3598 633 ministratur,

364 636 816 727 συγκατασαίνειν
864 640 1108 712 ἔμελλεν,
1151 647 1179 699 ὁ
1205 649 1405 714 παντὸς
1436 651 1596 720 λόγου
1632 654 1932 727 ἀνώτεροςς

357 723 534 789 οὕτως
561 726 700 782 ὥστε
733 731 829 785 κατ⁸
860 732 1109 800 ὀνειδίζει
1158 739 1289 810 παρ’
1328 741 1548 814 Ἰωάννῃ
1587 746 1700 807 τοῖς
1727 723 1822 798 ἐπὶ
1846 762 1936 815 μι-

358 818 701 890 κροπρεπείᾳ
719 820 1096 894 ἐκδεχομένας
1128 827 1231 898 τῆς
1258 831 1567 900 οἰκονομίας
1594 832 1662 885 τὰ
1692 835 1932 904 ῥήματα,

359 904 603 996 φάσκωνσ
632 927 652 960 ι
696 910 838 979 Ἐγὼ
876 915 1021 984 τιμῶ
1069 916 1165 969 τὸν
1200 919 1418 992 Πατέρα
1464 939 1587 991 μου,
1641 927 1736 977 καὶ
1780 926 1937 996 ὑμεῖς

358 995 657 1066 ἀτιμάζετέ
687 1017 778 1071 με.
809 1020 828 1053 ι
862 1004 1013 1075 Τιμᾷ
1038 1006 1095 1060 δὲ
1121 1009 1217 1062 καὶ
1251 1011 1279 1063 δ
1317 1011 1511 1082 Πατὴρ
1533 1013 1624 1066 τὸν
1652 1014 1802 1077 my,
1822 995 1828 996 ί
1851 1017 1937 1069 λέ-

358 1100 490 1177 γων·
522 1106 540 1138 ι
571 1090 755 1144 Κάθου
772 1094 836 1146 ἐκ
862 1093 1048 1162 δεξιῶν
1073 1115 1194 1167 μου’
1232 1119 1250 1150 ι
1276 1102 1368 1154 καὶ
1395 1102 1575 1170 μέντοι
1596 1104 1769 1158 ἕλκων
1798 1107 1934 1177 πρὸς

357 1176 520 1231 αὑτὸν
545 1181 672 1244 τοὺς
698 1182 904 1248 ἀξίους.
925 1187 1036 1239 Καὶ
1058 1189 1190 1242 αὐτὸ
1207 1190 1263 1243 δὲ
1282 1192 1439 1251 τοῦτο
1460 1194 1522 1247 τὸ
1550 1190 1724 1250 εἰπεῖν
1748 1176 1931 1253 πεποιο

358 1266 514 1338 θήσει
547 1271 765 1342 Πατέρα
797 1273 888 1327 τὸν
912 1274 1064 1341 Θεὸν,
1095 1277 1385 1345 δείκνυσιν,
1408 1282 1484 1345 ὡς
1506 1284 1565 1336 τὸ
1605 1303 1622 1337 ι
1667 1286 1866 1356 μείζων
1898 1309 1917 1340 ι

358 1360 500 1414 κατὰ
526 1360 625 1434 τὴν
653 1363 1060 1436 ὲνανθρώπησίν
1090 1370 1257 1426 ἐστιν.

2030 660 2121 726 qui
2155 660 2294 714 servi
2332 660 2560 715 formant
2600 662 2758 731 gerit,
2787 678 2908 717 cum
2932 663 3004 718 sit
3036 664 3087 716 itt
3119 664 3288 719 forma
3321 661 3437 728 Dei,
3464 677 3599 734 quo~

2031 752 2190 805 modo
2237 766 2343 805 non
2384 753 2544 806 etiam
2598 752 2776 806 verbis
2810 753 3297 808 condescenderet'?
3334 754 3482 824 ipse,
3517 754 3601 809 in-

2032 854 2211 906 quam,
2249 842 2337 910 qui
2373 843 2517 897 omni
2549 858 2797 899 sermone
2823 843 3098 898 sublimior
3139 854 3238 906 est,
3290 855 3452 914 atque
3499 861 3599 898 cx-

2038 932 2257 999 cclsior,
2289 933 2425 988 adeo
2455 944 2513 988 ut
2541 935 2680 1003 apud
2715 933 2976 989 Joannem
3013 949 3103 988 eos
3136 935 3306 989 etiam
3326 935 3594 1005 oltjurget.

2040 1021 2133 1091 qui
2163 1022 2322 1077 verba
2349 1025 2416 1077 ob
2447 1026 2829 1089 oeconomiam,
2857 1027 2908 1079 id
2932 1035 3015 1078 est
3040 1027 3109 1080 ob
3140 1025 3593 1088 locat-nationem,

2031 1112 2101 1167 ab
2132 1113 2249 1182 ipso
2287 1114 2492 1183 prolata
2550 1130 2715 1170 sensu
2775 1114 3074 1170 humiliore
3116 1114 3473 1183 accipiebant,
3507 1115 3601 1171 Ju-

2025 1203 2259 1272 quiens:
2305 1222 2323 1256 ι
2358 1205 2468 1275 Ego
2515 1206 2628 1277 (42)
2675 1204 3131 1261 ItonoroPatrem
3165 1221 3366 1268 meum,
3410 1215 3465 1260 et
3505 1220 3601 1259 vos

2024 1294 2362 1350 inhonoratis
2403 1312 2507 1351 me.
2555 1315 2575 1349 ι
2614 1296 2854 1351 llonorat
2884 1309 3068 1351 autem
3117 1297 3282 1352 etiam
3317 1296 3477 1352 Pater
3508 1296 3600 1352 Fi-

2018 1386 2144 1441 lium
2176 1388 2379 1450 dicens,
2411 1406 2429 1439 ι
2467 1387 2605 1442 Sede
2631 1403 2659 1440 a
2684 1388 2892 1441 dextris
2929 1388 3083 1448 meis.
3115 1406 3134 1439 ι
3164 1396 3216 1442 et
3243 1389 3463 1455 insuper
3481 1402 3596 1453 eos,

357 1453 450 1523 qui
492 1453 638 1523 digni
682 1455 915 1547 fuerint,
962 1461 1030 1514 ad
1073 1460 1220 1515 illum
1260 1464 1501 1522 trahens.
1544 1467 1619 1522 Ex
1670 1469 1771 1523 ltoc
1802 1471 1921 1538 ipso
1958 1484 2168 1541 autem,
2211 1476 2374 1547 385
2442 1477 2585 1544 quod
2656 1477 2822 1531 Deum
2882 1476 3214 1532 confidenter
3252 1453 3449 1533 dixerit
3504 1475 3601 1531 Pa-

359 1551 523 1606 trem,
549 1545 873 1612 ostenditur,
900 1562 1085 1603 vocem
1115 1549 1296 1618 illam,
1316 1570 1335 1604 ι
1379 1554 1569 1623 major,
1620 1574 1643 1607 ι
1676 1569 1920 1628 rrspectu
1960 1545 2359 1620 lncamatimiisv
2377 1565 2503 1620 diei.

428 1678 540 1773 Καὶ
582 1677 639 1744 ἐξ
674 1679 1068 1773 ὑποδείγματος
1109 1683 1165 1737 δὲ
1212 1687 1339 1756 ῥᾷον
1387 1688 1682 1760 ὑποστῆναι
1725 1692 1817 1746 τοῦ
1849 1693 1922 1765 μὴ

2094 1698 2197 1753 Sed
2241 1700 2309 1755 ab
2367 1701 2614 1773 exemplo
2656 1702 2939 1758 ostendere
2995 1701 3204 1758 facilius
3252 1710 3368 1764 est,
3411 1715 3594 1756 vocem

357 1767 500 1856 κατὰ
526 1768 623 1840 τὴν
673 1768 903 1840 θεότητοι
939 1773 1189 1845 εἰρῆσθαι
1221 1775 1281 1828 τὸ
1331 1795 1350 1828 ι
1393 1779 1611 1849 μείζων.
1653 1802 1672 1834 ι
1712 1783 1769 1835 ὐ
1819 1784 1926 1856 γὰρ

355 1855 559 1926 Κύριος
583 1857 767 1929 φησίν⁹
815 1877 834 1911 t
875 1860 1044 1932 Ἀμὴν
1071 1861 1214 1933 λέγω
1235 1865 1384 1935 ὑμῖν·
1404 1868 1511 1922 οὐκ
1542 1870 1839 1943 ἐγήγερται
1869 1855 1927 1927 ἐν

355 1948 631 2019 γεννητοῖς
657 1950 929 2017 γυναικῶν
960 1951 1165 2023 μείζων
1178 1955 1424 2011 Ἰωάννου
1453 1957 1546 2012 τοῦ
1566 1960 1883 2017 Βαπτιστοῦ.
1900 1984 1919 2017 ι

367 2037 505 2090 Ἀλλ’
530 2039 627 2111 οὐχ
646 2039 721 2105 ὡς
748 2040 806 2106 ἐξ
833 2042 1027 2115 ἐτέρας
1058 2044 1303 2115 μείζονος
1333 2048 1547 2117 φύσεως
1574 2051 1725 2117 ὄντα,
1747 2052 1778 2125 ἢ
1804 2057 1925 2108 κατ’

354 2130 693 2201 ἀνθρώπους,
722 2133 877 2203 ἔλεγε
936 2135 1156 2205 μείζονα
1188 2134 1330 2193 εἶναι
1375 2142 1559 2196 αὐτόν’
1586 2145 1788 2209 πάντες
1817 2145 1925 2218 γὰρ

353 2224 403 2275 οί
451 2222 651 2294 ἀρετῆς
708 2227 1180 2298 μεταποιούμενοι,
1219 2229 1251 2301 ἢ
1284 2227 1560 2295 ὲξισοῦντο
1594 2234 1762 2306 αὐτῷ,
1797 2238 1830 2308 ἦ
1875 2254 1926 2291 τι

355 2311 730 2367 ἀπελείποντοο
785 2316 907 2369 οὐδὲ
938 2316 1013 2380 ὡς
1042 2317 1267 2390 δυνάμει
1309 2323 1633 2393 κρείττονος,
1684 2324 1717 2397 ἢ
1752 2328 1941 2399 χρόνῳ¹

355 2404 560 2457 πλείονι
584 2405 865 2478 εἰληφότος
900 2407 999 2479 τὴν
1030 2409 1264 2477 γένεσιν·
1304 2414 1467 2477 αὑτὸς
1502 2416 1602 2486 μὲν
1621 2416 1730 2489 γὰρ
1755 2422 1819 2490 τῇ
1868 2421 1926 2473 ἐν

357 2493 548 2564 κόσμῳ
577 2491 685 2566 ζωῇ
734 2495 999 2567 διέμεινεν
1034 2497 1128 2570 ἐτη
1164 2499 1230 2554 λ’·
1269 2496 1409 2573 ἦσαν
1435 2502 1492 2556 δὲ
1525 2505 1575 2557 οί
1605 2508 1671 2577 τῇ
1701 2506 1796 2559 τοῦ
1823 2505 1927 2562 σώ-

362 2599 530 2654 ματος
563 2582 716 2656 ῥώμῃ
753 2585 847 2638 καὶ
871 2584 949 2655 τῷ
982 2587 1174 2660 πλήθει
1203 2590 1308 2643 τῶν
1339 2591 1476 2646 ἐτῶν
1501 2593 1928 2666 ὑπερϐάλλοντες

358 2676 535 2729 αὐτόν.
583 2675 717 2729 Ἀλλ’
738 2677 799 2730 οὑ
836 2677 1008 2750 ταύτῃ
1042 2681 1325 2752 κρείττονα
1357 2684 1466 2738 τῶν
1490 2686 1791 2759 ἀνθρώπων
1814 2690 1927 2744 ἔλεο

356 2778 472 2830 γεν.
507 2763 641 2818 ἀλλὰ
665 2768 730 2837 τῇ
766 2772 1093 2843 προφητείᾳ,
1139 2773 1206 2844 ἢν
1238 2776 1474 2846 μάλιστα
1524 2779 1705 2834 ἔνθεον
1767 2782 1928 2848 αὐτὸς

354 2854 591 2920 ἐδέξατο.
623 2857 731 2911 Καὶ
763 2859 943 2914 πάλιψ
995 2880 1014 2914 ι
1051 2863 1109 2917 '0
1141 2864 1200 2917 δὲ
1256 2868 1314 2920 ἐν
1341 2871 1406 2939 τῇ
1438 2867 1568 2941 [185
1605 2870 1657 2943 b]
1685 2871 1928 2946 βασιλείᾳ

351 2946 461 3001 τῶν
481 2949 725 3021 οὐρανῶν
748 2952 1088 3026 μικρότερος,
1122 2956 1323 3027 μείζων
1340 2961 1506 3016 αὑτοῦ
1529 2964 1697 3017 ἐστιν.
1728 2985 1746 3016 ι
1776 2966 1928 3021 Ἔλε-

2026 1785 2194 1857 ipsam
2239 1807 2259 1840 ‹
2315 1790 2486 1860 major
2547 1810 2565 1844 ι
2636 1794 2703 1846 ad
2771 1790 3034 1845 Deitatem
3095 1790 3436 1845 referendam
3486 1802 3593 1844 non

2026 1891 2149 1932 esse
2202 1878 2334 1952 (45).
2391 1876 2526 1935 Nam
2577 1881 2832 1935 Dominus
2884 1881 3010 1935 ait:
3060 1899 3080 1933 ι
3113 1881 3283 1936 Amen
3323 1880 3437 1950 (44)
3477 1879 3597 1935 dico

2025 1967 2176 2022 vobis
2210 1987 2223 2022 :
2256 1985 2361 2023 non
2412 1971 2647 2026 surrexit
2692 1971 2834 2026 inter
2888 1978 3045 2027 natos
3091 1971 3373 2025 mulierum
3423 1969 3596 2040 major

2023 2056 2226 2114 Joanne
2269 2059 2526 2129 Baptista.
2593 2080 2613 2114 ι
2662 2059 2768 2116 Sed
2814 2063 2959 2116 hunc
3016 2059 3275 2128 majorem
3318 2074 3440 2115 esse
3489 2074 3594 2119 non

2026 2149 2148 2205 ideo
2175 2150 2309 2206 dixit
2331 2152 2603 2217 Christus.
2636 2154 2778 2223 quod
2821 2152 3042 2208 alterius
3080 2160 3285 2206 natura:
3318 2160 3462 2207 esset
3499 2151 3593 2205 hu-

2026 2259 2182 2298 mana
2232 2244 2483 2313 majoris;
2515 2261 2703 2301 omnes
2741 2245 2909 2308 enim.
2938 2246 3029 2317 qui
3067 2245 3252 2300 virtuti
3289 2242 3592 2302 studebant.

2025 2342 2119 2388 aut
2145 2335 2379 2404 aequales
2403 2337 2503 2405 ipsi
2537 2344 2725 2400 erant,
2759 2344 2853 2390 aut
2880 2337 3038 2404 paulo
3071 2334 3374 2391 inferiores.
3408 2332 3486 2388 Ac
3528 2349 3596 2385 ne

2025 2440 2089 2480 ex
2121 2440 2187 2480 eo
2227 2426 2444 2494 quidem
2483 2427 2656 2496 major
2683 2412 2860 2482 dictus
2897 2437 2979 2481 est
3014 2425 3248 2482 Joannes
3271 2468 3286 2493 ,
3321 2425 3463 2495 quod
3499 2438 3593 2493 po-

2029 2518 2192 2572 tentia
2234 2520 2503 2586 superior,
2564 2529 2658 2574 aut
2704 2519 3054 2587 generatione
3106 2507 3593 2588 antiquior‘loret;

2028 2608 2240 2678 triginta
2291 2609 2434 2664 enim
2460 2625 2633 2665 annos
2660 2611 2712 2663 in
2749 2611 2948 2665 mundo
2979 2611 3224 2674 vixerat;
3267 2617 3423 2663 erant
3470 2622 3596 2660 vero

2026 2701 2116 2768 qui
2173 2700 2420 2768 corporis
2474 2700 2668 2754 robore
2701 2709 2757 2754 et
2791 2714 3053 2754 annorum
3097 2712 3322 2754 numero
3350 2711 3473 2751 eum
3499 2711 3590 2749 sn-

2028 2799 2295 2858 perarent.
2324 2790 2520 2845 Verum
2558 2805 2662 2845 non
2684 2791 2783 2845 hac
2823 2793 3029 2845 ratione
3061 2791 3316 2860 majorem
3359 2786 3596 2842 ltomini-

2030 2878 2130 2933 bus
2169 2893 2292 2933 eutn
2331 2879 2486 2944 dixit,
2518 2880 2610 2935 sed
2655 2890 2875 2949 propter
2905 2881 3242 2949 prophetiam
3285 2878 3398 2949 (45)
3445 2893 3594 2931 sunt-

2031 2985 2254 3039 moriere
2282 2970 2541 3049 divinam,
2582 2987 2745 3040 quam
2779 2972 2893 3040 ipse
2932 2981 3233 3041 acceperat.
3261 2970 3328 3025 Et
3360 2962 3587 3023 rursus:

353 3054 420 3106 γε
467 3039 523 3093 δὲ
566 3040 694 3112 περὶ
739 3042 989 3097 Ἰωάννου
1048 3046 1143 3100 τοῦ
1199 3047 1521 3116 ἀποστόλου,
1577 3053 1669 3106 τοῦ
1714 3054 1928 3125 χρόνοις

2036 3078 2056 3112 ι
2098 3035 2204 3127 ῥιιί
2262 3069 2442 3115 autem
2501 3035 2614 3130 (46)
2662 3061 2715 3114 itt
2756 3076 2923 3130 regno
2961 3060 3222 3117 caelorum
3281 3059 3457 3113 minor
3486 3067 3592 3121 est,

359 3131 460 3201 μὲν
491 3133 813 3205 μικροτέρου
865 3136 1112 3191 Ἰωάννου
1137 3138 1228 3192 τοῦ
1254 3142 1590 3213 Προδρόμου,
1621 3147 1687 3216 τῇ
1718 3146 1775 3199 δὲ
1801 3147 1929 3218 ἀξίᾳ

354 3222 457 3291 τῆς
480 3223 784 3296 ἀποστολῆς
813 3227 1075 3298 μείζονος.
1120 3247 1139 3281 ι
1182 3230 1373 3284 Ἐθετο
1405 3233 1512 3305 γὰρ
1534 3235 1562 3287 ὁ
1592 3234 1723 3298 Θεὸς
1772 3237 1829 3288 ἐν
1861 3240 1927 3309 τῇ

369 3313 685 3387 Ἐκκλησία,
713 3334 732 3368 ι
779 3316 854 3381 ὡς
884 3318 1096 3384 Παῦλος
1131 3320 1356 3392 γράφει,
1394 3340 1412 3372 ι
1449 3323 1664 3393 πρῶτον
1705 3325 1931 3379 ἀποστάς

356 3404 500 3470 λους,
528 3404 717 3460 ἔπειτα
765 3411 1068 3480 προφήτας.
1108 3428 1125 3461 ι
1182 3405 1320 3463 Εἷπε
1357 3410 1435 3474 δὲ,
1475 3429 1492 3461 ι
1544 3412 1631 3464 Ἐν
1665 3415 1731 3484 τῇ
1776 3413 1928 3484 βασι-

357 3496 477 3568 λείᾳ
506 3496 611 3551 τῶν
644 3499 889 3571 οὐρανῶν
920 3501 1260 3573 μικρότερος,
1292 3520 1309 3554 ι
1342 3502 1507 3556 διὰτὸ
1529 3504 1587 3557 ὲν
1620 3503 1783 3577 βίϐλῳ
1799 3503 1933 3571 ζών-

358 3604 466 3642 των
493 3589 707 3644 πάντων
750 3588 819 3643 τὰ
846 3591 1088 3662 ὀνόματα
1115 3592 1440 3665 γράφεσθαι,
1470 3594 1566 3648 καὶ
1583 3596 1660 3658 ὡς
1696 3613 1930 3667 μεταγε-

359 3678 616 3751 νεστέρου
649 3680 874 3744 εἰκότως
904 3679 1131 3753 ὕστερον
1154 3683 1412 3756 τετάχθαι
1468 3684 1529 3738 τὸ
1550 3685 1712 3740 αὐτοῦ
1740 3687 1926 3758 ὄνομα.

362 3770 405 3822 Τ
409 3769 517 3835 ινὲς
565 3770 622 3824 δὲ
649 3771 710 3825 τὸ
741 3770 907 3843 μέρος
938 3772 1117 3837 τοῦτο,
1157 3775 1284 3848 περὶ
1328 3774 1421 3829 τοῦ
1474 3777 1742 3832 Δεσπότου
1775 3779 1930 3852 ἐνόη-

320 3934 322 3937 .
365 3875 486 3923 σαν,
518 3861 839 3934 μικρότερον
884 3862 981 3933 μὲν
1014 3861 1156 3917 κατὰ
1190 3863 1289 3936 τὴν
1331 3864 1425 3918 τοῦ
1467 3864 1654 3920 δούλου
1697 3867 1927 3940 μορφὴν,

367 3950 487 4005 καθ’
519 3952 586 4024 ἢν
619 3954 802 4024 ἥσσων
848 3953 1142 4026 προφητῶν
1185 3954 1283 4007 καὶ
1338 3957 1530 4028 ἱερέων
1581 3958 1933 4014 ὑπωπτεύετο

364 4044 673 4114 τυγχάνειν,
718 4042 937 4115 μείζονα
961 4044 1018 4098 δὲ
1043 4042 1184 4097 κατὰ
1221 4044 1318 4115 τὴν
1353 4046 1601 4119 θεότητα.
1632 4048 1795 4103 ⁴Ὥστε
1840 4050 1934 4103 καὶ

368 4134 506 4188 κατὰ
524 4133 693 4188 ταῦτα
716 4135 779 4188 τὸ
806 4153 825 4186 ι
866 4134 1063 4205 μείζων
1087 4153 1108 4187 ι
1131 4135 1305 4189 καὶτὸ
1346 4155 1364 4188 ι
1399 4137 1619 4209 πέμψας
1662 4157 1681 4190 ι
1701 4139 1778 4210 τῷ
1799 4139 1933 4212 πρὸς

364 4223 454 4275 τὸν
487 4223 708 4293 Πατέρα
741 4222 1012 4295 όμοουσίῳ
1057 4224 1282 4294 μείωσιν
1324 4226 1386 4280 οὑ
1432 4230 1592 4281 ποιεῖ.
1645 4228 1754 4282 Καὶ
1797 4231 1933 4301 ὅπερ

2030 3150 2207 3218 major
2230 3150 2349 3219 ipso
2379 3158 2484 3204 est.
2524 3168 2544 3203 ι
2607 3149 2832 3204 Dicebat
2878 3160 3055 3204 autem
3091 3150 3192 3204 ista
3239 3148 3488 3204 Christus
3530 3147 3596 3201 de

2028 3238 2236 3296 Joanne
2303 3243 2582 3312 apostolo,
2664 3242 2752 3311 qui
2793 3251 2950 3298 actate
2997 3243 3210 3312 quidem
3269 3238 3444 3295 minor
3479 3248 3597 3293 erat

2029 3330 2233 3387 Joanne
2250 3347 2606 3401 praecursore,
2631 3333 2891 3403 dignitate
2908 3344 3088 3388 autem
3123 3332 3456 3402 apostolatus
3478 3346 3595 3386 ma-

2023 3423 2131 3490 jor.
2162 3440 2181 3474 ι
2203 3422 2385 3478 Posuit
2415 3423 2526 3494 (47)
2548 3423 2690 3478 enim
2715 3423 2858 3479 Deus
2889 3425 2940 3479 in
2974 3424 3235 3489 Ecclesia,
3270 3443 3290 3476 ι
3313 3432 3371 3477 ιιι
3396 3416 3597 3476 Paulus

2030 3512 2256 3573 scribit,
2298 3531 2317 3564 ι
2365 3514 2598 3582 primum
2639 3514 2934 3582 apostolos,
2980 3515 3171 3569 deinde
3214 3513 3327 3584 (48)
3369 3513 3598 3581 prophe-

2036 3612 2139 3658 tas.
2171 3620 2189 3653 ι
2218 3601 2362 3656 Dixit
2388 3612 2566 3655 autem
2597 3642 2610 3665 ,
2650 3621 2667 3654 ι
2704 3602 2758 3657 in
2791 3617 2956 3671 regno
3010 3604 3271 3658 caelorum
3331 3602 3531 3667 minor,
3572 3621 3593 3652 ι

2031 3695 2153 3763 quia
2186 3693 2238 3747 in
2270 3694 2406 3748 libro
2434 3692 2722 3746 viventium
2739 3693 2953 3747 nomina
2983 3693 3222 3748 omnium
3255 3691 3585 3755 scribuntur,

2033 3795 2086 3840 et
2132 3784 2301 3853 ipsius
2338 3792 2526 3852 utpote
2565 3782 2800 3853 jnuioris
2854 3798 3048 3838 nomen
3097 3783 3293 3839 merito
3329 3783 3597 3853 posterius

2031 3876 2262 3946 positum
2312 3884 2413 3931 est.
2449 3874 2676 3942 Quidam
2713 3888 2843 3929 vero
2869 3875 3012 3929 hunc
3052 3876 3242 3931 locum
3268 3876 3335 3931 de
3367 3874 3597 3931 Domino

2034 3964 2428 4032 intellexerunt,
2482 3964 2821 4034 inquientes,
2869 3977 3000 4018 eum
3056 3965 3320 4019 minorem
3378 3963 3593 4034 quidem

2032 4069 2150 4110 esse
2180 4055 2473 4110 secundum
2498 4052 2723 4108 formam
2754 4052 2917 4117 servi,
2941 4051 2992 4106 in
3019 4067 3135 4123 qua
3155 4052 3331 4109 minor
3360 4053 3595 4124 prophe-

2035 4146 2103 4201 tis
2151 4155 2202 4201 et
2245 4144 2614 4200 sacerdotibus
2653 4143 2979 4213 putabatur;
3031 4142 3287 4213 majorem
3330 4158 3459 4199 vero
3505 4161 3594 4201 se-

2033 4237 2264 4291 cundum
2310 4235 2585 4291 deitatem.
2637 4235 2821 4304 Itaque
2869 4235 3335 4291 secundumlianc
3378 4251 3595 4308 quoque

359 4312 418 4363 δὲ
453 4312 664 4381 εἴρηται
709 4311 817 4384 πρὸ
854 4312 1105 4384 βραχέος,
1134 4314 1281 4369 δοκεῖ
1321 4334 1436 4381 πως
1468 4318 1496 4370 ό
1521 4318 1727 4391 κομψίᾳ
1755 4319 1928 4388 λόγων

2035 4324 2454 4392 explicationem
2509 4325 2669 4379 verba
2732 4343 2757 4377 ι
2784 4325 2978 4394 major,
3041 4343 3060 4377 ι
3098 4333 3150 4379 et
3180 4342 3199 4376 ι
3240 4325 3331 4395 qui
3364 4327 3532 4393 misit,
3571 4346 3589 4378 ι

363 4399 661 4470 χρώμενος,
680 4403 814 4456 καὶὸ
839 4403 1017 4475 ἑαυτῷ
1042 4404 1128 4458 ἀεὶ
1152 4405 1439 4478 ἀπονέμων
1471 4407 1539 4461 τὰ
1560 4412 1801 4480 πρωτεία
1832 4412 1927 4466 καὶ

2032 4415 2642 4472 consubstantialitatem
2678 4414 2796 4485 ejus
2827 4430 2949 4471 cum
2984 4415 3145 4473 Patre
3185 4431 3290 4472 non
3321 4420 3593 4475 minuunt.

367 4488 531 4560 τιμὴν
552 4490 813 4556 ἀπαιτῶν,
841 4491 1016 4565 οἴησιν
1041 4493 1202 4565 ἔχειν’
1232 4497 1266 4567 ἡ
1282 4494 1337 4549 δὲ
1363 4495 1558 4567 οἴησις,
1588 4497 1934 4570 ὑπερηφανία

367 4581 451 4646 τίς
506 4584 670 4637 ἐστιν.
728 4584 891 4639 Οὐδὲν
947 4584 1005 4639 δὲ
1062 4586 1169 4659 πρὸ
1223 4586 1324 4658 τῆς
1388 4589 1765 4661 ὑπερηφανίας
1809 4594 1932 4663 ἠτί-

368 4687 556 4741 μασεν·
609 4672 868 4745 οὐδὲγὰρ
921 4674 1165 4745 μείζονος
1227 4675 1425 4746 μᾶλλον
1466 4676 1617 4747 μέλει
1661 4678 1739 4750 τῷ
1787 4681 1929 4753 Θεῷ,

364 4764 396 4832 ἢ
435 4765 645 4835 μήποτε
683 4765 841 4819 πλέον
891 4765 984 4819 τοῦ
1034 4767 1374 4840 μικροτέρου.
1410 4769 1562 4839 Ἔχει
1608 4769 1716 4842 γὰρ
1762 4770 1926 4839 ἅπαξ,

365 4855 464 4909 κᾶν
497 4854 657 4920 αὐτὶς
685 4855 759 4926 μὴ
783 4855 935 4929 λέγῃ,
971 4855 1250 4927 σύμφυτον
1288 4857 1349 4910 τὸ
1393 4855 1596 4929 μεῖζονι
1642 4859 1736 4913 καὶ
1757 4860 1929 4925 οὐδεὶς

364 4943 471 4998 τῶν
510 4945 865 5017 εὐγνωμόνων
910 4946 1038 5018 περὶ
1071 4946 1257 5001 τούτου
1306 4947 1659 5019 ἀμφισϐητεῖ.
1693 4950 1769 5002 Δι’
1795 4949 1831 5003 ἃ
1861 4951 1926 5022 δή

365 5054 545 5108 φησιν·
582 5057 601 5089 ι
647 5036 774 5092 Ἐὰν
794 5036 903 5107 ἐγὼ
916 5038 1138 5111 ἐμαυτῷ
1171 5039 1504 5111 μαρτυρῶ,ή
1533 5042 1804 5112 μαρτυρία
1828 5060 1929 5113 μου

438 5279 549 5349 (42)
592 5278 720 5352 Ego.
753 5278 906 5352 Joan.
934 5298 1055 5352 rm,
1088 5283 1176 5338 49.
1212 5285 1353 5352 Lege
1398 5294 1645 5340 catenam
1675 5286 1728 5341 in
1761 5285 1928 5341 Joan-

366 5364 637 5425 neorgtvrt,
660 5350 728 5425 Δὶ,
763 5350 852 5425 ubi
888 5351 1065 5406 aliinia
1103 5354 1259 5425 docet
1289 5350 1572 5425 Didymus.

371 5464 387 5498 ._
439 5418 913 5498 (45).Referet_tddm
935 5437 1037 5498 non
1051 5418 1180 5476 esse.
1202 5418 1515 5498 ριιιΙοχξτοῦ
1540 5426 1615 5498 μὴ
1639 5425 1915 5490 κατά,οιο.

365 5488 669 5560 Legendum
698 5490 907 5560 videtur
935 5489 996 5542 τό
1024 5507 1119 5560 pro
1144 5491 1259 5546 τοῦ.

436 5557 549 5626 (44)
587 5558 771 5626 Amen.
799 5559 985 5614 Matth.
1022 5557 1103 5623 ιιι,
1132 5561 1218 5615 Η.

438 5627 549 5700 (45)
593 5625 816 5704 Propter
860 5630 1200 5704 prophetiam.
1263 5630 1428 5704 Recte
1477 5633 1831 5704 Hieronymus
1867 5635 1917 5689 in

367 5696 504 5773 libro
530 5696 1126 5773 "contra_Luei[eriauos
1152 5714 1302 5773 num.
1351 5701 1402 5754 7.
1440 5696 1691 5773 tAudin'
1724 5703 1916 5773 inquit,

372 5766 695 5836 «Dominum
737 5766 1075 5836 loquentem:
1110 5766 1266 5823 «Non
1313 5779 1397 5824 est
1439 5771 1489 5823 in
1542 5773 1681 5827 natis
1734 5766 1921 5829 mulie-

370 5851 486 5890 rum
540 5834 706 5905 major
751 5834 957 5894 Joanne
999 5837 1296 5907 Baptista.»
1337 5839 1475 5895 Nulli
1509 5841 1652 5897 enim
1702 5844 1922 5909 contigit

2002 4525 2007 4530 ’
2035 4505 2104 4561 Ut
2133 4515 2313 4561 autem
2340 4506 2498 4576 paulo
2524 4515 2650 4561 ante
2672 4505 2783 4574 jam
2813 4507 3014 4563 dictum
3039 4516 3154 4572 est,
3189 4508 3277 4577 qui
3312 4507 3454 4563 fastu
3475 4507 3586 4578 (J9)

2032 4598 2319 4652 verborum
2354 4598 2524 4651 utitur
2548 4612 2613 4653 ac
2643 4598 2847 4666 primas
2876 4597 3194 4668 sibimetipsi
3234 4609 3420 4667 partes
3445 4613 3590 4653 setn-
3641 4640 3647 4647 .

2035 4702 2132 4758 per
2152 4688 2420 4753 attribuit,
2458 4698 2620 4757 atque
2648 4687 2908 4744 honorem
2930 4690 3139 4760 exigit;
3194 4690 3241 4744 is
3277 4690 3442 4744 animi
3479 4689 3594 4744 ela-

2042 4777 2242 4830 tionem
2296 4777 2693 4845 quodatumodo
2726 4777 2926 4832 habere
2955 4778 3213 4834 videtur:
3262 4779 3429 4834 animi
3486 4795 3591 4833 au-

2036 4874 2141 4921 tem
2171 4866 2333 4920 elatio
2365 4877 2447 4922 est
2467 4867 2734 4935 quoddam
2775 4868 3039 4936 superbiae
3061 4882 3232 4935 genus
3258 4885 3273 4922 :
3300 4867 3433 4922 nihil
3462 4881 3593 4922 vero

2036 4955 2228 5023 magis.
2278 4971 2441 5024 quam
2479 4958 2829 5026 superbiam,
2853 4957 3124 5027 despectui
3160 4957 3345 5012 haberi
3381 4956 3546 5011 voluit
3576 4972 3590 5010 :

2036 5061 2208 5115 neque
2252 5049 2396 5101 enim
2420 5046 2560 5117 ejus,
2612 5048 2703 5117 qui
2752 5048 2926 5118 major
2953 5048 3062 5113 sit,
3108 5047 3363 5115 majorem
3407 5062 3591 5100 curam

2034 5287 2414 5355 prepltetarum
2448 5297 2501 5342 et
2532 5289 2852 5343 annuntiare
2877 5287 3170 5353 Christum,
3212 5298 3268 5345 et
3295 5289 3463 5359 digito
3499 5292 3593 5347 de—

2036 5365 2354 5410 tttoustrare.
2380 5375 2398 5408 ι

2380 5404 2589 5506 ιιιιιςιιιζ
2616 5404 2804 5480 Matth.
2827 5440 2906 5506 Et,
2936 5425 3022 5480 11.

2118 5495 2184 5549 47
2244 5493 2496 5549 Ροσιιὶι.1
2550 5495 2671 5550 Cor.
2705 5510 2802 5559 xu,
2825 5494 2914 5549 28.

2118 5495 2208 5635 J8;
2249 5564 2463 5618 Deinde.
2492 5563 2678 5619 Graeca
2707 5567 2816 5625 ed.,
2849 5563 2914 5616 6st

2095 5565 2186 5635 (48

2026 5633 2114 5689 do.
2144 5652 2162 5683 ι

2098 5700 2680 5778 (ινδ-ίςιιιιικ-βοᾶει,
2722 5701 3157 5778 κομψίςικξιθεο,
3191 5707 3444 5778 κομψείᾳ.
3480 5706 3592 5761 Hoc

2026 5787 2187 5826 sensu
2217 5771 2404 5895 ἕριίὲιιι
2444 5773 2537 5829 lib.
2582 5787 2656 5834 vt.
2707 5771 2877 5840 segni.
2906 5771 3039 5840 ⁷123,
3072 5771 3281 5830 κομψόν
3313 5771 3594 5846 '«ja'etatu-

2028 5858 2138 5897 rem
2166 5860 2184 5892 ι
2254 5857 2324 5895 txt
2353 5878 2369 5894 .

2249 5564 2463 5618 Deinde.
2492 5563 2678 5619 Graeca
2707 5567 2816 5625 ed.,
2849 5562 3121 5637 δεύτερον,
3151 5566 3203 5620 id
3228 5576 3313 5623 est
3342 5587 3363 5620 ι
3394 5583 3588 5625 secuu-
3668 5602 3673 5607 ~
