4108 6416
296 420 396 478 889

1370 392 1479 477 os
1512 401 1886 477 Tamiram
1924 418 2124 476 LIBER
2163 418 2486 479 manus.

3435 422 3539 479 890

306 532 571 607 Ἱερεμίας
605 532 683 598 δέ,
719 531 870 604 παρὰ
913 533 1115 589 σκοπὸν
1145 536 1238 587 τοῦ
1268 534 1593 601 ἀνεξικάκου
1626 537 1721 591 καὶ
1756 538 1861 607 ἀμ-

1969 536 2186 592 Domine
2213 535 2325 607 (69.)
2358 552 2371 589 :
2403 550 2507 589 non
2561 549 2776 604 possum
2798 534 2945 591 solus
2972 533 3112 590 ferre
3136 535 3340 606 pondus
3362 513 3567 607 pupuli'

297 625 595 696 νησικάκου
626 622 764 678 Θεοῦ
793 623 1000 676 εἰπών’
1038 642 1057 676 ι
1113 625 1397 698 Νεὼτερός
1438 629 1558 697 εἰμι
1594 625 1724 696 ἐγὼ,
1767 628 1861 680 καὶ

295 715 357 769 οὐ
386 713 625 783 δύναμαι
666 712 1051 783 προφητεύειν,
1083 733 1103 765 ι
1147 714 1367 768 ἀκούειν
1409 734 1427 768 ι
1468 716 1561 788 Μὴ
1586 716 1736 784 λέγε,
1778 717 1861 769 ὅτι

296 802 577 873 Νεώτερός
606 803 723 874 είμι
753 802 884 870 ἐγώ.
923 822 943 855 ι
978 804 1088 857 Καὶ
1117 806 1146 857 6
1179 806 1365 870 Ἰωνᾶς
1387 806 1465 867 δὲ,
1497 807 1646 872 ἴδιον,
1677 807 1772 861 καὶ
1800 808 1860 860 οὐ

299 895 395 949 τοῦ
425 894 563 947 Θεοῦ
610 894 780 948 ποιῶν
819 894 1055 969 θέλημα,
1091 895 1260 968 πλοίῳ
1289 898 1504 963 ἐπιϐὰς,
1548 896 1740 967 φεύγει
1781 900 1863 963 είς

295 989 527 1059 Θαρσεῖς
560 988 625 1039 ἐκ
654 984 946 1057 προσώπου
981 987 1077 1040 τοῦ
1124 989 1405 1060 πανταχοῦ
1438 990 1591 1053 ὄντος
1633 991 1859 1061 Κυρίου.

295 1077 406 1129 Καὶ
453 1074 667 1138 Παῦλος
700 1074 832 1146 περὶ
871 1075 983 1129 τῶν
1016 1076 1332 1130 ἀποστόλων
1363 1078 1636 1142 Γαλάταις
1667 1078 1859 1148 φησίν

301 1186 318 1218 ι
368 1165 510 1219 Ἀλλ’
557 1167 647 1219 ὅτε
683 1165 817 1230 ἴδον,
859 1166 941 1219 ὅτι
997 1168 1098 1221 οὐκ
1149 1167 1536 1239 ὀρθοποδοῦσιν
1584 1170 1721 1241 πρὸς
1765 1170 1864 1240 τὴν

294 1258 550 1329 ἀλήθειαν
572 1255 668 1310 τοῦ
695 1258 1054 1327 Εὐαγγελίου,
1080 1254 1235 1314 εἶπον
1266 1260 1344 1330 τῷ
1364 1261 1532 1331 Κηφᾷ
1554 1259 1866 1332 ἔμπροσθεν

296 1349 515 1403 πάντων
552 1368 571 1400 ι
602 1349 749 1402 τάδε.
786 1349 905 1404 Ἵνα
935 1349 993 1402 δὲ
1029 1350 1525 1423 πληροφορηθῶσιν
1547 1353 1598 1404 oi.
1622 1353 1861 1415 ἄπιστοι,

292 1441 409 1508 εἴγε
446 1438 512 1510 δὴ
537 1440 646 1510 ἄρα
675 1439 768 1493 καὶ
799 1440 1316 1512 πληροφορηοιῖηιν,
1344 1443 1566 1512 ἀνάγκη
1587 1442 1863 1513 μακρῦναι

291 1530 387 1583 τὸν
429 1526 609 1598 λόγον.
653 1529 766 1599 Πρὸ
814 1530 913 1600 τῆς
950 1531 1009 1585 ἐν
1039 1532 1232 1602 κόσμῳ
1278 1533 1581 1604 παρουσίας
1609 1532 1701 1586 τοῦ
1732 1532 1864 1586 Υίοῦ

291 1628 388 1681 τοῦ
414 1627 574 1692 Θεοῦ,
619 1626 896 1695 ἐφάνησαν
932 1626 1314 1697 ψευδόχριστοι
1349 1628 1446 1681 καὶ
1482 1627 1864 1698 ψευδοπροφῆ-

290 1734 407 1784 ται,
438 1718 515 1782 ὡς
559 1717 761 1780 Ἰούδας
785 1718 814 1769 6
838 1716 1146 1781 Γαλιλαῖος,
1174 1717 1359 1782 καθὼς
1392 1718 1607 1788 ἔχουσιν
1634 1719 1690 1771 αἱ
1720 1717 1865 1787 Πρά-

294 1811 408 1875 ξεις
433 1809 543 1863 τῶν
577 1806 916 1874 ἀποστόλων,
941 1808 1274 1872 πλανῶντες,
1298 1808 1393 1861 καὶ
1418 1810 1481 1861 οὐ
1503 1808 1692 1863 τάτοῦ
1726 1806 1863 1861 Θεοῦ

1962 629 2118 699 hujus
2145 646 2159 682 :
2181 628 2319 698 elige
2344 628 2439 682 tibi
2456 626 2641 681 alium.
2679 645 2706 678 λ
2722 627 2786 681 Et
2803 626 2982 682 Aaron
3000 627 3134 698 (63),
3158 642 3221 682 ac
3242 626 3406 681 Maria
3424 643 3537 696 pro-
3562 626 3563 629 “

1962 721 2090 787 μήτε
2112 719 2407 774 voluntatis
2428 719 2665 774 motione
2682 726 2868 773 contra
2894 717 3127 789 Moysem
3160 720 3417 775 audacter
3465 722 3538 774 in.

1962 809 2556 878 surrexerunt,quando
2576 808 3028 878 etMarialeprosa
3044 809 3182 864 facta
3202 811 3316 874 fuit,
3346 821 3399 865 et
3438 810 3539 867 Do-

1964 901 2140 955 minus
2160 901 2443 956 iratusest.
2457 901 2596 967 Quin
2613 901 2771 954 etiam
2787 898 2949 953 David
2964 915 3114 953 suam
3129 901 3331 956 faciens
3353 904 3537 956 volun-

1966 997 2149 1056 tatem,
2175 1000 2230 1043 et
2255 989 2507 1059 populum
2536 1004 2824 1043 numerans
2848 990 3254 1056 reprehenditur
3282 990 3416 1061 (64).
3444 990 3536 1045 Je-

1964 1082 2161 1135 remias
2194 1094 2342 1146 vero,
2368 1097 2487 1134 cum
2520 1089 2714 1148 praeter
2739 1090 2970 1135 mentem
3000 1083 3271 1150 patientis,
3307 1093 3361 1135 et
3391 1083 3534 1151 inju-

1966 1172 2164 1225 riarum
2188 1170 2553 1225 obliviscenlis
2586 1170 2680 1225 Dei
2710 1170 2953 1235 dixisset,
2987 1190 3005 1222 ι
3040 1170 3230 1227 Junior
3264 1172 3379 1244 (65)
3409 1190 3531 1227 sum

1964 1277 2083 1334 ego,
2123 1273 2178 1318 et
2199 1278 2307 1319 non
2345 1278 2562 1333 possum
2597 1264 2920 1333 prophetare
2951 1262 3084 1334 (66),
3119 1284 3138 1317 ι
3170 1267 3381 1321 audiit:
3413 1284 3430 1317 ι
3460 1265 3537 1320 Ne

1965 1357 2113 1409 dicas
2139 1373 2154 1411 :
2176 1352 2366 1409 Junior
2395 1370 2513 1409 sum
2546 1368 2665 1422 ego.
2702 1373 2720 1406 ι
2743 1352 2906 1410 Jonas
2937 1366 3117 1411 autem
3142 1358 3412 1427 propriam
3443 1374 3535 1411 vo-

1965 1443 2224 1498 luntatem
2259 1444 2479 1508 faciens,
2514 1460 2618 1498 non
2654 1443 2768 1509 Dei,
2813 1459 2935 1500 cum
2970 1447 3241 1517 navigium
3278 1463 3536 1502 conscen-

1964 1535 2148 1601 disset,
2170 1534 2336 1603 «fugit
2351 1533 2463 1605 (67)
2482 1534 2532 1588 in
2555 1534 2854 1590 Tharsisex
2877 1534 3009 1589 facie
3029 1533 3117 1590 Dei
3133 1556 3152 1588 ι
3181 1538 3376 1604 ultique
3395 1540 3536 1592 exsi-

1965 1627 2182 1680 stentis.
2214 1623 2280 1678 Et
2305 1623 2506 1679 Paulus
2548 1626 2615 1679 de
2644 1626 2901 1694 apostolis
2956 1625 3178 1695 loquens
3223 1627 3286 1678 ad
3319 1626 3534 1682 Galatas

1965 1718 2081 1772 haec
2105 1717 2363 1787 scripsit:
2414 1734 2433 1769 ι
2472 1717 2579 1772 Sed
2606 1732 2728 1773 cum
2771 1716 2882 1788 (68)
2915 1720 3018 1772 vidi
3073 1718 3212 1788 quod
3249 1734 3355 1772 non
3393 1731 3533 1773 recte

1966 1807 2247 1863 ambulant
2275 1807 2342 1861 ad
2380 1807 2662 1862 veritatem
2718 1807 3013 1877 Evangelii,
3047 1808 3154 1861 dixi
3190 1807 3381 1877 Ceplttn
3422 1808 3534 1880 (69)

296 1903 393 1956 καί
407 1901 502 1954 τοῦ
533 1900 662 1973 [185
687 1900 745 1972 α]
766 1901 931 1971 νόμου
952 1901 1118 1954 αὐτοῦ
1134 1901 1478 1965 διδάσκοντες
1498 1917 1510 1931 ·
1535 1900 1664 1972 περὶ
1679 1893 1754 1955 ὧν
1771 1901 1863 1955 καὶ

1969 1912 2147 1953 coram
2178 1897 2429 1952 omnibus
2465 1916 2483 1947 ι
2520 1898 2655 1953 haec.
2694 1896 2888 1951 Verum
2922 1907 2980 1953 ιιι
3022 1898 3105 1962 iis,
3155 1899 3244 1968 qui
3278 1898 3534 1952 increduli
3634 1927 3639 1933 -

305 1990 569 2063 Ἱεζεκιὴλ
625 1989 997 2062 προφητεύει·
1050 2008 1068 2040 ι
1099 1990 1186 2043 Ζῶ
1244 1990 1386 2058 ἐγὼ,
1440 1990 1590 2058 λέγει
1628 1989 1862 2061 Κύριος⁶

1969 1995 2109 2050 sunt,
2135 1985 2313 2040 omnis
2344 1984 2624 2040 dubitandi
2666 1984 2815 2040 locus
2852 1985 3219 2065 praecludatur
3252 1986 3317 2057 (si
3357 1996 3534 2055 tamen

300 2081 399 2135 ἐπὶ
446 2084 572 2145 τοὺς
616 2079 924 2153 προφήτας,
963 2081 1092 2143 τοὺς
1111 2078 1433 2145 πλανῶντας
1465 2081 1557 2135 τὸν
1573 2080 1703 2136 λαόν
1738 2099 1863 2152 μου,

1969 2079 2013 2134 id
2061 2077 2175 2132 fieri
2204 2078 2423 2149 potest),
2484 2092 2788 2134 sermonem
2836 2079 2888 2133 in
2948 2079 3164 2148 longum
3220 2080 3536 2150 protrahere

290 2173 394 2225 οὐκ
421 2170 718 2226 ἀπέστειλα
744 2169 969 2232 αὐτούς’
1000 2168 1092 2238 ἀφ’
1123 2170 1333 2222 ἑαυτῶν
1355 2170 1645 2241 ἐλάλησαν.
1681 2190 1700 2221 ι

1969 2184 2182 2227 necesse
2210 2179 2315 2226 est.
2357 2171 2664 2240 Antequam
2717 2171 2930 2226 veniret
2975 2160 3321 2224 inmundum
3370 2169 3536 2223 Filius

292 2258 413 2323 Dei,
455 2258 843 2328 pseudochristi
909 2266 965 2311 et
1006 2259 1504 2328 pseudopropheta',
1552 2260 1858 2329 cuiusmodi
1900 2261 2001 2316 fuit
2028 2260 2194 2316 Judas
2222 2259 2491 2327 Galilaeus,
2520 2269 2901 2331 apparuerant,
2929 2261 3070 2315 sicut
3134 2262 3265 2314 Acta
3329 2266 3537 2328 aposto-

291 2353 467 2406 lorum
499 2360 808 2406 testantur:
847 2351 882 2404 ii
915 2365 1040 2405 vero
1075 2350 1392 2422 deceptores
1415 2360 1592 2417 erant,
1646 2369 1748 2408 nec
1795 2369 1861 2409 ea
1929 2353 2212 2419 docebant,
2249 2369 2371 2423 qua:
2429 2346 2555 2407 soni
2630 2352 2723 2407 Dei
2775 2364 2829 2407 et
2882 2353 3014 2422 legis
3065 2351 3251 2421 ipsius.
3312 2352 3383 2404 De
3433 2350 3535 2405 illis

293 2441 578 2511 prophetat
604 2441 765 2496 etiam
801 2438 1095 2494 Ezechiel:
1136 2458 1155 2492 ι
1221 2438 1350 2496 Vivo
1408 2442 1521 2514 (70)
1569 2442 1738 2514 388
1793 2458 1915 2516 ego,
1954 2444 2087 2500 dicit
2145 2443 2457 2498 Dominus:
2516 2443 2579 2496 ad
2636 2445 2925 2513 prophetas
2980 2443 3073 2512 qui
3126 2444 3391 2496 seducunt
3451 2449 3535 2510 po'

293 2533 476 2603 pulum
521 2548 720 2599 meum,
765 2550 871 2590 non
931 2535 1054 2590 misi
1106 2547 1202 2590 eos
1246 2553 1260 2589 :
1304 2550 1333 2587 a
1390 2548 1451 2590 se
1504 2534 1635 2605 ipsis
1699 2535 1865 2591 locuti
1902 2544 2048 2592 sunt.
2090 2555 2109 2587 ›

378 2624 578 2678 Ἐλθὼν
632 2623 810 2678 τοίνυν
862 2627 892 2678 6
940 2620 1194 2696 sine.qu
1251 2624 1527 2696 Χριστὸς,
1584 2624 1857 2697 ὑπενοήθη

2040 2624 2173 2679 Cum
2229 2624 2407 2691 itaque
2430 2623 2670 2678 venisset
2720 2639 2885 2681 verus
2933 2624 3207 2692 Christus,
3257 2639 3537 2696 suspectus

290 2715 515 2778 πλάνος.
555 2717 710 2785 Ἔχει
752 2716 862 2787 γὰρ
903 2714 964 2768 τὸ
1002 2716 1360 2784 Εὑαγγέλιον,
1393 2717 1468 2780 ὡς
1494 2718 1553 2768 ἐν
1590 2719 1656 2787 τῇ
1696 2717 1859 2788 ἑορτῇ

1969 2716 2061 2770 fuit
2085 2716 2238 2786 quasi
2270 2713 2576 2788 seductor;
2610 2722 2845 2768 testatur
2869 2708 3009 2768 enim
3044 2715 3388 2784 Evangeliqu
3421 2725 3537 2769 tur-

288 2807 403 2860 τῶν
445 2806 839 2876 Σκηνοπηγίων
876 2806 1102 2876 ἐζήτουν
1126 2807 1218 2859 τὸν
1256 2805 1464 2875 Ἰησοῦν
1490 2808 1539 2860 oi.
1566 2807 1735 2878 διχλοι,
1771 2806 1861 2861 λέ-

1969 2806 2057 2858 iias
2113 2804 2166 2857 in
2212 2802 2503 2858 festivitate
2553 2801 2667 2874 (7i)
2715 2796 3171 2873 Scenopegiornm
3223 2806 3539 2875 quaesivisse

288 2914 511 2968 γοντεςο
549 2916 567 2949 ι
604 2897 718 2951 Ποῦ
756 2896 940 2962 ἐστιν;
999 2895 1112 2952 Καὶ
1167 2892 1237 2969 ἦν
1270 2898 1401 2968 περὶ
1434 2898 1601 2951 αὑτοῦ
1641 2899 1863 2968 διαφω-

1969 2893 2144 2948 Icsum
2183 2893 2424 2948 dicentes
2461 2910 2475 2946 :
2516 2911 2534 2944 ι
2570 2891 2669 2947 Ubi
2703 2893 2829 2948 est?
2862 2893 2925 2948 Et
2957 2903 3073 2947 erat
3103 2895 3170 2948 de
3199 2895 3313 2963 ipso
3338 2895 3540 2950 discor-

288 2991 408 3044 νίαο
454 2992 503 3042 οἱ
552 2989 649 3061 μὲν
694 2990 913 3057 ἔλεγον·
971 2989 1198 3058 Ἀγαθός
1235 2989 1418 3042 ἐστιν·
1465 2990 1616 3044 ἄλλοι
1641 2990 1861 3060 ἕλε-(ον’

1969 2988 2054 3040 dia
2088 3000 2104 3039 :
2138 2985 2227 3040 alii
2265 2984 2481 3054 quidem
2538 2985 2790 3039 dicebant
2822 3003 2835 3038 :
2875 2985 3055 3039 Bonus
3117 2994 3228 3054 est;
3272 2985 3358 3039 alii
3395 2987 3538 3039 dice-

287 3082 456 3151 Οὐχί·
490 3080 668 3151 πλανᾷ
695 3080 787 3133 τὸν
813 3075 991 3149 ὄχλον.
1025 3099 1043 3131 ι
1070 3080 1181 3133 Καὶ
1205 3081 1366 3134 πάλιν
1392 3080 1443 3134 oi
1470 3082 1745 3153 ἀρχιερεῖς
1775 3080 1859 3135 λέ-

287 3188 451 3242 γουσι
517 3171 597 3242 τῷ
637 3170 889 3242 Πιλάτῳ·
927 3187 944 3220 ι
977 3169 1250 3240 Οἴδαμεν,
1298 3168 1494 3240 Κύριε,
1528 3171 1612 3225 ὅτι
1651 3166 1805 3225 εἶπεν
1835 3174 1863 3225 6

288 3264 493 3326 πλάνος
517 3265 725 3326 ἐκεῖνος
757 3261 837 3315 ἔτι
863 3260 971 3326 ζῶν
993 3277 1007 3291 ο
1037 3261 1194 3316 Μετά
1225 3264 1371 3331 τρεῖς
1397 3261 1607 3332 ἡμέρας
1650 3262 1863 3333 ἐγείροι-

292 3372 418 3424 μαι.
458 3373 477 3405 ι
509 3351 679 3407 Εἶπεν
705 3347 799 3405 οὖν
822 3353 851 3404 6
874 3349 1083 3421 Σωτὴρ,
1112 3351 1242 3419 περὶ
1266 3350 1362 3421 μὲν
1398 3351 1622 3403 ἐκείνων
1655 3348 1825 3414 οὕτως
1847 3367 1861 3381 ·

296 3465 314 3497 ι
360 3446 518 3498 Ὅσοι
543 3439 706 3516 ἦλθον
744 3442 852 3514 πρὸ
880 3441 1038 3512 ἐμοῦ,
1072 3441 1303 3495 κλέπται
1330 3437 1470 3512 ἦσαν
1502 3440 1594 3494 καὶ
1638 3440 1861 3512 λῃσταίο

291 3536 410 3590 ἀλλ’
445 3536 547 3589 οὐκ
589 3537 823 3605 ἣκουσεν
856 3532 1037 3588 αὐτῶν
1065 3532 1135 3587 τά
1163 3533 1434 3603 πρόϐατα.
1465 3532 1547 3585 Τά
1588 3532 1697 3602 ἐμὰ
1734 3532 1864 3602 πρό-

292 3627 438 3679 ϐατα
484 3625 583 3695 τῆς
613 3625 752 3696 ἐμῆς
790 3623 977 3694 φωνῆς
1011 3622 1322 3685 ἀκούουσιν,
1369 3621 1465 3675 καὶ
1488 3620 1744 3691 γνωρίζει
1768 3619 1866 3690 τὴν

295 3718 485 3788 φωνήν
536 3734 659 3789 μου,
704 3715 802 3771 καὶ
834 3714 1120 3770 ἀκολουθεῖ
1160 3729 1286 3785 μοι’
1324 3733 1342 3765 ι
1386 3713 1516 3784 περὶ
1551 3712 1608 3765 δὲ
1636 3710 1862 3765 ἑαυτοῦο

297 3830 315 3862 ι
369 3807 509 3879 Ἐγὼ
547 3810 643 3863 ἀπ’
686 3805 929 3879 ἐμαυτοῦ
970 3805 1033 3860 οὐ
1079 3804 1256 3859 λαλῶο
1311 3825 1330 3858 ι
1372 3804 1448 3869 ὡς
1478 3806 1677 3858 ἐκεῖνοι
1706 3802 1865 3874 δῆλον

289 3902 400 3954 ὅτι.
444 3898 716 3971 Προειδὼς
754 3897 812 3950 δέ
840 3897 937 3951 καὶ
968 3896 1038 3950 τὰ
1068 3895 1352 3968 μέλλοντα,
1383 3894 1458 3959 ὡς
1486 3893 1640 3962 Θεὸς,
1670 3894 1763 3947 κα).
1784 3894 1866 3948 ὅτι

294 3992 439 4065 μετά
484 3991 583 4063 τὴν
629 3992 687 4045 ἐν
732 3990 983 4062 οὐρανοῖς
1023 3988 1209 4044 ἀνοδον
1252 3987 1452 4053 αὑτοῦ,
1493 3987 1587 4041 καὶ
1630 3986 1730 4058 τὴν
1771 3985 1865 4040 τοῦ

295 4084 458 4153 ἁγίου
485 4082 808 4152 Πνεύματος
843 4080 1161 4151 ἐπιδημίαν,
1199 4079 1416 4133 ἔσονται
1456 4079 1618 4133 πάλιν
1655 4078 1864 4143 πλάνοι,

292 4174 373 4237 ὡς
407 4172 611 4242 Σίμων,
653 4171 728 4234 ὡς
764 4169 1067 4233 Μοντανὸς,
1105 4168 1181 4233 ὡς
1222 4170 1542 4239 ἣῖῐανιχαῖος,
1585 4185 1871 4239 προησφα-

292 4266 487 4319 λίσατο
539 4261 748 4317 εἰπών’
804 4280 822 4313 ι
880 4260 1047 4315 Ὅταν
1103 4259 1233 4331 ἔλθῃ
1285 4261 1314 4312 6
1366 4258 1756 4330 Παράκλητος,
1808 4258 1870 4312 τὸ

1971 3079 2100 3132 bant
2131 3095 2144 3132 :
2182 3075 2332 3143 Non;
2394 3076 2603 3132 seducit
2636 3077 2902 3131 turbam.»
2957 3076 3022 3130 Et
3056 3092 3242 3131 rursus
3272 3077 3542 3145 principes

1971 3156 2314 3224 sacerdotum
2367 3167 2519 3222 aiunt
2572 3166 2743 3221 Pilato
2786 3181 2802 3220 :
2840 3185 2857 3218 ι
2888 3165 3120 3232 Scimus,
3150 3168 3364 3222 domine
3405 3167 3538 3236 (7:2),

1972 3262 2116 3330 quod
2142 3259 2283 3315 dixit
2330 3261 2585 3316 seductor
2615 3259 2705 3314 ille
2756 3260 2930 3314 adhuc
2991 3261 3219 3314 vivens:
3258 3258 3382 3312 Post
3434 3270 3543 3314 tres

1972 3350 2086 3403 dies
2116 3362 2361 3418 resurgo.
2399 3365 2419 3399 ι
2461 3348 2536 3402 De
2569 3348 2675 3403 illis
2714 3348 2828 3422 (7'5)
2863 3364 2992 3419 ergo
3023 3348 3273 3403 Salvator
3306 3347 3420 3404 hare
3465 3352 3544 3403 di-

1971 3438 2090 3492 xit:
2132 3455 2151 3488 ι
2201 3437 2519 3506 Quicunque
2573 3438 2684 3510 (74)
2733 3449 2999 3494 venerunt
3056 3448 3181 3494 ante
3229 3454 3333 3505 me,
3395 3440 3544 3496 fures

1971 3537 2125 3581 erant
2154 3528 2267 3597 (75)
2312 3538 2367 3582 et
2409 3528 2643 3584 latrones
2677 3550 2688 3584 :
2725 3534 2818 3584 sed
2847 3544 2955 3584 non
2987 3530 3272 3584 audierunt
3305 3529 3417 3600 (7C)
3454 3546 3546 3584 eos

1971 3633 2118 3674 oves.
2150 3619 2294 3674 Oves
2330 3633 2464 3673 mete
2492 3618 2605 3689 (77)
2642 3635 2818 3674 meam
2853 3636 3040 3675 vocem
3083 3621 3326 3686 audiunt,
3358 3629 3412 3675 et
3456 3636 3546 3675 co-

1972 3719 2239 3779 gnoscunt
2268 3724 2453 3764 vocem
2502 3724 2699 3778 meam,
2731 3721 2787 3765 et
2828 3720 3126 3781 sequuntur
3161 3727 3266 3767 me.
3304 3730 3322 3763 ι
3362 3713 3437 3765 De
3489 3727 3547 3765 se

1974 3802 2090 3871 ipso
2130 3811 2310 3855 autem
2359 3802 2481 3857 ait:
2524 3818 2543 3852 ι
2587 3801 2696 3871 Ego
2733 3816 2764 3856 ιι
2825 3817 2909 3857 me
2969 3803 3085 3873 ipso
3131 3801 3243 3873 (78)
3305 3817 3408 3856 non
3474 3803 3546 3855 lu-

1972 3911 2155 3966 quor:
2198 3914 2216 3950 ι
2268 3910 2464 3965 nempe
2520 3914 2533 3951 :
2591 3896 2732 3951 sicut
2782 3897 2855 3951 illi
2914 3897 3204 3953 faciebant.
3255 3897 3388 3954 Cum
3422 3912 3546 3969 vero

1973 3989 2151 4057 etiam,
2183 3986 2362 4043 futura
2396 3988 2679 4059 praseiret
2727 3998 2785 4043 ut
2817 3989 2975 4054 Deus,
3026 3998 3078 4044 et
3137 3998 3259 4058 post
3303 4005 3455 4045 suam
3493 3991 3544 4043 in

1973 4077 2170 4134 malum
2210 4078 2608 4142 ascensionem,
2640 4077 2922 4148 sanctique
2970 4077 3205 4147 Spiritus
3258 4080 3544 4133 adventum

1976 4184 2167 4224 rursus
2202 4170 2317 4225 fore
2366 4178 2554 4224 neaset
2584 4169 2920 4231 seductores,
2971 4181 3026 4223 ιιι
3061 4169 3266 4234 Simon,
3310 4180 3366 4224 ιιι
3408 4169 3543 4223 Mon-
3568 4160 3581 4169 ’

1980 4270 2160 4327 Ianus,
2193 4270 2250 4316 ut
2283 4261 2608 4316 Manichacus
2663 4262 2900 4328 fuerunt,
2943 4278 3040 4316 nos
3088 4262 3428 4331 pra-munivit
3473 4263 3541 4314 in.

368 4373 772 4446 (62)7Obse§ro,
800 4368 1039 4446 Domine.
1065 4371 1141 4427 Ex
1164 4371 1369 4446 duobus
1396 4371 1698 4446 Scriptum
1717 4370 1862 4446 locis
1897 4379 1942 4434 D
1968 4374 2096 4446 dicit
2130 4374 2385 4429 Dominus
2412 4389 2592 4446 _super
2634 4358 2922 4443 prOpltetas
2966 4375 3056 4444 qni
3085 4375 3343 4429 seducunt
3375 4390 3544 4439 popu-

291 4440 635 4500 unum'facit.
660 4443 868 4497 Primus
891 4443 1037 4497 locus
1065 4451 1240 4497 exstat
1261 4441 1431 4495 Exod.
1458 4455 1532 4504 Iv,
1558 4440 1642 4503 15,
1678 4440 1766 4493 ubi
1798 4442 1865 4495 le-

294 4517 443 4584 gitur
461 4532 475 4567 :
487 4513 712 4585 βέομαι,
730 4512 922 4585 Κύριε,
943 4512 1287 4585 προχειρισαι
1303 4511 1459 4585 ἄλλον
1475 4510 1792 4585 δυνάμενον,
1813 4511 1863 4564 id

294 4579 403 4648 cst,
426 4602 443 4634 ι
473 4579 729 4647 Obsecro,
755 4579 998 4646 Domine,
1016 4579 1154 4651 elige
1168 4581 1329 4635 alium
1346 4582 1436 4650 qui
1460 4579 1690 4651 possit.)
1714 4579 1863 4651 Alter

293 4669 429 4709 vero
452 4663 628 4708 exstat
654 4653 707 4707 in
731 4651 980 4707 Numeris
1009 4648 1128 4717 cati.
1157 4668 1209 4704 xu
1240 4648 1382 4705 vers.
1406 4650 1472 4704 Η
1500 4667 1511 4701 :
1544 4649 1618 4703 Οὐ
1641 4648 1865 4718 δυνήσο-

298 4741 402 4795 μαι
427 4722 537 4792 ἐγὼ
572 4723 731 4795 μόνος
769 4723 956 4846 φέΙρειν
979 4722 1069 4775 τὸν
1098 4720 1224 4774 λαὸν
1247 4720 1455 4787 τοῦτον,
1500 4719 1551 4773 id
1581 4730 1665 4775 est
1708 4738 1725 4770 ι
1755 4734 1861 4773 non

298 4805 486 4846 potero
520 4808 617 4846 eeo
650 4793 794 4846 solus
850 4807 970 4846 erre
1001 4793 1143 4845 hunc
1175 4791 1450 4846 DODttitlttt.
1487 4806 1505 4839 ι

296 4791 486 4864 potero
520 4791 617 4862 ego
650 4791 794 4864 solus
830 4791 973 4864 l'err_e_
1001 4793 1143 4845 hunc
1175 4791 1450 4864 populum.
1487 4806 1505 4864 ε

372 4863 485 4935 (6ᾆ)
524 4855 720 4935 aferen.
761 4862 901 4935 Lege
932 4855 1277 4935 Numer._'xlt',
1311 4860 1359 4924 Ι,
1391 4858 1444 4924 9,
1482 4855 1567 4935 1οτ

524 4927 954 5003 ῌερτειιειιάὶῖιιν.
985 4929 1112 5003 Lib.
1135 4929 1338 5003 ll_Reg.
1373 4943 1522 4993 xuv,
1561 4927 1642 4982 12.

373 4998 482 5067 (63)
521 4998 733 5055 Iunior.
773 5001 970 5057 Jerem.
1008 5015 1048 5062 ι,
1081 4998 1135 5064 6,
1173 4999 1224 5054 7.

372 5071 487 5140 (66)
530 5071 595 5124 Et
647 5086 750 5124 non
791 5086 1001 5140 possum
1037 5070 1364 5140 prophetare.
1415 5067 1860 5140 Sensnm‘citat;

302 5136 429 5198 nam
458 5141 625 5195 Biblia
664 5143 743 5195 sic
773 5136 969 5194 habent
997 5158 1008 5192 :
1038 5136 1187 5192 Ἰδοὺ
1221 5139 1322 5192 οὐκ
1342 5139 1641 5209 ἐπίσταμαι
1664 5136 1865 5200 λαλεῖν,

302 5211 353 5264 id
392 5219 490 5273 est,
529 5229 548 5262 ι
586 5208 723 5265 Ecce
747 5212 933 5278 nescio
967 5210 1133 5278 loqui.
1172 5227 1192 5260 ι

372 5281 483 5350 (67)
516 5278 697 5350 Fugit.
731 5276 898 5350 Joan.
925 5296 962 5343 ι,
994 5276 1048 5335 5.

379 5344 489 5421 (68)
538 5344 641 5421 Sed
669 5366 795 5421 cuni
815 5388 830 5402 .
866 5349 1063 5421 Galat.“
1084 5362 1147 5421 tt,
1176 5344 1266 5421 16.

376 5415 488 5491 (69)
525 5419 955 5491 ςερήιιξηϐιοεολ
981 5417 1189 5491 editio:
1227 5415 1453 5491 Πέτρῳ,
1490 5416 1541 5471 id
1593 5425 1684 5491 est
1709 5434 1728 5467 ι
1770 5415 1870 5469 Pe-

310 5499 409 5543 tro.
444 5488 479 5542 ι’
513 5490 616 5543 Sed
669 5488 928 5559 Vulgatus
981 5488 1427 5559 interpreslegit
1466 5496 1536 5559 ut
1593 5488 1867 5559 Didymus,

308 5561 462 5625 cujus
490 5555 795 5615 lcctioneuf
808 5559 1026 5612 exhibet
1052 5557 1215 5611 etiam
1244 5559 1410 5611 codex
1451 5555 1863 5609 Alexamtrinus.

379 5627 492 5701 (70)
540 5627 680 5682 Vico.
714 5627 1120 5701 Sensinircitai,
1148 5640 1211 5701 ac
1241 5626 1465 5701 duorum
1494 5627 1868 5701 prophetaxuut

312 5693 426 5753 loca
462 5693 604 5753 inter
640 5712 699 5753 se
731 5696 1032 5751 confundit.
1075 5694 1275 5761 Nempe
1304 5695 1354 5746 in
1386 5693 1604 5747 Michzea
1633 5710 1753 5763 cap.
1787 5708 1869 5752 ιιι,

312 5781 452 5822 vers.
489 5768 537 5827 ς.
568 5769 765 5835 legitur
798 5786 810 5820 :
846 5765 984 5819 Τάδε
1013 5766 1159 5836 λέγει
1187 5764 1389 5836 Κύριος
1441 5765 1531 5818 ἐπὶ
1563 5765 1683 5825 τοὺς
1744 5780 1846 5836 προ

320 5837 488 5909 φήτας
523 5832 646 5902 τοὺς
690 5836 1005 5895 πλανῶντας
1035 5832 1123 5885 the
1153 5832 1291 5888 λαόν
1308 5852 1431 5903 μου,
1466 5837 1512 5888 id
1544 5845 1645 5899 est,
1695 5852 1711 5883 ι
1751 5832 1873 5886 [Lee

1974 4443 2082 4497 lum
2120 4459 2318 4497 meum.
2357 4462 2377 4496 ι
2412 4442 2467 4495 lu
2498 4442 2784 4499 Ezechiele
2812 4442 2994 4498 autem
3020 4460 3140 4512 cap.
3173 4460 3293 4509 xm,
3327 4446 3503 4499 vers.6
3532 4463 3544 4496 :

1987 4512 2128 4584 Ἐγὼ
2159 4514 2259 4566 οὐκ
2283 4514 2602 4568 ἀπέσταλκα
2631 4514 2847 4577 αὐτούς,
2894 4517 2944 4567 id
2978 4527 3058 4567 est
3089 4533 3107 4565 ι
3148 4530 3247 4584 ego
3284 4531 3389 4567 non
3423 4514 3544 4584 misi

1973 4581 2111 4636 illos.
2136 4601 2173 4655 ι
2198 4585 2262 4655 Idl
2290 4599 2457 4655 vers.
2492 4584 2735 4655 sequenti
2769 4603 2782 4638 :
2831 4584 2939 4655 Καὶ
2968 4581 3226 4655 ἐλέγετε,
3254 4585 3395 4655 Φησὶ
3428 4582 3545 4655 Κύ-

1972 4668 2103 4722 ριος·
2135 4654 2245 4706 Καὶ
2284 4650 2396 4720 ἐγὼ
2411 4654 2511 4706 οὐκ
2555 4650 2815 4723 ἐλάλησα.
2853 4654 2903 4707 id
2933 4666 3054 4723 est:
3090 4673 3108 4704 ι
3148 4654 3211 4707 Ει
3239 4650 3498 4708 dicebatis
3528 4670 3543 4707 :

1964 4723 2054 4775 Ait
2092 4723 2391 4776 Dominus:
2421 4734 2476 4776 et.
2513 4739 2613 4791 ego
2648 4722 2860 4778 loeutus
2891 4738 2996 4776 non
3034 4722 3131 4776 fni.
3170 4743 3188 4774 ι

2037 4792 2238 4874 (7|)!u
2282 4792 2581 4860 festivitate.
2606 4792 2782 4874 _.loatt.
2817 4807 2928 4859 'Vll,
2957 4793 3044 4855 Η,
3078 4793 3159 4849 12.
3180 4793 3390 4849 Citalur
3417 4806 3545 4848 sen-

1967 4875 2060 4916 sus
2088 4865 2284 4928 potius,
2319 4876 2480 4930 quam
2508 4864 2692 4918 verba.

2039 4930 2163 5011 (7i)
2185 4930 2421 5011 Scimus,
2443 4931 2682 5011 Domine.
2712 4930 2901 5011 Matth:
2929 4947 3102 5011 ξχνιι,
3248 4931 3371 4994 Pro,
3400 4931 3522 5009 ὀῖδα

1971 5000 2097 5083 μεν..
2125 5000 2310 5056 erea
2339 5001 2505 5055 editio
2528 5002 2691 5055 habet
2719 5019 2733 5055 :
2763 5000 3141 5072 ἐμνήσθημεν,
3173 5003 3222 5055 id
3250 5011 3353 5065 est,
3385 5000 3405 5053 ι
3438 5018 3515 5055 me

1970 5086 2244 5124 tntntmus.
2289 5090 2308 5122 ι

2039 5139 2153 5208 (73)
2186 5140 2263 5194 De
2296 5142 2425 5195 illis.
2473 5139 2725 5195 Clemens
2755 5155 2969 5208 quoque
3002 5140 3054 5192 iu
3106 5141 3282 5208 primo
3324 5139 3487 5195 Siron

1970 5224 2090 5278 pag.
2118 5209 2244 5274 568,
2275 5211 2341 5265 :le
2364 5211 2839 5280 pseudoprophetis
2862 5210 3107 5279 intelligit
3132 5211 3337 5264 Domini
3365 5219 3469 5265 veri

1975 5281 2336 5350 qumallegat
2379 5280 2654 5350 Didymus.
2768 5319 2780 5329 .

2040 5349 2150 5419 (74)
2196 5348 2525 5419 Quicunque.
2565 5348 2722 5403 Juan.
2762 5366 2817 5414 κ,
2852 5349 2905 5403 8.

2042 5416 2154 5489 (75)
2205 5420 2394 5472 Erant.
2425 5417 2611 5489 Graeca
2644 5421 2829 5481 editio,
2862 5417 2989 5483 εἰσί,
3020 5416 3069 5470 id
3098 5426 3196 5489 est,
3224 5437 3242 5468 ι
3273 5432 3417 5472 sunt.

1972 5558 2004 5628 ἦ
2042 5488 2156 5559 (76)
2195 5489 2506 5591 Audierant.
2543 5488 2708 5542 Biblia
2743 5491 2928 5543 eodem
2957 5504 3141 5549 sensu,
3173 5488 3449 5558 ἦκουσανο

2011 5576 2221 5612 κουσεν.

2011 5576 2221 5612 κουσεν.
2353 5565 2386 5591 '

2045 5629 2158 5699 (77)
2194 5628 2326 5684 Ores
2355 5645 2498 5685 nam.
2539 5627 2688 5682 Joan.
2726 5641 2779 5690 κ,
2816 5626 2904 5680 27.
2940 5626 3146 5681 Sensus
3180 5636 3357 5681 tamen
3394 5628 3469 5688 ε’,

1985 5707 2091 5761 ιιιι·,
2130 5715 2232 5753 non
2261 5701 2444 5755 verba.

2018 5770 2154 5839 ’(78)
2212 5769 2319 5836 I‘fgo
2366 5788 2396 5822 ιι
2434 5786 2511 5822 mc
2551 5770 2680 5838 ipso.
2733 5768 2886 5821 Joatt.
2932 5784 3039 5833 Xtv,
3079 5766 3165 5822 10.
