4112 6444
533 416 632 476 891

1768 419 2003 476 ὒιΒΥΜΙ
2045 421 2517 479 ALEXANDRINI

3680 421 3801 480 Ἐπθὲ

535 535 754 604 quiens:
777 554 795 587 ι
817 536 951 592 Cum
969 545 1149 593 autem
1165 536 1276 609 (79)
1291 536 1498 592 venerit
1517 535 1850 599 Paracletus.
1879 533 2113 604 Spiritus

2222 536 2443 608 Πνεῦμα
2479 538 2580 609 τῆς
2619 536 2910 607 ἀληθείας,
2953 539 2983 591 δ
3024 538 3175 610 παρὰ
3221 537 3317 592 τοῦ
3363 535 3579 608 Πατρός
3629 538 3808 592 iam.

539 627 803 694 veritatis,
839 630 931 699 qui
965 645 996 684 a
1034 629 1204 686 Patre
1244 631 1508 701 procedit,
1546 630 1634 685 ille
1695 631 1846 684 vobis
1900 631 1953 684 in
2005 645 2110 683 nte-

540 721 765 773 tnoriam
810 723 1090 777 revocabit
1121 722 1287 778 verba
1326 737 1469 787 mea,
1508 729 1564 777 et
1616 721 1843 778 deducet
1895 737 1991 777 vos
2042 722 2106 775 ad

537 825 753 866 omnem
787 812 1070 868 veritatem
1099 836 1113 869 ;
1149 830 1178 869 a
1208 814 1499 884 semetipso
1528 828 1632 868 non
1691 813 1958 882 loquetur.
1994 832 2013 865 ι
2056 813 2107 867 Ι.Ι

539 911 667 958 est:
711 903 936 973 Spiritui
989 915 1179 960 sancto
1220 907 1377 960 ﬁdem
1417 920 1484 959 ne
1536 904 1831 975 denegetis,
1881 905 1969 973 qui
2024 919 2112 959 ea-

542 995 663 1049 dem
701 994 851 1061 dicit,
905 1005 958 1050 et
992 997 1151 1050 docet
1194 1011 1313 1065 quae
1343 1010 1444 1065 ego
1481 1013 1495 1049 :
1536 1011 1635 1050 nec
1675 996 1819 1049 enim
1857 1004 1939 1050 est
1988 985 2115 1051 alte.

546 1089 663 1140 rius
692 1086 986 1142 voluntatis
1031 1086 1166 1157 (80),
1203 1102 1304 1143 nec
1332 1088 1554 1143 alterius
1582 1088 1832 1143 essentia:
1865 1107 1881 1143 :
1922 1088 1987 1143 iis
2014 1102 2111 1141 au-

544 1186 651 1229 tem
681 1176 771 1244 qui
805 1175 1064 1246 Spiritum
1098 1188 1344 1232 sanctum
1370 1193 1430 1234 se
1452 1177 1654 1233 habere
1681 1178 1849 1243 aiunt,
1884 1179 1978 1233 sed
2007 1194 2112 1234 non

547 1265 843 1334 loquuntur
875 1281 995 1335 qua:
1034 1282 1149 1321 mea
1201 1275 1345 1333 sunt,
1383 1278 1435 1322 et
1468 1268 1873 1337 prepltetarum,
1909 1283 1975 1322 ne
2004 1284 2117 1323 cre-

545 1354 708 1409 datis.
762 1355 1113 1427 bianicltmum
1166 1372 1293 1410 vero
1325 1370 1391 1409 ne
1452 1357 1713 1422 toleretis,
1766 1359 1909 1426 quod
1951 1355 2115 1412 Vetus

552 1445 956 1501 Testamentum
1000 1462 1103 1501 non
1133 1448 1404 1513 admittat,
1430 1449 1523 1503 sed
1556 1434 1959 1504 iultttmauitatis
1989 1464 2116 1503 con-

547 1537 761 1590 demnet
794 1538 988 1591 bontttn
1017 1536 1258 1603 Patrem,
1297 1539 1388 1608 qui
1427 1554 1636 1592 mecum
1673 1538 1929 1607 loquitur,
1962 1555 2026 1593 ac
2051 1553 2115 1592 ea

549 1627 698 1692 facit,
735 1634 856 1695 qua;
895 1628 1063 1696 ipsius
1102 1643 1227 1699 erga
1276 1630 1526 1685 homines
1581 1630 1966 1699 benignitatem
2016 1631 2103 1686 de-

545 1720 772 1774 clarant.
815 1721 896 1774 Ad
952 1721 1067 1775 haec
1100 1740 1115 1775 :
1151 1735 1273 1775 cum
1305 1720 1540 1776 Verbum
1587 1721 1679 1775 Dei
1732 1721 1785 1775 in
1846 1722 1960 1791 ipso
2009 1720 2118 1774 Deo

546 1812 845 1867 subsistens
875 1811 944 1866 sit
974 1810 1162 1879 Filius,
1203 1826 1436 1883 cumque
1464 1821 1520 1867 et
1545 1812 1661 1879 ipse
1711 1812 1782 1866 sit
1832 1813 1884 1865 in
1930 1810 2113 1875 Patre,

545 1910 600 1956 et
633 1900 844 1957 Patrem
880 1901 1079 1957 habeat
1117 1905 1170 1957 in
1209 1902 1522 1970 semetipso,
1564 1902 1759 1957 merito
1786 1903 1983 1957 dicitur
2012 1918 2113 1956 non
2150 1888 2188 1942 Β

550 1991 693 2058 loqui
729 2006 758 2044 a
806 2005 866 2045 se
897 1991 1036 2058 ipso,
1071 1990 1187 2054 sed,
1227 1999 1285 2043 ut
1315 1999 1474 2044 antea
1512 1989 1770 2057 scriptum
1818 1997 1920 2049 est,
1948 2002 2009 2041 ea
2043 1987 2121 2040 Io-

549 2082 736 2148 quitur
763 2083 896 2148 qua!
917 2089 1045 2134 sunt
1076 2081 1193 2145 Dei,
1218 2080 1419 2151 quippe
1449 2078 1538 2148 qui
1580 2080 1721 2134 Deus
1759 2087 1841 2133 est
1874 2077 2118 2132 iuetl‘abi-

548 2173 616 2227 lis
652 2172 996 2228 inell'abiliter
1032 2174 1223 2227 videns
1253 2172 1578 2226 voluntatem
1608 2169 1774 2241 389
1800 2170 1995 2226 Patris.
2023 2171 2124 2225 At-

552 2281 658 2335 que
691 2265 743 2319 id
771 2265 944 2335 ipsum
976 2264 1229 2319 similiter
1257 2264 1324 2319 de
1354 2262 1555 2333 Spiritu
1598 2274 1788 2318 sancto
1835 2262 2120 2317 dicendum

553 2366 655 2421 est,
687 2355 886 2425 quippe
916 2355 1007 2425 qui
1043 2364 1128 2409 est
1161 2355 1372 2408 divinus
1398 2353 1655 2423 Spiritus.
1694 2353 1797 2407 Sed
1831 2354 1932 2405 alia
1959 2353 2121 2407 etiam

552 2447 842 2515 cxpliczttio
875 2446 1055 2501 aﬂerri
1111 2452 1310 2514 potest.
1363 2444 1497 2499 Cum
1530 2443 1765 2499 Verbum
1813 2442 1992 2497 Patris
2027 2442 2119 2504 ait,

561 2557 579 2589 ι
619 2538 855 2607 Spiritus
889 2537 1000 2609 (81)
1031 2552 1059 2590 a
1089 2552 1149 2590 se
1172 2537 1288 2604 ipso
1312 2550 1414 2589 non
1460 2532 1733 2603 loquetur,
1767 2536 1861 2589 sed
1892 2535 1959 2589 de
2005 2548 2126 2588 meo

557 2631 810 2700 accipiet,
840 2646 859 2680 ι
896 2628 1057 2682 unius
1091 2628 1364 2690 essentize,
1389 2627 1657 2695 uniusque
1675 2625 1972 2681 voluntatis
2002 2626 2123 2678 vin-

555 2721 735 2775 culum
768 2720 823 2774 in
860 2719 1132 2774 Triuitate
1159 2700 1483 2773 ostenditur.
1528 2717 1662 2772 Cum
1700 2731 1828 2772 vero
1876 2718 1990 2788 ipse
2019 2732 2125 2771 non

556 2814 773 2876 dixerit,
820 2830 839 2864 ι
873 2811 1231 2881 Asemetipso
1275 2825 1382 2865 non
1424 2806 1681 2879 loquitur,
1721 2827 1740 2860 ι
1789 2809 1906 2872 sed,
1946 2827 1965 2860 ι
2020 2823 2125 2863 non

559 2904 828 2974 ioquetur,
854 2920 873 2954 ι
933 2910 1178 2970 apparet,
1209 2900 1372 2953 verba
1418 2898 1530 2964 illa,
1588 2916 1606 2948 ι
1647 2913 1752 2949 non
1798 2897 2067 2965 loquetur,
2103 2914 2122 2948 ι

557 2994 623 3044 a-l
657 2999 865 3045 certum
897 2990 1165 3059 quoddam
1229 2996 1441 3055 tempus
1485 3001 1548 3040 ac
1590 3001 1703 3039 rem
1740 3001 1859 3040 esse
1888 2985 2130 3039 referen-

562 3084 647 3136 da.
685 3077 1128 3146 Quandoquidem
1179 3062 1498 3130 detrectanti
1539 3075 1729 3146 Moysi,
1770 3085 1827 3128 ut
1869 3085 2023 3128 antea
2053 3076 2135 3129 di-

560 3182 705 3224 ctum
739 3178 843 3234 est,
877 3168 955 3222 ait
1003 3167 1145 3222 Deus
1178 3185 1191 3222 :
1231 3184 1249 3218 ι
1287 3167 1436 3235 Elige
1492 3165 1604 3237 (82)
1661 3167 1997 3236 septuaginta
2042 3170 2130 3221 se-

564 3261 770 3325 niores,
803 3268 859 3315 et
897 3258 1162 3329 accipiam
1218 3259 1285 3314 de
1319 3256 1548 3327 Spiritu,
1590 3257 1682 3328 qui
1728 3267 1813 3312 est
1866 3258 1919 3312 in
1955 3268 2026 3323 te,
2075 3270 2129 3313 et
2157 3239 2199 3299 (ἶ

563 3351 701 3406 dabo
732 3365 894 3420 super
925 3350 1065 3405 illos.
1106 3370 1126 3402 ι
1173 3349 1429 3403 Attamen
1468 3364 1573 3403 non
1642 3358 1893 3418 tanquam
1924 3351 2136 3421 indigus

565 3445 771 3512 accepit
792 3442 934 3498 Deus
963 3444 1027 3497 de
1055 3440 1283 3511 Spiritu,
1311 3440 1400 3511 qui
1438 3449 1558 3495 erat
1594 3440 1647 3494 in
1683 3440 1885 3512 Moyse.
1937 3440 2136 3512 Unige—

564 3524 732 3589 tiitum
762 3549 947 3604 porro,
979 3549 1044 3588 ac
1075 3533 1338 3603 Spiritum
1390 3531 1511 3597 Dei,
1545 3536 1798 3602 tanquam
1848 3547 1994 3597 cum,
2041 3532 2132 3600 qui

565 3625 781 3694 propria
818 3625 1143 3679 auctoritate
1169 3623 1425 3693 prmditus
1459 3623 1552 3688 sit,
1585 3633 1640 3677 et
1670 3633 1922 3692 tanquam
1958 3621 2136 3676 Domi-

566 3729 714 3778 num,
740 3713 951 3781 operari
992 3722 1047 3768 et
1076 3711 1248 3782 loqui,
1298 3711 1424 3765 alibi
1478 3727 1669 3767 rursus
1711 3702 1941 3767 testatur
1984 3710 2133 3766 Scri-

566 3816 720 3871 ptura
756 3804 807 3857 in
838 3803 984 3858 lntne
1038 3804 1251 3859 modum
1285 3819 1299 3856 :
1356 3801 1435 3856 De
1478 3802 1612 3858 Filio
1653 3803 1894 3871 quidem,
1951 3818 2136 3858 exem-

2198 628 2447 709 ‘peds‘rat,
2472 630 2680 693 ἐκεῖνος
2701 629 2846 699 ὑμᾶς
2867 630 3171 701 ἀναμνήσει
3195 629 3265 682 τὰ
3291 629 3514 700 ῥήματά
3541 646 3666 701 μου.
3690 632 3801 684 καὶ

2210 718 2463 789 ὁδηγήσει
2484 718 2629 789 ὑμᾶς
2654 717 2792 789 πρὸς
2818 719 2997 771 πᾶσαν
3019 718 3118 788 τὴν
3145 716 3406 789 ἀλήθειαν
3426 736 3440 749 ·
3467 718 3564 787 ἀφ’
3588 715 3800 772 ἑαυτοῦ

2210 809 2271 862 οὐ
2313 808 2573 879 λαλήσει·
2628 828 2646 860 ι
2694 809 2815 861 ἀντὶ
2867 807 2997 871 τοῦ,
3046 807 3137 879 Τῷ
3189 808 3331 879 ἁγίῳ
3375 809 3656 880 Πνεύματι
3710 809 3801 883 μὴ

2211 901 2574 971 ἀπιστήσητε,
2614 899 2683 953 τά
2720 899 2863 953 αὐτὰ
2901 898 3114 968 λέγοντι
3144 899 3240 953 καὶ
3284 899 3611 964 διδάσκοντι,
3641 899 3800 971 άπερ

2213 990 2326 1058 ἐγώ
2351 1007 2362 1020 ·
2393 990 2467 1043 Οὐ
2512 989 2625 1061 γὰρ
2672 988 3045 1060 ἐτερόϐουλον,
3095 990 3205 1043 οὐδ’
3256 991 3626 1061 ἐτερσούσιον·
3671 994 3801 1055 τοῖς

2213 1081 2270 1133 δὲ
2310 1078 2537 1152 Πνεῦμα
2586 1081 2741 1149 ἅγιον
2787 1081 3040 1149 λέγουσιν
3094 1079 3264 1150 ἔχειν,
3316 1083 3409 1135 καὶ
3447 1082 3522 1153 μὴ
3564 1081 3694 1154 [185
3731 1080 3806 1156 b}

2212 1169 2436 1224 λαλοῦσι
2494 1170 2566 1224 τὰ
2604 1172 2717 1242 ἐμὰ
2788 1173 2881 1225 καὶ
2926 1172 2997 1225 τὰ
3039 1171 3149 1225 τῶν
3201 1172 3519 1245 προφητῶν,
3574 1172 3649 1245 μὴ
3698 1190 3799 1227 πι-

2218 1263 2508 1336 στεύσητε·
2559 1266 2632 1337 μή
2693 1281 2754 1318 τε
2802 1267 2910 1336 μὴν
2966 1265 3280 1335 ἀνάσχησθε
3332 1265 3660 1336 Μανιχαίου.
3711 1266 3794 1338 μὴ

2216 1357 2577 1427 προσιεμένου
2613 1356 2714 1427 τὴν
2738 1356 2981 1412 Παλαιὰν
3008 1356 3309 1428 Διαθήκην,
3334 1356 3448 1410 ἀλλ’
3491 1357 3799 1430 ἀπανθρω-

2216 1444 2347 1498 πίαν
2374 1444 2894 1516 καταψηφιζομένου
2926 1446 3022 1500 τοῦ
3061 1444 3273 1516 ἀγαθοῦ
3298 1447 3534 1517 Πατρδς,
3563 1447 3659 1500 τοῦ
3691 1449 3794 1501 σὺν

2217 1536 2344 1605 ἐμοὶ
2369 1535 2656 1599 λαλοῦντος
2694 1536 2791 1589 καὶ
2826 1536 3110 1603 ποιοῦντος
3132 1538 3202 1591 τὰ
3233 1536 3612 1610 φιλάνθρωπα.
3643 1537 3795 1610 Πρὸς
3908 1560 3915 1565 ’

2216 1625 2446 1690 τούτοις,
2494 1626 2665 1695 Λόγος
2708 1626 2783 1680 ὢν
2819 1627 2916 1681 τοῦ
2962 1628 3098 1682 Θεοῦ
3153 1629 3518 1693 ὲνυπόστατος
3565 1630 3595 1683 δ
3638 1629 3790 1695 Υἱὸς,

2217 1718 2313 1771 καὶ
2333 1718 2407 1771 ὢν
2432 1721 2488 1772 ἐν
2519 1717 2596 1789 τῷ
2624 1719 2819 1789 Πατρὶ,
2851 1719 2946 1773 καὶ
2968 1718 3061 1772 τὸν
3091 1719 3313 1791 Πατέρα
3343 1719 3482 1791 ἔχων
3506 1722 3563 1774 ἐν
3586 1721 3789 1793 ἐαυτῷ,

2219 1809 2445 1874 εἰκότως
2478 1811 2569 1879 ἄεξ’
2609 1809 2803 1863 ἑαυτοῦ
2843 1810 2906 1862 οὐ
2944 1810 3135 1863 λαλεῖ·
3186 1810 3325 1875 ἀλλ’,
3357 1811 3434 1875 ὡς
3477 1814 3793 1884 προγέγραι

2220 1918 2372 1967 πται,
2406 1900 2473 1954 τὰ
2506 1899 2599 1954 τοῦ
2627 1900 2763 1954 Θεοῦ
2791 1901 2961 1963 λαλεῖ,
3001 1902 3098 1956 ἅτε
3132 1901 3197 1972 δὴ
3236 1902 3367 1966 Θεὸς
3406 1904 3645 1975 ἄρῤητος
3671 1905 3793 1975 βλέ-

2221 2003 2339 2039 πων
2403 1989 2482 2050 είς
2549 1987 2610 2040 τὸ
2664 1987 2877 2059 θέλημα
2921 1988 3016 2043 τοῦ
3071 1990 3312 2061 Πατρός·
3372 1992 3467 2044 καὶ
3528 1993 3590 2046 τὸ
3639 1994 3791 2059 ἅγιον

2222 2075 2447 2147 Πνεῦμα
2499 2076 2733 2148 ὁμοίως,
2781 2078 2877 2132 ἅτε
2922 2079 3066 2134 θετον
3114 2081 3359 2153 Πνεῦμα.
3401 2083 3644 2155 Νοητέον
3696 2089 3792 2140 καὶ

2222 2164 2397 2228 ἄλλως
2422 2183 2435 2200 ·
2485 2165 2591 2219 Τοῦ
2630 2168 2805 2235 Λόγου
2863 2167 2960 2222 τοῦ
3013 2170 3230 2240 Πατρὸς
3281 2172 3588 2241 φάσκοντος
3606 2192 3621 2206 ·
3661 2195 3680 2228 ι
3722 2178 3795 2231 Τὸ

2224 2253 2449 2324 Πνεῦμα
2492 2255 2584 2324 ἀφ’
2630 2257 2824 2310 ἑαυτοῦ
2858 2258 2920 2310 οὐ
2972 2258 3218 2329 λαλήσει,
3266 2260 3379 2314 ἀλλ’
3425 2264 3490 2315 ἐκ
3519 2263 3612 2318 τοῦ
3659 2267 3797 2337 ἐμοῦ

2224 2344 2455 2416 λήψεται
2479 2364 2492 2378 ·
2540 2366 2559 2399 ι
2594 2350 2786 2418 ὁρᾶται
2818 2351 2848 2402 ὁ
2880 2350 3176 2422 σύνδεσμος
3208 2353 3308 2423 τῆς
3340 2354 3550 2420 οὐσίας,
3577 2358 3673 2410 καὶ
3701 2357 3793 2411 τοῦ

2225 2437 2344 2501 ἐνὸς
2370 2437 2675 2509 θελήματος
2696 2440 2797 2511 τῆς
2824 2441 3072 2512 Τριάδος.
3111 2444 3225 2497 Οὐκ
3252 2446 3499 2511 εἰπόντος
3522 2448 3578 2503 δὲ
3607 2450 3794 2513 αὐτοῦ,

2238 2525 2354 2595 Ἀφ’
2395 2527 2588 2581 ἑαυτοῦ
2615 2530 2675 2581 οὐ
2711 2528 2877 2593 λαλεῖ,
2908 2530 3045 2596 ἀλλ’,
3084 2550 3101 2583 ι
3144 2534 3204 2586 οὐ
3241 2533 3488 2606 λαλήσει,
3525 2557 3543 2590 ι
3583 2538 3797 2592 δείκνυ·

2224 2635 2336 2685 ται,
2383 2620 2458 2682 ὼς
2496 2621 2587 2675 ἐπί
2623 2638 2728 2676 τινι
2774 2623 2955 2695 καιρῷ
2992 2625 3089 2678 καὶ
3147 2626 3437 2697 πράγματι
3471 2628 3667 2699 ἐλέχθη
3711 2632 3794 2696 τὸ,

2233 2729 2252 2761 ι
2283 2711 2341 2763 οὐ
2373 2710 2615 2782 λαλήσει.
2649 2732 2667 2763 ι
2714 2714 2949 2768 Ἐπείτοι
2979 2715 3055 2786 τῷ
3084 2717 3331 2782 Μωῦσεῖ,
3353 2720 3428 2783 ὡς
3451 2721 3794 2792 προείρηται,

2229 2802 2647 2874 παραιτουμένῳ
2688 2804 2837 2872 λέγει
2871 2808 2899 2859 ὁ
2926 2807 3109 2885 Θεὸς·
3167 2829 3186 2861 ι
3238 2810 3510 2877 Ἐπίλεξαι
3563 2811 3795 2882 ἐϐδομή-

2231 2909 2393 2946 κοντα
2423 2892 2846 2965 πρεσϐυτέρους,
2884 2898 2979 2951 καὶ
3009 2897 3251 2970 λήψομαι
3290 2900 3395 2952 ἀπὸ
3417 2898 3510 2953 τοῦ
3545 2900 3794 2973 Πνεῦμα-

2228 3001 2319 3046 τος
2361 2984 2454 3038 τοῦ
2490 2987 2547 3039 ἐν
2577 2987 2680 3051 σοὶ,
2721 2988 2816 3040 καὶ
2844 2988 3000 3042 δώσω
3045 2992 3134 3043 ἐπ’
3181 2991 3404 3055 αὐτούς·
3445 3010 3464 3043 ι
3515 2993 3609 3046 καὶ
3644 2993 3795 3064 ὅμως

2229 3074 2328 3145 οὐχ
2374 3075 2449 3138 ὼς
2477 3075 2663 3146 ἐνδεὴς
2711 3076 3017 3149 ἐλάμϐανεν
3055 3082 3162 3134 ἀπὸ
3206 3081 3300 3135 τοῦ
3348 3081 3665 3152 Πνεῦματος
3701 3081 3797 3135 τοῦ

2231 3166 2385 3229 ὕντος
2418 3168 2476 3220 ἐν
2504 3166 2582 3236 τῷ
2609 3169 2850 3224 Μωῦσεῖ,
2887 3170 3058 3224 Πάλιν
3089 3172 3219 3240 γοῦν
3247 3173 3433 3227 ἄλλοτε
3464 3166 3799 3238 ἐξουσιαστι-

2231 3258 2342 3322 κῶς
2362 3259 2454 3312 καὶ
2469 3259 2802 3323 δεσποτικῶς
2827 3265 3001 3315 ποιεῖν
3029 3265 3123 3317 καὶ
3150 3264 3485 3333 φθέγγεσθαι
3510 3265 3602 3318 τὸν
3629 3267 3800 3320 Μονο-

2230 3349 2365 3420 γενῆ
2405 3351 2501 3404 καὶ⁸
2543 3352 2602 3404 τὸ
2643 3352 2866 3431 Πνεῦμα
2900 3351 2993 3407 τοῦ
3041 3353 3176 3408 Θεοῦ
3225 3359 3495 3428 μαρτυρεῖ
3526 3358 3560 3427 ἡ
3612 3356 3804 3428 Γραφῆ

2230 3441 2462 3494 οὑτωσί·
2499 3443 2628 3513 περὶ
2659 3444 2758 3513 μὲν
2790 3443 2885 3496 τοῦ
2929 3444 3085 3508 Υίοῦ,
3123 3446 3198 3509 ὡς
3236 3447 3401 3517 ἡνίκα
3433 3446 3567 3518 λέγῃ
3604 3446 3819 3500 Δαυΐδο.

2235 3548 2254 3580 ι
2305 3530 2363 3584 '0
2394 3531 2526 3596 Θεὸς
2557 3532 2716 3601 ἡμῶν
2745 3534 2804 3586 ἐν
2830 3533 2907 3603 τῷ
2938 3532 3153 3605 οὐρανῷ
3182 3535 3276 3588 καὶ
3305 3536 3363 3587 ἐν
3396 3537 3461 3605 τῇ
3497 3538 3568 3606 γῇ
3604 3535 3801 3599 πάντα,

2229 3624 2329 3676 ὅσα
2363 3622 2649 3694 ἠθέλησεν,
2678 3624 2964 3695 ἐποίησεν·
3006 3646 3023 3677 ι
3068 3624 3296 3689 Ἠσαῖας
3342 3626 3431 3680 δέ·
3487 3645 3505 3679 ι
3560 3628 3808 3699 ’ἰσχυρὸς
3886 3676 3889 3679 .

2230 3714 2614 3787 ἐξουσιαστής·
2670 3735 2689 3768 ι
2733 3718 2826 3770 καὶ
2873 3718 2949 3781 ὡς
2993 3719 3082 3772 ὅτε
3126 3718 3243 3772 κατ’
3300 3718 3548 3783 ἐξουσίαν
3595 3722 3805 3792 ἐνεργεῖ

2230 3803 2380 3857 θείαν
2400 3804 2650 3876 δύναμιν,
2679 3808 2772 3860 καὶ
2801 3807 3053 3879 θαύματα
3080 3808 3347 3873 ἐπετέλει,
3375 3809 3450 3873 ὡς
3478 3810 3801 3883 προελέχθη.

566 3896 637 3964 pli
674 3896 871 3965 gratia,
905 3896 982 3949 ait
1017 3894 1181 3949 David
1218 3913 1230 3948 :
1273 3913 1292 3946 ι
1332 3896 1470 3951 Dens
1530 3880 1858 3965 nosterl(85‘)
1900 3895 1951 3949 in
2000 3894 2127 3948 caelo

2236 3895 2364 3973 [186
2389 3896 2443 3969 a]
2490 3898 2716 3967 Περὶκδὲ
2752 3898 2848 3951 τοῦ
2890 3900 3045 3968 ἁγίου
3091 3901 3438 3968 Πνεῦματος,
3472 3880 3548 3965 ὡς
3576 3880 3738 3972 ἡνίκα
3770 3880 3806 3954 γὸ

564 3999 617 4040 et
651 3989 700 4040 iu
735 3996 878 4042 terra
912 3989 1091 4041 omnia
1125 4003 1465 4059 quaecunque
1510 3988 1698 4050 voluit,
1720 3988 1881 4048 fecit.
1920 4004 1938 4037 ι
1973 3986 2127 4041 Isaias

2235 3985 2440 4057 Κύριος
2484 3986 2748 4060 διδάσκῃ·
2788 4004 2808 4039 ι
2849 3989 2923 4042 Τὸ
2968 3989 3193 4061 Πνεῦμα
3237 3991 3370 4044 ὅπου
3401 3990 3546 4044 θέλει
3584 3987 3741 4045 πνεῖ·
3781 3986 3801 4042 .‘

568 4093 693 4132 vero
725 4096 738 4133 :
776 4097 794 4129 ι
851 4078 1030 4134 Furtis
1082 4078 1231 4149 (84),
1285 4079 1619 4134 Dominator.
1675 4095 1694 4128 ι
1749 4074 1829 4129 Ac
1876 4085 2127 4145 praeterea

2236 4076 2447 4141 Παῦλος
2476 4076 2533 4129 δέ
2556 4094 2570 4109 ·
2617 4096 2634 4128 ι
2674 4079 2859 4133 Πάντα
2899 4080 2955 4134 δὲ
2993 4082 3167 4136 ταῦτα
3202 4084 3416 4157 ἐνεργεί
3445 4082 3505 4136 τὸ
3537 4081 3595 4135 ἐν
3623 4084 3718 4137 καὶ
3745 4083 3807 4135 τὸ

566 4172 782 4238 propria
879 4179 1147 4240 potestate
1222 4170 1462 4225 divinam
1535 4169 1786 4222 virtutem
1876 4166 2127 4233 cperaba-

2235 4166 2366 4220 αὐτὸ
2400 4167 2657 4239 Πνεῦμα,
2688 4169 2934 4241 διαιροῦν
2980 4171 3085 4244 ἰδίᾳ
3118 4173 3368 4243 ἑκάστῳ,
3408 4171 3588 4235 καθὼς
3619 4170 3811 4240 βούλε-

571 4259 811 4330 tur(85),
846 4271 900 4314 et
931 4261 1186 4315 miracula
1220 4260 1549 4331 perﬁciebat,
1582 4267 1640 4313 ιιι
1685 4268 1843 4313 antea
1896 4256 2010 4328 (86)
2060 4257 2142 4311 di-
2235 4274 2348 4311 ται.
2391 4275 2410 4309 ι

568 4364 712 4407 ctum
763 4353 885 4409 fuit.
922 4353 997 4409 De
1036 4352 1240 4424 Spiritu
1310 4363 1490 4409 autent
1543 4360 1754 4417 sancto,
1822 4351 2051 4421 exempli
2087 4352 2279 4420 gratia,
2325 4355 2578 4409 Donunns
2633 4355 2746 4409 Ita-e
2791 4358 2991 4410 docet:
3032 4374 3052 4408 ι
3090 4355 3327 4427 Spiritus
3388 4359 3499 4430 (87)
3536 4359 3622 4413 ubi
3673 4359 3807 4424 vult,

570 4445 756 4512 spirat.
808 4463 828 4497 ι
872 4444 1066 4498 Paulus
1105 4460 1276 4499 vero:
1315 4463 1333 4495 ι
1411 4435 1537 4498 Haec
1583 4452 1762 4497 autem
1812 4441 1924 4513 (88)
1984 4443 2162 4495 omnia
2204 4448 2460 4511 operatur
2524 4462 2661 4499 unus
2701 4456 2753 4500 et
2794 4447 2933 4500 idetn
2990 4447 3224 4516 Spiritus
3268 4447 3515 4503 dividens
3555 4464 3803 4504 seorsum

544 4540 794 4607 .singulis
828 4549 984 4608 prout
1018 4536 1149 4593 vult.
1198 4554 1217 4587 ι

646 4770 759 4841 (79)
796 4768 925 4841 Cum
952 4780 1146 4827 autem.
1176 4766 1330 4822 Joan.
1375 4783 1466 4841 xv,
1519 4765 1609 4827 26,
1670 4754 1780 4828 xvi,
1837 4764 1925 4827 15,
1951 4773 2004 4841 et
2025 4778 2127 4827 xw,

2271 4832 2283 4841 _
2315 4760 2425 4833 (82)
2464 4761 2634 4832 Elige.
2668 4760 2823 4841 bium.
2873 4775 2961 4823 χι,
2998 4759 3086 4841 Ιθ,
3136 4759 3224 4841 17.
3258 4757 3510 4841 'Sensunt
3551 4760 3812 4841 tlinttaxat

611 4826 665 4893 θῘ
697 4826 827 4907 Quae
860 4840 974 4907 loca
1026 4826 1165 4893 inter
1204 4853 1262 4891 se
1301 4826 1621 4907 pertitiscet,
1654 4826 1868 4886 Sensim
1914 4826 2127 4907 rcitans.

2235 4826 2574 4907 citat;'natu'
2593 4834 2751 4886 verba
2787 4831 3104 4907 hagc_snr_1t_:
3129 4826 3421 4907 Συνάγαγέ
3451 4844 3540 4907 μοι
3575 4829 3808 4907 έόδομήε

622 4897 762 4963 ἰιιιὶῙε
792 4910 919 4978 quid
952 4905 1160 4978 facitjn
1192 4897 1390 4961 lib.'De
1413 4904 1616 4978 Spiritu
1649 4902 2127 4978 sancto-IturiujQ.

2239 4917 2404 4978 κοντα
2425 4901 2691 4978 άνδραςε.
2710 4940 2764 4978 Α..
2782 4900 2876 4969 καὶ
2896 4898 3090 4978 ,ἀιρελῷ
3118 4898 3227 4978 ἀπὸ
3251 4897 3346 4978 τοῦ
3378 4897 3809 4969 Πνεῦματοςτοῦ

652 4980 666 5033 i
705 4981 783 5034 sie
811 4966 945 5032 'citat
971 4996 986 5031 :
1021 4995 1039 5029 ι
1069 4976 1201 5031 Cum
1233 4984 1408 5028 autem
1438 4966 1645 5027 venerit
1668 4971 1980 5026 Paracletus
2019 4969 2127 5039 Spi-

2239 4971 2332 5026 ἐπὶ
2367 4972 2472 5035 σοὶ,
2508 4966 2857 5040 καὶέπιθήσώ
2892 4966 2978 5040 im?
3013 4966 3442 5040 aurod;,_itl_est,
3484 4985 3502 5016 ι
3525 4966 3810 5040 ὐοηςιιιςιι

656 5064 714 5103 us
744 5057 997 5114 sanctus,
1035 5061 1193 5113 quem
1248 5045 1427 5098 mittet
1460 5041 1622 5114 Pater
1655 5041 1707 5095 in
1740 5039 1964 5114 nomine
1991 5035 2138 5106 meo,
2242 5040 2371 5093 mihi
2399 5055 2507 5114 1.x:
2548 5035 2772 5093 viros...
2794 5048 2846 5092 et
2877 5037 3117 5114 auferam
3147 5037 3212 5093 de
3243 5035 3484 5107 Spiritu,
3519 5039 3610 5108 qui
3647 5035 3809 5091 estin

608 5112 670 5175 ile
723 5134 817 5171 vos
867 5108 1080 5171 docebit
1127 5116 1330 5169 omnia.
1374 5130 1392 5164 ι
1441 5113 1571 5179 Qua:
1617 5111 1812 5177 partim
1858 5112 2139 5178 desumpta
2243 5118 2318 5175 te,
2343 5121 2389 5162 et
2428 5112 2698 5178 imponam
2738 5122 2900 5179 super
2935 5108 3098 5179 ipsos.
3134 5126 3151 5158 ι

605 5173 707 5245 sint
731 5203 796 5243 ex
830 5184 986 5241 Joan.
1023 5201 1114 5251 xv,
1147 5184 1239 5250 26,
1286 5193 1379 5237 aut
1417 5173 1535 5247 xvi,
1567 5173 1654 5247 i3,
1692 5180 1885 5248 partim
1928 5193 1995 5233 ex
2032 5173 2140 5241 xiv,
2277 5173 2425 5249 [(85)
2462 5173 2597 5231 Heus
2624 5173 3157 5251 negler.‘_Psal.cx_tn,
3189 5191 3330 5231 vers.
3346 5176 3422 5251 ⁸ῌ
3450 5174 3627 5246 (apud
3658 5173 3809 5243 Vulg.

2244 5239 2644 5318 part.i'n,_vers.
2673 5239 2885 5318 52-Vide
2913 5255 3022 5318 not.
3055 5245 3147 5310 79,
3182 5262 3302 5317 pag.
3339 5247 3426 5299 ιι.

2319 5317 2430 5386 (84)
2467 5314 2666 5386 (fortis.
2711 5316 2814 5370 lsa.
2850 5331 2927 5377 lx,
2962 5315 3014 5369 6.

2325 5380 2436 5457 (85⁷)
2486 5383 2745 5443 Virtutem
2778 5386 3110 5457 operabatur.
3148 5384 3372 5457 Locutio
3424 5382 3646 5457 Diltlica.
3687 5380 3817 5437 Vide

677 5454 772 5531 ρει)
824 5461 1079 5531 Spiritus.
1135 5454 1232 5516 llic
1268 5474 1483 5530 quoque
1523 5462 1657 5512 duos
1704 5459 1844 5512 inter
1873 5473 1930 5512 se
1973 5470 2151 5512 textus
2252 5454 2386 5523 psit.
2417 5470 2593 5518 cxvn,
2629 5470 2771 5510 vers.
2810 5455 2912 5521 16;
2961 5454 3125 5510 Mare.
3168 5472 3256 5519 ιιι,
3296 5455 3402 5521 39;
3440 5454 3624 5508 Matth.
3686 5466 3816 5516 xm,

677 5533 888 5580 ιιιιιιιιιῐι.
939 5532 1068 5580 Nam
1096 5532 1269 5580 emite
1315 5546 1400 5580 xv:
1451 5529 1692 5580 Joannis.
1729 5527 1994 5580 versiculo
2024 5527 2152 5580 oui-
2251 5526 2341 5580 58.
2378 5536 2483 5580 etc.
2883 5551 2892 5559 -

2327 5568 2341 5586 ,
2378 5536 2483 5581 etc.
2883 5551 2892 5559 '

2323 5594 2435 5665 (86;
2475 5595 2663 5665 ᾼηιεα.
2692 5594 2846 5664 Lege
2878 5609 2998 5665 cap.
3024 5593 3094 5665 27
3124 5593 3243 5649 libri
3280 5592 3462 5664 primi.

2322 5663 2432 5733 (87)
2464 5663 2712 5732 Spiritus.
2747 5663 2905 5720 JOan.
2939 5663 3028 5732 ιίι,
3056 5663 3108 5717 8.

2324 5733 2433 5802 (88)
2479 5733 2606 5788 Ηιιτ
2630 5744 2825 5789 autem.
2869 5734 2885 5787 I
2938 5735 3062 5789 Cur.
3099 5748 3200 5805 xu,
3233 5733 3318 5791 ll.

597 5250 765 5400 ἓ,ἔξω
810 5323 1142 5400 Voluntati}.
1182 5320 1393 5400 Eodem
1440 5319 1598 5374 modo
1648 5316 1922 5400 Evangelii
1960 5317 2142 5400 verba

608 5387 781 5463 accipit
809 5395 864 5463 in
901 5394 1038 5447 libro
1071 5392 1147 5463 De
1164 5390 1375 5463 Spiritu
1413 5400 1593 5463 sancto
1631 5404 1781 5463 num.
1822 5389 1891 5442 54
1920 5398 1975 5442 et
2002 5387 2092 5444 '56.

608 5527 888 5590 confundit.
938 5532 1068 5586 Nam
1096 5527 1408 5598 capite'xvt'
1451 5529 1692 5590 Joannis,
1729 5527 1994 5598 versiculo
2024 5527 2152 5594 qui-

608 5604 719 5661 dem
752 5603 812 5657 15
838 5601 1028 5671 legitur
1055 5619 1068 5653 :
1100 5592 1175 5655 Οῦ
1201 5600 1310 5671 γὰρ
1345 5599 1571 5670 λαλήσει
1601 5600 1692 5667 ἀφ’
1727 5592 1923 5671 ἐᾶυτοῦ
1946 5592 2054 5671 ,_id
2071 5606 2154 5649 est

617 5688 636 5719 ι
674 5688 762 5730 non
793 5665 935 5723 enim
976 5665 1223 5738 loquetur
1251 5665 1293 5723 θ’
1308 5665 1599 5736 semetipso
1625 5665 1661 5733 ;’
1691 5686 1709 5717 ι
1750 5665 2154 5738 versiculoauo

614 5745 717 5791 tem
745 5739 800 5795 l4
829 5740 996 5818 :_"Dtt
1025 5734 1087 5791 ἐκ
1117 5739 1208 5792 τοῦ
1238 5734 1646 5818 ὲμοῦᾼλήψεται,
1673 5739 1723 5792 id
1753 5746 1854 5800 est,
1893 5754 1908 5785 ι
1951 5735 2073 5803 quia
2090 5734 2154 5787 de

617 5819 731 5861 meo
758 5815 996 5875 accipiet.
1031 5827 1048 5859 ι
1379 5815 1387 5823 ’
