4112 6478
499 458 600 514 895
641 463 645 470 “

1730 440 1963 498 DIDYMI
2005 438 2474 496 ALEXANDRINI

3638 436 3753 492 896

499 585 551 627 et
575 577 1034 625 inausuetudinem
1062 564 1346 620 ercatricis
1366 560 1602 628 virtutis,
1640 574 1702 614 ac
1736 575 1834 622 nos
1869 561 2067 615 docens

2176 560 2230 612 τὸ
2259 557 2519 628 τιμᾶσθαι
2552 555 2770 618 δικαίως
2799 556 3028 609 δέδωκεν
3061 553 3240 616 αὑτὸς,
3269 552 3345 614 ὡς
3380 553 3530 622 παρὰ
3561 555 3762 623 Λουκᾷ

499 662 768 732 quomodo
786 658 1094 728 parentibus
1111 655 1330 711 obedire
1347 653 1634 714 debeamus
1656 667 1668 702 :
1692 650 1884 719 quibus
1908 649 2064 719 391

501 753 692 805 merito
712 751 824 819 ipse
841 750 1109 804 concessit
1125 756 1180 800 ut
1193 747 1546 806 honorentur,
1563 742 1700 825 sicut
1719 743 1858 810 apud
1871 741 2067 795 Lucam

501 843 724 908 ipsemet
749 839 884 893 dixit
911 855 924 892 :
946 856 964 890 ι
991 837 1126 904 Quid
1147 835 1257 905 (99)
1285 833 1611 904 qumrebatis
1632 832 1753 885 me?
1774 846 1840 886 an
1865 831 2064 884 nescie-

501 932 664 992 batis,
693 931 830 999 quod
861 930 910 982 in
941 929 1100 983 domo
1133 927 1306 981 Patris
1339 927 1441 981 mei
1471 925 1546 998 (l)
1571 933 1784 996 oportet
1805 940 1890 980 me
1909 927 2072 980 esse?

505 1021 568 1072 Et
587 1020 862 1073 descendit
890 1016 988 1088 (2),
1029 1038 1046 1069 ι
1067 1017 1263 1086 inquit,
1285 1035 1302 1066 ι
1328 1017 1381 1071 in
1406 1016 1670 1070 Nazareth
1700 1035 1713 1069 :
1743 1025 1796 1070 et
1813 1015 2073 1070 eratsub—

504 1109 647 1162 ditns
667 1109 822 1162 illis»
844 1108 948 1162 Sed
973 1107 1114 1160 Patri
1147 1123 1209 1161 ac
1241 1107 1348 1160 Deo
1370 1106 1770 1175 nondumjuxta
1794 1106 2074 1160 lnereticos

506 1200 776 1268 subjectus
804 1199 903 1253 fuit
929 1218 942 1253 :
973 1215 1037 1254 ac
1063 1199 1294 1252 mendax
1331 1198 1428 1252 fuit
1451 1197 1668 1261 Paulus,
1705 1213 1825 1251 cmn
1863 1197 1927 1251 ad
1950 1197 2074 1251 Phi-

506 1289 780 1358 lippeuses
827 1289 1046 1358 scripsit
1075 1307 1088 1343 :
1150 1307 1168 1339 ι
1195 1288 1389 1342 Factus
1422 1286 1496 1357 (3)
1525 1287 1778 1340 obediens
1812 1300 1980 1352 usque
2007 1285 2073 1338 ad

508 1389 758 1442 mortem,
819 1389 1044 1432 mortem
1087 1390 1261 1432 autem
1317 1378 1509 1431 crucis.
1543 1395 1562 1428 ι
1605 1375 1756 1430 Sicut
1796 1391 1922 1442 ergo
1951 1391 2072 1429 cum

506 1481 646 1523 esset
678 1469 898 1537 aequalis
933 1471 1056 1533 Deo,
1091 1480 1142 1522 et
1177 1470 1228 1520 in
1259 1466 1427 1521 forma
1472 1467 1586 1530 Dei,
1609 1483 1711 1521 non
1742 1476 1957 1536 pr0pter
1985 1481 2077 1520 se—

507 1559 700 1624 ipsum,
729 1557 820 1611 sed
848 1574 941 1626 pro
969 1557 1122 1611 nobis
1151 1557 1322 1610 factus
1351 1567 1432 1610 est
1450 1565 1744 1621 peceatum,
1776 1568 1828 1610 et
1857 1557 2076 1610 maledi-

505 1651 630 1712 ctio,
665 1651 742 1703 sic
774 1666 876 1702 non
904 1661 1120 1718 prOpter
1149 1649 1403 1716 seipsum,
1426 1650 1517 1702 sed
1542 1657 1760 1718 propter
1786 1665 1881 1704 nos
1902 1650 2075 1704 dictus

504 1749 585 1792 est
611 1741 658 1791 in
677 1739 970 1807 Scriptnris
997 1754 1217 1807 regnum
1241 1739 1558 1802 traditurus,
1595 1747 1650 1792 et
1682 1736 2071 1805 subjiciendus.

504 1831 766 1894 Quoniam
797 1841 1012 1897 propter
1046 1829 1423 1899 benignitatem
1455 1830 1508 1882 in
1539 1830 1782 1884 homines
1811 1845 1961 1883 suam
1994 1829 2073 1884 fa-

2173 644 2354 702 εῒπεν·
2407 666 2426 698 ι
2465 646 2529 700 Τί
2565 647 2648 700 ὅτι
2682 645 2920 717 ἐζητεῖτέ
2953 662 3050 715 με;
3093 645 3206 698 Οὐκ
3239 643 3415 713 ᾔδειτε
3447 645 3530 698 ὅτι
3576 647 3638 698 ὲν
3672 644 3758 716 τῷ

2171 738 2306 805 οἴκῳ
2336 736 2430 790 τοῦ
2459 735 2669 806 Πατρός
2700 752 2800 804 μου
2839 734 2919 788 δεῖ
2954 752 3019 804 με
3050 729 3225 798 εἷναι;
3260 735 3370 786 Καὶ
3400 735 3666 806 κατῆλθε,
3735 756 3755 788 ι

2173 828 2359 898 φησὶν,
2397 847 2415 878 ι
2466 829 2546 890 εἰς
2593 825 2878 897 Ναζαρὲθ,
2921 826 3016 878 καὶ
3059 821 3126 894 ἦν
3161 826 3602 896 ὑποτασσόμενος
3657 829 3760 881 αὑ-

2173 918 2302 980 τοῖς.
2350 935 2368 966 »
2405 915 2495 984 Τῷ
2525 915 2580 968 δὲ
2622 915 2795 986 Πατρὶ
2835 913 2928 967 καὶ
2973 912 3050 984 τῷ
3104 913 3224 984 Θεῷ
3257 915 3490 978 οὐδέπω,
3535 915 3668 988 [187
3697 917 3760 990 α]

2174 1008 2289 1062 κατ’
2333 1007 2548 1072 αὑτοὺς,
2579 1006 2854 1075 ὑπετάγη·
2883 1004 2977 1057 καὶ
3011 1004 3250 1076 ἐψεύσθη
3286 1007 3384 1076 μὲν
3423 1009 3575 1078 παρὰ
3604 1011 3760 1063 Παύ-

2172 1099 2288 1163 λου,
2321 1095 2700 1168 Φιλιππησίοις
2734 1095 3135 1159 ἐπιστέλλοντος
3155 1111 3168 1124 ·
3218 1115 3236 1148 ι
3277 1097 3571 1168 Γενόμενος
3604 1101 3763 1171 ὑπή-

2175 1207 2298 1254 κοος
2332 1189 2492 1261 μέχρι
2523 1187 2777 1253 θανάτου,
2820 1186 3049 1242 Θανάτου
3089 1185 3146 1238 δὲ
3181 1185 3416 1258 σταυροῦ
3480 1207 3500 1240 ι
3539 1191 3763 1262 Ὥσπερ

2175 1277 2266 1338 οὖν
2311 1279 2399 1334 τσα
2443 1278 2564 1348 Θεῷ
2601 1279 2695 1332 κει.)¹
2733 1280 2792 1332 ὲν
2839 1281 3022 1350 μορφῇ
3074 1277 3209 1330 Θεοῦ
3251 1278 3533 1350 ὑπάρχων,
3577 1282 3642 1333 οὐ
3686 1283 3762 1335 δι’

2177 1371 2386 1437 ἑαυτὸν,
2420 1371 2532 1424 ἀλλ’
2576 1370 2715 1441 ὑπὲρ
2754 1370 2933 1441 ἡμῶν,
2975 1369 3217 1440 ἁμαρτία
3250 1371 3468 1438 γέγονε,
3512 1374 3606 1426 κιιι)⁵
3648 1391 3758 1426 κα-

2175 1465 2314 1535 τάρα
2330 1481 2342 1494 ·
2372 1462 2566 1526 οὕτως,
2590 1463 2650 1518 οὑ
2671 1463 2736 1516 δι’
2773 1462 2986 1528 ἑαυτὸν,
3010 1462 3146 1516 ἀλλὰ
3174 1462 3239 1516 δι’
3267 1465 3416 1534 ἡμᾶς
3436 1464 3762 1536 γέγραπται

2177 1553 2514 1626 παραδώσων
2546 1556 2640 1608 καὶ
2670 1553 3148 1623 ὑποταγησόμενος
3173 1570 3186 1584 ·
3222 1554 3408 1625 ἐπειδὴ
3441 1554 3528 1608 διὰ
3562 1557 3761 1624 φιλαν-

2177 1646 2424 1717 θρωπίαν
2480 1646 2702 1714 γέγονεν
2757 1645 3107 1715 ὰσυγχύτως,
3163 1646 3300 1716 ὅπερ
3356 1649 3552 1717 ἐσμὲν,
3596 1652 3795 1714 ὲκτὸς“

2175 1738 2469 1808 ἁμαρτίας,
2520 1738 2709 1807 μείνας
2740 1732 2820 1800 εἷς
2856 1737 2946 1789 καὶ
2977 1738 3006 1788 6
3046 1737 3226 1800 αὑτός.
3261 1738 3384 1800 Πῶς
3413 1741 3520 1812 γὰρ
3551 1744 3579 1794 6
3611 1745 3754 1798 πάν-

2175 1847 2281 1882 των
2309 1828 2534 1900 ποιητὴς
2565 1828 2661 1882 καὶ
2689 1829 2906 1882 πάντων
2939 1828 3183 1898 κρατῶν·
3231 1828 3326 1899 (ὲν
3352 1835 3463 1894 τοῖς
3495 1835 3628 1886 πᾶσι
3693 1835 3756 1888 δὲ

504 1931 623 1972 ctus
651 1929 732 1971 est
760 1922 874 1973 sine
901 1921 1003 1972 ulla
1030 1930 1339 1973 naturarum
1357 1920 1669 1974 confusione
1689 1921 1825 1987 quod
1859 1937 1956 1976 nos
1986 1937 2073 1975 su-

2180 1919 2414 1972 τίθενται.
2459 1919 2554 1972 καὶ
2587 1919 2636 1970 οἱ
2687 1917 2943 1989 αἰῶνες),
2995 1921 3022 1970 6
3077 1922 3468 1992 προφητευθεις
3512 1925 3748 1994 πρῶτος,

505 2026 644 2073 inus,
687 2022 910 2077 excepto
945 2023 1186 2078 peccato,
1234 2026 1297 2064 ac
1337 2012 1536 2063 mansit
1560 2027 1696 2064 llltlls
1719 2012 1951 2066 etidem.
1987 2011 2077 2066 Ille

503 2102 666 2164 enim,
689 2102 777 2170 qui
809 2113 892 2156 est
920 2118 1096 2158 rerum
1119 2101 1358 2155 omnium
1390 2101 1667 2165 Conditor,
1689 2101 1884 2169 quique
1906 2102 2080 2158 omni-

507 2192 605 2245 bus
645 2192 871 2261 imperat
907 2193 1070 2262 (inter
1109 2193 1288 2247 omnia
1326 2208 1452 2245 vero
1480 2201 1748 2260 ponuntur
1778 2193 1940 2246 etiam
1974 2207 2078 2246 sm-

2182 2010 2276 2062 καὶ
2318 2011 2396 2072 εἰς
2430 2008 2498 2061 τὰ
2534 2007 2751 2077 ἑφεξῆς,
2793 2009 2888 2060 καὶ
2935 2010 3368 2081 Παντοκράτωρ,
3405 2012 3626 2066 δύναται
3673 2019 3754 2078 είς

2179 2098 2307 2162 τοὺς
2335 2099 2531 2168 ἐφεξῆς
2575 2097 2778 2160 αἰῶνας
2827 2098 2901 2169 μὴ
2937 2102 3154 2169 κρατεῖν
3189 2101 3282 2154 καὶ
3326 2101 3628 2170 βασιλεύειν
3657 2107 3757 2159 σὺν

2181 2191 2356 2258 Πατρὶ
2386 2189 2482 2244 καὶ
2513 2188 2811 2258 Πνεύματι,
2847 2190 2990 2243 καθά
3020 2191 3114 2244 καὶ
3135 2189 3251 2254 νῦν,
3278 2194 3370 2246 καὶ
3397 2195 3501 2248 ἀεί.

505 2285 665 2354 uda),
697 2286 783 2352 qui
823 2287 1034 2339 demum
1071 2301 1098 2338 a
1128 2287 1406 2354 prophetis
1431 2286 1604 2339 dictus
1637 2298 1720 2341 est
1766 2287 1969 2355 primus
2009 2296 2062 2340 et
2099 2284 2354 2363 deinceps
2387 2284 2487 2354 (4),
2543 2291 2600 2337 et
2647 2281 3015 2351 oumipotens,
3089 2286 3356 2350 quomodo
3414 2297 3592 2353 potest
3653 2302 3752 2342 sa:-

505 2377 640 2431 culis
663 2379 919 2448 deinceps
944 2382 1135 2436 l'uturis
1162 2398 1264 2435 non
1291 2384 1577 2451 imperare,
1604 2399 1668 2439 ae
1696 2399 1924 2454 regnare
1952 2400 2074 2440 cuin
2117 2382 2277 2437 Patre
2308 2392 2360 2436 et
2391 2382 2593 2449 Spiritu
2625 2380 2762 2434 sicut
2799 2393 2962 2440 nunc,
3005 2377 3076 2432 ita
3113 2389 3169 2432 et
3201 2380 3451 2448 semper?

574 2471 725 2534 Quod
757 2484 934 2525 autem
960 2474 1365 2527 interminatnm
1397 2475 1466 2528 sit
1489 2475 1607 2542 ejus
1635 2491 1857 2545 regnum
1885 2478 2073 2547 (unum

503 2573 586 2613 est
647 2556 790 2626 enim
822 2564 1109 2617 indivisum
1160 2565 1444 2620 Trinitatis
1494 2569 1760 2637 regnent),
1792 2569 1843 2622 in
1902 2569 2075 2638 primo

504 2654 647 2725 λόγῳ
707 2656 782 2725 (5)
847 2655 1140 2725 Scriptura:
1187 2659 1512 2713 testimoniis
1563 2661 1868 2714 accuratius
1917 2670 2078 2729 atque

505 2747 787 2812 operosius
831 2747 1204 2804 conﬁrmatum
1246 2759 1350 2804 est.
1391 2749 1555 2804 [lecte
1587 2751 1732 2804 enim
1765 2751 2072 2807 Gabrielem

505 2837 707 2893 dixisse
728 2849 978 2894 constat:
1014 2841 1311 2910 «Regnabit
1334 2842 1408 2914 (6)
1429 2857 1592 2910 super
1629 2842 1848 2896 domum
1901 2842 2064 2896 Israel

510 2927 560 2978 iu
594 2930 788 2981 saectda
823 2971 835 2987 .
871 2940 926 2984 et
961 2931 1108 2995 regni
1155 2930 1272 2997 ejus
1314 2946 1418 2985 non
1458 2932 1561 2985 erit
1599 2930 1753 2994 linis;
1781 2949 1800 2982 ι
1832 2940 1887 2983 et
1914 2931 2072 2984 Davi-

505 3018 626 3071 dein
655 3037 669 3072 :
698 3036 715 3068 ι
737 3018 983 3073 Thronus
1010 3021 1086 3088 (7)
1111 3030 1256 3083 tuus,
1286 3020 1448 3084 Dens,
1485 3021 1538 3073 in
1573 3020 1828 3074 saeculum
1857 3020 2071 3075 saeculi:

508 3108 655 3175 virga
684 3109 1019 3162 rectitudinis
1043 3109 1189 3177 virga
1219 3109 1364 3178 regni
1392 3110 1503 3174 tui;
1527 3109 1763 3163 dilexisti
1786 3109 2072 3178 justitiam,

2249 2473 2370 2525 Ὀτι
2404 2471 2460 2524 δὲ
2507 2469 2858 2540 άτελεύτητος
2907 2469 3070 2522 αὑτοῦ
3122 2472 3156 2541 ἡ
3223 2471 3467 2541 βασιλεία
3506 2475 3742 2546 ὑπάρχει

2179 2569 2300 2638 (μία
2321 2568 2431 2639 γάρ
2450 2569 2598 2619 ἐστιν
2619 2566 2924 2635 ἀδιαίρετος
2943 2565 3043 2634 τῆς
3073 2565 3344 2636 Τριάδος),
3372 2568 3430 2620 ὲν
3451 2567 3528 2637 τῷ
3554 2569 3755 2639 πρώτῳ

2183 2653 2326 2723 λόγῳ
2361 2653 2715 2723 ἐμαρτυρήθη
2751 2651 3299 2724 ὲξεργαστικώτερον,
3328 2657 3384 2707 ὲν
3410 2649 3489 2717 οἷς
3519 2657 3555 2706 Γ
3557 2658 3756 2728 αὸριὴλ

2179 2742 2306 2814 εὖγε
2353 2745 2600 2812 φαίνεται
2633 2743 2899 2814 εἰρηκώς³
2949 2762 2968 2795 ι
3005 2744 3322 2798 Βασιλεύσει
3369 2747 3460 2798 ἐπὶ
3487 2747 3578 2799 τὸν
3604 2744 3753 2802 οἶκον

2193 2835 2407 2906 Ἰσραὴλ
2452 2836 2532 2898 εἰς
2561 2835 2686 2899 τοὺς
2721 2834 2953 2899 αἰῶνας,
2986 2835 3082 2887 καὶ
3129 2835 3227 2906 τῆς
3276 2835 3547 2904 βασιλείας
3579 2837 3746 2892 αὑτοῦ

2180 2927 2280 2980 οὐκ
2312 2925 2464 2979 ἔσται
2502 2926 2689 2988 τέλος·
2733 2944 2750 2976 ι
2797 2926 2888 2978 καὶ
2929 2926 3090 2979 Δαυῖδ
3113 2943 3125 2956 ·
3163 2944 3182 2976 ι
3237 2927 3292 2978 ’0
3338 2927 3522 2996 θρόνος
3556 2944 3650 2980 σου
3673 2968 3686 2990 ,
3717 2931 3747 2981 6

2180 3016 2313 3080 Θεὸς
2332 3058 2345 3080 ,
2377 3018 2458 3079 εἰς
2489 3016 2578 3070 τὸν
2611 3015 2783 3068 αἰῶνα
2814 3015 2908 3068 τοῦ
2945 3015 3136 3079 αἰῶνος
3157 3033 3168 3044 ·
3202 3015 3391 3086 ῥάϐδος
3435 3017 3748 3086 εὐθύτητος,

2181 3108 2212 3177 ἡ
2251 3105 2443 3176 ῥάϐδος
2474 3106 2573 3176 τῆς
2603 3105 2877 3176 βασιλείας
2908 3123 3000 3159 σου
3024 3123 3036 3136 ο
3070 3106 3356 3177 ἠγάπησας
3382 3106 3749 3178 δικαιοσύνην,

507 3209 561 3252 et
619 3198 779 3252 odisti
831 3199 1210 3268 iniquitatem;
1247 3209 1530 3268 propterea
1560 3201 1714 3254 unxit
1772 3209 1856 3264 te,
1911 3200 2067 3266 Deus,

2176 3199 2268 3251 καὶ
2299 3198 2568 3268 ἐμίσησας
2596 3197 2838 3250 ἀδικίαν·
2873 3196 2960 3249 διὰ
2989 3197 3146 3249 τοῦτο
3179 3197 3360 3269 ἔχρισέ
3405 3214 3484 3259 σε,
3555 3198 3677 3263 Θεὲ,
3723 3200 3752 3250 6

512 3290 650 3343 Deus
683 3289 956 3353 tuus,oleo
981 3289 1178 3343 laetitia;
1199 3307 1304 3358 prae
1325 3291 1675 3359 participibus
1715 3292 1840 3345 tuis.
1869 3310 1887 3343 ι
1923 3290 2074 3356 Quod

509 3393 636 3433 vero
674 3381 866 3433 attinet
906 3380 973 3432 ad
1024 3379 1112 3432 illa
1152 3380 1302 3434 Pauli
1351 3381 1509 3434 verba
1533 3380 1610 3450 (8)
1641 3398 1654 3433 :
1688 3399 1706 3432 ι
1735 3380 1803 3435 Ut
1836 3381 1906 3434 sit
1938 3380 2076 3434 Deus

509 3474 684 3524 omnia
715 3471 766 3525 in
800 3473 1072 3537 omnibus,
1112 3488 1223 3526 nea
1257 3473 1418 3526 Deum
1470 3473 1686 3542 quidem
1742 3473 1817 3543 (9)
1845 3475 2076 3527 nfaxinie

509 3563 783 3630 denotant,
811 3563 1374 3634 necpersouam392
1399 3579 1426 3616 a
1453 3579 1678 3633 persona
1703 3564 2074 3634 distinguunt:

511 3655 576 3708 iis
622 3667 798 3710 tamen
847 3656 1046 3710 similia
1079 3658 1218 3710 idem
1263 3656 1548 3725 Apostolus
1597 3656 1788 3710 scribit
1822 3657 1886 3710 de
1913 3655 2070 3711 Filio.

513 3748 765 3803 Romanis
801 3749 1012 3816 quidem
1040 3762 1055 3801 :
1087 3767 1105 3800 ι
1135 3749 1211 3802 Ex
1246 3750 1440 3818 quibus
1471 3748 1582 3820 (l0)
1611 3758 1692 3803 est
1711 3747 1958 3802 Christus
1990 3763 2073 3802 se-

511 3841 738 3892 cundum
782 3855 1030 3906 carnem,
1087 3841 1176 3910 qui
1210 3851 1293 3895 est
1321 3841 1372 3894 in
1400 3842 1653 3896 omnibus
1691 3841 1829 3894 Deus
1857 3856 1873 3906 ;
1905 3858 1923 3892 ι
1968 3839 2072 3894 Co-

511 3930 843 3986 lossensibns
897 3946 1024 3986 vero
1069 3932 1136 3986 de
1187 3932 1372 3986 futuro
1424 3931 1621 3986 saeculo
1683 3930 1913 4001 loquens
1959 3931 2072 3984 ait:

515 4040 534 4073 ι
561 4021 660 4078 Ubi
710 4023 819 4091 (ll)
864 4039 966 4078 non
1011 4031 1098 4077 est
1143 4023 1395 4087 Grrecus,
1446 4033 1499 4076 et
1538 4021 1789 4089 .ludacus,
1837 4021 2077 4091 Scytha,

510 4130 720 4178 Servus,
747 4115 902 4179 liber,
945 4117 1036 4170 sed
1071 4116 1251 4169 omnia
1291 4117 1344 4168 in
1374 4114 1626 4167 omnibus
1659 4112 1941 4174 Christus;
1976 4131 1993 4164 ι
2028 4122 2081 4165 et

516 4221 702 4261 rursus
727 4210 790 4261 de
825 4207 1064 4262 Ecelesia
1095 4208 1342 4262 scribens
1369 4205 1442 4258 ait
1474 4224 1486 4257 :
1522 4224 1539 4255 ι
1570 4204 1698 4270 Quae
1724 4215 1807 4258 est
1830 4204 1939 4274 (12)
1961 4218 2082 4257 cor-

581 4384 690 4456 (99)
726 4385 887 4456 Quid.
919 4387 1046 4442 an.
1083 4403 1120 4441 It
1144 4426 1157 4448 ,
1187 4387 1274 4439 49.

583 4452 680 4524 (1)
713 4455 778 4508 1η
826 4458 976 4508 domo
1030 4457 1203 4511 Putris
1248 4456 1365 4508 mei.
1414 4454 1519 4508 Pro
1557 4455 1642 4508 his
1685 4454 1863 4507 verbis
1894 4452 2078 4524 Graeca

513 4522 794 4606 acLatina
842 4526 1009 4579 liiblia
1048 4529 1244 4606 babept
1276 4545 1288 4578 :
1327 4545 1345 4576 ι
1380 4526 1431 4578 lu
1470 4525 1554 4578 his
1599 4540 1717 4593 qua:
1761 4524 1940 4578 Patris
1977 4522 2076 4576 tnei

510 4604 657 4648 sunt.
686 4613 704 4645 ι

584 4663 660 4729 ('2)
701 4664 763 4717 Et
795 4665 1080 4718 descendit.
1123 4665 1252 4718 Luc.
1289 4681 1344 4728 ιι,
1378 4663 1463 4717 5|.
1493 4663 1679 4716 Graeca
1719 4663 1884 4717 editio
1916 4662 2074 4714 habet

510 4733 711 4804 κατέϐη
743 4751 838 4804 pro
889 4733 1149 4803 κατῆλθεν
1189 4753 1199 4788 :
1241 4745 1294 4788 et
1345 4733 1598 4804 Ναζαρέτ
1639 4749 1734 4802 pro
1779 4730 2032 4800 Ναζαρέο
2058 4748 2071 4761 ·

513 4819 574 4856 ac
605 4805 854 4858 nonnulla
884 4805 1050 4857 addit.

586 4873 659 4941 (5)
699 4873 919 4927 Factus.
946 4874 1175 4941 Philipp.
1211 4889 1274 4934 Il,
1306 4874 1356 4926 8.

585 4940 661 5009 (4)
713 4943 926 4997 Primus
977 4954 1022 4996 et
1072 4940 1330 5009 deinceps.
1382 4943 1480 4996 lsa.
1536 4958 1644 5001 χιι.
1704 4940 1758 5006 4,
1815 4941 2008 5008 legitur
2056 4959 2068 4993 :

526 5013 664 5080 Ἐγὼ
687 5019 714 5068 6
737 5015 868 5076 Θεὸς
887 5014 1123 5096 πρῶτος,
1159 5013 1354 5093 καὶθείς
1379 5014 1448 5065 τὰ
1468 5009 1828 5096 ἐπερχόμενα.
1859 5011 2071 5090 Eueap.

515 5099 656 5148 κων,
691 5100 830 5138 vers.
867 5086 899 5137 6
925 5080 946 5139 ί
981 5084 1120 5150 Ἐγὼ
1164 5081 1398 5152 πρῶτος.
1431 5083 1524 5135 καὶ
1551 5080 1659 5152 ἐγὼ
1688 5080 1823 5150 μετὰ
1849 5080 2021 5133 ταῦτα
2061 5099 2072 5134 :

513 5157 841 5208 Altt‘rttll'uttt
870 5171 932 5209 ex
961 5153 1043 5205 his
1069 5155 1200 5206 locis
1225 5153 1461 5219 respicit,
1499 5153 1550 5204 ui
1587 5151 1760 5212 fallor,
1799 5151 2073 5221 Didymus.

514 5223 757 5343 ΗζὲᾓνΙη
793 5227 960 5290 primo
996 5223 1177 5292 λόγῳ.
1219 5223 1301 5274 Au
1346 5223 1560 5291 respicit
1603 5230 1764 5290 caput
1804 5221 1866 5274 51
1921 5222 2075 5289 primi

537 5311 546 5343 ι
570 5310 633 5343 )l'l
659 5334 669 5343 .

537 5293 633 5344 ibri
655 5296 678 5343 ἲ

584 5362 658 5430 (6)
696 5363 967 5431 Regnobit.
1001 5361 1132 5414 an.
1169 5379 1218 5426 ι,
1250 5361 1339 5415 Μ.

587 5428 959 5556 (λ’)οΉίνοιιυε.
1009 5433 1146 5486 Psal.
1201 5446 1348 5495 λων,
1383 5430 1415 5484 8
1472 5429 1611 5484 e19.
1665 5428 1795 5484 Vide
1841 5440 1950 5484 not.
1985 5431 2072 5492 45,

587 5518 634 5556 2.
727 5525 759 5553 ι.

514 5515 634 5567 pag.
671 5515 704 5556 υ
727 5525 759 5553 ι.

587 5571 662 5639 (ὅ)
698 5571 765 5623 Ut
797 5572 861 5624 sit
895 5573 1029 5627 Deus
1052 5573 1226 5625 omnia
1251 5573 1304 5625 in
1337 5571 1597 5624 omnibus.
1630 5570 1904 5625 Celebrent
1938 5570 2078 5620 hunc

517 5637 663 5711 l'auti
696 5641 867 5711 locum
908 5658 1186 5711 perperam
1247 5643 1313 5696 ab
1343 5641 1571 5710 Origene
1601 5648 1878 5711 acceptum
1916 5636 2080 5711 fuisse

517 5707 717 5780 indicat
757 5704 1117 5780 (Hieronymus
1158 5713 1210 5762 in
1251 5711 1388 5764 libro
1415 5704 1661 5780 adversus
1698 5707 1957 5780 Joannem
1985 5704 2080 5758 Je-

519 5777 1129 5841 t‘usolyniitanum“num.
1163 5780 1224 5830 l6
1256 5782 1338 5832 bis
1369 5779 1548 5832 verbis
1576 5797 1586 5828 :
1650 5795 1667 5827 ι
1711 5777 2073 5840 ρυωιιίιιιιιε...

519 5861 584 5896 an
637 5846 881 5902 Ut'ivcois
926 5850 1187 5900 sententia
1231 5848 1297 5899 sit
1350 5862 1506 5909 vera,
1557 5849 1644 5911 qui
1698 5846 1897 5900 dixit...
1940 5845 2080 5914 ipsos

2181 3290 2312 3353 Θεός
2364 3306 2456 3342 σου
2501 3288 2676 3342 ἔλαιον
2720 3288 3094 3357 ἀγαλλιάσεως
3142 3290 3293 3360 παρὰ
3329 3291 3452 3353 τοὺς
3496 3289 3752 3359 μετόχους

2185 3398 2298 3435 σου.
2357 3399 2376 3433 ι
2433 3382 2567 3453 Περὶ
2606 3381 2663 3434 δὲ
2705 3381 2798 3434 τοῦ
2833 3382 3084 3450 γράφειν,
3137 3400 3156 3433 ι
3199 3382 3314 3434 Ἵνα
3433 3383 3462 3434 ὁ
3507 3381 3637 3444 Θεὸς
3686 3383 3752 3433 τὰ

2187 3474 2358 3527 πάντα
2404 3475 2462 3526 ὲν
2518 3475 2706 3538 πᾶσιν,
2756 3492 2773 3525 ι
2833 3473 3066 3543 μάλιστα
3119 3474 3218 3544 μὲν
3276 3473 3600 3544 ἀδιακρίτως
3641 3472 3753 3544 ἔχει

2182 3567 2333 3631 Θεὸν,
2366 3568 2512 3637 ὅμως
2560 3567 2915 3638 παραπλήσια
2942 3565 3129 3620 τούτου
3167 3568 3195 3620 6
3237 3567 3398 3630 αὐτὸς
3439 3565 3754 3627 Ἀπόστολος

2181 3659 2378 3729 γράφει
2408 3659 2535 3730 περὶ
2575 3659 2668 3712 τοῦ
2702 3658 2854 3725 Υἱοῦ,
2909 3660 3200 3730 Ῥωμαίοις
3235 3662 3365 3730 μέν’
3403 3678 3422 3710 ι
3476 3658 3565 3723 Ἐξ
3612 3653 3687 3712 ὧν
3725 3659 3756 3710 ὁ

2181 3747 2414 3820 Χριστὸς
2442 3748 2503 3800 τὸ
2543 3747 2668 3818 [187
2713 3747 2765 3819 b]
2797 3749 2936 3802 κατὰ
2989 3751 3187 3822 σάρκα,
3231 3755 3259 3804 6
3297 3752 3371 3804 ῶν
3406 3752 3498 3804 ἐπὶ
3535 3752 3756 3804 πάντων

2177 3839 2306 3903 Θεὸς
2328 3857 2344 3872 ·
2388 3859 2406 3890 ι
2444 3839 2810 3893 Κολοσσαεῦσι
2848 3841 2904 3894 δὲ
2933 3844 3062 3914 περὶ
3102 3842 3196 3896 τοῦ
3233 3843 3512 3914 μέλλοντος
3559 3842 3756 3905 αἰῶνος

2176 3929 2584 4000 διαλεγόμενος,
2618 3930 2814 3999 φησίν·
2855 3951 2873 3982 ι
2930 3933 3105 3987 Ὅπου
3153 3935 3253 3988 οὑκ
3297 3935 3378 3988 ἔνι
3409 3935 3608 4005 Ἕλλην
3661 3937 3756 3988 καὶ

2192 4022 2460 4084 Ἰουδαῖος,
2491 4021 2724 4092 Σκύθης,
2757 4023 2960 4087 δοῦλος,
2993 4026 3298 4098 ἐλεύθερος,
3321 4026 3454 4080 ἀλλὰ
3481 4026 3550 4079 τά
3577 4027 3754 4079 πάντα

2183 4112 2238 4164 ὲν
2268 4112 2398 4163 πᾶσι
2432 4112 2696 4182 Χριστός·
2741 4132 2760 4164 ι
2792 4115 2886 4166 καὶ
2928 4115 3088 4168 πάλιν
3125 4118 3254 4188 περὶ
3293 4118 3390 4188 τῆς
3432 4117 3754 4187 Ἑκκλησίας

2184 4202 2428 4273 γράφων,
2456 4203 2637 4273 φησιν’
2671 4223 2690 4256 ι
2725 4205 2882 4269 "Huc;
2907 4207 3054 4260 ἐστὶν
3083 4207 3144 4260 τὸ
3173 4207 3329 4270 σῶμα
3357 4207 3449 4261 τοῦ
3476 4208 3544 4260 τά
3576 4208 3752 4260 πάντα

2189 4382 2526 4441 daemones...
2561 4387 2793 4440 humana
2829 4401 2994 4440 carne
3017 4389 3224 4451 vestiri,
3250 4397 3309 4441 ut
3346 4397 3464 4442 acta
3499 4387 3754 4454 deinceps

2191 4454 2504 4524 pteiiiteutia
2542 4467 2665 4524 post
2692 4457 3142 4511 resurrectionem
3191 4460 3374 4512 eodem
3423 4457 3621 4510 circulo
3647 4472 3752 4523 quo

2190 4523 2240 4573 in
2280 4537 2497 4576 carnem
2537 4523 2815 4589 venerant,
2852 4538 3195 4580 revertantur
3243 4529 3307 4580 ad
3340 4529 3590 4580 viciniam
3636 4527 3750 4590 Dei,

2115 4569 2156 4623 θ
2187 4591 2394 4645 liberati
2423 4592 2584 4648 etiam
2616 4569 3174 4661 aereis,:elliereisqiie
3205 4598 3538 4660 corporibus,
3558 4607 3608 4648 et
3629 4569 3753 4648 umé

2177 4663 2359 4732 omnia
2385 4678 2556 4732 genua
2592 4675 2815 4718 cnrvent
2856 4663 2987 4725 Deo,
3024 4668 3356 4728 caelestium,
3389 4667 3748 4727 terrestrium,

2177 4741 2228 4784 et
2280 4730 2647 4795 inferuerunt,
2694 4744 2750 4789 et
2798 4736 2866 4789 sit
2902 4735 3040 4788 Dens
3089 4737 3267 4789 omnia
3309 4734 3359 4787 in
3413 4735 3681 4788 omnibus.
3726 4754 3744 4787 ι

2081 4861 2085 4866 ,
2178 4804 2246 4854 At
2303 4800 2559 4870 Didymus
2607 4805 2855 4858 eumdem
2905 4805 3054 4858 Pauli
3102 4804 3277 4858 locum
3331 4803 3417 4856 hic
3469 4803 3749 4869 eXplicans

2179 4870 2308 4924 nihil
2342 4872 2444 4924 tale
2474 4872 2652 4930 docet.

2249 4941 2323 5009 (9)
2363 4940 2440 4992 Ea
2495 4940 2656 4996 Deum
2691 4945 2920 5010 quidem,
2970 4951 3076 4996 etc.
3109 4941 3350 4995 Similem
3421 4947 3746 5010 sententiam

2179 5021 2271 5062 aut
2292 5009 2710 5082 responsionem
2743 5015 2900 5082 habet
2933 5011 3290 5082 Hieronymus
3333 5010 3384 5064 in
3415 5009 3640 5082 epistola
3678 5010 3782 5082 55;

2179 5081 2244 5131 ad
2269 5078 2588 5150 Amandum,
2620 5097 2846 5148 eamque
2872 5081 3095 5134 fortasse
3122 5078 3189 5150 ex,
3223 5081 3431 5150 Didymi
3467 5094 3748 5132 commen-

2181 5152 2348 5219 tariis
2377 5152 2434 5219 in
2476 5149 2766 5219 Epistolam
2797 5151 3020 5218 primani
3059 5153 3128 5202 ad
3153 5149 3450 5219 Corinthios
3475 5159 3748 5219 mutuatus

2181 5231 2281 5272 est.
2314 5218 2390 5272 Eu
2423 5217 2728 5292 Hieronymi
2765 5217 2922 5274 verba
2951 5237 2962 5271 :
3010 5237 3032 5292 γι
3064 5219 3180 5273 Νοιι
3214 5222 3365 5292 ait”
3408 5218 3474 5274 Ut
3497 5217 3566 5270 sit
3591 5218 3751 5292 Pater

2186 5307 2203 5338 ι
2234 5292 2410 5342 omnia
2457 5292 2509 5343 in
2549 5284 2816 5350 oninibns,
2852 5299 2870 5340 ι
2926 5291 3020 5344 sed
3074 5309 3092 5340 ι
3123 5299 3182 5344 ut
3210 5291 3278 5343 sit
3318 5290 3454 5344 Deus
3490 5304 3502 5340 :
3539 5305 3556 5337 ι
3596 5284 3742 5350 quod

2181 5359 2456 5427 proprium
2495 5376 2685 5413 nomen
2719 5371 2802 5414 est
2833 5359 3115 5414 Trinitatis
3137 5404 3150 5424 ,
3176 5368 3230 5413 et
3263 5369 3368 5412 tam
3395 5359 3458 5410 ad
3488 5358 3700 5410 Patrem
3729 5394 3742 5415 ,

2181 5445 2340 5495 quam
2377 5432 2442 5482 ad
2472 5427 2509 5481 F
2518 5432 2662 5483 ilium
2691 5470 2704 5495 ,
2733 5441 2786 5484 et
2817 5431 3074 5500 Spiritum
3123 5440 3366 5486 sanctum
3408 5427 3598 5482 referri
3648 5440 3746 5494 po-

2183 5508 2303 5551 test.
2337 5517 2355 5548 ι

2253 5568 2364 5698 (1οζ
2418 5568 2498 5622 Ex
2525 5569 2730 5637 quibus.
2773 5569 2926 5623 Rom.
2963 5585 3036 5626 Ix.
3065 5569 3117 5623 5.

2253 5638 2332 5698 (Η
2406 5637 2529 5694 Ubi.
2571 5640 2777 5692 Coloss.
2811 5655 2892 5698 ιιι,
2927 5641 3006 5690 ll.
3044 5637 3117 5691 Vn

2253 5633 2364 5704 (ll)
2406 5633 2545 5694 Ubi.-
2571 5640 2777 5692 Coloss.
2811 5655 2892 5701 ιιι,
2927 5641 3006 5690 ll.
3044 5637 3175 5691 Vide
3200 5648 3311 5691 nol.
3341 5638 3426 5696 1‘2.
3457 5650 3576 5704 pag.
3613 5633 3704 5685 ‘29.

2255 5707 2364 5772 (l2)
2401 5711 2528 5770 Quin
2559 5721 2651 5759 est.
2696 5709 2886 5772 I‘Zpbes.
2931 5725 2966 5761 ι.
3008 5710 3098 5763 25.
3149 5708 3330 5762 Graeca
3376 5706 3579 5763 editio;
3624 5704 3747 5771 ἥτις

2185 5776 2300 5827 ἐστὶ
2324 5776 2382 5827 τὸ
2416 5777 2572 5844 σῶμα
2603 5777 2788 5842 αὑτοῦ,
2816 5778 2874 5829 τὸ
2899 5778 3170 5846 πλήρωμα
3201 5778 3292 5828 τοῦ
3323 5778 3500 5830 πάντα
3530 5775 3587 5825 ὲν
3615 5775 3751 5826 πᾶσι

2186 5846 2579 5915 πληρουμὲμιυ.
2623 5848 2745 5902 Vide
2783 5858 2890 5900 ιιυι.
2935 5847 3016 5910 10,
3047 5864 3163 5917 pag.
3194 5847 3282 5901 ΞΔ,

3781 4904 3786 4932 l
