4112 6410
316 402 418 458 897
1387 403 1462 457 ἿΕ
1502 402 1876 459 ΤΠΙΝΙΤΑΤΕ
1916 403 2117 458 LlBEIl
2160 405 2480 465 TERTIUS.

3450 423 3553 474 898

321 523 370 571 ὲν
406 520 568 571 πᾶσιν
601 519 930 591 πληροῦντος
944 522 1178 592 Χριστοῦ
1206 540 1219 553 ·
1252 543 1269 576 ι
1297 526 1390 577 καὶ
1415 525 1642 594 ἀλλαχοῦ
1665 543 1677 558 ο
1709 543 1726 576 ι
1753 525 1877 596 Χρι-

1991 538 2088 593 pus
2129 524 2330 582 Christi
2355 529 2603 582 omniain
2637 530 2884 585 omnibus
2915 532 3219 602 implentis;
3263 553 3281 586 ι
3313 548 3364 590 ct
3389 537 3551 593 alibi:

317 613 438 673 arb;
473 611 598 680 χθὲς
630 611 721 663 καὶ
752 613 990 685 σήμερον
1027 616 1056 666 6
1104 616 1266 678 αὐτὸς
1287 656 1302 679 ,
1335 617 1428 669 καὶ
1479 621 1557 680 εἰς
1599 617 1724 680 τοὺς
1752 618 1886 671 αίῶ-

313 719 432 765 νας*
485 721 503 753 ι
534 703 628 755 καὶ
666 704 828 757 πάλιν
850 722 862 734 ο
908 724 927 757 ι
969 707 1087 760 Ἶνα
1117 709 1173 762 ἐν
1199 708 1276 778 τῷ
1306 706 1532 779 ’ὀνόματι
1579 710 1752 780 Ἰησοῦ
1780 712 1888 764 πᾶν

311 795 440 863 γόνυ
469 794 663 868 κάμψῃ
687 797 1040 868 ἐπουρανίων,
1068 800 1163 853 καὶ
1193 801 1470 868 ἐπιγείων,
1501 803 1594 856 καὶ
1621 803 1885 873 καταχθο-

309 893 469 941 νίωνο
513 889 608 940 καὶ
651 890 800 941 πᾶσα
840 891 1060 958 γλῶσσα
1111 892 1596 964 ἐξομολογήσεται,
1632 890 1727 957 Εἷς
1775 895 1886 948 Κύ-

313 996 427 1050 ριος
471 980 678 1049 Ἰησοῦς
706 980 956 1051 Χριστός.
1010 1003 1026 1034 ι
1065 985 1174 1038 Καὶ
1221 985 1327 1057 γὰρ
1361 988 1408 1038 εί
1453 987 1526 1057 μὴ
1571 986 1883 1055 διέσφαλται

308 1070 390 1134 τὸ,
428 1089 446 1120 ι
497 1073 584 1124 Ἐν
614 1072 760 1143 αὐτῷ
785 1077 1028 1126 κατοικεῖ
1057 1076 1162 1128 πᾶν
1187 1076 1246 1128 τὸ
1271 1077 1541 1149 πλήρωμα
1573 1078 1669 1147 τῆς
1701 1076 1885 1146 θεότη-

309 1179 426 1225 τος·
459 1182 478 1214 s
505 1164 600 1216 καὶ
625 1164 704 1228 τὸ,
737 1184 758 1216 ι
806 1167 894 1219 Ἐν
919 1167 1064 1237 αὐτῷ
1081 1167 1282 1238 κόσμον
1302 1168 1685 1222 καταλλάσσων
1703 1186 1715 1199 ο
1740 1190 1757 1222 ι
1791 1170 1884 1222 καὶ

309 1253 390 1316 τὸ,
430 1272 448 1304 ι
516 1255 602 1307 Ἐν
636 1255 784 1326 αὑτῷ
833 1257 1092 1328 εὐδόκησε
1156 1262 1262 1314 πᾶν
1293 1261 1354 1313 τὸ
1398 1261 1668 1332 πλήρωμα
1705 1278 1884 1314 κατοι-

310 1344 512 1414 κῆσαι,
543 1347 639 1397 καὶ
679 1345 747 1398 δι’
779 1346 942 1399 αὑτοῦ
990 1348 1428 1414 ἀποκαταλλάξαι
1479 1350 1549 1403 τὰ
1586 1350 1764 1405 πάντα
1803 1352 1883 1410 είς

309 1433 507 1497 αὑτὸν,
557 1453 574 1484 ι
611 1435 731 1504 οὐχὶ
764 1436 821 1488 δὲ
867 1439 946 1500 εἰς
979 1438 1136 1491 ἄλλον
1157 1457 1170 1470 ο
1217 1442 1279 1510 τῇ
1316 1439 1529 1511 θεότητι
1564 1442 1880 1512 αἱρεσιομά-

308 1543 392 1596 χοι
421 1525 789 1598 διεσάφησαν
820 1529 882 1582 οὑ
917 1530 1076 1600 μόνον
1105 1529 1180 1594 ὼς
1213 1531 1327 1602 Υίῴ
1359 1533 1492 1605 πρὸς
1525 1533 1741 1604 Πατέρα
1769 1551 1880 1586 κοι-

307 1617 528 1681 νωνίαν,
561 1618 672 1671 ἀλλ’
709 1619 828 1673 οὐδὲ
866 1621 942 1686 ὡς
969 1621 1106 1694 φίλῳ
1139 1624 1274 1694 πρὸς
1312 1625 1462 1694 φίλον
1496 1624 1712 1694 ἰσότητα
1751 1640 1880 1692 συγ-

307 1709 602 1782 κτητορίας
641 1713 1094 1783 παραχωροῦντες
1133 1715 1303 1785 αὐτῷ.
1353 1714 1616 1782 Ἰωσαφὰτ
1645 1715 1752 1784 γὰρ
1782 1713 1876 1783 βα-

309 1802 491 1866 σιλεὺς
530 1803 703 1858 Ἰούδα
742 1804 878 1874 πρὸς
917 1805 1120 1874 ’ᾼχαὰῦ
1152 1805 1373 1876 βασιλέα
1418 1804 1630 1877 Ἰσραὴλ
1661 1807 1758 1876 τῆς
1788 1821 1876 1872 φι-

1995 635 2012 668 ι
2034 615 2279 672 Christus
2314 619 2430 688 (15)
2472 621 2584 673 heri
2613 631 2668 674 et
2701 621 2859 676 hodie
2889 624 3052 689 idem,
3087 635 3143 679 et
3175 627 3227 681 iu
3259 629 3490 695 secula;
3527 651 3544 682 ι

1987 705 2052 761 Et
2091 722 2314 762 rursus:
2345 727 2364 760 ι
2400 709 2470 764 ιιι
2514 711 2566 764 in
2621 713 2834 766 nomine
2868 714 2980 786 (ll)
3021 715 3144 772 Jcsu
3199 733 3360 774 omne
3412 737 3549 792 genu

1988 793 2237 850 ﬂectatur
2281 798 2611 864 cmlestium,
2636 810 2692 856 et
2727 804 3085 870 terrestrium,
3113 815 3166 859 et
3191 804 3547 874 iul'ernorum,

1985 896 2039 940 et
2061 889 2237 942 omnis
2285 889 2464 959 lingua
2533 893 2877 948 conﬁtebitur
2907 894 3016 963 (15)
3053 913 3066 948 :
3119 897 3266 952 Unus
3299 901 3552 956 Dominus

1984 976 2140 1032 Jesus
2183 977 2450 1034 Christus.
2488 1000 2506 1032 ι
2539 981 2745 1037 Etenim
2777 984 2880 1039 nisi
2916 984 3106 1040 falsum
3135 998 3216 1042 est
3246 989 3372 1044 illud
3402 1011 3415 1045 :
3449 1012 3466 1043 ι
3497 993 3550 1046 lu

1987 1067 2104 1135 ipso
2131 1067 2246 1140 (16)
2278 1071 2485 1125 habitat
2531 1074 2708 1128 omnis
2759 1074 3039 1144 plenitudo
3082 1078 3421 1148 divinitatis;
3449 1102 3468 1133 ι
3499 1096 3552 1137 et

1987 1160 2112 1214 illud
2143 1179 2156 1215 :
2188 1179 2206 1212 ι
2235 1161 2292 1216 1η
2351 1163 2467 1230 ipso
2527 1167 2786 1220 tnundum
2833 1167 2946 1238 (17)
2998 1170 3396 1236 recanciliaus;
3429 1193 3446 1224 ι
3501 1183 3553 1228 ct

1986 1248 2113 1302 illud
2146 1266 2161 1304 :
2201 1270 2220 1302 ι
2254 1251 2308 1304 In
2335 1253 2451 1322 ipso
2501 1253 2832 1322 complacuit
2893 1255 3004 1326 (18)
3044 1261 3219 1313 omnis
3276 1259 3552 1329 plenitudo

1983 1339 2246 1405 habitare,
2282 1353 2335 1396 et
2363 1358 2458 1410 per
2487 1357 2607 1396 cum
2646 1347 2993 1402 reconciliare
3007 1349 3189 1404 omnia
3220 1350 3272 1404 in
3311 1351 3506 1420 ipsum,
3526 1373 3544 1403 ι

1985 1446 2088 1484 nou
2127 1433 2331 1489 verojn
2367 1434 2565 1501 alium;
2604 1435 2649 1491 si
2687 1437 2820 1503 hme,
2858 1438 3095 1507 inquam,
3125 1456 3250 1495 vera
3276 1453 3424 1508 sunt,
3461 1461 3551 1514 ap-

1983 1533 2134 1588 paret
2161 1523 2270 1595 (19)
2318 1526 2440 1580 illos
2482 1544 2578 1596 pro
2634 1543 2730 1582 sua
2785 1529 2976 1585 haeresi
3025 1543 3322 1602 pugnantes
3361 1536 3548 1590 deitati

1983 1614 2180 1669 bellum
2237 1617 2458 1685 inferre,
2507 1622 2703 1690 quippe
2734 1624 2823 1691 qui
2852 1622 3068 1678 Christo
3099 1641 3202 1679 nou
3247 1627 3405 1682 modo
3433 1636 3550 1682 tan-

1984 1723 2144 1776 quam
2191 1709 2328 1794 Filjo
2359 1714 2799 1768 communionem
2843 1731 2966 1770 cum
3015 1715 3170 1770 Patre
3208 1726 3426 1788 negant,
3458 1734 3548 1774 ve-

1983 1815 2101 1852 rum
2134 1813 2203 1854 ne
2235 1801 2410 1870 ipsum
2442 1803 2658 1872 quidem
2698 1816 2946 1874 tanquam
2976 1806 3232 1873 amicum,
3284 1807 3545 1877 aequalem

307 1893 428 1957 λίας
465 1894 561 1964 τὴν
595 1895 878 1949 κοινωνίαν
913 1895 1337 1966 ἐνδεικνύμενος,
1379 1895 1562 1963 ἔλεγεν
1583 1913 1594 1925 ·
1629 1915 1647 1946 ι
1680 1896 1877 1960 Καθὼς

1979 1891 2114 1944 cum
2140 1891 2315 1945 amico
2353 1907 2717 1960 possessorem
2766 1910 2825 1950 ac
2869 1896 3147 1950 dominum
3182 1912 3302 1952 esse
3350 1913 3544 1954 conce-

305 1986 397 2046 ab,
432 2003 449 2035 ι
484 1985 670 2055 φησὶν,
708 2004 726 2037 ι
764 1984 937 2049 οὕτως
982 1985 1138 2054 κὰγὼ
1161 2003 1174 2017 ο
1212 1989 1306 2039 καὶ
1347 1986 1529 2050 καθὼς
1557 1988 1584 2039 6
1610 1986 1731 2050 λαός
1761 2003 1888 2051 σου,

303 2075 477 2140 οὕτως
506 2077 601 2129 καὶ
631 2079 659 2129 6
695 2077 822 2140 λαός
855 2094 954 2148 μου
975 2093 988 2106 ·
1033 2077 1128 2131 καὶ
1157 2077 1338 2142 καθὼς
1364 2080 1413 2132 οἱ
1450 2079 1604 2132 ἵπποι
1640 2097 1752 2139 σου,
1787 2081 1874 2132 οῦ-

305 2185 412 2230 τως
454 2168 548 2220 καὶ
587 2168 637 2221 οἱ
690 2169 842 2221 ἵπποι
897 2185 999 2239 μου
1028 2186 1042 2200 ο
1098 2189 1116 2221 s
1171 2171 1262 2223 καὶ
1303 2169 1383 2240 τῷ
1423 2173 1548 2243 παρ’
1596 2171 1759 2225 αὑτοῦ
1803 2171 1878 2244 μὴ

303 2257 580 2328 τεχθέντι,
626 2259 724 2328 τῆς
755 2259 891 2322 ιδίας
932 2259 1206 2330 προετίθει
1254 2260 1531 2330 βασιλείας
1569 2263 1872 2332 ὀμοτιμίαν.

316 2345 546 2414 Ὁμοίως
576 2345 630 2398 δὲ
666 2347 898 2409 καὶτοῖς
942 2346 1210 2420 μαθηταῖς
1246 2343 1312 2418 ἦν
1335 2387 1348 2408 ,
1382 2350 1546 2419 φησι,
1602 2351 1742 2403 κατὰ
1780 2351 1876 2422 τὴν

307 2435 530 2505 Γραφὴν
577 2435 666 2488 διὰ
715 2435 805 2489 τὸν
851 2437 1085 2507 Χριστὸν
1135 2438 1348 2492 ἅπαντα
1401 2439 1553 2492 κοινὰ
1600 2441 1692 2492 καὶ
1739 2442 1875 2512 ἀμέ-

309 2543 489 2596 ριστα.
555 2526 930 2598 ’Λναιδέστερα
976 2527 1154 2580 τοίνυν
1203 2529 1270 2581 τὰ
1323 2529 1616 2597 αἱρετικῶν
1660 2533 1876 2602 ῥήματα

303 2617 416 2669 τῶν
452 2616 545 2669 τοῦ
600 2617 865 2673 διαϐόλου.
905 2618 1144 2683 Ἐκεῖνος
1180 2620 1310 2688 1188
1351 2619 1404 2691 a]
1439 2621 1535 2692 μὲν
1562 2621 1670 2692 γὰρ
1693 2624 1720 2675 6
1745 2623 1874 2676 Θεο-

303 2711 473 2780 μισὴς
503 2709 598 2780 τὴν
654 2711 961 2782 οἰκονομίαν
988 2712 1197 2764 οὐδέπω
1226 2711 1434 2783 μαθὼν,
1466 2711 1563 2783 τὴν
1595 2713 1683 2765 ὅτε
1721 2715 1874 2783 ἡμῖν,

303 2800 424 2854 τότε
452 2802 545 2854 καὶ
583 2802 834 2871 ἀγγέλοις
872 2804 1206 2872 γνωσθεῖσαν
1232 2819 1246 2831 ’
1291 2803 1306 2871 (
1336 2820 1353 2853 ι
1389 2801 1542 2855 οὔπω
1579 2821 1597 2853 ι
1640 2801 1748 2873 γὰρ
1787 2803 1878 2855 αὐ-

302 2894 753 2965 χηματικώτερόν
781 2911 954 2964 φημι,
991 2895 1078 2947 ὅτε
1116 2895 1210 2946 καὶ
1241 2895 1306 2947 δι’
1341 2893 1517 2965 ἡμῶν,
1559 2894 1876 2964 πειθόμενος

306 2985 502 3056 Παύλῳ
549 2986 797 3057 φανερῶς
831 2984 1221 3056 φθεγγομένῳ·
1273 3004 1291 3036 ι
1335 2985 1450 3038 Ἵνα
1482 2985 1754 3056 γνωρισθῇ
1783 2984 1876 3036 νῦν

301 3079 422 3140 ταῖς
462 3078 657 3147 ἀρχαῖς
689 3078 782 3130 καὶ
810 3079 928 3140 ταῖς
964 3077 1232 3142 ἐξουσίαις
1275 3077 1363 3131 διὰ
1407 3077 1504 3146 τῆς
1556 3076 1872 3147 Ἐκκλησίας

1979 1980 2132 2034 dunt.
2163 1980 2293 2034 Nam
2325 1980 2580 2052 losaphat
2615 1999 2705 2038 rex
2739 1983 2870 2038 Jutlu
2899 1997 2956 2037 ut
2985 2001 3135 2040 suam
3169 2001 3295 2056 erga
3328 1988 3541 2041 Achaa-

1980 2072 2106 2124 bum
2143 2072 2255 2142 (20)
2281 2089 2457 2141 regem
2492 2075 2706 2130 lsraelis
2737 2076 2990 2131 amicitiz'c
3016 2077 3329 2132 societatem
3362 2089 3546 2134 osten-

1982 2172 2139 2227 taret,
2192 2163 2504 2232 inquiebat:
2542 2183 2559 2215 ι
2589 2165 2738 2220 Sicut
2787 2175 2838 2220 tu
2885 2166 3018 2237 (21),
3079 2167 3159 2222 sic
3196 2177 3249 2221 et
3291 2183 3426 2238 ego;
3494 2178 3548 2222 et

1979 2254 2118 2308 sicut
2153 2255 2378 2324 populus
2403 2265 2550 2319 tuus,
2589 2257 2663 2310 ita
2709 2267 2764 2311 et
2805 2257 3036 2326 populus
3073 2275 3260 2323 meus;
3311 2271 3366 2314 et
3408 2263 3548 2313 sicut

1978 2346 2098 2413 equi
2143 2347 2241 2408 tui,
2270 2347 2348 2400 sic
2389 2355 2443 2402 et
2474 2348 2598 2417 equi
2627 2350 2758 2415 mei;
2788 2368 2806 2401 ι
2843 2365 2907 2403 ac
2931 2350 3001 2413 ei,
3035 2351 3122 2418 qui
3149 2352 3216 2403 ab
3255 2352 3368 2419 ipso
3398 2353 3549 2419 geni-

1983 2443 2065 2489 tus
2102 2452 2206 2490 non
2240 2438 2433 2504 fuerat,
2468 2439 2728 2508 aequalem
2761 2440 2978 2510 proprio
3005 2441 3056 2494 in
3098 2457 3262 2510 regno
3289 2442 3546 2496 honorem

1978 2525 2256 2583 all‘erebat.
2320 2528 2588 2586 Similiter
2647 2545 2775 2586 vero
2830 2534 2997 2586 etiam
3060 2533 3342 2602 discipulis
3391 2545 3548 2588 erant

1979 2631 2197 2688 prepter
2239 2619 2514 2675 Christum
2573 2622 2750 2676 omnia
2806 2623 3136 2690 communia,
3185 2633 3242 2676 ut
3285 2633 3546 2678 testantur

1981 2710 2277 2780 Scriptura:
2306 2709 2443 2781 (22),
2491 2724 2547 2767 et
2589 2713 2836 2768 indivisa.
2877 2713 3304 2782 lmpudeutiores
3358 2714 3544 2784 itaque

1979 2801 2198 2856 diabolo
2239 2813 2368 2858 sunt
2419 2804 2679 2869 hzereticl,
2713 2804 3541 2874 maioremqueiuverecundiam

1981 2893 2170 2946 borum
2215 2894 2355 2948 dicta
2393 2907 2501 2961 prae
2527 2909 2585 2948 se
2613 2895 2822 2949 ferunt.
2855 2894 2993 2948 Nam
3034 2895 3125 2950 ille
3153 2895 3247 2949 Dei
3296 2896 3566 2975 inimicus_

1979 2999 2099 3037 eum
2137 2984 2599 3048 lncaruationem,
2634 2998 2760 3054 quae
2791 3000 2896 3039 non
2936 2985 3084 3054 prius
3124 2986 3347 3056 angelis,
3385 3001 3544 3055 quam

1981 3073 2136 3128 nobis
2185 3083 2307 3126 nota
2349 3072 2491 3126 facta
2521 3083 2628 3136 est,
2681 3074 2917 3128 nondum
2967 3084 3294 3142 compertam
3327 3076 3548 3129 haberet

303 3169 337 3239 ἡ
383 3167 761 3231 πολυποίκιλος
805 3169 898 3220 τοῦ
947 3167 1080 3221 Θεοῦ
1137 3166 1354 3235 σοφία),
1415 3185 1432 3218 ι
1482 3167 1575 3219 καὶ
1607 3166 1692 3219 διὰ
1721 3167 1876 3219 τοῦτο

1981 3164 2262 3231 (namcqu
2290 3165 2468 3234 aliqua
2493 3164 2757 3232 jactautia
2787 3166 2906 3220 dico
2933 3166 3255 3230 utendum,»
3285 3167 3541 3235 quoniam

304 3259 586 3330 πειράζειν
612 3258 846 3331 τολμῶν,
871 3262 935 3330 τῇ
961 3259 1179 3328 ἐξουσίᾳ
1209 3257 1580 3327 κατελίμπανε
1624 3256 1718 3309 τοῦ
1764 3260 1877 3311 Σω-

303 3351 502 3422 τῆρος,
533 3349 700 3404 εἰπών
720 3367 735 3382 ο
768 3370 785 3402 ι
830 3351 892 3404 Εἰ
930 3351 1055 3414 Υἱὸς
1101 3346 1154 3403 εἴ
1175 3348 1269 3402 τοῦ
1300 3347 1460 3412 Θεοῦ,
1494 3348 1619 3418 βάλε
1657 3350 1880 3402 σεαυτὸν

304 3442 475 3495 κάτω.
515 3462 532 3494 ι
561 3437 720 3496 Οὗτοι
746 3442 823 3506 δὲ,
853 3441 913 3495 τὸ
942 3443 1042 3511 τῆς
1077 3441 1226 3504 θείας
1257 3441 1348 3493 καὶ
1382 3439 1662 3510 ἀφράστου
1690 3441 1880 3511 γεννή-

307 3549 462 3598 σεως,
489 3535 610 3586 ὅσον
641 3534 702 3586 τὸ
729 3534 814 3586 ἐπ’
846 3533 1048 3598 αὐτοῖς,
1081 3532 1447 3602 παραλύοντες
1486 3529 1722 3601 ἀξίωμα,
1753 3532 1878 3601 τρό-

304 3641 406 3677 πον
431 3625 554 3678 τινὰ
579 3624 668 3678 τὸν
699 3623 914 3677 αἰώνιον
940 3623 1331 3693 ἐκμοχλεύουσι
1357 3623 1563 3695 θρόνον,
1597 3611 1689 3675 καί
1715 3621 1879 3692 διορί-

306 3712 488 3778 ζοντες
511 3713 806 3781 φάσκουσιν
831 3727 845 3741 ’
887 3712 1245 3782 ’Λπιστοῦμέν
1275 3730 1355 3767 σοι
1387 3713 1630 3780 λέγοντι·
1671 3729 1690 3762 ι
1737 3710 1877 3780 Ἐγὼ

307 3804 403 3858 καὶ
431 3807 460 3857 6
485 3805 672 3876 Πατὴρ
703 3804 760 3857 ἓν
785 3806 976 3876 ἐσμεν·
1013 3824 1031 3856 ι
1069 3805 1178 3866 καὶ,
1205 3824 1222 3855 ι
1245 3806 1448 3866 Πάντα,
1467 3804 1568 3856 ὅσα
1593 3803 1704 3873 ἔχει
1723 3804 1876 3857 ὁΠα-

303 3894 430 3965 τὴρ,
472 3894 583 3964 ἐμά
613 3898 779 3948 ἐστιν.
833 3913 852 3946 s
912 3895 1269 3964 Ἀπιστοῦμεν
1311 3895 1367 3947 δὲ
1391 3895 1540 3948 οὐδὲν
1574 3891 1736 3966 ἦττον
1777 3894 1873 3947 καὶ

303 3985 383 4054 τῷ
412 3985 529 4056 Θεῷ
567 3987 659 4040 καὶ
699 3987 874 4057 Πατρὶ
913 3987 1205 4055 φάσκοντι·
1243 4004 1261 4038 ι
1297 3978 1467 4050 Οὗτός
1506 3989 1651 4041 ἐστιν
1693 3989 1721 4039 6
1752 3986 1878 4049 Υἱός

307 4093 410 4146 μου
460 4078 488 4129 6
517 4078 818 4146 ἀγαπητὸς,
868 4079 926 4130 ὲν
965 4071 1010 4144 ᾧ
1049 4077 1337 4148 εὐδόκησα.
1381 4098 1400 4131 s
1438 4078 1544 4130 Τοῦ
1597 4077 1875 4146 βασιλικοῦ

303 4166 574 4236 κατάϐηθι
597 4167 806 4236 θρόνου.
833 4169 910 4219 Δι’
933 4166 968 4220 ἆ
1007 4168 1154 4238 παρὰ
1187 4168 1263 4238 τῷ
1295 4170 1477 4239 Λουκᾷ
1506 4169 1562 4220 ὲν
1594 4168 1873 4239 παραϐολῇ

302 4258 509 4326 φρικτὰ
541 4257 898 4325 ἀποφαίνεται
927 4257 1055 4328 περὶ
1081 4258 1280 4312 αὐτῶν.
1305 4259 1463 4327 Λέγει
1495 4259 1602 4330 γὰρ
1637 4262 1747 4322 τοῖς
1775 4260 1877 4327 ἀγ-

301 4345 516 4414 γέλοις·
554 4363 573 4396 ι
617 4346 753 4410 Τοὺς
788 4346 1011 4418 ἐχθρούς
1049 4365 1150 4418 μου
1180 4348 1400 4412 τούτους
1449 4350 1573 4411 τοὺς
1601 4347 1676 4419 μὴ
1717 4348 1876 4418 θελή-

381 4640 490 4707 (15)
532 4639 794 4694 Christus.
837 4639 999 4694 Hebr.
1026 4654 1146 4698 xm.
1181 4637 1235 4693 8.

1980 3267 2074 3321 per
2119 3269 2215 3306 nos
2265 3269 2483 3323 quoque
2538 3270 2600 3308 ea
2647 3254 2852 3325 angelis
2895 3255 3146 3321 innotuit,
3176 3256 3220 3310 si
3277 3258 3406 3311 ﬁdes
3451 3257 3547 3311 ha-

1978 3342 2152 3395 benda
2192 3353 2276 3396 est
2322 3342 2488 3396 Paulo
2537 3343 2820 3397 manifeste
2865 3343 3026 3411 393
3087 3343 3344 3412 inquienti
3378 3361 3392 3397 :
3426 3363 3442 3394 ι
3481 3343 3546 3398 Ut

1978 3432 2280 3486 innotescat
2345 3433 2455 3504 (25)
2523 3449 2664 3488 nunc
2706 3436 3115 3503 principatibus,
3158 3447 3212 3488 et
3253 3437 3541 3502 potestati-

1978 3524 2076 3578 bus
2105 3523 2218 3594 (24)
2250 3539 2344 3592 per
2374 3524 2669 3579 Ecclesiam
2705 3525 3049 3581 multiformis
3073 3519 3174 3580 Dei
3198 3527 3458 3594 sapientia
3473 3525 3540 3595 ι),

1975 3623 2134 3682 atque
2211 3614 2313 3668 hac
2378 3617 2446 3668 de
2498 3630 2661 3668 causa
2723 3615 3058 3670 Salvatorem
3119 3622 3327 3669 tentare
3378 3629 3541 3670 ausus

1977 3713 2144 3770 esset,
2199 3705 2370 3760 libero
2422 3703 2666 3773 ejusdem
2702 3704 2928 3758 arbitrio
2967 3703 3210 3772 permisit
3255 3712 3310 3757 ut
3341 3703 3542 3760 faceret

1975 3794 2118 3864 quod
2167 3796 2345 3860 vellet,
2403 3795 2628 3849 dicens:
2667 3811 2685 3842 ι
2710 3792 2764 3846 Si
2803 3793 2970 3848 Filius
3001 3794 3111 3866 (25)
3151 3793 3240 3848 Dei
3273 3809 3352 3861 es,
3389 3797 3542 3850 mitte

1978 3896 2030 3942 te
2079 3888 2355 3941 deorrum.
2385 3906 2404 3938 ι
2442 3889 2508 3940 At
2538 3903 2665 3941 vero
2714 3888 2765 3941 bi
2800 3886 2993 3941 divina:
3049 3895 3103 3940 et
3139 3885 3420 3950 iueﬂ'abilis
3449 3902 3542 3956 ge.

1977 3978 2279 4034 nerationis
2328 3979 2668 4049 dignitatem,
2715 3987 2976 4049 quantum
3019 3978 3071 4031 iu
3099 3978 3228 4046 ipsis
3257 3988 3358 4044 est,
3388 3993 3544 4034 ever-

1975 4078 2173 4134 tentes,
2239 4070 2626 4138 sempiternum
2670 4069 2921 4126 thronum
2953 4068 3346 4136 quodammodo
3374 4085 3540 4122 excu-

1976 4163 2135 4226 tiunt,
2173 4173 2337 4231 atque
2368 4162 2440 4216 ita
2472 4171 2734 4225 statuunt,
2784 4170 2838 4215 et
2882 4161 3170 4228 inquiunt:
3206 4159 3321 4213 Non
3364 4163 3541 4215 credi-

1979 4270 2099 4309 mus
2149 4254 2266 4319 tibi,
2293 4269 2415 4307 cum
2439 4253 2578 4308 dicis
2608 4270 2622 4306 :
2654 4271 2671 4304 ι
2699 4253 2809 4322 Ego
2839 4251 2949 4323 (26)
2979 4257 3031 4306 et
3063 4251 3220 4304 Pater
3249 4267 3413 4304 unum
3450 4269 3540 4306 su-

1978 4361 2099 4400 mus
2119 4362 2133 4410 ;
2156 4355 2208 4400 et
2232 4364 2244 4400 :
2284 4363 2302 4397 ι
2322 4344 2513 4399 Omnia
2535 4344 2647 4416 (27)
2666 4358 3004 4415 quacunque
3033 4343 3194 4397 habet
3218 4340 3396 4408 Pater,
3422 4359 3539 4398 mea

1901 4643 1948 4702 ι)
1979 4635 2202 4720 ’ξομοιός
2232 4653 2343 4706 μοι,
2377 4636 2697 4720 ὃμοιόςκσοι·
2725 4635 2798 4698 ὡς
2821 4637 2848 4687 6
2874 4632 3392 4720 λαόςμουᾏόλαός
3423 4650 3534 4720 σοῦ’

379 4702 486 4776 (14ῗ
531 4708 594 4762 Ut
640 4711 692 4762 iu
736 4711 960 4762 nomine.
1013 4707 1241 4778 Philipp.
1285 4723 1356 4772 ιι,
1403 4707 1469 4760 10
1513 4714 1568 4760 et
1599 4705 1687 4760 11.
1738 4703 1868 4760 Vide

1978 4702 2122 4769 ὼςόί
2153 4702 2308 4758 ἵπποι
2341 4702 2461 4776 μου,
2487 4707 2538 4758 οἱ
2562 4707 2717 4758 ἵπποι
2734 4721 2860 4778 μσου,
2893 4705 2940 4755 id
2967 4702 3070 4767 est,
3103 4721 3121 4752 ι
3150 4702 3352 4778 Similis
3383 4705 3535 4763 mihi,

308 4793 420 4830 Itot.
457 4779 517 4832 l5
550 4795 665 4832 hac.
695 4778 784 4832 29.

379 4795 870 4916 iiéf’éii'fiuﬁiimr
924 4857 1031 4900 etc.
1085 4845 1270 4900 Graeca
1333 4845 1639 4916 editio,_et
1681 4842 1873 4916 Latina

311 4912 590 4970 translatio
613 4912 684 4970 ε’(
711 4917 1064 4980 Couiiteatur,
1099 4917 1223 4984 quia
1254 4915 1514 4971 Dominus
1541 4912 1875 4983 .Iesus_Chri-

306 4994 422 5038 stus
449 4987 500 5037 iu
538 4986 704 5052 gioria
731 4995 814 5040 est
848 4987 938 5039 Dei
969 4984 1168 5039 Patris.
1202 5004 1221 5036 ι
1410 4985 1424 4998 ⁸

379 5054 492 5124 (16)
531 5053 597 5124 In
634 5055 765 5124 ipso.
804 5054 1008 5109 Coloss.
1041 5070 1101 5120 ιι,
1133 5055 1186 5124 92

377 5122 488 5192 (17)
548 5123 613 5176 1η
654 5122 782 5185 ipso
834 5126 1107 5177 mundum.
1147 5122 1190 5176 ll
1253 5123 1380 5178 Cor.
1419 5140 1470 5186 ν.
1540 5124 1620 5178 l9.
1678 5123 1868 5179 Cra-ca

308 5194 508 5269 g-ditio:
555 5193 612 5244 ὲν
642 5193 882 5264 Χριστῷ,
917 5194 968 5247 id
1002 5203 1085 5248 est
1120 5212 1140 5246 ι
1188 5195 1240 5248 in
1281 5193 1496 5250 Christo
1531 5209 1545 5244 :
1587 5212 1606 5245 ι
1640 5209 1734 5263 pro
1757 5211 1774 5244 ι
1813 5193 1864 5246 iu

307 5274 442 5326 Ipso.
478 5281 496 5312 ι

379 5331 488 5400 (18)
517 5331 584 5384 lu
609 5333 720 5398 ipso
749 5332 1078 5400 complacuit.
1121 5331 1323 5386 Coloss.
1355 5349 1392 5397 ι,
1431 5333 1516 5397 19,
1548 5332 1640 5388 20.

377 5400 489 5469 (19)
548 5402 1207 5472 Αρρατει,ίθιο.γϐοιιειι,
1261 5402 1637 5472 αἱρεσιομάχοι
1693 5401 1870 5472 διεσάέ

307 5472 669 5540 φησανηυιιιιι
707 5471 864 5525 lectio
900 5471 1111 5526 videtur
1151 5471 1426 5524 mendosa.
1472 5471 1583 5540 Ego
1620 5472 1697 5524 sic
1729 5471 1863 5524 verti

306 5539 456 5601 quasi
512 5538 564 5591 in
591 5537 778 5595 ϐιαιοο
824 5542 1130 5609 legeretur:
1177 5537 1596 5612 αἰρεσιομάχόυς
1643 5541 1866 5604 ἑαυτοὺς

301 5605 656 5660 διεσάφησαν.

336 5623 656 5674 ιεσαφησαν.

375 5625 848 5744 (ἒᾛςηιῗῗέίιαὺυηι.
893 5679 1005 5732 Non
1031 5678 1272 5742 Achabo,
1297 5681 1390 5733 sed
1416 5677 1634 5733 Joramo
1661 5679 1865 5734 Achabi

305 5741 424 5816 ﬁlio
449 5741 518 5816 ea
544 5747 682 5816 dixit
707 5747 980 5816 Josaphal,
1012 5765 1131 5816 quae
1172 5741 1265 5802 hic,
1296 5750 1548 5802 citantur.

377 5814 489 5884 (21)
528 5815 674 5870 Sicut
707 5828 780 5871 tu.
811 5814 926 5872 Lib.
960 5814 1187 5887 lVlleg.
1220 5834 1300 5884 In,
1332 5821 1383 5872 7.
1421 5819 1589 5872 lliblia
1623 5818 1818 5872 habent
1851 5836 1862 5869 :

1974 4777 2166 4830 similis
2211 4778 2300 4828 tibi
2335 4772 2353 4841 ξ
2415 4778 2552 4828 sicut
2590 4773 2813 4843 populus
2853 4787 3038 4838 meus,
3092 4772 3319 4840 pupulus
3373 4785 3534 4837 tuus;

1973 4846 2112 4900 sicut
2155 4845 2275 4912 equi
2315 4846 2416 4897 mei
2450 4883 2464 4905 ,
2499 4846 2622 4912 equi
2653 4845 2749 4897 tui.
2789 4863 2806 4893 ι

2045 4913 2157 4982 (22)
2196 4911 2503 4982 Scriptura.
2538 4911 2658 4967 Aet.
2689 4927 2760 4975 Iv,
2796 4911 2885 4966 52.

2044 4980 2155 5052 (25)
2173 4981 2237 5035 Ut
2265 4980 2571 5036 innotescat.
2601 4982 2791 5049 Ephes.
2827 4998 2906 5044 ιιι,
2936 4980 3024 5035 10.
3052 4981 3291 5052 Joannes
3319 4993 3534 5046 quoque

1973 5050 2391 5125 Chrysostomus
2429 5052 2491 5125 in
2539 5053 2784 5125 oratione
2833 5062 3012 5125 conligi
3049 5050 3343 5125 ᾼῃοηιωοε,
3382 5064 3538 5125 anno

1971 5117 2172 5176 ChriSti
2209 5123 2310 5176 587
2349 5117 2738 5183 ΙιιιιιὶιειξιιΙΙιιιΟ
2769 5124 2934 5173 hocce
2961 5119 3109 5172 Pauli
3147 5118 3282 5178 loco,
3315 5117 3504 5182 subjun
3527 5147 3539 5158 -

1969 5192 2041 5268 git
2067 5203 2194 5268 tom.
2219 5193 2407 5268 |,_pag.
2437 5190 2540 5243 474
2567 5189 2926 5268 ξΜεθλῄμῶν
2955 5190 3047 5268 καὶ
3066 5188 3139 5268 6'3
3163 5187 3318 5268 ἡμῶν
3348 5187 3538 5268 αἰιᾶνω

1968 5255 2234 5330 Δυνάμεις
2259 5255 2502 5326 ἔγνωσαν
2529 5259 2597 5312 τὰ
2626 5255 2912 5330 ἁπόρρὴτα
2937 5259 3030 5314 τοῦ
3063 5255 3342 5328 βασιλέως,
3376 5257 3426 5309 id
3459 5267 3539 5308 est

1974 5348 1992 5380 ι
2027 5331 2326 5392 nobiscum,
2380 5339 2433 5383 et
2482 5345 2579 5398 per
2625 5343 2722 5383 nos
2762 5345 3006 5397 superna:
3057 5331 3282 5380 virtutes
3328 5335 3535 5378 δραι-(ιιι

1969 5399 2132 5469 Regis
2165 5409 2552 5469 cognoverunt.
2573 5417 2591 5450 ι
2732 5467 2755 5469 _
2914 5444 2923 5452 .

2044 5463 2158 5537 ('24)
2200 5463 2267 5520 Et
2308 5469 2666 5536 potestatibus.
2719 5467 2904 5521 Graeca
2953 5464 3116 5519 editio
3158 5463 3244 5518 hic
3277 5463 3444 5526 addit,
3480 5465 3538 5517 ἐν

1973 5541 2087 5601 τοῖς
2118 5537 2485 5609 ἐπουρανίοις,
2503 5538 2551 5589 id
2575 5546 2654 5589 est
2690 5553 2710 5609 ι
2737 5539 2787 5609 in
2817 5537 3126 5609 cmlestihus
3149 5551 3162 5586 :
3183 5551 3204 5586 ι
3233 5549 3351 5604 qua:
3377 5537 3537 5589 verba

1975 5623 2044 5661 nc
2081 5605 2336 5678 Didymus
2362 5607 2578 5678 quidem
2606 5606 2789 5678 omisit
2819 5620 2988 5678 segni.
3020 5605 3087 5659 90
3109 5619 3162 5659 α.

2047 5674 2262 5746 (~25)'Si
2297 5676 2486 5746 Filius.
2524 5675 2708 5746 Matt_h__.
2749 5689 2824 5737 tv,
2855 5674 2910 5729 6.

2048 5741 2158 5813 (‘26)
2198 5749 2328 5812 Ego.
2359 5744 2514 5813 .loa_n.
2551 5760 2602 5808 ιι,
2644 5741 2730 5795 50.

2049 5811 2159 5885 (27)
2201 5811 2411 5867 Omnia.
2441 5811 2594 5868 Juan.
2629 5826 2742 5878 XVI,
2777 5811 2862 5865 15.
