4108 6436
551 449 652 507 899

1789 424 2022 481 DlDYMl
2060 417 2522 475 ALEXANDRINI

3684 416 3791 470 900

549 565 692 612 sunt.
727 573 745 606 ι
792 551 971 622 Neque
1021 563 1148 603 vero
1191 547 1447 616 majorem
1496 543 1652 596 fidem
1691 541 1950 594 habemus
1996 535 2107 588 Deo

2235 532 2422 593 ταντάς
2456 547 2520 600 με
2556 528 2865 598 βασιλεῦσαι
2894 530 2978 580 ἐπ’
3007 527 3220 591 αὐτοὺς,
3268 527 3502 594 ἀγάγετε
3539 519 3669 587 ὦδε,
3700 527 3790 577 διαὶ

550 658 602 700 et
630 646 771 700 Patri
803 642 1002 698 dicenti
1034 659 1048 695 :
1085 657 1103 691 ι
1131 638 1226 692 llic
1253 647 1336 693 est
1363 636 1472 707 (‘28)
1501 633 1667 700 Filius
1692 645 1843 686 meus
1865 628 2116 685 dilectus,

2226 619 2603 688 κατασφάξατε
2639 618 2944 690 ἔμπροσθέν
2972 636 3092 688 μου.
3141 637 3158 668 ι

553 741 605 792 iu
640 755 750 807 quo
798 739 933 792 bene
977 733 1296 806 complacui.
1330 749 1348 782 ι
1407 730 1589 798 Itaque
1628 743 1692 781 ex
1743 726 1888 794 regio
1915 723 2116 774 throno
2154 717 2440 769 descende.
2489 715 2630 769 lline
2674 715 2751 778 ﬁt,
2799 722 2858 767 ut
2899 713 3159 766 terribilia
3221 712 3287 763 de
3350 711 3482 780 ipsis
3515 713 3650 778 apud
3681 709 3793 762 Ln-

551 845 671 884 cam
725 830 778 882 in
859 826 1116 897 parabola
1198 820 1685 892 pronuntiaverit;
1756 817 1832 869 ait
1879 813 2022 868 enim
2075 807 2280 876 angelis
2327 824 2339 860 :

2401 825 2418 857 ο
2457 807 2562 860 llos
2619 821 2766 860 meos
2821 805 2933 875 (29)
2980 805 3270 869 inimicos,
3345 803 3437 872 qui
3507 804 3794 858 noluerunt

553 937 640 977 me
691 931 920 990 regnare.
969 931 1132 986 super
1185 915 1352 983 ipsos,
1402 911 1579 964 ducite
1629 910 1757 972 huc,
1795 914 1848 960 et
1880 908 2113 957 mactate
2150 912 2332 951 coram
2365 913 2471 951 me.
2499 917 2516 948 ι

1169 1003 1323 1058 CAP.
1367 1002 1509 1057 XXI.

628 1099 763 1155 Cum
813 1113 876 1151 ea
929 1111 1048 1164 qua:
1097 1094 1163 1147 ad
1215 1091 1579 1163 designandas
1629 1091 1894 1145 humanas
1921 1085 2120 1141 Christi

556 1191 865 1247 aﬂ‘ectiones
893 1189 1037 1244 dicta
1069 1195 1194 1241 sunt
1222 1186 1275 1239 in
1307 1185 1614 1252 Scriptura,
1645 1183 1755 1237 Deo
1779 1179 1979 1241 Verbo,
2017 1193 2120 1230 non

558 1299 695 1340 vero
747 1281 1084 1346 teconomiae,
1139 1280 1189 1332 id
1245 1286 1326 1332 est
1376 1273 1762 1338 lncarnationi,
1807 1269 2120 1340 applicanda

563 1389 686 1430 esse
712 1371 824 1443 (50)
860 1372 1025 1426 velint
1075 1369 1334 1433 haeretici,
1379 1367 1548 1430 aiunt,
1597 1380 1718 1419 eum
1763 1363 1961 1414 factum
2003 1372 2123 1411 esse

555 1481 775 1520 carnem
807 1463 1162 1515 inanimatam
1194 1476 1207 1512 :
1243 1469 1296 1512 et
1327 1457 1482 1528 quasi
1516 1453 1833 1525 ptenitentia
1867 1465 1975 1520 pra:
2003 1462 2124 1517 ago-

557 1558 646 1612 nia
673 1556 868 1609 duclus
918 1553 1028 1623 (5|)
1082 1552 1239 1604 fuerit
1267 1552 1331 1613 is,
1363 1549 1451 1616 qui
1480 1559 1564 1601 est
1594 1560 1821 1614 magnus
1854 1544 1993 1596 Deus
2021 1540 2124 1592 im-

555 1646 850 1710 mutabilis,
882 1654 939 1698 et
965 1647 1335 1711 incorruptus,
1370 1647 1462 1692 aut
1489 1638 1644 1707 quasi
1678 1653 1741 1690 ex
1778 1632 2120 1696 necessitate,

555 1754 659 1791 non
694 1752 823 1790 vero
861 1734 1180 1795 voluntarie.
1235 1743 1288 1786 et
1330 1731 1558 1784 libenter
1601 1727 1809 1798 agonia
1856 1724 2124 1778 obnoxius

557 1827 742 1891 fuerit,
792 1836 882 1879 aut
910 1823 1066 1894 quasi
1114 1823 1278 1876 etiam
1336 1821 1560 1874 omnino
1611 1835 1718 1872 nou
1775 1815 2027 1886 potuerit,
2084 1813 2128 1866 si

571 1918 856 1981 voluisset,
917 1931 979 1969 ca
1025 1916 1248 1977 evitare,
1307 1927 1426 1981 quae
1473 1913 1526 1964 in
1571 1923 1730 1963 cruce
1785 1922 1972 1975 passus
2027 1915 2128 1970 est,

561 2019 974 2065 contemnentes
1030 2021 1172 2069 eam,
1203 2019 1324 2074 qua:
1361 2003 1509 2056 nullo
1544 2001 1702 2056 modo
1739 1997 2131 2054 contemnenda

559 2110 666 2163 csr,
735 2099 1011 2160 deitatem,
1062 2095 1236 2149 eidem
1281 2094 1607 2162 exprobrant
1643 2102 1696 2146 et
1725 2090 1875 2153 illud,
1906 2089 2048 2158 quod
2078 2087 2130 2140 in

559 2190 810 2243 Matthazo
867 2187 1109 2256 legitur:
1157 2184 1364 2237 «Pater
1422 2182 1558 2253 (52),
1611 2182 1656 2234 si
1719 2179 1974 2250 possibile
2026 2185 2131 2240 est,

564 2291 801 2335 transeat
847 2279 987 2331 calix
1044 2277 1147 2330 iste
1176 2294 1190 2339 ;
1218 2295 1235 2322 ι
1273 2285 1325 2328 et
1372 2274 1498 2328 illud
1531 2291 1544 2326 :
1585 2294 1601 2324 ι
1635 2272 1791 2325 Salva
1819 2270 1930 2339 (55)
1961 2283 2046 2324 me
2067 2284 2132 2321 ex

563 2374 665 2426 hac
718 2371 891 2434 hora;
928 2387 944 2419 ι
983 2378 1036 2422 et
1091 2367 1242 2428 illud,
1303 2368 1443 2434 quod
1472 2366 1522 2418 in
1559 2378 1719 2418 cruce
1753 2362 1955 2415 dictum
1991 2359 2128 2413 fuit:

566 2455 757 2510 «Deus
803 2471 980 2518 meus,
1035 2456 1178 2508 Ileus
1227 2453 1338 2523 (54)
1387 2468 1556 2516 meus,
1600 2465 1768 2521 quare
1802 2448 2133 2518 dereliquiin

563 2547 722 2600 me?»
757 2555 809 2598 et
847 2544 976 2598 illud
1008 2562 1020 2597 :
1055 2563 1071 2595 t
1096 2542 1287 2597 Tristis
1313 2543 1424 2611 (55)
1467 2551 1549 2595 est
1591 2541 1766 2593 anima
1810 2554 1924 2593 mea
1964 2551 2136 2606 usque

561 2637 626 2689 ad
698 2645 962 2698 mortem;
997 2652 1014 2683 ι
1084 2644 1138 2687 et
1195 2635 1338 2701 quod
1397 2631 1731 2701 lacrymatus
1791 2629 1902 2699 (56)
1965 2628 2128 2683 fuerit

562 2739 781 2795 propter
809 2724 974 2796 394
1033 2724 1331 2786 Lazarum;
1376 2731 1431 2775 ct
1473 2721 1616 2789 quod
1669 2720 1829 2775 veluti
1875 2719 2136 2788 defatiga-

563 2829 650 2871 tus
691 2817 804 2888 (57)
855 2832 919 2869 ex
970 2816 1164 2868 itinere
1209 2813 1553 2880 requieverit,
1601 2821 1651 2864 et
1703 2811 1840 2880 quod
1880 2809 2135 2873 oraverit,

520 2969 528 2976 ,
561 2920 616 2961 et
648 2910 826 2962 cibqu
857 2905 1200 2974 appetiverit,
1241 2912 1295 2957 et
1319 2901 1494 2964 sitim,
1529 2911 1587 2955 et
1621 2916 1869 2954 somnum
1907 2901 1958 2954 in
1996 2899 2140 2952 navi-

565 2999 683 3052 cnla
751 3011 939 3065 passus
997 2997 1069 3050 sit
1112 2994 1304 3063 (apage
1373 2991 1797 3058 inﬁdelitatem);
1857 3001 1910 3044 et
1969 2991 2136 3044 illud:

2841 990 2998 1042 ΚΕΦ.
3041 990 3171 1043 KA'.

2291 1082 2632 1154 Προσάπτειν
2664 1080 2764 1133 πού
2802 1095 2883 1134 τοι
2911 1080 2988 1150 τῷ
3022 1081 3140 1150 Θεῷ
3163 1081 3340 1149 Λόγῳ,
3375 1081 3468 1133 καὶ
3507 1077 3568 1132 ού
3605 1085 3671 1152 τῇ
3712 1085 3792 1136 ol-

2220 1175 2482 1245 κονομίᾳ,
2533 1175 2602 1226 τά
2653 1172 3096 1244 ἀνθρωποπαθῶς
3144 1171 3405 1242 λεχθέντα
3460 1172 3795 1243 βουλόμενοι,

2221 1266 2399 1336 σάρκα
2473 1265 2676 1334 ἄψυχον
2737 1264 3060 1335 γεγενῆσθαι
3130 1265 3290 1318 αὑτὸν
3351 1265 3634 1333 λέγουσιν·
3702 1269 3799 1320 καὶ

2219 1357 2420 1411 ὡσανεὶ
2454 1358 2543 1410 ὑπ’
2584 1355 2824 1424 ἀγωνίας
2855 1355 3276 1426 μεταμελομένῳ
3302 1357 3380 1428 τῷ
3421 1358 3675 1429 ἀτρέπτῳ
3704 1360 3799 1412 καὶ

2221 1451 2481 1522 ἀκηράτφ
2521 1449 2740 1520 μεγάλῳ
2781 1447 2934 1518 Θεῷ,
2969 1447 3002 1517 ἢ
3047 1448 3124 1510 ὡς
3165 1447 3223 1514 ἐξ
3253 1449 3531 1519 ἀνάγκης,
3577 1450 3671 1503 καὶ
3699 1451 3800 1518 οὐχ

2222 1543 2398 1594 ἐκοντὶ
2443 1542 2536 1593 καὶ
2580 1540 2849 1610 ἀσμένως,
2920 1539 3014 1592 ἐπὶ
3052 1537 3178 1610 [188
3216 1537 3266 1610 b]
3309 1539 3512 1610 ταύτην
3549 1539 3757 1592 ἐλθόντι
3783 1579 3799 1598 .

2219 1634 2253 1704 ἢ
2300 1634 2394 1686 xai.
2439 1633 2514 1695 ὠς
2571 1631 2646 1702 μὴ
2671 1631 2950 1701 δυναμένῳ
2981 1630 3078 1701 τὴν
3127 1630 3328 1701 ἀρχὴν,
3385 1633 3434 1684 εἰ
3480 1631 3691 1703 ἤθελεν,
3731 1632 3802 1685 τὰ

2231 1723 2358 1795 περὶ
2390 1722 2480 1775 τὸν
2521 1721 2751 1791 σταυρὸν
2791 1721 3127 1790 ἀποστῆσαι·
3168 1719 3310 1772 οὕτω
3346 1720 3802 1791 περιφρονοῦντες

2231 1816 2328 1884 τῆς
2359 1813 2804 1882 άκαταφρονήτου
2832 1811 3104 1880 θεότητος,
3135 1809 3484 1875 ὀνειδίζουσιν
3523 1811 3669 1879 αὑτῷ
3707 1813 3801 1864 καὶ

2231 1905 2292 1958 τὸ
2332 1905 2389 1956 ἐν
2423 1903 2684 1972 Ματθαίῳ
2718 1903 3114 1972 ἐμφερόμενον·
3153 1920 3171 1952 ‹
3214 1902 3396 1971 Πάτερ
3418 1942 3432 1963 ,
3477 1905 3524 1954 εἰ
3556 1903 3799 1968 δυνατὸν,

2197 1994 2548 2066 ’παρελθέτω
2583 1993 2645 2046 τὸ
2689 1996 2946 2063 ποτήριον
2993 1993 3187 2045 τοῦτο·
3229 2012 3247 2044 ›
3293 1994 3499 2056 καὶτὸ,
3557 2015 3574 2046 ‹
3621 1994 3801 2046 Σῶσόν
3844 2013 3852 2019 ’

2237 2105 2302 2158 με
2331 2090 2394 2141 ἐκ
2429 2088 2526 2158 τῆς
2561 2086 2709 2157 ὥρας
2743 2085 2972 2156 ταύτης·
3010 2105 3028 2137 ι
3067 2087 3158 2138 καὶ
3191 2086 3249 2138 τὸ
3275 2087 3332 2138 ἐν
3364 2085 3442 2156 τῷ
3481 2087 3699 2157 σταυρῷ
3727 2089 3805 2139 εί·

2236 2180 2500 2251 ρημένον·
2541 2199 2559 2230 ‹
2609 2178 2710 2230 Θεέ
2751 2196 2871 2248 μου,
2919 2178 3018 2230 Θεέ
3067 2194 3191 2248 μου,
3242 2179 3327 2231 ἵνα
3360 2179 3411 2231 τί
3450 2179 3801 2247 ἐγκατέλιπές

2238 2291 2337 2342 με;
2375 2291 2392 2323 ›
2425 2272 2516 2324 καὶ
2547 2271 2627 2333 τὸ,
2677 2290 2695 2322 t
2744 2269 3043 2341 Περίλυπός
3070 2271 3215 2321 ἐστιν
3249 2271 3280 2339 ὴ
3310 2269 3455 2339 ψυχή
3503 2286 3601 2339 μου
3645 2271 3804 2339 μέχρι

2235 2363 2462 2417 θανάτου
2485 2379 2496 2390 ·
2540 2383 2556 2415 ι
2587 2362 2681 2416 xai.
2711 2363 2770 2414 τὸ
2793 2360 3060 2431 δακρῦσαι
3090 2361 3248 2415 αὑτὸν
3288 2361 3381 2412 ἐπὶ
3412 2358 3646 2430 Λαζάρῳ
3667 2377 3678 2388 ·
3706 2362 3802 2412 καὶ

2235 2456 2294 2507 τὸ
2324 2455 2521 2506 ὡσανεὶ
2547 2453 2911 2506 κεκοπιακότα
2937 2452 2996 2515 ἐξ
3035 2451 3338 2520 ὁδοιπορίας
3369 2433 3799 2504 ἀναπαύσασθαι·

2236 2545 2328 2597 καὶ
2357 2544 2419 2596 τὸ
2459 2541 2893 2614 προσεύξασθαι·
2945 2543 3038 2596 καὶ
3063 2543 3162 2612 τὴν
3204 2542 3303 2610 τῆς
3341 2542 3542 2613 τροφῆς
3577 2541 3762 2610 ἔφεσιν
3788 2559 3803 2573 ·

2237 2636 2330 2687 καὶ
2361 2634 2458 2704 τὴν
2481 2634 2668 2703 δίψαν·
2693 2634 2785 2686 καὶ
2813 2631 2902 2684 τὸν
2939 2631 3029 2684 ἐπὶ
3057 2630 3149 2684 τοῦ
3183 2631 3423 2700 σκάφους
3451 2630 3616 2682 ὕπνον
3639 2648 3650 2659 ·
3682 2627 3804 2698 (φεῦ

2235 2725 2334 2794 τῆς
2364 2723 2724 2786 κακοπιστίας
2747 2723 2797 2793 ί)
2828 2722 2923 2775 κα).
2959 2721 3039 2786 τὸ,
3071 2741 3089 2772 t
3134 2720 3310 2792 Ὠφθη
3345 2720 3572 2788 ἄγγελος
3601 2719 3806 2789 Κυρίου

2239 2814 2498 2884 ἐνισχύων
2541 2814 2702 2868 αὐτόν
2727 2832 2742 2847 ·
2783 2833 2800 2865 ι
2834 2815 2928 2866 καὶ
2960 2815 3059 2866 ὃσα
3101 2813 3347 2867 τοιαῦτα.
3387 2807 3481 2872 Οἷς
3511 2809 3808 2864 ἀντιϐαίνει

2241 2904 2403 2958 πάλιν
2455 2905 2547 2956 καὶ
2592 2902 2949 2956 ἐπανίσταται
2993 2903 3056 2954 τὸ
3097 2901 3483 2973 μαρτυρεῖσθαι
3531 2899 3670 2952 κατὰ
3706 2899 3805 2968 τὴν

2241 2994 2469 3066 θεότητα
2522 2992 2660 3046 εἶναι
2718 2994 2812 3048 ίσα
2889 2993 3040 3064 Θεῷ·
3092 2996 3185 3047 κα).
3227 2994 3301 3056 ὼς
3340 2993 3527 3045 ἐαυτὸν
3575 2992 3805 3044 ἐκένωσε

571 3107 590 3139 ι
619 3089 878 3155 Apparuit
905 3086 1017 3154 (58)
1049 3086 1271 3154 angelus
1308 3083 1516 3138 Domini
1557 3084 1917 3138 corroborans
1948 3097 2124 3146 eumn

2247 3086 2460 3156 μορφὴν
2485 3085 2672 3138 δούλου
2691 3084 2868 3139 λαϐὼν
2887 3101 2901 3114 ·
2933 3086 3026 3138 καὶ
3047 3086 3146 3139 ὅσα
3171 3085 3510 3156 προείρηται.
3542 3084 3654 3136 Καὶ
3680 3083 3812 3136 αὐτὸ

567 3189 620 3233 ct
648 3181 750 3233 alia
788 3179 869 3232 his
895 3177 1092 3231 alliuia.
1131 3177 1236 3231 Sed
1269 3174 1536 3230 licerelicis
1579 3175 1709 3245 ipsis
1749 3175 1986 3228 vicissim
2031 3173 2128 3226 ad-

569 3279 857 3324 versantur
913 3284 976 3320 ac
1018 3275 1319 3336 repugnant
1356 3265 1672 3334 Scripturze,
1714 3280 1832 3332 qua:
1866 3272 2134 3318 testantur

567 3377 690 3415 eum
743 3359 1039 3414 secundum
1099 3358 1356 3412 deitatem
1410 3370 1531 3412 esse
1583 3355 1844 3424 aequalem
1907 3355 2049 3422 Deo;
2081 3365 2134 3410 et

568 3451 916 3518 semetipsum
945 3449 1308 3510 exinauivisse
1333 3449 1560 3500 lortnam
1597 3446 1737 3500 servi
1778 3446 2093 3514 accipiendo
2116 3485 2132 3509 ,

568 3555 624 3596 et
654 3558 714 3596 ea
746 3543 949 3607 omnia,
987 3556 1104 3610 qua:
1136 3550 1293 3592 antea
1326 3538 1465 3592 dicta
1497 3547 1643 3591 sunt.
1669 3536 1812 3602 Quin
1846 3538 2007 3590 etiam
2035 3537 2134 3591 hoc

567 3633 744 3700 ipsum
797 3633 876 3684 eis
927 3633 1269 3692 adversatur,
1311 3628 1454 3696 quod
1494 3642 1619 3682 cum
1681 3628 1875 3682 ﬁducia
1909 3627 2133 3692 dixerit,

572 3739 591 3772 ε
613 3719 825 3784 Pater,»
854 3719 1061 3786 etquod
1089 3719 1205 3787 ipse
1231 3718 1432 3783 omnia,
1451 3733 1571 3786 quze
1593 3717 1826 3770 animata
1845 3728 1990 3783 sunt,
2022 3719 2138 3771 aui-

569 3809 816 3872 maverit,
848 3817 902 3861 et
929 3809 1072 3876 quod
1106 3821 1383 3875 nunquam
1417 3807 1574 3876 quasi
1609 3807 1853 3861 minister
1881 3807 1959 3861 sic
1988 3807 2136 3860 locu-

570 3911 654 3954 tus
683 3902 752 3954 sit
784 3918 799 3954 :
839 3917 857 3950 ι
882 3899 937 3953 lu
967 3900 1187 3953 nomine
1226 3899 1345 3962 Dei,
1380 3917 1397 3949 ι
1441 3910 1532 3953 aut
1571 3898 1794 3954 «Patris
1842 3898 1946 3952 mei
1998 3899 2089 3953 [int
2115 3919 2133 3950 ι

567 4006 732 4043 unum
774 4005 841 4044 cx
883 3990 950 4042 iis
988 3989 1288 4056 miraculis,
1324 4005 1442 4056 qua:
1480 3989 1646 4052 fecit;
1683 3990 2129 4057 quemadmodum

565 4081 814 4150 discipuli
846 4080 966 4150 ejus
999 4081 1125 4145 illis,
1157 4097 1386 4148 quorum
1438 4081 1612 4134 morbi
1649 4091 1839 4134 curatu
1875 4079 2137 4143 diﬂieiles,

564 4188 862 4243 quorumve
909 4189 1136 4242 corpora
1181 4174 1392 4226 inlirma
1439 4183 1613 4235 erant,
1655 4187 1718 4225 ac
1767 4171 2002 4239 putrida,
2057 4171 2138 4224 di-

564 4268 776 4329 cebant,
812 4285 829 4316 ι
852 4265 908 4318 lu
942 4266 1160 4319 nomine
1192 4264 1300 4332 (59)
1325 4263 1450 4318 Jesu
1485 4265 1684 4318 Christi
1722 4279 1902 4333 surge,
1929 4282 1946 4314 ι
1983 4270 2140 4330 atque

565 4358 614 4410 in
670 4357 1035 4425 omnipotenti
1073 4356 1176 4408 isto
1251 4365 1303 4410 et
1361 4355 1564 4424 iuclyto
1606 4355 1823 4409 nomine
1862 4368 1925 4408 ea
1974 4351 2140 4406 facie-

565 4448 714 4512 bant,
754 4463 876 4516 qua:
899 4462 1092 4500 omnes
1123 4446 1283 4500 simul
1315 4456 1585 4500 creaturae
1642 4445 1820 4498 facere
1866 4460 1971 4498 non
2000 4453 2148 4514 pote-

563 4552 727 4606 rant;
758 4541 866 4593 ‘sed
918 4539 1134 4606 propria
1186 4548 1455 4605 potestate
1508 4538 1737 4592 virtutes
1791 4537 2134 4606 operabatur,

2238 3177 2423 3240 τοῦτο,
2472 3177 2532 3229 τὸ
2583 3178 2756 3228 εἰπεῖν
2789 3174 3132 3246 πεποιθήσει,
3189 3194 3206 3226 ο
3251 3175 3461 3245 Πάτερ·
3509 3191 3527 3224 ι
3589 3173 3680 3225 καὶ
3729 3173 3812 3225 ὅτι

2233 3271 2394 3332 αὐτὸς
2449 3270 2625 3323 πάντα
2667 3268 2734 3321 τὰ
2781 3267 2998 3338 ἔμψυχα
3050 3267 3250 3338 ψυχοῖ·
3300 3267 3390 3321 καὶ
3421 3266 3503 3318 ὅτι
3561 3266 3659 3335 οὐχ
3732 3264 3809 3328 ὡς

2236 3361 2508 3433 ὑπουργὸς
2566 3358 2865 3429 ἐφθέγξατό
2927 3375 3086 3412 ποτε·
3129 3377 3146 3409 t
3188 3359 3275 3410 Ἐν
3331 3356 3408 3427 τῷ
3453 3356 3672 3426 ὀνόματι
3715 3355 3810 3408 τοῦ

2235 3451 2390 3514 Θεοῦ,
2417 3451 2490 3520 »ἢ
2524 3469 2542 3501 t
2581 3449 2674 3503 τοῦ
2719 3449 2932 3520 Πατρός
2975 3466 3074 3519 μου
3112 3448 3351 3516 γενέσθω
3378 3465 3398 3499 ι
3433 3447 3490 3500 ἓν
3521 3441 3595 3500 ὧν
3627 3445 3813 3514 ἐποίη-

2239 3560 2297 3596 σε
2322 3543 2646 3612 θαυμάτων,
2690 3541 2836 3595 καθὰ
2882 3543 2931 3594 οἱ
2994 3541 3234 3613 μαθηταὶ
3281 3541 3444 3593 αὑτοῦ
3475 3543 3584 3603 τοῖς
3628 3557 3684 3592 τε
3722 3539 3814 3592 δυο

2239 3634 2435 3695 σιάτως
2466 3632 2649 3702 ἔχουσι
2709 3632 2802 3684 καὶ
2841 3633 2954 3694 τοῖς
2985 3632 3170 3702 σαθρῷ
3211 3630 3422 3701 σώματι
3455 3628 3813 3700 κεχρημένοις

2239 3723 2424 3791 ἔλεγον
2443 3739 2456 3754 ·
2490 3741 2507 3772 t
2551 3722 2640 3774 Ἐν
2661 3719 2737 3789 τῷ
2755 3721 2978 3790 ὀνόματι
3013 3721 3188 3791 ’1ησοῦ
3215 3721 3448 3792 Χριστοῦ
3477 3719 3752 3789 ἐγέρθητι·
3788 3737 3805 3768 ι

2240 3817 2333 3868 καὶ
2365 3815 2423 3865 ἐν
2455 3813 2531 3883 τῷ
2566 3812 2958 3883 παντοδυνάμῳ
3000 3810 3092 3865 καὶ
3132 3811 3343 3864 εὐκλεεῖ
3378 3811 3602 3880 ὀνόματι
3641 3808 3817 3878 τούτῳ

2239 3905 2476 3965 ἐποίουν,
2512 3905 2613 3956 ὅσα
2651 3898 2718 3973 ἦν
2763 3907 2828 3974 τῇ
2875 3903 3048 3956 κτίσει
3080 3902 3216 3972 ὁμοῦ
3266 3903 3414 3972 πάσῃ
3459 3899 3652 3970 δρᾶσαι
3690 3896 3816 3950 ἁδύ-

2240 4014 2374 4050 νατα
2395 4014 2408 4028 ·
2439 3995 2552 4048 ἀλλ’
2583 3993 2687 4065 ἰδίᾳ
2715 3994 2930 4065 ἐξουσίᾳ
2957 3995 3176 4064 ἐνήργει
3214 3993 3492 4062 δυνάμεις,
3522 3986 3816 4057 συνεχώρει

2243 4087 2550 4157 ἁμαρτίας,
2595 4085 2770 4152 λέγων
2820 4085 3136 4156 βασιλικῶς·
3203 4105 3219 4134 ε
3292 4081 3588 4152 ’Λφέωνταί
3638 4095 3718 4130 σοι
3759 4077 3816 4129 αἱ

2241 4177 2366 4248 [l89
2390 4177 2442 4248 u]
2474 4177 2768 4249 ἁμαρτίαι·
2808 4197 2825 4230 ι
2863 4178 2928 4230 ἐκ
2974 4176 3065 4230 τοῦ
3095 4176 3218 4247 ᾅδου
3247 4174 3580 4246 ἐξήρπαξεν,
3622 4169 3816 4240 δαίμο-

2242 4285 2337 4332 νας
2368 4267 2716 4337 ἐφυγάδευεν,
2747 4269 2813 4336 τῇ
2847 4265 3087 4336 θαλάσσῃ
3119 4265 3557 4336 ἐμϐριμούμενος
3590 4261 3815 4314 ἐπέτατ-

2242 4376 2368 4412 τεν·
2424 4379 2441 4410 ι
2483 4357 2668 4412 Σιώπα
2690 4397 2704 4421 ,
2739 4357 3058 4427 πεφίμωσο·
3101 4376 3116 4408 ι
3152 4358 3264 4417 τοῖς
3299 4355 3519 4424 ἀνέμοις
3560 4351 3818 4420 ἐπετίμα,

2254 4452 2347 4504 καὶ
2380 4449 2642 4514 ἐκόπαζον
2671 4467 2683 4479 ·
2714 4446 2790 4517 τῷ
2823 4447 3014 4517 Πέτρῳ
3047 4446 3168 4510 δοὺς
3209 4446 3306 4508 τὰς
3338 4445 3482 4507 κλεῖς
3523 4442 3616 4496 τοῦ
3649 4443 3819 4512 οὐρα-

2254 4544 2367 4606 νοῦ,
2414 4543 2628 4609 ἔλεγεν·
2665 4559 2681 4590 t
2733 4543 2798 4591 Ὂ
2845 4539 2939 4591 ἐὰν
2984 4538 3181 4610 λύσητε
3222 4539 3314 4590 ἐπὶ
3361 4539 3458 4607 τῆς
3489 4537 3621 4607 γῆς,
3668 4535 3822 4588 ἔσται

562 4641 786 4701 peccata
823 4630 1152 4691 dimittebat,
1205 4638 1256 4682 et
1302 4628 1617 4698 imperando
1644 4630 1938 4698 inquiebat,
1981 4650 1998 4682 ι
2025 4634 2129 4705 lle—

2235 4638 2526 4707 λελυμένον
2569 4635 2626 4685 ἐν
2670 4634 2784 4694 τοῖς
2829 4631 3114 4700 οὐρανοῖς·
3149 4631 3246 4689 καὶ
3276 4629 3304 4682 ὃ
3350 4629 3443 4683 ἐὰν
3489 4629 3687 4698 δήσητε
3732 4628 3825 4677 ἐπὶ

562 4724 847 4776 mittuntur
883 4720 993 4788 (i0)
1025 4721 1122 4772 tibi
1161 4730 1405 4789 peccata,
1433 4739 1451 4770 ι
1509 4735 1574 4773 ex
1626 4720 1834 4774 inferno
1877 4722 1985 4793 (Η)
2028 4727 2137 4777 eri-

634 4923 745 4990 (28)
796 4921 893 4973 llic
917 4929 1013 4976 est.
1054 4919 1238 4990 Matth.
1266 4935 1351 4978 ιιι.
1383 4921 1475 4981 l7:
1521 4935 1653 4988 xvii,
1685 4922 1738 4977 5.

633 4989 745 5062 ('29)
789 4990 1094 5062 Ηοενιηιιοε.
1130 4989 1258 5046 Luc.
1298 5005 1408 5062 xix,
1443 4991 1535 5046 27.

633 5061 1110 5130 (ὅθγΛρρίίεαηάα
1139 5075 1264 5111 esse.
1293 5061 1468 5130 Codex
1505 5061 1862 5130 ;.ῌροσάπτει
1895 5067 1999 5118 πού
2031 5085 2134 5119 τοι,

567 5125 868 5196 Ιιρᾴθιὲιὶιιιιι
907 5144 1137 5181 censeo:
1165 5128 1506 5198 Προσάπτειν
1538 5125 1700 5182 οὗτοι.

635 5200 745 5267 (51)
790 5198 1167 5274 “renitentia...
1197 5202 1405 5274 ductus.
1437 5200 1637 5274 Codex,
1671 5204 2134 5274 μεταμελωμένῳ.

568 5269 712 5339 Lege
741 5267 1220 5339 μεταμελουμένῳ,
1250 5269 1330 5320 vel
1367 5267 1816 5339 μεταμελομένη).

637 5337 749 5410 (52)
795 5337 969 5410 Peter.
1008 5338 1195 5390 Matth.
1235 5352 1382 5410 xxvi,
1419 5339 1507 5410 59.
1542 5337 1713 5410 lliblia
1746 5361 1756 5393 :
1790 5340 1973 5410 Πάτερ
2007 5359 2131 5410 μου,

570 5406 880 5486 είβυνατόν
931 5407 1065 5469 ἐστι,
1105 5406 1413 5476 παρελθέτω
1462 5408 1554 5459 ἀπ’
1583 5407 1716 5476 ἐμοῦ
1761 5409 1820 5459 τὸ
1873 5406 2131 5481 ποτήριον

573 5493 740 5531 τουτο.

635 5548 746 5668 (55)
788 5543 965 5599 Salva.
996 5542 1150 5598 Joan.
1183 5560 1280 5608 xu,
1309 5543 1401 5598 '27.

635 5616 725 5668 (54
789 5615 946 5668 Deus.
979 5615 1164 5668 Matth.
1202 5631 1372 5668 xxvii.

635 5616 699 5676 is;

638 5683 746 5752 (55)
790 5683 999 5737 Tristis.
1047 5685 1214 5740 Marc.
1262 5699 1375 5745 xw,
1406 5686 1494 5747 5i,
1543 5698 1597 5737 et
1640 5685 1828 5740 Matth.
1866 5702 2007 5752 xxvi,
2043 5687 2132 5741 58.

568 5752 764 5823 Sedibi
795 5755 986 5823 legitur
1010 5753 1114 5816 ἓως
1149 5769 1244 5823 pro
1281 5752 1465 5823 μέχρι.

637 5819 750 5885 (3‘3)
790 5819 1161 5874 Ξιὰίδνι-διιιαιιηζ
1186 5819 1455 5887 1οηὴ,”ᾖίι,
1485 5823 1572 5877 55,

789 5615 946 5670 Deus.
979 5615 1164 5668 Matth.
1202 5631 1372 5678 xxvii,
1409 5615 1579 5677 46,ex
1601 5615 1741 5669 Psal.
1771 5631 1878 5677 xxi.
1909 5632 2048 5670 vers.
2077 5619 2130 5671 l.
2159 5654 2164 5656 -

2246 4731 2343 4797 τῆς
2369 4727 2490 4796 γῆς’
2519 4723 2669 4774 ἕπαί
2696 4721 2974 4792 δεδεμένον
3003 4723 3057 4773 ὲν
3092 4723 3201 4782 τοῖς
3237 4722 3512 4791 οὖρανοῖς’
3554 4740 3570 4770 ι
3601 4718 3678 4788 τῷ
3716 4720 3824 4769 Λα-

2316 4927 2430 4998 (57)
2475 4925 2834 4998 Defatigatus.
2871 4923 3025 4978 Joau.
3057 4924 3220 4998 tv,_6.

2312 4988 2425 5064 (58)
2467 4988 2744 5064 Apparuit,
2771 4993 2900 5064 an.
2928 5009 3060 5064 xxu,
3089 4995 3176 5064 45.
3196 4994 3380 5064 Grieca
3407 4991 3608 5064 editio:
3639 4988 3816 5058 Ὠφθη

2238 5067 2293 5120 δὲ
2321 5061 2489 5135 ἀὐτῷΔ
2512 5061 2741 5135 ἄγγελος
2775 5063 2867 5135 ἀπ’
2907 5063 3136 5135 ούρανοῦ
3167 5062 3429 5130 ἐνισχύων
3455 5061 3636 5113 αὐτόν.

2310 5135 2423 5200 (59)
2448 5133 2531 5186 ⁷1η
2564 5133 2793 5184 nomine.
2833 5134 2950 5186 Act.
2984 5148 3065 5197 Ill,
3099 5133 3152 5188 6.

2309 5205 2421 5269 (40)
2463 5202 2839 5255 Remittuumr.
2872 5202 2997 5253 Luc.
3032 5217 3164 5263 xvn,
3195 5201 3281 5255 48.

2309 5274 2423 5339 (ll)
2468 5271 2551 5324 Ex
2581 5271 2808 5339 inferno.
2842 5270 2919 5323 Ne
2946 5273 3067 5338 quis
3099 5271 3496 5338 Origenismum
3530 5270 3616 5324 hic
3646 5270 3816 5322 latere

2237 5338 2562 5406 suspicetur,
2587 5338 2955 5392 animadverto
2978 5340 3207 5408 primum
3239 5341 3452 5407 quidem
3477 5341 3614 5394 hanc
3641 5339 3811 5404 ipsam

2234 5427 2262 5462 a
2297 5408 2833 5480 Didymol‘ormulam
2872 5409 3113 5480 adhiberi
3160 5425 3331 5480 segni.
3367 5408 3475 5480 192
3499 5425 3554 5473 (ι,
3587 5410 3810 5480 n_hi_n_ou

2235 5480 2304 5532 de
2335 5475 2734 5548 reprobis.rsed
2791 5477 3108 5548 deLazaro
3155 5475 3380 5533 loquens
3431 5478 3503 5531 ait
3533 5493 3554 5529 ι·
3579 5476 3639 5542 ἐξ
3687 5475 3810 5548 ᾅδου

2237 5546 2586 5618 ὑποστρέφει,
2611 5547 2659 5600 id
2687 5556 2771 5618 est
2808 5565 2827 5598 ι
2852 5547 2928 5601 Ex
2958 5546 3170 5618 inferno
3206 5557 3512 5618 revertetur
3523 5566 3536 5600 :
3563 5565 3582 5598 ι
3617 5546 3811 5618 deinde

2239 5632 2366 5669 vero
2399 5615 2518 5670 cum
2559 5617 2826 5684 respicere
2884 5619 2984 5669 hoc
3037 5618 3088 5670 in
3142 5617 3257 5670 loco
3304 5618 3428 5668 illud
3483 5615 3709 5671 Joannis
3754 5615 3807 5666 in

2237 5688 2555 5756 Apocalypsi
2596 5701 2686 5748 xx,
2740 5686 2840 5740 l5:
2874 5704 2891 5735 ι
2927 5684 2994 5738 Et
3043 5702 3210 5748 mors,
3260 5695 3316 5756 et
3355 5685 3596 5739 infernus
3645 5686 3808 5737 dede-

2241 5764 2366 5807 runt
2404 5755 2643 5809 Ilttil'lllos
2671 5770 2815 5820 suos,
2837 5774 2854 5806 ι
2891 5765 2945 5808 et
2975 5757 3114 5821 quod
3145 5757 3211 5808 de
3243 5755 3463 5807 Christo
3500 5756 3566 5807 ad
3607 5757 3810 5808 inferos

2243 5824 2618 5892 descendente,
2652 5834 2704 5878 et
2743 5834 2958 5879 sanctos
2993 5824 3115 5880 inde
3153 5825 3314 5878 veluti
3352 5824 3671 5879 extrahente
3711 5826 3805 5877 duo
