4112 6410
243 393 335 451 θοι
1293 389 1376 442 DE
1416 384 1790 443 TRINITATE

1924 383 2032 438 BER
2071 384 2390 442 TERTIUS.
3362 384 3466 440 909.

245 507 384 578 ζάρῳ
444 501 870 576 παρεκελεύετο·
937 521 954 554 1
1014 502 1180 574 Δεῦρο
1230 505 1293 556 ὲκ
1348 505 1532 572 τάφων
1577 503 1713 568 ἔξω·
1780 520 1797 553 ι

1924 499 2107 563 iiebat,
2155 501 2427 554 daemones
2477 497 2717 568 fugabat,
2751 497 2882 551 mari
2921 495 3206 552 minaciter
3249 499 3468 556 manda-

247 596 413 660 ’Δλλῳ
447 594 842 667 προσέταττεν·
894 612 911 645 ι
967 594 1265 657 Νεανίσκε,
1325 593 1612 664 ἐγέρθητι·
1665 611 1681 644 ι
1729 590 1804 662 τῷ

1924 599 2019 654 )at,
2060 609 2078 640 1
2110 588 2219 643 Sile
2259 588 2394 658 (42),
2423 589 2755 651 obtumesce,
2777 606 2795 639 ι
2825 597 3015 642 ventos
3049 588 3386 657 increpabat,
3413 603 3465 642 et

242 682 419 756 λεπρῷ
479 681 749 754 ἔφραζεν·
819 700 838 733 1
900 681 1069 748 Θέλω,
1116 681 1508 752 καθαρίσθητι·
1559 700 1577 732 ι
1628 679 1800 750 ἄλλῳ·

1924 679 2235 741 :essabaut;
2285 677 2445 730 Petro
2473 676 2592 730 cteli
2626 677 2801 730 claves
2827 677 2960 730 dans
2985 677 3200 733 aiebat;
3239 696 3257 728 1
3289 676 3472 744 Quod-

249 795 267 828 1
311 774 537 846 Θάρσει,
583 773 802 826 τέκνον·
847 772 1118 840 ἀφέωνταί
1171 789 1260 825 σοι
1316 775 1371 825 αἱ
1420 772 1716 844 ἁμαρτίαι·
1781 789 1800 822 ι

1924 783 2124 836 runque
2169 767 2282 838 (15)
2343 766 2612 822 solveritis
2655 781 2816 836 Super
2863 777 3080 834 terram,
3112 767 3215 821 erit
3241 767 3472 822 solutum

245 867 442 937 ἑτέρῳ·
483 883 502 916 1
538 865 780 936 Ἔγειρε,
813 860 943 935 ἆρον
974 865 1062 916 τὸν
1101 863 1409 932 κράϐὁατόν
1445 881 1559 926 σου,
1590 865 1683 916 καὶ
1713 879 1809 915 πε-

1933 877 1963 914 u
2001 860 2174 923 coelis,
2226 871 2280 914 et
2327 857 2688 928 quodcunque
2733 857 3033 927 ligaveritis
3057 873 3218 928 super
3247 868 3469 922 terram,

249 957 460 1029 ριπάτει
482 974 494 988 ·
534 976 552 1008 ι
581 955 656 1027 τῷ
679 955 928 1026 δαίμονι·
975 972 993 1006 1
1028 955 1100 1008 Τὸ
1124 955 1340 1019 ἄλαλον,
1377 975 1395 1006 ›
1444 956 1630 1024 φησὶν,
1665 973 1681 1005 ι
1713 954 1808 1007 καὶ

1924 951 2013 1006 erit
2053 951 2274 1018 ligatum
2315 950 2368 1004 in
2414 949 2562 1004 (telis
2587 966 2600 1014 ;
2625 967 2642 999 ›
2682 947 2885 1002 Lazaro
2907 948 3287 1017 praecipiebat:
3322 967 3341 1000 1
3379 949 3476 1002 Ve-

247 1047 420 1117 κωφδν
453 1047 745 1116 δαιμόνιον,
783 1045 892 1114 ἐγώ
939 1063 1021 1098 σοι
1063 1046 1369 1110 ἐπιτάσσω,
1407 1045 1609 1112 ἔξελθε.
1647 1063 1664 1096 ι
1701 1046 1812 1098 Καὶ

1924 1043 1963 1094 ni
1995 1041 2104 1112 (44)
2124 1056 2188 1095 ex
2216 1040 2460 1108 sepulcro
2480 1037 2622 1094 foras
2645 1057 2660 1104 ;
2681 1058 2716 1103 ¹ι
2748 1039 2899 1093 alteri
2936 1039 3269 1106 imperabat:
3301 1040 3476 1091 1Ado-

247 1137 302 1190 οὐ
350 1137 510 1208 μόνον
551 1135 720 1189 ταῦτα
756 1135 1101 1205 ἀντιστήκει,
1155 1135 1288 1188 ἀλλά
1327 1135 1419 1188 καὶ
1465 1135 1810 1208 προανῃρέθη

1924 1131 2271 1203 lesceus(45),
2303 1146 2492 1202 surge;
2522 1149 2540 1183 ι
2573 1132 2787 1200 lcproso
2836 1131 3090 1186 dicebat:
3131 1148 3150 1181 1
3179 1128 3309 1186 Volo
3343 1129 3476 1201 (16),

248 1226 350 1280 τῶν
413 1224 684 1296 ὑϐριστῶν
735 1225 768 1294 ἠ
816 1224 989 1277 ἔννοια
1043 1223 1160 1288 τοῦ,
1212 1243 1230 1276 1
1280 1225 1396 1278 Ἵνα
1446 1224 1496 1276 τί
1538 1223 1814 1292 ἐγκατέλι-

250 1317 343 1380 πές
399 1332 495 1386 με;
541 1333 560 1366 s
616 1312 710 1366 τοῦ
747 1314 844 1383 μὲν
902 1313 1106 1384 Κυρίου
1151 1313 1301 1384 παρὰ
1358 1311 1436 1380 τῷ
1498 1311 1645 1382 αὐτῷ
1701 1312 1814 1364 Ἰω-

249 1409 376 1481 άννῃ
442 1405 1024 1479 προαναφωνήσαντος·
1095 1423 1110 1454 ι
1191 1404 1322 1457 Ἰδοὺ
1401 1403 1616 1474 ἔρχεται
1674 1401 1812 1474 ὥρα.

249 1500 337 1555 καὶ
389 1497 482 1551 νῦν
539 1495 831 1566 ἐλήλυθεν,
883 1495 967 1546 ἵνα
1024 1491 1388 1572 σκορπισθῆτε
1453 1491 1682 1553 ἕκαστος
1739 1491 1818 1553 είς

249 1591 313 1643 τά
355 1589 482 1650 ῐδια,
505 1589 598 1641 καὶ
627 1587 725 1657 ἐμὲ
761 1585 918 1656 μόνον
952 1586 1125 1656 ἀφῆτε
1147 1599 1161 1614 ·
1194 1583 1287 1636 καὶ
1342 1584 1440 1636 οὐκ
1478 1582 1593 1652 είμὶ
1638 1581 1817 1652 μόνος,

250 1682 323 1734 ὅτι
355 1682 384 1733 ὁ
416 1680 605 1748 Πατήρ
637 1693 738 1748 μου
773 1675 885 1746 μετ’
921 1675 1052 1745 ἐμοῦ
1095 1676 1274 1728 ἐστιν·
1317 1693 1336 1727 ›
1373 1673 1466 1727 τοῦ
1513 1673 1568 1726 δὲ
1608 1671 1818 1726 Παύλου

260 1770 529 1842 Ἑϐραίοις
572 1766 996 1839 ἐπιστείλαντος,
1047 1766 1128 1818 ὅτι
1175 1767 1267 1820 καὶ
1306 1765 1367 1818 τδ
1405 1766 1556 1833 ἅγιον
1598 1764 1819 1834 Πνεῦμα

252 1860 547 1931 ἀχώριστον
564 1855 726 1909 αὑτοῦ
755 1851 821 1926 ἦν
841 1871 852 1884 ·
886 1873 904 1905 1
925 1853 1130 1926 Είγάρ,
1165 1873 1183 1906 ι
1208 1854 1362 1925 φησὶ,
1401 1872 1418 1904 ι
1442 1853 1503 1906 τὺ
1533 1849 1673 1922 αἷμα
1693 1854 1820 1905 ταύ-

255 1970 355 2024 ρων
389 1950 484 2004 καὶ
521 1950 761 2021 τράγων,
793 1948 886 2000 καὶ
932 1946 1125 2010 σποδὸς
1167 1945 1466 2016 δαμάλεως,
1505 1946 1826 2016 ῥαντίζουσα

251 2043 372 2104 τοὺς
389 2038 832 2108 κεκοινωμένους,
852 2037 1064 2106 ἁγιάζει
1082 2036 1216 2106 πρὸς
1229 2036 1324 2106 τὴν
1337 2036 1434 2107 τῆς
1453 2035 1650 2106 σαρκὸς
1661 2035 1828 2088 καθα-

253 2132 451 2205 ρότητα
469 2149 482 2162 ·
516 2131 666 2201 πόσῳ
696 2130 892 2200 μᾶλλον
917 2129 979 2182 τὸ
1000 2123 1138 2199 αἷμα
1171 2127 1364 2198 Ἰησοῦ,
1387 2128 1533 2191 ὅστις
1557 2127 1644 2180 διὰ
1666 2126 1832 2180 Πνεύ-

258 2241 421 2293 ματος
443 2223 597 2292 ἁγίου
623 2221 814 2274 ἐαυτὸν
836 2219 1064 2291 ἄμωμον
1111 2221 1448 2289 προσήνεγκε
1475 2217 1552 2289 τῷ
1573 2218 1710 2289 Θεῷ,
1736 2237 1833 2273 κα-

254 2314 464 2386 θαρίσει
493 2314 590 2376 τὰς
617 2312 841 2384 καρδίας
872 2310 1022 2380 ὑμῶν
1055 2309 1161 2362 ἀπὸ
1183 2308 1534 2379 συνειδήσεως
1553 2311 1826 2380 πονηρᾶς;

1915 1225 2211 1279 mundatus
2248 1225 2358 1289 sis;
2395 1245 2412 1276 ι
2449 1223 2603 1278 alteri
2639 1243 2651 1277 :
2687 1242 2705 1274 1
2729 1225 2950 1278 Conlide
2982 1224 3114 1294 (47),
3146 1223 3241 1305 (illi,
3290 1224 3477 1279 remit-

1863 1375 1870 1379 η
1917 1324 2103 1369 tuntur
2153 1315 2249 1370 tibi
2311 1325 2604 1386 peccatan
2663 1313 3110 1390 allet'i:1Surge
3160 1314 3294 1386 (48),
3355 1313 3481 1368 tolle

1917 1407 2200 1477 grabatum
2221 1415 2392 1470 tuum,
2415 1415 2468 1460 et
2489 1406 2705 1460 ambula
2725 1425 2770 1473 ;›
2802 1407 3050 1471 ἀωιιιοιιί,
3071 1424 3091 1458 1
3106 1404 3350 1474 Loquelze
3369 1404 3478 1476 (49)

1917 1513 2132 1567 expers,
2153 1517 2171 1550 ι
2201 1497 2390 1568 inquit,
2414 1517 2430 1549 1
2451 1507 2500 1551 et
2535 1506 2737 1551 mutum
2759 1497 3097 1560 dmmonium,
3123 1496 3216 1550 tibi
3235 1511 3330 1564 ego
3347 1512 3483 1566 prm-

1920 1589 2059 1657 cipio
2090 1605 2102 1642 :
2134 1590 2408 1658 egredere.
2439 1607 2456 1638 ι
2529 1586 2712 1656 Neque
2762 1602 2887 1642 vero
2949 1589 3060 1642 hmc
3109 1587 3480 1640 tantummodo

1930 1679 2304 1733 hrcreticorutn
2373 1681 2656 1734 conatibus
2708 1681 2990 1743 resistunt,
3065 1691 3249 1730 verum
3314 1677 3474 1730 etiam

1921 1770 2132 1840 jamdiu
2189 1772 2257 1826 de
2312 1773 2504 1826 merito
2551 1771 2762 1826 sublata
2819 1780 2904 1824 cst
2961 1769 3342 1824 contumeliosa
3395 1768 3475 1820 iu-

1930 1861 2267 1931 terpretatio,
2317 1879 2476 1932 quam
2505 1862 2760 1917 adhibent
2811 1862 2961 1915 hisce
3002 1860 3216 1913 verbis:
3257 1878 3273 1908 1
3302 1859 3480 1924 Quare

1923 1951 2256 2021 dereliquisti
2308 1952 2434 2004 me?
2472 1971 2490 2004 ι
2563 1961 2674 2006 tum
2743 1953 2954 2020 quando
3021 1949 3280 2003 Dominus
3340 1949 3479 2018 apud

1920 2038 2082 2109 395
2095 2039 2336 2094 eunidctn
2356 2041 2616 2095 Joannem
2644 2040 2767 2094 olim
2795 2041 3145 2094 exclamavit:
3180 2060 3197 2091 1
3218 2039 3480 2110 Eccc(50)

1923 2130 2069 2182 venit
2116 2130 2269 2195 hora,
2320 2139 2374 2184 et
2431 2145 2572 2186 nunc
2607 2131 2772 2194 venit,
2802 2141 2860 2183 ut
2892 2129 3268 2199 dispergamini
3318 2145 3482 2183 unus-

1925 2221 2154 2289 quisque
2216 2222 2282 2274 ad
2316 2221 2552 2290 propria,
2605 2231 2659 2276 et
2699 2238 2782 2274 me
2833 2221 3004 2276 solum
3041 2222 3396 2290 relinquatis;
3430 2231 3486 2275 et

1926 2325 2029 2363 non
2047 2325 2162 2363 sum
2181 2309 2347 2374 solus,
2363 2311 2487 2380 quia
2506 2310 2666 2366 Pater
2686 2326 2834 2365 meus
2851 2311 2961 2381 (51)
2983 2325 3191 2364 mecum
3207 2319 3287 2364 est
3304 2328 3315 2362 ε
3332 2328 3348 2360 ι
3373 2318 3481 2362 ιιιηι

255 2409 416 2463 etiam
480 2409 694 2476 quando
759 2404 959 2458 Paulus
1016 2403 1256 2458 Hebraeis
1285 2402 1825 2472 scripsit,Spiritum
1862 2418 2076 2473 quoque
2119 2413 2367 2459 sanctum
2432 2404 2845 2475 inseparabilem
2907 2405 2975 2459 ab
3036 2404 3152 2474 ipso
3212 2402 3484 2459 esse.1Si

256 2503 400 2556 enim
433 2501 565 2567 (52),
601 2519 620 2552 ι
655 2500 846 2570 inquit,
872 2517 890 2549 1
921 2499 1141 2567 sanguis
1169 2507 1466 2564 taurorum,
1499 2507 1550 2552 et
1588 2498 1888 2564 hircorum,
1930 2508 1983 2552 et
2012 2499 2149 2553 cinis
2184 2499 2360 2554 vitulm
2421 2516 2668 2569 aspersus
2692 2540 2706 2565 ,
2747 2501 3050 2570 inquinatos
3078 2502 3377 2556 sanctiﬁcat
3419 2503 3485 2554 ad

260 2596 683 2651 emnndationem
742 2593 954 2658 carnis;
1009 2600 1214 2660 quanto
1265 2592 1434 2659 magis
1503 2591 1720 2660 sanguis
1754 2589 1879 2645 .lcsu
1947 2592 2082 2663 (55),
2140 2594 2228 2663 qui
2297 2610 2392 2664 per
2445 2595 2700 2665 Spiritum
2742 2606 2985 2650 sanctum
3021 2596 3487 2665 semetipsumim-

259 2685 580 2740 maculatum
610 2685 801 2738 obtulit
849 2683 980 2748 Deo,
1030 2683 1342 2736 emuudavit
1381 2683 1540 2737 corda
1579 2694 1753 2737 vestra
1787 2699 1815 2736 a
1856 2685 2181 2740 conscientia
2216 2688 2420 2755 prava?
2448 2707 2466 2738 ι

324 2778 460 2831 Τότε
515 2777 571 2830 δὲ
617 2779 954 2848 προσήνεγκε
1014 2775 1100 2829 διὰ
1158 2773 1247 2828 τοῦ
1303 2775 1463 2843 ἁγίου
1509 2773 1826 2846 ῐῐνεὺματος

257 2867 444 2920 ἑαυτὸν
471 2865 545 2936 τῷ
569 2865 695 2937 [I89
721 2864 772 2937 ὁ]
795 2864 931 2936 Θεῷ,
958 2865 1046 2917 ὅτε
1077 2866 1156 2927 εἰς
1179 2863 1270 2918 τὸν
1305 2862 1536 2934 σταυρὸν
1566 2863 1826 2926 ἑκουσίως

2003 2777 2152 2833 Tunc
2190 2766 2370 2833 autem
2430 2795 2528 2847 per
2568 2778 2826 2850 Spiritum
2859 2789 3108 2834 sanctum
3174 2778 3369 2833 obtulit
3402 2793 3486 2833 se-

1931 2868 2212 2936 metipsum
2272 2869 2398 2934 Deo,
2449 2869 2661 2936 quando
2719 2869 2770 2923 in
2807 2882 3021 2923 crucem
3071 2860 3366 2921 voluntarie
3400 2879 3488 2918 as-

255 2958 431 3027 ἀνέϐη.
469 2958 650 3020 Ὥστε,
684 2957 782 3026 οὐχ
807 2955 882 3019 ὡς
902 2955 978 3025 τῷ
1004 2957 1205 3026 ῥήματι.
1244 2954 1389 3007 δοκεῖ
1419 2954 1630 3025 δηλοῦν,
1656 2954 1826 3022 ψιλῶς

1931 2960 2134 3014 cendit.
2169 2959 2355 3030 Itaque
2382 2977 2486 3016 nou
2517 2971 2642 3015 sunt
2688 2961 2897 3029 objecta
2930 2961 3094 3014 verba
3130 2962 3268 3012 nude
3294 2955 3490 3011 intelli-

255 3053 393 3104 νοεῖν
423 3051 526 3121 χρὴ
546 3067 560 3078 ·
593 3049 704 3102 ἀλλ’
737 3048 817 3101 ὅτι
849 3045 1124 3100 κάνταῦθα
1159 3045 1504 3114 συγκαταϐὰς
1531 3047 1608 3108 είς
1631 3045 1826 3106 πάντα,

256 3143 342 3195 καὶ
382 3140 676 3210 πτωχεύων
709 3142 772 3210 τῇ
806 3138 898 3191 τοῦ
937 3137 1120 3190 δούλου
1173 3139 1372 3207 μορφῇ,
1422 3137 1514 3188 καὶ
1556 3136 1830 3206 μεταπλά-

256 3247 347 3294 σας
376 3228 456 3300 τῷ
489 3229 628 3299 λόγῳ
663 3227 850 3281 ἐαυτὸν
879 3227 1160 3297 ἀτρέπτως
1187 3228 1264 3288 είς
1291 3225 1352 3277 τὸ
1381 3225 1576 3286 κοινὸν,
1609 3225 1703 3278 καὶ
1724 3227 1828 3280 πᾶ-

255 3335 350 3370 σαν
390 3317 494 3387 τῆς
537 3315 994 3386 ἐνανθρωπήσεως
1033 3311 1350 3366 ἀκολουθίαν
1387 3311 1689 3379 φυλάττων,
1735 3312 1831 3365 καὶ

258 3410 424 3480 μηδὲν
478 3407 570 3462 τοῦ
617 3407 959 3478 χαρακτῆρος
996 3405 1094 3473 τῆς
1133 3401 1388 3472 ἀληθείας
1420 3403 1728 3470 ἀφανίζων,
1761 3401 1830 3456 τά

253 3503 536 3573 πρέποντα
577 3498 882 3569 ἀνθρώποις
936 3493 1301 3566 χαμαιζήλως,
1357 3493 1547 3564 ὥσπερ
1589 3496 1620 3564 ἡ
1663 3494 1830 3556 ὅντως

257 3594 440 3663 σοφία,
468 3591 784 3661 ἐφθέγξατο,
839 3587 973 3659 πρὸς
1027 3586 1088 3640 τὸ
1127 3588 1221 3640 καὶ
1261 3587 1409 3656 ἡμᾶς
1448 3585 1828 3657 ὀμοιουμένους

255 3685 428 3756 αὐτῷ,
462 3685 554 3737 καὶ
573 3682 776 3744 τελέως
804 3680 1178 3752 συμμόρφους,
1210 3677 1352 3756 κατά
1369 3677 1460 3730 τὸν
1493 3676 1829 3741 Ἀπόστολον,

239 3775 597 3846 ’γινομένους,
638 3775 809 3826 ποιεῖν
835 3771 903 3824 τὰ
939 3765 1215 3842 πρέποντα
1245 3769 1340 3821 καὶ
1373 3767 1672 3839 ἀρέσκοντα
1723 3769 1832 3821 αὐ-

255 3867 352 3938 τῷ,
399 3865 493 3919 καὶ
521 3861 842 3935 πορεύεσθαι
881 3860 987 3914 ἀπὸ
1012 3859 1120 3914 τῶν
1157 3859 1360 3930 γηίνων
1388 3859 1479 3910 ἐπὶ
1503 3859 1570 3912 τὰ
1598 3858 1828 3930 αἰθέρια.

256 3956 357 4013 οἶα
383 3959 444 4012 δὲ
465 3957 558 4010 καὶ
581 3957 709 4027 περὶ
733 3954 920 4009 τούτου
943 3950 1096 4022 παρὰ
1116 3953 1227 4013 τοῖς
1249 3950 1354 4015 ἔξω
1383 3951 1650 4014 λέλεκται,
1684 3951 1832 4004 οὐδὲν

255 4048 366 4104 οἷον
405 4053 497 4102 καὶ
518 4047 697 4101 αὐτῶν
728 4045 950 4099 ἐκείνων
973 4040 1212 4096 ἀκούειν.
1239 4039 1401 4095 Οὕτω
1433 4042 1540 4112 γάρ
1583 4041 1645 4093 οὐ
1677 4040 1835 4110 μόνον

256 4145 355 4213 τὴν
395 4139 524 4210 παρ’
549 4141 680 4209 ἡμῖν
719 4138 827 4188 τῶν
878 4135 1046 4202 ἁγίων
1085 4133 1498 4204 μεγαλοφωνίαν
1540 4133 1619 4185 ἔτι
1675 4132 1834 4185 πλέον

259 4229 580 4303 στέρξομεν,
625 4226 760 4280 ἀλλά
791 4227 885 4278 καὶ
932 4225 1130 4294 μᾶλλον
1172 4225 1266 4276 καὶ
1316 4223 1514 4292 μᾶλλον
1563 4222 1836 4292 θαυμάσο-

1931 3051 2124 3117 geuda,
2173 3059 2232 3104 ut
2267 3066 2462 3107 sonare
2520 3053 2786 3118 videntur,
2853 3051 2948 3106 sed
3002 3051 3115 3104 hac
3167 3064 3378 3118 quoque
3412 3047 3491 3102 sic

1931 3141 2102 3209 accipi
2135 3142 2354 3208 debent,
2385 3153 2441 3196 ut
2465 3143 2578 3212 ipse
2609 3143 3048 3208 condescendeus
3086 3143 3258 3211 quoad
3288 3141 3488 3203 omnia,

1930 3238 1984 3284 et
2006 3245 2210 3300 pauper
2233 3231 2408 3288 factus
2440 3233 2492 3287 in
2521 3235 2694 3288 forma
2725 3235 2888 3300 servi,
2925 3247 3000 3299 et,
3033 3233 3276 3304 quamvis
3310 3231 3493 3302 cujus-

1930 3316 2061 3373 libet
2091 3323 2402 3376 mutationis
2429 3338 2621 3392 expcrs
2677 3326 2767 3389 sit,
2827 3338 2887 3379 se
2931 3325 3104 3394 ipsum
3141 3335 3316 3378 tamen
3359 3323 3494 3376 inter

1931 3405 2256 3478 loquendum
2289 3412 2450 3465 veluti
2503 3413 2556 3466 in
2603 3413 2877 3483 vulgarem
2920 3413 3195 3467 hominem
3229 3411 3494 3466 transfor-

1932 3514 2107 3565 maus,
2133 3509 2186 3556 et
2211 3519 2424 3557 omnem
2477 3505 2862 3560 incarnationis
2903 3504 3340 3572 consequentiam
3389 3517 3498 3554 ser-

1933 3604 2090 3658 vans,
2112 3600 2168 3647 et
2214 3593 2357 3646 nulla
2391 3595 2443 3646 in
2477 3611 2536 3648 re
2585 3595 2955 3648 characterem
2985 3593 3230 3648 veritatis
3251 3605 3493 3644 corrum-

1932 3695 2084 3751 pens,
2137 3682 2433 3745 humiliter,
2481 3684 2677 3752 quippe
2720 3683 2810 3752 qui
2841 3697 2963 3736 vera
2993 3681 3268 3751 Sapientia
3289 3688 3391 3744 est,
3432 3693 3492 3730 ea

1932 3772 2146 3829 locutus
2177 3775 2269 3837 sit,
2301 3789 2420 3843 qua:
2447 3775 2695 3828 humanae
2729 3772 3022 3827 conditioni
3067 3772 3413 3836 c0nveniunt,
3437 3781 3496 3824 ut

1933 3874 1989 3917 et
2019 3879 2118 3918 nos
2153 3864 2200 3918 ei
2228 3864 2430 3918 similes
2461 3863 2803 3932 perfectaque
2838 3861 3318 3930 couformesjuxta
3353 3865 3495 3932 Apo-

1934 3958 2132 4013 stolum
2186 3959 2334 4024 facti,
2389 3973 2450 4012 ea
2507 3971 2813 4025 operemur,
2854 3969 2974 4024 quae
3014 3955 3184 4024 ipsius
3230 3955 3489 4008 voluntati

1934 4057 2292 4102 consentanea
2316 4049 2443 4113 sint,
2483 4048 2638 4116 eique
2664 4047 2930 4116 placeant,
2959 4055 3122 4114 atque
3154 4060 3219 4100 ex
3261 4044 3491 4098 terrenis

1935 4140 2002 4191 ad
2016 4137 2254 4192 cmlestia
2278 4139 2590 4195 evehamur.
2616 4137 2752 4204 Quid
2781 4152 2909 4192 vero
2945 4136 3152 4207 profani
3175 4135 3334 4191 etiam
3357 4135 3492 4190 hanc

1937 4227 1988 4280 in
2022 4243 2137 4281 rem
2197 4229 2456 4295 dixerint,
2507 4229 2640 4284 nihil
2701 4239 2849 4285 vetat
2873 4231 2999 4300 quin
3028 4231 3094 4285 ab
3125 4229 3210 4285 his
3239 4229 3369 4298 ipsis
3403 4244 3498 4281 au-

259 4342 364 4395 μεν
425 4321 520 4389 τὴν
568 4319 692 4388 μίαν
739 4318 992 4372 ἁπάντων
1049 4317 1283 4388 χορηγὸν
1328 4313 1535 4383 σοφίαν.
1585 4314 1736 4384 Ἔχει
1787 4314 1827 4367 δί

1946 4316 2154 4372 diainus
2184 4336 2197 4372 :
2232 4321 2310 4374 sic
2345 4323 2485 4375 enim
2547 4338 2652 4377 non
2697 4322 2856 4377 modo
2906 4321 3209 4376 sublimitas
3245 4319 3499 4374 doctrina:

255 4411 365 4469 ὦδε
390 4426 406 4443 ⁰

1944 4415 2144 4460 nostra:
2178 4423 2206 4460 a
2242 4413 2446 4466 sanctis
2477 4413 2686 4467 traditae
2727 4413 2903 4467 adhuc
2947 4409 3161 4465 charior
3187 4409 3344 4464 nobis
3373 4410 3496 4474 erit,

264 4512 457 4554 verum
484 4497 648 4551 etiam
708 4495 880 4565 magis
944 4495 1225 4565 magisque
1257 4493 1652 4547 admirabimur
1723 4507 1880 4546 unam
1923 4492 2080 4549 illam-
2137 4498 2374 4552 omnium
2435 4501 2696 4557 donorum
2759 4502 3080 4572 largitricem
3156 4502 3495 4570 sapientiam.

265 4596 395 4649 Ilaec
428 4577 588 4661 igitur
621 4591 852 4646 habent:

266 4682 535 4739 Πολλὰκι
563 4683 674 4751 γὰρ
704 4680 1077 4751 φθέγγονται,
1102 4678 1217 4732 ὅσα
1236 4677 1452 4742 σθένος
1479 4677 1652 4751 ἐστὶν)
1670 4676 1842 4731 ἀκοῦ-

268 4821 520 4890 Θνητοῖς
538 4839 552 4852 ·
579 4821 736 4875 ἄλλα
769 4819 820 4872 δ’
838 4819 1034 4873 ἔνεστι
1067 4820 1329 4890 νοήματα
1366 4747 1832 4956 κρείσσῗὲιῖῖύ-

1651 4903 1760 4952 οις.

1651 4903 1760 4952 οις.

268 5152 354 5194 cet
385 5135 644 5201 Ecclesia,
683 5151 746 5188 ac
787 5134 1000 5188 demum
1034 5131 1175 5200 quod
1212 5129 1398 5183 Matth.
1435 5143 1604 5189 xxvu.
1637 5128 1724 5188 52,
1760 5128 1836 5180 le-

269 5209 416 5276 gitur
459 5205 524 5258 de
569 5206 788 5267 sanctis,
840 5203 930 5272 qui
971 5211 1091 5270 post
1140 5201 1346 5253 Domini
1383 5207 1608 5253 mortem
1651 5213 1834 5251 resur-

271 5285 550 5330 texerunt.

343 5342 459 5412 (42)
499 5341 627 5397 Sile.
667 5341 830 5396 Marc.
865 5339 1055 5412 tv,_59.

345 5405 462 5483 (45)
505 5407 1036 5483 ριιοιίειιηιιιιεηῌοιι
1084 5406 1479 5483 οαιΙοιιιΑυιιιιιθ
1525 5405 1707 5483 verba1
1747 5405 1838 5459 sed

275 5476 453 5538 ferme
473 5482 658 5534 eadem
692 5476 857 5535 habes
891 5478 1077 5531 Matth.
1116 5491 1224 5538 χιιι,
1253 5476 1336 5538 19,
1368 5486 1422 5527 et
1455 5489 1604 5535 svnt,
1645 5476 1728 5526 18.

349 5550 462 5618 (AM)
513 5549 660 5603 Veni.
695 5549 890 5602 Joauu.
924 5563 1002 5610 ιι,
1032 5545 1122 5598 45.
1160 5543 1212 5596 lu
1241 5543 1426 5618 Bibliis
1473 5560 1578 5596 non
1624 5551 1837 5596 exstant

275 5615 458 5682 voces,
491 5621 554 5672 ἐκ
579 5619 784 5687 τάφων,
821 5618 885 5687 ιιι
904 5626 987 5668 est
1023 5632 1041 5665 1
1067 5628 1096 5667 e
1117 5615 1376 5687 sepulcro.
1400 5630 1418 5663 ι

347 5688 461 5754 (45)
499 5683 829 5741 Adolescens.
868 5685 1136 5754 Luc._vn_t_.
1171 5683 1253 5736 H.

346 5747 456 5828 (46)
503 5756 650 5814 Volo.
674 5751 1066 5827 Matth.vttt,3;
1085 5750 1248 5806 Marc.
1274 5766 1309 5819 ι,
1331 5752 1390 5805 41
1411 5768 1425 5816 ;
1449 5759 1499 5804 et
1523 5747 1650 5802 Luc.
1677 5763 1729 5815 v,
1754 5747 1839 5802 15.

1949 4676 2152 4746 δωρὶιιε
2181 4679 2316 4733 enim
2347 4696 2407 4734 ea
2439 4679 2725 4751 loquuntur
2744 4698 2861 4752 qua:
2888 4683 3069 4736 audire
3099 4682 3283 4736 valent.

1944 4813 2219 4882 Mortales,
2247 4815 2336 4869 sed
2363 4815 2468 4870 alia
2499 4815 2678 4870 insunt
2722 4818 2775 4870 in
2808 4833 2986 4869 eorum
3019 4815 3180 4869 verbis
3215 4827 3380 4951 [sarisa
3411 4825 3493 4860 su-

3292 4895 3493 4933 tmtoru.

3292 4895 3498 4933 tmtoru.

2015 5130 2127 5197 (ιτ)
2167 5127 2404 5196 Conﬁde.
2441 5126 2629 5180 Matth.
2667 5141 2740 5197 I_x,
2780 5126 2833 5177 2.

1985 5191 2122 5270 (18)
2164 5191 2353 5270 Surge.
2384 5198 2546 5270 Marc.
2583 5211 2644 5258 ιι,
2677 5195 2732 5256 9.
2768 5191 3182 5270 et_.|oau._v_,‘8.

2012 5259 2121 5336 (49)
2161 5259 2420 5336 ιιυᾳῖιείαε.
2467 5266 2628 5336 Μιιτρ.
2663 5279 2736 5326 tx,
2868 5271 2992 5336 (seu
3030 5262 3150 5332 24).
3197 5259 3360 5336 Biblia
3401 5275 3496 5328 pru

1938 5330 2463 5406 ouipovtovfhabent
2516 5335 2628 5387 τΤὸ
2667 5331 2901 5406 πνεῦμα,
2942 5332 2992 5385 id
3039 5330 3122 5386 est
3164 5349 3182 5381 1
3212 5330 3450 5399 spiritus.
3475 5349 3492 5380 ι

2013 5403 2125 5477 (50)
2160 5405 2311 5477 Ecce.
2342 5403 2496 5477 Joau.
2535 5418 2643 5477 xvi,
2677 5403 2766 5456 52.

2017 5469 2129 5544 (51)
2166 5474 2336 5544 Meus.
2382 5476 2536 5544 Deest
2570 5474 2808 5544 haecvog
2839 5471 2889 5522 in
2922 5469 3126 5544 Bibliis.

2019 5539 2130 5611 (52)
2165 5543 2222 5598 Si
2245 5547 2401 5597 enim.
2440 5542 2600 5595 Hebr.
2641 5540 2813 5611 tx,_13
2842 5549 2896 5611 et
2924 5539 3009 5611 M.

1847 5630 1914 5650 -·⁴
1965 5682 1970 5683 γ
2162 5613 2387 5682 Sanguis
2411 5611 2557 5683 που,
2598 5617 2702 5683 etc.
2733 5608 2898 5663 Paulo
2925 5607 3080 5663 aliter
3109 5606 3294 5665 Grreca
3315 5605 3500 5662 editio.

1946 5678 2147 5738 Co'nl'e'r
2175 5678 2299 5740 cum
2331 5684 2441 5749 ipsa
2472 5681 2611 5734 hunc
2644 5678 2837 5732 locum.
