4108 6432
471 344 565 399 911
1697 331 1929 387 DIDYMI
1968 330 2439 390 ALEXANDRINI
3610 331 3716 391 9i!

470 469 648 512 escam
690 453 824 524 ipsis
859 449 971 523 (95)
1019 451 1071 506 in
1127 457 1368 519 tempore
1397 457 1697 520 Opportuna
1726 466 1738 501 :
1771 449 1951 519 aperis
1982 457 2030 502 tu

2140 450 2319 504 δοῦναι
2378 448 2477 520 τὴν
2526 446 2735 521 τροφὴν
2793 446 2974 512 αὐτοῖς
3035 448 3115 511 εἰς
3170 446 3454 520 εὔκαιρον·
3504 465 3523 500 ι
3575 448 3605 501 6
3654 450 3717 504 ἐκ

470 560 688 600 manum
715 552 881 605 tuam,
904 550 958 596 et
975 539 1163 608 imples
1177 554 1337 596 omne
1358 538 1556 593 animal
1584 537 1965 609 complacentia
1988 555 2030 597 ξι

2149 543 2307 596 πέντε
2334 542 2512 612 ἄρτων
2545 541 2640 594 καὶ
2671 540 2764 594 δύο
2808 538 3004 611 ἰχθύων
3030 538 3496 611 πεντακισχιλίους
3525 542 3720 611 χορτά-

467 645 523 689 et
545 648 758 691 rursus:
795 630 1012 688 «Omnia
1039 632 1149 703 (96)
1173 640 1225 686 te
1249 638 1582 701 exspectant,
1610 638 1669 685 ιιι
1695 631 1791 686 des
1810 628 1916 684 illis
1929 629 2030 701 (97}

2148 648 2244 694 σας
2293 631 2449 694 ἐκτὸς
2489 629 2758 699 γυναικῶν
2817 628 2912 683 καὶ
2960 629 3185 683 παιδίων
3205 668 3220 694 ,
3270 629 3365 683 καὶ
3403 628 3724 684 δυοκαίδεκα

469 737 646 777 escam
676 722 729 776 in
773 730 1016 789 tempore
1057 711 1390 788 opportuno;
1432 736 1452 770 ι
1485 719 1530 772 is
1558 718 1648 787 qui
1689 732 1755 772 ex
1807 719 2030 789 quinque

2147 720 2398 790 κοφίνους
2459 718 2784 789 κλασμάτων
2830 717 3179 790 περιττεῦσαι
3245 720 3503 788 ποιήσας’
3551 718 3579 770 6
3639 718 3721 773 εἰι-

469 812 695 881 pauibus
723 819 777 866 et
804 810 1011 865 duobus
1036 810 1274 878 piscibus
1298 809 1540 878 quinque
1571 808 1849 862 hominum
1874 807 2030 863 millia

2149 812 2263 865 πὼν
2333 810 2413 882 τῷ
2459 810 2722 881 διαϐόλῳ’
2767 828 2786 861 ι
2841 811 2953 868 Οὐκ
3006 810 3094 862 ἐπ’
3145 809 3294 882 ἄρτῳ
3355 808 3501 879 μόνῳ
3560 807 3724 879 ζήσε-

469 911 669 971 praeter
698 901 951 956 mulieres
1002 907 1057 954 et
1110 898 1365 968 puerulos
1415 898 1701 966 saturavit,
1736 906 1873 953 etut
1908 898 2042 953 duo-

469 995 639 1050 decim
668 992 881 1063 cophini
946 990 1368 1061 fragmentorum
1426 998 1791 1059 superessent,
1831 989 2038 1057 effecit;

471 1086 562 1153 qui
605 1083 741 1139 dixit
772 1081 1026 1136 diabolo:
1085 1098 1104 1131 ι
1157 1079 1271 1134 Non
1328 1079 1380 1133 in
1433 1085 1569 1147 pane
1601 1079 1716 1151 (98)
1746 1079 1861 1136 solo
1898 1079 2040 1133 vivet

471 1177 665 1231 homo:
705 1195 723 1227 ι
757 1173 851 1244 qui
891 1172 1157 1228 universis
1179 1172 1333 1227 nobis
1364 1170 1711 1227 sufﬁcientem
1741 1172 1806 1224 ad
1835 1172 2036 1233 omnia,

469 1278 523 1321 et
560 1266 955 1322 indeﬂcientcm
1004 1279 1243 1329 mensam
1285 1261 1570 1332 proposuit
1622 1262 1894 1331 propriam
1944 1260 2042 1315 bo-

473 1359 721 1419 nitatem.
783 1354 1074 1422 inquiens:
1135 1372 1153 1405 ι
1196 1352 1295 1419 Qui
1358 1352 1507 1407 venit
1564 1351 1672 1423 (99)
1697 1352 1762 1406 ad
1792 1365 1896 1418 me,
1933 1366 2037 1406 non

469 1448 671 1502 esuriet
705 1446 826 1517 (l):
869 1455 924 1501 et
984 1444 1076 1514 qui
1142 1443 1312 1498 credit
1352 1442 1405 1497 in
1461 1456 1565 1508 me,
1598 1457 1704 1496 non
1748 1442 1896 1496 sitiet
1948 1457 2041 1495 un-

470 1553 629 1608 quam
652 1562 665 1594 ;
692 1556 710 1589 ι
738 1536 897 1609 40],
927 1535 1015 1604 qui
1040 1534 1105 1588 ad
1133 1532 1292 1587 ficum
1331 1532 1549 1603 quidem
1575 1532 1718 1587 venit
1742 1532 1893 1603 quasi
1915 1546 2038 1586 esu-

468 1631 635 1693 riens.
672 1630 764 1685 sed
796 1627 1053 1697 praecepit
1088 1634 1147 1679 ut
1177 1623 1338 1689 Deus,
1378 1639 1445 1680 ne
1471 1639 1531 1680 ea
1566 1625 1750 1695 planta
1800 1623 2037 1678 fructum

467 1721 695 1788 amplius
740 1718 924 1784 ferret,
980 1726 1034 1773 et
1084 1717 1225 1772 facto
1295 1730 1597 1771 sermonem
1649 1716 2036 1785 comprobavit,

2144 923 2234 959 ται
2268 904 2583 976 ἄνθρωπος’
2624 924 2643 956 ι
2684 905 2715 957 ό
2764 905 2927 959 πᾶσιν
2978 904 3111 975 ἡμῖν
3158 901 3442 972 πανταρκῆ
3491 899 3584 954 καὶ
3625 901 3720 953 άν-

2146 997 2426 1051 έκλειπτον
2478 997 2776 1067 τράπεζαν,
2833 997 2931 1066 τὴν
2992 994 3197 1048 οἰκείαν
3247 991 3467 1063 προθεὶς
3518 989 3719 1060 ἀγαθό-

2144 1102 2303 1156 τητα,
2370 1087 2462 1139 καὶ
2508 1086 2765 1156 φάσκων·
2814 1104 2834 1138 ι
2880 1085 2939 1139 '0
2984 1084 3276 1155 ἐρχόμενος
3324 1081 3461 1154 πρὸς
3512 1080 3600 1151 μὲ,
3655 1080 3717 1132 οὐ

2150 1178 2223 1248 μὴ
2264 1178 2523 1248 πεινήσῃο
2562 1177 2655 1229 καὶ
2682 1178 2711 1229 6
2741 1174 3010 1230 πιστεύων
3047 1176 3128 1236 εἰς
3162 1174 3280 1244 ἐμὲ,
3312 1172 3371 1225 ού
3409 1170 3484 1242 μὴ
3519 1169 3720 1241 διψήσῃ

2145 1269 2367 1323 πώποτε
2392 1286 2406 1300 '
2434 1270 2458 1322 ἰ
2497 1269 2525 1321 6
2559 1267 2728 1321 ἐλθὼν
2770 1268 2868 1339 μὲν
2901 1266 2993 1319 ἐπὶ
3028 1264 3126 1336 τὴν
3171 1266 3338 1334 συκῆν
3377 1260 3576 1314 ὡσανεὶ
3599 1277 3720 1313 πει-

2144 1362 2271 1427 νῶν,
2302 1362 2609 1434 προστάξας
2633 1362 2687 1414 δὲ
2714 1360 2789 1424 ὡς
2815 1359 2947 1423 Θεὸς
2985 1357 3179 1429 μηκέτι
3208 1354 3420 1427 καρπὸν
3446 1353 3505 1405 τὸ
3547 1349 3715 1421 φυτὸν

2145 1453 2405 1523 ἐνεργεῖν,
2433 1452 2528 1503 καὶ
2559 1450 2718 1521 ἔργον
2750 1447 2828 1519 τῷ
2854 1446 2996 1517 λόγῳ
3028 1443 3255 1507 ἐπιθεὶς,
3287 1442 3379 1496 καὶ
3410 1440 3608 1504 δείξας,
3641 1437 3720 1499 ὡς

2143 1539 2303 1602 αὐτὸς
2325 1534 2392 1611 ἦν
2412 1540 2440 1591 6
2461 1539 2560 1609 τὴν
2583 1537 2754 1607 ἀρχὴν
2773 1534 2940 1588 εἰπών
2959 1551 2971 1564 ·
3014 1551 3033 1584 ι
3073 1530 3417 1599 Ἐξαγαγέτω
3437 1531 3469 1601 ἡ
3487 1532 3556 1600 γῆ
3587 1527 3721 1592 ξύλα

2145 1628 2488 1700 καρποφόρα.
2516 1647 2535 1679 ι
2570 1626 2714 1680 Ἀλλ’
2748 1625 2870 1680 οὕτε
2902 1624 3050 1694 διψᾷ,
3088 1624 3134 1675 εἰ
3168 1621 3242 1693 μὴ
3274 1621 3360 1673 διὰ
3395 1619 3490 1691 τὴν
3515 1621 3719 1672 οἰκονο-

2147 1716 2297 1786 μίαν,
2322 1717 2354 1786 ἡ
2375 1715 2639 1777 ἀθάνατος
2664 1713 2834 1784 πηγὴ,
2859 1714 2891 1783 ἡ
2913 1713 3010 1783 τὴν
3044 1711 3373 1781 Σαμαρεῖτιν
3403 1707 3544 1777 ὓδωρ
3572 1705 3720 1776 ζωῆς

465 1811 823 1879 ostenditque,
856 1823 915 1863 se
951 1808 1096 1863 illurn
1117 1821 1256 1881 esse,
1288 1807 1380 1877 qui
1402 1806 1555 1859 initio
1576 1807 1821 1859 dixerat:
1848 1823 1867 1857 ι
1895 1805 2030 1882 Edu-

2142 1808 2314 1861 αἰτεῖν
2345 1808 2473 1877 παρ’
2501 1803 2664 1858 αὐτοῦ
2693 1804 3032 1857 διδάσκουσα.
3078 1802 3258 1873 Ἀρκεῖ
3286 1800 3340 1853 δέ
3368 1798 3497 1869 περί
3524 1797 3719 1851 τούτου

467 1911 555 1954 cat
584 1899 660 1971 (2)
686 1908 828 1953 terra
854 1897 996 1967 ligna
1022 1894 1324 1950 fructifera.
1352 1914 1371 1947 ι
1406 1893 1511 1948 Sed
1548 1907 1615 1946 ne
1664 1892 2033 1962 sititquidem,

468 1990 569 2044 nisi
599 1990 988 2045 incarnationis
1018 2002 1200 2053 causa,
1229 1987 1274 2040 is
1304 2001 1397 2055 qut
1430 1994 1510 2039 est
1543 1984 1661 2040 fons
1687 1984 2031 2053 immortalis,

464 2080 661 2149 quique
696 2077 1093 2133 Samaritanam
1130 2076 1313 2131 docuit
1362 2085 1545 2144 petere
1576 2076 1643 2129 ab
1688 2074 1804 2145 ipso
1836 2090 2030 2145 aquam

464 2169 605 2221 vitm.
640 2167 850 2221 Suﬂicit
902 2177 1078 2221 autem
1137 2165 1223 2221 hic
1274 2163 1637 2232 evangelicam
1675 2179 1858 2219 vocem
1885 2179 2033 2219 com-

465 2274 782 2325 memorare,
811 2271 929 2328 quae
950 2256 1028 2311 sic
1047 2270 1103 2311 se
1128 2257 1320 2311 habet:
1368 2275 1388 2306 ι
1430 2255 1619 2310 Sciens
1642 2254 1892 2310 Christus
1930 2255 2029 2326 (5),

2135 1899 2233 1968 τῆς
2264 1896 2621 1965 εύαγγελικῆς
2663 1894 3032 1966 μνημονεῦσαι
3065 1893 3268 1963 φωνῆς,
3296 1892 3395 1961 τῆς
3418 1889 3715 1961 λεγούσης⁸

2141 2008 2160 2039 ι
2181 1989 2269 2051 Ὠς
2286 1988 2439 2051 εἰδὼς
2453 1989 2480 2041 6
2502 1986 2753 2057 Χριστὸς,
2767 1986 2848 2039 ὅτι
2864 1986 2966 2056 ἤδη
2989 1985 3164 2038 πάντα
3179 1983 3307 2055 (195
3326 1981 3713 2055 α]τετέλεσται,

2143 2078 2232 2131 ἴνα
2272 2078 2530 2148 τελειωθῇ
2546 2079 2578 2149 η
2596 2076 2805 2149 Γραφὴ,
2827 2077 2974 2145 λέγει
2998 2090 3012 2106 ·
3046 2074 3193 2145 Διψῶ
3212 2092 3226 2105 ο
3242 2094 3261 2126 ι
3282 2074 3357 2137 ὡς
3384 2071 3713 2135 δείκνυσθαι,

2137 2169 2211 2239 μὴ
2247 2168 2460 2241 ἀνάγκη
2505 2168 2661 2239 δίψης
2701 2166 3077 2237 ἐξεληλυθέναι
3109 2165 3171 2219 τδ
3208 2166 3377 2236 ῥῆμα,
3415 2163 3553 2217 ἀλλὰ
3579 2163 3717 2235 πρὸς

2131 2258 2192 2310 τὸ
2217 2260 2361 2330 μήτι
2401 2257 2839 2329 παραλειφθῆναι
2863 2256 2971 2309 τῶν
3012 2258 3068 2309 ὲν
3111 2255 3354 2326 Γραφαῖς
3387 2254 3712 2325 εἰρημένων.

462 2349 729 2420 quodjam
775 2349 951 2403 omnia
983 2355 1351 2402 consummata
1414 2355 1560 2411 sunt,
1612 2356 1672 2399 ut
1735 2357 2200 2402 consummaretnr
2273 2347 2568 2419 Scriptura,
2623 2351 2803 2403 dicit:
2868 2348 3033 2403 Sitio:
3076 2367 3095 2401 ι
3152 2355 3212 2400 ιιι
3248 2355 3523 2415 appareat,
3557 2344 3715 2399 Chri-

462 2455 602 2500 stum
629 2458 733 2498 non
768 2442 852 2497 siti
878 2450 1124 2497 coactum
1156 2438 1438 2510 protulisse
1485 2439 1614 2494 illud
1652 2440 1897 2504 verbum,
1931 2441 2025 2496 sed
2064 2456 2130 2496 ne
2160 2444 2434 2514 quidpiam
2492 2444 2832 2498 omitteretur
2870 2456 3078 2507 eorum,
3132 2454 3249 2510 quae
3309 2440 3361 2493 in
3416 2437 3710 2508 Scripturis

464 2538 608 2592 dicta
637 2534 875 2590 fuerant.

531 2626 716 2697 Neque
747 2639 938 2681 somno
962 2624 1320 2681 involuntarie
1348 2631 1541 2695 captus
1592 2633 1717 2691 est;
1750 2638 1849 2681 nec
1888 2626 2031 2680 enim

467 2718 589 2772 huic
620 2718 952 2791 perpessioni
980 2717 1254 2785 subjectus
1275 2716 1322 2772 is
1350 2725 1491 2782 erat,
1514 2717 1746 2781 quicum
1767 2717 2033 2782 omnium,

464 2820 573 2862 tum
600 2810 761 2863 etiam
786 2809 959 2865 somni
992 2808 1250 2864 Dominus
1272 2818 1385 2872 est;
1414 2809 1513 2883 ‘qui
1554 2824 1654 2864 nec
1680 2809 1912 2875 'dormit,
1934 2823 2035 2862 nec

462 2897 736 2961 dormitat,
765 2897 858 2953 sed
882 2898 1120 2951 custodit
1166 2897 1546 2960 Christianos;
1580 2897 1674 2967 qui
1714 2897 1913 2952 deitate
1935 2897 2032 2950 itn-

416 3026 419 3029 .
463 2985 733 3054 passibilis
766 2994 869 3052 est,
911 2987 1076 3039 etiam
1124 3000 1246 3039 cum
1307 2986 1361 3040 in
1423 2986 1765 3056 passionibus
1816 2996 2035 3041 manet:

465 3075 599 3128 adeo
634 3083 690 3128 ut
727 3090 851 3129 cunt
887 3073 1090 3130 Psaltes
1121 3074 1199 3129 sic
1230 3075 1569 3146 alloqnatur:
1605 3093 1623 3127 ι
1662 3075 1906 3147 Exsurge
1935 3076 2037 3148 (4),

464 3164 611 3220 velut
632 3165 930 3230 dormiens,
958 3166 1198 3220 Domine.
1227 3185 1247 3220 ι
1278 3165 1392 3221 Vox
1421 3177 1621 3233 autem,
1661 3168 1891 3234 «velut,»
1929 3184 2036 3224 non

471 3256 720 3310 absolute
767 3270 1015 3310 somnum
1084 3255 1327 3325 indicat;
1395 3274 1520 3314 nam
1576 3259 1738 3314 simul
1800 3270 1964 3330 atque
2006 3276 2037 3315 e

471 3362 662 3402 somno
685 3347 958 3402 excitatus
996 3356 1103 3413 est,
1162 3347 1466 3419 increpavit
1494 3357 1554 3404 nt
1601 3350 1764 3416 Deus,
1789 3363 1854 3405 ac
1894 3351 2033 3404 venti

465 3437 682 3505 quidem
722 3438 954 3506 repressi
1001 3446 1148 3503 sunt,
1188 3453 1338 3495 mare
1376 3448 1556 3493 autem
1611 3440 1746 3494 adeo
1789 3441 2031 3495 sedatum

460 3539 566 3593 est,
597 3538 656 3582 ut
698 3529 953 3585 ﬂuctibus
987 3530 1202 3599 agitari.
1255 3540 1310 3584 et
1355 3541 1604 3602 strepere
1635 3531 1910 3598 desinens,
1948 3548 2032 3587 re-

465 3621 569 3674 mis
602 3621 909 3689 pulsaretnr
938 3660 955 3687 ,
1018 3630 1072 3675 et
1124 3622 1467 3677 occasionem
1507 3622 1772 3691 prmberet
1804 3621 2029 3677 canendi

462 3712 719 3782 hymnum
765 3727 889 3766 cum
940 3712 1221 3767 harmonia
1269 3713 1507 3774 nautica.
1550 3698 2027 3781 etcumvolupta-

463 3812 513 3856 te
544 3804 805 3868 omnium,
842 3804 930 3871 qui
977 3803 1446 3859 exclamaverant:
1482 3822 1502 3856 ι
1535 3803 1772 3869 Christe,
1806 3804 1975 3861 salva.
2004 3823 2023 3857 ι

459 3891 592 3950 Cum
617 3894 758 3948 enim
786 3910 909 3949 vera
938 3895 1044 3948 vita
1079 3895 1355 3951 dormiens
1382 3896 1708 3964 concipitur,
1738 3904 1864 3949 tunc
1903 3896 2024 3949 uni—

461 4000 613 4039 versa
640 3992 844 4038 mortua
898 3999 1020 4039 esse
1058 3986 1473 4055 concipiendum
1536 3995 1640 4049 est,
1702 3995 1885 4054 utpote
1910 4001 2027 4054 quae

460 4089 562 4126 non
623 4073 1012 4127 vivificantur:
1063 4072 1363 4143 putandum
1415 4082 1498 4127 est
1548 4072 1714 4137 enim,
1763 4071 1862 4124 hac
1900 4071 2024 4124 dor-

460 4162 677 4227 mienle,
712 4170 940 4216 mortem
970 4162 1213 4231 vigilare,
1245 4171 1296 4214 et
1329 4159 1598 4214 neminem
1641 4173 1801 4229 posse
1835 4158 2023 4212 vitales

2214 2622 2353 2677 Οὔτε
2392 2621 2545 2692 ὕπνῳ
2588 2622 2662 2693 μὴ
2703 2620 2872 2674 θέλων
2921 2619 3089 2674 ἐάλω·
3139 2620 3201 2672 ού
3241 2618 3348 2690 γὰρ
3380 2619 3580 2689 ἡττᾶτο
3614 2618 3708 2673 τοῦ

2144 2716 2369 2779 πάθους,
2409 2718 2438 2769 6
2476 2714 2586 2768 τῶν
2652 2712 2787 2766 ὅλων
2830 2713 2924 2767 καὶ
2965 2712 3060 2765 τοῦ
3103 2711 3269 2765 ὕπνου
3298 2710 3521 2784 Κύριος,
3556 2712 3586 2764 6
3630 2712 3705 2782 μὴ

2144 2806 2327 2862 ὑπνῶν
2358 2805 2496 2877 μηδέ
2523 2800 2826 2869 νυστάζων,
2852 2801 2990 2856 ἀλλὰ
3015 2800 3304 2871 φυλάσσων
3328 2800 3701 2873 Χριστιανοὺς,

2143 2898 2234 2953 καὶ
2279 2894 2496 2967 ἀπαθὴς
2542 2898 2608 2967 τῇ
2651 2893 2865 2964 θεότητι
2913 2893 3009 2947 καὶ
3040 2894 3098 2945 ἐν
3136 2894 3247 2957 τοῖς
3278 2892 3558 2964 παθήμασι
3596 2890 3702 2945 δια·

2146 2990 2348 3061 μένων’
2385 2987 2460 3051 ὼς
2500 2988 2636 3058 πρὸς
2683 2986 2844 3040 αὐτὸν
2886 2984 3324 3055 ἀναφθέγγεσθαι
3364 2984 3455 3038 τὸν
3487 2983 3703 3055 ψαλμῳ-

2139 3079 2256 3134 δόνο
2302 3098 2319 3130 ι
2376 3077 2721 3149 Ἐξεγέρθητι
2769 3076 2845 3141 ὡς
2885 3077 2914 3130 6
2953 3075 3158 3139 ὑπνῶν,
3203 3075 3394 3147 Κύριε.
3455 3094 3474 3127 ι
3515 3074 3588 3128 Τὸ
3648 3073 3704 3131 δδ

2145 3190 2163 3222 ι
2215 3170 2291 3234 ὡς
2329 3190 2348 3223 ι
2391 3169 2453 3224 ού
2502 3167 2633 3223 καθ’
2673 3166 2821 3233 ἅπαξ
2881 3166 3046 3221 ὕπνον
3090 3168 3378 3239 ἐμφαίνει·
3418 3166 3704 3229 διαναστὰς

2139 3261 2247 3333 γὰρ
2298 3259 2459 3322 εὐθὺς
2502 3258 2838 3329 ἐπετίμησεν
2870 3257 2946 3323 ὡς
2984 3257 3139 3322 Θεὸς,
3183 3258 3275 3311 καὶ
3299 3259 3347 3310 οἰ
3382 3258 3573 3328 ἄνεμοι
3605 3258 3704 3328 μὲν

2137 3351 2567 3421 κατεστάλησαν,
2621 3350 2654 3422 ὴ
2706 3350 2763 3403 δέ
2813 3348 3052 3403 θάλαττα
3100 3348 3352 3409 τοσοῦτον
3401 3348 3701 3418 ἐλώφησεν,

2134 3440 2276 3495 ὥστε
2319 3438 2681 3511 κυμαίνεσθαι
2732 3439 2825 3492 καὶ
2870 3437 3190 3506 καχλάζειν,
3250 3436 3449 3504 ἀφεῖσα
3500 3438 3701 3492 τύπτε-

2136 3530 2260 3584 σθαι
2297 3528 2545 3595 κώπαις,
2604 3528 2698 3581 καὶ
2747 3527 3019 3597 πρόφασιν
3071 3524 3240 3597 ὕμνου
3302 3526 3439 3595 μετὰ
3504 3527 3697 3596 μέλους

2132 3618 2329 3672 διδόναι
2381 3614 2667 3679 ναυτικοῦ,
2711 3615 2829 3686 μεθ’
2857 3612 3049 3684 ἡδονῆς
3098 3613 3313 3666 πάντων
3354 3613 3695 3685 κραζόντων

2137 3727 2157 3759 ι
2197 3707 2421 3777 Χριστέ,
2461 3707 2653 3759 σῶσον.
2686 3725 2705 3758 ι
2739 3705 2908 3757 Ὅταν
2946 3703 3055 3772 γὰρ
3097 3705 3129 3773 ἠ
3180 3702 3406 3774 ἀληθινὴ
3440 3702 3554 3777 ζωὴ
3578 3722 3697 3776 νοη-

2131 3798 2249 3869 θείη
2297 3796 2637 3867 κοιμωμένη,
2680 3795 2791 3848 τότ’
2822 3795 2887 3849 ἂν
2931 3794 3149 3865 νοηθείη
3177 3793 3246 3848 τά
3287 3794 3466 3848 πάντα
3513 3796 3700 3866 τεθνη-

2131 3888 2295 3954 κότα,
2331 3888 2407 3949 ὼς
2450 3886 2509 3938 ού
2562 3884 2988 3954 ζωοποιούμενα.
3026 3884 3151 3937 Οῐου
3202 3884 3328 3958 γὰρ,
3359 3885 3561 3955 ταύτης
3606 3886 3697 3939 εύ-

2127 3979 2344 4046 δούσης,
2384 3979 2474 4031 τὸν
2509 3977 2738 4031 θάνατον
2768 3976 3148 4047 ἐγρηγορέναι,
3178 3977 3272 4029 καὶ
3306 3977 3496 4047 μηδενί
3521 3976 3697 4046 ὑπάρ-

2129 4085 2242 4138 χειν
2278 4068 2379 4129 τὰς
2416 4065 2649 4130 ζωτικάς
2672 4063 2965 4136 δρέπεσθαι
3008 4061 3205 4134 αὔρας.
3249 4062 3385 4115 Οὔτε
3428 4061 3694 4130 πτωχεύει

2126 4155 2239 4222 οὖν,
2271 4158 2345 4221 ὡς
2378 4157 2583 4211 ἄνωθεν
2629 4156 2703 4208 ὢν
2746 4154 3016 4224 ἀνενδεὴς,
3064 4154 3093 4204 6
3141 4152 3391 4216 πλούσιος
3432 4154 3490 4206 ἐν
3530 4151 3687 4213 ἐλέει,

460 4267 621 4306 auras
653 4266 899 4322 carpere.
930 4250 1006 4305 Ne
1035 4266 1239 4321 pauper
1266 4252 1484 4319 quidem
1529 4260 1611 4305 est
1649 4265 1798 4318 ergo,
1827 4250 2022 4317 quippe

2134 4251 2223 4303 καὶ
2280 4248 2482 4317 ἀγαθὸς
2522 4250 2579 4301 ἐν
2626 4249 2969 4317 οίκτιρμοῖς,
3016 4247 3045 4296 6
3088 4246 3378 4315 φάρμακον
3414 4242 3490 4312 τῷ
3537 4241 3686 4308 άλγει

457 4340 547 4408 qui
585 4340 650 4393 de
676 4342 818 4395 coelo
849 4349 934 4395 est
967 4339 1166 4394 nullius
1219 4339 1298 4393 rei
1324 4339 1555 4408 .iudigus
1602 4339 1679 4409 (5)
1732 4339 1797 4404 is,
1828 4338 2024 4407 quiest

466 4431 616 4485 dives
645 4429 721 4502 (6)
752 4432 804 4485 in
835 4431 1231 4495 misericordia,
1282 4440 1335 4483 et
1367 4430 1537 4484 bonus
1567 4429 1619 4483 in
1658 4429 2023 4484 miserationi-

455 4523 592 4577 bus:
626 4522 825 4590 quique
848 4521 1053 4576 dolori.
1076 4520 1411 4591 paupertatis
1458 4529 1655 4574 nostra:
1698 4519 2018 4574 medicinam

453 4612 694 4666 adhibuit
728 4612 956 4681 ipsemet
980 4612 1406 4665 incarnationem
1453 4625 1627 4665 suam.
1678 4608 1861 4680 Neque
1883 4611 2015 4665 alie-

456 4718 526 4757 no
556 4704 758 4773 indiget
800 4701 889 4757 ille
944 4703 1173 4759 robore:
1217 4703 1475 4771 scriptum
1537 4710 1619 4753 est
1671 4702 1837 4761 enim,
1875 4700 2017 4769 quod

456 4790 508 4843 in
560 4788 679 4859 ipso
720 4787 797 4860 (7)
850 4801 1103 4845 constant
1147 4790 1325 4844 omnia
1367 4807 1381 4856 ;
1430 4798 1482 4843 ct
1525 4789 1665 4858 quod
1713 4788 1944 4843 fleetitur
1967 4790 2014 4845 ei

526 4970 634 5042 (95)
676 4970 832 5041 Ipsis.
859 4970 1044 5028 Graeca
1098 4970 1259 5025 editio
1290 4988 1304 5023 :
1335 4967 1514 5022 αὐτῶν
1581 4968 1631 5022 id
1671 4976 1781 5030 est,
1820 4986 1839 5019 ι
1879 4968 2019 5037 ipso-

460 5056 659 5176 Γυξὲὸ)’
678 5109 887 5163 Omnia.
923 5109 1063 5161 Psal.
1094 5123 1211 5168 cm.
1239 5106 1309 5159 2‘3
1345 5107 1463 5175 (Sen
1496 5107 1606 5176 27).

526 5113 615 5175 (96
678 5113 887 5163 Omnia.
923 5113 1063 5161 Psal.
1094 5123 1211 5168 cm.
1239 5113 1309 5159 28
1345 5113 1463 5175 (seu
1496 5113 1606 5176 27).

526 5113 636 5251 (97;
674 5179 810 5233 Illis.
855 5179 1040 5234 Gt'.t:ca
1087 5179 1251 5231 editio
1286 5194 1299 5229 :
1355 5176 1553 5237 αὐτῶν,
1593 5178 1639 5231 id
1692 5187 1790 5241 est,
1833 5196 1850 5229 ι
1890 5175 2011 5230 illu-

460 5263 594 5309 tum,
630 5269 648 5301 ι
686 5261 736 5317 ιιι
768 5251 926 5317 paulo
956 5257 1098 5317 ante.

526 5317 634 5385 (98)
676 5314 796 5370 Non
821 5320 873 5371 in
902 5333 1049 5383 pane.
1085 5315 1380 5385 Matthartrv.
1413 5314 1466 5366 4.

527 5384 637 5454 (99)
677 5386 780 5451 Qui
800 5390 953 5441 venit.
987 5386 1140 5440 Joan.
1173 5399 1247 5447 νι,
1275 5384 1364 5436 55.

526 5457 596 5523 ιι)
642 5456 867 5510 hauriet.
904 5458 1103 5517 Codex,
1132 5456 1358 5525 πεινήσῃ
1391 5469 1486 5521 pro
1513 5455 1760 5523 πεινάσῃ.

525 5529 602 5592 (τ’)
644 5525 863 5592 Εάιισαι.
898 5525 1031 5581 Gen.
1066 5541 1104 5587 ι,
1145 5525 1229 5577 12.
1277 5524 1503 5578 Sensum
1537 5534 1712 5577 tamen
1750 5526 2011 5577 duntaxat

453 5603 602 5726 (“(4%)
640 5660 820 5716 Sciens
859 5662 1116 5718 Christus.
1141 5661 1294 5718 Joan.
1324 5678 1435 5728 XIX,
1485 5659 1575 5716 38.
1610 5661 1776 5716 Biblia
1813 5661 2011 5716 habent

2120 4341 2219 4409 τῆς
2264 4340 2540 4410 πτωχείας
2577 4338 2675 4410 τὴν
2709 4339 2861 4408 ,παρ’
2917 4336 3111 4389 ἑαυτοῦ
3160 4335 3474 4408 οἰκονομίαν
3520 4350 3681 4404 χορη-

2121 4430 2252 4499 γῶν.
2289 4430 2423 4483 osse
2464 4428 2647 4500 ἰσχύος
2676 4429 2942 4484 ἐπιδεῖται
2971 4427 3256 4497 ἀλλοτρίας
3287 4428 3523 4489 ἐκεῖνος·
3560 4425 3690 4496 γρά-

2125 4537 2213 4587 φει
2245 4519 2381 4591 γὰρ.
2416 4520 2492 4583 ὠς
2539 4521 2597 4572 ἐν
2635 4518 2782 4589 αὐτῷ
2822 4517 3154 4588 συνέστηκεν
3205 4518 3272 4569 τά
3328 4517 3507 4568 πάντα
3531 4555 3545 4579 ,
3598 4517 3689 4568 καὶ

2124 4608 2199 4671 ὡς
2253 4609 2491 4679 κάμπτει
2537 4607 2685 4677 αὐτῷ
2728 4609 2835 4660 πᾶν
2865 4607 2992 4674 γόνυ
3034 4605 3402 4676 ἐπουρανίων,
3450 4607 3541 4658 καὶ
3572 4605 3685 4656 ἐπι-

2126 4698 2305 4766 γείων,
2339 4700 2431 4752 καὶ
2481 4698 2874 4769 καταχθονίων,
2914 4697 3013 4749 καὶ
3057 4698 3138 4749 ὅτι
3183 4697 3240 4749 ἐν
3277 4695 3409 4767 [195
3451 4696 3506 4770 b]
3553 4696 3683 4765 αὐτῇ

2122 4792 2187 4859 τῇ
2228 4789 2507 4860 οἰκονομίᾳ
2537 4788 2927 4859 προσελθόντες
2951 4787 3171 4856 ἄγγελοι
3214 4788 3492 4857 διηκόνουν
3518 4787 3685 4856 αὐτῷ,

2123 4987 2139 5018 ι
2177 4967 2334 5040 Jesns
2372 4990 2390 5022 ι
2430 4986 2527 5040 pro
2567 4988 2585 5021 ι
2620 4970 2891 5040 βιιιίδιιιε.
2933 4990 2949 5021 ι

2188 5039 2267 5107 (4)
2312 5038 2562 5106 Exsurge.
2619 5039 2757 5093 Psnl.
2815 5056 2965 5101 xuu,
3019 5038 3088 5091 25
3144 5041 3255 5109 (seu
3318 5040 3431 5109 23).
3494 5040 3683 5097 Greca

2113 5109 2274 5178 editio
2309 5129 2321 5161 :
2356 5113 2443 5164 ἵνα
2466 5110 2519 5162 τί
2563 5111 2768 5175 ὑπνοίς,
2804 5110 2852 5161 id
2880 5121 2983 5169 est,
3015 5129 3032 5159 ι
3072 5125 3240 5177 quare
3272 5113 3494 5172 dormis.
3536 5130 3554 5162 ι
3590 5127 3683 5178 pro

2110 5177 2242 5239 ὼςό
2276 5180 2475 5234 ὑπνῶν.
2538 5180 2640 5249 Sed
2694 5179 2834 5249 Psal.
2892 5194 3110 5249 Lxxvtl,
3160 5179 3229 5249 11
3288 5181 3402 5248 (seu
3458 5180 3552 5249 65)
3598 5177 3679 5234 le-

2109 5249 2252 5313 gitur
2300 5267 2313 5301 :
2355 5247 2655 5318 ἐξηγέρθη,
2706 5248 2782 5311 ὡς
2832 5251 2861 5301 6
2914 5248 3097 5319 ὑπνῶν
3158 5246 3392 5319 Κύριος,
3461 5246 3678 5312 ἰιιέει,

2112 5332 2130 5363 ι
2163 5322 2487 5379 enurrexit,
2523 5320 2665 5371 velut
2697 5319 2993 5379 dormiens,
3030 5318 3304 5373 Dominus.
3340 5336 3358 5367 ι

2108 5455 2141 5506 ἀ
2180 5388 2264 5507 (δὲ
2292 5385 2516 5507 ἐγυιιιιω
2559 5388 2633 5439 rei
2673 5387 2902 5459 indigus.
2938 5386 3144 5449 Codex.
3173 5388 3379 5457 ἐνδεής.
3426 5386 3533 5443 Sed
3562 5392 3678 5455 lego

2144 5471 2232 5507 νεν
2264 5472 2289 5507 ε
2329 5475 2375 5507 c.

2144 5471 2375 5521 νενοεης.

2180 5526 2258 5595 (6)
2296 5526 2467 5595 Dives.
2505 5527 2698 5595 Ephes.
2729 5542 2789 5587 II.
2821 5527 2873 5578 4.

2183 5594 2257 5664 (7)
2297 5594 2364 5649 In
2392 5598 2522 5664 ipso.
2550 5594 2771 5652 Coloss.
2813 5613 2853 5662 ι,
2889 5596 2973 5650 l7.
