4112 6436
401 440 501 497 917

1492 444 1578 498 DE
1617 441 1987 496 TRlNlTATE
2030 440 2228 496 ιιΒιειι
2270 442 2589 499 TERTIUS.

3526 443 3628 497 918

401 558 612 630 ἡμέρας
656 556 893 626 ἐκείνης,
935 558 966 628 ἢ
998 558 1094 627 τῆς
1133 558 1302 630 ὥρας,
1345 559 1518 623 οὐδεὶς
1558 555 1731 626 οἶδεν,
1771 558 1890 610 οὐδὲ
1919 559 1966 610 oi

2081 567 2174 610 Lem
2212 558 2319 623 illo,
2361 567 2453 610 aut
2494 558 2644 621 hora,
2680 571 2835 611 nemo
2878 557 3044 621 novit,
3084 571 3256 626 neque
3287 558 3500 627 angeli,
3531 564 3623 628 qui

400 649 621 719 ἄγγελοι
647 649 695 700 οἱ
722 649 777 702 ὲν
806 648 1040 720 οὐρανῷ,
1071 650 1191 702 οὐδὲ
1218 653 1246 702 6
1275 650 1422 714 Υἱὸς,
1451 652 1499 703 εί
1534 651 1608 723 μὴ
1631 653 1659 704 6
1689 650 1898 721 Πατὴρ,
1933 668 1951 700 ι

402 737 698 810 θεωροῦσιν
739 737 836 806 οὐχ
876 737 1062 804 ὑγιῶς.
1111 736 1389 801 Ματθαῖος
1443 737 1571 810 [195
1605 738 1659 809 a]
1716 738 1816 807 μὲν
1860 737 1968 806 γὰρ

403 827 510 899 πρὸ
551 824 717 880 αὐτοῦ
764 826 908 878 κατὰ
944 827 1052 879 τῶν
1095 827 1270 881 ἄλλων
1304 827 1503 895 λέξεων
1548 826 1969 893 ἀπαραλείπτως

403 917 597 982 ἐλθὼν,
646 918 746 970 οὐκ
792 912 945 969 εἶπεν
994 918 1083 970 τὸν
1118 918 1246 972 Υῑὸν
1292 920 1502 987 ἀγνοεῖν
1525 960 1539 979 ,
1589 918 1724 972 ἀλλὰ
1775 918 1868 971 καὶ
1911 917 1971 970 τὸ

405 1009 591 1079 σχῆμα
634 1007 765 1062 αὐτὸ
823 1008 916 1061 τοῦ
958 1008 1145 1072 τέλους
1190 1010 1389 1064 εἰδέναι
1442 1011 1657 1076 ἐξέθετο
1712 1009 1967 1063 τοιῶσδε·
1994 993 2018 1022 ί

409 1120 426 1151 ι
468 1100 603 1171 Περὶ
633 1100 690 1153 δὲ
732 1100 828 1170 τῆς
861 1101 1073 1171 ἡμέρας
1104 1102 1336 1172 ἐκείνης,
1375 1102 1407 1172 ἦ
1439 1101 1541 1172 τῆς
1585 1100 1754 1171 ὥρας,
1796 1100 1970 1164 οὐδεὶς

403 1185 706 1251 οἶδεν,ούδὲ
730 1188 1017 1257 οἱᾶγγελοι
1038 1189 1145 1243 τῶν
1186 1189 1452 1260 οὐρανῶν,
1501 1192 1549 1241 ει
1600 1189 1673 1259 μὴ
1719 1191 1746 1240 6
1782 1190 1971 1259 Πατὴρ

408 1280 587 1348 μόνος.
615 1279 828 1351 Ὥσπερ
854 1279 963 1350 γὰρ
991 1282 1046 1332 αἱ
1085 1280 1286 1350 ἡμέραι
1315 1279 1407 1333 τοῦ
1433 1278 1577 1341 Νῶε,
1611 1278 1783 1341 οὕτως
1818 1278 1970 1333 ἔσται

405 1370 438 1438 ἡ
495 1368 768 1437 παρουσία
811 1367 905 1421 τοῦ
949 1368 1077 1421 Υίοῦ
1125 1368 1218 1421 τοῦ
1264 1367 1570 1439 ἀνθρώπου.
1616 1368 1823 1440 Ὥσπερ
1861 1368 1970 1439 γὰρ

403 1451 543 1526 ἦσαν
589 1457 648 1509 ὲν
690 1458 811 1520 ταῖς
857 1458 1095 1530 ἡμέραις
1136 1459 1258 1520 ταῖς
1302 1458 1408 1528 πρὸ
1450 1452 1541 1510 τοῦ
1584 1455 1970 1526 κατακλυσμοῦ

405 1545 731 1617 τρώγοντες,
768 1548 861 1600 καὶ
886 1547 1154 1609 πίνοντες,
1187 1547 1495 1617 γαμοῦντες
1526 1548 1620 1601 καὶ
1650 1546 1974 1617 ὲκγαμίζον-

408 1655 519 1700 τες,
553 1638 679 1708 ἄχρι
709 1635 777 1710 ἦς
802 1640 1017 1710 ἡμέρας
1051 1637 1302 1707 εἰσῆλθεν
1334 1637 1457 1691 Νῶε
1484 1641 1563 1702 είς
1590 1640 1688 1708 τὴν
1720 1638 1970 1701 κιϐωτὸν,

409 1729 505 1782 καὶ
534 1729 632 1781 οὐκ
669 1729 936 1797 ἔγνωσαν,
980 1730 1083 1794 ἕως
1119 1729 1355 1799 ἐπῆλθεν
1386 1732 1414 1783 6
1444 1730 1847 1800 κατακλυσμὸς,
1881 1731 1974 1783 καὶ

407 1813 539 1886 ἦρεν
573 1817 777 1880 πάντας
797 1835 810 1847 °
837 1818 1008 1882 οὕτως
1043 1819 1195 1871 ἔσται
1223 1820 1316 1872 καὶ
1349 1821 1381 1889 ἡ
1420 1820 1689 1890 παρουσία
1721 1819 1814 1872 τοῦ
1843 1819 1972 1872 Υἱοῦ

407 1908 499 1961 τοῦ
552 1908 861 1978 ἀνθρώπου.
908 1929 926 1962 ι
970 1913 1033 1963 Ui
1083 1906 1177 1963 οὖν
1228 1910 1378 1964 ἄλλοι
1426 1911 1808 1979 εὐαγγελισταὶ
1856 1912 1975 1965 οὐδὲ
2006 1900 2047 1953 Β

406 1999 541 2062 ὅλως
568 2001 976 2070 ἐμνημόνευσαν
1018 2000 1240 2054 τούτου·
1290 2001 1427 2055 ἀλλὰ
1456 2003 1596 2056 κατὰ
1633 2002 1835 2074 ταύτης
1876 2003 1974 2073 τῆς

405 2091 689 2162 αἱρετικῆς
720 2091 1101 2159 ,ἐναντιώσεως
1149 2092 1302 2146 λύσιν
1333 2094 1608 2164 παρέσχον
1648 2096 1699 2147 οἱ
1740 2094 1964 2147 ἀπόστο-

404 2182 506 2245 λοι,
555 2183 615 2235 ὲν
656 2182 734 2253 τῷ
775 2183 917 2236 κατὰ
965 2182 1217 2253 Ἰωάννην
1261 2185 1577 2255 Εὐαγγελίῳ
1621 2185 1851 2254 φάμενοι
1885 2184 1975 2237 οῦ-

404 2285 543 2334 τως·
578 2289 597 2322 ι
648 2271 760 2323 Νῦν
804 2272 1050 2343 οἴδαμεν,
1096 2274 1177 2326 ὅτι
1220 2273 1397 2326 πάντα
1439 2269 1617 2337 οἷδας”
1651 2294 1668 2326 ι
1703 2273 1820 2339 ἅτε,
1872 2290 1976 2345 φη-

305 2426 311 2430 _
408 2360 518 2425 σὶν,
546 2360 671 2425 Υἱὸς
698 2361 871 2436 Λόγος
910 2363 1005 2417 τοῦ
1036 2362 1193 2429 Θεοῦ,
1224 2364 1291 2416 δι’
1325 2355 1387 2416 οὗ
1420 2363 1487 2416 τά
1520 2365 1697 2417 πάντα
1727 2363 1971 2431 ἐγένετο·

408 2453 470 2518 ἐξ
498 2446 573 2506 ὧν
607 2452 826 2506 πάντων
862 2453 1009 2506 ἐστὶν
1044 2454 1138 2507 καὶ
1174 2455 1207 2524 ή
1252 2454 1456 2525 ἐσχάτη
1493 2454 1693 2526 ἡμέρα.
1727 2454 1838 2508 Καὶ
1872 2455 1975 2527 χρὴ

411 2543 469 2597 δὲ
502 2544 577 2615 μὴ
610 2543 954 2615 καθηκόντως
987 2543 1352 2614 ἐκλαμϐάνειν
1383 2546 1444 2597 τὸ
1473 2545 1847 2615 προνοητικῶς
1878 2547 1977 2617 ἀρε

411 2635 592 2707 νηθέν.
629 2636 896 2706 Καθάπερ
926 2635 1034 2705 γὰρ
1069 2635 1135 2687 δι’
1163 2637 1310 2705 ἡμᾶς
1346 2636 1519 2689 εἵλετο
1551 2638 1763 2707 μορφὴν
1791 2636 1975 2690 δούλου

411 2725 625 2791 λαϐεῖν,
662 2723 805 2777 οὕτω
859 2727 951 2777 καὶ
982 2724 1042 2778 τὸ
1091 2726 1296 2788 εἰπεῖν,
1332 2726 1412 2779 ὅτι
1447 2728 1650 2795 ἀγνοεῖ.
1699 2730 1978 2800 Φαρμάκῳ

411 2816 520 2889 γὰρ
553 2812 663 2870 οἷον
705 2816 877 2887 τούτῳ
911 2818 1203 2889 ἐχρήσατο,
1242 2817 1329 2870 διὰ
1359 2822 1420 2871 τὸ
1450 2821 1746 2891 συμφέρειν
1786 2825 1852 2892 τῇ
1886 2823 1979 2874 άν-

414 2907 729 2980 θρωπότητι
763 2908 838 2981 μὴ
871 2911 1070 2979 γνῶναι
1119 2912 1217 2976 τὴν
1249 2910 1515 2983 ἐρώτησιν
1557 2914 1731 2983 αὐτῆς
1751 2931 1763 2942 ’
1797 2913 1862 2966 ἵν’
1895 2914 1981 2967 ἀεὶ

412 3000 787 3072 προσδοκῶσα,
834 3001 925 3054 καὶ
967 3001 1059 3053 ἐπὶ
1115 3001 1309 3073 θύραις
1355 2999 1491 3056 εἷναι
1539 3004 1836 3074 νομίζουσα
1881 3005 1982 3074 τῆς

413 3090 647 3161 κρίσεως
677 3091 776 3145 τὸν
799 3091 1008 3162 καιρὸν,
1042 3090 1259 3164 ἕτοιμος
1295 3094 1523 3162 γένηται
1562 3092 1629 3146 δι’
1676 3093 1851 3165 ἔργων
1889 3097 1982 3149 καὶ

2068 648 2119 702 ἰιι
2147 648 2283 703 coelo
2321 656 2468 711 sunt,
2497 663 2667 715 neque
2690 646 2879 709 Filius,
2914 648 3013 702 nisi
3053 647 3234 713 Pater,
3280 667 3300 699 ι
3344 665 3626 718 perperam

2069 740 2510 807 interpretantur.
2553 738 2681 791 Nam
2733 737 3013 792 Matthmus
3046 740 3260 807 quidem
3311 751 3434 794 ante
3484 739 3627 794 Mar-

2070 844 2190 882 cum
2242 828 2361 881 aliis
2422 826 2599 881 verbis
2648 826 2760 895 (24)
2820 828 3062 881 eamdem
3120 844 3229 882 rem
3291 829 3420 884 nihil
3466 831 3629 885 omit-

2071 920 2231 974 tendo
2262 932 2511 983 narrans,
2538 932 2643 971 non
2674 918 2831 982 dixit,
2873 916 3067 971 Filium
3098 918 3343 987 ignorare
3377 920 3513 991 (25),
3538 925 3629 976 sed

2070 1009 2151 1062 vel
2182 1010 2351 1077 ipsum
2385 1008 2600 1062 modum
2649 1007 3126 1062 consummationis
3153 1009 3334 1062 mundi
3367 1009 3501 1064 Filio
3538 1027 3628 1062 no-

2071 1111 2180 1152 tum
2212 1114 2334 1154 esse
2363 1098 2654 1153 ostendens
2683 1099 2753 1152 ita
2779 1111 2901 1151 eum
2924 1097 3171 1166 exposuit
3199 1116 3212 1151 :
3253 1116 3271 1148 ι
3311 1098 3384 1153 De
3408 1099 3492 1154 die
3519 1100 3627 1171 (26)

2070 1198 2248 1241 autem
2290 1188 2399 1247 illa.
2433 1197 2525 1241 aut
2549 1188 2680 1241 hora
2730 1187 3047 1260 (27),ncmo
3090 1188 3214 1251 scit,
3245 1204 3421 1256 neque
3459 1190 3628 1257 angeli

2072 1278 2352 1344 caelorum,
2381 1278 2479 1332 nisi
2510 1276 2672 1331 Pater
2698 1277 2810 1347 (ἓὸ)
2829 1277 2992 1331 solus.
3025 1276 3175 1331 Sicut
3197 1278 3338 1330 enim
3363 1277 3478 1331 dies
3501 1276 3632 1338 Noe,

2073 1372 2142 1424 ita
2171 1371 2274 1438 erit
2292 1376 2553 1423 adventus
2580 1367 2699 1422 Filii
2732 1367 2987 1422 hominis.
3009 1366 3163 1421 Sicut
3184 1367 3326 1421 enim
3348 1366 3460 1437 (29)
3479 1376 3635 1421 erant

2070 1461 2262 1516 diebus
2303 1471 2427 1515 ante
2455 1460 2715 1514 diluvium
2746 1458 3090 1524 comedentes
3129 1469 3184 1512 et
3230 1458 3495 1522 bibentes,
3533 1473 3632 1511 nu-

2073 1553 2264 1607 bentes
2326 1564 2377 1607 et
2430 1554 2615 1622 nuptui
2641 1552 2953 1615 ‘tradentes,
2995 1565 3163 1620 usque
3218 1551 3283 1604 ad
3328 1564 3451 1604 eum
3493 1551 3632 1604 diem

2073 1659 2182 1714 quo
2230 1645 2451 1698 intravit
2491 1644 2602 1698 Noe
2656 1644 2708 1696 in
2756 1657 2962 1705 arcam,
3005 1651 3060 1695 et
3099 1657 3205 1696 non
3246 1652 3633 1710 cognoverunt,

2075 1737 2244 1789 donec
2273 1735 2577 1800 supervenit
2607 1734 2723 1803 (30)
2767 1733 3046 1799 diluvium,
3081 1742 3135 1787 et
3157 1732 3277 1786 tulit
3310 1746 3529 1786 omnes:
3563 1733 3632 1786 ita

2076 1826 2261 1879 eritct
2311 1825 2573 1879 adventus
2629 1823 2750 1877 Filii
2816 1823 3070 1877 hominis.
3133 1841 3151 1874 ι
3210 1822 3400 1877 Caneri
3456 1833 3634 1876 autem

2074 1915 2414 1985 evangelista:
2451 1915 2612 1984 hujus
2645 1916 2719 1969 rei
2745 1914 2906 1986 405
2942 1928 3007 1970 ne
3037 1915 3396 1969 meminerunt
3417 1912 3634 1981 quidem

2074 2007 2314 2061 omnino.
2348 2004 2452 2060 Sed
2511 2020 2849 2073 responsum,
2891 2021 2997 2075 quo
3044 2005 3209 2060 hocce
3253 2004 3635 2059 haereticorum

2075 2107 2450 2164 argumentum
2526 2095 2890 2158 solreremus,
2961 2096 3113 2150 nobis
3162 2096 3639 2150 subministrarunt

2076 2184 2327 2252 apostoli,
2367 2184 2457 2253 qui
2503 2184 2555 2237 in
2595 2184 2884 2252 Evangelio
2926 2186 3220 2239 secundum
3267 2183 3525 2238 Joannem
3558 2183 3639 2236 sic

2075 2274 2408 2344 loquuntur:
2465 2292 2483 2326 ι
2527 2273 2680 2330 Nunc
2724 2275 2836 2345 (5i)
2873 2275 3244 2344 cognovimus,
3273 2273 3415 2342 quod
3458 2273 3638 2328 omnia

2076 2367 2182 2422 scis
2216 2385 2229 2422 :
2266 2385 2285 2419 ι
2317 2382 2529 2437 nempe,
2581 2377 2850 2438 quatenus
2902 2365 3073 2421 Filius
3104 2365 3340 2421 Verbum
3393 2363 3512 2431 Dei,
3545 2379 3639 2432 per

2078 2473 2237 2527 quem
2265 2459 2443 2513 omnia
2484 2457 2625 2513 facta
2669 2467 2822 2523 sunt;
2864 2457 2915 2511 in
2957 2457 3194 2512 omnium
3240 2465 3415 2510 autem
3460 2471 3638 2510 rerum

2079 2562 2242 2602 censu
2273 2548 2747 2616 comprehenditur
2787 2548 2948 2603 etiam
2998 2546 3219 2601 ultimus
3259 2545 3394 2600 dies.
3437 2544 3642 2599 Conve-

2079 2639 2243 2693 nienti
2275 2650 2452 2693 autem
2479 2638 2590 2709 (52)
2621 2654 2780 2695 sensu
2831 2639 3173 2709 interpretari
3222 2638 3455 2709 oportet,
3502 2636 3641 2704 quod

2080 2731 2296 2800 provide
2328 2746 2358 2783 a
2387 2729 2607 2786 Christo
2655 2740 2903 2802 negatum
2953 2739 3056 2785 est.
3109 2728 3243 2783 Nam
3298 2729 3645 2798 quemade

2081 2821 2205 2890 dum
2236 2829 2454 2890 propter
2484 2836 2580 2876 nos
2609 2820 2833 2876 formam
2858 2822 2999 2878 servi
3026 2821 3271 2891 accipere
3309 2810 3474 2874 voluit
3506 2816 3642 2889 (55),

2083 2912 2162 2967 sic
2185 2913 2347 2967 etiam
2372 2912 2551 2967 dicere
2595 2912 2767 2968 voluit
2825 2927 2884 2968 se
2933 2911 3177 2977 nescire;
3207 2911 3309 2965 hoc
3361 2909 3506 2964 enim
3536 2909 3646 2963 vel-

2083 3004 2158 3058 uti
2205 3004 2497 3073 pharmaco
2532 3018 2660 3060 usus
2691 3013 2795 3071 est,
2843 3004 2967 3073 quia
2988 3002 3216 3072 prodest
3241 3000 3562 3055 humanitati
3595 3001 3645 3053 id

2083 3094 2311 3159 nescire,
2344 3093 2409 3149 de
2433 3107 2540 3162 quo
2582 3094 2693 3163 ipsa
2734 3093 3068 3162 interrogat:
3113 3101 3172 3147 ut
3209 3107 3425 3162 semper
3452 3107 3646 3161 exspe-

412 3183 647 3247 πίστεως
678 3186 756 3247 εἰς
805 3183 867 3236 τὸ
901 3182 1160 3254 σωθῆναι.
1196 3185 1331 3237 Οὐδὲ
1366 3185 1473 3256 γὰρ
1495 3185 1685 3239 ἔλαθεν
1715 3187 1980 3259 δημιουρ-

2086 3194 2258 3248 ctans,
2286 3193 2341 3240 et
2370 3185 2423 3239 in
2452 3184 2633 3252 januis
2668 3199 2791 3241 esse
2832 3194 3021 3255 putans
3053 3183 3240 3255 judicii
3285 3193 3517 3255 tempus,
3548 3198 3645 3251 per

411 3275 588 3346 γήσας
634 3275 852 3349 χρόνον,
897 3274 955 3328 ὃν
984 3276 1085 3329 οὐκ
1125 3275 1424 3343 ἠπίστατοε
1456 3276 1566 3329 οὐδ’
1616 3273 1682 3330 αὖ
1713 3279 1978 3347 ἠγνόησεν

330 3434 335 3439 Ι
413 3366 514 3436 τὴν
546 3364 741 3418 ἑαυτοῦ
766 3366 1024 3435 δευτέραν
1052 3365 1180 3437 [195
1219 3366 1271 3438 b]
1319 3367 1639 3437 παρουσίαν,
1669 3368 1698 3418 ὁ
1725 3367 1800 3420 ὢν
1822 3369 1880 3421 ὲν
1905 3367 1983 3439 τῷ

416 3455 612 3525 Πατρὶ,
646 3456 739 3509 καὶ
786 3454 875 3510 τὸν
908 3456 1129 3526 Πατέρα
1164 3455 1302 3526 ἔχων
1353 3458 1410 3508 ὲν
1460 3456 1669 3526 ἑαυτῷ-
1711 3456 1869 3527 δῆλον
1913 3458 1980 3522 δ’,

416 3546 498 3599 ὅτι
530 3547 627 3599 σὺν
665 3550 730 3617 τῇ
762 3548 968 3618 εἰδήσει
995 3565 1008 3578 ο
1041 3550 1089 3600 εἰ
1121 3547 1229 3619 γὰρ
1266 3549 1323 3601 ἐν
1356 3548 1503 3618 αὑτῷ
1538 3550 1684 3601 ἐστιν
1710 3550 1739 3600 ὁ
1772 3549 1983 3619 Πατὴρ,

416 3639 447 3690 6
478 3638 653 3691 πάντα
682 3636 838 3700 εἰδὼς
857 3678 871 3702 ,
904 3633 1041 3691 οἶδεν
1068 3640 1161 3692 καὶ
1192 3639 1373 3703 αὐτὸς,
1406 3643 1433 3693 6
1462 3640 1640 3693 πάντα
1676 3639 1898 3711 θεωρῶν
1924 3642 1984 3692 ὲν

416 3727 496 3796 τῷ
529 3728 717 3799 Πατρί.
758 3728 884 3791 Πῶς
934 3727 1044 3800 γὰρ
1078 3727 1143 3782 ἂν
1192 3731 1286 3784 καὶ
1329 3730 1402 3801 μὴ
1454 3729 1658 3800 βλέποι,
1695 3731 1724 3782 6
1764 3729 1825 3783 τὸ
1870 3729 1985 3798 φῶς

414 3820 555 3891 ἔχων
588 3822 644 3875 ὲν
682 3820 882 3891 ἐαυτῷ,
912 3822 940 3873 6
976 3820 1152 3873 πάντα
1190 3823 1270 3884 εἰς
1308 3821 1460 3887 τάξιν
1506 3822 1599 3874 κα)⁸
1630 3821 1986 3891 διακόσμησιν

392 3909 661 3979 ¹ἀγαγὼν,
702 3913 730 3964 6
766 3912 944 3965 πάντα
982 3910 1137 3974 εἰδὼς
1170 3912 1275 3980 πρὸ
1320 3912 1584 3978 γενέσεως
1615 3911 1813 3973 αὐτῶν,
1843 3913 1872 3964 6
1902 3910 1991 3981 δη-

424 4003 684 4073 μιουργὸς
711 4003 819 4056 τῶν
845 4003 1071 4073 χρόνων,
1099 4003 1127 4054 ὁ
1155 4004 1249 4056 καὶ
1275 4004 1421 4074 ὃριον
1449 4002 1671 4072 θέμενος
1695 4006 1760 4073 τῇ
1788 4003 1986 4067 κτίσει,

422 4092 516 4144 καὶ
544 4092 604 4145 τὸ
635 4092 799 4145 ποσὸν
836 4092 942 4144 τῶν
973 4092 1192 4162 ἡμερῶν
1234 4091 1520 4158 παγιὼσας
1546 4092 1647 4163 τῆς
1679 4093 1986 4157 συστάσεως

421 4183 611 4253 αὐτῆς,
657 4185 750 4237 καὶ
776 4182 944 4235 εἰπών
966 4198 979 4212 ’
1029 4203 1046 4234 ι
1107 4184 1191 4246 Ὦς
1221 4185 1462 4254 κλέπτης
1484 4187 1541 4236 ἐν
1587 4187 1742 4236 νυκτὶ
1772 4185 1988 4255 ἔρχεται

424 4274 458 4341 ή
516 4274 804 4327 τελευταία
851 4275 1059 4345 ἡμέραο
1098 4295 1116 4328 ι
1154 4276 1249 4328 κα)⁴
1283 4275 1470 4329 πάλιν·
1509 4294 1527 4325 ι
1574 4277 1685 4329 Οὐκ
1744 4276 1893 4330 ἔσται
1932 4279 1989 4329 ἐν

422 4365 602 4426 νυκτὶ,
647 4365 732 4418 ἵνα
764 4367 797 4436 ἡ
826 4366 1009 4437 ἡμέρα
1045 4368 1102 4419 ὲν
1146 4368 1333 4437 σκοτία
1370 4367 1513 4437 ὑμᾶς
1553 4368 1859 4440 καταλάϐῃ·
1903 4388 1920 4419 ι
1963 4370 1991 4421 6

425 4456 519 4510 καὶ
565 4455 636 4510 τά
688 4458 923 4528 ἐσόμενα
973 4461 1175 4529 σημεῖα
1238 4459 1365 4529 περὶ
1416 4460 1623 4512 ἐκεῖνον
1660 4460 1750 4512 τὸν
1801 4460 1990 4532 καιρὸν

2081 3291 2269 3347 opera,
2316 3286 2373 3333 et
2421 3293 2517 3348 per
2566 3278 2725 3333 ﬁdem
2763 3285 2949 3347 parata
3003 3286 3238 3342 maneat,
3285 3286 3343 3330 nt
3389 3278 3645 3329 salvetur.

2082 3366 2192 3423 Nec
2235 3368 2378 3422 enim
2422 3369 2737 3439 imprudens
2778 3368 3017 3423 condidit
3065 3368 3179 3438 ipse
3232 3368 3357 3421 illud
3395 3372 3645 3435 ‘tet'npus,

2082 3458 2223 3527 quod
2265 3459 2534 3521 nesciret,
2583 3472 2757 3527 neque
2801 3467 3059 3526 praeterea
3101 3457 3326 3510 alterum
3358 3472 3511 3534 suum
3560 3456 3651 3508 ad-

2084 3557 2305 3604 ventum
2334 3550 2604 3617 ignoravit
2633 3550 2678 3603 is
2707 3549 2796 3617 qui
2825 3558 2879 3605 et
2917 3558 3002 3604 est
3042 3549 3094 3602 in
3123 3546 3303 3610 Patre,
3351 3554 3397 3600 et
3436 3544 3651 3596 Putrem

2084 3641 2247 3695 habet
2276 3640 2331 3694 in
2361 3641 2694 3709 semetipso:
2749 3638 2890 3693 haud
2933 3637 3151 3693 dubium
3183 3652 3310 3690 vero
3350 3636 3480 3704 quin
3530 3649 3650 3688 eum

2084 3731 2277 3787 habeat.
2304 3745 2426 3785 cum
2475 3730 2781 3798 cognitione
2815 3742 2974 3797 quam
3008 3728 3171 3782 habet
3197 3726 3375 3779 Pater.
3421 3724 3477 3778 Si
3510 3724 3654 3793 enim

2086 3822 2139 3876 in
2168 3822 2283 3891 ipso
2315 3830 2399 3876 est
2439 3818 2599 3874 Pater
2626 3819 2718 3888 qui
2755 3818 2934 3874 omnia
2965 3817 3090 3884 scit,
3148 3818 3296 3872 novit
3339 3816 3391 3870 id
3451 3828 3506 3871 et
3539 3815 3655 3884 ipse

2086 3913 2177 3983 qui
2222 3915 2405 3966 omnia
2433 3907 2830 3977 contemplatur
2862 3908 2915 3962 in
2966 3906 3156 3963 Patre.
3191 3907 3470 3973 Quomodo
3510 3909 3651 3963 etaim

2089 4018 2190 4056 non
2226 4004 2416 4056 videat
2449 4003 2495 4055 is
2534 4000 2624 4070 qui
2667 3999 2839 4053 lucem
2881 3997 3041 4053 habet
3089 3997 3141 4052 in
3186 3996 3514 4066 semetipso;
3564 4000 3654 4066 qni

2088 4097 2266 4149 pluuia
2316 4096 2368 4148 iu
2411 4094 2657 4149 ordinem
2696 4089 2923 4159 redegit,
2954 4097 3009 4143 et
3037 4088 3291 4153 ornavit;
3340 4087 3429 4156 qui
3475 4089 3654 4141 omnia

2089 4186 2194 4239 scit
2219 4194 2504 4252 antequam
2527 4181 2805 4247 oriantur;
2839 4178 2932 4249 qui
2962 4189 3045 4234 est
3064 4186 3277 4232 creator
3310 4185 3611 4246 temporum
3639 4192 3653 4241 ;

2090 4277 2179 4340 qui
2210 4287 2264 4329 et
2297 4274 2586 4328 terminum
2614 4271 2791 4342 posuit
2824 4280 3108 4337 creaturas,
3140 4278 3194 4324 et
3223 4283 3508 4322 numerum
3547 4267 3659 4321 die»

2092 4379 2209 4418 rum
2264 4362 2541 4426 stabilivit,
2590 4361 2786 4430 quibus
2837 4361 3008 4430 ipsius
3050 4369 3312 4414 creatura:
3347 4357 3659 4413 constitutio

2095 4466 2505 4529 perseveratum
2536 4469 2618 4512 est
2648 4476 2664 4522 ;
2693 4456 2895 4526 quique
2937 4456 3074 4510 dixit
3106 4473 3120 4510 :
3156 4472 3175 4506 ι
3216 4455 3371 4510 Sicut
3417 4454 3531 4524 (54)
3575 4450 3660 4505 iur

424 4547 803 4619 προειρηκὼς,
827 4549 922 4601 καὶ
958 4548 1167 4619 μέλλων
1213 4550 1428 4620 ἐκείνην
1466 4550 1635 4621 αὐτὴν
1678 4551 1981 4605 ἀνατέλλειν

2095 4553 2146 4605 in
2195 4560 2369 4612 nocte,
2418 4550 2567 4605 venit
2610 4548 2797 4604 ultima
2846 4548 2993 4615 dies;
3030 4566 3050 4600 ι
3092 4556 3146 4603 et
3199 4543 3425 4603 rursus:
3469 4564 3487 4596 ι
3537 4543 3652 4598 Non

422 4640 522 4710 τὴν
565 4640 801 4712 φοϐερὰν
832 4641 926 4695 καὶ
963 4641 1262 4713 ἀνέσπερον
1290 4642 1522 4713 ἡμέραν,
1552 4644 1580 4695 6
1608 4644 1701 4697 καὶ
1728 4642 1828 4713 τῆς
1866 4643 1986 4716 κρί-

495 4825 608 4898 (24)
649 4828 781 4883 Aliis
822 4831 1006 4884 verbis.
1053 4829 1232 4885 Codex
1278 4831 1456 4885 hocin
1484 4830 1601 4884 loco
1646 4829 1861 4898 aliquod
1909 4830 1989 4881 vi-

427 4897 773 4971 ti_uin_habel.
814 4900 1070 4969 Equidem
1097 4902 1213 4971 lego
1245 4901 1385 4955 κατὰ
1414 4901 1522 4953 τῶν
1546 4897 1847 4970 άλλωνίρτο
1896 4901 1992 4952 καὶ

423 4967 492 5019 τὰ
515 4966 624 5020 τῶν
649 4968 842 5023 ἄλλων.

499 5037 776 5111 (25)-Νοιι
814 5039 948 5092 dixit
979 5037 1179 5095 Filium
1209 5042 1473 5111 ignorare.
1504 5037 1863 5111 Hieronymus
1895 5039 1988 5111 lib,

429 5108 579 5171 Iv,in
616 5107 925 5179 Mauhwum
962 5123 1078 5179 cap.
1131 5107 1287 5179 xxv},
1328 5112 1395 5161 de
1443 5110 1541 5162 hoc
1590 5107 1724 5177 ipso'
1759 5108 1991 5162 Matthazi

429 5187 574 5250 textu
621 5177 864 5250 loquens,
899 5177 1057 5250 quem
1077 5179 1186 5250 _hic
1217 5177 1372 5233 all'ert
1402 5179 1674 5250 Didymus,
1705 5179 1818 5233 lucc
1858 5179 1982 5232 seri.

428 5247 504 5298 hit
536 5264 549 5299 :
588 5263 607 5297 ι
644 5247 698 5299 lu
724 5249 1043 5309 quihusdam
1076 5248 1284 5303 Latinis
1311 5247 1587 5303 codicibus
1610 5250 1849 5301 additum
1887 5256 1989 5311 est,

435 5315 870 5384 altequeFilins,r
896 5319 1093 5389 cumJn
1111 5318 1329 5380 Graecis,
1356 5328 1410 5373 et
1436 5319 1666 5371 maxime
1686 5319 1988 5372 Adamantii

428 5395 483 5437 et
513 5383 675 5439 Pierii
723 5388 1121 5443 exemplaribus
1164 5391 1267 5443 hoc
1331 5404 1436 5441 non
1496 5390 1760 5441 habeatur
1818 5389 1988 5440 ascri-

560 5402 675 5439 lel'll
723 5402 1121 5441 exemplaribus
1165 5402 1267 5441 IIOC
1331 5404 1436 5441 ll0l|
1496 5402 1760 5441 uaueatur
1818 5403 1988 5440 aSCl'I-

428 5403 675 5456 etrtern
723 5403 1121 5454 exemplaribus
1165 5403 1267 5443 noc
1331 5404 1436 5441 non
1496 5403 1760 5441 naueatur
1818 5403 1983 5440 ascri-

428 5464 599 5525 ptum.
639 5474 659 5508 »
695 5454 826 5509 Vide
861 5458 1204 5511 Ambrosium
1232 5458 1359 5512 Iih.v
1395 5458 1469 5510 De
1495 5458 1600 5525 ﬁde
1632 5472 1751 5525 cap.
1779 5455 1865 5519 16,
1897 5458 1983 5509 ubi

431 5524 716 5596 hgereticos
756 5527 1062 5596 redarguit,
1092 5529 1232 5594 quod
1285 5524 1504 5596 voces,’
1534 5545 1552 5577 ι
1598 5524 1707 5579 nec
1746 5525 1930 5589 Filius,
1970 5546 1989 5577 ι

433 5592 860 5670 Μιιιιιιωῌεξιιιὶ
892 5592 1241 5670 addidissent.
1272 5595 1377 5649 Sed
1404 5595 1752 5649 Alexandrini
1781 5598 1995 5651 codices

429 5678 492 5716 ea
536 5662 878 5733 corruptione
912 5662 1091 5719 iniecti
1131 5681 1235 5718 non
1266 5674 1442 5719 erant.

501 5733 613 5802 (‘26)
654 5734 730 5787 De
760 5734 866 5788 die.
900 5734 1085 5789 Matth.
1117 5749 1259 5794 mv.
1290 5733 1475 5789 56-59.

503 5803 615 5869 (27)
659 5803 779 5857 Aut.
814 5804 998 5859 Graeca
1023 5805 1207 5867 editio,
1240 5804 1355 5867 καί,
1390 5804 1441 5858 id
1465 5812 1571 5869 est,
1600 5821 1618 5855 ς
1652 5813 1724 5858 et.
1762 5821 1780 5856 ι

503 5874 616 5944 (:38)
663 5871 841 5927 Pater.
900 5874 1088 5930 Graeca
1155 5876 1318 5931 editio
1371 5875 1710 5945 αιΙιΙίιιμου,
1773 5875 1825 5930 id
1883 5883 1992 5941 cst,

2094 4644 2197 4699 erit
2222 4642 2336 4715 (55)
2366 4643 2419 4696 ἱιι
2447 4651 2625 4708 nocte,
2655 4651 2713 4697 ut
2742 4640 2860 4696 dies
2900 4640 2952 4694 in
2978 4642 3214 4698 tenebris
3238 4655 3334 4696 vos
3363 4641 3660 4710 deprchen-

2098 4848 2118 4882 ι
2154 4846 2386 4900 meus.)
2417 4831 2535 4887 Sed
2581 4830 2731 4900 Vulg.
2786 4832 3048 4900 interpres
3097 4827 3223 4897 legit
3276 4838 3332 4883 ut
3385 4827 3659 4898 Didymus.

2167 4900 2279 4971 (29)
2321 4899 2498 4971 Enim.
2537 4899 2953 4971 Graecacditio,
2981 4899 3158 4971 δέ,ίά
3195 4909 3314 4971 e_s_tA,
3346 4917 3365 4949 ί
3397 4909 3598 4971 autem.
3640 4917 3657 4948 ι

2167 4964 2650 5051 (50)Α8ιιρενυεηὶι.
2716 4970 2904 5025 Graeca
2939 4964 3167 5035 reditio,
3212 4964 3416 5039 ἦλθεν,
3466 4968 3518 5023 id
3561 4979 3663 5032 est,

2101 5059 2119 5092 ‘
2159 5049 2481 5179 gBLNznc
2502 5110 2857 5179 cognovimus.
2888 5107 3041 5165 Joan.
3076 5122 3183 5179 im,
3209 5108 3299 5164 30.

2166 5178 2277 5252 ('52)
2315 5178 2517 5232 Aulem.
2560 5178 2777 5252 Codex,
2810 5179 2905 5232 καὶ
2940 5181 3044 5252 χρὴ
3077 5178 3135 5230 δὲ
3173 5179 3246 5248 μὴ
3283 5179 3660 5252 καθηκόντωςἶ

2100 5248 2351 5305 Mendum
2406 5259 2585 5303 autem
2635 5250 2721 5305 hic
2766 5249 2933 5303 latere
2978 5248 3205 5312 videtur,
3243 5251 3340 5302 nisi
3372 5252 3493 5317 quis
3538 5250 3663 5301 illud

2099 5322 2171 5408 μη
2197 5318 2509 5408 hic‘valiere
2554 5317 2760 5408 velitne
2798 5335 2977 5408 nonne
2993 5318 3026 5404 Ἰ.
3048 5337 3065 5370 ι
3115 5318 3437 5408 lggq‘mallim
3467 5321 3665 5408 “legere

2098 5387 2205 5460 μήν
2232 5402 2330 5457 pro
2359 5388 2458 5459 μή,
2490 5398 2583 5443 aut
2620 5399 2770 5444 certe
2799 5406 2812 5443 :
2854 5389 2948 5441 καὶ
2975 5389 3035 5440 οὐ
3063 5387 3166 5459 χρὴ
3197 5387 3254 5440 δὲ
3284 5388 3359 5458 μὴ
3393 5388 3631 5459 καθηκόν
3651 5418 3663 5426 -

2092 5476 2276 5597 τωῧῒίὸ)
2327 5526 2524 5581 Voluit.
2558 5527 2975 5597 Codextei’lero
2997 5540 3094 5596 pro
3120 5526 3313 5597 εἵλετο.

2167 5595 2278 5665 (5i)
2320 5597 2466 5651 Sicut
2525 5597 2632 5665 fur.
2676 5596 2693 5648 I
2749 5595 2941 5650 Thess.
2993 5595 3047 5657 ν.
3116 5595 3169 5650 2.
3211 5596 3394 5651 Gra-ca
3438 5596 3599 5665 editio
3649 5614 3661 5648 :

2105 5662 2380 5739 Ἥὴμέρα
2402 5662 2608 5737 Κυρίου
2638 5666 2714 5730 ὡς
2744 5665 2982 5736 κλέπτης
3016 5666 3074 5719 ὲν
3100 5667 3275 5730 νυκτὶ,
3308 5662 3477 5729 οὕτως
3508 5668 3662 5735 ἔρχε-

2167 5756 2203 5790 ι.

2093 5755 2285 5877 ταβὸ)
2328 5802 2453 5877 Non
2494 5804 2783 5877 erit._Etsi
2835 5804 2982 5877 haec,
3025 5805 3151 5877 item
3190 5819 3246 5859 ut
3287 5808 3661 5874 pra'ct-dmnizz,

2099 5874 2200 5934 non
2240 5875 2425 5942 Paulo,
2484 5876 2576 5932 sed
2623 5875 2839 5933 Christo
2883 5874 3108 5932 Domino
3136 5878 3336 5935 tribuat
3381 5880 3661 5947 Didymus,
