4108 6482
426 486 528 540 919

1657 483 1890 539 DIDYMI
1929 483 2398 541 ALEXANDRINI

3564 487 3668 544 9‘30

423 605 542 665 dat;
578 617 598 651 ι
637 599 726 668 qui
769 598 934 654 etiam
969 599 1142 650 futura
1173 599 1320 668 signa
1367 601 1510 653 illius
1543 602 1800 669 temporis
1831 601 1995 672 406

2101 617 2232 662 seu);
2279 599 2340 651 τὸ
2379 599 2564 668 σχῆμα
2608 599 2699 651 καὶ
2733 597 2822 650 τὸν
2868 599 3066 668 τρόπον
3103 598 3402 670 προειπὼν,
3449 601 3478 653 6
3527 601 3664 654 ἁπο-

420 689 688 758 praedixit,
719 695 770 741 et
797 688 926 742 oriri
974 687 1135 742 faciet
1163 689 1331 756 ipsam
1389 689 1532 742 illam
1571 691 1888 756 terribilem,
1931 707 1994 746 ac

421 793 646 848 vespera
673 789 949 832 carentem
986 778 1158 842 diem;
1197 779 1288 846 qui
1339 788 1391 832 et
1417 779 1604 848 jndicii
1658 777 1907 847 formam,
1942 791 1994 836 et

421 871 637 923 modum
667 869 1136 937 pramonstravit;
1189 869 1278 938 qui
1314 869 1489 923 dictus
1523 879 1604 923 est
1643 871 1840 925 habere
1874 872 1990 926 the-

421 974 608 1012 sauros
639 959 750 1029 (56)
797 958 1098 1027 sapientim,
1150 969 1200 1011 ct
1250 959 1650 1028 scientize;qui
1701 961 1814 1014 haec
1853 975 1990 1030 prte-

423 1051 631 1103 rnonuit
675 1067 688 1103 :
734 1067 753 1099 ι
803 1047 974 1104 Erunt
1006 1048 1120 1118 (57)
1161 1050 1210 1102 in
1261 1049 1413 1103 vobis
1460 1050 1713 1114 hazreses,
1756 1060 1809 1104 et
1854 1051 1994 1106 schi-

423 1153 629 1209 smata;
663 1162 682 1195 ι
711 1143 802 1212 qui
830 1143 1167 1211 negationem
1193 1141 1361 1205 Judm,
1388 1153 1439 1194 et
1473 1141 1618 1198 Petri
1650 1145 1986 1212 negationem

423 1245 549 1289 ante
593 1235 715 1306 galli
751 1244 987 1298 cantum,
1040 1242 1095 1288 et
1147 1233 1554 1287 dissolutionem
1613 1234 1792 1302 templi
1855 1250 1987 1303 prm-

425 1325 727 1390 nuntiavit;
760 1326 849 1394 qui
902 1325 1398 1392 pseudoprophetas
1446 1327 1735 1392 postremis
1784 1337 1988 1394 tempo—

399 1418 572 1472 iiilllS
601 1415 806 1469 futuros
842 1413 1306 1482 prresignilicavit;
1338 1416 1427 1482 qui
1471 1416 1545 1468 ait
1577 1435 1589 1470 :
1635 1434 1653 1466 ι
1685 1415 1851 1468 Nemo
1874 1417 1988 1485 (58)

2098 689 2328 759 δειχθεὶς
2359 689 2504 760 ἔχειν
2549 689 2856 761 θησαυροὺς
2887 690 3080 758 σοφίας
3121 692 3217 743 κα).
3264 691 3539 760 γνώσεως,
3578 691 3684 749 καὶ.

2101 783 2483 854 προμηνύσαςο
2523 801 2540 834 ι
2581 784 2835 836 Ἔσονται
2869 785 2927 836 ὲν
2961 784 3088 853 ὑμῖν
3128 785 3367 856 αἱρέσεις
3407 786 3500 839 καὶ
3553 794 3667 856 σχι-

2102 891 2283 944 σματα
2306 889 2319 902 ·
2360 894 2378 926 ι
2416 875 2507 927 καὶ
2531 873 2627 944 τὴν
2653 875 2879 946 ἄρνησιν
2924 875 3116 939 Ἰούδα,
3149 876 3242 928 καὶ
3276 876 3374 947 τὴν
3408 879 3514 949 πρὸ
3545 879 3667 932 ἀλε-

2102 967 2475 1036 κτρυοφωνίου
2500 966 2729 1038 ἄρνησιν
2756 967 2983 1038 Πέτρου,
3018 969 3112 1021 καὶ
3135 969 3232 1040 τὴν
3258 969 3549 1030 κατάλυσιν
3573 969 3666 1023 τοῦ

2103 1055 2271 1127 ἱεροῦ·
2314 1058 2341 1108 6
2379 1058 2500 1120 τοὺς
2536 1058 2826 1127 ἐσομένους
2853 1059 2933 1120 είς
2967 1059 3034 1111 τὰ
3065 1058 3269 1128 ἔσχατα
3294 1060 3672 1131 ψευδοπροφή-

2096 1165 2194 1210 τας
2234 1147 2594 1218 προσημάνας
2615 1166 2628 1178 ο
2674 1149 2701 1200 6
2730 1149 2902 1215 λέγων
2925 1165 2940 1192 ε
2977 1168 2994 1199 ι
3039 1150 3226 1212 Οὐδεὶς
3265 1147 3401 1204 οἶδεν
3429 1152 3522 1205 τὸν
3556 1153 3667 1205 Πα-

2092 1239 2246 1309 τέρα,
2279 1241 2326 1291 εί
2360 1239 2435 1311 μὴ
2469 1243 2497 1292 6
2537 1239 2693 1302 Υἱός·
2737 1261 2754 1292 ι
2792 1241 2907 1303 καὶ,
2947 1261 2965 1291 ι
3021 1241 3221 1304 Καθὼς
3251 1243 3510 1311 γινώσκει
3544 1261 3608 1313 με
3639 1245 3668 1296 6

2096 1328 2306 1398 Πατὴρ,
2351 1328 2506 1396 κάγὼ
2536 1328 2792 1396 γινώσκω
2827 1332 3022 1398 αὑτόν;
3063 1351 3081 1383 ι
3119 1333 3296 1401 Σαφὲς
3322 1334 3396 1396 δὲ,
3434 1335 3508 1396 ὡς
3551 1333 3668 1404 μεθ’

2093 1412 2162 1488 ἦς
2195 1418 2308 1487 ἔχει
2343 1417 2598 1487 γνώσεως
2627 1422 2654 1476 6
2685 1421 2897 1491 Πατήρ.

428 1509 571 1561 novit
608 1505 842 1568 Patrem,
885 1503 988 1558 nisi
1025 1505 1223 1566 Filius;
1257 1522 1275 1555 ι
1309 1512 1361 1560 ει
1398 1522 1410 1557 :
1451 1523 1467 1555 ι
1506 1505 1654 1559 Sicut
1691 1505 1804 1574 (59)
1838 1507 1986 1559 novit
2024 1522 2108 1560 me
2171 1507 2353 1572 Pater,
2390 1519 2442 1562 et
2475 1524 2573 1579 ego
2624 1509 2744 1562 novi
2801 1513 2963 1562 eum?
3005 1528 3023 1561 ι
3047 1509 3278 1565 Evrdens
3325 1522 3503 1565 autem
3564 1525 3666 1576 est,

425 1605 563 1674 quod
594 1603 739 1656 novit
777 1615 894 1653 cum
929 1617 992 1655 ea
1055 1600 1361 1669 cognitione
1419 1583 1580 1670 quam
1616 1601 1776 1656 habet
1815 1601 1994 1656 Pater.

493 1697 643 1764 Quod
703 1697 748 1750 si
808 1696 950 1752 aliud
1002 1706 1085 1749 est
1142 1706 1298 1748 nosse
1345 1691 1602 1756 Patrem,
1660 1692 1803 1747 aliud
1865 1709 1992 1748 vero

425 1798 583 1837 nosse
615 1796 734 1852 qua:
775 1790 899 1838 sunt
940 1781 1152 1845 Patris,
1205 1779 1374 1849 majus
1407 1781 1512 1835 erit
1550 1796 1708 1836 nosse
1756 1781 1992 1848 Patrem,

424 1892 580 1945 quam
631 1891 789 1930 nosse
829 1890 946 1945 quae
989 1875 1104 1943 ejus
1147 1884 1295 1938 sunt,
1342 1873 1393 1928 id
1433 1885 1534 1937 est,
1562 1875 1724 1928 etiam
1753 1873 1995 1928 ultimum

2175 1693 2236 1744 Ei
2268 1692 2312 1744 δ’
2347 1687 2534 1762 ἔτερόν
2569 1708 2621 1744 τι
2653 1693 2799 1746 ἐστιν
2830 1691 3030 1745 ειδέναι
3070 1693 3160 1745 τὸν
3205 1695 3444 1763 Πατέρα,
3483 1696 3669 1767 ἕτερον

2102 1783 2157 1836 δὲ
2188 1783 2254 1836 τὰ
2297 1781 2390 1834 τοῦ
2438 1782 2672 1851 Πατρδς,
2727 1779 2909 1852 μεῖζον
2943 1781 3093 1838 ἔσται
3139 1783 3228 1837 τὸν
3273 1784 3403 1837 Θεὸν
3451 1787 3670 1857 Πατέρα

2102 1872 2198 1925 τοῦ
2253 1873 2452 1925 εἰδέναι
2511 1873 2580 1925 τὰ
2636 1871 2820 1938 αὑτοῦ,
2879 1873 2905 1926 ὃ
2951 1876 3100 1928 ἐστιν
3140 1875 3233 1932 καὶ
3285 1877 3382 1946 τὴν
3437 1878 3671 1948 ἐσχάτην

423 1970 599 2035 diem;
641 1979 906 2038 quatenus
956 1968 1327 2036 unusquisque
1385 1965 1553 2033 major
1603 1975 1687 2021 est
1739 1968 1995 2035 ipsemet,

2101 1965 2334 2036 ἡμέραν,
2369 1964 2492 2017 καθ’
2525 1965 2648 2017 ὅσον
2677 1965 2905 2029 ἕκαστος
2935 1965 3134 2036 μείζων
3161 1967 3320 2032 αὐτὸς
3346 1969 3453 2021 τῶν
3479 1971 3671 2024 ἑαυτοῦ

422 2075 732 2131 quamqua:
787 2062 868 2114 sui
927 2059 1096 2128 ipsius
1146 2068 1292 2114 sunt.
1355 2056 1460 2112 Sed
1515 2059 1584 2112 ita
1616 2058 1778 2112 etiam
1823 2065 1996 2127 potest

425 2151 577 2219 illud,
624 2169 643 2204 ι
685 2150 854 2206 Nemo
882 2151 996 2221 (40)
1044 2151 1195 2204 novit
1234 2149 1376 2204 diem
1422 2148 1600 2214 illam,
1650 2157 1742 2203 aut
1790 2148 1994 2211 horam,

423 2256 600 2310 neque
627 2240 817 2305 Filius,
859 2242 958 2295 nisi
993 2239 1176 2306 Pater,
1219 2259 1236 2292 ι
1263 2240 1404 2294 sicut
1431 2240 1647 2309 quidam
1689 2247 1993 2295 sanctorum

421 2327 643 2384 Patrum
697 2329 809 2400 (41)
849 2329 1129 2399 sapientiae
1173 2328 1362 2398 plenus
1401 2327 1719 2398 simpliciter
1758 2328 1869 2400 (Β)
1906 2328 2000 2382 do-

424 2421 536 2476 cuit
560 2419 782 2490 (Basilio
829 2429 948 2474 erat
993 2419 1068 2474 illi
1111 2417 1365 2489 nomen);
1409 2420 1563 2488 quasi
1613 2419 1820 2474 scilicet
1863 2419 2002 2472 idem

424 2512 499 2565 sit
537 2525 602 2566 ac
635 2512 680 2566 si
728 2511 932 2566 diceret
972 2529 986 2564 :
1029 2529 1047 2562 ι
1101 2509 1214 2564 Nisi
1253 2509 1414 2565 Pater
1469 2521 1686 2576 nosset,
1733 2527 1798 2564 ne
1839 2509 2006 2565 Filius

426 2605 645 2671 quidem
679 2614 901 2659 nosset:
947 2622 965 2654 ι
1000 2615 1064 2656 ex
1089 2617 1196 2672 quo
1223 2603 1484 2672 sequitur,
1527 2613 1605 2668 ut,
1649 2605 1692 2658 si
1731 2602 1892 2657 Pater
1918 2619 2008 2659 no-

424 2695 532 2758 vit,
563 2709 672 2749 non
710 2695 910 2763 possim
956 2694 1068 2764 (45)
1112 2709 1211 2762 ego
1253 2694 1532 2764 ignorare;
1579 2694 1670 2748 sed
1714 2711 1820 2749 non
1866 2695 2005 2760 dico,

425 2785 635 2855 inquit;
688 2787 866 2841 omnia
919 2786 1065 2840 enim
1136 2785 1274 2838 facio
1329 2785 1624 2840 secundum
1679 2785 2008 2839 voluntatem

422 2875 642 2930 Patris:
691 2892 795 2932 non
849 2886 934 2931 est
979 2887 1157 2930 autem
1207 2875 1459 2929 voluntas
1510 2873 1713 2937 Patris,
1773 2889 1868 2927 vos
1907 2873 2010 2927 hoc

425 2979 609 3020 nosse.
643 2965 806 3022 Vobis
835 2982 984 3036 ergo,
1031 2966 1226 3034 inquit,
1271 2966 1483 3034 ignoro,
1531 2966 1630 3018 etsi
1681 2964 1855 3032 reipsa
1904 2978 2007 3018 non

427 3057 670 3126 ignorem
705 3076 720 3113 :
759 3058 982 3126 pratdixi
1017 3056 1160 3111 enim
1185 3056 1337 3110 vobis
1372 3071 1468 3124 per
1509 3053 1767 3118 Psaltem,
1807 3073 1824 3105 ι
1873 3054 2009 3109 Lon-

424 3301 721 3357 verisimile
777 3310 954 3355 tamen
1017 3309 1098 3354 est
1172 3301 1239 3354 ab
1280 3314 1346 3354 eo
1393 3300 1478 3354 hic
1520 3315 1747 3370 quoque
1772 3300 1926 3354 citari
1976 3299 1995 3353 l

429 3373 623 3427 Thess.
674 3387 724 3432 ν,
771 3372 824 3428 4.
868 3370 954 3422 ubi
990 3370 1224 3437 legitur:
1268 3371 1369 3423 οὐκ
1398 3369 1607 3423 ὲστὲέν
1654 3369 1869 3434 σκότει,
1909 3371 1997 3424 ῑνα

425 3446 459 3514 ἡ
493 3441 686 3523 ἡμέρα.
713 3439 965 3523 ὑμᾷς1ὠς
993 3439 1230 3523 ιιλξὲοπτης
1251 3439 1570 3523 ααταλᾱδει.
1605 3439 1654 3523 id
1684 3452 1794 3504 est,
1834 3460 1852 3491 ι
1891 3456 1994 3523 non

429 3509 558 3566 estis
587 3509 638 3563 in
675 3509 929 3570 tenebris,
961 3519 1018 3561 ut
1049 3509 1161 3564 dies
1191 3529 1208 3560 ι
1245 3511 1410 3576 (illa)
1448 3528 1466 3561 ι
1503 3509 1597 3562 ves
1624 3521 1876 3578 tanquam
1911 3509 1996 3564 fur

429 3579 870 3648 comprehendat.
927 3598 945 3630 ι
978 3579 1046 3631 At
1087 3592 1155 3632 ne
1202 3578 1328 3632 illud
1360 3580 1572 3645 quidem
1618 3579 1992 3648 improbabile,

429 3650 698 3704 exstitisse
735 3647 938 3718 Didymi
985 3657 1143 3702 aetate
1185 3649 1238 3700 in
1271 3647 1539 3718 aliquibus
1583 3647 1994 3715 Evangeliorum

429 3718 833 3785 exemplaribus
854 3758 868 3782 ,
897 3719 1092 3786 quibus
1126 3718 1212 3771 illc
1255 3733 1382 3772 usus
1432 3719 1501 3772 sit
1523 3758 1536 3778 ,
1565 3733 1625 3772 ea
1657 3718 1770 3786 ipsa
1801 3719 1992 3779 verba,

429 3805 547 3856 quae
582 3788 668 3841 hic
701 3787 1032 3856 allegantur;
1065 3803 1187 3840 nam
1237 3789 1420 3854 paucis
1451 3798 1577 3841 ante
1619 3788 1772 3841 annis
1807 3788 1994 3841 eadem

429 3859 584 3923 quasi
615 3872 680 3910 ex
713 3857 1002 3926 Evangelia
1043 3856 1300 3910 attulerat
1338 3856 1667 3926 Epiphanius
1705 3857 1756 3909 in
1789 3856 1998 3910 Anc/to-

431 3937 546 3980 ran
591 3940 709 3994 cap.
753 3926 844 3986 2|,
890 3927 976 3998 ubi
1029 3928 1140 3979 hate
1169 3928 1432 3998 scripsit:
1470 3926 1632 3998 Λέγει
1678 3927 1819 3998 γάρξ
1851 3944 1869 3976 ι
1912 3926 1995 3988 Ὡς

432 3998 666 4066 κλέπτης
689 3998 744 4047 ὲν
766 3996 917 4048 νυκτὶ
955 3995 1171 4066 ἔρχεται
1202 3996 1435 4066 ήήμέρα
1463 3997 1660 4066 ἐκείνη.
1679 3995 1814 4048 »καί
1844 4009 2024 4063 φησιν’

437 4087 453 4116 ι
609 4066 760 4137 ἔσται
779 4067 834 4117 έν
861 4067 1038 4137 νυκτὶ,
1067 4068 1194 4136 ἴναή
1223 4067 1403 4137 ἡμέρα
1427 4067 1485 4118 ὲν
1518 4066 1696 4118 σκότει
1725 4066 1874 4137 ᾐμᾶς
1899 4081 1998 4115 κα-

430 4136 659 4206 «aloen.
675 4134 949 4191 rPetavius
971 4150 1129 4205 porro
1153 4134 1324 4205 priino
1341 4134 1454 4189 htec
1471 4137 1630 4206 verba
1648 4150 1710 4189 ex
1726 4134 1877 4188 Joau.
1897 4148 1994 4196 xu,

431 4206 501 4262 35
530 4205 808 4272 desumpta
827 4216 995 4272 putat.
1019 4206 1266 4258 Secundo
1297 4214 1462 4258 totum
1479 4205 1655 4260 locum
1681 4205 1758 4257 sic
1789 4205 1951 4256 vertit
1974 4221 1988 4254 ς

431 4276 507 4330 lta
537 4275 734 4341 quippe
763 4274 999 4341 loquitur
1029 4273 1277 4343 (Filius)
1311 4291 1323 4326 :
1367 4293 1383 4324 ι
1424 4273 1573 4327 Sicut
1607 4272 1784 4343 [uiride
1817 4283 1992 4343 nocte,

434 4346 511 4398 sic
553 4340 646 4400 illa,
674 4340 793 4408 dies
818 4340 1084 4399 adveniet.
1130 4363 1147 4394 ι
1182 4343 1315 4396 Τιιιιι
1344 4343 1468 4395 illud
1503 4361 1514 4395 :
1564 4359 1581 4391 ι
1621 4340 1793 4394 Nolite
1825 4342 1875 4393 in
1904 4355 1997 4394 no-

433 4428 518 4466 (διε
546 4414 770 4473 versari,
808 4427 875 4466 ne
900 4413 1144 4466 dies-illa
1186 4428 1280 4466 vos
1317 4413 1367 4464 iu
1413 4413 1648 4466 tenebris
1689 4422 1933 4478 Occupet.
1973 4429 1990 4461 ι

433 4482 614 4537 Tertio
644 4482 885 4544 adnotat,
923 4497 1020 4550 pro
1046 4483 1145 4535 οὐκ
1175 4481 1324 4533 ἔσται
1348 4520 1362 4543 ,
1402 4483 1450 4533 id
1482 4491 1592 4542 est,
1625 4498 1642 4529 ι
1683 4495 1786 4533 non
1810 4482 1934 4542 erit,
1973 4499 1991 4533 ι

2103 2057 2356 2127 ὑπάρχει.
2390 2058 2459 2109 Ἢ
2502 2057 2610 2127 ἄρα
2659 2057 2754 2110 καὶ
2799 2058 3040 2112 τοιοῦτον
3097 2055 3237 2112 εἶναι
3298 2061 3521 2116 δύναται
3575 2063 3672 2132 τὸ,

2107 2165 2126 2196 ί
2178 2145 2366 2208 Οὐδεὶς
2407 2140 2548 2201 οἶδεν
2590 2146 2687 2217 τὴν
2736 2146 2947 2218 ἡμέραν
2999 2149 3234 2220 ἐκείνην,
3281 2149 3312 2221 ἢ
3357 2150 3452 2222 τὴν
3503 2151 3670 2222 ὤραν,

2100 2236 2223 2290 οὗτε
2265 2239 2292 2290 6
2331 2237 2499 2302 Υἱὸς,
2546 2238 2594 2290 εί
2644 2237 2716 2308 μὴ
2759 2239 2786 2290 6
2833 2235 2959 2308 [196
3020 2235 3076 2308 a]
3123 2239 3350 2310 Πατὴρ,
3402 2257 3421 2292 ι
3464 2239 3540 2304 ὥς
3589 2259 3674 2306 τις

2101 2327 2208 2382 τῶν
2261 2329 2318 2380 ὲν
2370 2328 2547 2397 ἁγίοις
2593 2327 2853 2399 Πατέρων
2915 2327 3105 2396 σοφίας
3165 2329 3352 2400 γέμων
3393 2331 3675 2401 ἀσυλλογί-

2110 2432 2250 2478 στως
2292 2415 2533 2480 ἐδίδαξεν
2583 2415 2894 2481 (Βασίλειος
2939 2410 3006 2486 ἦν
3055 2415 3225 2485 ὄνομα
3276 2417 3461 2488 αὐτῷ)
3489 2437 3502 2452 ·
3555 2421 3675 2475 ἀντὶ

2101 2506 2215 2570 τοῦ,
2248 2525 2267 2557 ι
2301 2507 2363 2559 El
2416 2505 2490 2578 μὴ
2531 2509 2558 2560 6
2578 2506 2765 2576 Πατὴρ
2789 2500 2962 2573 οἶδεν,
2991 2506 3112 2560 οὐδὲ
3145 2510 3174 2561 6
3216 2508 3341 2572 Υίὸς
3374 2506 3542 2563 οἶδενο
3581 2531 3600 2564 ι
3631 2505 3677 2580 ᾧ

2105 2599 2409 2662 ἀκολουθεῖ,
2455 2600 2530 2663 ὡς
2567 2599 2660 2652 τοῦ
2705 2599 2918 2670 Πατρὸς
2957 2599 3178 2665 εἰδότος,
3209 2601 3308 2672 οὐχ
3340 2595 3451 2655 οἷόν
3483 2619 3540 2656 τε
3575 2603 3674 2674 ἐμὲ

2107 2691 2354 2759 ἀγνοεῖν·
2405 2691 2520 2743 ἀλλ’
2565 2691 2625 2743 οὐ
2672 2689 2844 2758 λέγω,
2901 2690 3066 2761 φησίν
3091 2707 3104 2720 ’
3153 2691 3291 2744 ποιῶ
3349 2693 3460 2764 γὰρ
3496 2693 3672 2750 πάντα

2110 2780 2252 2835 κατὰ
2289 2781 2351 2833 τὸ
2393 2780 2602 2851 θέλημα
2647 2779 2742 2832 τοῦ
2782 2781 3026 2850 Πατρόςο
3074 2781 3134 2834 τὸ
3173 2781 3228 2835 δὲ
3269 2782 3470 2851 γνῶναι
3513 2783 3670 2837 τοῦτο

2103 2872 2268 2942 ὑμᾶς,
2301 2875 2402 2925 οὐκ
2429 2870 2574 2924 ἔστιν
2609 2871 2821 2943 θέλημα
2851 2872 2943 2926 τοῦ
2965 2872 3197 2944 Πατρός.
3239 2874 3392 2943 Ὑμῖν
3420 2869 3532 2938 οὖν,
3565 2892 3668 2945 φη-

2105 2963 2213 3025 σὶν,
2251 2961 2452 3030 ἀγνοῶ,
2484 2963 2550 3031 τῇ
2595 2960 2820 3032 ἀληθείᾳ
2853 2961 2952 3015 οὐκ
2994 2962 3228 3030 ἁγνοῶνο
3265 2965 3522 3034 προεῖπον
3562 2962 3670 3034 γὰρ

2109 3054 2236 3123 ὑμῖν
2267 3053 2355 3108 διὰ
2381 3052 2475 3106 τοῦ
2502 3051 2793 3123 ψαλμῳδοῦ
2814 3069 2827 3081 ο
2861 3071 2880 3104 ι
2929 3053 3018 3117 Ὠς
3049 3052 3260 3124 μακρὰν
3293 3053 3400 3107 ἀπὸ
3431 3053 3531 3122 τῆς
3565 3069 3671 3106 σω-

2178 3300 2291 3371 (37)
2336 3298 2526 3353 Erunt.
2563 3299 2618 3352 In
2647 3299 2954 3371 Evangeliis
2984 3302 3098 3371 haec
3131 3315 3234 3371 non
3265 3309 3498 3371 exstant.
3534 3300 3676 3356 Gitat

2099 3369 2330 3426 fortasse
2359 3385 2576 3438 sensum
2597 3409 2612 3434 ,
2641 3384 2743 3422 non
2777 3369 2960 3423 verba.
3003 3369 3128 3425 Vide
3153 3370 3250 3438 Ep.
3283 3371 3302 3424 ι
3333 3373 3399 3424 ad
3424 3369 3548 3424 Cor.
3595 3386 3671 3430 xr.

2099 3441 2186 3503 l9,
2217 3451 2267 3493 et
2295 3439 2462 3505 Epist.
2490 3437 2530 3490 ll
2561 3438 2705 3491 i‘ctr.
2744 3455 2801 3504 ιι,
2831 3440 2880 3492 1.
2907 3439 3174 3495 Cceterum
3199 3437 3440 3494 JuStinus
3462 3455 3674 3506 quoque

2099 3512 2150 3563 in
2188 3510 2406 3579 Dialogo
2434 3525 2550 3561 cum
2585 3509 2874 3579 Tryplrone,
2904 3525 3050 3562 num.
3081 3509 3170 3568 55.
3203 3511 3418 3565 Christo
3445 3510 3674 3579 Domino

2100 3581 2210 3633 hate
2249 3574 2362 3650 ipsa
2389 3579 2550 3650 verba
2579 3574 2791 3650 tribuit,
2814 3579 2946 3650 dum
2977 3580 3054 3632 sic
3085 3579 3323 3645 loquitur
3354 3597 3366 3632 :
3402 3574 3536 3650 Εἷπε
3565 3579 3673 3650 γὰρ

2099 3654 2115 3716 (
2151 3648 2355 3719 Ἰησοῦς
2387 3645 2680 3719 Χριστός
2709 3683 2723 3698 .
2761 3687 2775 3700 .
2806 3647 3064 3719 ΑἘσονται
3099 3650 3372 3719 σχίσματα
3398 3649 3492 3719 καὶ
3522 3645 3675 3719 αίνρέ-

2099 3714 2234 3782 σεις,
2258 3718 2306 3770 id
2342 3714 2451 3778 est,
2477 3734 2494 3767 t
2552 3714 2691 3770 Dixit
2732 3717 2873 3768 enim
2926 3714 2944 3787 (
2977 3714 3456 3840 Jews—Christus)
3508 3757 3524 3772 .
3654 3756 3668 3770 .

2099 3788 2265 3840 Erunt
2301 3787 2590 3840 schismata
2623 3794 2676 3838 ct
2699 3787 2929 3838 haereses
2965 3805 2982 3837 ι
3015 3787 3186 3840 Simili
3231 3789 3385 3840 modo
3413 3787 3431 3840 Ι
3463 3788 3668 3840 ieronv-

2099 3788 2265 3841 Erunt
2301 3787 2590 3858 schismata
2623 3794 2676 3838 ct
2699 3787 2932 3858 haereses
2965 3805 2982 3837 ι
3015 3787 3207 3858 Simili,
3231 3789 3385 3858 modo
3413 3787 3672 3858 Hierony-

2100 3873 2218 3910 tuus
2246 3858 2403 3922 epist.
2439 3855 2561 3916 H9,
2589 3871 2734 3907 num.
2775 3855 2858 3917 Η,
2889 3856 2962 3909 ait
2994 3873 3007 3909 :
3041 3875 3058 3906 ι
3099 3856 3162 3910 Ει
3185 3857 3482 3911 Salvatoris
3510 3855 3667 3910 verba

2099 3927 2368 3980 dicentis:
2412 3925 2594 3978 Estote
2629 3925 2837 3990 probati
2882 3926 3224 3979 nuntntularii
3268 3947 3279 3981 :

2100 3996 2270 4066 verba»
2298 4011 2399 4066 non
2431 4003 2646 4066 exstent
2684 3995 2848 4066 tnodo
2883 3995 2939 4066 in
2971 3994 3278 4066 Scriptura.

2172 4064 2281 4132 (58)
2327 4063 2514 4117 Nemo.
2549 4062 2735 4132 Matth.
2771 4078 2846 4127 ιιι,
2877 4063 2966 4117 9.7.

2174 4131 2288 4201 (59)
2331 4132 2498 4186 Sicut.
2535 4131 2688 4186 Joan.
2723 4147 2777 4197 ιι,
2817 4133 2904 4186 15.

2170 4203 2280 4272 (40)
2323 4201 2508 4272 Nemo.
2545 4201 2710 4256 Marc.
2746 4203 2967 4264 xm,52.

2169 4270 2560 4344 (UiQuidanj
2607 4282 2907 4344 sanctor-tim
2958 4271 3222 4344 Patrum.
3293 4274 3670 4344 lnterpretatio

3343 3945 3362 3979 ι
3423 3926 3525 3982 etsi
3560 3927 3673 3982 haec

2097 4340 2388 4414 quamdii‘c
2429 4357 2493 4395 ex
2526 4340 2918 4414 Basiliohaﬂ'ert
2947 4343 3225 4413 Didymus,
3257 4340 3511 4399 exstat-in
3553 4347 3670 4414 cpio

2099 4413 2234 4466 stola
2266 4410 2575 4483 256,Aquaur
2600 4410 2969 4483 Basiliusjpse
2996 4410 3137 4466 anno
3164 4414 3267 4468 576
3301 4414 3370 4466 ad
3407 4410 3668 4483 Amphilo-

2101 4483 2272 4534 chium
2298 4480 2536 4550 scripsit.
2567 4489 2695 4534 tom.
2725 4479 2788 4533 lil
2818 4479 3075 4549 Operum,
3111 4498 3231 4550 pag.
3263 4483 3388 4546 562,
3412 4479 3665 4538 editionis

435 4553 723 4624 legendum
763 4549 989 4624 forsitan
1028 4567 1178 4610 esse,
1209 4552 1309 4602 οὐκ
1360 4551 1503 4624 ἐστέ,
1556 4550 1606 4602 id
1657 4559 1760 4624 est,
1822 4568 1839 4599 ι
1878 4565 1994 4624 _non
2031 4570 2074 4624 ι)
2105 4550 2445 4624 Parisiensis.
2480 4549 2932 4624 Basiliurn__v_ero,
2967 4553 3068 4605 etsi
3114 4549 3302 4624 paucis
3345 4563 3471 4624 ante
3515 4554 3669 4608 anuis

434 4619 581 4676 exiis.
643 4639 662 4672 ι
700 4621 766 4672 At
817 4620 1070 4688 Didymus
1123 4636 1334 4688 quoque
1382 4621 1538 4687 legit,
1584 4637 1602 4668 ι
1659 4619 1770 4670 Νοιι
1813 4620 1935 4672 erit.
1973 4637 1990 4669 ι

435 4692 638 4756 Quarto
692 4705 788 4756 pro
820 4688 926 4752 ἵνα,
983 4689 1032 4741 id
1065 4700 1176 4754 est,
1216 4709 1233 4738 ι
1268 4699 1343 4754 ut,
1397 4709 1415 4740 ι
1452 4690 1730 4758 legendum
1774 4689 1997 4741 forsitan

433 4761 660 4822 censuit,
695 4760 778 4810 ἵνα
809 4758 882 4827 μή
905 4775 917 4788 ’
957 4761 1116 4811 vertit
1149 4760 1313 4819 enim,
1355 4779 1372 4810 ι
1409 4773 1492 4811 ne.
1534 4777 1550 4808 ι
1605 4760 1710 4812 Sed
1747 4758 2000 4827 Didymus

433 4846 649 4899 quoque
695 4829 843 4894 legit,
881 4844 899 4877 ι
935 4837 1010 4880 ul.
1051 4847 1067 4878 ι
1104 4828 1325 4899 Demum
1358 4843 1457 4880 vox
1507 4829 1614 4899 illa_,
1647 4828 1816 4898 ἡμᾶς,
1851 4841 1999 4881 erra-

436 4896 818 4953 r'unt'fortasse
859 4898 1172 4967 typographi
1208 4907 1290 4951 est
1342 4916 1355 4950 :
1410 4914 1531 4967 nam
1581 4896 1829 4950 Petavius
1885 4900 2000 4964 ipse

433 4969 594 5021 vertit
628 4987 646 5022 ι
679 4982 792 5031 vos,
827 4985 846 5018 ι
883 4966 985 5020 non
1014 4982 1162 5029 vero,
1189 4986 1207 5018 ι
1247 4984 1365 5022 nos.
1403 4987 1422 5020 ι
1458 4966 1624 5019 Porro
1652 4967 1808 5020 simili
1843 4969 2000 5020 modo

436 5048 618 5092 textus
658 5037 766 5100 ille,
813 5054 832 5086 ι
883 5037 1050 5090 Nemo
1082 5047 1256 5103 potest
1296 5039 1541 5104 accipere
1585 5033 1842 5104 Spiritum
1874 5053 2001 5090 san-

435 5117 601 5171 ctum,
632 5107 733 5160 nisi
763 5121 792 5158 a
818 5105 1069 5169 Domino,
1105 5121 1125 5154 ι
1158 5121 1316 5175 quem
1342 5107 1523 5160 attulit
1546 5105 1798 5175 Didymus
1827 5120 1996 5175 segni.

436 5179 504 5230 65
533 5194 586 5241 a,
617 5191 759 5229 nunc
786 5176 1001 5244 quidem
1034 5177 1086 5228 iu
1119 5174 1412 5243 scripturis
1443 5191 1546 5228 non
1576 5174 1790 5244 legitur,
1819 5181 1910 5229 sed
1946 5174 1997 5230 in

438 5248 504 5300 iis
538 5245 747 5316 Didymi
774 5255 934 5304 male
960 5245 1240 5316 legebatur
1268 5261 1281 5296 :
1315 5247 1556 5316 quaedam
1586 5245 1793 5316 scilicet
1818 5259 2001 5316 exem-

436 5316 602 5383 plaria
641 5312 794 5368 illum
834 5313 1100 5368 habebant
1135 5315 1186 5367 iu
1227 5313 1242 5367 l
1277 5312 1341 5368 ad
1375 5314 1499 5369 Cor.
1537 5328 1634 5376 xtl,
1677 5314 1729 5383 5,
1765 5314 1837 5366 uti
1884 5312 1998 5367 col—

440 5382 542 5452 ligo
589 5400 653 5439 ex
700 5384 981 5453 Epiphanii
1032 5386 1329 5437 Anc/rorata
1379 5399 1497 5451 cap.
1538 5384 1628 5437 69.
1671 5382 1748 5438 Ita
1787 5385 1997 5436 demum

439 5465 615 5509 textus
661 5455 791 5518 iste,
843 5472 861 5506 ι
909 5455 973 5507 Et
1013 5455 1246 5509 ad’orabo
1302 5463 1373 5515 te,
1427 5455 1682 5510 Demine.
1743 5453 2000 5506 fortitudo

439 5541 578 5595 mea.
612 5544 629 5595 ι
665 5540 822 5595 quem
855 5522 1008 5595 affert
1041 5525 1294 5595 Didymus
1339 5538 1506 5592 segni.
1541 5523 1610 5595 i5
1640 5523 1692 5585 ί),
1727 5522 2001 5595 exstitisse

439 5596 490 5646 in
523 5593 702 5664 llibliis
729 5593 938 5664 Didymi
966 5592 1157 5664 tetate,
1194 5603 1338 5661 patet
1376 5608 1439 5644 ex
1475 5593 1660 5646 eodem
1704 5592 2001 5664 Anc/wran

438 5679 556 5744 cap.
594 5663 682 5744 50,
719 5661 933 5744 ιιιιί.“δίε
981 5663 1200 5744 affertur
1247 5682 1260 5716 :
1295 5663 1405 5744 ΚΞ).
1443 5661 1999 5744 προσκυνησᾲτωρε,

440 5731 631 5802 Κύριε,
660 5734 693 5802 ἡ
718 5733 868 5802 ίσχύς
896 5748 1018 5800 μου,
1074 5734 1126 5787 id
1152 5744 1258 5797 est,
1294 5753 1311 5783 ι
1345 5731 1411 5788 Et
1435 5731 1621 5786 adoret
1647 5743 1717 5798 te,
1746 5732 1963 5785 Dontine
1985 5770 1997 5794 ,

439 5801 698 5855 fortitudo
729 5817 869 5855 mea.
903 5819 920 5851 ι

509 5871 618 5940 (36)
648 5871 961 5926 Thesauros.
993 5870 1068 5924 Ex
1103 5869 1272 5940 Epist.
1309 5871 1373 5925 ad
1403 5869 1609 5926 Coloss.
1640 5886 1699 5937 tr,
1732 5871 1784 5927 3.

2106 4622 2210 4674 \‘ita
2244 4619 2484 4673 functum
2506 4659 2521 4682 ,
2554 4621 2624 4672 ita
2655 4634 2684 4671 a
2720 4618 2943 4690 Didyuto
2988 4623 3300 4689 compellari
3348 4623 3392 4673 is
3425 4638 3530 4676 non
3570 4625 3668 4676 mi-

2105 4691 2331 4754 rabitur,
2365 4691 2454 4758 qui
2482 4689 2624 4759 norit
2654 4689 2743 4759 vel
2777 4688 3302 4759 Gregoriumipsius
3342 4690 3522 4744 Basilii
3560 4692 3667 4746 fra-

2104 4770 2238 4813 trem
2269 4759 2322 4812 in
2355 4757 2612 4825 opusculo
2641 4757 2716 4828 De
2743 4757 3120 4814 resurrectione
3140 4757 3219 4814 sic
3251 4761 3396 4828 loqui
3426 4779 3439 4814 :
3481 4762 3539 4815 Ὀ
3573 4779 3669 4814 str-

2101 4828 2198 4892 λὺς
2224 4831 2281 4898 ὲν
2311 4829 2486 4896 ἁγίοις
2515 4827 2813 4898 Βασίλειος,
2851 4829 2900 4881 id
2931 4839 3039 4892 est,
3077 4847 3095 4879 ι
3151 4827 3372 4898 magnus
3413 4831 3502 4884 il'e
3539 4848 3656 4884 san-

2100 4909 2220 4953 ctus
2266 4897 2521 4952 Basilius.
2563 4917 2581 4949 ι
2627 4896 2796 4952 Porro
2833 4898 3005 4951 cidem
3042 4896 3259 4962 Basilio,
3288 4901 3414 4952 dunt
3449 4904 3500 4954 lu
3538 4903 3668 4954 vivis

2101 4977 2282 5030 esset,
2344 4967 2625 5037 Didymum
2656 4970 2720 5020 de
2765 4968 2908 5037 facie
2963 4980 3182 5030 ustum,
3229 4973 3666 5036 atque’aniicum

2102 5037 2270 5092 fuisse
2303 5052 2406 5090 non
2441 5035 2624 5090 dubito
2664 5055 2676 5090 :
2714 5036 3090 5090 Alexandriam
3129 5041 3271 5090 enim
3306 5035 3565 5104 venerat,
3612 5051 3662 5091 ut

2103 5106 2399 5160 monachos
2457 5107 2508 5158 iu
2564 5105 2829 5176 Egyptoi
2867 5117 3135 5161 morantes
3181 5109 3465 5174 inviseret,
3528 5112 3669 5165 sicut

2102 5186 2312 5230 ceustat
2339 5191 2403 5228 ex
2435 5177 2549 5243 ejus
2580 5175 2740 5244 opust.
2771 5175 2896 5237 9.25,
2934 5192 3080 5228 nunt.
3120 5177 3172 5230 2.

2175 5245 2286 5315 (42)
2325 5244 2662 5316 Simpliciter.
2712 5244 3010 5316 ItrGraaeo,
3047 5246 3467 5316 ἀσυλλογίστως.
3503 5247 3669 5301 Porro

2104 5315 2156 5368 in
2184 5313 2417 5368 concilio
2450 5313 2820 5377 Laleranensi,
2849 5317 2988 5380 quod
3022 5313 3268 5370 habiturn
3289 5333 3366 5371 est
3391 5318 3619 5371 Martium
3650 5319 3665 5370 Ι

2103 5385 2378 5454 puntilice,
2408 5381 2586 5454 Basilii
2630 5385 2840 5446 quidam
2891 5385 3037 5440 locus
3070 5387 3150 5438 sic
3180 5389 3400 5441 allertur
3433 5400 3667 5440 set-reta-

2106 5452 2181 5507 ιιι)
2211 5470 2282 5516 ιν,
2328 5454 2390 5504 ὲκ
2432 5452 2526 5504 τοῦ
2567 5455 2685 5508 κατ’
2718 5454 2981 5524 Εὐνομίου
3027 5455 3432 5523 συλλογιστικοῦ
3475 5457 3662 5524 λόγου.

2104 5525 2153 5594 id
2181 5535 2280 5587 est,
2311 5541 2328 5574 t
2360 5539 2422 5594 ex
2451 5539 2697 5577 sermone
2719 5525 3045 5594 syllogistiCo
3068 5539 3250 5578 contra
3274 5527 3610 5580 Eunomiurn.
3642 5545 3662 5579 ι

2105 5593 2361 5662 Didymus
2404 5593 2585 5665 itaque
2621 5594 2736 5665 ideo
2767 5593 2995 5648 fortasse
3027 5595 3139 5659 ait,
3167 5596 3586 5665 ἀσυλλογίστως,
3615 5597 3666 5649 id

2103 5675 2204 5736 est,
2225 5681 2242 5712 ι
2263 5677 2377 5736 non
2397 5663 2741 5733 syllogistice,
2772 5681 2790 5714 ι
2821 5665 3104 5736 utiudicet
3133 5680 3191 5736 se
3222 5663 3489 5736 respicere
3519 5666 3670 5719 Dasi-

2104 5732 2157 5784 lii
2193 5731 2493 5804 epistolam,
2528 5731 2630 5804 non
2663 5746 2790 5804 vero
2821 5734 3080 5802 polemica
3108 5733 3224 5800 ejus
3249 5731 3432 5804 opera.

2175 5802 2286 5868 (45)
2331 5801 2451 5872 Non
2488 5802 2702 5868 possim.
2744 5801 2922 5861 Codex
2968 5805 3252 5872 mendose,
3286 5801 3404 5860 οὐκ
3451 5803 3559 5864 οἷόν
3608 5821 3666 5867 τε

2104 5866 2199 5946 pro
2236 5872 2334 5948 οὐχ
2359 5866 2467 5924 οἷόν
2488 5866 2570 5926 τε.
