4108 6450
532 559 635 613 925

1794 547 2025 602 υΙΒΥΜΙ
2070 542 2529 598 ALEXANDRINI

3666 538 3772 595 925

532 668 659 720 etin
693 665 969 734 procinctu
999 666 1198 720 habent
1222 667 1362 734 quod
1392 664 1589 718 l’aulns
1632 663 1924 716 Corinthiis
1962 660 2097 715 scri-

2224 658 2438 728 τρο6ολῇ
2479 658 2615 725 ὅπερ
2654 655 2864 719 Παῦλος
2885 655 3189 725 Κορινθίοις
3223 655 3280 706 ὲν
3313 657 3378 725 τῇ
3404 651 3592 726 πρώτῃ
3634 655 3769 726 γρά-

533 756 613 811 bit
652 756 702 808 in
743 757 912 824 prima
958 756 1191 823 Epistola
1238 796 1249 807 .
1282 772 1300 807 ι
1332 756 1591 821 Quoniam
1624 752 1755 822 (62')
1791 751 1966 804 nullus
2015 763 2097 804 est

535 846 829 917 Deus(63),
872 846 972 900 nisi
1013 863 1151 899 unus
1189 864 1201 900 :
1238 862 1358 899 nam
1404 847 1502 899 etsi
1552 853 1677 898 sunt
1723 844 1812 912 qui
1854 843 2099 897 dicantur

530 940 629 1004 dii,
662 940 775 992 sive
805 939 854 991 in
881 941 1038 999 cudo,
1070 939 1184 991 sive
1213 938 1265 990 in
1306 948 1446 991 terra
1478 936 1638 1005 (sicut
1666 944 1794 990 sunt
1822 935 1893 987 dii
1923 933 2096 996 multi,

534 1035 589 1079 et
629 1024 833 1078 domini
894 1025 1109 1095 multi):
1157 1026 1308 1078 nohis
1341 1033 1517 1078 autem
1554 1038 1690 1077 unus
1740 1024 1879 1077 Deus
1920 1023 2095 1086 Pater,

537 1132 601 1169 ex
633 1130 738 1184 quo
772 1117 951 1169 omnia
976 1116 1109 1186 (64),
1144 1126 1195 1169 et
1220 1132 1358 1170 unus
1379 1116 1635 1169 Dominus
1656 1113 1810 1169 Iesus
1831 1112 2096 1178 Christus,

537 1219 633 1272 per
684 1219 840 1272 quem
902 1205 1102 1269 omnia,
1151 1211 1203 1258 et
1247 1218 1343 1256 nos
1381 1217 1475 1271 per
1521 1202 1713 1268 ipsum.
1745 1219 1763 1252 ι
1813 1198 1903 1253 Sic
1956 1200 2098 1252 enim

539 1296 692 1348 aiunt
729 1312 744 1348 :
791 1294 939 1359 Illud,
987 1314 1005 1345 ι
1039 1309 1101 1349 ex
1144 1293 1400 1364 quo(65),
1430 1311 1446 1342 ι
1505 1301 1560 1346 et
1620 1291 1769 1353 illud,
1826 1308 1846 1342 ι
1880 1289 2039 1352 Deus,
2076 1308 2094 1340 ι

540 1383 636 1437 soli
682 1382 826 1436 Patri
857 1384 1127 1447 convenit,
1161 1391 1340 1450 utpote
1383 1382 1470 1449 qui
1495 1379 1643 1448 juxta
1668 1379 2098 1446 superstitiosam

539 1490 724 1529 eorum
763 1475 1065 1541 opinionem
1117 1474 1360 1541 superior
1404 1482 1507 1534 est,
1540 1486 1603 1525 ac
1659 1471 1819 1524 veluti
1864 1480 2104 1538 tempore

539 1564 795 1634 praecedit
821 1564 1008 1617 ambas
1040 1565 1375 1633 hypostases.
1402 1563 1533 1615 lllud
1566 1577 1731 1620 τοτυμ
1766 1576 1862 1629 per
1885 1576 2097 1628 quem,»

538 1666 591 1707 et
626 1650 773 1716 illud,
801 1674 820 1705 ι
854 1653 1129 1717 Dominus,
1161 1673 1178 1704 ι
1229 1654 1483 1707 convenit
1512 1652 1670 1717 Filio,
1717 1660 1896 1718 utpote
1942 1651 2102 1704 minii-

540 1756 672 1806 stro,
729 1754 782 1797 et
824 1745 1086 1798 secundas
1141 1745 1380 1807 habenti,
1412 1759 1507 1813 per
1547 1758 1703 1812 quem
1738 1743 1916 1796 omnia
1968 1742 2102 1795 l'aeta

540 1840 684 1886 sunt.
726 1830 857 1885 Illud
892 1846 1037 1897 vero,
1076 1849 1092 1882 ι
1138 1832 1187 1884 in
1218 1847 1345 1901 quo,
1379 1851 1396 1883 ι
1436 1835 1594 1886 tertio
1630 1832 1747 1886 loco
1791 1848 1884 1900 per
1916 1833 2106 1885 decre-

542 1930 780 1975 mentum
810 1922 1035 1990 Spiritui
1071 1933 1258 1991 sancto
1289 1924 1573 1977 convenit:
1599 1923 1650 1975 in
1685 1923 1801 1991 ipso
1828 1923 1991 1987 enim,
2024 1923 2105 1974 in-

2204 766 2291 818 φει
2335 747 2635 817 Ἐπιστολῇο
2668 766 2686 798 ι
2725 747 2845 799 Ὅτι
2864 746 3038 809 οὐδεὶς
3060 746 3211 809 Θεὸς,
3239 748 3285 798 εί
3318 743 3391 816 μὴ
3419 741 3519 808 εἷς.
3539 747 3646 799 Καὶ
3663 750 3774 816 γάρ

2204 843 2360 908 εἴπερ
2392 841 2498 892 εἰσὶ
2525 839 2804 909 λεγόμενοι
2835 838 2965 903 θεοὶ,
3002 839 3110 890 εἴτε
3167 839 3225 892 ὲν
3253 837 3486 910 οὐρανῷ,
3518 836 3626 890 εἴτε
3680 838 3775 891 ἐπὶ

2205 933 2306 1001 γῆς
2358 930 2565 1002 (ὥσπερ
2603 931 2711 983 aiat
2770 931 2881 983 θεοὶ
2925 920 3145 993 πολλοὶ,
3180 931 3273 983 καὶ
3321 930 3498 1003 κύριοι
3545 930 3772 997 πολλοὶ),

2205 1025 2335 1093 ἡμῖν
2365 1023 2420 1075 δὲ
2464 1017 2544 1084 εἷς
2590 1021 2721 1084 Θεὸς
2749 1023 2777 1074 ὁ
2814 1022 3024 1092 Πατὴρ,
3064 1021 3124 1085 ἐξ
3150 1018 3211 1073 οὑ
3234 1021 3302 1074 τά
3339 1021 3531 1086 πάντα,
3555 1021 3650 1074 καὶ
3693 1015 3778 1082 εἷς

2206 1110 2408 1181 Κύριος
2447 1110 2652 1181 Ἰησοῦς
2692 1110 2948 1180 Χριστὸς,
2985 1110 3050 1187 δι’
3083 1104 3143 1164 οὗ
3165 1110 3234 1164 τά
3264 1111 3460 1175 πάντα,
3495 1113 3590 1162 καὶ
3614 1111 3779 1180 ήμεῖς
3856 1176 3869 1187 χ

2206 1201 2275 1253 δι’
2300 1180 2517 1254 αὑτοῦ,
2540 1219 2559 1253 ι
2591 1203 2759 1271 Φησὶν
2808 1201 2936 1272 γάρ·
2974 1180 3226 1272 ’Ᾰρμόζει
3254 1201 3334 1266 τὸ,
3362 1219 3380 1251 ι
3416 1199 3474 1266 ἐξ
3512 1195 3595 1260 οὗ,
3631 1218 3649 1251 ι
3681 1200 3773 1253 καί

2206 1293 2286 1357 τὸ,
2342 1312 2361 1344 ι
2397 1292 2425 1343 6
2472 1292 2623 1357 Θεὸς,
2660 1313 2676 1342 ι
2721 1294 2776 1345 ὲν
2814 1292 2961 1363 μόνῳ
3000 1291 3076 1362 τῷ
3130 1291 3322 1361 Πατρὶ,
3364 1291 3439 1354 ὡς
3489 1290 3779 1361 ὑπερτέρῳ

2209 1384 2344 1453 πρὸς
2376 1383 2476 1453 τὴν
2504 1383 2796 1454 θρησκείαν
2824 1382 3025 1446 αὑτῶν,
3061 1382 3154 1435 καί
3201 1377 3311 1434 οἷον
3348 1381 3458 1434 ὄντι
3491 1380 3569 1450 τῷ
3601 1381 3782 1450 χρόνῳ

2209 1475 2314 1545 πρὸ
2353 1475 2555 1544 ἀμφοῖν
2600 1472 2706 1526 τῶν
2742 1474 3112 1526 ὑποστάσεων’
3143 1471 3202 1525 τὸ
3233 1471 3314 1536 δὲ,
3351 1490 3370 1523 ι
3408 1471 3475 1524 δι’
3507 1465 3589 1535 οὗ,
3622 1489 3641 1521 ι
3683 1471 3783 1523 καὶ

2208 1566 2288 1629 τὸ,
2342 1584 2361 1615 ι
2400 1567 2427 1618 ὁ
2454 1565 2676 1636 Κύριος,
2714 1585 2732 1615 ι
2772 1565 2847 1627 ὠς
2888 1563 3145 1634 ὑπουργῷ
3187 1565 3280 1616 καὶ
3307 1562 3572 1631 δευτέρως
3604 1560 3784 1630 ἔχοντι

2209 1656 2287 1727 τῷ
2322 1656 2453 1726 ras),
2481 1656 2547 1709 δι’
2592 1651 2654 1709 οὑ
2705 1658 2772 1708 τά
2800 1657 2977 1708 πάντα
3008 1654 3243 1723 ἐγένετο·
3288 1653 3349 1705 τὸ
3395 1653 3473 1716 δὲ,
3509 1671 3528 1702 ι
3573 1653 3630 1705 ὲν
3652 1645 3719 1719 ᾧ,
3755 1671 3779 1702 ι

2211 1748 2409 1818 τρίτως
2435 1748 2556 1801 καθ’
2611 1747 2873 1800 ὑπόϐασιν
2911 1746 2987 1816 τῷ
3039 1747 3179 1826 ἁγίῳ
3223 1744 3352 1816 [197
3384 1744 3439 1816 a]
3482 1743 3785 1812 ﬂvazipatt'

2211 1839 2269 1890 ὲν
2290 1838 2438 1911 αὑτῷ
2465 1840 2597 1909 γὰρ,
2632 1838 2815 1908 φησιν,
2839 1839 2987 1890 πᾶσα
3017 1834 3142 1900 δόξα
3172 1835 3573 1905 ἀναπέμπεταν
3606 1835 3786 1904 ὁρμη-

2214 1929 2394 1992 θέντες
2421 1929 2516 1982 καὶ
2536 1929 2671 2000 πρὸς
2701 1928 2859 1981 τοῦτο
2906 1927 3012 1982 ἀπὸ
3042 1927 3151 1981 τῶν
3178 1926 3388 1980 Παύλου
3417 1925 3783 1997 γραμμάτων,

542 2010 757 2079 quiunt,
797 2012 971 2066 omnis
1014 2012 1333 2080 gloriﬁcatio
1383 2012 1490 2066 Deo
1543 2010 1785 2067 offertur.
1828 2012 1881 2065 Id
1931 2020 2107 2064 autem

2224 2021 2316 2075 τῶν
2352 2038 2409 2072 τε
2440 2021 2577 2092 πρὸς
2622 2021 2903 2088 Ἐφεσίους
2953 2020 3185 2089 ἐχόντων
3227 2018 3565 2088 παραίνεσιν,
3620 2012 3788 2071 οὖσαν

542 2095 866 2149 conﬁrmant
921 2115 984 2151 ex
1040 2099 1187 2152 Pauli
1224 2099 1480 2164 Litteris;
1510 2116 1630 2153 cum
1666 2116 1732 2153 ex
1771 2102 1834 2154 iis
1878 2101 2108 2164 ευὶΙίεοι,

541 2201 662 2252 qua:
703 2188 918 2256 scripta}
969 2199 1094 2242 sunt
1141 2189 1412 2258 Ephesiis,
1462 2205 1686 2260 quaeque
1742 2192 1877 2243 hanc
1916 2190 2112 2244 habent

543 2276 1011 2330 exhortationem:
1040 2296 1059 2329 ι
1080 2279 1252 2332 Nolite
1270 2278 1379 2351 (ϐο)
1404 2281 1722 2334 contristare
1749 2279 1824 2352 (id
1851 2278 2112 2333 cstoﬂ‘en-

529 2367 699 2439 alere)
730 2370 988 2440 Spiritum
1025 2385 1267 2428 sanctmn
1308 2374 1422 2440 Dei,
1465 2376 1516 2429 in
1556 2391 1662 2445 quo
1694 2376 1955 2446 obsignati
1983 2377 2114 2431 estis

546 2461 604 2513 in
640 2461 779 2515 diem
815 2465 1228 2534 redemptionis;
1269 2486 1288 2518 ι
1323 2476 1430 2520 tum
1466 2483 1529 2521 ex
1570 2468 1793 2536 iis,qua:
1827 2468 1892 2520 ad
1923 2468 2114 2521 Corin-

551 2553 692 2607 thios
725 2556 903 2607 missae
951 2566 1095 2622 sunt,
1153 2567 1312 2627 atque
1354 2560 1654 2629 hujusmodi
1691 2559 1989 2613 doctrinam
2022 2559 2116 2610 ha-

549 2640 719 2696 bent:
766 2661 784 2693 ι
822 2644 932 2697 Non
965 2656 1047 2700 est
1073 2647 1184 2719 (67)
1217 2650 1358 2701 enim
1396 2665 1615 2719 regnum
1650 2649 1740 2703 Dei
1766 2664 1906 2713 esca,
1941 2657 1992 2699 et
2023 2664 2117 2716 po-

551 2741 635 2787 tus
675 2751 689 2786 :
724 2736 818 2788 sed
863 2735 1096 2803 justitia,
1139 2750 1193 2793 et
1247 2756 1372 2808 pax,
1413 2750 1467 2793 et
1520 2742 1769 2810 gaudium
1821 2743 1871 2794 in
1913 2740 2113 2809 Spiritu

550 2836 756 2883 sancto.
796 2846 816 2879 ›
852 2827 955 2881 Sed
1001 2846 1066 2884 ne
1114 2833 1213 2884 hoc
1246 2833 1460 2899 quidem
1507 2848 1689 2885 eorum
1736 2843 2112 2901 argumentum

554 2917 847 2984 quidquam
882 2920 1044 2973 valet.
1070 2919 1200 2972 Nam
1233 2937 1294 2973 ea
1322 2937 1509 2975 vocum
1560 2924 1881 2990 permutatio
1913 2936 2017 2973 non
2052 2936 2114 2972 ex

553 3021 620 3060 eo
652 3011 934 3076 repetenda
984 3021 1087 3071 est,
1122 3014 1262 3078 quod
1302 3012 1490 3076 Filius,
1530 3022 1585 3066 et
1613 3013 1850 3080 Spiritus
1900 3026 2120 3065 sanctus

556 3098 843 3153 inferiores
872 3102 979 3154 sint
1014 3120 1027 3154 :
1064 3106 1230 3155 ambae
1253 3105 1396 3157 enim
1425 3119 1582 3158 voces
1612 3122 1631 3155 ι
1661 3120 1747 3170 ex,
1781 3125 1799 3155 ι
1834 3113 1886 3157 et
1917 3123 1935 3154 ι
1968 3119 2114 3171 per,»

556 3190 846 3259 unicuique
895 3192 1169 3261 hypostasi
1210 3196 1423 3263 proprie
1465 3196 1826 3261 conveniunt;
1881 3195 1924 3249 si
1977 3196 2118 3249 enim

558 3283 741 3335 omnia
782 3292 909 3336 sunt
967 3301 1033 3338 ex
1078 3287 1209 3349 Deo,
1281 3294 1337 3337 ut
1391 3285 1635 3354 profecto
1682 3294 1829 3352 sunt,
1854 3288 2121 3354 quomodo

561 3371 716 3426 initio
755 3371 893 3427 facta
949 3386 1077 3429 sunt
1106 3377 1283 3431 omnia
1319 3392 1412 3445 per
1440 3375 1672 3431 Filium?
1707 3379 1783 3430 Ac
1812 3378 1856 3431 si
1898 3387 2120 3431 noverat

510 3456 515 3459 ’
559 3462 780 3531 Paulus,
835 3480 954 3518 eum
1012 3468 1263 3521 ascititiis
1328 3468 1431 3521 diis
1470 3470 1929 3521 annumeraudtmt
1980 3485 2117 3535 esse,

559 3555 746 3621 quidni
786 3572 905 3609 cum
943 3558 1061 3611 aliis
1103 3573 1223 3612 eum
1273 3560 1624 3626 permiscuit?
1667 3576 1763 3613 cur
1815 3560 1959 3621 illum
2002 3577 2121 3614 cum

560 3644 719 3700 Patre
752 3647 1064 3711 conjunxit?
1094 3650 1157 3702 At
1195 3651 1393 3704 voculis
1427 3650 1555 3715 illis,
1591 3669 1610 3701 ι
1649 3667 1736 3715 ex,
1769 3670 1787 3703 ›
1816 3662 1869 3706 et
1909 3671 1928 3703 ι
1966 3667 2078 3722 per,
2100 3670 2120 3704 ι

562 3752 689 3791 usus
735 3748 836 3801 est,
883 3741 1111 3808 primmn
1166 3743 1375 3810 quidem
1420 3759 1486 3797 ne
1537 3743 1771 3813 aliquam
1826 3746 2124 3799 divinarum

567 3830 933 3899 hypostasium
977 3834 1348 3889 confusionem
1374 3836 1711 3902 cogitemus,
1754 3837 1847 3890 sed
1893 3836 2131 3906 singulas

564 3923 957 3991 distinguamus
987 3944 999 3979 :
1025 3927 1219 3982 deinde
1243 3937 1298 3979 nt
1336 3929 1651 3995 explodatur
1674 3926 1980 3980 Graarorum
2009 3926 2130 3992 qui-

564 4012 685 4064 dem
718 4014 1105 4082 polytheismus
1136 4034 1230 4086 per
1267 4018 1413 4079 illud,
1453 4037 1472 4068 ι
1506 4017 1651 4071 Unus
1676 4016 1841 4087 409
1875 4017 2009 4070 Deus
2037 4016 2131 4068 Pa-

566 4111 690 4156 ter:
725 4122 744 4154 ι
785 4103 1089 4159 Judmormn
1146 4121 1271 4159 vero
1328 4107 1649 4174 pervicacia,
1696 4121 1799 4173 qua
1858 4104 2130 4158 Christum

566 4204 937 4261 contemnunt,
1002 4212 1097 4264 per
1161 4198 1327 4263 illud,
1392 4215 1410 4247 ι
1454 4195 1609 4249 Unus
1667 4194 1923 4249 Dominus
1978 4194 2135 4248 Jesus

572 4283 866 4343 Christus:
908 4308 926 4342 ι
984 4288 1431 4342 Montanistarum
1489 4299 1665 4342 autem
1711 4288 2000 4351 dementia,
2043 4286 2132 4355 qui

528 4420 531 4423 ς
568 4380 950 4432 trcsomnibus
972 4378 1183 4448 hymnis
1215 4378 1403 4445 dignas
1426 4378 1743 4446 ltypOstases
1796 4377 1948 4444 quasi
1976 4393 2134 4430 unant

570 4483 854 4536 personam
922 4468 1117 4523 culturi
1171 4478 1344 4531 erant,
1410 4483 1504 4536 per
1568 4468 1715 4527 illud,
1772 4486 1789 4517 ι
1822 4465 1990 4532 Unus,
2022 4485 2040 4518 ι
2084 4478 2138 4520 et

575 4577 594 4609 ι
637 4557 807 4626 Unus,
836 4569 932 4613 aet
970 4579 988 4610 ι
1027 4559 1215 4615 Unus:
1250 4578 1268 4611 ι
1316 4557 1538 4613 Sabellii
1582 4559 1795 4611 demum
1850 4557 1997 4611 furor
2048 4560 2137 4611 de-

2212 2110 2271 2161 ὲν
2297 2108 2524 2172 τούτοις·
2565 2128 2584 2160 ι
2618 2110 2710 2179 Μὴ
2751 2108 2971 2161 λυπεῖτε
3018 2108 3080 2162 τὸ
3135 2106 3359 2177 Πνεῦμα
3395 2106 3456 2159 τὸ
3488 2108 3641 2175 ἅγιον
3689 2106 3788 2159 τοῦ

2210 2197 2369 2259 Θεοῦ,
2423 2199 2481 2250 ὲν
2618 2195 3022 2267 ἐσφραγίσθητε
3070 2197 3151 2259 εἰς
3184 2196 3417 2267 ’ἡμέραν
3471 2196 3793 2267 ἀπολυτρώ-

2214 2303 2369 2350 σεως·
2396 2306 2415 2339 ι
2447 2287 2556 2339 τῶν
2584 2302 2644 2338 τε
2674 2285 2810 2356 πρὸς
2825 2285 3161 2357 Κορινθίους,
3185 2285 3415 2354 ἐχόντων
3443 2284 3791 2338 διδασκαλίαν

2212 2377 2442 2430 τοιάνδε·
2486 2377 2591 2428 «οὑ
2625 2375 2736 2446 γάρ
2770 2376 2970 2443 ἐστινὴ
3018 2374 3263 2445 βασιλεία
3304 2373 3395 2427 τοῦ
3427 2374 3561 2427 Θεοῦ
3586 2374 3792 2445 βρῶσις

2215 2471 2311 2524 καὶ
2341 2471 2518 2534 πόσις,
2558 2469 2695 2522 ἀλλά
2723 2467 3063 2538 δικαιοσύνη,
3116 2468 3210 2521 καὶ
3252 2467 3460 2537 εἰρήνη,
3517 2467 3612 2520 καὶ
3645 2467 3797 2538 χαρά

2216 2563 2272 2614 ὲν
2307 2560 2579 2631 Πνεύματι
2602 2560 2758 2630 ἁγίῳ.
2787 2582 2802 2611 ι
2842 2561 3007 2613 Οὐδὲν
3039 2559 3096 2612 δὲ
3126 2560 3246 2612 οὐδὲ
3269 2559 3424 2611 τοῦτο
3446 2559 3623 2614 αὑτῶν
3642 2560 3795 2613 ἐστιν

2218 2653 2514 2715 παντελῶς.
2574 2654 2638 2704 Ai
2690 2651 2801 2722 γὰρ
2852 2650 2961 2704 τῶν
2997 2650 3193 2716 λέξεων
3246 2652 3558 2721 ἐναλλαγαὶ,
3616 2653 3676 2704 οὑ
3721 2652 3795 2703 δι’

2218 2743 2512 2796 ἐλάττωσιν
2564 2741 2660 2795 τοῦ
2700 2741 2830 2793 Υἰοῦ
2858 2741 2951 2794 καὶ
2975 2740 3068 2793 τοῦ
3099 2742 3254 2809 ἁγίου
3288 2743 3602 2813 Πνεύματός
3632 2744 3791 2794 εἰσιν-

2218 2835 2523 2905 ἀμφότεραι
2555 2833 2664 2904 γάρ
2696 2834 2751 2885 αἱ
2791 2832 2962 2896 λέξεις
3004 2833 3219 2897 οἰκείως
3264 2833 3444 2904 ἔχουσι
3490 2834 3625 2905 πρὸς
3665 2832 3797 2885 ἑκά-

2222 2944 2351 2997 στην
2387 2926 2696 2979 ὑπόστασιν·
2725 2925 2773 2976 εί
2798 2923 2906 2993 γὰρ
2929 2924 2997 2976 τὰ
3027 2924 3202 2978 πάντα
3224 2926 3286 2977 ἐκ
3303 2923 3396 2977 τοῦ
3416 2924 3571 2989 Θεοῦ,
3607 2924 3798 2993 ὥσπερ

2220 3011 2311 3069 οὑν
2332 3013 2553 3082 ἀληθὲς,
2584 3013 2700 3076 πῶς
2732 3012 2938 3067 ἄνωθεν
2964 3013 3031 3065 τά
3065 3014 3242 3066 πάντα
3270 3014 3359 3066 διὰ
3383 3014 3476 3067 τοῦ
3505 3014 3665 3080 Υἱοῦ;
3698 3015 3799 3065 καὶ

2223 3110 2271 3160 εί
2302 3107 2568 3177 ἠπίστατο
2591 3108 2703 3168 τοῖς
2732 3106 3061 3174 εἰσποιητοῖς
3093 3103 3234 3169 θεοῖς
3266 3106 3673 3177 ὲναριθμεῖσθαι
3698 3106 3800 3159 αὺ-

2222 3199 2333 3260 τὸν,
2362 3198 2414 3250 τί
2452 3196 2525 3267 μὴ
2570 3200 2683 3259 τοῖς
2723 3195 2903 3258 ἄλλοις
2958 3194 3236 3266 ἀνέμιξεν,
3270 3196 3364 3249 καὶ
3410 3196 3483 3267 μὴ
3511 3198 3588 3266 τῷ
3622 3196 3807 3265 Πατρὶ

2228 3290 2569 3360 συνήνωσεν;
2608 3287 2747 3340 Ἀλλ’
2796 3286 2970 3350 οὑτως
2999 3287 3264 3358 εἴρηνται,
3307 3287 3464 3339 τοῦτο
3498 3285 3597 3355 μὲν
3621 3285 3707 3337 διὰ
3734 3285 3801 3336 τὸ

2234 3381 2308 3451 μὴ
2341 3380 2599 3451 σύγχυσιν
2630 3379 2820 3450 νοῆσαι
2852 3379 2961 3430 τῶν
2993 3378 3149 3431 θείων
3171 3377 3534 3438 ὑποστάσεων,
3557 3374 3805 3445 ἑκάστην

2229 3471 2284 3523 δὲ
2309 3469 2765 3542 διευκρινηθῆναν
2813 3467 2973 3521 τοῦτο
2998 3467 3052 3520 δὲ
3082 3468 3167 3520 διά
3187 3469 3248 3520 τὸ
3286 3466 3642 3520 ἐκϐάλλεσθαι
3674 3465 3799 3520 Ἐλ-

2231 3560 2406 3632 λήνων
2430 3562 2527 3631 μὲν
2556 3561 2654 3630 τὴν
2684 3559 2971 3613 πολυθέων
3000 3558 3087 3611 διὰ
3119 3557 3235 3621 τοῦ,
3270 3575 3288 3608 ι
3328 3551 3423 3618 Εἷς
3450 3557 3585 3620 Θεὸς
3612 3558 3642 3609 6
3687 3558 3804 3612 Πα-

2230 3656 2353 3724 τήρ·
2404 3674 2422 3705 ι
2471 3654 2737 3708 Ἰουδαίων
2762 3653 2817 3705 δὲ
2859 3653 2958 3724 τήν
2997 3646 3122 3722 περὶ
3160 3650 3252 3704 τὸν
3284 3650 3518 3720 Χριστὸν
3542 3649 3803 3720 ἀθέτησιν

2229 3745 2316 3798 διὰ
2365 3744 2481 3807 τοῦ,
2532 3762 2550 3794 ι
2586 3738 2681 3806 Εἷς
2737 3742 2942 3814 Κύριος
2986 3740 3192 3812 Ἰησοῦς
3247 3741 3500 3811 Χριστός·
3544 3762 3562 3793 ι
3595 3742 3805 3795 Μοντα-

2231 3835 2425 3890 νιστῶν
2445 3835 2501 3887 δὲ
2531 3835 2630 3904 τὴν
2660 3830 2867 3900 ἄνοιαν,
2899 3835 3200 3906 μελλόντων
3222 3835 3320 3898 τὰς
3347 3838 3493 3903 τρεῖς
3525 3834 3807 3912 πανυμνή-

2232 3942 2358 3987 τους
2391 3924 2718 3986 ὑποστάσεις
2767 3923 2843 3986 ὡς
2895 3924 2953 3976 ἓν
2992 3926 3281 3996 πρόσωπον
3333 3923 3677 3995 θρησκεύειν,
3718 3923 3803 3975 διά

2234 4014 2350 4079 τοῦ,
2389 4033 2406 4066 ι
2448 4009 2564 4079 Εἷς,
2589 4034 2607 4066 ι
2639 4016 2735 4068 καὶ
2779 4034 2796 4065 ι
2832 4010 2946 4079 Εἷς,
2992 4034 3011 4068 ι
3049 4016 3143 4068 καὶ
3187 4037 3203 4067 ι
3242 4012 3355 4079 Εἷς·
3386 4035 3404 4068 ι
3440 4014 3727 4068 Σαϐελλίου
3749 4013 3807 4066 δὲ

2234 4106 2333 4175 τὴν
2388 4106 2584 4176 μανίαν
2629 4106 2956 4160 ἀνθύπατον
3000 4103 3137 4161 εἶναι
3185 4107 3275 4160 τὸν
3322 4107 3453 4159 Θεὸν
3482 4106 3673 4173 Λόγον,
3731 4105 3807 4165 ὡς

2235 4195 2325 4247 τὸν
2359 4197 2689 4267 προφορικὸν
2715 4198 2805 4250 τὸν
2834 4197 3197 4267 ἀναλυόμενον
3234 4198 3328 4250 καὶ
3362 4196 3482 4267 ἀέρι
3521 4195 3811 4263 συνεκχεό-

2241 4303 2419 4356 μενον,
2463 4287 2878 4355 φαντασθέντος,
2909 4287 3101 4350 οὕτως’
3134 4288 3217 4339 ὅτι
3241 4287 3363 4358 [197
3396 4286 3447 4356 b]
3474 4288 3502 4339 6
3546 4284 3810 4337 Ἀπόστο-

2238 4374 2325 4439 λος
2349 4376 2439 4429 τὸν
2465 4376 2757 4447 σύνδεσμον
2812 4380 2912 4446 τῆς
2944 4377 3091 4439 θείας
3120 4379 3341 4448 εἰρήνης
3371 4376 3669 4445 φυλάττων,
3704 4375 3812 4427 πά·

2238 4467 2318 4519 λιν
2351 4467 2662 4538 ἀμφοτέρας
2684 4467 2781 4530 τὰς
2808 4469 2982 4533 λέξεις
3006 4469 3205 4532 ταύτας
3236 4467 3579 4536 συναγαγὼν,
3614 4468 3694 4528 είς
3721 4465 3811 4518 τὸν

2240 4559 2334 4610 ἕνα
2362 4560 2672 4629 ἀναπέμπει
2697 4560 3062 4630 ἁρρητότατον
3088 4560 3239 4622 Θεὸν,
3269 4560 3559 4629 Ῥωμαίοις
3575 4557 3809 4628 γράψας

573 4652 937 4704 ιιιυιιιίεδίιιιιιε
956 4652 1087 4722 (68),
1138 4654 1229 4721 qui
1286 4651 1450 4706 Deum
1484 4652 1716 4705 Verbum
1765 4666 1886 4704 esse
1918 4651 2120 4703 cummi

2246 4670 2265 4701 ι
2296 4650 2416 4702 ’Ὁτι
2444 4650 2503 4712 ἐξ
2528 4649 2712 4713 αὑτοῦ,
2750 4651 2843 4703 καὶ
2873 4652 2938 4703 δι’
2969 4650 3154 4715 αὑτοῦ,
3177 4651 3269 4703 καὶ
3291 4651 3370 4713 είς
3403 4650 3564 4703 αὑτὸν
3589 4651 3654 4702 τά
3688 4650 3812 4703 πάν-

572 4741 885 4794 niscebatur
922 4753 979 4794 ut
1009 4741 1346 4808 prolatitium
1380 4740 1624 4805 verbum,
1653 4740 1792 4807 quod
1827 4739 2135 4803 resolvitur,

573 4840 631 4886 et
657 4832 768 4886 aeri
806 4837 1181 4901 permiscetur.
1216 4830 1475 4885 Nimirum
1501 4830 1784 4899 Aposmlus
1813 4828 2005 4882 divina:
2044 4845 2137 4898 pa-

576 4922 654 4976 cis
685 4921 759 4992 (id
821 4932 905 4976 est
943 4922 1183 4989 unitatis)
1216 4921 1486 4975 vinculum
1512 4935 1756 4981 set'vans,
1799 4936 1983 4973 rursus
2025 4936 2140 4972 aut-

576 5014 674 5070 bas
732 5016 895 5069 hasce
957 5028 1115 5068 voces
1171 5013 1329 5068 simul
1381 5011 1575 5081 jungit,
1636 5021 1797 5079 atque
1856 5012 1921 5063 ad
1976 5026 2137 5064 unum

2240 4758 2330 4793 τα·
2367 4741 2513 4809 αὑτῷ
2562 4743 2595 4810 ἡ
2660 4740 2785 4806 δόξα
2844 4743 2923 4804 εἰς
2976 4742 3103 4805 τοὺς
3162 4742 3384 4804 αἰῶνας.
3432 4742 3624 4812 Ἀμήν
3670 4761 3689 4793 ο
3722 4743 3815 4794 καὶ

2257 4831 2540 4899 Ἐφεσίοιςο
2597 4850 2615 4882 ι
2651 4828 2745 4895 Εἷς
2793 4832 2924 4896 Θεὸς
2985 4834 3080 4886 καὶ
3130 4833 3320 4902 Πατὴρ
3371 4833 3609 4897 πάντων,
3654 4834 3683 4884 6
3726 4835 3819 4885 ἐπι

2246 4926 2481 4987 πάντων,
2519 4926 2613 4977 καὶ
2641 4923 2731 4977 διὰ
2759 4924 2995 4984 πάντων,
3036 4926 3131 4976 καὶ
3161 4928 3217 4977 ὲν
3260 4926 3444 4977 πᾶσιν·
3478 4944 3497 4976 ι
3527 4925 3627 4976 οὑκ
3665 4923 3821 4977 ἀλλό-

2247 5032 2398 5085 τριον
2444 5010 2581 5068 εἶναι
2615 5014 2785 5083 λέγων
2832 5015 2925 5067 τοῦ
2958 5033 2975 5066 ι
3005 5014 3097 5067 ἐπὶ
3120 5014 3336 5067 πάντων
3371 5035 3389 5067 ι
3424 5015 3484 5068 τὸ
3516 5033 3534 5065 ι
3577 5014 3663 5067 διά
3691 5016 3818 5069 πάν-

578 5121 786 5163 summe
813 5105 1137 5161 ineﬂ'abilem
1177 5106 1343 5160 Deum
1380 5104 1496 5157 illas
1546 5103 1729 5168 refert,
1770 5102 1895 5156 dum
1942 5102 2120 5158 Roma

2247 5121 2377 5168 των,
2411 5124 2430 5156 ι
2467 5104 2588 5157 οὑδὲ
2624 5103 2719 5156 τοῦ
2750 5122 2768 5154 ι
2805 5103 2892 5157 διὰ
2927 5105 3141 5158 πάντων
3173 5123 3191 5156 ι
3218 5104 3280 5157 τὸ
3312 5123 3332 5156 ι
3359 5108 3416 5159 ὲν
3447 5107 3630 5159 πᾶσιν.
3671 5124 3689 5157 ι
3744 5105 3823 5157 Ut}

653 5315 787 5385 (62')
818 5313 1114 5385 Quoniam.
1152 5309 1170 5364 1
1202 5312 1326 5365 Cor.
1352 5326 1484 5385 7Vlll,
1504 5308 1633 5385 676.

654 5377 780 5457 (‘65).
806 5377 969 5457 Deus.
1013 5381 1197 5437 Gra'ca
1235 5384 1405 5457 editio
1451 5381 1601 5457 addit
1654 5377 1891 5457 gtngQ.
1925 5378 1975 5429 id
2029 5388 2145 5442 est,

585 5477 602 5509 ι
644 5448 797 5510 alter.
842 5475 860 5506 ι
896 5456 1065 5518 Quam
1121 5468 1305 5507 vocem
1368 5449 1625 5519 Vulgatus
1668 5448 1830 5503 etiam
1880 5448 2147 5515 interpres

580 5525 1188 5593 mnisit,utl).dymus.
1280 5590 1293 5593 Α
1382 5589 1532 5593 μω
1610 5588 1636 5593 _
1756 5589 1766 5593 _
1855 5544 1859 5547 ‘

655 5585 782 5663 (64),
809 5594 891 5647 Ea:
916 5585 1028 5663 quo.
1050 5594 1247 5647 omnia.
1280 5590 1335 5645 In
1380 5589 1566 5645 Bibliis
1597 5588 1801 5644 Graecis
1845 5603 1909 5642 ac
1940 5585 2148 5640 Latinis

585 5665 805 5719 additur
835 5682 848 5716 :
880 5683 898 5714 ι
940 5674 994 5716 et
1019 5680 1116 5716 nos
1147 5665 1200 5716 in
1230 5665 1424 5732 ipsum.
1463 5681 1480 5712 ι
1750 5727 1773 5732 _
1840 5727 1858 5732 _
1962 5712 1967 5713 ,

662 5734 771 5803 (θῇ)
794 5736 889 5803 ,Ετ
911 5750 1031 5799 quo.
1065 5725 1549 5803 Codex-mendose,
1592 5732 1661 5803 ἐξ
1684 5727 1799 5803 σοῦ.
1840 5725 2149 5803 Ιιρεοιιιίιιιιι

592 5794 766 5867 ὲξόὑξ
793 5801 857 5854 Et
882 5794 1037 5870 paulo
1065 5814 1183 5867 post
1213 5818 1309 5867 pro
1335 5804 1393 5854 ἐν
1426 5801 1570 5870 μόνῳ
1597 5798 1672 5868 τῷ
1715 5794 2148 5870 Πατρίξιιιιιιί-ιιι,

601 5866 699 5943 μὲν
723 5866 962 5943 μόνῳ-τῷ
990 5866 1183 5939 Πατρί.
1211 5866 1785 5943 Similealgu—mentula
1816 5866 2001 5943 Actius
2028 5866 2151 5943 hinc

2257 5324 2276 5358 ι
2311 5306 2473 5373 Atqui
2519 5305 2875 5375 (inquiebat)
2924 5306 3066 5359 inter
3110 5319 3168 5360 se
3194 5305 3478 5360 dissimilia
3540 5310 3687 5375 sunt,
3742 5302 3817 5357 Ex

2251 5393 2439 5502 gumpt
2469 5373 2544 5498 let...
2586 5393 2604 5426 ι
2657 5390 2750 5443 per
2780 5373 2962 5444 quem.
3001 5396 3021 5428 »
3062 5376 3203 5446 Ergo
3232 5375 3401 5431 Filius
3430 5373 3708 5431 dissimilis
3737 5382 3818 5427 est

2297 5463 2363 5498 eo
2434 5466 2459 5497 a
2495 5463 2558 5497 rt.
2598 5466 2614 5496 ι

2297 5463 2363 5498 80
2394 5463 2558 5498 l'ulrt.
2598 5466 2614 5496 1

2323 5515 2436 5587 (66)
2482 5514 2675 5587 Nolite.
2708 5513 2904 5582 Ephcs.
2936 5531 3009 5582 tv,
3042 5518 3130 5571 50.

2322 5580 2435 5659 (67)
2477 5586 2598 5638 Non
2637 5580 2820 5659 est._'ln
2856 5580 3095 5655 Epistula
3125 5600 3230 5640 non
3262 5586 3328 5639 ad
3359 5584 3696 5647 Corinthios,
3720 5580 3817 5636 sed

2248 5660 2312 5710 ad
2332 5656 2501 5710 ilium.
2535 5671 2647 5721 xw,
2682 5656 2767 5712 t7.
3242 5695 3247 5699 .

2319 5727 2430 5798 (68)
2476 5719 2925 5781 Demeiitissimus.
2952 5726 3133 5798 Codex
3163 5727 3442 5789 mendose,
3468 5719 3821 5798 ἀνούστατον.

2247 5786 2502 5863 ιιοξιοιεόιιι
2551 5798 2779 5854 libenter
2809 5796 3210 5863 ἀνυπόστατον,
3252 5807 3344 5851 aut
3385 5786 3535 5852 εει-ιο
3558 5786 3826 5846 ἁνουστά-

2245 5883 2363 5935 την.

596 5935 1195 6004 ὲκιιυὶιιιιίἸίιυυιιυινυιυ
1222 5950 1356 5994 teste
1383 5941 1476 5993 lib.
1508 5954 1543 5991 ιι
1575 5936 1688 5991 llis!
1748 5937 1869 5990 cccl.
1899 5949 2015 6004 cap.
2050 5935 2139 5991 27.
2231 5946 2239 5952 ’
