4108 6432
331 524 435 581 θξίὸ

1424 529 1507 582 DE
1547 529 1918 585 ΤΒΙΝΙΤΑΤΕ
1959 532 2157 588 LIBER
2199 532 2519 588 TERTIUS.

3461 534 3566 591 99f

332 635 660 708 κεχώρισται
700 636 803 707 γάρ
852 636 944 690 τοῦ
1007 656 1025 688 ι
1055 637 1148 690 ἐπὶ
1207 638 1422 691 πάντων
1456 634 1529 707 »ἦ
1561 639 1754 705 κτίσις,
1785 640 1893 710 ἣνί

2007 643 2086 696 nis
2116 645 2307 697 scribit
2337 664 2348 698 :
2385 663 2402 694 ι
2434 642 2691 710 Quoniam
2717 643 2825 714 (69)
2868 658 2933 697 ex
2970 645 3104 713 ipso,
3134 654 3188 701 et
3233 661 3328 716 per
3365 646 3562 716 ipsum,

333 727 431 797 μὲν
463 747 479 777 ι
503 728 587 779 διὰ
610 727 822 781 πάντων
843 746 860 778 ι
896 726 1026 790 Θεὸς
1051 729 1222 796 Λόγος
1237 730 1314 790 είς
1340 728 1400 780 τὸ
1420 728 1556 780 εἶναι
1592 730 1896 799 παρήγαγε,

328 819 388 871 τὸ
413 818 469 870 δὲ
496 838 514 869 ι
537 820 593 870 ἐν
615 818 814 873 ἅπασιν
850 840 868 870 ι
888 820 1109 890 Πνεῦμα
1129 819 1223 872 τοῦ
1245 819 1379 872 Θεοῦ
1423 819 1636 889 πληροῖ,
1667 820 1898 889 συνέχει,

329 908 566 975 ἁγιάζει,
613 909 707 961 κα)⁸
753 908 1026 971 ζωοποιεῖ.
1083 910 1181 962 Διά
1207 927 1289 962 τοι
1342 910 1497 962 τοῦτο
1528 909 1897 973 ὲξακολουθῶν

329 997 404 1068 τῷ
433 999 562 1069 περὶ
586 997 646 1051 τό
678 998 958 1069 βάπτισμα
975 998 1300 1070 θεσπίσματι
1327 1000 1418 1053 τοῦ
1472 1000 1762 1063 Δεσπότου,
1784 1004 1897 1063 τοῖς

328 1090 510 1152 αὐτοῖς
538 1090 601 1142 τὸ
635 1090 884 1161 δεύτερον
922 1091 1227 1162 Κορινθίοις
1260 1090 1583 1154 ἐπιστείλας,
1608 1093 1672 1161 τῇ
1708 1091 1896 1160 Τριάδι

326 1180 712 1251 τὴνίσοτιμίαν
742 1180 1026 1250 ἐφύλαξεν.
1066 1169 1253 1234 εἰπών’
1296 1199 1315 1232 ‹
1364 1181 1425 1233 Ἠ
1456 1181 1613 1251 χάρις
1648 1182 1739 1232 τοῦ
1778 1182 1893 1233 Κυ-

330 1270 443 1341 ρίου
471 1271 626 1341 ήμῶν
665 1272 837 1341 Ἰησοῦ
881 1271 1138 1341 Χριστοῦ,
1174 1280 1268 1324 και
1298 1274 1331 1341 ἡ
1385 1272 1571 1341 ἀγάπη
1604 1270 1699 1322 τοῦ
1733 1270 1893 1335 Θεοῦ,

327 1361 421 1413 καὶ
447 1362 479 1430 ἡ
509 1361 759 1413 κοινωνία
806 1360 898 1414 τοῦ
958 1361 1111 1429 ἁγίου
1154 1360 1467 1430 Πνεῦματος
1510 1359 1647 1428 μετὰ
1680 1360 1897 1413 πάντων

326 1451 497 1521 ὑμῶν.
538 1471 557 1505 ι

2001 744 2049 786 ει
2074 732 2124 784 in
2155 733 2266 798 ipso
2298 734 2615 786 suntomnia
2640 751 2652 786 :
2680 734 2774 799 ipsi
2798 732 2962 801 gloria
2988 734 3038 786 in
3070 737 3284 791 saecula.
3323 736 3490 792 Amen
3510 756 3557 803 ;I

2000 834 2052 876 et
2083 822 2326 889 Ephesiis
2360 841 2372 876 :
2412 840 2429 873 ι
2457 821 2602 877 Unus
2623 822 2734 891 (70)
2773 822 2908 877 Deus
2930 823 3158 879 etPater
3184 827 3445 893 omnium,
3472 830 3563 896 qui

1999 922 2080 966 est
2120 928 2280 978 super
2310 913 2513 975 omnia,
2552 921 2605 966 et
2648 927 2743 979 per
2787 914 2989 976 omnia,
3021 914 3154 967 etin
3190 914 3438 971 omnibus
3481 932 3495 969 :
3537 936 3557 969 ι

1998 1017 2102 1053 non
2139 1001 2370 1054 alienum
2421 1014 2542 1054 esse
2588 1000 2880 1053 ostendens
2929 1015 3076 1063 eum,
3129 1002 3218 1069 qui
3271 1012 3373 1068 εει,
3408 1022 3426 1054 ι
3468 1020 3564 1073 per

1996 1091 2198 1153 omnia,
2232 1109 2250 1141 ι
2297 1091 2364 1145 ab
2415 1091 2529 1155 illo,
2580 1091 2671 1159 qui
2721 1100 2803 1144 εει
2845 1105 3050 1159 «super
3097 1093 3300 1157 omnia,
3334 1111 3352 1145 ι
3392 1108 3564 1163 neque

1996 1180 2165 1245 illum,
2193 1183 2283 1250 qui
2315 1192 2397 1235 est
2440 1201 2458 1232 ι
2491 1183 2544 1235 in
2575 1182 2845 1245 omnibus,
2878 1200 2898 1233 ι
2936 1182 3001 1235 ab
3036 1182 3144 1248 illo,
3185 1185 3273 1252 qui
3300 1193 3382 1239 est
3420 1203 3441 1236 ι
3472 1201 3564 1253 per

1995 1272 2196 1324 omnia.
2226 1289 2243 1322 ι
2284 1271 2493 1325 Ειειιίιιι
2529 1272 2595 1336 is,
2630 1270 2719 1338 qui
2767 1281 2850 1324 est
2896 1287 2914 1320 ι
2955 1285 3115 1340 super
3144 1275 3346 1340 omnia,
3383 1291 3401 1324 ι
3458 1288 3562 1327 non

1995 1362 2168 1423 abest,
2210 1376 2331 1414 cum
2379 1361 2449 1414 sit
2490 1361 2804 1427 immensus,
2838 1377 2867 1415 a
2913 1372 3189 1426 creatura,
3225 1378 3385 1430 quant
3420 1361 3565 1416 Deus

1998 1449 2210 1517 quidem
2252 1448 2509 1515 Verbum,
2551 1451 2639 1519 qui
2672 1462 2756 1505 εει
2795 1469 2814 1502 ι
2852 1466 2947 1520 per
2990 1451 3194 1514 omnia,
3238 1469 3256 1502 »
3306 1452 3371 1504 ad
3418 1454 3563 1506 exsi-

326 1544 574 1597 stentiam
615 1542 855 1607 adduxit,
898 1542 1130 1610 Spiritus
1180 1556 1307 1596 vero
1365 1540 1479 1605 Dei,
1523 1540 1612 1608 qui
1651 1549 1733 1593 est
1776 1557 1794 1588 ‹
1838 1554 1889 1590 ιη
1925 1539 2177 1592 omnibus
2203 1539 2337 1608 (7i),
2365 1557 2383 1590 ι
2421 1555 2540 1594 eam
2610 1540 2816 1609 implet,
2846 1540 3105 1603 continet,
3141 1539 3464 1606 sanctiﬁcat,
3510 1552 3566 1593 et

326 1635 582 1689 viviﬁcat.
615 1633 725 1688 llac
758 1649 887 1688 sane
915 1636 980 1688 de
1004 1649 1165 1688 causa
1204 1634 1256 1686 in
1298 1635 1531 1687 secunda
1568 1634 1632 1684 ad
1669 1631 1885 1684 eosdem
1925 1627 2235 1685 Corinthios
2294 1630 2539 1700 Epistula
2611 1642 2720 1686 tres
2756 1630 3037 1685 Trinitatis
3068 1644 3324 1697 personas
3371 1634 3567 1701 aequali

328 1742 658 1795 prosequens
701 1728 924 1787 honore,
973 1741 1037 1780 ac
1087 1724 1153 1781 iis
1209 1734 1574 1779 consentanea
1660 1724 1923 1785 scribens,
1996 1736 2114 1790 qum
2166 1722 2219 1776 in
2261 1723 2509 1793 baptismi
2558 1723 2784 1778 formula
2826 1723 2990 1793 jussit
3036 1723 3292 1777 Dominus
3335 1726 3560 1787 servari,

327 1819 443 1872 ait:
499 1836 516 1867 ‹
546 1817 728 1872 Gratia
758 1818 866 1888 (72)
923 1800 1130 1871 Domini
1176 1817 1345 1872 nostri
1395 1802 1523 1873 Iesu
1568 1816 1789 1881 Christi,
1832 1824 1888 1871 ει
1925 1799 2164 1873 charitas
2227 1818 2341 1886 Dei,
2411 1830 2466 1876 ει
2503 1821 2919 1877 communicatio
2961 1820 3135 1875 sancti
3183 1819 3417 1888 Spiritus
3440 1834 3563 1874 cum

325 1907 573 1963 omnibus
604 1907 772 1962 vobis.
809 1926 831 1960 ι

405 2079 669 2135 Ἐνταῦθα
695 2079 756 2132 τὸ
802 2079 998 2132 ταυτὸν
1026 2078 1125 2148 τῆς
1152 2077 1424 2148 θεότητος,
1454 2078 1547 2131 καὶ
1584 2078 1645 2131 τὸ
1686 2076 1891 2131 ἁπλοῦν

2063 2076 2268 2143 Quibus
2306 2075 2359 2128 in
2382 2079 2562 2129 verbis
2590 2080 2807 2144 propter
2826 2072 2937 2145 (75)
2971 2074 3185 2129 deitatis
3206 2076 3562 2144 identttatem,

322 2165 421 2234 τῆς
459 2166 695 2228 πίστεως
741 2165 1020 2235 μονονουχὶ
1063 2164 1157 2217 τοῦ
1186 2166 1398 2235 Πατρὸς
1446 2166 1762 2237 προτάττων
1798 2167 1889 2222 τὸν

327 2256 477 2321 Υἱὸν,
506 2256 640 2308 ἀλλά
673 2256 767 2308 καὶ
798 2254 1167 2326 προσκύνησιν
1194 2256 1313 2326 ίσην
1338 2257 1625 2326 ἀπονέμων
1651 2256 1727 2326 τῷ
1754 2256 1892 2327 ἁγίῳ

322 2346 617 2416 Πνεύματι.
665 2345 759 2397 καὶ
792 2345 1018 2413 ἑνότητα
1068 2346 1161 2397 καὶ
1203 2346 1485 2401 κοινωνίαν
1536 2344 1673 2400 εἶναι
1721 2348 1891 2415 λέγων

320 2435 486 2507 αὐτῷ.
513 2436 679 2488 Ποίαν
713 2436 768 2488 δὲ
811 2435 1045 2506 ταύτηνς
1072 2437 1293 2502 Οὐσίας,
1333 2437 1625 2507 βασιλείας,
1659 2439 1894 2510 θελήμα-

319 2545 429 2590 τος,
468 2526 687 2597 καὶτῆς
716 2527 1186 2599 ἀναπεμπομένης
1224 2528 1400 2599 δόξης.
1447 2530 1536 2594 Ἐξ
1569 2532 1812 2602 ὑπαρχῆς
1837 2531 1893 2583 δὲ

320 2617 411 2670 τοῦ
441 2618 824 2689 προϐλήματος
853 2619 1331 2689 μνημονεύσωμεν.
1359 2622 1396 2672 Γ
1403 2621 1580 2691 ράφει·
1606 2642 1624 2673 ι
1652 2619 1748 2685 Εἷς
1763 2623 1893 2684 Θεὸς

316 2713 345 2763 6
374 2711 584 2780 Πατὴρ,
604 2729 621 2760 ι
641 2711 733 2764 καὶ
758 2706 867 2772 «εἷς
897 2711 1103 2781 Κύριος
1129 2709 1332 2781 Ἰησοῦς
1361 2714 1649 2783 Χριστός»
1682 2716 1779 2785 οὑχ
1817 2716 1894 2778 ὡς

316 2798 410 2854 τοῦ
465 2801 727 2869 ὀνόματος
760 2819 779 2850 ‹
815 2800 915 2869 τῆς
961 2801 1211 2871 θεότητος
1242 2821 1260 2853 ι
1290 2803 1665 2873 ὑπερέχοντος,
1687 2805 1719 2875 ἢ
1742 2823 1893 2876 πρω-

316 2890 561 2950 τεύοντος
588 2887 679 2940 τοῦ
694 2887 950 2957 ὀνόματος
980 2888 1109 2957 (τῆς
1135 2888 1475 2959 κυριότητος,
1507 2909 1525 2942 ι
1557 2891 1663 2943 οὐδ’
1689 2892 1764 2954 ὡς
1796 2894 1893 2964 ἁρ-

323 2979 577 3048 μόζοντος
611 2977 757 3048 μόνῳ
789 2979 887 3047 μὲν
930 2977 1010 3048 τῷ
1050 2979 1228 3049 Πατρ)¹
1255 2979 1314 3031 τὸ
1361 2981 1580 3034 ἀκούειν
1617 3000 1634 3031 ι
1676 2981 1828 3045 Θεὸς,
1868 3001 1886 3035 ι

323 3063 466 3133 μόνῳ
502 3063 651 3134 δὲτῷ
676 3064 787 3133 Υίῷ
811 3064 869 3117 τὸ
895 3064 1176 3117 καλεῖσθαι
1205 3064 1331 3136 [198
1352 3066 1405 3138 τι]
1435 3087 1453 3118 ι
1484 3069 1686 3139 Κύριος
1716 3090 1734 3123 ι
1766 3073 1895 3142 (άμ-

321 3153 567 3225 φοτέρων
601 3154 706 3225 γὰρ
732 3153 801 3206 τὰ
834 3152 928 3205 δύο
960 3154 1109 3225 ἴδια)
1156 3155 1270 3207 ἀλλ’
1306 3156 1455 3220 ὅπως
1496 3160 1589 3210 καὶ
1617 3160 1676 3212 τὸ
1699 3161 1893 3214 ίδιοσύ-

321 3261 508 3296 στατον
551 3243 658 3296 τῶν
706 3243 1074 3308 ὑποστάσεων,
1107 3244 1201 3296 καὶ
1242 3245 1302 3296 τὸ
1335 3248 1391 3297 ἐν
1416 3249 1516 3317 μιᾷ
1548 3243 1686 3302 εἶναι
1726 3252 1893 3314 αὑτάς

320 3335 531 3406 θεότητι
579 3336 673 3388 καὶ
718 3337 1003 3407 κυριότητι
1043 3337 1373 3408 ἀπαγγείλῃ.
1417 3339 1740 3407 Ἐπείτοιγε,
1773 3344 1890 3394 κατ’

1994 2177 2048 2222 ει
2077 2167 2196 2221 ﬁdei
2224 2164 2623 2234 simplicitatem
2654 2179 2759 2219 non
2803 2165 2963 2219 modo
2989 2174 3115 2220 ante
3152 2165 3364 2222 Patrem
3395 2167 3565 2221 cullo-
3610 2172 3623 2183 '

1992 2256 2208 2328 cat(".’4)
2242 2256 2456 2321 Filium,
2488 2271 2675 2311 verum
2697 2256 2862 2311 etiam
2893 2256 3149 2327 aqualem
3195 2257 3563 2313 adorationem

1996 2349 2186 2403 tribuit
2216 2347 2439 2417 Spiritui
2471 2358 2682 2410 sancto,
2713 2346 2938 2416 ejusque
2973 2348 3255 2410 unitatem.
3282 2357 3337 2404 et
3370 2368 3389 2401 ι
3418 2364 3566 2404 com-

1995 2440 2414 2494 municationem
2455 2458 2474 2491 ι
2509 2439 2585 2507 (id
2624 2448 2707 2493 εει
2745 2441 3201 2510 communionem)
3236 2455 3565 2495 commemo-

1996 2538 2096 2583 rat.
2128 2529 2314 2596 Qualis
2355 2544 2481 2584 vero
2526 2537 2609 2582 est
2653 2530 2752 2582 ista
2795 2530 3245 2584 communicatio?
3282 2531 3560 2595 Essentia‘,

2000 2619 2173 2688 regni,
2201 2618 2512 2684 voluntatis,
2538 2625 2593 2671 et
2625 2615 3051 2686 gloriﬁcationis,
3102 2632 3260 2686 quam
3293 2617 3403 2673 Deo
3429 2618 3563 2672 olfe-

2000 2708 2189 2759 rimus.
2218 2705 2417 2760 Verum
2447 2720 2509 2760 ea
2543 2705 2717 2759 denuo
2750 2719 3235 2759 commemoremus
3279 2720 3397 2774 quae
3423 2707 3561 2773 obji-

1992 2796 2141 2849 ciunt
2168 2796 2426 2849 haeretici.
2451 2794 2651 2850 Scribit
2680 2795 2877 2850 Paulus
2908 2815 2921 2850 :
2957 2796 3139 2853 «Unus
3164 2797 3306 2853 Deus
3333 2797 3515 2862 Pater,
3539 2818 3557 2850 ι

1993 2893 2044 2939 ει
2072 2902 2085 2939 :
2117 2902 2136 2935 ι
2170 2884 2318 2940 Unus
2338 2884 2597 2940 Dominus
2617 2885 2774 2940 Jesus
2795 2885 3066 2951 Christus,
3096 2904 3114 2938 ι
3148 2903 3252 2942 nou
3275 2890 3426 2956 quasi
3450 2889 3563 2961 (75)

1999 2991 2192 3030 nutncn
2233 2993 2251 3025 ι
2283 2974 2507 3029 Deitatis
2534 2993 2554 3026 ι
2615 2976 2687 3030 sit
2736 2974 3124 3041 excellentius,
3158 2986 3254 3029 aut
3299 2978 3563 3043 anterius,

1993 3082 2154 3136 quam
2186 3082 2381 3121 nomen
2416 3083 2436 3118 ι
2461 3066 2886 3132 Dominationis;
2919 3087 2939 3121 ι
2971 3078 3064 3122 aut
3091 3070 3243 3137 quasi
3283 3072 3566 3126 conveniat
3644 3128 3653 3135 _

1994 3159 2091 3212 soli
2120 3159 2335 3229 quidem
2360 3157 2528 3222 Patri,
2547 3167 2606 3212 ut
2628 3158 2840 3213 dicatur
2854 3157 3044 3231 41οι
3057 3160 3356 3224 ῡευε,›εοιί
3387 3172 3563 3216 autem

1995 3251 2130 3307 Filio
2158 3260 2215 3304 ut
2246 3260 2468 3305 vocetur
2499 3250 2851 3317 «Dominusp
2875 3255 3156 3322 utriusque
3170 3253 3314 3307 enim
3351 3255 3563 3323 propria

1995 3352 2121 3396 sunt
2150 3341 2263 3394 haec
2302 3341 2426 3395 duo.
2479 3340 2587 3395 Sed
2628 3343 2751 3398 ideo
2778 3343 2858 3397 sic
2889 3344 3124 3412 loquitur
3148 3345 3460 3414 Apostolus,
3502 3354 3561 3401 ut

320 3428 532 3493 αὐτοὺς,
566 3429 615 3480 εί
637 3429 710 3499 μὴ
741 3426 884 3481 ἔστιν
910 3429 1069 3497 φύσει
1090 3428 1221 3492 Θεὸς
1253 3430 1281 3480 ὁ
1312 3427 1459 3494 Υἱὸς,
1495 3431 1613 3483 οὑδὲ
1650 3431 1893 3502 Κύριοςό

2001 3440 2054 3483 et
2104 3431 2375 3497 propriam
2429 3431 2839 3487 subsistentiam
2891 3433 3260 3502 hypostasium
3298 3437 3564 3499 enuntiet,

322 3519 510 3589 Πατὴρ
555 3518 731 3587 (ἵλεως
760 3520 817 3571 δὲ
846 3521 977 3589 ἡμῖν
1008 3519 1115 3590 εἴη,
1160 3520 1387 3575 τοιαῦτα
1442 3521 1499 3587 ἐξ
1531 3523 1778 3591 ἀνάγκης
1810 3522 1896 3575 διὰ

319 3611 418 3678 τὴν
466 3609 721 3662 ἀπόνοιαν
759 3609 1153 3680 φθεγγομένοις
1202 3611 1290 3681 τὴν
1315 3610 1563 3681 τούτων),
1603 3612 1677 3674 ὼς
1700 3612 1895 3666 ταυτὸν

320 3701 377 3752 δὲ
402 3700 663 3770 τυγχάνον
696 3720 714 3752 t
743 3701 875 3765 Θεὸς
911 3721 929 3753 ι
964 3702 1059 3755 καὶ
1094 3720 1111 3752 ι
1146 3701 1369 3772 Κύριος,
1402 3725 1421 3757 ι
1460 3704 1552 3755 καὶ
1577 3703 1651 3766 ὡς
1672 3703 1895 3773 θάτερον

320 3791 546 3864 θατέρου
566 3793 639 3865 μὴ
666 3793 941 3864 διαφέρον,
979 3793 1111 3864 μηδὲ
1140 3793 1541 3863 κεχωρισμένον
1567 3794 1641 3858 ὡς
1670 3795 1892 3857 ἐπίπαν,

320 3886 608 3956 προτάττει
661 3887 693 3956 ή
738 3885 926 3956 Γραφὴ
960 3885 1021 3937 τὸ
1046 3887 1134 3967 «.6
1180 3885 1383 3955 Κύριος
1419 3905 1437 3936 ι
1475 3886 1603 3938 τοῦ(
1637 3887 1836 3951 ὀΘεὸς,
1872 3906 1889 3938 ι

320 3977 457 4030 κατὰ
490 3977 728 4030 Μωὺσέα
759 3975 1005 4044 λέγοντα·
1034 3995 1050 4027 ι
1084 3976 1287 4046 Κύριος
1310 3978 1337 4028 6
1368 3975 1499 4039 Θεός
1540 3994 1654 4041 σου,
1693 3978 1897 4049 Κύριος

318 4064 397 4132 εἷς
418 4072 584 4122 ἐστιν’
628 4086 647 4119 ι
697 4069 790 4120 καὶ
837 4067 1019 4120 πάλιν·
1068 4084 1086 4117 t
1126 4066 1253 4131 Πῶς
1285 4065 1533 4132 διώξεται
1570 4063 1649 4130 εἷς
1672 4067 1894 4138 χιλίους,

317 4163 411 4215 καὶ
442 4161 533 4215 δύο
557 4160 1005 4231 μετακινήσουσιν
1050 4157 1332 4229 μυριάδας,
1368 4158 1417 4209 εἰ
1437 4158 1510 4228 μὴ
1529 4158 1729 4230 Κύριος
1759 4177 1898 4231 παρ-

319 4252 517 4307 έδωκεν
569 4254 786 4315 αὐτοὺς,
822 4251 969 4304 καὶό
1002 4251 1131 4312 Θεὸς
1182 4252 1408 4305 ἀπέδοτο
1457 4250 1688 4316 αὑτοὺς;
1803 4251 1897 4303 καὶ

318 4344 460 4398 κατὰ
519 4344 610 4396 τὸν
647 4342 939 4413 ψαλμῳδὸν
979 4344 1035 4395 ὲν
1087 4340 1131 4405 ζ’
1165 4342 1383 4413 ψαλμῴο
1429 4362 1447 4394 ‹
1487 4342 1659 4413 Κύριε
1686 4343 1714 4394 6
1765 4341 1897 4406 Θεός

321 4452 448 4506 μου,
479 4435 527 4486 εί
572 4435 802 4500 ἐποίησα
858 4432 1034 4486 τοῦτο.
1076 4452 1094 4483 ι
1147 4434 1303 4487 Κατὰ
1351 4433 1407 4486 δὲ
1449 4433 1656 4504 Ἰησοῦν
1687 4434 1777 4486 τὸν
1804 4433 1895 4486 τοῦ

315 4528 498 4597 Ναυὴ,
521 4528 554 4596 ἡ
576 4526 798 4596 λατρεία
822 4527 943 4597 ἥτις
970 4526 1241 4595 ὀφείλεται
1262 4527 1405 4596 μόνῳ
1446 4525 1586 4596 Θεῷ,
1616 4525 1693 4596 τῷ
1710 4524 1898 4597 Κυρίῳ

317 4619 674 4689 προσάγεται’
717 4618 934 4680 πάντως
967 4618 1025 4670 δὲ
1064 4619 1139 4680 ὡς
1184 4618 1322 4688 Θεῷ.
1362 4619 1515 4687 Ἔχει
1540 4617 1666 4688 γάρ·
1690 4637 1707 4667 ι
1742 4619 1898 4687 Molp-

1995 3534 2047 3575 ει
2076 3538 2171 3578 eas
2206 3524 2258 3577 in
2287 3539 2389 3577 una
2438 3525 2658 3589 deitate,
2686 3540 2751 3580 ac
2795 3527 3161 3582 dominatione
3200 3542 3319 3582 esse
3354 3529 3563 3598 signiti-

1995 3624 2100 3667 cet.
2144 3613 2278 3667 Nam
2313 3614 2573 3683 alioquin,
2621 3616 2667 3670 si
2717 3615 2886 3671 Filius
2916 3631 3102 3671 eorum
3147 3618 3413 3672 sententia
3459 3633 3564 3671 non

1995 3718 2079 3762 cst
2114 3717 2306 3761 natura
2360 3707 2520 3773 Deus,
2580 3723 2649 3763 ne
2689 3708 2850 3763 Pater
2882 3710 3098 3777 quidem
3146 3699 3401 3763 Dominus
3438 3711 3564 3776 erit,

1996 3800 2204 3871 (parcat
2249 3810 2431 3855 autem
2485 3800 2601 3871 ipse
2647 3801 2803 3865 nobis
2844 3800 2966 3855 talia
3018 3815 3082 3855 ex
3130 3801 3453 3856 necessitate
3499 3804 3567 3854 ob

1998 3893 2226 3944 istorum
2294 3884 2645 3945 dementiam'
2682 3888 3046 3960 dicentibus).
3115 3890 3376 3956 Quoniam
3439 3906 3568 3947 vero

1998 3998 2159 4036 unum
2190 3991 2244 4035 et
2272 3982 2411 4036 idem
2435 3991 2520 4035 est
2552 3999 2571 4031 ι
2610 3980 2773 4046 Deus,
2799 3999 2816 4032 ι
2850 3991 2904 4035 ει
2938 3999 2957 4032 ι
2989 3979 3267 4048 Dominus,
3300 4001 3319 4034 ι
3353 3993 3406 4036 ει
3428 3982 3566 4036 alte-

1997 4091 2113 4129 rum
2140 4074 2207 4129 ab
2241 4075 2413 4129 altcro
2442 4090 2546 4128 non
2570 4073 2768 4141 dill'ert,
2802 4089 2899 4128 nec
2922 4074 3221 4143 seiungitur
3250 4075 3359 4130 ullo
3387 4076 3565 4136 modo,

1998 4162 2282 4233 Scriptura
2334 4164 2600 4233 praeponit
2662 4177 2857 4217 nomen
2926 4182 2944 4215 ι
2987 4165 3240 4218 Dominus
3284 4183 3302 4217 ι
3364 4166 3565 4220 nomini

2002 4273 2019 4305 ι
2060 4255 2228 4315 Deus;
2265 4274 2283 4306 ι
2325 4264 2379 4307 ιιι
2414 4269 2534 4307 cum
2568 4254 2643 4307 ait
2681 4253 2893 4325 Moyses
2919 4294 2933 4308 .
2962 4273 2980 4305 ι
3007 4255 3262 4308 Dominus
3287 4254 3397 4326 (76)
3430 4256 3570 4311 Deus

1997 4357 2116 4400 tuus
2147 4344 2271 4416 (77)
2301 4344 2561 4398 Dominus
2603 4360 2742 4399 unus
2787 4352 2898 4409 est;
2937 4363 2957 4396 ι
2991 4352 3046 4398 ει
3091 4358 3316 4399 rursus:
3362 4362 3381 4396 ι
3425 4346 3569 4412 Quo-

1997 4438 2153 4491 modo
2175 4435 2285 4506 (78)
2315 4444 2669 4504 persequetur
2703 4450 2842 4489 unus
2887 4433 3051 4499 mille,
3093 4444 3147 4489 et
3176 4434 3281 4489 duo
3310 4436 3564 4489 transmi-
3586 4417 3603 4430 ’

1994 4544 2151 4597 grare
2179 4527 2376 4581 facient
2401 4530 2583 4581 decem
2611 4525 2799 4590 millia,
2833 4525 2934 4579 nisi
2965 4526 3225 4580 Dominus
3262 4526 3581 4594 tradidisset

1996 4620 2137 4685 illos,
2168 4627 2222 4671 et
2249 4617 2395 4672 Deus
2426 4618 2757 4671 vendidisset
2781 4615 2941 4672 illos?
2968 4636 2988 4669 ι
3031 4616 3239 4671 Etcum
3269 4619 3345 4672 ait
3367 4617 3571 4671 Psaltes

317 4726 476 4779 τυρες
515 4709 671 4779 ὑμεῖς
688 4710 806 4763 καθ’
830 4709 1062 4776 ἑαυτῶν,
1096 4710 1176 4763 ὅτι
1221 4708 1536 4776 ἐξελέξασθε
1563 4711 1773 4773 ἑαυτοῖς
1806 4710 1893 4763 τὸν

1998 4712 2047 4762 in
2081 4724 2150 4764 vn
2200 4711 2407 4776 psalmo
2454 4726 2467 4762 :
2508 4726 2527 4759 ι
2563 4706 2792 4762 Domine
2812 4707 2924 4780 (79)
2968 4709 3112 4763 Deus
3159 4724 3329 4774 meus,
3372 4709 3415 4763 si
3470 4709 3571 4763 l'eci

316 4799 539 4870 Κύριον,
568 4799 662 4852 τοῦ
697 4798 980 4870 λατρεύειν
1012 4799 1182 4870 αὐτῷ.
1236 4819 1254 4847 ι
1299 4802 1485 4853 Ἔστιν
1524 4800 1581 4853 δὲ
1621 4801 1892 4870 σιωπῆσαι

1999 4801 2163 4858 istud?
2194 4819 2212 4852 ι
2250 4799 2410 4854 Juxta
2436 4798 2620 4855 Jesum
2664 4814 2790 4854 vero
2841 4799 3009 4853 tilium
3054 4800 3204 4855 Nave
3236 4801 3413 4855 cultus
3460 4802 3568 4865 illc,

320 4891 411 4942 δια).
438 4890 495 4956 ὲξ
520 4889 714 4961 ἐτέρας
737 4891 978 4962 γραφῆς,
1015 4891 1091 4953 ὡς
1133 4892 1195 4944 οὑ
1239 4894 1306 4962 τῇ
1328 4892 1437 4961 μιᾷ
1471 4892 1764 4944 ὑποστάσει
1792 4892 1892 4962 ἀρ-

322 4983 505 5053 ιίόττει
558 4984 619 5036 τὸ
670 5001 687 5034 ι
721 4986 749 5037 ὁ
785 4983 1009 5055 Κύριος.
1054 5003 1072 5035 ι
1106 4983 1310 5037 Ψάλλει
1354 4983 1462 5052 γάρ
1509 4983 1673 5036 Δαυῖδ
1702 4985 1760 5034 ὲν
1807 4981 1892 5053 πβ¹

317 5072 532 5144 ψαλμῷ·
568 5094 586 5126 ι
625 5074 1082 5146 Αἱσχυνθήτωσαν
1112 5075 1205 5128 καὶ
1236 5075 1667 5147 ταραχθήτωσαν
1700 5078 1778 5139 εἰς
1801 5075 1893 5129 τὸν

391 5295 503 5365 (69)
546 5295 827 5365 Quoniam.
860 5296 1018 5350 Rom.
1056 5312 1129 5361 χι,
1164 5295 1251 5352 56.

390 5364 501 5433 (70)
545 5364 711 5421 Unus.
746 5365 946 5434 Ephes.
978 5383 1050 5431 tv,
1084 5369 1136 5421 6.

390 5436 501 5505 (7i)
540 5437 606 5489 In
648 5438 907 5490 omnibus.
941 5439 1176 5505 Respicit
1204 5438 1334 5491 illud
1361 5437 1487 5504 Sap.
1523 5453 1618 5501 xu,
1652 5437 1672 5489 I
1710 5454 1721 5490 :
1756 5456 1770 5486 ι
1804 5434 1887 5488 ln-

320 5516 609 5574 corrnptus
639 5516 762 5561 tuus
794 5505 1030 5574 Spiritus
1056 5518 1138 5561 est
1174 5510 1223 5561 in
1259 5509 1531 5560 omnibus.
1565 5526 1581 5558 ι

390 5576 501 5645 (7'2)
543 5573 750 5645 Gratia.
808 5573 850 5628 Il
910 5578 1033 5632 Cur.
1073 5594 1189 5643 uti,
1220 5578 1303 5631 15.

392 5643 501 5716 (7⁵)
559 5643 796 5714 Propter.
840 5646 1053 5716 Codex,
1091 5648 1152 5701 τὸ
1199 5646 1415 5700 ταυτὸν.
1453 5644 1603 5697 Αειάο
1648 5643 1770 5709 διά,
1830 5660 1891 5698 ac

319 5716 438 5785 lego
486 5715 573 5768 διὰ
605 5717 664 5767 τὸ
694 5715 905 5768 ταυτόν.
931 5748 938 5756 ι

392 5786 506 5855 (74)
562 5785 695 5838 Ante
739 5784 953 5855 Patrem
1002 5786 1247 5839 collocat.
1285 5785 1500 5849 Codex,
1543 5784 1636 5837 τοῦ
1677 5782 1890 5855 Πατρὸς

324 5854 699 5925 προστάττων)
751 5854 858 5925 Sed
897 5858 1235 5923 perspicuum
1287 5867 1370 5909 est
1426 5855 1707 5925 lugendum
1768 5854 1890 5909 εεεε

357 5925 435 5996 [ιιι
469 5939 519 5979 ut
556 5922 692 5995 [ego]
725 5922 818 5977 τοῦ
850 5922 1061 5997 Πατρὸς
1094 5925 1424 5995 προτάττων.

1998 4893 2089 4961 qui
2125 4892 2223 4945 soli
2247 4891 2358 4945 Deo
2393 4892 2638 4957 debetur,
2676 4890 2907 4946 Domino
2931 4889 3177 4956 olIertur,
3209 4908 3273 4947 ac
3305 4892 3567 4955 redditur;

2001 4985 2141 5037 nulla
2181 4985 2390 5039 scilicet
2443 4984 2547 5038 alia
2615 4984 2682 5039 de
2733 4999 2919 5051 causa,
2957 4985 3058 5039 nisi
3107 4986 3234 5055 quia
3287 4983 3427 5038 Deus
3456 4992 3568 5037 est:

1999 5077 2111 5131 haec
2145 5078 2286 5130 enim
2313 5078 2506 5131 habet:
2543 5096 2561 5128 ‹
2595 5077 2782 5131 Testes
2806 5076 2918 5149 (80)
2955 5092 3050 5132 vos
3085 5078 3215 5133 estis
3236 5087 3424 5132 contra
3452 5092 3571 5129 vos-

2217 5298 2338 5371 Non
2372 5301 2559 5369 quasi,
2595 5309 2702 5354 etc.
2738 5300 2934 5354 Eodem
2975 5299 3134 5371 modo
3168 5296 3523 5371 Pauli‘verba
3548 5336 3567 5363 ,

1993 5365 2200 5492 éoUnu's
2227 5365 2416 5435 Deus,»
2440 5382 2568 5435 etc.,
2596 5370 2830 5441 explicat
2858 5373 2912 5425 in
2938 5371 3028 5423 lib.
3062 5369 3136 5422 De
3157 5367 3299 5437 Spir.
3328 5365 3388 5425 S.
3422 5385 3570 5423 num.

2068 5508 2179 5577 (76)
2234 5508 2505 5577 Dominus.
2543 5509 2697 5563 Dettt.
2730 5524 2799 5567 vt.
2832 5509 2885 5562 4.

2074 5576 2187 5649 (77)
2244 5576 2405 5649 Tuus.
2440 5578 2626 5649 Cra-ea
2659 5580 2856 5640 editio,
2889 5578 3081 5649 ἡμῶν,
3112 5591 3206 5630 εειι
3248 5596 3266 5628 ι
3309 5587 3510 5633 noster.
3547 5598 3566 5632 ι

2078 5646 2189 5715 (78)
2231 5646 2524 5711 Quomodo.
2564 5648 2717 5701 Deut.
2752 5646 3049 5711 xum—5t).

2080 5717 2191 5788 (79)
2232 5717 2478 5788 gemine.
2506 5717 2645 5772 Psal.
2676 5733 2772 5782 vn,
2800 5719 2876 5788 5_(
2903 5734 2993 5771 seu
3022 5718 3113 5788 4).

2072 5784 2185 5857 (‘80)
2230 5785 2421 5857 Testes.
2454 5784 2620 5842 .lusue
2651 5803 2796 5850 xxiv,
2826 5784 2917 5842 22.
2951 5788 3005 5840 In
3042 5787 3225 5843 Dibliis
3268 5787 3405 5842 idem
3432 5802 3554 5841 seno

2000 5872 2116 5921 sus,
2147 5858 2240 5913 sed
2270 5856 2430 5910 verba
2464 5857 2855 5928 aliquantulum
2891 5858 3125 5913 diversa.
