4108 6422
558 515 660 567 927
1263 551 1268 554 -
1823 521 2061 574 DIDYMI
2101 521 2567 577 ALEXANDRINI
3706 531 3817 588 928

561 627 835 692 metipsos,
870 623 1008 692 quod
1060 623 1299 696 elegistis
1335 628 1483 682 vobis
1529 627 1836 696 Dominum,
1875 643 1933 688 ut
1965 635 2183 696 servi-1

2189 642 2207 696 ι
2236 637 2405 691 αίῶνα
2432 639 2524 691 τοῦ
2561 639 2773 703 αίῶνος,
2806 641 2897 693 καὶ
2913 642 3354 712 ὲντραπήτωσαν,
3382 644 3472 696 καὶ
3495 644 3811 702 ἀπολέσθω-

560 717 687 769 retis
711 716 780 770 ei.
815 734 832 766 ι
879 715 1072 768 Verum
1114 732 1177 770 ex
1211 717 1331 772 aliis
1364 720 1524 774 etiam
1559 720 1854 791 Scriptura:
1887 726 2017 778 locis
2044 724 2128 778 in-

2237 746 2356 787 σαν.
2393 731 2485 784 καὶ
2517 731 2828 797 γνώτωσαν,
2883 732 2963 784 ὅτι
3000 731 3168 802 ὄνομά
3225 749 3306 786 σοι
3356 732 3578 804 Κύριος.
3641 737 3714 790 Σὺ
3746 735 3817 791 εἴ

559 806 796 875 telligere
832 805 976 868 licet,
999 822 1101 859 non
1125 809 1214 861 uni
1245 810 1518 877 hypostasi
1544 828 1737 866 nomen
1772 832 1791 865 ι
1824 815 2080 869 Dominus
2108 833 2126 866 ι

2242 819 2402 889 μόνος
2439 821 2700 891 Ὕψιστος
2751 823 2844 874 ἐπὶ
2901 824 3079 875 πᾶσαν
3107 823 3204 891 τὴν
3233 823 3357 892 γῆν.
3397 842 3415 875 ι
3453 825 3517 877 Ei
3544 825 3651 896 γὰρ
3681 829 3815 898 περὶ

557 899 846 952 convenire
879 916 893 952 :
935 898 1112 967 psallit
1150 901 1293 954 enim
1332 901 1502 954 David
1552 903 1602 956 in
1647 919 1826 958 Lxxxn
1875 907 2080 974 psalmo
2117 949 2130 962 .

2234 912 2326 966 τοῦ
2352 913 2563 984 Πατρὸς
2591 913 2758 982 λέγει,
2796 915 2911 978 πῶς
2949 915 3160 978 Παῦλος
3191 916 3410 986 γράφει·
3461 936 3478 968 ι
3508 912 3602 980 Εἷς
3635 918 3815 987 ἅγιος.

565 1002 582 1037 ι
624 988 1146 1056 Erubescant(8i),
1201 999 1254 1041 et
1314 991 1703 1046 conturbentnr
1766 996 1816 1048 in
1877 997 2130 1050 saeculum

2236 997 2315 1065 εἷς
2348 1003 2552 1074 Κύριος
2593 1004 2800 1074 Ἰησοῦς
2849 1005 3112 1077 Χριστὸς;
3167 1023 3185 1057 ι
3221 1006 3314 1058 καὶ
3356 1007 3538 1061 πάλιν·
3573 1025 3592 1057 ι
3643 1009 3700 1061 '0
3755 1011 3811 1061 δὲ

561 1081 764 1146 smculi,
817 1092 869 1136 et
923 1084 1268 1146 erubescam,
1306 1092 1363 1136 et
1406 1095 1651 1152 pereant,
1688 1097 1743 1141 et
1782 1101 2132 1157 cognoscant,

2236 1095 2438 1164 Κύριος
2461 1095 2521 1148 τὸ
2554 1096 2778 1166 Πνεῦμά
2803 1099 2977 1163 ὲστιν;
3013 1117 3032 1148 ›
3073 1098 3135 1149 El
3166 1097 3221 1150 δὲ
3246 1097 3372 1166 περὶ
3403 1097 3496 1150 τοῦ
3534 1098 3662 1151 Υίοῦ
3680 1102 3814 1170 γρά-

563 1171 703 1238 quod
738 1185 932 1223 nomen
974 1171 1066 1224 tibi
1107 1171 1384 1224 Dominus.
1449 1169 1526 1223 Tu
1555 1187 1613 1226 es
1645 1174 1790 1226 solus
1831 1175 2138 1230 Altissimus

2237 1201 2346 1252 φει,
2371 1185 2564 1238 οὐκοῦν
2586 1187 2644 1238 οὐ
2673 1185 2894 1255 Κύριος,
2923 1187 3020 1255 οὐχ
3050 1186 3334 1254 ’Υψιστος,
3359 1186 3456 1255 οὐχ
3481 1185 3655 1254 ἅγιος,
3692 1169 3813 1242 κατ’

565 1276 728 1330 super
755 1276 970 1316 onmem
1005 1271 1226 1316 terram.
1261 1281 1278 1314 ι
1322 1261 1376 1317 Si
1415 1263 1558 1317 enim
1599 1263 1666 1318 de
1701 1264 1858 1318 Patre
1907 1266 2019 1319 bzec
2053 1265 2137 1317 di~

2239 1276 2456 1341 αὐτοὺς,
2490 1278 2517 1328 6
2537 1277 2746 1346 Πατήρο
2777 1277 2809 1346 ἢ
2841 1277 3231 1344 ὲγκαλέσουσινς
3247 1277 3325 1346 τῷ
3351 1277 3509 1330 Δαυῒδ
3537 1278 3812 1345 ψάλλοντι,

566 1357 798 1417 cuntur,
852 1350 1123 1419 quomodo
1182 1349 1379 1404 Paulus
1443 1351 1636 1404 scribit
1688 1372 1703 1406 :
1767 1370 1785 1404 ι
1829 1351 2137 1423 Unus(82)

2239 1368 2296 1419 ὲν
2326 1368 2422 1437 μὲν
2457 1366 2534 1437 ρθ¹
2556 1366 2774 1437 ψαλμῷο
2807 1387 2827 1418 ι
2865 1365 3031 1421 Εἶπεν
3064 1369 3092 1424 6
3134 1367 3260 1438 [198
3293 1367 3345 1438 b]
3380 1368 3582 1439 Κύριος
3599 1370 3676 1439 τῷ
3700 1372 3813 1423 Κυ-

567 1449 804 1505 sanctus,
825 1456 960 1494 unus
995 1439 1251 1495 Dominus
1279 1439 1435 1496 Jesus
1459 1443 1750 1496 Christus?
1772 1461 1790 1494 ι
1825 1443 1890 1496 Ει
1920 1458 2141 1497 rursus:

2243 1456 2342 1528 ρίῳ
2381 1475 2498 1527 μου’
2532 1457 2712 1512 Κάθου
2731 1459 2794 1510 ὲκ
2819 1457 3006 1521 δεξιῶν
3040 1474 3162 1528 μου·
3199 1478 3218 1510 ι
3254 1461 3310 1511 ὲν
3339 1459 3394 1514 δὲ
3434 1460 3538 1524 ιιοο·
3571 1477 3591 1511 ι
3615 1461 3823 1525 Γνῶτε,

574 1549 593 1580 ι
626 1528 884 1584 Dominus
903 1531 1012 1599 (83)
1063 1539 1240 1585 autem
1289 1531 1522 1601 Spiritus
1569 1533 1685 1587 est?
1724 1551 1742 1586 ι
1795 1532 1851 1587 Si
1903 1549 2032 1587 vero
2074 1534 2140 1588 de

2239 1547 2320 1600 ὅτι
2344 1545 2546 1617 Κύριος
2600 1548 2762 1611 αὑτός
2797 1549 2942 1601 ἐστιν
2985 1551 3013 1601 6
3048 1548 3201 1611 Θεὸς,
3245 1550 3324 1602 ὃτι
3365 1549 3527 1614 αὐτὸς
3564 1552 3817 1620 ἐποίησεν

567 1620 704 1675 Filio
726 1621 1060 1686 scribuntur,
1083 1637 1186 1676 non
1214 1637 1344 1692 ergo
1377 1622 1656 1690 Dominus,
1685 1640 1786 1678 non
1814 1625 2138 1692 Altissimus,

2241 1639 2410 1708 ἡμᾶς,
2449 1638 2544 1692 καὶ
2575 1639 2672 1708 οὐχ
2707 1641 2886 1708 ἡμεῖς.
2933 1657 2950 1690 ι
2993 1638 3152 1709 Δηλοῐ
3201 1639 3256 1691 δὲ
3293 1641 3517 1704 ἐκεῖνον,
3559 1640 3627 1692 δι’
3660 1635 3722 1694 οῦ
3753 1643 3819 1695 τὰ

571 1724 674 1763 non
717 1721 940 1765 sanctus
978 1709 1132 1778 juxta
1180 1711 1326 1781 ipsos
1368 1713 1474 1768 erit
1517 1713 1694 1768 Pater.
1740 1713 1846 1769 Aut
1891 1715 2141 1768 Davidem

2244 1730 2421 1782 πάντα
2469 1729 2703 1797 ἐγένετο.
2762 1729 2850 1783 Ἐν
2878 1729 2934 1782 δὲ
2964 1728 3057 1793 EC“
3107 1748 3132 1779 t.
3175 1730 3554 1802 Ὀδοποιήσατε
3585 1733 3660 1803 τῷ
3697 1736 3817 1786 ἑπι-

567 1799 927 1854 criminentur
961 1801 1276 1869 psallentem
1306 1803 1358 1854 in
1383 1817 1468 1857 cux
1502 1803 1710 1870 psalmo
1750 1821 1762 1856 :
1805 1822 1823 1854 ‹
1865 1803 2010 1858 Dixit
2038 1803 2142 1858 Do-

2244 1820 2498 1890 ϐεϐηκότι
2531 1822 2622 1873 ἐπὶ
2649 1821 2877 1888 δυσμάς·
2909 1820 3110 1892 Κύριος
3147 1821 3314 1891 ὄνομα
3356 1799 3525 1894 αύτῷ.
3554 1842 3572 1874 ι
3601 1799 3819 1894 Ᾰυσμὰς

569 1889 748 1943 minus
796 1889 1021 1944 Domino
1072 1905 1190 1945 meo
1237 1911 1249 1946 :
1293 1890 1434 1948 Sede
1476 1907 1507 1945 a
1555 1893 1759 1947 dextris
1809 1895 1976 1957 meis;
2017 1913 2034 1946 ι
2091 1902 2144 1948 el.
2247 1911 2304 1965 δὲ
2327 1889 2494 1979 λέγει,
2531 1913 2617 1964 ἐπ’
2648 1913 2890 1982 ἐσχάτων
2925 1889 3151 1984 καὶρῶν.
3182 1889 3593 1984 κύριονδὲξτδν
3629 1889 3823 1984 ἐπίφα-

571 1980 625 2034 in
653 1996 774 2034 κομι
802 1999 815 2035 :
857 2001 876 2032 ι
902 1981 1126 2046 Scitote,
1158 1984 1410 2051 quoniam
1449 1983 1706 2039 Dominus
1739 1985 1850 2052 ipse
1873 1995 1954 2040 est
1985 1987 2143 2051 Deus,
2178 1980 2193 2033 Ι

2203 1981 2219 2032 ³
2248 2001 2428 2063 νὲντα,
2460 2001 2548 2053 ὅτε
2581 1980 2744 2071 ἦλθεν
2773 2001 2836 2052 τὸ
2880 1980 3152 2071 πλήριυμα
3193 1980 3286 2053 τοῦ
3317 2002 3531 2071 χρόνου.
3569 1980 3825 2072 Ἑγκαλέ-

571 2073 695 2142 quia
717 2073 827 2144 (84)
871 2075 984 2143 ipse
1023 2073 1148 2128 fecit
1196 2089 1316 2138 nos,
1349 2083 1405 2128 et
1452 2089 1554 2129 non
1594 2076 1693 2145 ipsi
1724 2092 1841 2131 nos.
1873 2096 1892 2128 ι
1929 2076 2021 2132 llis
2050 2094 2148 2130 au—

2253 2108 2406 2144 σουσι
2460 2091 2517 2144 δὲ
2575 2091 2669 2146 καὶ
2706 2092 2924 2162 Ἠσαῖᾳ,
2955 2092 3088 2146 Θεὸν
3119 2093 3213 2146 καὶ
3255 2093 3459 2164 Κύριον
3492 2095 3692 2164 ὁμοίως
3736 2097 3825 2149 τὸν

577 2174 680 2217 tem
709 2165 886 2217 verbis
918 2165 1066 2217 illum
1102 2165 1390 2234 significat,
1441 2179 1539 2234 per
1585 2180 1746 2234 quem
1789 2168 1966 2220 omnia
2010 2166 2148 2222 facta

2253 2181 2383 2236 Υἰὸν
2415 2183 2806 2255 προφητεύοντι
2836 2184 3026 2248 οὕτως’
3067 2203 3085 2236 ι
3134 2187 3264 2238 Ἰδοὺ
3287 2187 3314 2237 ὁ
3335 2187 3467 2249 Θεὸς
3499 2187 3673 2257 ἡμῶν·
3721 2187 3827 2241 ίδοὺ

576 2261 737 2320 sunt;
773 2262 824 2308 et
861 2255 910 2307 in
940 2269 1086 2308 vau
1121 2273 1135 2309 :
1183 2272 1201 2305 ι
1235 2254 1338 2308 lter
1366 2254 1526 2310 facile
1567 2255 1615 2310 ei
1660 2256 1748 2325 qui
1782 2259 2023 2312 ascendit
2059 2272 2152 2310 su-

2251 2254 2618 2346 Κύριοςμετὰ
2650 2275 2830 2345 ἰσχύος
2854 2275 3092 2346 ἔρχεται,
3122 2278 3216 2331 καὶ
3252 2280 3278 2331 6
3316 2254 3553 2349 βραχίων
3577 2279 3711 2349 μετὰ
3735 2297 3832 2332 κυ-

576 2358 674 2414 per
698 2358 947 2399 occasum
977 2363 989 2399 :
1023 2345 1282 2399 Dominus
1324 2361 1518 2401 nomen
1544 2346 1641 2400 illi.
1674 2365 1693 2398 ι
1725 2346 1990 2403 Occasum
2023 2363 2152 2403 vero

2257 2345 2426 2436 ρείας·
2461 2365 2570 2419 ἰδοὺ
2598 2368 2625 2418 6
2662 2366 2852 2437 μισθὸς
2886 2345 3061 2420 αὐτοῦ
3095 2371 3212 2437 μετ’
3233 2345 3540 2433 auro-local.
3572 2345 3631 2422 τὸ
3672 2370 3833 2441 ἔργον

576 2436 707 2494 dicit
736 2437 920 2491 uitium
961 2446 1238 2507 tempora;
1288 2437 1572 2492 Dominum
1635 2447 1835 2501 autem,
1882 2454 2003 2493 etnn
2062 2439 2151 2509 qui

2255 2456 2365 2528 πρὸ
2415 2436 2707 2525 προσώπου
2735 2457 2921 2514 αὑτοῦ.
2965 2459 3050 2520 Ὠς
3095 2436 3299 2530 ποιμὴν
3330 2463 3588 2530 ποιμανεῖ
3624 2460 3683 2514 τὸ
3705 2436 3835 2514 ⁷ποί-

581 2527 962 2582 manifestatus
977 2538 1080 2595 est,
1115 2546 1133 2578 ι
1157 2527 1370 2598 quando
1393 2527 1504 2596 (85)
1540 2528 1687 2582 venit
1727 2529 1998 2598 plenitudo
2022 2540 2155 2584 tein-

2260 2563 2412 2617 μνιον
2439 2547 2623 2612 αὐτοῦ,
2649 2550 2743 2601 καὶ
2769 2547 2845 2618 τῷ
2882 2548 3123 2620 βραχίονι
3155 2551 3318 2602 αὑτοῦ
3351 2552 3567 2617 συνάξει
3595 2552 3779 2622 ἄρνας.
3811 2569 3845 2603 »-

579 2621 748 2690 poris.
781 2637 801 2671 ι
843 2618 1035 2674 Isaiam
1060 2635 1274 2691 quoque
1307 2629 1588 2686 accusent,
1618 2621 1708 2690 qui
1753 2620 1914 2693 41],
1961 2621 2153 2686 Deum,

2260 2637 2379 2690 Ἔτι
2407 2637 2464 2690 δὲ
2493 2639 2586 2691 καὶ
2618 2638 2876 2708 Ἰακώϐῳ,
2907 2618 3188 2710 προοίμιον
3214 2642 3320 2693 τῶν
3354 2641 3546 2694 ἑαυτοῦ
3575 2618 3851 2712 γραμμάο.

579 2721 633 2766 et
658 2711 940 2767 Dominum
971 2713 1219 2767 similiter
1257 2723 1417 2768 vocat
1451 2713 1666 2778 Filium,
1716 2716 2048 2784 prophetans
2101 2715 2156 2768 in

2257 2746 2364 2781 των
2401 2730 2556 2782 τοῦτο
2582 2731 2952 2803 ποιησαμένῳ·
2981 2752 2997 2783 ι
3051 2733 3305 2796 Ἰάκωϐος
3323 2731 3455 2785 Θεοῦ
3483 2732 3576 2786 καὶ
3625 2733 3837 2803 Κυρίου

581 2805 724 2860 hunc
755 2805 970 2858 modum
1001 2822 1014 2859 :
1054 2821 1073 2854 ι
1095 2805 1246 2859 ‘Ecce
1273 2803 1385 2874 (86)
1417 2802 1558 2858 Deus
1588 2813 1792 2871 noster,
1824 2819 1952 2860 ecce
1978 2803 2159 2859 Domi-

2271 2818 2444 2888 Ἰησοῦ
2477 2818 2680 2883 δοῦλοςο
2725 2839 2744 2872 ι
2783 2823 2875 2874 καὶ
2903 2802 2960 2875 ἐν
3011 2825 3124 2885 τοῖς
3163 2822 3375 2893 ἐφεξῆς·
3425 2842 3444 2874 ι
3481 2824 3589 2876 Καὶ
3626 2802 3855 2891 Κυρίου,

584 2912 684 2950 nus
727 2901 849 2950 cum
875 2895 1190 2950 fortitudine
1217 2895 1382 2960 venit,
1421 2904 1478 2950 et
1512 2895 1791 2948 brachium
1831 2909 1951 2949 cum
1987 2894 2159 2948 domis

2261 2908 2420 2963 Θεοῦ.
2449 2929 2469 2963 ι
2507 2911 2796 2982 Γράψαντα
2828 2913 2885 2967 δὲ
2925 2916 3020 2969 καὶ
3054 2916 3282 2980 Παῦλον,
3309 2914 3594 2984 Ῥωμαίοις
3648 2914 3835 2967 διαϐε-

585 2986 802 3039 natione
831 3003 845 3040 :
875 3001 1003 3040 ecce
1031 3001 1238 3041 merces
1277 2985 1396 3055 ejus
1439 3001 1558 3040 cum
1601 2985 1727 3052 illo,
1767 2995 1823 3040 et
1869 3000 2005 3054 opus
2038 2994 2161 3038 ante

2261 2997 2604 3069 ϐαιούμοενον⁹
2643 3019 2660 3051 ι
2709 3001 2832 3054 Ὅτι
2875 3004 3003 3068 πᾶς,
3045 3003 3102 3068 ὃς
3131 3004 3197 3057 ἂν
3221 3002 3610 3072 ἐπικαλέσηται
3642 3002 3702 3056 τὸ
3729 3002 3843 3056 ὅνο-

496 3130 502 3135 .
587 3075 775 3130 faciem
801 3076 912 3147 (87)
943 3077 1106 3143 ejus:
1153 3088 1409 3147 tanquam
1466 3086 1652 3145 pastor
1708 3084 1894 3146 pascet
1941 3092 2118 3147 gregel

2266 3106 2342 3158 μα
2382 3090 2610 3161 Κυρίου,
2651 3091 2972 3163 σωθήσεται.
3022 3114 3040 3146 ι
3094 3097 3163 3148 Ἢ
3209 3093 3524 3158 συνθῶνται,
3569 3093 3644 3156 ὡς
3671 3093 3733 3146 τὸ
3769 3091 3853 3145 «ὁ.

587 3183 765 3232 suum,
793 3178 846 3222 et
873 3168 1093 3223 brachio
1125 3182 1223 3222 suo
1247 3169 1596 3235 congregabit
1625 3181 1814 3236 agnos.
1843 3186 1860 3220 ι
1901 3165 2160 3222 Iacobum

2265 3180 2398 3243 Θεὸς
2447 3201 2466 3234 ι
2513 3183 2606 3235 καὶ
2649 3202 2665 3232 ι
2698 3183 2902 3255 Κύριος
2939 3203 2957 3236 ι
3019 3186 3292 3239 ὲπίκοινόν
3334 3187 3480 3238 ὲστιν
3517 3185 3687 3255 ὄνομα
3733 3183 3847 3238 τῶν

587 3258 804 3327 insuper
833 3258 1140 3327 objurgent,
1170 3259 1257 3328 qui
1289 3261 1390 3314 hoc
1418 3275 1530 3314 suae
1558 3259 1809 3326 Epistolas
1841 3260 2160 3328 proceminm
2192 3318 2229 3343 ﬁ
2264 3269 2430 3339 τριῶν
2461 3270 2833 3334 ὑποστάσεων,
2864 3274 2938 3336 ὡς
2969 3274 3063 3328 καὶ
3093 3275 3375 3338 Βασιλεὺς,
3425 3274 3518 3328 καὶ
3559 3273 3857 3343 Ὕψιστοςι

589 3349 718 3405 fecit
749 3368 763 3404 :
805 3369 825 3402 ι
860 3348 1092 3405 Jacobus
1141 3351 1256 3418 Dei,
1289 3361 1343 3406 et
1373 3351 1583 3406 Domini
1615 3349 1739 3406 Jesu
1772 3365 1961 3406 servus
1988 3369 2000 3405 :
2047 3369 2065 3402 ι
2111 3331 2211 3404 ει(

2227 3355 2232 3371 ’
2268 3361 2362 3414 καὶ
2393 3362 2688 3432 ἄχραντος,
2731 3366 2825 3417 καὶ
2868 3365 3272 3437 ἁκατάληπτος,
3302 3369 3396 3420 καὶ
3431 3367 3603 3436 ἅγιος,
3627 3365 3721 3418 καὶ
3747 3365 3849 3418 ὅσα

588 3443 926 3512 postmodum
963 3443 1074 3497 ait:
1105 3461 1123 3494 ι
1153 3443 1220 3497 Ει
1256 3443 1463 3497 Domini
1497 3442 1589 3497 Ι.)ρί
1610 3442 1744 3512 (88).
1785 3461 1804 3494 ι
1840 3445 1918 3498 Ac
1940 3441 2161 3496 Paulum

2268 3449 2466 3520 πρέπει
2493 3451 2672 3520 λέγειν
2705 3471 2767 3504 πε
2779 3453 2832 3524 pl.
2864 3453 3017 3507 Θεοῦ·
3050 3455 3142 3507 καὶ
3171 3456 3269 3508 ούκ
3303 3455 3678 3526 ἀλλοτριοῦται
3720 3453 3846 3507 οὔτε

591 3547 804 3602 quoque
843 3534 1239 3603 reprehendant
1295 3534 1548 3588 Romanis
1587 3535 1912 3588 scribentem
1935 3533 2066 3602 (89),
2111 3542 2168 3587 et

2266 3541 2294 3592 6
2320 3541 2506 3612 Πατὴρ
2534 3544 2631 3612 τῆς
2662 3544 3002 3616 κυριότητος,
3047 3545 3150 3599 κᾶν
3183 3546 3512 3617 γέγραπται·
3549 3565 3568 3596 ι
3611 3541 3705 3610 Εἷς
3730 3544 3845 3598 Κύ-

591 3625 705 3679 inec
755 3636 1156 3680 asseverantem
1204 3644 1218 3681 :
1267 3645 1285 3678 ι
1338 3627 1655 3693 Quicunque
1681 3625 1793 3695 (90)
1837 3626 2167 3681 invocaverit

2273 3647 2387 3700 ριος
2439 3633 2646 3701 Ἰησοῦς
2706 3635 2957 3704 Χριστός·
3007 3653 3025 3685 ι
3072 3637 3187 3702 καὶ,
3248 3656 3266 3687 ι
3319 3638 3376 3690 '0
3436 3638 3492 3689 δὲ
3539 3637 3743 3708 Κύριος
3787 3636 3858 3688 τὸ·

591 3728 785 3768 nomen
825 3715 1060 3779 Domini,
1110 3715 1292 3770 salvus
1343 3718 1467 3770 erit.
1509 3735 1526 3766 ι
1556 3717 1666 3769 Aut
1716 3717 1995 3770 nobiscum
2039 3733 2168 3771 eon-

2272 3720 2500 3792 Πνεῦμά
2549 3724 2715 3775 ἐστιν’
2759 3743 2775 3774 ι
2814 3723 2937 3776 οὔτε
2967 3727 2996 3778 6
3028 3726 3174 3789 Υἱὸς,
3204 3726 3235 3796 ἢ
3270 3727 3330 3779 τὸ
3357 3727 3579 3797 Πνεῦμα
3607 3726 3666 3779 τὸ
3696 3726 3851 3794 ἆγιον

591 3805 848 3868 sentiant,
901 3821 1094 3859 nomen
1161 3825 1178 3857 ι
1206 3804 1364 3872 Deus,
1406 3824 1443 3871 ι,
1479 3816 1532 3858 et
1595 3825 1611 3856 ι
1644 3805 1904 3860 Dominus
1942 3825 1961 3856 ι
2018 3821 2165 3860 com-

2272 3810 2591 3866 ἐκϐάλλεται
2632 3814 2730 3883 τῆς
2767 3813 3043 3885 θεότητος,
3073 3814 3176 3868 κᾶν
3211 3816 3444 3886 εἴρηται·
3480 3834 3499 3866 ι
3541 3809 3636 3875 Εἷς
3670 3815 3851 3878 Θεὸςὸ

595 3910 755 3949 mune
816 3911 937 3951 esse
987 3897 1149 3951 trium
1205 3897 1614 3968 hypostasium,
1666 3907 1724 3950 ut
1773 3905 1898 3950 sunt
1945 3897 2160 3951 nomina
2270 3903 2480 3975 Πατήρ.
2530 3924 2548 3955 ι
3045 3943 3070 3962 .

596 3987 734 4054 ltex,
778 3988 1102 4054 Altissimus,
1137 3991 1515 4059 incorruptus,
1563 3989 2153 4058 incomprehensibilis,
2192 4002 2434 4059 sanctus,
2472 4005 2523 4049 et
2554 4012 2890 4068 quzecunque
2954 4000 3062 4054 Deo
3117 3998 3468 4053 conveniunt.
3502 3995 3685 4066 Neque
3719 3995 3864 4049 alie~

596 4097 698 4136 nus
754 4091 834 4135 est
873 4081 1032 4136 Pater
1077 4097 1106 4135 a
1142 4082 1527 4144 dominatione,
1562 4079 1687 4133 licet
1733 4080 1992 4147 scriptum
2044 4081 2159 4134 sit:
2208 4099 2226 4132 ι
2267 4082 2417 4138 Unus
2461 4084 2720 4140 Dominus
2797 4087 2951 4144 Jesus
3015 4089 3296 4153 Christus;
3331 4106 3348 4138 ι
3397 4096 3496 4141 et:
3541 4105 3561 4138 ι
3594 4086 3853 4140 Dominus

597 4180 775 4226 autem
846 4170 1079 4241 Spiritus
1137 4179 1262 4226 est:
1300 4188 1319 4221 ι
1358 4184 1459 4224 nec
1524 4168 1690 4225 Filius
1751 4177 1842 4222 aut
1886 4168 2120 4238 Spiritus
2153 4180 2372 4228 sanctus
2408 4175 2714 4230 excluditur
2778 4192 2807 4229 a
2845 4176 3076 4242 Deitale,
3116 4177 3218 4232 etsi
3259 4175 3459 4230 dictum
3493 4175 3602 4228 sit:
3641 4193 3660 4225 ι
3701 4172 3855 4227 Unus

597 4263 738 4317 Deus
769 4260 946 4318 Pater.
970 4281 990 4314 ι

671 4353 796 4409 Haec
847 4369 1010 4423 porro
1053 4361 1137 4408 est
1179 4353 1425 4408 veritatis
1478 4353 1744 4416 doctrina,
1795 4364 1854 4407 ut
1893 4359 2168 4406 ostensum

2359 4354 2423 4406 Ἡ
2459 4355 2557 4424 μὲν
2613 4349 2706 4409 οὖν
2746 4354 2971 4426 ἀλήθεια
3025 4354 3215 4418 οὕτως,
3253 4352 3394 4407 καθὰ
3437 4351 3721 4406 δέδεικται.
3757 4351 3855 4402 καὶ

601 4446 722 4512 fuit,
771 4455 938 4512 utque
978 4459 1076 4498 nos
1125 4445 1178 4499 in
1219 4443 1497 4513 doxologia
1540 4441 1874 4512 proﬁtemur.
1923 4439 2171 4494 Haeretici

2279 4447 2442 4515 ἡμεῖς
2470 4446 2783 4517 δοξάζομεν.
2812 4445 3084 4516 Αἱρετικοὶ
3109 4445 3184 4508 δὲ,
3231 4447 3350 4496 κατ’
3385 4444 3587 4497 οἰκείαν
3610 4439 3857 4505 ἐξουσίαν

600 4551 730 4590 vero
798 4536 1012 4603 prepria
1088 4535 1412 4588 auctoritate
1471 4532 1813 4603 doxologiam
1885 4531 2172 4601 quamdam

2280 4537 2378 4606 τὴν
2407 4536 2715 4605 δοξολογίαν
2737 4536 2864 4608 [199
2881 4536 2938 4608 α]
2967 4534 3267 4598 συνθέντες,
3299 4534 3489 4602 ἕτερον
3519 4533 3583 4584 δι’
3612 4531 3770 4584 ἄλλου
3797 4530 3877 4580 ἐνί

603 4638 1036 4698 composuerunt.
1067 4636 1120 4681 et
1148 4626 1298 4681 alteri
1329 4641 1426 4695 per
1455 4625 1620 4678 alium
1651 4624 1703 4678 in
1729 4625 1853 4688 alio,
1886 4625 2045 4678 veluti
2085 4639 2178 4694 per
2210 4659 2225 4713 l

2237 4663 2252 4711 )
2282 4626 2445 4697 ἄλλῳ,
2483 4627 2559 4690 ὡς
2590 4627 2655 4681 δι’
2689 4628 2943 4698 ὀργάνου,
2968 4623 3298 4691 δοξάζουσιν,
3333 4623 3392 4674 τὸ
3419 4621 3462 4713 δ’
3497 4620 3859 4713 ἀληθέστερον

603 4734 888 4789 organum,
917 4718 1142 4788 gloriam
1174 4716 1431 4780 reddunt,
1467 4727 1562 4771 aut
1589 4717 1768 4786 potius
1788 4717 1914 4772 nulli
1949 4736 1963 4773 :
1995 4720 2176 4788 itaque
2210 4705 2225 4713 ’

2237 4705 2246 4711 ν
2280 4718 2489 4772 οὐδένα·
2512 4717 2941 4789 παραϐαίνοντες
2958 4715 3049 4767 καὶ
3078 4715 3137 4765 τὸ
3166 4713 3293 4781 περὶ
3320 4711 3379 4762 τὸ
3414 4709 3687 4777 βάπτισμα
3712 4705 3859 4758 θεῖον

607 4817 661 4862 et
705 4807 942 4861 divinum
987 4807 1052 4861 de
1088 4806 1540 4877 haptismate(91)
1582 4807 1816 4862 edictum
1861 4807 2085 4875 violant,
2123 4818 2174 4863 et

2284 4807 2580 4877 θέσπισμα,
2624 4807 2716 4859 καὶ
2743 4805 2839 4874 τὴν
2871 4803 3085 4856 Παύλου
3134 4799 3469 4867 Ἐπιστολὴν,
3497 4795 3623 4848 ἔνθα
3649 4811 3860 4865 συνημ-

607 4910 796 4954 contra
847 4897 995 4953 Pauli
1032 4897 1327 4968 Epistolam
1381 4898 1618 4964 faciunt;
1659 4900 1800 4968 quod
1844 4899 2174 4966 coniunctim

2287 4899 2461 4970 μένως
2501 4899 2594 4952 καὶ
2631 4896 2907 4967 ὁμοτίμως
2952 4890 3283 4963 μνημονεύει
3316 4891 3414 4958 τῆς
3466 4887 3716 4958 Τριὰδος’
3777 4887 3857 4939 ἔτι

611 4993 895 5060 utrobique
929 5001 990 5044 ut
1018 4991 1276 5060 dignitate
1304 4990 1541 5059 aequales
1583 5001 1953 5045 memorentur
1991 5007 2178 5060 perso-

2282 4992 2338 5045 δὲ
2368 4990 2791 5062 παραϐαίνοντες
2815 4985 2910 5038 καὶ
2938 4983 2998 5036 τὸ
3027 4982 3153 5052 Θέλη
3165 4998 3238 5050 μα
3278 4978 3372 5032 τοῦ
3427 4977 3657 5046 Πατρὸς,
3679 4975 3861 5045 βουλο-

613 5101 693 5142 nze
722 5083 1036 5139 Trinitatis:
1074 5084 1202 5152 quin
1231 5084 1393 5136 etiam
1433 5090 1616 5137 contra
1647 5081 1822 5136 Patris
1850 5082 2176 5136 voluntatem

2287 5077 2447 5148 μένου
2472 5075 2734 5146 τιμᾶσθαι
2764 5073 2854 5126 τὸν
2893 5070 3022 5124 Υἰὸν
3043 5067 3230 5132 αὐτοῦ,
3259 5067 3510 5137 καθάπερ
3543 5065 3723 5128 αὑτός.
3759 5064 3859 5117 Λέ-

611 5177 900 5247 agunt,qui
930 5174 1183 5230 honorari
1217 5174 1330 5228 vult
1356 5173 1547 5228 Filium
1575 5188 1756 5240 suum,
1780 5174 1918 5228 sicut
1946 5174 2061 5242 ipse
2084 5173 2180 5226 bo-

2283 5184 2438 5238 γουσι
2477 5167 2602 5238 γάρ·
2642 5183 2659 5215 ι
2698 5162 2834 5229 Δόξα
2862 5160 3039 5233 Πατρὶ
3081 5158 3169 5214 διὰ
3194 5156 3324 5210 Υίοῦ
3359 5158 3414 5208 ὲν
3435 5155 3574 5225 ἁγίῳ
3607 5153 3873 5222 Πνεύμαι

686 5350 1180 5468 (Blzsﬁruzf’s‘cant.
1245 5346 1388 5400 Psal.
1466 5363 1678 5410 Luxu.
1739 5363 1878 5402 vers.
1951 5347 2052 5412 l6,
2107 5347 2173 5401 Π
2289 5415 2302 5468 Ι
2357 5341 2469 5463 (88)l
2519 5341 2586 5395 Et
2638 5339 2853 5395 Domini
2883 5335 3002 5395 Dei.
3037 5336 3094 5391 In
3120 5335 3305 5390 Jacobi
3340 5331 3578 5403 Epistola
3608 5330 3724 5385 haec
3755 5343 3870 5381 non.

686 5436 743 5468 Bll
868 5432 922 5468 ﬁl
989 5457 1004 5468 .
1051 5460 1062 5468 .
2306 5431 2444 5468 02H“
2477 5428 2559 5463 llr.

713 5438 743 5473 u
777 5422 842 5475 18
868 5432 922 5475 et
955 5421 1062 5481 19).
2289 5421 2335 5468 Ic

2289 5421 2559 5481 leguntur.
2919 5478 2946 5481 __
3006 5479 3016 5481 _
3168 5476 3178 5481 _
3205 5474 3216 5481 ,
3416 5473 3455 5481 Α,
3575 5471 3586 5481 _
3627 5470 3672 5481 η
3716 5468 3760 5481 ,,

614 5417 743 5492 (seu
777 5417 842 5475 '18
868 5432 922 5475 et
955 5421 1062 5493 19).

690 5491 800 5560 (82)
838 5489 1004 5544 Unus.
1042 5489 1312 5560 Vide__not.
1355 5488 1442 5553 95,
1477 5504 1599 5558 pag.
1627 5487 1754 5540 200.

2289 5417 2868 5560 Ιῗέέἶῗιῖἓετῑδετιιειπ·
2909 5478 3042 5560 (Eod-
3077 5474 3367 5560 YPdrlwe
3412 5473 3469 5560 δὲ
3494 5471 3598 5560 έκφὲ
3625 5468 3863 5560 esset:

845 5543 1121 5616 Dominus.
1158 5557 1200 5611 ιι
1249 5559 1374 5612 Cor.
1416 5543 1496 5620 Ill:
1527 5543 1611 5612 ἦ.
2289 5556 2311 5627 μ’

2301 5543 2592 5624 Ῥιυμαίοις
2629 5543 3132 5627 διαϐεϐαιρύμενον.
3165 5543 3459 5627 ῥιπιιιιυοει
3493 5543 3734 5627 verb/um,
3769 5548 3861 5589 aut

692 5607 806 5699 i313
845 5607 1373 5699 ρἱὶᾶζῖἡῖιίὲεῐῖὲι⁷
1397 5607 1582 5682 unum;
1599 5607 1736 5683 'haac
1765 5627 1946 5681 dictio.
2289 5625 2314 5678 ιι

2289 5607 2682 5699 legendum-est
2710 5641 2724 5676 :
2754 5607 3044 5692 γράψαῦτι.
3076 5658 3092 5673 .
3120 5656 3134 5670 .
3182 5615 3399 5686 Παύλῳ.
3426 5653 3441 5666 .
3473 5654 3486 5667 .
3519 5607 3849 5664 διαϐεϐαιου-

693 5694 802 5766 (85)
841 5700 1083 5761 Quando.
1124 5697 1407 5766 Galamv,
1438 5699 1491 5752 4.
2293 5694 2461 5766 μένιρ.

697 5757 806 5833 (διεδ
848 5757 1003 5818 Ecce.
1045 5769 1144 5818 lsa.
1179 5779 1266 5833 ιι,
1301 5765 1366 5819 ιο
1396 5757 1448 5820 et
1480 5769 1568 5821 ιι.
2294 5757 2306 5763 -

2294 5757 2306 5763 ’
2364 5757 2472 5833 (91!)
2519 5761 2841 5833 Quicunque.
2878 5757 3234 5833 Remum”.
3368 5824 3380 5833 ι
3476 5823 3489 5833 ι
3559 5817 3615 5833 Α,

696 5819 807 5905 (875
837 5837 964 5908 Ante
999 5833 1204 5908 faciem.
1244 5819 1518 5902 Didymus,
1542 5819 1646 5908 πρὸ
1663 5833 1974 5905 προσώπου.
1999 5834 2184 5890 Grmca
2293 5899 2312 5908 _

2293 5899 2312 5908 _
2370 5819 2483 5899 (91)
2524 5819 2992 5908 ᾖφὺαριξεηιᾳιε..
3027 5819 3240 5890 Codex,
3297 5824 3392 5879 καὶ
3442 5823 3502 5876 τὸ
3558 5819 3859 5891 βάπτισμα.

626 5896 812 5972 editio,
853 5896 1115 5956 ἐναντίον.
1343 5896 1359 5902 '
1508 5896 1515 5901 ν
1586 5896 1598 5908 ι
1708 5896 1718 5905 .

1708 5896 1718 5905 ’
2293 5896 2436 5970 Lego
2462 5901 2557 5953 καὶ
2587 5899 2647 5951 τὸ
2676 5899 2802 5968 περὶ
2841 5897 2899 5951 τὸ
2933 5896 3236 5968 βάπτισμα.
