4108 6422
345 349 450 405 929

1440 354 1528 409 DE
1568 354 1941 413 TRINITATE
1980 356 2186 416 LIBER
2225 359 2543 418 TERTIUS.

3481 380 3587 437 930

339 480 415 520 τι·
454 485 475 518 3
522 465 661 536 ὅπερ
702 466 937 537 οὐδαμοῦ
992 468 1301 542 γέγραπται
1344 475 1725 547 συνημμένως,
1781 476 1900 531 ἀλλὰ

2019 489 2259 534 noratur.
2317 480 2571 551 lnquiunt
2612 483 2757 537 enim
2793 501 2809 539 :
2851 486 3031 543 Gloria
3074 488 3219 546 Patri
3259 507 3352 560 per
3390 492 3583 553 Filium

340 562 777 630 κεχωρισμένως,
806 559 927 614 καθ’
961 562 1273 635 ὑπαλλαγὴν
1296 565 1512 632 λέξεων,
1545 568 1631 621 διὰ
1660 568 1757 632 τὰς
1781 586 1914 640 μνη-

341 646 691 718 μονευθείσας
728 648 928 714 αἰτίας,
961 651 1023 705 οὐ
1049 652 1229 723 μέντοι
1254 654 1341 708 διὰ
1376 656 1702 726 δοξολογίαν,
1732 661 1766 731 ἦ
1791 678 1913 715 τινα

338 735 551 805 ὕφεσιν·
601 730 714 789 οἷον
755 739 813 790 ὲν
858 738 969 803 τοῖς
1021 743 1403 813 προκειμένοις
1433 746 1465 816 ἡ
1494 747 1684 819 Γραφὴ
1737 730 1907 803 εἶπεν·

342 844 362 875 ι
405 819 498 890 Εἷς
525 825 658 889 Θεὸς
699 827 792 880 καὶ
823 829 1033 901 Πατὴρ,
1063 831 1122 898 ἐξ
1148 826 1209 884 οὗ
1231 834 1299 887 τά
1335 836 1532 899 πάντα,
1569 838 1660 890 καὶ
1684 833 1764 902 εἷς
1796 840 1910 892 Κύ-

339 932 454 987 ριος
494 915 699 986 Ἰησοῦς
730 918 981 989 Χριστὸς,
1047 920 1113 974 δι’
1160 917 1222 977 οὗ
1280 926 1349 978 τὰ
1380 926 1577 981 πάντα·
1623 947 1641 980 3
1681 930 1776 983 καὶ
1811 932 1912 985 οὐκ

334 1006 632 1077 ἐπήγαγεν,
677 1007 764 1061 Ἐν
785 1007 921 1079 ἁγίῳ
948 1010 1244 1081 Πνεύματι,
1277 1013 1333 1084 ἢ,
1375 1015 1463 1069 Ἐν
1488 1015 1566 1087 τῷ
1601 1017 1905 1088 Πνεύματι.

335 1096 600 1159 Πολλάκις
625 1097 682 1150 δὲ
715 1097 977 1169 κέχρηται
1009 1100 1087 1172 τῷ
1123 1121 1141 1154 ι
1181 1103 1247 1156 δι’
1269 1100 1329 1159 οὗ
1351 1124 1370 1157 3
1398 1107 1518 1160 ἀντὶ
1539 1106 1654 1171 τοῦ,
1681 1109 1798 1177 μεθ’
1825 1107 1904 1166 οὗ·

332 1188 406 1251 ὡς
421 1188 631 1250 Παῦλος
656 1190 961 1259 Κορινθίοις
994 1194 1215 1262 γράφει·
1249 1215 1268 1247 ι
1312 1198 1407 1250 Ἐκ
1427 1199 1533 1271 γὰρ
1571 1202 1770 1272 πολλῆς
1799 1202 1911 1256 θλί-

331 1278 478 1348 ψεως
522 1280 617 1332 καὶ
650 1280 877 1350 συνοχῆς
900 1283 1128 1352 καρδίας
1166 1283 1378 1355 ἔγραψα
1410 1289 1539 1357 ὑμῖν
1577 1289 1666 1344 διὰ
1693 1291 1903 1346 πολλῶν

332 1368 601 1440 δακρύων·
635 1389 653 1420 3
681 1370 801 1423 ἀντὶ
828 1370 944 1438 τοῦ,
977 1374 1114 1441 μετὰ
1148 1375 1378 1433 πολλῶν.
1406 1380 1518 1432 Καὶ
1543 1381 1703 1435 πάλιν
1741 1384 1799 1434 ὲν
1836 1386 1903 1455 τῇ

334 1458 522 1532 πρώτῃ
561 1460 865 1532 Ἐπιστολῇ·
905 1480 923 1512 ι
958 1462 1126 1517 ’Ὀταν
1159 1465 1217 1518 δὲ
1257 1469 1670 1540 παραγένωμαι,
1703 1471 1793 1537 οὓς
1812 1474 1905 1528 ἐὰν

329 1549 681 1620 δοκιμάσητε,
707 1551 774 1603 δι’
800 1553 1096 1607 ἐπιστολῶν
1114 1554 1336 1621 τούτους
1366 1559 1565 1630 πέμψω
1585 1563 1904 1631 ἀπενεγκεῖν

328 1640 428 1711 τὴν
459 1638 619 1710 χάριν
647 1640 801 1711 ὑμῶν
822 1644 881 1697 ἐν
927 1644 1310 1718 Ἰερουσαλήμ·
1357 1668 1375 1700 3
1422 1652 1718 1714 τουτέστιν,
1769 1654 1907 1724 μετά

329 1730 626 1786 ἐπιστολῶν
690 1732 908 1803 πέμψω.
954 1733 1088 1789 Εἶτα
1144 1738 1403 1810 ἀλλαχοῦ,
1449 1744 1549 1796 οὐκ
1598 1743 1825 1798 εἰποῦσα
1870 1747 1903 1816 ή

2016 569 2071 624 in
2106 569 2309 639 Spiritu
2339 580 2529 626 sancto
2584 589 2601 626 :
2661 589 2781 643 qua:
2812 576 3052 634 formulae
3091 598 3351 651 nusquam
3394 602 3584 643 omnes

2013 661 2341 730 coniunctim
2373 663 2586 733 scriptae
2613 674 2738 720 sunt
2784 669 2833 721 in
2872 668 3076 733 Bibliis.
3119 676 3212 728 sed
3253 684 3457 731 tantum
3492 695 3582 733 se-

2013 754 2238 822 paratim
2295 767 2391 821 per
2442 770 2633 809 vocum
2688 761 3160 827 permutationem,
3195 764 3263 819 ob
3299 783 3406 829 eas,
3448 783 3582 837 quas

2011 845 2243 899 diximus
2282 859 2509 913 causas;
2551 862 2655 901 non
2691 862 2819 903 vero
2869 858 2926 903 ut
2958 851 3177 918 quidam
3219 855 3268 909 in
3308 858 3580 926 gloriﬁca-

2013 935 2156 987 tione
2185 935 2384 1002 gradus
2412 935 2666 1003 majores,
2696 952 2759 991 ac
2794 938 3031 993 minores
3073 950 3461 1001 statuerentur.
3503 949 3577 1002 Ita

2007 1023 2236 1092 exempli
2291 1025 2464 1093 gratia
2516 1026 2572 1080 in
2615 1026 2681 1080 iis
2719 1042 2837 1096 quae
2911 1029 3074 1084 allata
3126 1042 3268 1097 sunt,
3302 1033 3578 1104 Scriptura

2008 1114 2144 1167 dixit
2180 1133 2195 1169 :
2239 1133 2258 1167 ι
2293 1115 2443 1170 Unus
2494 1117 2634 1172 Deus
2688 1129 2742 1173 et
2799 1121 2973 1185 Pater,
3019 1137 3083 1177 ex
3121 1138 3227 1192 quo
3272 1127 3485 1191 omnia;
3526 1137 3580 1180 et

2007 1220 2145 1260 unus
2187 1208 2446 1263 Dominus
2479 1208 2636 1264 Jesus
2662 1210 2936 1280 Christus,
2977 1230 3071 1282 per
3112 1231 3269 1285 quem
3302 1219 3515 1272 omnia:
3553 1239 3571 1271 3

2007 1297 2099 1351 sed
2136 1313 2240 1351 non
2275 1300 2570 1366 subiunxit,
2601 1319 2619 1353 ι
2669 1301 2723 1356 In
2752 1302 2954 1372 Spiritu
3007 1316 3227 1371 sancto,
3262 1326 3281 1361 3
3309 1319 3437 1372 aut,
3466 1328 3483 1360 ι
3524 1311 3574 1362 iu

2007 1388 2233 1457 Spiritu.
2278 1409 2299 1441 3
2340 1390 2548 1461 Saepius
2586 1409 2712 1447 vero
2752 1395 2973 1451 adhibet
3005 1397 3150 1458 illud,
3184 1417 3203 1449 ι
3232 1414 3328 1468 per
3359 1414 3569 1467 quem"

2007 1492 2138 1546 pro,
2172 1496 2190 1528 ι
2227 1495 2345 1533 cum
2398 1496 2523 1548 quo.
2558 1502 2577 1535 3
2628 1481 2703 1537 Ita
2738 1483 2934 1541 Paulus
2982 1487 3277 1543 Corinthiis
3308 1491 3500 1544 scrib-it
3556 1510 3569 1545 :

2010 1589 2028 1622 ι
2068 1569 2201 1625 Nam
2229 1586 2296 1625 ex
2322 1573 2482 1626 multa
2512 1573 2623 1644 (92)
2658 1577 3021 1645 tribulatione,
3053 1578 3216 1650 412
3248 1591 3297 1635 et
3325 1582 3573 1651 angustia

2006 1661 2184 1715 cordis
2239 1662 2425 1731 scripsi
2465 1665 2616 1718 vobis
2664 1680 2759 1735 per
2805 1668 3002 1722 multas
3045 1668 3350 1740 lacrymas;
3391 1689 3410 1721 3
3451 1686 3568 1741 pro,

2007 1766 2127 1805 cum
2193 1752 2374 1806 multis
2429 1753 2717 1823 lacrymis;
2766 1765 2821 1811 ct
2867 1773 3073 1820 rursus,
3129 1758 3182 1811 in
3240 1761 3412 1828 prima
3455 1760 3571 1829 Epi-

330 1821 518 1893 Γραφὴ
542 1822 602 1875 τὸ
631 1841 647 1873 ι
685 1823 745 1888 ἐξ
768 1817 829 1877 οὗ
862 1844 881 1877 3
903 1827 996 1879 καὶ
1031 1845 1049 1876 ι
1075 1827 1142 1881 δι’
1163 1823 1246 1891 οὗ,
1290 1849 1309 1881 3
1348 1830 1517 1901 λέγει·
1554 1852 1573 1884 ι
1619 1835 1706 1887 Ἑν
1728 1835 1900 1888 ιΠνεύ-

2003 1841 2135 1895 stola
2170 1859 2184 1896 :
2217 1859 2235 1891 ι
2266 1841 2398 1895 Cum
2431 1817 2605 1897 autem
2626 1844 2738 1916 (93)
2762 1817 3182 1915 prmsensfuero,
3209 1817 3342 1918 quos
3378 1817 3568 1919 proba-

331 1929 460 1983 ματι
490 1913 649 1984 ἁγίῳ·
684 1933 703 1964 3
744 1914 771 1967 ὃ
800 1917 971 1976 ἐστιν.
1011 1919 1107 1970 σὺν
1139 1917 1217 1990 τῷ
1258 1920 1398 1990 ἁγίῳ
1439 1922 1736 1992 Πνεύματι.
1768 1924 1903 1976 Πολ-

326 2005 491 2076 λαχοῦ
529 2006 658 2076 γὰρ,
690 2007 809 2060 ἀντὶ
857 2006 954 2059 τοῦ
985 2008 1191 2069 εἰπεῖν,
1239 2009 1377 2077 μετὰ
1430 2012 1523 2064 καὶ
1550 2011 1772 2082 τοῦδε,ἢ
1807 2013 1902 2066 σὺν

325 2096 481 2167 τῷδε,
510 2098 732 2168 εἴρηκεν
763 2097 826 2150 τὸ
857 2116 876 2148 ι
917 2098 974 2150 ἐν
1007 2097 1164 2167 τῷδε·
1206 2118 1225 2150 3
1260 2099 1334 2164 ὡς
1357 2103 1414 2152 ἐν
1443 2101 1528 2167 Eg“
1574 2102 1902 2172 προφητεύει

324 2188 541 2260 ψαλμῷ·
576 2209 594 2245 ι
623 2188 1014 2260 Εἰσελεύσομαι
1047 2193 1127 2253 είς
1152 2191 1242 2244 τόν
1269 2187 1418 2245 οἶκόν
1459 2210 1551 2246 σου
1601 2196 1659 2246 ὲν
1686 2193 1903 2247 ὁλοκαυ·

322 2279 586 2349 τώμασιν·
631 2299 649 2330 3
685 2280 805 2332 ἀντὶ
834 2279 952 2344 τοῦ,
989 2279 1129 2351 μετὰ
1156 2281 1645 2353 ὁλοκαυτωμάτων·
1678 2286 1772 2339 καὶ
1799 2286 1903 2338 πά-

324 2370 424 2423 λιν·
468 2389 485 2421 ι
542 2369 840 2440 Ἐξήγαγεν
871 2373 1066 2436 αὐτοὺς
1093 2372 1151 2424 ὲν
1179 2373 1426 2446 ἀργυρίῳ
1458 2376 1550 2428 καὶ
1609 2378 1833 2448 χρυσίῳ·
1875 2397 1894 2431 3

322 2461 616 2523 τουτέστιν,
665 2463 798 2532 μετά
824 2461 951 2535 [199
989 2462 1040 2534 ιι]
1076 2465 1339 2536 ἀργυρίου
1372 2467 1466 2520 καὶ
1514 2469 1756 2539 χρυσίου·
1806 2470 1900 2523 καὶ

328 2551 490 2605 πάλιν
527 2554 585 2604 ὲν
646 2552 741 2623 ρξ’·
802 2572 821 2605 ι
869 2555 982 2606 Οὐκ
1035 2553 1291 2629 ὲξελεύσῃ
1333 2558 1388 2610 ἐν
1431 2560 1552 2621 ταῖς
1609 2558 1899 2630 δυνάμεσιν

323 2642 503 2712 ἡμῶν·
539 2662 558 2695 3
585 2644 614 2697 ὅ
639 2644 773 2710 ἐστι,
809 2645 905 2698 σὺν
932 2648 1052 2708 ταῖς
1076 2645 1366 2718 δυνάμεσιν
1397 2649 1572 2719 ἡμῶν.
1619 2650 1677 2703 Ὀ
1712 2650 1769 2703 δὲ
1808 2668 1897 2704 σο-

324 2735 569 2806 φὼτατος
584 2735 812 2801 Παῦλος,
837 2737 1079 2809 περὶτοῦ
1109 2730 1359 2810 Σωτῆρος
1385 2739 1620 2810 Χριστοῦ
1649 2742 1895 2814 γράφων,

322 2826 443 2879 ἀντὶ
480 2825 575 2879 τοῦ
637 2829 831 2891 εἰπεῖν,
882 2827 1067 2882 Πάντα
1109 2829 1195 2882 ἐπ’
1241 2829 1406 2883 αὑτὸν
1456 2831 1753 2903 συνέστηκε
1808 2834 1898 2886 καὶ

323 2917 451 2989 παρ’
481 2917 646 2971 αὑτοῦ
691 2917 934 2990 ἐκτίσθη,
978 2918 1105 2992 ἔφη·
1159 2939 1179 2972 ι
1240 2921 1423 2975 Πάντα
1478 2923 1537 2975 ἐν
1586 2922 1736 2994 αὐτῷ
1771 2941 1896 2978 συν-

322 3007 572 3077 ἔστηκεν,
613 3009 708 3062 καὶ
757 3009 815 3062 ὲν
864 3009 1010 3081 αὐτῷ
1056 3012 1282 3083 ἐκτίσθη
1317 3013 1386 3067 τὰ
1409 3014 1607 3067 πάντα.
1642 3033 1661 3067 3
1699 3014 1763 3068 Et
1804 3010 1897 3069 οὖν

320 3099 690 3168 παραλλαξίαν
721 3100 784 3153 οὐ
817 3100 967 3172 δηλοῖ
987 3103 1020 3172 ἡ
1041 3101 1274 3171 λέγουσα
1303 3100 1397 3156 τοῦ
1424 3105 1693 3159 Δεσπότου
1719 3108 1891 3178 φωνὴ,

2004 1933 2209 1999 \critis,
2247 1947 2344 2001 per
2384 1933 2637 2000 epistolas
2679 1938 2774 1991 hos
2807 1939 3011 1993 mittam
3054 1940 3294 2007 perferre
3337 1941 3567 2011 gratiam

2004 2032 2235 2078 vestram
2277 2024 2328 2077 in
2366 2022 2701 2093 Jerusalem;
2743 2046 2760 2079 3
2800 2028 2849 2082 id
2886 2041 2989 2091 est,
3015 2044 3137 2086 cum
3169 2033 3409 2100 epistolis
3443 2035 3565 2086 tuit—

2001 2124 2130 2168 tam.
2175 2113 2377 2169 Dein-le
2416 2116 2541 2170 alibi
2593 2118 2871 2188 Scriptura
2916 2121 3050 2189 ipsa,
3103 2112 3224 2175 cum
3263 2125 3410 2192 prius
3458 2137 3563 2176 non

1999 2206 2240 2268 dixisset,
2286 2223 2304 2256 ι
2342 2220 2405 2258 ex
2439 2222 2546 2275 quo
2571 2208 2703 2280 (94),
2752 2229 2771 2261 3
2821 2220 2875 2265 et
2922 2229 2940 2262 ι
2968 2227 3062 2281 per
3113 2229 3291 2280 quem,
3325 2233 3344 2263 3
3388 2213 3563 2268 ditit:

2005 2312 2024 2346 ι
2059 2297 2109 2349 in
2147 2295 2346 2361 Spiritu
2370 2295 2480 2366 (95)
2509 2310 2731 2368 sancto;
2766 2320 2783 2352 3
2825 2303 2874 2356 id
2901 2312 3005 2365 est,
3046 2319 3167 2357 cum
3199 2306 3402 2372 Spiritu
3440 2320 3566 2358 san-

1948 2456 1955 2463 .
1999 2392 2103 2437 cto.
2147 2383 2326 2439 Multis
2370 2386 2510 2439 enim
2564 2388 2613 2441 in
2650 2388 2782 2442 lucis
2815 2406 2912 2460 pro
2955 2408 2975 2443 ι
3010 2407 3130 2446 cum
3174 2394 3274 2447 hoc
3312 2395 3499 2457 etiam,
3537 2414 3557 2446 3

1996 2472 2101 2537 vel,
2141 2491 2159 2524 ι
2190 2475 2347 2530 simul
2387 2492 2509 2533 cum
2546 2478 2643 2531 hoc
2678 2477 2814 2549 (96),
2859 2498 2879 2531 3
2916 2479 3054 2534 dixit
3086 2497 3107 2531 ι
3141 2480 3196 2533 in
3242 2482 3362 2537 hoc.
3400 2499 3421 2533 3
3476 2480 3567 2537 Sic

1995 2566 2226 2634 exempli
2266 2569 2436 2635 gratia
2482 2569 2533 2621 in
2566 2583 2688 2621 Lxrt
2725 2568 2932 2635 psalmo
2979 2568 3308 2638 prophetans
3358 2568 3565 2625 Psaltes

1997 2651 2071 2702 ait
2098 2667 2110 2703 :
2151 2667 2168 2700 ι
2195 2650 2468 2721 Ingrediar
2486 2651 2663 2724 (97)in
2682 2653 2896 2706 dutnum
2924 2664 3067 2707 tuam
3094 2654 3145 2706 in
3168 2654 3515 2718 holocaustis,
3536 2671 3558 2706 3

1995 2755 2108 2808 pro,
2158 2756 2278 2795 cum
2311 2742 2685 2808 holocaustis;
2747 2752 2800 2797 et
2857 2758 3087 2798 rursus:
3132 2762 3150 2794 ι
3203 2744 3396 2798 Eduxit
3447 2742 3560 2816 (98)

1994 2848 2088 2890 eos
2143 2835 2194 2889 in
2230 2845 2456 2906 argi-nlo
2494 2846 2547 2890 et
2585 2850 2755 2900 auro;
2798 2855 2817 2887 3
2857 2836 2905 2887 id
2944 2845 3048 2902 est,
3100 2849 3222 2888 cum
3256 2845 3477 2905 argento
3508 2845 3564 2888 et

1993 2938 2159 2991 auro;
2207 2932 2262 2979 et
2301 2940 2487 2979 rursus
2533 2926 2588 2980 in
2630 2940 2775 2979 cvn:
2830 2923 2996 2978 «'Non
3034 2924 3327 2994 egredieris
3357 2924 3469 2994 (99)
3506 2924 3561 2979 in

1993 3014 2282 3070 virtutibus
2310 3016 2581 3071 nostrisi3
2611 3016 2661 3070 id
2680 3026 2784 3083 est,
2821 3032 2939 3071 cum
2992 3017 3283 3072 virtutibus
3339 3019 3556 3073 nostris.

1997 3103 2435 3175 Sapientissimus
2480 3122 2610 3161 vero
2659 3107 2856 3163 Paulus
2905 3107 2972 3162 de
3028 3107 3310 3164 Salvatore
3344 3108 3563 3166 Christo

326 3210 347 3244 ι
380 3191 740 3256 Βαπτίζοντες
775 3191 973 3255 αὐτοὺς
993 3192 1073 3254 εἰς
1099 3190 1161 3244 τὺ
1192 3190 1362 3263 ὄνομα
1402 3191 1497 3246 τοῦ
1526 3190 1761 3266 Πατρὸς,
1798 3198 1890 3250 καὶ

1998 3195 2269 3262 scribens,
2319 3211 2416 3265 pro
2474 3196 2623 3251 hisce
2680 3196 3042 3254 locutionibus
3100 3197 3344 3254 :Omnia
3401 3214 3561 3269 super

318 3283 410 3337 τοῦ
431 3282 581 3347 Υίοῦ,
612 3283 814 3338 καὶτοῦ
868 3282 1025 3352 ἁγίου
1050 3281 1383 3353 Πνεύματος,
1416 3302 1435 3335 3
1461 3284 1828 3355 παραλλαξίαν
1857 3290 1890 3357 ἡ

1998 3282 2162 3359 ipsum
2224 3294 2509 3352 constant;
2560 3295 2618 3340 et
2668 3304 2682 3340 :

1989 3379 2074 3421 est
2101 3368 2245 3423 hisce
2275 3369 2431 3425 aliis:
2471 3387 2491 3421 ι
2524 3370 2718 3425 Omnia
2740 3375 2816 3440 (1)
2853 3375 2905 3427 in
2942 3376 3058 3442 ipso
3095 3385 3384 3444 constant;
3423 3398 3442 3430 3
3470 3390 3559 3436 et;

321 3373 463 3439 λέξις
492 3375 589 3444 οὐχ
616 3372 748 3438 ἕξει,
787 3390 805 3423 ι
849 3373 906 3425 ὲν
937 3371 1013 3442 τῷ
1043 3370 1183 3442 ἁγίῳ
1216 3370 1516 3442 Πνεύματι,
1560 3390 1579 3423 3
1605 3372 1695 3427 διά
1724 3391 1783 3426 τε
1813 3377 1893 3439 εἰς

321 3464 378 3516 ἒν
401 3464 570 3535 ὄνομα
589 3463 842 3534 ἰσοτίμως
867 3460 1140 3533 εἰρῆσθαι,
1168 3460 1257 3516 διά
1282 3478 1339 3514 τε
1360 3461 1521 3515 αὐτὸν
1536 3459 1677 3515 εἶναι
1701 3462 1891 3529 εἰπεῖν,

323 3571 345 3604 ι
382 3554 459 3616 εἰς
488 3552 550 3606 τὸ
580 3552 768 3622 ὄνομα,
812 3538 837 3604 ι’
861 3550 954 3604 καὶ
986 3548 1087 3602 ἱὲν
1121 3549 1200 3621 τῷ
1240 3548 1483 3620 ὀνόματι.
1521 3557 1545 3599 3‘

2740 3285 2825 3341 Ab
2881 3302 2948 3342 eo
3006 3296 3189 3343 creata
3256 3300 3401 3355 sunt,
3435 3306 3564 3347 usus

1995 3477 2014 3510 ι
2039 3457 2097 3512 In
2133 3459 2251 3527 ipso
2285 3468 2467 3515 creata
2508 3470 2641 3516 sunt
2692 3464 2892 3517 omnia.
2924 3483 2943 3516 3
2983 3464 3040 3519 Si
3081 3481 3210 3534 ergo
3249 3467 3561 3536 discrepan-

1994 3552 2120 3605 tiam
2144 3567 2246 3605 non
2273 3552 2579 3620 signiﬁcant
2614 3569 2676 3607 ea
2722 3554 2930 3608 Domini
2951 3557 3116 3623 rerha
3165 3574 3180 3609 :
3218 3575 3237 3608 ι
3271 3555 3561 3626 Baptizan-

323 3660 402 3704 tes
443 3648 517 3722 (Ξ)
544 3649 709 3704 eosin
741 3647 956 3701 nomine
980 3646 1174 3711 Patris,
1205 3654 1259 3700 et
1291 3644 1434 3707 Filii,
1469 3654 1523 3701 et
1546 3644 1774 3714 Spiritus
1807 3646 1999 3713 sancti,
2037 3665 2057 3699 3
2093 3662 2161 3703 ne
2193 3648 2293 3701 ista
2321 3647 2533 3717 quidem
2565 3648 2788 3712 locutio,
2822 3649 2907 3702 «in
2948 3649 3150 3718 Spiritu
3168 3662 3416 3713 sancto,3
3450 3653 3561 3708 dis-

321 3744 653 3815 crepantiam
714 3741 1019 3798 indicabit:
1092 3752 1202 3797 tum
1252 3742 1377 3812 quia
1419 3749 1634 3797 servata
1704 3743 1921 3799 honoris
1958 3743 2260 3812 aequalitate
2309 3756 2473 3797 unum
2542 3756 2741 3797 nomen
2785 3741 3045 3811 singulari
3094 3758 3319 3798 numero
3357 3745 3556 3801 dictant

321 3850 422 3901 est.
460 3849 568 3893 tum
596 3854 720 3907 quia
750 3838 887 3891 idem
911 3843 994 3891 est
1018 3836 1114 3907 (ὅ),
1146 3853 1166 3887 ι
1198 3836 1250 3890 in
1292 3852 1509 3902 nomen,
1536 3856 1555 3890 3
1592 3847 1751 3906 atque
1780 3854 1800 3888 ι
1826 3837 1879 3892 in
1917 3838 2152 3893 nomine.
2189 3854 2210 3888 3

401 3930 584 3984 Ἰκανά
611 3929 707 4001 μὲν
730 3924 821 3981 οὖν
840 3929 955 3980 ὲστι
977 3926 1279 3980 καὶταῦτα.
1312 3928 1635 3999 Εὑρίσκεται
1656 3927 1711 3980 δὲ
1739 3928 1886 3997 ὅμως

2056 3926 2178 3983 Ilaec
2205 3918 2477 3996 porro'vel
2517 3925 2628 3981 sola
2677 3925 2890 3995 quidem
2932 3926 3242 3982 Sttﬂicittttl:
3287 3929 3558 3988 invenitur

318 4022 379 4075 τὸ
416 4039 433 4072 ι
466 4020 527 4084 ἐξ
551 4013 613 4073 οὗ
648 4038 667 4071 3
699 4017 1081 4089 γεγραμμένον
1102 4017 1230 4088 περί
1254 4033 1313 4069 τε
1347 4018 1442 4070 τοῦ
1483 4017 1634 4082 Υίοῦ,
1662 4018 1789 4089 περί
1829 4035 1886 4072 τε

1998 4007 2162 4071 tamen
2179 4016 2327 4084 illud,
2347 4035 2366 4068 ι
2386 4031 2450 4071 ex
2470 4031 2627 4086 quo,3
2660 4015 2917 4084 scriptum
2945 4024 3000 4070 et
3015 4017 3082 4071 de
3105 4016 3263 4083 Filio,
3279 4032 3329 4074 et
3354 4024 3418 4075 de
3432 4021 3557 4092 Spi-

317 4112 410 4165 τοῦ
453 4113 606 4181 ἁγίου
656 4111 989 4180 Πνεύματος,
1029 4109 1130 4162 καὶ
1174 4108 1236 4161 τὸ
1282 4126 1302 4160 ι
1351 4108 1420 4162 δι’
1466 4104 1527 4164 οὗ
1563 4129 1582 4162 3
1636 4111 1885 4181 κείμενον

1998 4109 2087 4163 ritu
2110 4117 2297 4164 sancto
2325 4127 2339 4164 :
2379 4108 2607 4173 acillud,
2632 4127 2651 4159 ι
2680 4121 2778 4177 per
2795 4122 2973 4177 quem,
3002 4125 3021 4160 3
3050 4109 3251 4164 dictum
3290 4112 3354 4166 de
3370 4112 3553 4179 Patre,

319 4204 446 4273 περὶ
473 4201 566 4254 τοῦ
600 4201 812 4278 Ιξατρδς
851 4200 941 4251 καὶ
973 4194 1099 4270 περὶ
1118 4197 1212 4251 τοῦ
1252 4198 1393 4252 Θείου
1428 4199 1760 4270 Πνεύματος,
1792 4201 1886 4254 καὶ

1998 4206 2036 4252 :t
2058 4201 2123 4253 de
2158 4199 2336 4254 divino
2371 4198 2574 4269 Spiritu
2604 4216 2618 4252 :
2657 4214 2721 4253 ac
2744 4198 2893 4263 illud,
2927 4216 2947 4250 ι
2982 4198 3033 4253 in
3064 4214 3170 4269 quo
3193 4219 3213 4253 3
3248 4216 3353 4255 non
3382 4203 3559 4274 Spiri-

318 4292 380 4342 τδ
411 4308 428 4336 σ
467 4292 523 4343 ἐν
550 4286 592 4359 ᾧ
629 4309 648 4342 3
669 4291 730 4343 οὐ
752 4289 828 4359 τῷ
858 4289 997 4359 ἁγίῳ
1014 4289 1292 4359 Πνεύματι
1323 4290 1720 4361 ἀφωρισμένον,
1751 4290 1885 4344 ἀλλὰ

1998 4289 2065 4342 tui
2094 4299 2282 4343 sancto
2310 4302 2670 4361 reservatum,
2698 4288 2792 4344 sed
2822 4288 2986 4343 etiam
3019 4288 3086 4342 de
3116 4288 3275 4344 Patre
3324 4301 3379 4346 et
3415 4291 3556 4348 Filio

320 4382 414 4436 καὶ
450 4381 699 4453 περὶτοῦ
740 4382 952 4453 Πατρὸς
998 4381 1218 4435 καὶτοῦ
1272 4381 1405 4434 Υίοῦ
1447 4380 1655 4451 λεχθὲν,
1703 4381 1779 4443 ὡς
1827 4381 1882 4433 at

1998 4376 2210 4444 lictum,
2244 4379 2384 4434 sicut
2415 4394 2482 4434 ex
2510 4379 2615 4446 his,
2640 4393 2759 4448 qua:
2788 4378 3129 4446 subjicimus,
3160 4379 3455 4450 Scripturze
3479 4384 3556 4440 lo-

319 4474 670 4544 ὑποκείμεναι
705 4472 1038 4544 παριστῶσιν
1074 4472 1306 4542 γραφαί.
1353 4472 1475 4526 Ὅτι
1513 4472 1574 4524 τὸ
1622 4490 1640 4523 ι
1680 4471 1740 4538 ὲξ
1764 4465 1824 4525 οὗ
1860 4490 1879 4522 3

1998 4469 2059 4523 :is
2090 4481 2330 4539 apparet.
2360 4470 2489 4524 Illud
2525 4489 2544 4523 ι
2576 4486 2642 4526 ex
2681 4486 2789 4541 quo
2823 4490 2842 4523 3
2880 4471 2985 4525 dici
3021 4481 3075 4525 et
3114 4474 3179 4527 de
3207 4472 3364 4539 Filio,
3405 4484 3459 4531 et
3488 4476 3561 4530 de

316 4565 527 4637 εἴρηται
555 4564 650 4618 καὶ
683 4565 811 4633 περὶ
842 4563 934 4616 τοῦ
967 4564 1096 4616 Υἱοῦ
1120 4563 1323 4617 καὶτοῦ
1356 4562 1510 4633 ἁγίου
1547 4562 1883 4633 Πνεύματος,

314 4652 504 4716 οὕτως·
542 4650 792 4723 περὶτοῦ
850 4651 1002 4710 Υίοῦ.
1050 4651 1262 4715 Παῦλος
1304 4651 1589 4719 Ἐφεσίοις·
1643 4670 1661 4701 ι
1697 4651 1887 4714 Ὅστις

1983 4558 2184 4629 Spiritu
2224 4571 2431 4625 sancto,
2474 4560 2552 4617 sic
2596 4564 2783 4630 probo.
2833 4563 2907 4616 De
2938 4561 3093 4628 Filio,
3137 4562 3334 4620 Paulus
3377 4566 3552 4636 Ephe-

1982 4653 2078 4705 siis
2116 4652 2224 4705 ait:
2260 4668 2279 4702 ι
2311 4650 2411 4718 Qui
2440 4661 2523 4707 est
2547 4653 2623 4723 (4)
2654 4664 2834 4723 caput,
2861 4652 3128 4720 Christus,
3166 4669 3229 4709 ex
3258 4670 3365 4725 quo
3388 4664 3555 4710 totum

317 4748 459 4800 ἐστὶν
515 4748 548 4817 ὴ
606 4746 811 4816 κεφαλὴ
881 4744 1135 4815 Χριστὸς,
1184 4744 1240 4810 ἐξ
1296 4735 1357 4796 οὗ
1426 4743 1536 4797 πᾶν
1599 4742 1661 4795 τὸ
1724 4742 1886 4813 σῶμα

1998 4755 2176 4810 :orpus
2196 4754 2554 4811 compactum,
2589 4752 2643 4797 et
2669 4758 2972 4798 connexum
3007 4745 3224 4814 augebit
3268 4756 3557 4814 augmento

318 4837 881 4907 συναρμολογούμενον
925 4837 1017 4888 κα)¹
1067 4833 1531 4906 συμϐιϐαζόμενον
1581 4830 1733 4898 αὔξει
1787 4832 1884 4904 τὴν

316 4923 538 4996 αὔξησιν
594 4926 687 4978 τοῦ
731 4925 885 4978 Θεοῦ·
929 4943 947 4976 3
991 4926 1241 4995 Ἰωάννης
1272 4925 1330 4976 ὲν
1361 4923 1693 4993 Εὑαγγελίῳ·
1724 4941 1744 4975 ι
1790 4922 1885 4977 Ἐκ

389 5083 498 5149 (92)
547 5081 685 5135 Nam
725 5098 788 5137 ex
828 5081 1011 5135 multa.
1042 5079 1082 5134 ll
1136 5079 1264 5135 Cor.
1292 5095 1352 5144 ll,
1382 5079 1436 5132 4.

387 5152 493 5223 (95)
539 5151 672 5207 Cum
702 5161 893 5223 autem.
928 5152 944 5204 l
988 5151 1273 5223 Cor._x_v_i,
1304 5152 1361 5223 ᾗ.

385 5210 496 5291 (94)
546 5223 776 5291 anuo.
814 5221 990 5291 Codex
1013 5260 1028 5286 ,
1060 5210 1537 5291 τοῦᾉὲξοῦη-Ιλξςζο
1581 5219 1640 5272 τὸ
1673 5217 1731 5285 ἐξ
1786 5211 1867 5272 οὗ.

387 5288 499 5359 (95)
535 5290 598 5344 In
629 5288 851 5359 Spiritu.
872 5288 1037 5359 Joan.
1068 5305 1103 5351 ι,
1133 5288 1201 5359 55
1240 5298 1292 5359 et
1323 5288 1470 5359 alibi.

386 5356 496 5432 (96)
537 5356 827 5432 Curii/tom
853 5358 1059 5432 Codex,
1097 5356 1304 5432 court?)
1331 5356 1389 5409 δέ
1455 5358 1551 5427 pro
1590 5357 1686 5410 σὺν
1714 5356 1870 5426 τῷδε.

315 5426 555 5492 Ειήιόι,
581 5431 639 5483 ὲν
671 5429 748 5499 τῷ
809 5428 866 5482 δέ
888 5443 1005 5499 (μω
1045 5429 1102 5479 ὲν
1126 5426 1281 5496 τῷδεέ

383 5494 832 5572 (97)]η9νεᾱιαν.
883 5494 1023 5551 Psal.
1082 5494 1186 5550 non
1238 5511 1397 5559 vat,
1464 5497 1557 5549 sed
1610 5510 1753 5558 uti,
1806 5494 1874 5548 12

356 5568 449 5623 seu
477 5568 612 5623 ⁷15),

314 5572 449 5643 (seu
483 5572 612 5635 15).

324 5644 325 5647 ‘
381 5639 494 5715 (ἓξ)
528 5636 745 5715 lidurit.
773 5634 1321 5715 Ρεοι..οιν.“56-(δειι
1356 5633 1485 5715 '57).
1572 5703 1587 5715 .

534 5706 674 5783 Non
703 5707 1005 5783 egredieris.
1035 5702 1205 5783 _Psal.’
1233 5719 1364 5769 cm,
1420 5704 1505 5756 12.
1572 5703 1627 5756 In
1687 5702 1872 5783 Bibliis

314 5775 531 5834 additur
576 5775 729 5842 Θεός,
761 5777 812 5832 id
840 5785 943 5837 est.
982 5794 998 5827 ι
1032 5776 1189 5831 Deus.
1221 5792 1259 5843 3_

1990 4834 2081 4888 Dei
2109 4835 2206 4905 (5).
2234 4853 2252 4886 ι
2283 4834 2517 4890 Joannes
2537 4836 2588 4889 in
2617 4835 2906 4905 Evangelii)
2936 4852 2951 4890 :
2982 4854 2999 4885 ι
3030 4835 3105 4889 Ex
3125 4836 3459 4904 plenitudine
3475 4836 3553 4910 (6)

1989 4924 2105 4994 ejus
2126 4939 2222 4979 nos
2234 4939 2423 4980 omnes
2442 4925 2765 4995 accepimus.
2784 4926 2848 4980 Et
2866 4940 3050 4982 rursus
3061 4942 3126 4981 ex
3146 4942 3374 4995 persona
3396 4928 3549 4984 Filii:

2039 5078 2113 5149 (ι)
2167 5076 2377 5149 ania.
2413 5078 2621 5135 Cottas.
2654 5096 2692 5140 ι,
2724 5079 2917 5142 17,16.

2043 5146 2117 5218 (2)
2172 5146 2529 5218 Baptizantes.
2566 5149 2763 5203 Matth.
2803 5165 3005 5211 xxvut,
3048 5150 3130 5204 l9.

2044 5216 2121 5293 ('5)
2174 5216 2329 5293 Ιάεηι⁸
2365 5229 2459 5293 εις.
2508 5219 2711 5286 Codex,
2749 5220 2838 5274 διά
2868 5236 2926 5273 τε
2960 5219 3121 5272 αὑτὸν
3144 5217 3330 5275 εἶναι.
3406 5222 3551 5293 Lego

1975 5282 2063 5341 διά
2086 5282 2145 5338 τε
2180 5286 2373 5339 ταυτὸν
2399 5282 2556 5342 εἶναι.

2051 5358 2125 5427 (4)
2168 5355 2273 5421 Qui
2330 5367 2427 5411 est.
2477 5359 2673 5426 Ephes.
2740 5373 2816 5419 ιν.
2865 5358 2930 5412 15
2959 5397 2975 5421 ,
3044 5357 3129 5412 16.
3166 5357 3349 5413 Graeca
3383 5362 3548 5418 editio

1908 5436 1931 5451 "
1983 5427 2169 5499 eodem
2195 5439 2367 5499 sensit
2392 5444 2406 5480 :
2434 5429 2492 5491 ὃς
2517 5430 2663 5481 ἐστιν
2695 5429 2727 5499 ἡ
2760 5428 2989 5498 κεφαλὴ,
3021 5430 3049 5480 ὁ
3079 5429 3332 5499 Χριστός.

2054 5496 2131 5565 (5)
2170 5494 2852 5567 Augebitnugmento'vei.
2886 5494 3005 5551 llaEc
3036 5494 3197 5552 verba
3238 5514 3344 5554 non
3384 5498 3547 5554 habet

1982 5565 2202 5628 Paulus,
2239 5566 2331 5618 sed
2360 5565 2584 5620 aliaJAt
2612 5569 2868 5636 Didymus
2889 5567 3128 5636 Apostoli
3163 5579 3395 5623 mentem
3421 5584 3544 5637 ape-

1984 5637 2074 5698 rit,
2102 5649 2165 5687 ac
2196 5648 2412 5687 sensum
2443 5637 2594 5688 citat.

2054 5703 2132 5776 (6)
2175 5701 2259 5755 Ea:
2303 5702 2643 5771 plenitudine.
2692 5705 2847 5760 Joan.
2881 5722 2920 5772 I,
2964 5705 3051 5760 l6.
