  <div class='ocr_page' id='page_1' title='image "/cluster/home/n/w/nwhite01/storage/ocr_20150623/39/mdp.39015010572892/471.png"; bbox 0 0 4108 6438; ppageno 0'>
   <div class='ocr_carea' id='block_1_1' title="bbox 591 335 685 392">
    <p class='ocr_par' dir='ltr' id='par_1_1' title="bbox 591 335 685 392">
     <span class='ocr_line' id='line_1_1' title="bbox 591 335 685 392; baseline 0.021 -2"><span class='ocrx_word' id='word_1_1' title='bbox 591 335 685 392; x_wconf 76' lang='grc'>931</span> 
     </span>
    </p>
   </div>
   <div class='ocr_carea' id='block_1_2' title="bbox 1852 332 2593 390">
    <p class='ocr_par' dir='ltr' id='par_1_2' title="bbox 1852 332 2593 390">
     <span class='ocr_line' id='line_1_2' title="bbox 1852 332 2593 390; baseline 0.003 -2"><span class='ocrx_word' id='word_1_2' title='bbox 1852 333 2090 389; x_wconf 77' lang='lat' dir='ltr'><strong>DIDYMI</strong></span> <span class='ocrx_word' id='word_1_3' title='bbox 2129 332 2593 390; x_wconf 76' lang='lat' dir='ltr'><strong>ALEXANDRINI</strong></span> 
     </span>
    </p>
   </div>
   <div class='ocr_carea' id='block_1_3' title="bbox 3724 332 3841 387">
    <p class='ocr_par' dir='ltr' id='par_1_3' title="bbox 3724 332 3841 387">
     <span class='ocr_line' id='line_1_3' title="bbox 3724 332 3841 387; baseline 0 0"><span class='ocrx_word' id='word_1_4' title='bbox 3724 332 3841 387; x_wconf 66' lang='lat'><strong>932</strong></span> 
     </span>
    </p>
   </div>
   <div class='ocr_carea' id='block_1_4' title="bbox 597 442 2148 522">
    <p class='ocr_par' dir='ltr' id='par_1_4' title="bbox 597 450 2145 521">
     <span class='ocr_line' id='line_1_4' title="bbox 597 450 2145 521; baseline 0.002 -19"><span class='ocrx_word' id='word_1_5' title='bbox 597 474 612 502; x_wconf 75' lang='grc' dir='ltr'><strong><em>ο</em></strong></span> <span class='ocrx_word' id='word_1_6' title='bbox 640 452 716 506; x_wconf 78' lang='lat' dir='ltr'><strong>Ex</strong></span> <span class='ocrx_word' id='word_1_7' title='bbox 748 450 1214 521; x_wconf 81' lang='lat' dir='ltr'><strong>mco(7)accipict.</strong></span> <span class='ocrx_word' id='word_1_8' title='bbox 1237 461 1288 506; x_wconf 86' lang='lat' dir='ltr'><strong>et</strong></span> <span class='ocrx_word' id='word_1_9' title='bbox 1314 451 1868 507; x_wconf 63' lang='lat' dir='ltr'><strong>annuntiabiHobis.»</strong></span> <span class='ocrx_word' id='word_1_10' title='bbox 1891 454 1955 507; x_wconf 85' lang='lat' dir='ltr'><strong>Et</strong></span> <span class='ocrx_word' id='word_1_11' title='bbox 1976 453 2101 506; x_wconf 68' lang='lat' dir='ltr'><strong>alilti</strong></span> <span class='ocrx_word' id='word_1_12' title='bbox 2132 468 2145 505; x_wconf 88' lang='lat'><strong>:</strong></span> 
     </span>
    </p>
   </div>
   <div class='ocr_carea' id='block_1_5' title="bbox 2252 442 3834 522">
    <p class='ocr_par' dir='ltr' id='par_1_5' title="bbox 2252 442 3834 522">
     <span class='ocr_line' id='line_1_5' title="bbox 2252 442 3834 522; baseline -0.006 -19"><span class='ocrx_word' id='word_1_13' title='bbox 2252 452 2340 505; x_wconf 83' lang='grc' dir='ltr'><strong>τοῦ</strong></span> <span class='ocrx_word' id='word_1_14' title='bbox 2401 452 2761 522; x_wconf 71' lang='grc' dir='ltr'><strong>πληρώματος</strong></span> <span class='ocrx_word' id='word_1_15' title='bbox 2821 447 2985 503; x_wconf 78' lang='grc' dir='ltr'>αὐτοῦ</span> <span class='ocrx_word' id='word_1_16' title='bbox 3022 448 3181 518; x_wconf 83' lang='grc' dir='ltr'>ἡμεῖς</span> <span class='ocrx_word' id='word_1_17' title='bbox 3220 446 3416 506; x_wconf 77' lang='grc' dir='ltr'>πάντες</span> <span class='ocrx_word' id='word_1_18' title='bbox 3470 442 3760 512; x_wconf 71' lang='grc' dir='ltr'>ἐλάϐομεν·</span> <span class='ocrx_word' id='word_1_19' title='bbox 3816 466 3834 495; x_wconf 77' lang='grc' dir='ltr'><strong>ι</strong></span> 
     </span>
    </p>
   </div>
   <div class='ocr_carea' id='block_1_6' title="bbox 596 539 2159 611">
    <p class='ocr_par' dir='ltr' id='par_1_6' title="bbox 596 539 2159 611">
     <span class='ocr_line' id='line_1_6' title="bbox 596 539 2159 611; baseline 0.001 -18"><span class='ocrx_word' id='word_1_20' title='bbox 596 560 613 593; x_wconf 79' lang='grc' dir='ltr'><strong>ι</strong></span> <span class='ocrx_word' id='word_1_21' title='bbox 629 539 1240 611; x_wconf 64' lang='grc' dir='ltr'>ϐοειιον1(8)413ν1ιιιι</span> <span class='ocrx_word' id='word_1_22' title='bbox 1251 552 1351 595; x_wconf 90' lang='lat' dir='ltr'><strong>tem</strong></span> <span class='ocrx_word' id='word_1_23' title='bbox 1375 550 1657 594; x_wconf 81' lang='lat' dir='ltr'><strong>exeuntem</strong></span> <span class='ocrx_word' id='word_1_24' title='bbox 1677 557 1705 592; x_wconf 88' lang='lat' dir='ltr'><strong>a</strong></span> <span class='ocrx_word' id='word_1_25' title='bbox 1725 557 1826 594; x_wconf 79' lang='lat' dir='ltr'><strong>me.</strong></span> <span class='ocrx_word' id='word_1_26' title='bbox 1841 543 1943 595; x_wconf 65' lang='grc' dir='ltr'><strong>»Βε-</strong></span> <span class='ocrx_word' id='word_1_27' title='bbox 1961 541 2159 611; x_wconf 93' lang='lat' dir='ltr'><strong>Spiritu</strong></span> 
     </span>
    </p>
   </div>
   <div class='ocr_carea' id='block_1_7' title="bbox 589 630 2159 703">
    <p class='ocr_par' dir='ltr' id='par_1_7' title="bbox 589 630 2159 703">
     <span class='ocr_line' id='line_1_7' title="bbox 589 630 2159 703; baseline 0.001 -17"><span class='ocrx_word' id='word_1_28' title='bbox 589 641 777 686; x_wconf 81' lang='lat' dir='ltr'><strong>sancto</strong></span> <span class='ocrx_word' id='word_1_29' title='bbox 805 632 881 684; x_wconf 97' lang='lat' dir='ltr'><strong>ait</strong></span> <span class='ocrx_word' id='word_1_30' title='bbox 907 630 1143 685; x_wconf 84' lang='lat' dir='ltr'><strong>Joannes</strong></span> <span class='ocrx_word' id='word_1_31' title='bbox 1169 647 1184 684; x_wconf 89' lang='lat'><strong>:</strong></span> <span class='ocrx_word' id='word_1_32' title='bbox 1217 654 1235 683; x_wconf 71' lang='grc' dir='ltr'><strong>τ</strong></span> <span class='ocrx_word' id='word_1_33' title='bbox 1266 632 1365 698; x_wconf 85' lang='lat' dir='ltr'><strong>Qui</strong></span> <span class='ocrx_word' id='word_1_34' title='bbox 1399 631 1723 703; x_wconf 83' lang='lat' dir='ltr'><strong>seminat(9)</strong></span> <span class='ocrx_word' id='word_1_35' title='bbox 1750 635 1800 686; x_wconf 92' lang='lat' dir='ltr'><strong>in</strong></span> <span class='ocrx_word' id='word_1_36' title='bbox 1843 632 2065 701; x_wconf 76' lang='lat' dir='ltr'><strong>Spiritu,</strong></span> <span class='ocrx_word' id='word_1_37' title='bbox 2095 651 2159 687; x_wconf 80' lang='lat' dir='ltr'><strong>ex</strong></span> 
     </span>
    </p>
   </div>
   <div class='ocr_carea' id='block_1_8' title="bbox 589 720 2160 790">
    <p class='ocr_par' dir='ltr' id='par_1_8' title="bbox 589 720 2160 790">
     <span class='ocr_line' id='line_1_8' title="bbox 589 720 2160 790; baseline 0.003 -19"><span class='ocrx_word' id='word_1_38' title='bbox 589 720 790 787; x_wconf 80' lang='lat' dir='ltr'><strong>Spiritu</strong></span> <span class='ocrx_word' id='word_1_39' title='bbox 830 730 992 775; x_wconf 87' lang='lat' dir='ltr'><strong>metet</strong></span> <span class='ocrx_word' id='word_1_40' title='bbox 1030 723 1188 790; x_wconf 80' lang='lat' dir='ltr'><strong>vitam</strong></span> <span class='ocrx_word' id='word_1_41' title='bbox 1224 734 1515 787; x_wconf 60' lang='lat' dir='ltr'><strong>aeternam;</strong></span> <span class='ocrx_word' id='word_1_42' title='bbox 1548 742 1567 774; x_wconf 74' lang='grc' dir='ltr'><strong>ι</strong></span> <span class='ocrx_word' id='word_1_43' title='bbox 1597 732 1651 777; x_wconf 90' lang='lat' dir='ltr'><strong>et</strong></span> <span class='ocrx_word' id='word_1_44' title='bbox 1696 739 1920 777; x_wconf 87' lang='lat' dir='ltr'><strong>rursus:</strong></span> <span class='ocrx_word' id='word_1_45' title='bbox 1957 743 1976 774; x_wconf 86' lang='grc'><strong><em>‹</em></strong></span> <span class='ocrx_word' id='word_1_46' title='bbox 2010 726 2160 789; x_wconf 89' lang='lat' dir='ltr'><strong>Quod</strong></span> 
     </span>
    </p>
   </div>
   <div class='ocr_carea' id='block_1_9' title="bbox 588 809 2159 884">
    <p class='ocr_par' dir='ltr' id='par_1_9' title="bbox 588 809 2159 884">
     <span class='ocr_line' id='line_1_9' title="bbox 588 809 2159 884; baseline 0.003 -22"><span class='ocrx_word' id='word_1_47' title='bbox 588 811 823 877; x_wconf 77' lang='lat' dir='ltr'><strong>genitum</strong></span> <span class='ocrx_word' id='word_1_48' title='bbox 856 821 932 865; x_wconf 84' lang='lat' dir='ltr'><strong>est</strong></span> <span class='ocrx_word' id='word_1_49' title='bbox 968 811 1077 881; x_wconf 83' lang='lat' dir='ltr'>(l0)</span> <span class='ocrx_word' id='word_1_50' title='bbox 1105 828 1169 866; x_wconf 79' lang='lat' dir='ltr'><strong>ex</strong></span> <span class='ocrx_word' id='word_1_51' title='bbox 1199 811 1421 881; x_wconf 86' lang='lat' dir='ltr'><strong>Spiritu,</strong></span> <span class='ocrx_word' id='word_1_52' title='bbox 1455 811 1685 881; x_wconf 83' lang='lat' dir='ltr'><strong>Spiritus</strong></span> <span class='ocrx_word' id='word_1_53' title='bbox 1707 824 1823 881; x_wconf 90' lang='lat' dir='ltr'><strong>est;</strong></span> <span class='ocrx_word' id='word_1_54' title='bbox 1863 834 1880 865; x_wconf 77' lang='grc' dir='ltr'><strong>ι</strong></span> <span class='ocrx_word' id='word_1_55' title='bbox 1910 809 1963 868; x_wconf 86' lang='lat' dir='ltr'><strong>et</strong></span> <span class='ocrx_word' id='word_1_56' title='bbox 1995 830 2159 884; x_wconf 71' lang='lat' dir='ltr'><strong>auge-</strong></span> 
     </span>
    </p>
   </div>
   <div class='ocr_carea' id='block_1_10' title="bbox 590 899 2155 977">
    <p class='ocr_par' dir='ltr' id='par_1_10' title="bbox 590 899 2155 977">
     <span class='ocr_line' id='line_1_10' title="bbox 590 899 2155 977; baseline 0.006 -26"><span class='ocrx_word' id='word_1_57' title='bbox 590 899 715 957; x_wconf 87' lang='lat' dir='ltr'><strong>lus:</strong></span> <span class='ocrx_word' id='word_1_58' title='bbox 750 921 767 953; x_wconf 85' lang='grc'><strong>‹</strong></span> <span class='ocrx_word' id='word_1_59' title='bbox 796 901 949 967; x_wconf 83' lang='lat' dir='ltr'><strong>Quod</strong></span> <span class='ocrx_word' id='word_1_60' title='bbox 992 903 1133 956; x_wconf 90' lang='lat' dir='ltr'><strong>enim</strong></span> <span class='ocrx_word' id='word_1_61' title='bbox 1169 904 1277 974; x_wconf 92' lang='grc'>(11)</span> <span class='ocrx_word' id='word_1_62' title='bbox 1312 905 1361 957; x_wconf 89' lang='lat' dir='ltr'><strong>in</strong></span> <span class='ocrx_word' id='word_1_63' title='bbox 1395 920 1455 958; x_wconf 88' lang='lat' dir='ltr'><strong>ea</strong></span> <span class='ocrx_word' id='word_1_64' title='bbox 1508 915 1690 959; x_wconf 85' lang='lat' dir='ltr'><strong>natum</strong></span> <span class='ocrx_word' id='word_1_65' title='bbox 1728 916 1829 970; x_wconf 88' lang='lat' dir='ltr'><strong>est,</strong></span> <span class='ocrx_word' id='word_1_66' title='bbox 1855 923 1918 961; x_wconf 73' lang='lat' dir='ltr'><strong>ex</strong></span> <span class='ocrx_word' id='word_1_67' title='bbox 1956 907 2155 977; x_wconf 87' lang='lat' dir='ltr'><strong>Spiritu</strong></span> 
     </span>
    </p>
   </div>
   <div class='ocr_carea' id='block_1_11' title="bbox 588 994 2153 1065">
    <p class='ocr_par' dir='ltr' id='par_1_11' title="bbox 588 994 2153 1065">
     <span class='ocr_line' id='line_1_11' title="bbox 588 994 2153 1065; baseline 0.005 -21"><span class='ocrx_word' id='word_1_68' title='bbox 588 1002 779 1046; x_wconf 83' lang='lat' dir='ltr'><strong>sancto</strong></span> <span class='ocrx_word' id='word_1_69' title='bbox 812 1003 913 1047; x_wconf 87' lang='lat' dir='ltr'><strong>est.</strong></span> <span class='ocrx_word' id='word_1_70' title='bbox 944 1011 963 1045; x_wconf 74' lang='grc' dir='ltr'><strong>ι</strong></span> <span class='ocrx_word' id='word_1_71' title='bbox 995 994 1143 1058; x_wconf 86' lang='lat' dir='ltr'><strong>Quod</strong></span> <span class='ocrx_word' id='word_1_72' title='bbox 1181 997 1245 1048; x_wconf 89' lang='lat' dir='ltr'><strong>de</strong></span> <span class='ocrx_word' id='word_1_73' title='bbox 1276 996 1432 1049; x_wconf 82' lang='lat' dir='ltr'><strong>Patre</strong></span> <span class='ocrx_word' id='word_1_74' title='bbox 1464 1004 1664 1065; x_wconf 75' lang='lat' dir='ltr'><strong>scripta</strong></span> <span class='ocrx_word' id='word_1_75' title='bbox 1697 997 1893 1051; x_wconf 89' lang='lat' dir='ltr'><strong>fuerint</strong></span> <span class='ocrx_word' id='word_1_76' title='bbox 1926 998 2153 1065; x_wconf 85' lang='lat' dir='ltr'><strong>conjun-</strong></span> 
     </span>
    </p>
   </div>
   <div class='ocr_carea' id='block_1_12' title="bbox 588 1083 2151 1159">
    <p class='ocr_par' dir='ltr' id='par_1_12' title="bbox 588 1083 2151 1159">
     <span class='ocr_line' id='line_1_12' title="bbox 588 1083 2151 1159; baseline 0.005 -26"><span class='ocrx_word' id='word_1_77' title='bbox 588 1083 715 1135; x_wconf 63' lang='lat' dir='ltr'><strong>ctim</strong></span> <span class='ocrx_word' id='word_1_78' title='bbox 744 1085 855 1138; x_wconf 69' lang='lat' dir='ltr'><strong>hare</strong></span> <span class='ocrx_word' id='word_1_79' title='bbox 890 1085 1011 1149; x_wconf 83' lang='lat' dir='ltr'><strong>tria,</strong></span> <span class='ocrx_word' id='word_1_80' title='bbox 1048 1104 1066 1136; x_wconf 74' lang='grc' dir='ltr'><strong>ι</strong></span> <span class='ocrx_word' id='word_1_81' title='bbox 1100 1101 1165 1139; x_wconf 80' lang='lat' dir='ltr'><strong>ex</strong></span> <span class='ocrx_word' id='word_1_82' title='bbox 1197 1103 1323 1155; x_wconf 86' lang='lat' dir='ltr'><strong>quo,</strong></span> <span class='ocrx_word' id='word_1_83' title='bbox 1358 1104 1452 1154; x_wconf 89' lang='lat' dir='ltr'><strong>per</strong></span> <span class='ocrx_word' id='word_1_84' title='bbox 1477 1105 1657 1157; x_wconf 85' lang='lat' dir='ltr'><strong>quem,</strong></span> <span class='ocrx_word' id='word_1_85' title='bbox 1693 1109 1711 1141; x_wconf 72' lang='grc' dir='ltr'><strong>ι</strong></span> <span class='ocrx_word' id='word_1_86' title='bbox 1749 1099 1803 1143; x_wconf 91' lang='lat' dir='ltr'><strong>et</strong></span> <span class='ocrx_word' id='word_1_87' title='bbox 1837 1108 1855 1140; x_wconf 74' lang='grc' dir='ltr'><strong>ι</strong></span> <span class='ocrx_word' id='word_1_88' title='bbox 1899 1091 1949 1142; x_wconf 92' lang='lat' dir='ltr'><strong>in</strong></span> <span class='ocrx_word' id='word_1_89' title='bbox 1975 1104 2101 1159; x_wconf 88' lang='lat' dir='ltr'><strong>quo,</strong></span> <span class='ocrx_word' id='word_1_90' title='bbox 2133 1109 2151 1141; x_wconf 74' lang='grc' dir='ltr'><strong>ι</strong></span> 
     </span>
    </p>
   </div>
   <div class='ocr_carea' id='block_1_13' title="bbox 588 1174 2157 1248">
    <p class='ocr_par' dir='ltr' id='par_1_13' title="bbox 588 1174 2157 1248">
     <span class='ocr_line' id='line_1_13' title="bbox 588 1174 2157 1248; baseline 0.006 -26"><span class='ocrx_word' id='word_1_91' title='bbox 588 1182 744 1225; x_wconf 89' lang='lat' dir='ltr'><strong>antea</strong></span> <span class='ocrx_word' id='word_1_92' title='bbox 802 1174 999 1227; x_wconf 89' lang='lat' dir='ltr'><strong>dictum</strong></span> <span class='ocrx_word' id='word_1_93' title='bbox 1061 1175 1179 1229; x_wconf 91' lang='lat' dir='ltr'><strong>fuit.</strong></span> <span class='ocrx_word' id='word_1_94' title='bbox 1239 1176 1388 1242; x_wconf 88' lang='lat' dir='ltr'><strong>Quod</strong></span> <span class='ocrx_word' id='word_1_95' title='bbox 1443 1181 1734 1247; x_wconf 81' lang='lat' dir='ltr'><strong>separatim</strong></span> <span class='ocrx_word' id='word_1_96' title='bbox 1798 1180 1947 1241; x_wconf 89' lang='lat' dir='ltr'><strong>illud,</strong></span> <span class='ocrx_word' id='word_1_97' title='bbox 2012 1197 2157 1248; x_wconf 74' lang='lat' dir='ltr'><strong>«per</strong></span> 
     </span>
    </p>
   </div>
   <div class='ocr_carea' id='block_1_14' title="bbox 587 1261 2155 1334">
    <p class='ocr_par' dir='ltr' id='par_1_14' title="bbox 587 1261 2155 1334">
     <span class='ocr_line' id='line_1_14' title="bbox 587 1261 2155 1334; baseline 0.007 -23"><span class='ocrx_word' id='word_1_98' title='bbox 587 1274 768 1326; x_wconf 77' lang='lat' dir='ltr'><strong>quem,</strong></span> <span class='ocrx_word' id='word_1_99' title='bbox 801 1279 819 1311; x_wconf 72' lang='grc' dir='ltr'><strong>ι</strong></span> <span class='ocrx_word' id='word_1_100' title='bbox 872 1263 934 1315; x_wconf 88' lang='lat' dir='ltr'><strong>de</strong></span> <span class='ocrx_word' id='word_1_101' title='bbox 979 1261 1161 1325; x_wconf 81' lang='lat' dir='ltr'><strong>Patre,</strong></span> <span class='ocrx_word' id='word_1_102' title='bbox 1215 1273 1269 1317; x_wconf 90' lang='lat' dir='ltr'><strong>et</strong></span> <span class='ocrx_word' id='word_1_103' title='bbox 1318 1264 1523 1334; x_wconf 90' lang='lat' dir='ltr'><strong>Spiritu</strong></span> <span class='ocrx_word' id='word_1_104' title='bbox 1576 1275 1762 1320; x_wconf 86' lang='lat' dir='ltr'><strong>sancto</strong></span> <span class='ocrx_word' id='word_1_105' title='bbox 1812 1268 2036 1331; x_wconf 84' lang='lat' dir='ltr'><strong>dicatur,</strong></span> <span class='ocrx_word' id='word_1_106' title='bbox 2076 1269 2155 1322; x_wconf 87' lang='lat' dir='ltr'><strong>sic</strong></span> 
     </span>
    </p>
   </div>
   <div class='ocr_carea' id='block_1_15' title="bbox 589 1352 2157 1429">
    <p class='ocr_par' dir='ltr' id='par_1_15' title="bbox 589 1352 2157 1429">
     <span class='ocr_line' id='line_1_15' title="bbox 589 1352 2157 1429; baseline 0.007 -29"><span class='ocrx_word' id='word_1_107' title='bbox 589 1353 834 1405; x_wconf 83' lang='lat' dir='ltr'><strong>ostendo.</strong></span> <span class='ocrx_word' id='word_1_108' title='bbox 883 1352 1033 1417; x_wconf 91' lang='lat' dir='ltr'><strong>Quod</strong></span> <span class='ocrx_word' id='word_1_109' title='bbox 1086 1366 1293 1420; x_wconf 79' lang='lat' dir='ltr'><strong>spectat</strong></span> <span class='ocrx_word' id='word_1_110' title='bbox 1336 1358 1400 1409; x_wconf 88' lang='lat' dir='ltr'><strong>ad</strong></span> <span class='ocrx_word' id='word_1_111' title='bbox 1442 1356 1675 1423; x_wconf 85' lang='lat' dir='ltr'><strong>Patrem,</strong></span> <span class='ocrx_word' id='word_1_112' title='bbox 1716 1357 1884 1411; x_wconf 81' lang='lat' dir='ltr'><strong>Isaias</strong></span> <span class='ocrx_word' id='word_1_113' title='bbox 1917 1374 1981 1411; x_wconf 79' lang='lat' dir='ltr'><strong>ex</strong></span> <span class='ocrx_word' id='word_1_114' title='bbox 2032 1375 2157 1429; x_wconf 48' lang='lat' dir='ltr'><strong>perc</strong></span> 
     </span>
    </p>
   </div>
   <div class='ocr_carea' id='block_1_16' title="bbox 589 1441 2150 1520">
    <p class='ocr_par' dir='ltr' id='par_1_16' title="bbox 589 1441 2150 1520">
     <span class='ocr_line' id='line_1_16' title="bbox 589 1441 2150 1520; baseline 0.006 -27"><span class='ocrx_word' id='word_1_115' title='bbox 589 1455 723 1494; x_wconf 90' lang='lat' dir='ltr'><strong>sona</strong></span> <span class='ocrx_word' id='word_1_116' title='bbox 775 1441 950 1497; x_wconf 79' lang='lat' dir='ltr'><strong>Patris</strong></span> <span class='ocrx_word' id='word_1_117' title='bbox 992 1445 1057 1497; x_wconf 87' lang='lat' dir='ltr'><strong>ad</strong></span> <span class='ocrx_word' id='word_1_118' title='bbox 1104 1444 1295 1498; x_wconf 82' lang='lat' dir='ltr'><strong>Filium</strong></span> <span class='ocrx_word' id='word_1_119' title='bbox 1349 1448 1422 1500; x_wconf 88' lang='lat' dir='ltr'><strong>ait</strong></span> <span class='ocrx_word' id='word_1_120' title='bbox 1456 1466 1468 1501; x_wconf 90' lang='lat'>:</span> <span class='ocrx_word' id='word_1_121' title='bbox 1507 1467 1525 1498; x_wconf 77' lang='grc' dir='ltr'><strong>ι</strong></span> <span class='ocrx_word' id='word_1_122' title='bbox 1562 1448 1696 1502; x_wconf 87' lang='lat' dir='ltr'><strong>Ecce</strong></span> <span class='ocrx_word' id='word_1_123' title='bbox 1728 1450 1837 1519; x_wconf 82' lang='grc'>(12)</span> <span class='ocrx_word' id='word_1_124' title='bbox 1898 1452 2150 1520; x_wconf 80' lang='lat' dir='ltr'><strong>proselyli</strong></span> 
     </span>
    </p>
   </div>
   <div class='ocr_carea' id='block_1_17' title="bbox 588 1533 2150 1604">
    <p class='ocr_par' dir='ltr' id='par_1_17' title="bbox 588 1533 2150 1604">
     <span class='ocr_line' id='line_1_17' title="bbox 588 1533 2150 1604; baseline 0.007 -20"><span class='ocrx_word' id='word_1_125' title='bbox 588 1533 845 1587; x_wconf 85' lang='lat' dir='ltr'><strong>accedent</strong></span> <span class='ocrx_word' id='word_1_126' title='bbox 892 1535 954 1587; x_wconf 82' lang='lat' dir='ltr'><strong>ad</strong></span> <span class='ocrx_word' id='word_1_127' title='bbox 1004 1545 1054 1588; x_wconf 90' lang='lat' dir='ltr'><strong>te</strong></span> <span class='ocrx_word' id='word_1_128' title='bbox 1096 1551 1191 1604; x_wconf 86' lang='lat' dir='ltr'><strong>per</strong></span> <span class='ocrx_word' id='word_1_129' title='bbox 1241 1553 1344 1592; x_wconf 85' lang='lat' dir='ltr'><strong>me.</strong></span> <span class='ocrx_word' id='word_1_130' title='bbox 1379 1558 1396 1589; x_wconf 72' lang='grc' dir='ltr'><strong>ι</strong></span> <span class='ocrx_word' id='word_1_131' title='bbox 1450 1540 1583 1593; x_wconf 92' lang='lat' dir='ltr'><strong>Illud</strong></span> <span class='ocrx_word' id='word_1_132' title='bbox 1632 1542 1719 1594; x_wconf 90' lang='lat' dir='ltr'><strong>hic</strong></span> <span class='ocrx_word' id='word_1_133' title='bbox 1757 1545 2150 1596; x_wconf 81' lang='lat' dir='ltr'><strong>observandum</strong></span> 
     </span>
    </p>
   </div>
   <div class='ocr_carea' id='block_1_18' title="bbox 586 1618 2151 1697">
    <p class='ocr_par' dir='ltr' id='par_1_18' title="bbox 586 1618 2151 1697">
     <span class='ocr_line' id='line_1_18' title="bbox 586 1618 2151 1697; baseline 0.009 -26"><span class='ocrx_word' id='word_1_134' title='bbox 586 1630 687 1680; x_wconf 73' lang='lat' dir='ltr'><strong>cst,</strong></span> <span class='ocrx_word' id='word_1_135' title='bbox 717 1618 859 1689; x_wconf 85' lang='lat' dir='ltr'><strong>quod</strong></span> <span class='ocrx_word' id='word_1_136' title='bbox 891 1634 1106 1692; x_wconf 88' lang='lat' dir='ltr'><strong>propter</strong></span> <span class='ocrx_word' id='word_1_137' title='bbox 1140 1640 1491 1692; x_wconf 77' lang='lat' dir='ltr'><strong>personarum</strong></span> <span class='ocrx_word' id='word_1_138' title='bbox 1519 1630 1900 1697; x_wconf 60' lang='lat' dir='ltr'><strong>athalitatem,</strong></span> <span class='ocrx_word' id='word_1_139' title='bbox 1938 1641 1989 1685; x_wconf 90' lang='lat' dir='ltr'><strong>et</strong></span> <span class='ocrx_word' id='word_1_140' title='bbox 2020 1648 2151 1685; x_wconf 86' lang='lat' dir='ltr'><strong>con-</strong></span> 
     </span>
    </p>
   </div>
   <div class='ocr_carea' id='block_1_19' title="bbox 586 1712 2146 1786">
    <p class='ocr_par' dir='ltr' id='par_1_19' title="bbox 586 1712 2146 1786">
     <span class='ocr_line' id='line_1_19' title="bbox 586 1712 2146 1786; baseline 0.008 -22"><span class='ocrx_word' id='word_1_141' title='bbox 586 1712 1116 1780; x_wconf 86' lang='lat' dir='ltr'><strong>suhstantialitatem,</strong></span> <span class='ocrx_word' id='word_1_142' title='bbox 1150 1718 1366 1771; x_wconf 82' lang='lat' dir='ltr'><strong>adducit</strong></span> <span class='ocrx_word' id='word_1_143' title='bbox 1404 1730 1588 1786; x_wconf 75' lang='lat' dir='ltr'><strong>gentes</strong></span> <span class='ocrx_word' id='word_1_144' title='bbox 1633 1722 1698 1773; x_wconf 88' lang='lat' dir='ltr'><strong>ad</strong></span> <span class='ocrx_word' id='word_1_145' title='bbox 1732 1721 1921 1775; x_wconf 88' lang='lat' dir='ltr'><strong>Filimn</strong></span> <span class='ocrx_word' id='word_1_146' title='bbox 1952 1722 2146 1785; x_wconf 83' lang='lat' dir='ltr'><strong>Pater;</strong></span> 
     </span>
    </p>
   </div>
   <div class='ocr_carea' id='block_1_20' title="bbox 582 1805 2149 1882">
    <p class='ocr_par' dir='ltr' id='par_1_20' title="bbox 582 1805 2149 1882">
     <span class='ocr_line' id='line_1_20' title="bbox 582 1805 2149 1882; baseline 0.008 -28"><span class='ocrx_word' id='word_1_147' title='bbox 582 1813 633 1856; x_wconf 87' lang='lat' dir='ltr'><strong>et</strong></span> <span class='ocrx_word' id='word_1_148' title='bbox 671 1819 854 1858; x_wconf 89' lang='lat' dir='ltr'><strong>rursus</strong></span> <span class='ocrx_word' id='word_1_149' title='bbox 884 1823 897 1858; x_wconf 92' lang='lat'><strong>:</strong></span> <span class='ocrx_word' id='word_1_150' title='bbox 932 1825 949 1856; x_wconf 86' lang='grc'><strong>‹</strong></span> <span class='ocrx_word' id='word_1_151' title='bbox 981 1805 1070 1859; x_wconf 67' lang='lat' dir='ltr'><strong>Va&#39;</strong></span> <span class='ocrx_word' id='word_1_152' title='bbox 1096 1806 1206 1877; x_wconf 78' lang='grc'>(15)</span> <span class='ocrx_word' id='word_1_153' title='bbox 1233 1808 1321 1876; x_wconf 89' lang='lat' dir='ltr'><strong>qui</strong></span> <span class='ocrx_word' id='word_1_154' title='bbox 1347 1811 1609 1877; x_wconf 86' lang='lat' dir='ltr'><strong>profunde</strong></span> <span class='ocrx_word' id='word_1_155' title='bbox 1635 1812 1745 1882; x_wconf 75' lang='lat' dir='ltr'>(H)</span> <span class='ocrx_word' id='word_1_156' title='bbox 1773 1813 2051 1866; x_wconf 84' lang='lat' dir='ltr'><strong>consilium</strong></span> <span class='ocrx_word' id='word_1_157' title='bbox 2080 1816 2149 1867; x_wconf 88' lang='lat' dir='ltr'><strong>fa-</strong></span> 
     </span>
    </p>
   </div>
   <div class='ocr_carea' id='block_1_21' title="bbox 584 1891 2148 1963">
    <p class='ocr_par' dir='ltr' id='par_1_21' title="bbox 584 1891 2148 1963">
     <span class='ocr_line' id='line_1_21' title="bbox 584 1891 2148 1963; baseline 0.009 -20"><span class='ocrx_word' id='word_1_158' title='bbox 584 1893 727 1956; x_wconf 75' lang='lat' dir='ltr'><strong>titis,</strong></span> <span class='ocrx_word' id='word_1_159' title='bbox 760 1902 813 1947; x_wconf 90' lang='lat' dir='ltr'><strong>et</strong></span> <span class='ocrx_word' id='word_1_160' title='bbox 847 1891 949 1947; x_wconf 82' lang='lat' dir='ltr'><strong>non</strong></span> <span class='ocrx_word' id='word_1_161' title='bbox 990 1910 1083 1962; x_wconf 86' lang='lat' dir='ltr'><strong>per</strong></span> <span class='ocrx_word' id='word_1_162' title='bbox 1114 1897 1424 1963; x_wconf 90' lang='lat' dir='ltr'><strong>Dominmn;</strong></span> <span class='ocrx_word' id='word_1_163' title='bbox 1457 1917 1475 1948; x_wconf 70' lang='grc' dir='ltr'><strong>ι</strong></span> <span class='ocrx_word' id='word_1_164' title='bbox 1506 1908 1561 1952; x_wconf 91' lang='lat' dir='ltr'><strong>et</strong></span> <span class='ocrx_word' id='word_1_165' title='bbox 1603 1900 1654 1952; x_wconf 92' lang='lat' dir='ltr'><strong>in</strong></span> <span class='ocrx_word' id='word_1_166' title='bbox 1687 1900 1880 1955; x_wconf 87' lang='lat' dir='ltr'><strong>Genesi</strong></span> <span class='ocrx_word' id='word_1_167' title='bbox 1913 1903 2148 1957; x_wconf 78' lang='lat' dir='ltr'><strong>Adamus</strong></span> 
     </span>
    </p>
   </div>
   <div class='ocr_carea' id='block_1_22' title="bbox 584 1984 2151 2058">
    <p class='ocr_par' dir='ltr' id='par_1_22' title="bbox 584 1984 2151 2058">
     <span class='ocr_line' id='line_1_22' title="bbox 584 1984 2151 2058; baseline 0.008 -25"><span class='ocrx_word' id='word_1_168' title='bbox 584 1984 658 2035; x_wconf 90' lang='lat' dir='ltr'><strong>ait</strong></span> <span class='ocrx_word' id='word_1_169' title='bbox 693 2002 706 2039; x_wconf 89' lang='lat'><strong>:</strong></span> <span class='ocrx_word' id='word_1_170' title='bbox 745 2003 762 2034; x_wconf 76' lang='grc' dir='ltr'><strong>ι</strong></span> <span class='ocrx_word' id='word_1_171' title='bbox 801 1984 1018 2039; x_wconf 84' lang='lat' dir='ltr'><strong>Possedi</strong></span> <span class='ocrx_word' id='word_1_172' title='bbox 1054 1986 1163 2055; x_wconf 82' lang='grc'>(15)</span> <span class='ocrx_word' id='word_1_173' title='bbox 1214 1988 1482 2042; x_wconf 82' lang='lat' dir='ltr'><strong>hominem</strong></span> <span class='ocrx_word' id='word_1_174' title='bbox 1516 2006 1613 2056; x_wconf 87' lang='lat' dir='ltr'><strong>per</strong></span> <span class='ocrx_word' id='word_1_175' title='bbox 1648 1991 1845 2058; x_wconf 90' lang='lat' dir='ltr'><strong>Deum;</strong></span> <span class='ocrx_word' id='word_1_176' title='bbox 1880 2013 1899 2045; x_wconf 74' lang='grc' dir='ltr'><strong>ο</strong></span> <span class='ocrx_word' id='word_1_177' title='bbox 1942 2003 1996 2047; x_wconf 87' lang='lat' dir='ltr'><strong>et</strong></span> <span class='ocrx_word' id='word_1_178' title='bbox 2036 2009 2151 2047; x_wconf 88' lang='lat' dir='ltr'><strong>rur-</strong></span> 
     </span>
    </p>
   </div>
   <div class='ocr_carea' id='block_1_23' title="bbox 585 2073 2150 2153">
    <p class='ocr_par' dir='ltr' id='par_1_23' title="bbox 585 2073 2150 2153">
     <span class='ocr_line' id='line_1_23' title="bbox 585 2073 2150 2153; baseline 0.008 -29"><span class='ocrx_word' id='word_1_179' title='bbox 585 2088 675 2125; x_wconf 81' lang='lat' dir='ltr'><strong>sus</strong></span> <span class='ocrx_word' id='word_1_180' title='bbox 703 2092 717 2127; x_wconf 91' lang='lat'><strong>:</strong></span> <span class='ocrx_word' id='word_1_181' title='bbox 748 2075 1121 2143; x_wconf 70' lang='lat' dir='ltr'><strong>(Quaecunque</strong></span> <span class='ocrx_word' id='word_1_182' title='bbox 1147 2073 1259 2146; x_wconf 97' lang='grc'>(16)</span> <span class='ocrx_word' id='word_1_183' title='bbox 1304 2078 1574 2131; x_wconf 79' lang='lat' dir='ltr'><strong>mandavit</strong></span> <span class='ocrx_word' id='word_1_184' title='bbox 1598 2079 1804 2151; x_wconf 78' lang='lat' dir='ltr'><strong>Moyses</strong></span> <span class='ocrx_word' id='word_1_185' title='bbox 1828 2082 2005 2137; x_wconf 85' lang='lat' dir='ltr'><strong>lsraeli</strong></span> <span class='ocrx_word' id='word_1_186' title='bbox 2053 2099 2150 2153; x_wconf 87' lang='lat' dir='ltr'><strong>per</strong></span> 
     </span>
    </p>
   </div>
   <div class='ocr_carea' id='block_1_24' title="bbox 586 2154 2145 2237">
    <p class='ocr_par' dir='ltr' id='par_1_24' title="bbox 586 2154 2145 2237">
     <span class='ocr_line' id='line_1_24' title="bbox 586 2154 2145 2237; baseline 0.011 -26"><span class='ocrx_word' id='word_1_187' title='bbox 586 2154 905 2230; x_wconf 59' lang='lat' dir='ltr'><strong>praet-ptum</strong></span> <span class='ocrx_word' id='word_1_188' title='bbox 946 2163 1191 2231; x_wconf 84' lang='lat' dir='ltr'><strong>Domini;</strong></span> <span class='ocrx_word' id='word_1_189' title='bbox 1224 2184 1242 2216; x_wconf 73' lang='grc' dir='ltr'><strong>ι</strong></span> <span class='ocrx_word' id='word_1_190' title='bbox 1281 2176 1335 2220; x_wconf 91' lang='lat' dir='ltr'><strong>et</strong></span> <span class='ocrx_word' id='word_1_191' title='bbox 1373 2166 1636 2237; x_wconf 82' lang='lat' dir='ltr'><strong>Josephus</strong></span> <span class='ocrx_word' id='word_1_192' title='bbox 1674 2173 1932 2227; x_wconf 84' lang='lat' dir='ltr'><strong>eunuchis</strong></span> <span class='ocrx_word' id='word_1_193' title='bbox 1972 2176 2100 2228; x_wconf 86' lang='lat' dir='ltr'><strong>dicit</strong></span> <span class='ocrx_word' id='word_1_194' title='bbox 2132 2193 2145 2228; x_wconf 91' lang='lat'><strong>:</strong></span> 
     </span>
    </p>
   </div>
   <div class='ocr_carea' id='block_1_25' title="bbox 591 2252 2142 2329">
    <p class='ocr_par' dir='ltr' id='par_1_25' title="bbox 591 2252 2142 2329">
     <span class='ocr_line' id='line_1_25' title="bbox 591 2252 2142 2329; baseline 0.008 -26"><span class='ocrx_word' id='word_1_195' title='bbox 591 2271 609 2301; x_wconf 72' lang='grc' dir='ltr'><strong>ι</strong></span> <span class='ocrx_word' id='word_1_196' title='bbox 641 2252 826 2305; x_wconf 85' lang='lat' dir='ltr'><strong>Nonne</strong></span> <span class='ocrx_word' id='word_1_197' title='bbox 850 2253 959 2323; x_wconf 76' lang='grc' dir='ltr'>(Π)</span> <span class='ocrx_word' id='word_1_198' title='bbox 985 2268 1078 2321; x_wconf 88' lang='lat' dir='ltr'><strong>per</strong></span> <span class='ocrx_word' id='word_1_199' title='bbox 1110 2255 1273 2308; x_wconf 89' lang='lat' dir='ltr'><strong>Deum</strong></span> <span class='ocrx_word' id='word_1_200' title='bbox 1302 2257 1664 2314; x_wconf 87' lang='lat' dir='ltr'><strong>manifestatio</strong></span> <span class='ocrx_word' id='word_1_201' title='bbox 1696 2263 1928 2329; x_wconf 85' lang='lat' dir='ltr'><strong>ipsorum</strong></span> <span class='ocrx_word' id='word_1_202' title='bbox 1960 2264 2099 2318; x_wconf 89' lang='lat' dir='ltr'><strong>erit?</strong></span> <span class='ocrx_word' id='word_1_203' title='bbox 2125 2285 2142 2316; x_wconf 72' lang='grc' dir='ltr'><strong>ι</strong></span> 
     </span>
    </p>
   </div>
   <div class='ocr_carea' id='block_1_26' title="bbox 585 2343 2145 2422">
    <p class='ocr_par' dir='ltr' id='par_1_26' title="bbox 585 2343 2145 2422">
     <span class='ocr_line' id='line_1_26' title="bbox 585 2343 2145 2422; baseline 0.01 -29"><span class='ocrx_word' id='word_1_204' title='bbox 585 2344 711 2412; x_wconf 85' lang='lat' dir='ltr'><strong>quin</strong></span> <span class='ocrx_word' id='word_1_205' title='bbox 747 2353 800 2396; x_wconf 88' lang='lat' dir='ltr'><strong>et</strong></span> <span class='ocrx_word' id='word_1_206' title='bbox 831 2343 1025 2399; x_wconf 86' lang='lat' dir='ltr'><strong>Paulus</strong></span> <span class='ocrx_word' id='word_1_207' title='bbox 1045 2344 1280 2401; x_wconf 62' lang='lat' dir='ltr'><strong>Hebraeis</strong></span> <span class='ocrx_word' id='word_1_208' title='bbox 1308 2366 1320 2399; x_wconf 89' lang='lat'>:</span> <span class='ocrx_word' id='word_1_209' title='bbox 1348 2367 1366 2399; x_wconf 78' lang='grc' dir='ltr'><strong>ι</strong></span> <span class='ocrx_word' id='word_1_210' title='bbox 1409 2349 1640 2404; x_wconf 85' lang='lat' dir='ltr'><strong>Decehat</strong></span> <span class='ocrx_word' id='word_1_211' title='bbox 1666 2350 1776 2422; x_wconf 88' lang='grc'>(18)</span> <span class='ocrx_word' id='word_1_212' title='bbox 1808 2353 1977 2419; x_wconf 86' lang='lat' dir='ltr'><strong>enim,</strong></span> <span class='ocrx_word' id='word_1_213' title='bbox 2017 2372 2035 2406; x_wconf 82' lang='grc'>›</span> <span class='ocrx_word' id='word_1_214' title='bbox 2058 2356 2145 2408; x_wconf 89' lang='lat' dir='ltr'><strong>in-</strong></span> 
     </span>
    </p>
   </div>
   <div class='ocr_carea' id='block_1_27' title="bbox 584 2433 2148 2511">
    <p class='ocr_par' dir='ltr' id='par_1_27' title="bbox 584 2433 2148 2511">
     <span class='ocr_line' id='line_1_27' title="bbox 584 2433 2148 2511; baseline 0.012 -30"><span class='ocrx_word' id='word_1_215' title='bbox 584 2433 719 2498; x_wconf 79' lang='lat' dir='ltr'><strong>qllil,</strong></span> <span class='ocrx_word' id='word_1_216' title='bbox 747 2450 766 2483; x_wconf 76' lang='grc' dir='ltr'><strong>ι</strong></span> <span class='ocrx_word' id='word_1_217' title='bbox 803 2447 947 2492; x_wconf 89' lang='lat' dir='ltr'><strong>eum.</strong></span> <span class='ocrx_word' id='word_1_218' title='bbox 975 2445 1189 2505; x_wconf 82' lang='lat' dir='ltr'><strong>prepter</strong></span> <span class='ocrx_word' id='word_1_219' title='bbox 1229 2452 1384 2506; x_wconf 89' lang='lat' dir='ltr'><strong>quem</strong></span> <span class='ocrx_word' id='word_1_220' title='bbox 1422 2441 1623 2506; x_wconf 89' lang='lat' dir='ltr'><strong>omnia,</strong></span> <span class='ocrx_word' id='word_1_221' title='bbox 1650 2451 1698 2495; x_wconf 91' lang='lat' dir='ltr'><strong>et</strong></span> <span class='ocrx_word' id='word_1_222' title='bbox 1728 2457 1823 2511; x_wconf 89' lang='lat' dir='ltr'><strong>per</strong></span> <span class='ocrx_word' id='word_1_223' title='bbox 1844 2457 2001 2511; x_wconf 91' lang='lat' dir='ltr'><strong>quem</strong></span> <span class='ocrx_word' id='word_1_224' title='bbox 2033 2461 2148 2499; x_wconf 84' lang='lat' dir='ltr'><strong>om-</strong></span> 
     </span>
    </p>
   </div>
   <div class='ocr_carea' id='block_1_28' title="bbox 584 2523 2148 2607">
    <p class='ocr_par' dir='ltr' id='par_1_28' title="bbox 584 2523 2148 2607">
     <span class='ocr_line' id='line_1_28' title="bbox 584 2523 2148 2607; baseline 0.011 -33"><span class='ocrx_word' id='word_1_225' title='bbox 584 2523 695 2586; x_wconf 91' lang='lat' dir='ltr'><strong>nia,</strong></span> <span class='ocrx_word' id='word_1_226' title='bbox 725 2524 815 2592; x_wconf 88' lang='lat' dir='ltr'><strong>qui</strong></span> <span class='ocrx_word' id='word_1_227' title='bbox 849 2526 1046 2581; x_wconf 91' lang='lat' dir='ltr'><strong>multos</strong></span> <span class='ocrx_word' id='word_1_228' title='bbox 1081 2527 1216 2584; x_wconf 80' lang='lat' dir='ltr'><strong>ﬁlios</strong></span> <span class='ocrx_word' id='word_1_229' title='bbox 1247 2529 1298 2583; x_wconf 89' lang='lat' dir='ltr'><strong>in</strong></span> <span class='ocrx_word' id='word_1_230' title='bbox 1332 2532 1557 2599; x_wconf 81' lang='lat' dir='ltr'><strong>gloriam</strong></span> <span class='ocrx_word' id='word_1_231' title='bbox 1598 2534 1775 2588; x_wconf 80' lang='lat' dir='ltr'><strong>evexit</strong></span> <span class='ocrx_word' id='word_1_232' title='bbox 1803 2535 1935 2607; x_wconf 79' lang='grc'>(19),</span> <span class='ocrx_word' id='word_1_233' title='bbox 1972 2548 2148 2591; x_wconf 89' lang='lat' dir='ltr'><strong>aucto-</strong></span> 
     </span>
    </p>
   </div>
   <div class='ocr_carea' id='block_1_29' title="bbox 586 2616 2139 2690">
    <p class='ocr_par' dir='ltr' id='par_1_29' title="bbox 586 2616 2139 2690">
     <span class='ocr_line' id='line_1_29' title="bbox 586 2616 2139 2690; baseline 0.01 -25"><span class='ocrx_word' id='word_1_234' title='bbox 586 2631 694 2668; x_wconf 84' lang='lat' dir='ltr'><strong>rem</strong></span> <span class='ocrx_word' id='word_1_235' title='bbox 738 2616 925 2671; x_wconf 79' lang='lat' dir='ltr'><strong>salutis</strong></span> <span class='ocrx_word' id='word_1_236' title='bbox 964 2632 1173 2683; x_wconf 91' lang='lat' dir='ltr'><strong>eorum,</strong></span> <span class='ocrx_word' id='word_1_237' title='bbox 1221 2637 1316 2689; x_wconf 88' lang='lat' dir='ltr'><strong>per</strong></span> <span class='ocrx_word' id='word_1_238' title='bbox 1357 2624 1634 2690; x_wconf 84' lang='lat' dir='ltr'><strong>passiones</strong></span> <span class='ocrx_word' id='word_1_239' title='bbox 1684 2641 2083 2683; x_wconf 86' lang='lat' dir='ltr'><strong>consummare.</strong></span> <span class='ocrx_word' id='word_1_240' title='bbox 2119 2648 2139 2681; x_wconf 73' lang='grc' dir='ltr'><strong>ι</strong></span> 
     </span>
    </p>
   </div>
   <div class='ocr_carea' id='block_1_30' title="bbox 581 2705 2148 2783">
    <p class='ocr_par' dir='ltr' id='par_1_30' title="bbox 581 2705 2148 2783">
     <span class='ocr_line' id='line_1_30' title="bbox 581 2705 2148 2783; baseline 0.01 -25"><span class='ocrx_word' id='word_1_241' title='bbox 581 2705 822 2761; x_wconf 82' lang='lat' dir='ltr'><strong>Notanda</strong></span> <span class='ocrx_word' id='word_1_242' title='bbox 854 2722 980 2780; x_wconf 79' lang='lat' dir='ltr'><strong>vero</strong></span> <span class='ocrx_word' id='word_1_243' title='bbox 1009 2719 1092 2763; x_wconf 91' lang='lat' dir='ltr'><strong>est</strong></span> <span class='ocrx_word' id='word_1_244' title='bbox 1119 2710 1436 2778; x_wconf 88' lang='lat' dir='ltr'><strong>similitudo,</strong></span> <span class='ocrx_word' id='word_1_245' title='bbox 1470 2730 1588 2783; x_wconf 66' lang='lat' dir='ltr'><strong>quae</strong></span> <span class='ocrx_word' id='word_1_246' title='bbox 1619 2716 1843 2771; x_wconf 82' lang='lat' dir='ltr'><strong>interest</strong></span> <span class='ocrx_word' id='word_1_247' title='bbox 1874 2719 2015 2772; x_wconf 88' lang='lat' dir='ltr'><strong>inter</strong></span> <span class='ocrx_word' id='word_1_248' title='bbox 2046 2721 2148 2774; x_wconf 89' lang='lat' dir='ltr'><strong>hoc</strong></span> 
     </span>
    </p>
   </div>
   <div class='ocr_carea' id='block_1_31' title="bbox 580 2799 2146 2875">
    <p class='ocr_par' dir='ltr' id='par_1_31' title="bbox 580 2799 2146 2875">
     <span class='ocr_line' id='line_1_31' title="bbox 580 2799 2146 2875; baseline 0.01 -29"><span class='ocrx_word' id='word_1_249' title='bbox 580 2799 897 2865; x_wconf 76' lang='lat' dir='ltr'><strong>capitulum,</strong></span> <span class='ocrx_word' id='word_1_250' title='bbox 921 2809 973 2853; x_wconf 91' lang='lat' dir='ltr'><strong>et</strong></span> <span class='ocrx_word' id='word_1_251' title='bbox 999 2801 1129 2855; x_wconf 87' lang='lat' dir='ltr'><strong>illud</strong></span> <span class='ocrx_word' id='word_1_252' title='bbox 1154 2803 1291 2870; x_wconf 90' lang='lat' dir='ltr'><strong>quod</strong></span> <span class='ocrx_word' id='word_1_253' title='bbox 1313 2804 1532 2857; x_wconf 89' lang='lat' dir='ltr'><strong>allatum</strong></span> <span class='ocrx_word' id='word_1_254' title='bbox 1558 2814 1662 2871; x_wconf 89' lang='lat' dir='ltr'><strong>est,</strong></span> <span class='ocrx_word' id='word_1_255' title='bbox 1687 2821 1879 2875; x_wconf 89' lang='lat' dir='ltr'><strong>nempe</strong></span> <span class='ocrx_word' id='word_1_256' title='bbox 1910 2825 1924 2861; x_wconf 88' lang='lat'><strong>:</strong></span> <span class='ocrx_word' id='word_1_257' title='bbox 1955 2827 1976 2859; x_wconf 84' lang='grc'><em>‹</em></span> <span class='ocrx_word' id='word_1_258' title='bbox 2000 2808 2146 2862; x_wconf 89' lang='lat' dir='ltr'><strong>Unus</strong></span> 
     </span>
    </p>
   </div>
   <div class='ocr_carea' id='block_1_32' title="bbox 580 2883 2144 2960">
    <p class='ocr_par' dir='ltr' id='par_1_32' title="bbox 580 2883 2144 2960">
     <span class='ocr_line' id='line_1_32' title="bbox 580 2883 2144 2960; baseline 0.008 -24"><span class='ocrx_word' id='word_1_259' title='bbox 580 2883 838 2941; x_wconf 85' lang='lat' dir='ltr'><strong>Dominus</strong></span> <span class='ocrx_word' id='word_1_260' title='bbox 865 2887 1021 2942; x_wconf 81' lang='lat' dir='ltr'><strong>Jesus</strong></span> <span class='ocrx_word' id='word_1_261' title='bbox 1071 2890 1337 2955; x_wconf 85' lang='lat' dir='ltr'><strong>Christus,</strong></span> <span class='ocrx_word' id='word_1_262' title='bbox 1365 2907 1459 2958; x_wconf 89' lang='lat' dir='ltr'><strong>per</strong></span> <span class='ocrx_word' id='word_1_263' title='bbox 1488 2907 1646 2960; x_wconf 86' lang='lat' dir='ltr'><strong>quem</strong></span> <span class='ocrx_word' id='word_1_264' title='bbox 1689 2895 1904 2960; x_wconf 90' lang='lat' dir='ltr'><strong>omnia;</strong></span> <span class='ocrx_word' id='word_1_265' title='bbox 1944 2915 1963 2948; x_wconf 72' lang='grc' dir='ltr'><strong>ι</strong></span> <span class='ocrx_word' id='word_1_266' title='bbox 1989 2906 2044 2950; x_wconf 85' lang='lat' dir='ltr'><strong>et</strong></span> <span class='ocrx_word' id='word_1_267' title='bbox 2079 2898 2144 2950; x_wconf 88' lang='lat' dir='ltr'><strong>ad</strong></span> 
     </span>
    </p>
   </div>
   <div class='ocr_carea' id='block_1_33' title="bbox 581 2975 2147 3053">
    <p class='ocr_par' dir='ltr' id='par_1_33' title="bbox 581 2975 2147 3053">
     <span class='ocr_line' id='line_1_33' title="bbox 581 2975 2147 3053; baseline 0.008 -26"><span class='ocrx_word' id='word_1_268' title='bbox 581 2975 928 3031; x_wconf 85' lang='lat' dir='ltr'><strong>Culossenses</strong></span> <span class='ocrx_word' id='word_1_269' title='bbox 965 2979 1149 3033; x_wconf 70' lang='lat' dir='ltr'><strong>scribit</strong></span> <span class='ocrx_word' id='word_1_270' title='bbox 1183 2997 1196 3033; x_wconf 90' lang='lat'><strong>:</strong></span> <span class='ocrx_word' id='word_1_271' title='bbox 1233 2998 1251 3030; x_wconf 73' lang='grc' dir='ltr'><strong>ι</strong></span> <span class='ocrx_word' id='word_1_272' title='bbox 1284 2980 1481 3036; x_wconf 81' lang='lat' dir='ltr'><strong>Paulus</strong></span> <span class='ocrx_word' id='word_1_273' title='bbox 1512 2983 1623 3053; x_wconf 79' lang='grc'>(20)</span> <span class='ocrx_word' id='word_1_274' title='bbox 1659 2985 1930 3053; x_wconf 84' lang='lat' dir='ltr'><strong>apostolus</strong></span> <span class='ocrx_word' id='word_1_275' title='bbox 1961 3001 2147 3040; x_wconf 81' lang='lat' dir='ltr'><strong>servus</strong></span> 
     </span>
    </p>
   </div>
   <div class='ocr_carea' id='block_1_34' title="bbox 582 3063 2147 3137">
    <p class='ocr_par' dir='ltr' id='par_1_34' title="bbox 582 3063 2147 3137">
     <span class='ocr_line' id='line_1_34' title="bbox 582 3063 2147 3137; baseline 0.006 -18"><span class='ocrx_word' id='word_1_276' title='bbox 582 3063 708 3120; x_wconf 77' lang='lat' dir='ltr'><strong>Jesu</strong></span> <span class='ocrx_word' id='word_1_277' title='bbox 754 3066 951 3121; x_wconf 87' lang='lat' dir='ltr'><strong>Christi</strong></span> <span class='ocrx_word' id='word_1_278' title='bbox 1001 3084 1096 3137; x_wconf 88' lang='lat' dir='ltr'><strong>per</strong></span> <span class='ocrx_word' id='word_1_279' title='bbox 1148 3070 1474 3125; x_wconf 76' lang='lat' dir='ltr'><strong>voluntatem</strong></span> <span class='ocrx_word' id='word_1_280' title='bbox 1527 3073 1658 3134; x_wconf 83' lang='lat' dir='ltr'><strong>Dei:</strong></span> <span class='ocrx_word' id='word_1_281' title='bbox 1689 3092 1705 3124; x_wconf 82' lang='lat' dir='ltr'><strong>I</strong></span> <span class='ocrx_word' id='word_1_282' title='bbox 1758 3083 1812 3128; x_wconf 88' lang='lat' dir='ltr'><strong>et</strong></span> <span class='ocrx_word' id='word_1_283' title='bbox 1860 3077 1926 3129; x_wconf 87' lang='lat' dir='ltr'><strong>ad</strong></span> <span class='ocrx_word' id='word_1_284' title='bbox 1964 3076 2147 3130; x_wconf 83' lang='lat' dir='ltr'><strong>Corin-</strong></span> 
     </span>
    </p>
   </div>
   <div class='ocr_carea' id='block_1_35' title="bbox 584 3159 2147 3232">
    <p class='ocr_par' dir='ltr' id='par_1_35' title="bbox 584 3159 2147 3232">
     <span class='ocr_line' id='line_1_35' title="bbox 584 3159 2147 3232; baseline 0.006 -21"><span class='ocrx_word' id='word_1_285' title='bbox 584 3159 724 3213; x_wconf 88' lang='lat' dir='ltr'><strong>thios</strong></span> <span class='ocrx_word' id='word_1_286' title='bbox 755 3178 768 3212; x_wconf 91' lang='lat'>:</span> <span class='ocrx_word' id='word_1_287' title='bbox 808 3178 825 3209; x_wconf 75' lang='grc' dir='ltr'><strong>ι</strong></span> <span class='ocrx_word' id='word_1_288' title='bbox 856 3159 1057 3213; x_wconf 87' lang='lat' dir='ltr'><strong>Fidelis</strong></span> <span class='ocrx_word' id='word_1_289' title='bbox 1088 3160 1198 3232; x_wconf 90' lang='grc'>(21)</span> <span class='ocrx_word' id='word_1_290' title='bbox 1230 3160 1387 3225; x_wconf 87' lang='lat' dir='ltr'><strong>Deus,</strong></span> <span class='ocrx_word' id='word_1_291' title='bbox 1422 3179 1515 3231; x_wconf 87' lang='lat' dir='ltr'><strong>per</strong></span> <span class='ocrx_word' id='word_1_292' title='bbox 1543 3179 1702 3232; x_wconf 88' lang='lat' dir='ltr'><strong>quem</strong></span> <span class='ocrx_word' id='word_1_293' title='bbox 1734 3168 1905 3219; x_wconf 88' lang='lat' dir='ltr'><strong>vocati</strong></span> <span class='ocrx_word' id='word_1_294' title='bbox 1935 3169 2065 3222; x_wconf 84' lang='lat' dir='ltr'><strong>estis</strong></span> <span class='ocrx_word' id='word_1_295' title='bbox 2097 3168 2147 3222; x_wconf 93' lang='lat' dir='ltr'><strong>in</strong></span> 
     </span>
    </p>
   </div>
   <div class='ocr_carea' id='block_1_36' title="bbox 583 3249 2149 3319">
    <p class='ocr_par' dir='ltr' id='par_1_36' title="bbox 583 3249 2149 3319">
     <span class='ocr_line' id='line_1_36' title="bbox 583 3249 2149 3319; baseline 0.006 -19"><span class='ocrx_word' id='word_1_296' title='bbox 583 3249 1013 3302; x_wconf 80' lang='lat' dir='ltr'><strong>communionem</strong></span> <span class='ocrx_word' id='word_1_297' title='bbox 1064 3249 1184 3304; x_wconf 82' lang='lat' dir='ltr'><strong>Filii</strong></span> <span class='ocrx_word' id='word_1_298' title='bbox 1238 3250 1353 3319; x_wconf 87' lang='lat' dir='ltr'><strong>ejus</strong></span> <span class='ocrx_word' id='word_1_299' title='bbox 1394 3251 1519 3307; x_wconf 76' lang='lat' dir='ltr'><strong>Jesu</strong></span> <span class='ocrx_word' id='word_1_300' title='bbox 1563 3254 1761 3307; x_wconf 88' lang='lat' dir='ltr'><strong>Christi</strong></span> <span class='ocrx_word' id='word_1_301' title='bbox 1793 3254 2000 3309; x_wconf 89' lang='lat' dir='ltr'><strong>Domini</strong></span> <span class='ocrx_word' id='word_1_302' title='bbox 2051 3273 2149 3310; x_wconf 77' lang='lat' dir='ltr'><strong>no-</strong></span> 
     </span>
    </p>
   </div>
   <div class='ocr_carea' id='block_1_37' title="bbox 582 3338 2150 3413">
    <p class='ocr_par' dir='ltr' id='par_1_37' title="bbox 582 3338 2150 3413">
     <span class='ocr_line' id='line_1_37' title="bbox 582 3338 2150 3413; baseline 0.008 -25"><span class='ocrx_word' id='word_1_303' title='bbox 582 3338 704 3390; x_wconf 88' lang='lat' dir='ltr'><strong>stri.</strong></span> <span class='ocrx_word' id='word_1_304' title='bbox 731 3355 749 3387; x_wconf 83' lang='grc'><strong>›</strong></span> <span class='ocrx_word' id='word_1_305' title='bbox 779 3338 1014 3392; x_wconf 66' lang='lat' dir='ltr'><strong>Obsc-rva</strong></span> <span class='ocrx_word' id='word_1_306' title='bbox 1051 3340 1136 3395; x_wconf 89' lang='lat' dir='ltr'><strong>hic</strong></span> <span class='ocrx_word' id='word_1_307' title='bbox 1161 3346 1363 3407; x_wconf 82' lang='lat' dir='ltr'><strong>rursus,</strong></span> <span class='ocrx_word' id='word_1_308' title='bbox 1400 3353 1453 3395; x_wconf 93' lang='lat' dir='ltr'><strong>ut</strong></span> <span class='ocrx_word' id='word_1_309' title='bbox 1485 3343 1643 3412; x_wconf 85' lang='lat' dir='ltr'><strong>paulo</strong></span> <span class='ocrx_word' id='word_1_310' title='bbox 1667 3353 1811 3409; x_wconf 91' lang='lat' dir='ltr'><strong>ante,</strong></span> <span class='ocrx_word' id='word_1_311' title='bbox 1844 3349 1982 3413; x_wconf 89' lang='lat' dir='ltr'><strong>quod</strong></span> <span class='ocrx_word' id='word_1_312' title='bbox 2013 3347 2150 3401; x_wconf 85' lang='lat' dir='ltr'><strong>Deus</strong></span> 
     </span>
    </p>
   </div>
   <div class='ocr_carea' id='block_1_38' title="bbox 580 3426 2150 3504">
    <p class='ocr_par' dir='ltr' id='par_1_38' title="bbox 580 3426 2150 3504">
     <span class='ocr_line' id='line_1_38' title="bbox 580 3426 2150 3504; baseline 0.01 -27"><span class='ocrx_word' id='word_1_313' title='bbox 580 3435 634 3478; x_wconf 89' lang='lat' dir='ltr'><strong>et</strong></span> <span class='ocrx_word' id='word_1_314' title='bbox 675 3426 833 3481; x_wconf 83' lang='lat' dir='ltr'><strong>Pater</strong></span> <span class='ocrx_word' id='word_1_315' title='bbox 869 3442 1021 3483; x_wconf 86' lang='lat' dir='ltr'><strong>vocat</strong></span> <span class='ocrx_word' id='word_1_316' title='bbox 1055 3432 1300 3486; x_wconf 90' lang='lat' dir='ltr'><strong>homines</strong></span> <span class='ocrx_word' id='word_1_317' title='bbox 1337 3433 1402 3486; x_wconf 89' lang='lat' dir='ltr'><strong>ad</strong></span> <span class='ocrx_word' id='word_1_318' title='bbox 1443 3450 1596 3488; x_wconf 91' lang='lat' dir='ltr'><strong>suum</strong></span> <span class='ocrx_word' id='word_1_319' title='bbox 1640 3436 1805 3504; x_wconf 87' lang='lat' dir='ltr'><strong>ipsius</strong></span> <span class='ocrx_word' id='word_1_320' title='bbox 1842 3436 2059 3503; x_wconf 87' lang='lat' dir='ltr'><strong>Filium;</strong></span> <span class='ocrx_word' id='word_1_321' title='bbox 2096 3448 2150 3493; x_wconf 89' lang='lat' dir='ltr'><strong>et</strong></span> 
     </span>
    </p>
   </div>
   <div class='ocr_carea' id='block_1_39' title="bbox 580 3516 2150 3595">
    <p class='ocr_par' dir='ltr' id='par_1_39' title="bbox 580 3516 2150 3595">
     <span class='ocr_line' id='line_1_39' title="bbox 580 3516 2150 3595; baseline 0.01 -27"><span class='ocrx_word' id='word_1_322' title='bbox 580 3516 645 3569; x_wconf 79' lang='lat' dir='ltr'><strong>ad</strong></span> <span class='ocrx_word' id='word_1_323' title='bbox 692 3516 1001 3575; x_wconf 79' lang='lat' dir='ltr'><strong>Romanos:</strong></span> <span class='ocrx_word' id='word_1_324' title='bbox 1040 3539 1058 3572; x_wconf 79' lang='grc' dir='ltr'><strong>ι</strong></span> <span class='ocrx_word' id='word_1_325' title='bbox 1089 3520 1286 3576; x_wconf 84' lang='lat' dir='ltr'><strong>Hortor</strong></span> <span class='ocrx_word' id='word_1_326' title='bbox 1313 3523 1421 3595; x_wconf 87' lang='grc'>(22)</span> <span class='ocrx_word' id='word_1_327' title='bbox 1470 3541 1598 3593; x_wconf 77' lang='lat' dir='ltr'><strong>ergo</strong></span> <span class='ocrx_word' id='word_1_328' title='bbox 1630 3542 1747 3588; x_wconf 71' lang='lat' dir='ltr'><strong>vos.</strong></span> <span class='ocrx_word' id='word_1_329' title='bbox 1789 3527 2002 3593; x_wconf 80' lang='lat' dir='ltr'><strong>fratres,</strong></span> <span class='ocrx_word' id='word_1_330' title='bbox 2055 3546 2150 3595; x_wconf 88' lang='lat' dir='ltr'><strong>per</strong></span> 
     </span>
    </p>
   </div>
   <div class='ocr_carea' id='block_1_40' title="bbox 582 3611 2146 3693">
    <p class='ocr_par' dir='ltr' id='par_1_40' title="bbox 582 3611 2146 3693">
     <span class='ocr_line' id='line_1_40' title="bbox 582 3611 2146 3693; baseline 0.008 -33"><span class='ocrx_word' id='word_1_331' title='bbox 582 3611 957 3666; x_wconf 87' lang='lat' dir='ltr'><strong>miserationes</strong></span> <span class='ocrx_word' id='word_1_332' title='bbox 1000 3614 1131 3680; x_wconf 89' lang='lat' dir='ltr'><strong>Dei;</strong></span> <span class='ocrx_word' id='word_1_333' title='bbox 1164 3633 1182 3664; x_wconf 75' lang='grc' dir='ltr'><strong>ι</strong></span> <span class='ocrx_word' id='word_1_334' title='bbox 1242 3624 1296 3668; x_wconf 88' lang='lat' dir='ltr'><strong>et</strong></span> <span class='ocrx_word' id='word_1_335' title='bbox 1346 3617 1410 3669; x_wconf 85' lang='lat' dir='ltr'><strong>ad</strong></span> <span class='ocrx_word' id='word_1_336' title='bbox 1459 3616 1680 3671; x_wconf 85' lang='lat' dir='ltr'><strong>Galatas</strong></span> <span class='ocrx_word' id='word_1_337' title='bbox 1715 3636 1726 3672; x_wconf 91' lang='lat'><strong>:</strong></span> <span class='ocrx_word' id='word_1_338' title='bbox 1768 3638 1786 3670; x_wconf 74' lang='grc' dir='ltr'><strong>ι</strong></span> <span class='ocrx_word' id='word_1_339' title='bbox 1818 3619 2001 3687; x_wconf 84' lang='lat' dir='ltr'><strong>Itaque</strong></span> <span class='ocrx_word' id='word_1_340' title='bbox 2032 3621 2146 3693; x_wconf 76' lang='lat'>(25)</span> 
     </span>
    </p>
   </div>
   <div class='ocr_carea' id='block_1_41' title="bbox 576 3702 2149 3773">
    <p class='ocr_par' dir='ltr' id='par_1_41' title="bbox 576 3702 2149 3773">
     <span class='ocr_line' id='line_1_41' title="bbox 576 3702 2149 3773; baseline 0.008 -20"><span class='ocrx_word' id='word_1_341' title='bbox 576 3702 686 3769; x_wconf 86' lang='lat' dir='ltr'><strong>jam</strong></span> <span class='ocrx_word' id='word_1_342' title='bbox 725 3715 831 3754; x_wconf 92' lang='lat' dir='ltr'><strong>non</strong></span> <span class='ocrx_word' id='word_1_343' title='bbox 878 3716 935 3755; x_wconf 87' lang='lat' dir='ltr'><strong>es</strong></span> <span class='ocrx_word' id='word_1_344' title='bbox 967 3717 1174 3767; x_wconf 85' lang='lat' dir='ltr'><strong>servus,</strong></span> <span class='ocrx_word' id='word_1_345' title='bbox 1219 3706 1310 3759; x_wconf 90' lang='lat' dir='ltr'><strong>sed</strong></span> <span class='ocrx_word' id='word_1_346' title='bbox 1357 3704 1540 3761; x_wconf 82' lang='lat' dir='ltr'><strong>filius:</strong></span> <span class='ocrx_word' id='word_1_347' title='bbox 1577 3708 1619 3761; x_wconf 94' lang='lat' dir='ltr'><strong>si</strong></span> <span class='ocrx_word' id='word_1_348' title='bbox 1665 3717 1844 3763; x_wconf 89' lang='lat' dir='ltr'><strong>autem</strong></span> <span class='ocrx_word' id='word_1_349' title='bbox 1890 3710 2053 3773; x_wconf 82' lang='lat' dir='ltr'><strong>ﬁlius,</strong></span> <span class='ocrx_word' id='word_1_350' title='bbox 2095 3722 2149 3765; x_wconf 87' lang='lat' dir='ltr'><strong>et</strong></span> 
     </span>
    </p>
   </div>
   <div class='ocr_carea' id='block_1_42' title="bbox 584 3792 1269 3864">
    <p class='ocr_par' dir='ltr' id='par_1_42' title="bbox 584 3792 1269 3864">
     <span class='ocr_line' id='line_1_42' title="bbox 584 3792 1269 3864; baseline 0 -19"><span class='ocrx_word' id='word_1_351' title='bbox 584 3792 755 3846; x_wconf 78' lang='lat' dir='ltr'><strong>Ineres</strong></span> <span class='ocrx_word' id='word_1_352' title='bbox 782 3806 877 3860; x_wconf 88' lang='lat' dir='ltr'><strong>per</strong></span> <span class='ocrx_word' id='word_1_353' title='bbox 900 3792 1062 3845; x_wconf 90' lang='lat' dir='ltr'><strong>Deum</strong></span> <span class='ocrx_word' id='word_1_354' title='bbox 1088 3792 1219 3864; x_wconf 76' lang='grc'>(24).</span> <span class='ocrx_word' id='word_1_355' title='bbox 1250 3813 1269 3845; x_wconf 73' lang='grc' dir='ltr'><strong>ι</strong></span> 
     </span>
    </p>
   </div>
   <div class='ocr_carea' id='block_1_43' title="bbox 650 3878 2146 3954">
    <p class='ocr_par' dir='ltr' id='par_1_43' title="bbox 650 3878 2146 3954">
     <span class='ocr_line' id='line_1_43' title="bbox 650 3878 2146 3954; baseline 0.008 -23"><span class='ocrx_word' id='word_1_356' title='bbox 650 3878 801 3944; x_wconf 90' lang='lat' dir='ltr'><strong>Quod</strong></span> <span class='ocrx_word' id='word_1_357' title='bbox 848 3891 1023 3934; x_wconf 91' lang='lat' dir='ltr'><strong>autem</strong></span> <span class='ocrx_word' id='word_1_358' title='bbox 1064 3883 1254 3936; x_wconf 83' lang='lat' dir='ltr'><strong>attinet</strong></span> <span class='ocrx_word' id='word_1_359' title='bbox 1279 3884 1345 3937; x_wconf 87' lang='lat' dir='ltr'><strong>ad</strong></span> <span class='ocrx_word' id='word_1_360' title='bbox 1386 3883 1645 3954; x_wconf 88' lang='lat' dir='ltr'><strong>Spiritum</strong></span> <span class='ocrx_word' id='word_1_361' title='bbox 1684 3896 1949 3950; x_wconf 86' lang='lat' dir='ltr'><strong>sanctum,</strong></span> <span class='ocrx_word' id='word_1_362' title='bbox 1980 3887 2146 3943; x_wconf 87' lang='lat' dir='ltr'><strong>Isaias</strong></span> 
     </span>
    </p>
   </div>
   <div class='ocr_carea' id='block_1_44' title="bbox 579 3971 2143 4049">
    <p class='ocr_par' dir='ltr' id='par_1_44' title="bbox 579 3971 2143 4049">
     <span class='ocr_line' id='line_1_44' title="bbox 579 3971 2143 4049; baseline 0.004 -25"><span class='ocrx_word' id='word_1_363' title='bbox 579 3986 643 4025; x_wconf 80' lang='lat' dir='ltr'><strong>ex</strong></span> <span class='ocrx_word' id='word_1_364' title='bbox 673 3985 898 4040; x_wconf 86' lang='lat' dir='ltr'><strong>persona</strong></span> <span class='ocrx_word' id='word_1_365' title='bbox 931 3971 1104 4027; x_wconf 77' lang='lat' dir='ltr'><strong>Patris</strong></span> <span class='ocrx_word' id='word_1_366' title='bbox 1138 3991 1151 4026; x_wconf 93' lang='lat'>:</span> <span class='ocrx_word' id='word_1_367' title='bbox 1200 3993 1218 4025; x_wconf 86' lang='grc'><strong><em>‹</em></strong></span> <span class='ocrx_word' id='word_1_368' title='bbox 1248 3973 1542 4028; x_wconf 89' lang='lat' dir='ltr'><strong>Consilium</strong></span> <span class='ocrx_word' id='word_1_369' title='bbox 1566 3976 1678 4046; x_wconf 83' lang='grc'>(25)</span> <span class='ocrx_word' id='word_1_370' title='bbox 1708 3976 1874 4049; x_wconf 64' lang='grc'><strong>414</strong></span> <span class='ocrx_word' id='word_1_371' title='bbox 1920 3978 2143 4041; x_wconf 85' lang='lat' dir='ltr'><strong>fecistis,</strong></span> 
     </span>
    </p>
   </div>
   <div class='ocr_carea' id='block_1_45' title="bbox 582 4065 2139 4136">
    <p class='ocr_par' dir='ltr' id='par_1_45' title="bbox 582 4065 2139 4136">
     <span class='ocr_line' id='line_1_45' title="bbox 582 4065 2139 4136; baseline 0.003 -24"><span class='ocrx_word' id='word_1_372' title='bbox 582 4076 686 4114; x_wconf 88' lang='lat' dir='ltr'><strong>non</strong></span> <span class='ocrx_word' id='word_1_373' title='bbox 725 4077 819 4131; x_wconf 84' lang='lat' dir='ltr'><strong>per</strong></span> <span class='ocrx_word' id='word_1_374' title='bbox 856 4077 941 4115; x_wconf 87' lang='lat' dir='ltr'><strong>me</strong></span> <span class='ocrx_word' id='word_1_375' title='bbox 970 4082 983 4116; x_wconf 89' lang='lat'>:</span> <span class='ocrx_word' id='word_1_376' title='bbox 1018 4072 1071 4116; x_wconf 88' lang='lat' dir='ltr'><strong>et</strong></span> <span class='ocrx_word' id='word_1_377' title='bbox 1111 4074 1284 4133; x_wconf 88' lang='lat' dir='ltr'><strong>pacta,</strong></span> <span class='ocrx_word' id='word_1_378' title='bbox 1321 4080 1423 4118; x_wconf 91' lang='lat' dir='ltr'><strong>non</strong></span> <span class='ocrx_word' id='word_1_379' title='bbox 1457 4077 1554 4133; x_wconf 88' lang='lat' dir='ltr'><strong>per</strong></span> <span class='ocrx_word' id='word_1_380' title='bbox 1595 4065 1855 4136; x_wconf 89' lang='lat' dir='ltr'><strong>Spiritum</strong></span> <span class='ocrx_word' id='word_1_381' title='bbox 1889 4082 2086 4121; x_wconf 90' lang='lat' dir='ltr'><strong>meum.</strong></span> <span class='ocrx_word' id='word_1_382' title='bbox 2121 4086 2139 4117; x_wconf 75' lang='grc' dir='ltr'><strong>ι</strong></span> 
     </span>
    </p>
   </div>
   <div class='ocr_carea' id='block_1_46' title="bbox 583 4150 2146 4231">
    <p class='ocr_par' dir='ltr' id='par_1_46' title="bbox 583 4150 2146 4231">
     <span class='ocr_line' id='line_1_46' title="bbox 583 4150 2146 4231; baseline 0.004 -26"><span class='ocrx_word' id='word_1_383' title='bbox 583 4150 779 4206; x_wconf 89' lang='lat' dir='ltr'><strong>Paulus</strong></span> <span class='ocrx_word' id='word_1_384' title='bbox 819 4152 1116 4208; x_wconf 87' lang='lat' dir='ltr'><strong>Corinthiis</strong></span> <span class='ocrx_word' id='word_1_385' title='bbox 1160 4155 1404 4209; x_wconf 87' lang='lat' dir='ltr'><strong>scribens</strong></span> <span class='ocrx_word' id='word_1_386' title='bbox 1438 4174 1452 4209; x_wconf 88' lang='lat'><strong>:</strong></span> <span class='ocrx_word' id='word_1_387' title='bbox 1486 4176 1503 4208; x_wconf 76' lang='grc' dir='ltr'><strong>ι</strong></span> <span class='ocrx_word' id='word_1_388' title='bbox 1534 4156 1698 4211; x_wconf 86' lang='lat' dir='ltr'><strong>Nobis</strong></span> <span class='ocrx_word' id='word_1_389' title='bbox 1725 4157 1838 4231; x_wconf 85' lang='grc'>(26)</span> <span class='ocrx_word' id='word_1_390' title='bbox 1890 4158 2146 4213; x_wconf 81' lang='lat' dir='ltr'><strong>revelavit</strong></span> 
     </span>
    </p>
   </div>
   <div class='ocr_carea' id='block_1_47' title="bbox 580 4241 2143 4318">
    <p class='ocr_par' dir='ltr' id='par_1_47' title="bbox 580 4241 2143 4318">
     <span class='ocr_line' id='line_1_47' title="bbox 580 4241 2143 4318; baseline 0.006 -24"><span class='ocrx_word' id='word_1_391' title='bbox 580 4242 717 4296; x_wconf 89' lang='lat' dir='ltr'><strong>Deus</strong></span> <span class='ocrx_word' id='word_1_392' title='bbox 751 4259 844 4312; x_wconf 88' lang='lat' dir='ltr'><strong>per</strong></span> <span class='ocrx_word' id='word_1_393' title='bbox 873 4241 1134 4311; x_wconf 89' lang='lat' dir='ltr'><strong>Spiritum</strong></span> <span class='ocrx_word' id='word_1_394' title='bbox 1162 4258 1317 4298; x_wconf 87' lang='lat' dir='ltr'><strong>suum</strong></span> <span class='ocrx_word' id='word_1_395' title='bbox 1349 4246 1463 4318; x_wconf 86' lang='grc'>(27)</span> <span class='ocrx_word' id='word_1_396' title='bbox 1489 4262 1505 4302; x_wconf 89' lang='lat'><strong>:</strong></span> <span class='ocrx_word' id='word_1_397' title='bbox 1537 4246 1771 4317; x_wconf 88' lang='lat' dir='ltr'><strong>Spiritus</strong></span> <span class='ocrx_word' id='word_1_398' title='bbox 1795 4251 1938 4303; x_wconf 88' lang='lat' dir='ltr'><strong>enim</strong></span> <span class='ocrx_word' id='word_1_399' title='bbox 1961 4252 2143 4305; x_wconf 91' lang='lat' dir='ltr'><strong>omnia</strong></span> 
     </span>
    </p>
   </div>
   <div class='ocr_carea' id='block_1_48' title="bbox 576 4336 2144 4405">
    <p class='ocr_par' dir='ltr' id='par_1_48' title="bbox 576 4336 2144 4405">
     <span class='ocr_line' id='line_1_48' title="bbox 576 4336 2144 4405; baseline 0.005 -18"><span class='ocrx_word' id='word_1_400' title='bbox 576 4346 868 4399; x_wconf 87' lang='lat' dir='ltr'><strong>scrutatur,</strong></span> <span class='ocrx_word' id='word_1_401' title='bbox 917 4337 1080 4389; x_wconf 87' lang='lat' dir='ltr'><strong>etiam</strong></span> <span class='ocrx_word' id='word_1_402' title='bbox 1112 4336 1378 4404; x_wconf 85' lang='lat' dir='ltr'><strong>profunda</strong></span> <span class='ocrx_word' id='word_1_403' title='bbox 1419 4339 1547 4405; x_wconf 85' lang='lat' dir='ltr'><strong>Dei;</strong></span> <span class='ocrx_word' id='word_1_404' title='bbox 1582 4358 1600 4390; x_wconf 72' lang='grc' dir='ltr'><strong>ι</strong></span> <span class='ocrx_word' id='word_1_405' title='bbox 1638 4350 1694 4394; x_wconf 86' lang='lat' dir='ltr'><strong>et</strong></span> <span class='ocrx_word' id='word_1_406' title='bbox 1737 4358 1924 4396; x_wconf 91' lang='lat' dir='ltr'><strong>rursus</strong></span> <span class='ocrx_word' id='word_1_407' title='bbox 1957 4361 1970 4396; x_wconf 90' lang='lat'><strong>:</strong></span> <span class='ocrx_word' id='word_1_408' title='bbox 2002 4363 2019 4394; x_wconf 75' lang='grc' dir='ltr'><strong>ι</strong></span> <span class='ocrx_word' id='word_1_409' title='bbox 2048 4343 2144 4395; x_wconf 84' lang='lat' dir='ltr'><strong>Al-</strong></span> 
     </span>
    </p>
   </div>
   <div class='ocr_carea' id='block_1_49' title="bbox 648 4540 1485 4610">
    <p class='ocr_par' dir='ltr' id='par_1_49' title="bbox 648 4540 1485 4610">
     <span class='ocr_line' id='line_1_49' title="bbox 648 4540 1485 4610; baseline 0.007 -20"><span class='ocrx_word' id='word_1_410' title='bbox 648 4540 724 4610; x_wconf 76' lang='grc' dir='ltr'>(Ἲ)</span> <span class='ocrx_word' id='word_1_411' title='bbox 769 4543 849 4595; x_wconf 66' lang='lat' dir='ltr'><strong>It‘x</strong></span> <span class='ocrx_word' id='word_1_412' title='bbox 883 4558 1012 4593; x_wconf 82' lang='lat' dir='ltr'><strong>meo.</strong></span> <span class='ocrx_word' id='word_1_413' title='bbox 1042 4540 1197 4595; x_wconf 78' lang='lat' dir='ltr'><strong>Joan.</strong></span> <span class='ocrx_word' id='word_1_414' title='bbox 1250 4558 1361 4605; x_wconf 75' lang='lat' dir='ltr'><strong>xvt,</strong></span> <span class='ocrx_word' id='word_1_415' title='bbox 1398 4542 1485 4596; x_wconf 76' lang='grc'>15.</span> 
     </span>
    </p>
   </div>
   <div class='ocr_carea' id='block_1_50' title="bbox 648 4610 1451 4681">
    <p class='ocr_par' dir='ltr' id='par_1_50' title="bbox 648 4610 1451 4681">
     <span class='ocr_line' id='line_1_50' title="bbox 648 4610 1451 4681; baseline 0.007 -23"><span class='ocrx_word' id='word_1_416' title='bbox 648 4611 724 4681; x_wconf 73' lang='lat'>(8)</span> <span class='ocrx_word' id='word_1_417' title='bbox 767 4612 1011 4676; x_wconf 69' lang='lat' dir='ltr'><strong>Cognovi.</strong></span> <span class='ocrx_word' id='word_1_418' title='bbox 1053 4610 1189 4681; x_wconf 57' lang='lat' dir='ltr'><strong>Luc.</strong></span> <span class='ocrx_word' id='word_1_419' title='bbox 1220 4627 1334 4671; x_wconf 82' lang='lat' dir='ltr'><strong>\‘lll,</strong></span> <span class='ocrx_word' id='word_1_420' title='bbox 1369 4614 1451 4664; x_wconf 81' lang='grc'><strong>16.</strong></span> 
     </span>
    </p>
   </div>
   <div class='ocr_carea' id='block_1_51' title="bbox 650 4668 2135 4750">
    <p class='ocr_par' dir='ltr' id='par_1_51' title="bbox 650 4668 2135 4750">
     <span class='ocr_line' id='line_1_51' title="bbox 650 4668 2135 4750; baseline 0.001 -18"><span class='ocrx_word' id='word_1_421' title='bbox 650 4668 723 4746; x_wconf 68' lang='grc'>(91</span> <span class='ocrx_word' id='word_1_422' title='bbox 763 4668 864 4745; x_wconf 78' lang='lat' dir='ltr'><strong>Qui</strong></span> <span class='ocrx_word' id='word_1_423' title='bbox 887 4681 1127 4750; x_wconf 75' lang='lat' dir='ltr'><strong>seminat.</strong></span> <span class='ocrx_word' id='word_1_424' title='bbox 1150 4680 1262 4732; x_wconf 85' lang='lat' dir='ltr'><strong>Non</strong></span> <span class='ocrx_word' id='word_1_425' title='bbox 1285 4668 1721 4748; x_wconf 79' lang='lat' dir='ltr'><strong>apndJoauneln,</strong></span> <span class='ocrx_word' id='word_1_426' title='bbox 1750 4684 1842 4737; x_wconf 86' lang='lat' dir='ltr'><strong>sed</strong></span> <span class='ocrx_word' id='word_1_427' title='bbox 1881 4668 1931 4734; x_wconf 69' lang='lat' dir='ltr'><strong>ili</strong></span> <span class='ocrx_word' id='word_1_428' title='bbox 1966 4682 2135 4750; x_wconf 79' lang='lat' dir='ltr'><strong>Epist.</strong></span> 
     </span>
    </p>
   </div>
   <div class='ocr_carea' id='block_1_52' title="bbox 576 4749 1052 4812">
    <p class='ocr_par' dir='ltr' id='par_1_52' title="bbox 576 4749 1052 4812">
     <span class='ocr_line' id='line_1_52' title="bbox 576 4749 1052 4812; baseline 0.002 -12"><span class='ocrx_word' id='word_1_429' title='bbox 576 4750 643 4802; x_wconf 88' lang='lat' dir='ltr'><strong>ad</strong></span> <span class='ocrx_word' id='word_1_430' title='bbox 680 4750 857 4804; x_wconf 81' lang='lat' dir='ltr'><strong>Galat.</strong></span> <span class='ocrx_word' id='word_1_431' title='bbox 897 4765 969 4812; x_wconf 74' lang='lat' dir='ltr'><strong>Vl,</strong></span> <span class='ocrx_word' id='word_1_432' title='bbox 1000 4749 1052 4801; x_wconf 87' lang='lat'><strong>8.</strong></span> 
     </span>
    </p>
   </div>
   <div class='ocr_carea' id='block_1_53' title="bbox 649 4817 1702 4886">
    <p class='ocr_par' dir='ltr' id='par_1_53' title="bbox 649 4817 1702 4886">
     <span class='ocr_line' id='line_1_53' title="bbox 649 4817 1702 4886; baseline 0.002 -15"><span class='ocrx_word' id='word_1_433' title='bbox 649 4817 759 4886; x_wconf 88' lang='lat' dir='ltr'>(l0)</span> <span class='ocrx_word' id='word_1_434' title='bbox 794 4821 941 4883; x_wconf 82' lang='lat' dir='ltr'><strong>Quod</strong></span> <span class='ocrx_word' id='word_1_435' title='bbox 971 4820 1196 4886; x_wconf 81' lang='lat' dir='ltr'><strong>genitum</strong></span> <span class='ocrx_word' id='word_1_436' title='bbox 1227 4831 1322 4873; x_wconf 67' lang='grc' dir='ltr'>εει.</span> <span class='ocrx_word' id='word_1_437' title='bbox 1357 4822 1508 4874; x_wconf 79' lang='lat' dir='ltr'><strong>Jmn.</strong></span> <span class='ocrx_word' id='word_1_438' title='bbox 1540 4837 1619 4886; x_wconf 84' lang='lat' dir='ltr'><strong>tu,</strong></span> <span class='ocrx_word' id='word_1_439' title='bbox 1648 4821 1702 4873; x_wconf 79' lang='lat' dir='ltr'><strong>C.</strong></span> 
     </span>
    </p>
   </div>
   <div class='ocr_carea' id='block_1_54' title="bbox 649 4886 1553 4957">
    <p class='ocr_par' dir='ltr' id='par_1_54' title="bbox 649 4886 1553 4957">
     <span class='ocr_line' id='line_1_54' title="bbox 649 4886 1553 4957; baseline 0.004 -18"><span class='ocrx_word' id='word_1_440' title='bbox 649 4889 759 4957; x_wconf 88' lang='lat' dir='ltr'><strong>(H)</strong></span> <span class='ocrx_word' id='word_1_441' title='bbox 794 4889 943 4953; x_wconf 77' lang='lat' dir='ltr'><strong>Quod</strong></span> <span class='ocrx_word' id='word_1_442' title='bbox 983 4891 1137 4940; x_wconf 81' lang='lat' dir='ltr'><strong>enim.</strong></span> <span class='ocrx_word' id='word_1_443' title='bbox 1174 4886 1360 4943; x_wconf 82' lang='lat' dir='ltr'><strong>Matth.</strong></span> <span class='ocrx_word' id='word_1_444' title='bbox 1394 4907 1430 4951; x_wconf 90' lang='lat' dir='ltr'><strong>l,</strong></span> <span class='ocrx_word' id='word_1_445' title='bbox 1465 4890 1553 4944; x_wconf 77' lang='grc'><strong>20.</strong></span> 
     </span>
    </p>
   </div>
   <div class='ocr_carea' id='block_1_55' title="bbox 649 4958 2144 5028">
    <p class='ocr_par' dir='ltr' id='par_1_55' title="bbox 649 4958 2144 5028">
     <span class='ocr_line' id='line_1_55' title="bbox 649 4958 2144 5028; baseline 0.001 -19"><span class='ocrx_word' id='word_1_446' title='bbox 649 4959 761 5028; x_wconf 88' lang='grc'>(12)</span> <span class='ocrx_word' id='word_1_447' title='bbox 794 4959 945 5012; x_wconf 81' lang='lat' dir='ltr'><strong>Ecce.</strong></span> <span class='ocrx_word' id='word_1_448' title='bbox 975 4958 1074 5010; x_wconf 77' lang='lat' dir='ltr'><strong>lsa.</strong></span> <span class='ocrx_word' id='word_1_449' title='bbox 1109 4974 1217 5021; x_wconf 80' lang='lat' dir='ltr'><strong>Liv,</strong></span> <span class='ocrx_word' id='word_1_450' title='bbox 1241 4959 1327 5011; x_wconf 82' lang='grc'>15.</span> <span class='ocrx_word' id='word_1_451' title='bbox 1373 4960 1625 5027; x_wconf 70' lang='lat' dir='ltr'><strong>Vulgattts</strong></span> <span class='ocrx_word' id='word_1_452' title='bbox 1653 4960 1752 5012; x_wconf 91' lang='lat' dir='ltr'><strong>int.</strong></span> <span class='ocrx_word' id='word_1_453' title='bbox 1776 4961 1951 5013; x_wconf 88' lang='lat' dir='ltr'><strong>aliter.</strong></span> <span class='ocrx_word' id='word_1_454' title='bbox 1980 4958 2144 5010; x_wconf 86' lang='lat' dir='ltr'><strong>Fran-</strong></span> 
     </span>
    </p>
   </div>
   <div class='ocr_carea' id='block_1_56' title="bbox 576 5028 2136 5094">
    <p class='ocr_par' dir='ltr' id='par_1_56' title="bbox 576 5028 2136 5094">
     <span class='ocr_line' id='line_1_56' title="bbox 576 5028 2136 5094; baseline -0.001 -13"><span class='ocrx_word' id='word_1_455' title='bbox 576 5028 902 5081; x_wconf 70' lang='lat' dir='ltr'><strong>cofurtensts</strong></span> <span class='ocrx_word' id='word_1_456' title='bbox 942 5028 1103 5081; x_wconf 86' lang='lat' dir='ltr'><strong>editio</strong></span> <span class='ocrx_word' id='word_1_457' title='bbox 1135 5038 1281 5083; x_wconf 79' lang='lat' dir='ltr'><strong>caret</strong></span> <span class='ocrx_word' id='word_1_458' title='bbox 1308 5032 1492 5084; x_wconf 80' lang='lat' dir='ltr'><strong>vocula</strong></span> <span class='ocrx_word' id='word_1_459' title='bbox 1544 5045 1646 5094; x_wconf 87' lang='grc' dir='ltr'>σοι,</span> <span class='ocrx_word' id='word_1_460' title='bbox 1682 5032 1731 5082; x_wconf 89' lang='lat' dir='ltr'><strong>id</strong></span> <span class='ocrx_word' id='word_1_461' title='bbox 1764 5042 1866 5093; x_wconf 79' lang='lat' dir='ltr'><strong>est,</strong></span> <span class='ocrx_word' id='word_1_462' title='bbox 1905 5046 1922 5077; x_wconf 84' lang='grc'><strong>‹</strong></span> <span class='ocrx_word' id='word_1_463' title='bbox 1960 5029 2077 5091; x_wconf 83' lang='lat' dir='ltr'><strong>tibi,</strong></span> <span class='ocrx_word' id='word_1_464' title='bbox 2118 5049 2136 5079; x_wconf 74' lang='grc' dir='ltr'><strong>ι</strong></span> 
     </span>
    </p>
   </div>
   <div class='ocr_carea' id='block_1_57' title="bbox 577 5100 1014 5151">
    <p class='ocr_par' dir='ltr' id='par_1_57' title="bbox 577 5100 1014 5151">
     <span class='ocr_line' id='line_1_57' title="bbox 577 5100 1014 5151; baseline -0.007 0"><span class='ocrx_word' id='word_1_465' title='bbox 577 5100 690 5151; x_wconf 72' lang='lat' dir='ltr'><strong>sive</strong></span> <span class='ocrx_word' id='word_1_466' title='bbox 729 5116 747 5147; x_wconf 84' lang='grc'><strong><em>‹</em></strong></span> <span class='ocrx_word' id='word_1_467' title='bbox 785 5100 850 5150; x_wconf 84' lang='lat' dir='ltr'><strong>ad</strong></span> <span class='ocrx_word' id='word_1_468' title='bbox 882 5106 953 5150; x_wconf 82' lang='lat' dir='ltr'><strong>te.</strong></span> <span class='ocrx_word' id='word_1_469' title='bbox 996 5116 1014 5148; x_wconf 73' lang='grc' dir='ltr'><strong>ι</strong></span> 
     </span>
    </p>
   </div>
   <div class='ocr_carea' id='block_1_58' title="bbox 639 5190 2132 5259">
    <p class='ocr_par' dir='ltr' id='par_1_58' title="bbox 639 5190 2132 5259">
     <span class='ocr_line' id='line_1_58' title="bbox 639 5190 2132 5259; baseline 0.001 -17"><span class='ocrx_word' id='word_1_470' title='bbox 639 5190 750 5259; x_wconf 79' lang='grc'>(15)</span> <span class='ocrx_word' id='word_1_471' title='bbox 799 5190 906 5245; x_wconf 73' lang='lat' dir='ltr'><strong>Vw.</strong></span> <span class='ocrx_word' id='word_1_472' title='bbox 960 5194 1059 5245; x_wconf 89' lang='lat' dir='ltr'><strong>lsa.</strong></span> <span class='ocrx_word' id='word_1_473' title='bbox 1099 5208 1249 5255; x_wconf 65' lang='grc' dir='ltr'>χχιχ,</span> <span class='ocrx_word' id='word_1_474' title='bbox 1279 5193 1362 5255; x_wconf 75' lang='grc'><strong>14,</strong></span> <span class='ocrx_word' id='word_1_475' title='bbox 1384 5191 1539 5259; x_wconf 78' lang='lat' dir='ltr'><strong>juxta</strong></span> <span class='ocrx_word' id='word_1_476' title='bbox 1563 5192 1802 5246; x_wconf 80' lang='lat' dir='ltr'><strong>Cra-cam</strong></span> <span class='ocrx_word' id='word_1_477' title='bbox 1832 5193 2132 5245; x_wconf 86' lang='lat' dir='ltr'><strong>editionem.</strong></span> 
     </span>
    </p>
   </div>
   <div class='ocr_carea' id='block_1_59' title="bbox 480 5254 2132 5329">
    <p class='ocr_par' dir='ltr' id='par_1_59' title="bbox 480 5254 2132 5329">
     <span class='ocr_line' id='line_1_59' title="bbox 480 5254 2132 5329; baseline 0.002 -17"><span class='ocrx_word' id='word_1_478' title='bbox 480 5254 483 5257; x_wconf 64' lang='grc'><em>’</em></span> <span class='ocrx_word' id='word_1_479' title='bbox 578 5254 836 5329; x_wconf 71' lang='lat' dir='ltr'><strong>vulgatus</strong></span> <span class='ocrx_word' id='word_1_480' title='bbox 869 5277 995 5315; x_wconf 82' lang='lat' dir='ltr'><strong>vero</strong></span> <span class='ocrx_word' id='word_1_481' title='bbox 1039 5254 1302 5325; x_wconf 83' lang='lat' dir='ltr'><strong>interpres</strong></span> <span class='ocrx_word' id='word_1_482' title='bbox 1336 5254 1432 5316; x_wconf 73' lang='lat' dir='ltr'><strong>nec</strong></span> <span class='ocrx_word' id='word_1_483' title='bbox 1474 5266 1658 5316; x_wconf 87' lang='lat' dir='ltr'><strong>eadem</strong></span> <span class='ocrx_word' id='word_1_484' title='bbox 1692 5265 1880 5329; x_wconf 84' lang='lat' dir='ltr'><strong>habet,</strong></span> <span class='ocrx_word' id='word_1_485' title='bbox 1915 5279 2011 5315; x_wconf 83' lang='lat' dir='ltr'><strong>nec</strong></span> <span class='ocrx_word' id='word_1_486' title='bbox 2046 5279 2132 5315; x_wconf 80' lang='lat' dir='ltr'><strong>eo-</strong></span> 
     </span>
    </p>
   </div>
   <div class='ocr_carea' id='block_1_60' title="bbox 575 5330 1251 5394">
    <p class='ocr_par' dir='ltr' id='par_1_60' title="bbox 575 5330 1251 5394">
     <span class='ocr_line' id='line_1_60' title="bbox 575 5330 1251 5394; baseline 0.006 -13"><span class='ocrx_word' id='word_1_487' title='bbox 575 5330 694 5382; x_wconf 85' lang='lat' dir='ltr'><strong>dem</strong></span> <span class='ocrx_word' id='word_1_488' title='bbox 720 5331 1008 5394; x_wconf 82' lang='lat' dir='ltr'><strong>versiculo,</strong></span> <span class='ocrx_word' id='word_1_489' title='bbox 1045 5333 1135 5387; x_wconf 86' lang='lat' dir='ltr'><strong>sed</strong></span> <span class='ocrx_word' id='word_1_490' title='bbox 1169 5332 1251 5385; x_wconf 86' lang='grc'>15.</span> 
     </span>
    </p>
   </div>
   <div class='ocr_carea' id='block_1_61' title="bbox 645 5414 2136 5492">
    <p class='ocr_par' dir='ltr' id='par_1_61' title="bbox 645 5414 2136 5492">
     <span class='ocr_line' id='line_1_61' title="bbox 645 5414 2136 5492; baseline -0.001 -20"><span class='ocrx_word' id='word_1_491' title='bbox 645 5419 754 5492; x_wconf 72' lang='grc'>(14)</span> <span class='ocrx_word' id='word_1_492' title='bbox 790 5419 1083 5489; x_wconf 72' lang='lat' dir='ltr'><strong>Profunda.</strong></span> <span class='ocrx_word' id='word_1_493' title='bbox 1125 5421 1309 5477; x_wconf 73' lang='lat' dir='ltr'><strong>Grteca</strong></span> <span class='ocrx_word' id='word_1_494' title='bbox 1346 5414 1547 5487; x_wconf 74' lang='lat' dir='ltr'><strong>editio,</strong></span> <span class='ocrx_word' id='word_1_495' title='bbox 1575 5420 1792 5490; x_wconf 78' lang='grc' dir='ltr'>βαθεῖαν</span> <span class='ocrx_word' id='word_1_496' title='bbox 1827 5418 2051 5490; x_wconf 80' lang='grc' dir='ltr'>βουλήν,</span> <span class='ocrx_word' id='word_1_497' title='bbox 2086 5418 2136 5471; x_wconf 89' lang='lat' dir='ltr'><strong>id</strong></span> 
     </span>
    </p>
   </div>
   <div class='ocr_carea' id='block_1_62' title="bbox 572 5493 1480 5558">
    <p class='ocr_par' dir='ltr' id='par_1_62' title="bbox 572 5493 1480 5558">
     <span class='ocr_line' id='line_1_62' title="bbox 572 5493 1480 5558; baseline 0.002 -17"><span class='ocrx_word' id='word_1_498' title='bbox 572 5499 678 5550; x_wconf 85' lang='lat' dir='ltr'><strong>est,</strong></span> <span class='ocrx_word' id='word_1_499' title='bbox 719 5509 738 5541; x_wconf 71' lang='grc' dir='ltr'><strong>ι</strong></span> <span class='ocrx_word' id='word_1_500' title='bbox 775 5493 1094 5558; x_wconf 83' lang='lat' dir='ltr'><strong>profundunt</strong></span> <span class='ocrx_word' id='word_1_501' title='bbox 1123 5494 1422 5545; x_wconf 85' lang='lat' dir='ltr'><strong>consilium.</strong></span> <span class='ocrx_word' id='word_1_502' title='bbox 1465 5512 1480 5543; x_wconf 75' lang='grc' dir='ltr'><strong><em>ο</em></strong></span> 
     </span>
    </p>
   </div>
   <div class='ocr_carea' id='block_1_63' title="bbox 644 5559 1391 5629">
    <p class='ocr_par' dir='ltr' id='par_1_63' title="bbox 644 5559 1391 5629">
     <span class='ocr_line' id='line_1_63' title="bbox 644 5559 1391 5629; baseline 0.005 -18"><span class='ocrx_word' id='word_1_503' title='bbox 644 5559 754 5629; x_wconf 74' lang='grc'>(15)</span> <span class='ocrx_word' id='word_1_504' title='bbox 798 5559 1032 5614; x_wconf 77' lang='lat' dir='ltr'><strong>Possedi.</strong></span> <span class='ocrx_word' id='word_1_505' title='bbox 1067 5561 1201 5615; x_wconf 86' lang='lat' dir='ltr'><strong>Gen.</strong></span> <span class='ocrx_word' id='word_1_506' title='bbox 1234 5578 1308 5625; x_wconf 86' lang='lat' dir='ltr'><strong>tv,</strong></span> <span class='ocrx_word' id='word_1_507' title='bbox 1342 5563 1391 5615; x_wconf 91' lang='grc'><strong>1.</strong></span> 
     </span>
    </p>
   </div>
   <div class='ocr_carea' id='block_1_64' title="bbox 644 5648 2128 5718">
    <p class='ocr_par' dir='ltr' id='par_1_64' title="bbox 644 5648 2128 5718">
     <span class='ocr_line' id='line_1_64' title="bbox 644 5648 2128 5718; baseline 0.001 -17"><span class='ocrx_word' id='word_1_508' title='bbox 644 5648 753 5716; x_wconf 88' lang='grc'>(16)</span> <span class='ocrx_word' id='word_1_509' title='bbox 795 5649 1147 5718; x_wconf 70' lang='grc' dir='ltr'>ριιαεειιηᾳιιε.</span> <span class='ocrx_word' id='word_1_510' title='bbox 1183 5652 1338 5707; x_wconf 85' lang='lat' dir='ltr'><strong>Num.</strong></span> <span class='ocrx_word' id='word_1_511' title='bbox 1377 5670 1561 5717; x_wconf 71' lang='lat' dir='ltr'><strong>xxxvr,</strong></span> <span class='ocrx_word' id='word_1_512' title='bbox 1596 5653 1647 5707; x_wconf 86' lang='lat'><strong>5.</strong></span> <span class='ocrx_word' id='word_1_513' title='bbox 1680 5652 1867 5706; x_wconf 63' lang='lat' dir='ltr'><strong>Gut-ra</strong></span> <span class='ocrx_word' id='word_1_514' title='bbox 1918 5648 2128 5703; x_wconf 88' lang='lat' dir='ltr'><strong>editio:</strong></span> 
     </span>
    </p>
   </div>
   <div class='ocr_carea' id='block_1_65' title="bbox 572 5716 2133 5797">
    <p class='ocr_par' dir='ltr' id='par_1_65' title="bbox 572 5716 2133 5797">
     <span class='ocr_line' id='line_1_65' title="bbox 572 5716 2133 5797; baseline 0.001 -28"><span class='ocrx_word' id='word_1_515' title='bbox 572 5716 682 5771; x_wconf 77' lang='grc' dir='ltr'><strong>Καὶ</strong></span> <span class='ocrx_word' id='word_1_516' title='bbox 703 5720 998 5774; x_wconf 78' lang='grc' dir='ltr'>ἐνετείλατο</span> <span class='ocrx_word' id='word_1_517' title='bbox 1019 5716 1258 5793; x_wconf 76' lang='grc' dir='ltr'><strong>Μωῦσῆς</strong></span> <span class='ocrx_word' id='word_1_518' title='bbox 1284 5729 1396 5786; x_wconf 81' lang='grc' dir='ltr'>τοῖς</span> <span class='ocrx_word' id='word_1_519' title='bbox 1421 5716 1555 5787; x_wconf 69' lang='grc' dir='ltr'>υἱεῖς</span> <span class='ocrx_word' id='word_1_520' title='bbox 1590 5721 1820 5797; x_wconf 79' lang='grc' dir='ltr'>Ἰσραὴλ,</span> <span class='ocrx_word' id='word_1_521' title='bbox 1847 5720 1932 5774; x_wconf 71' lang='grc' dir='ltr'><strong>διὰ</strong></span> <span class='ocrx_word' id='word_1_522' title='bbox 1971 5736 2133 5789; x_wconf 88' lang='grc' dir='ltr'>προσ-</span> 
     </span>
    </p>
   </div>
   <div class='ocr_carea' id='block_1_66' title="bbox 2262 533 3837 605">
    <p class='ocr_par' dir='ltr' id='par_1_66' title="bbox 2262 533 3837 605">
     <span class='ocr_line' id='line_1_66' title="bbox 2262 533 3837 605; baseline -0.007 -9"><span class='ocrx_word' id='word_1_523' title='bbox 2262 544 2355 596; x_wconf 72' lang='grc' dir='ltr'>καὶ</span> <span class='ocrx_word' id='word_1_524' title='bbox 2413 544 2574 596; x_wconf 85' lang='grc' dir='ltr'>πάλιν</span> <span class='ocrx_word' id='word_1_525' title='bbox 2623 543 2730 596; x_wconf 79' lang='grc' dir='ltr'><strong>ἀπὸ</strong></span> <span class='ocrx_word' id='word_1_526' title='bbox 2778 540 2871 594; x_wconf 86' lang='grc' dir='ltr'><strong>τοῦ</strong></span> <span class='ocrx_word' id='word_1_527' title='bbox 2936 539 3099 592; x_wconf 83' lang='grc' dir='ltr'>Υἱοῦ⁸</span> <span class='ocrx_word' id='word_1_528' title='bbox 3161 556 3180 587; x_wconf 77' lang='grc' dir='ltr'><strong>ι</strong></span> <span class='ocrx_word' id='word_1_529' title='bbox 3238 538 3332 589; x_wconf 85' lang='grc' dir='ltr'>Ἐκ</span> <span class='ocrx_word' id='word_1_530' title='bbox 3378 534 3469 587; x_wconf 84' lang='grc' dir='ltr'><strong>τοῦ</strong></span> <span class='ocrx_word' id='word_1_531' title='bbox 3537 534 3675 605; x_wconf 73' lang='grc' dir='ltr'>ἐμοῦ</span> <span class='ocrx_word' id='word_1_532' title='bbox 3734 533 3837 603; x_wconf 79' lang='grc' dir='ltr'><strong>λή-</strong></span> 
     </span>
    </p>
   </div>
   <div class='ocr_carea' id='block_1_67' title="bbox 2258 627 3838 702">
    <p class='ocr_par' dir='ltr' id='par_1_67' title="bbox 2258 627 3838 702">
     <span class='ocr_line' id='line_1_67' title="bbox 2258 627 3838 702; baseline -0.006 -17"><span class='ocrx_word' id='word_1_533' title='bbox 2258 634 2435 702; x_wconf 69' lang='grc' dir='ltr'>ψεται,</span> <span class='ocrx_word' id='word_1_534' title='bbox 2464 634 2557 686; x_wconf 78' lang='grc' dir='ltr'><strong>καὶ</strong></span> <span class='ocrx_word' id='word_1_535' title='bbox 2591 633 2875 699; x_wconf 76' lang='grc' dir='ltr'><strong>ἀναγγελεῖ</strong></span> <span class='ocrx_word' id='word_1_536' title='bbox 2901 631 3027 698; x_wconf 85' lang='grc' dir='ltr'>ὑμῖν</span> <span class='ocrx_word' id='word_1_537' title='bbox 3046 646 3059 658; x_wconf 92' lang='grc'><strong>·</strong></span> <span class='ocrx_word' id='word_1_538' title='bbox 3088 651 3104 680; x_wconf 75' lang='grc' dir='ltr'><strong>ι</strong></span> <span class='ocrx_word' id='word_1_539' title='bbox 3140 628 3232 680; x_wconf 76' lang='grc' dir='ltr'>καὶ</span> <span class='ocrx_word' id='word_1_540' title='bbox 3264 627 3518 697; x_wconf 72' lang='grc' dir='ltr'>ἑτέρωθι·</span> <span class='ocrx_word' id='word_1_541' title='bbox 3564 645 3583 677; x_wconf 76' lang='grc' dir='ltr'><strong>ι</strong></span> <span class='ocrx_word' id='word_1_542' title='bbox 3615 627 3838 695; x_wconf 83' lang='grc' dir='ltr'>Ἐγνων</span> 
     </span>
    </p>
   </div>
   <div class='ocr_carea' id='block_1_68' title="bbox 2257 716 3835 792">
    <p class='ocr_par' dir='ltr' id='par_1_68' title="bbox 2257 716 3835 792">
     <span class='ocr_line' id='line_1_68' title="bbox 2257 716 3835 792; baseline -0.003 -17"><span class='ocrx_word' id='word_1_543' title='bbox 2257 723 2485 792; x_wconf 74' lang='grc' dir='ltr'>δύναμιν</span> <span class='ocrx_word' id='word_1_544' title='bbox 2542 722 2859 787; x_wconf 80' lang='grc' dir='ltr'>ἐξελθοῦσαν</span> <span class='ocrx_word' id='word_1_545' title='bbox 2910 721 3002 774; x_wconf 84' lang='grc' dir='ltr'>ἀπ’</span> <span class='ocrx_word' id='word_1_546' title='bbox 3060 718 3213 788; x_wconf 79' lang='grc' dir='ltr'>ἐμοῦ.</span> <span class='ocrx_word' id='word_1_547' title='bbox 3249 738 3266 769; x_wconf 74' lang='grc' dir='ltr'><strong>ι</strong></span> <span class='ocrx_word' id='word_1_548' title='bbox 3330 716 3464 787; x_wconf 75' lang='grc' dir='ltr'>Περὶ</span> <span class='ocrx_word' id='word_1_549' title='bbox 3517 716 3611 769; x_wconf 85' lang='grc' dir='ltr'><strong>τοῦ</strong></span> <span class='ocrx_word' id='word_1_550' title='bbox 3670 718 3835 784; x_wconf 82' lang='grc' dir='ltr'>ἁγίου</span> 
     </span>
    </p>
   </div>
   <div class='ocr_carea' id='block_1_69' title="bbox 2259 803 3832 879">
    <p class='ocr_par' dir='ltr' id='par_1_69' title="bbox 2259 803 3832 879">
     <span class='ocr_line' id='line_1_69' title="bbox 2259 803 3832 879; baseline -0.004 -18"><span class='ocrx_word' id='word_1_551' title='bbox 2259 811 2593 879; x_wconf 73' lang='grc' dir='ltr'>Πνεύματος,</span> <span class='ocrx_word' id='word_1_552' title='bbox 2642 810 2923 878; x_wconf 80' lang='grc' dir='ltr'><strong>Ἰωάννης·</strong></span> <span class='ocrx_word' id='word_1_553' title='bbox 2966 827 2985 858; x_wconf 74' lang='grc' dir='ltr'><strong>ι</strong></span> <span class='ocrx_word' id='word_1_554' title='bbox 3023 808 3078 859; x_wconf 85' lang='grc' dir='ltr'>Ὀ</span> <span class='ocrx_word' id='word_1_555' title='bbox 3111 806 3348 875; x_wconf 82' lang='grc' dir='ltr'>σπείρων</span> <span class='ocrx_word' id='word_1_556' title='bbox 3375 806 3452 866; x_wconf 83' lang='grc' dir='ltr'>εἰς</span> <span class='ocrx_word' id='word_1_557' title='bbox 3487 803 3546 856; x_wconf 85' lang='grc' dir='ltr'><strong>τὸ</strong></span> <span class='ocrx_word' id='word_1_558' title='bbox 3577 804 3832 873; x_wconf 85' lang='grc' dir='ltr'>Πνεῦμα,</span> 
     </span>
    </p>
   </div>
   <div class='ocr_carea' id='block_1_70' title="bbox 2258 897 3831 970">
    <p class='ocr_par' dir='ltr' id='par_1_70' title="bbox 2258 897 3831 970">
     <span class='ocr_line' id='line_1_70' title="bbox 2258 897 3831 970; baseline -0.001 -18"><span class='ocrx_word' id='word_1_559' title='bbox 2258 903 2324 954; x_wconf 84' lang='grc' dir='ltr'><strong>ὲκ</strong></span> <span class='ocrx_word' id='word_1_560' title='bbox 2360 902 2452 955; x_wconf 86' lang='grc' dir='ltr'><strong>τοῦ</strong></span> <span class='ocrx_word' id='word_1_561' title='bbox 2509 901 2822 970; x_wconf 80' lang='grc' dir='ltr'>Πνεύματος</span> <span class='ocrx_word' id='word_1_562' title='bbox 2857 900 3059 970; x_wconf 75' lang='grc' dir='ltr'><strong>θερίσει</strong></span> <span class='ocrx_word' id='word_1_563' title='bbox 3100 898 3243 968; x_wconf 73' lang='grc' dir='ltr'>ζωὴν</span> <span class='ocrx_word' id='word_1_564' title='bbox 3276 897 3492 949; x_wconf 77' lang='grc' dir='ltr'>αἰώνιον</span> <span class='ocrx_word' id='word_1_565' title='bbox 3513 914 3525 927; x_wconf 92' lang='grc'><strong>·</strong></span> <span class='ocrx_word' id='word_1_566' title='bbox 3554 917 3573 947; x_wconf 73' lang='grc' dir='ltr'><strong>ι</strong></span> <span class='ocrx_word' id='word_1_567' title='bbox 3604 899 3698 949; x_wconf 78' lang='grc' dir='ltr'>καὶ</span> <span class='ocrx_word' id='word_1_568' title='bbox 3722 899 3831 950; x_wconf 82' lang='grc' dir='ltr'><strong>πά-</strong></span> 
     </span>
    </p>
   </div>
   <div class='ocr_carea' id='block_1_71' title="bbox 2257 984 3829 1059">
    <p class='ocr_par' dir='ltr' id='par_1_71' title="bbox 2257 984 3829 1059">
     <span class='ocr_line' id='line_1_71' title="bbox 2257 984 3829 1059; baseline -0.001 -19"><span class='ocrx_word' id='word_1_569' title='bbox 2257 988 2338 1040; x_wconf 88' lang='grc' dir='ltr'><strong>λιν</strong></span> <span class='ocrx_word' id='word_1_570' title='bbox 2359 1006 2372 1019; x_wconf 90' lang='grc'><strong>·</strong></span> <span class='ocrx_word' id='word_1_571' title='bbox 2414 1008 2430 1039; x_wconf 78' lang='grc' dir='ltr'><strong>ι</strong></span> <span class='ocrx_word' id='word_1_572' title='bbox 2461 989 2532 1041; x_wconf 84' lang='grc' dir='ltr'>Τὸ</span> <span class='ocrx_word' id='word_1_573' title='bbox 2561 988 2688 1059; x_wconf 78' lang='grc'>[200</span> <span class='ocrx_word' id='word_1_574' title='bbox 2723 987 2775 1058; x_wconf 72' lang='grc' dir='ltr'><strong>ξι]</strong></span> <span class='ocrx_word' id='word_1_575' title='bbox 2810 987 3206 1058; x_wconf 76' lang='grc' dir='ltr'><strong>γεγεννημένον</strong></span> <span class='ocrx_word' id='word_1_576' title='bbox 3254 988 3317 1038; x_wconf 83' lang='grc' dir='ltr'>ἐκ</span> <span class='ocrx_word' id='word_1_577' title='bbox 3354 984 3449 1037; x_wconf 87' lang='grc' dir='ltr'><strong>τοῦ</strong></span> <span class='ocrx_word' id='word_1_578' title='bbox 3485 986 3829 1054; x_wconf 74' lang='grc' dir='ltr'>Πνεῦματος,</span> 
     </span>
    </p>
   </div>
   <div class='ocr_carea' id='block_1_72' title="bbox 2258 1075 3827 1149">
    <p class='ocr_par' dir='ltr' id='par_1_72' title="bbox 2258 1075 3827 1149">
     <span class='ocr_line' id='line_1_72' title="bbox 2258 1075 3827 1149; baseline -0.001 -19"><span class='ocrx_word' id='word_1_579' title='bbox 2258 1078 2478 1149; x_wconf 80' lang='grc' dir='ltr'>Πνεῦμά</span> <span class='ocrx_word' id='word_1_580' title='bbox 2511 1081 2654 1130; x_wconf 77' lang='grc' dir='ltr'>ἐστιν</span> <span class='ocrx_word' id='word_1_581' title='bbox 2675 1096 2688 1108; x_wconf 87' lang='grc'><strong>·</strong></span> <span class='ocrx_word' id='word_1_582' title='bbox 2722 1098 2739 1128; x_wconf 77' lang='grc' dir='ltr'><strong>ι</strong></span> <span class='ocrx_word' id='word_1_583' title='bbox 2796 1079 2888 1130; x_wconf 84' lang='grc' dir='ltr'><strong>καί</strong></span> <span class='ocrx_word' id='word_1_584' title='bbox 2920 1080 2948 1130; x_wconf 88' lang='grc' dir='ltr'><strong>ὀ</strong></span> <span class='ocrx_word' id='word_1_585' title='bbox 2980 1076 3205 1144; x_wconf 80' lang='grc' dir='ltr'>ἄγγελος</span> <span class='ocrx_word' id='word_1_586' title='bbox 3227 1094 3240 1107; x_wconf 91' lang='grc'><strong>·</strong></span> <span class='ocrx_word' id='word_1_587' title='bbox 3272 1095 3289 1125; x_wconf 73' lang='grc' dir='ltr'><strong>ι</strong></span> <span class='ocrx_word' id='word_1_588' title='bbox 3347 1076 3419 1128; x_wconf 86' lang='grc' dir='ltr'>Τὸ</span> <span class='ocrx_word' id='word_1_589' title='bbox 3447 1075 3556 1146; x_wconf 81' lang='grc' dir='ltr'>γὰρ</span> <span class='ocrx_word' id='word_1_590' title='bbox 3590 1077 3648 1128; x_wconf 82' lang='grc' dir='ltr'>ὲν</span> <span class='ocrx_word' id='word_1_591' title='bbox 3689 1079 3827 1146; x_wconf 77' lang='grc' dir='ltr'>αὐτῇ</span> 
     </span>
    </p>
   </div>
   <div class='ocr_carea' id='block_1_73' title="bbox 2256 1168 3828 1240">
    <p class='ocr_par' dir='ltr' id='par_1_73' title="bbox 2256 1168 3828 1240">
     <span class='ocr_line' id='line_1_73' title="bbox 2256 1168 3828 1240; baseline -0.001 -19"><span class='ocrx_word' id='word_1_592' title='bbox 2256 1170 2509 1240; x_wconf 76' lang='grc' dir='ltr'>γεννηθὲν</span> <span class='ocrx_word' id='word_1_593' title='bbox 2538 1172 2601 1221; x_wconf 78' lang='grc' dir='ltr'><strong>ἐκ</strong></span> <span class='ocrx_word' id='word_1_594' title='bbox 2649 1168 2962 1238; x_wconf 81' lang='grc' dir='ltr'>Πνεύματός</span> <span class='ocrx_word' id='word_1_595' title='bbox 2994 1171 3138 1221; x_wconf 75' lang='grc' dir='ltr'>ἐστιν</span> <span class='ocrx_word' id='word_1_596' title='bbox 3168 1168 3345 1234; x_wconf 81' lang='grc' dir='ltr'>ἁγίου.</span> <span class='ocrx_word' id='word_1_597' title='bbox 3364 1186 3379 1217; x_wconf 81' lang='grc' dir='ltr'><strong>ι</strong></span> <span class='ocrx_word' id='word_1_598' title='bbox 3414 1168 3537 1219; x_wconf 83' lang='grc' dir='ltr'>’Ότι</span> <span class='ocrx_word' id='word_1_599' title='bbox 3568 1170 3700 1240; x_wconf 78' lang='grc' dir='ltr'>περὶ</span> <span class='ocrx_word' id='word_1_600' title='bbox 3731 1168 3828 1221; x_wconf 84' lang='grc' dir='ltr'><strong>τοῦ</strong></span> 
     </span>
    </p>
   </div>
   <div class='ocr_carea' id='block_1_74' title="bbox 2257 1253 3830 1330">
    <p class='ocr_par' dir='ltr' id='par_1_74' title="bbox 2257 1253 3830 1330">
     <span class='ocr_line' id='line_1_74' title="bbox 2257 1253 3830 1330; baseline -0.001 -17"><span class='ocrx_word' id='word_1_601' title='bbox 2257 1261 2465 1329; x_wconf 85' lang='grc' dir='ltr'>Πατρὸς</span> <span class='ocrx_word' id='word_1_602' title='bbox 2499 1261 2804 1330; x_wconf 76' lang='grc' dir='ltr'>γέγραπται</span> <span class='ocrx_word' id='word_1_603' title='bbox 2849 1260 3143 1329; x_wconf 78' lang='grc' dir='ltr'>ήνωμένως</span> <span class='ocrx_word' id='word_1_604' title='bbox 3192 1279 3208 1309; x_wconf 76' lang='grc' dir='ltr'><strong>ι</strong></span> <span class='ocrx_word' id='word_1_605' title='bbox 3234 1259 3290 1325; x_wconf 78' lang='grc' dir='ltr'>ἐξ</span> <span class='ocrx_word' id='word_1_606' title='bbox 3338 1254 3420 1322; x_wconf 73' lang='grc' dir='ltr'><strong>οὗ,</strong></span> <span class='ocrx_word' id='word_1_607' title='bbox 3463 1259 3532 1311; x_wconf 79' lang='grc' dir='ltr'>δι’</span> <span class='ocrx_word' id='word_1_608' title='bbox 3564 1253 3651 1323; x_wconf 79' lang='grc' dir='ltr'>οῦ,</span> <span class='ocrx_word' id='word_1_609' title='bbox 3677 1279 3695 1309; x_wconf 72' lang='grc' dir='ltr'><strong>ι</strong></span> <span class='ocrx_word' id='word_1_610' title='bbox 3735 1262 3830 1314; x_wconf 76' lang='grc' dir='ltr'>καὶ</span> 
     </span>
    </p>
   </div>
   <div class='ocr_carea' id='block_1_75' title="bbox 2263 1342 3821 1420">
    <p class='ocr_par' dir='ltr' id='par_1_75' title="bbox 2263 1342 3821 1420">
     <span class='ocr_line' id='line_1_75' title="bbox 2263 1342 3821 1420; baseline 0.002 -21"><span class='ocrx_word' id='word_1_611' title='bbox 2263 1368 2279 1399; x_wconf 78' lang='grc' dir='ltr'><strong>ι</strong></span> <span class='ocrx_word' id='word_1_612' title='bbox 2299 1352 2355 1401; x_wconf 71' lang='grc' dir='ltr'>ἐν</span> <span class='ocrx_word' id='word_1_613' title='bbox 2378 1342 2441 1415; x_wconf 85' lang='grc' dir='ltr'>ᾧ,</span> <span class='ocrx_word' id='word_1_614' title='bbox 2466 1369 2482 1397; x_wconf 75' lang='grc' dir='ltr'><strong>ο</strong></span> <span class='ocrx_word' id='word_1_615' title='bbox 2520 1349 2819 1419; x_wconf 82' lang='grc' dir='ltr'>προελέχθη</span> <span class='ocrx_word' id='word_1_616' title='bbox 2838 1366 2852 1380; x_wconf 97' lang='grc'><strong>·</strong></span> <span class='ocrx_word' id='word_1_617' title='bbox 2885 1350 2966 1401; x_wconf 85' lang='grc' dir='ltr'>ὄτι</span> <span class='ocrx_word' id='word_1_618' title='bbox 2994 1348 3413 1420; x_wconf 82' lang='grc' dir='ltr'><strong>κεχωρισμένως</strong></span> <span class='ocrx_word' id='word_1_619' title='bbox 3454 1348 3514 1400; x_wconf 80' lang='grc' dir='ltr'><strong>τὸ</strong></span> <span class='ocrx_word' id='word_1_620' title='bbox 3570 1369 3589 1399; x_wconf 72' lang='grc' dir='ltr'><strong>ι</strong></span> <span class='ocrx_word' id='word_1_621' title='bbox 3610 1350 3678 1402; x_wconf 72' lang='grc' dir='ltr'><strong>δι’</strong></span> <span class='ocrx_word' id='word_1_622' title='bbox 3708 1345 3767 1401; x_wconf 74' lang='grc' dir='ltr'><strong>οὖ</strong></span> <span class='ocrx_word' id='word_1_623' title='bbox 3802 1372 3821 1402; x_wconf 69' lang='grc' dir='ltr'><strong>ι</strong></span> 
     </span>
    </p>
   </div>
   <div class='ocr_carea' id='block_1_76' title="bbox 2254 1438 3824 1510">
    <p class='ocr_par' dir='ltr' id='par_1_76' title="bbox 2254 1438 3824 1510">
     <span class='ocr_line' id='line_1_76' title="bbox 2254 1438 3824 1510; baseline 0.001 -18"><span class='ocrx_word' id='word_1_624' title='bbox 2254 1443 2426 1492; x_wconf 87' lang='grc' dir='ltr'>κεῖται</span> <span class='ocrx_word' id='word_1_625' title='bbox 2497 1439 2759 1510; x_wconf 77' lang='grc' dir='ltr'>περὶτοῦ</span> <span class='ocrx_word' id='word_1_626' title='bbox 2816 1438 3022 1509; x_wconf 85' lang='grc' dir='ltr'>[Ιατρὸς</span> <span class='ocrx_word' id='word_1_627' title='bbox 3066 1440 3158 1491; x_wconf 78' lang='grc' dir='ltr'><strong>καὶ</strong></span> <span class='ocrx_word' id='word_1_628' title='bbox 3219 1438 3312 1491; x_wconf 88' lang='grc' dir='ltr'><strong>τοῦ</strong></span> <span class='ocrx_word' id='word_1_629' title='bbox 3363 1438 3517 1505; x_wconf 84' lang='grc' dir='ltr'>ἁγίου</span> <span class='ocrx_word' id='word_1_630' title='bbox 3573 1440 3824 1509; x_wconf 73' lang='grc' dir='ltr'>Πνεῦμα-</span> 
     </span>
    </p>
   </div>
   <div class='ocr_carea' id='block_1_77' title="bbox 2253 1529 3824 1600">
    <p class='ocr_par' dir='ltr' id='par_1_77' title="bbox 2253 1529 3824 1600">
     <span class='ocr_line' id='line_1_77' title="bbox 2253 1529 3824 1600; baseline 0.001 -18"><span class='ocrx_word' id='word_1_631' title='bbox 2253 1548 2362 1593; x_wconf 80' lang='grc' dir='ltr'>τος,</span> <span class='ocrx_word' id='word_1_632' title='bbox 2395 1529 2595 1593; x_wconf 75' lang='grc' dir='ltr'>οὕτως·</span> <span class='ocrx_word' id='word_1_633' title='bbox 2636 1530 2762 1600; x_wconf 78' lang='grc' dir='ltr'>περὶ</span> <span class='ocrx_word' id='word_1_634' title='bbox 2789 1530 2881 1581; x_wconf 87' lang='grc' dir='ltr'><strong>τοῦ</strong></span> <span class='ocrx_word' id='word_1_635' title='bbox 2914 1530 3142 1600; x_wconf 80' lang='grc' dir='ltr'>Πατρὸς,</span> <span class='ocrx_word' id='word_1_636' title='bbox 3190 1529 3414 1593; x_wconf 77' lang='grc' dir='ltr'><strong>Ἡσαΐας</strong></span> <span class='ocrx_word' id='word_1_637' title='bbox 3441 1531 3549 1583; x_wconf 83' lang='grc' dir='ltr'><strong>ἀπὸ</strong></span> <span class='ocrx_word' id='word_1_638' title='bbox 3590 1530 3681 1582; x_wconf 86' lang='grc' dir='ltr'><strong>τοῦ</strong></span> <span class='ocrx_word' id='word_1_639' title='bbox 3707 1533 3824 1584; x_wconf 83' lang='grc' dir='ltr'><strong>Πα-</strong></span> 
     </span>
    </p>
   </div>
   <div class='ocr_carea' id='block_1_78' title="bbox 2252 1618 3824 1689">
    <p class='ocr_par' dir='ltr' id='par_1_78' title="bbox 2252 1618 3824 1689">
     <span class='ocr_line' id='line_1_78' title="bbox 2252 1618 3824 1689; baseline 0.004 -20"><span class='ocrx_word' id='word_1_640' title='bbox 2252 1619 2376 1687; x_wconf 77' lang='grc' dir='ltr'>τρὸς</span> <span class='ocrx_word' id='word_1_641' title='bbox 2398 1618 2529 1688; x_wconf 82' lang='grc' dir='ltr'>πρὸς</span> <span class='ocrx_word' id='word_1_642' title='bbox 2559 1618 2648 1670; x_wconf 84' lang='grc' dir='ltr'><strong>τὸν</strong></span> <span class='ocrx_word' id='word_1_643' title='bbox 2677 1619 2801 1670; x_wconf 83' lang='grc' dir='ltr'>Υἱόν</span> <span class='ocrx_word' id='word_1_644' title='bbox 2821 1635 2834 1648; x_wconf 94' lang='grc'><strong>·</strong></span> <span class='ocrx_word' id='word_1_645' title='bbox 2873 1636 2890 1667; x_wconf 76' lang='grc' dir='ltr'><strong>ι</strong></span> <span class='ocrx_word' id='word_1_646' title='bbox 2924 1618 3051 1670; x_wconf 80' lang='grc' dir='ltr'>Ἰδοὺ</span> <span class='ocrx_word' id='word_1_647' title='bbox 3079 1619 3405 1689; x_wconf 80' lang='grc' dir='ltr'>προσήλυτοι</span> <span class='ocrx_word' id='word_1_648' title='bbox 3439 1620 3824 1689; x_wconf 76' lang='grc' dir='ltr'>προσελεύσον-</span> 
     </span>
    </p>
   </div>
   <div class='ocr_carea' id='block_1_79' title="bbox 2252 1707 3817 1781">
    <p class='ocr_par' dir='ltr' id='par_1_79' title="bbox 2252 1707 3817 1781">
     <span class='ocr_line' id='line_1_79' title="bbox 2252 1707 3817 1781; baseline 0.002 -21"><span class='ocrx_word' id='word_1_649' title='bbox 2252 1708 2342 1760; x_wconf 89' lang='grc' dir='ltr'><strong>ταί</strong></span> <span class='ocrx_word' id='word_1_650' title='bbox 2378 1725 2459 1763; x_wconf 84' lang='grc' dir='ltr'><strong>σοι</strong></span> <span class='ocrx_word' id='word_1_651' title='bbox 2496 1708 2560 1759; x_wconf 85' lang='grc' dir='ltr'><strong>δι’</strong></span> <span class='ocrx_word' id='word_1_652' title='bbox 2595 1707 2748 1776; x_wconf 81' lang='grc' dir='ltr'>ἐμοῦ.</span> <span class='ocrx_word' id='word_1_653' title='bbox 2777 1726 2796 1758; x_wconf 69' lang='grc' dir='ltr'><strong>ι</strong></span> <span class='ocrx_word' id='word_1_654' title='bbox 2847 1708 3228 1779; x_wconf 77' lang='grc' dir='ltr'>Ἐπιτὴρησον,</span> <span class='ocrx_word' id='word_1_655' title='bbox 3263 1709 3336 1771; x_wconf 83' lang='grc' dir='ltr'>ὡς</span> <span class='ocrx_word' id='word_1_656' title='bbox 3364 1709 3455 1761; x_wconf 70' lang='grc' dir='ltr'>διὰ</span> <span class='ocrx_word' id='word_1_657' title='bbox 3487 1710 3817 1781; x_wconf 38' lang='grc' dir='ltr'>τὸιὶσὸτιμον</span> 
     </span>
    </p>
   </div>
   <div class='ocr_carea' id='block_1_80' title="bbox 2254 1797 3812 1873">
    <p class='ocr_par' dir='ltr' id='par_1_80' title="bbox 2254 1797 3812 1873">
     <span class='ocr_line' id='line_1_80' title="bbox 2254 1797 3812 1873; baseline 0.001 -22"><span class='ocrx_word' id='word_1_658' title='bbox 2254 1799 2345 1851; x_wconf 79' lang='grc' dir='ltr'><strong>καὶ</strong></span> <span class='ocrx_word' id='word_1_659' title='bbox 2383 1797 2684 1867; x_wconf 79' lang='grc' dir='ltr'>ὸμοούσιον,</span> <span class='ocrx_word' id='word_1_660' title='bbox 2720 1797 2984 1868; x_wconf 79' lang='grc' dir='ltr'>προσάγει</span> <span class='ocrx_word' id='word_1_661' title='bbox 3028 1799 3097 1850; x_wconf 84' lang='grc' dir='ltr'>τὰ</span> <span class='ocrx_word' id='word_1_662' title='bbox 3130 1799 3256 1869; x_wconf 82' lang='grc' dir='ltr'>ἔθνη</span> <span class='ocrx_word' id='word_1_663' title='bbox 3289 1798 3366 1869; x_wconf 78' lang='grc' dir='ltr'>τῷ</span> <span class='ocrx_word' id='word_1_664' title='bbox 3399 1801 3512 1871; x_wconf 83' lang='grc' dir='ltr'>Υίῷ</span> <span class='ocrx_word' id='word_1_665' title='bbox 3545 1804 3571 1854; x_wconf 81' lang='grc' dir='ltr'>ὁ</span> <span class='ocrx_word' id='word_1_666' title='bbox 3606 1803 3812 1873; x_wconf 78' lang='grc' dir='ltr'>Πατήρ-</span> 
     </span>
    </p>
   </div>
   <div class='ocr_carea' id='block_1_81' title="bbox 2257 1888 3823 1960">
    <p class='ocr_par' dir='ltr' id='par_1_81' title="bbox 2257 1888 3823 1960">
     <span class='ocr_line' id='line_1_81' title="bbox 2257 1888 3823 1960; baseline 0.003 -17"><span class='ocrx_word' id='word_1_667' title='bbox 2257 1889 2346 1943; x_wconf 64' lang='lat' dir='ltr'><strong>ita).</strong></span> <span class='ocrx_word' id='word_1_668' title='bbox 2375 1888 2567 1941; x_wconf 81' lang='grc' dir='ltr'>πάλιν·</span> <span class='ocrx_word' id='word_1_669' title='bbox 2608 1907 2625 1938; x_wconf 78' lang='grc' dir='ltr'><strong>ι</strong></span> <span class='ocrx_word' id='word_1_670' title='bbox 2652 1889 2787 1941; x_wconf 72' lang='grc' dir='ltr'>Οὐαὶ</span> <span class='ocrx_word' id='word_1_671' title='bbox 2831 1890 2880 1940; x_wconf 79' lang='lat' dir='ltr'><strong>oi</strong></span> <span class='ocrx_word' id='word_1_672' title='bbox 2914 1889 3121 1958; x_wconf 77' lang='grc' dir='ltr'>βαθέως</span> <span class='ocrx_word' id='word_1_673' title='bbox 3175 1890 3369 1960; x_wconf 80' lang='grc' dir='ltr'>βουλὴν</span> <span class='ocrx_word' id='word_1_674' title='bbox 3401 1892 3696 1956; x_wconf 88' lang='grc' dir='ltr'>ποιοῦντες.</span> <span class='ocrx_word' id='word_1_675' title='bbox 3728 1895 3823 1947; x_wconf 73' lang='grc' dir='ltr'><strong>καὶ</strong></span> 
     </span>
    </p>
   </div>
   <div class='ocr_carea' id='block_1_82' title="bbox 2252 1983 3821 2055">
    <p class='ocr_par' dir='ltr' id='par_1_82' title="bbox 2252 1983 3821 2055">
     <span class='ocr_line' id='line_1_82' title="bbox 2252 1983 3821 2055; baseline 0.001 -19"><span class='ocrx_word' id='word_1_676' title='bbox 2252 1985 2312 2036; x_wconf 78' lang='grc' dir='ltr'><strong>οὐ</strong></span> <span class='ocrx_word' id='word_1_677' title='bbox 2342 1983 2429 2036; x_wconf 74' lang='grc' dir='ltr'><strong>διὰ</strong></span> <span class='ocrx_word' id='word_1_678' title='bbox 2474 1983 2698 2054; x_wconf 84' lang='grc' dir='ltr'>Κυρίου.</span> <span class='ocrx_word' id='word_1_679' title='bbox 2727 2002 2745 2033; x_wconf 70' lang='grc' dir='ltr'><strong>ι</strong></span> <span class='ocrx_word' id='word_1_680' title='bbox 2798 1984 2908 2035; x_wconf 77' lang='grc' dir='ltr'><strong>Καὶ</strong></span> <span class='ocrx_word' id='word_1_681' title='bbox 2969 1985 3026 2034; x_wconf 78' lang='grc' dir='ltr'><strong>ἐν</strong></span> <span class='ocrx_word' id='word_1_682' title='bbox 3070 1985 3135 2054; x_wconf 78' lang='grc' dir='ltr'>τῇ</span> <span class='ocrx_word' id='word_1_683' title='bbox 3188 1984 3403 2036; x_wconf 83' lang='grc' dir='ltr'>Γενέσει</span> <span class='ocrx_word' id='word_1_684' title='bbox 3447 1984 3616 2055; x_wconf 80' lang='grc' dir='ltr'>Ἀδὰμ</span> <span class='ocrx_word' id='word_1_685' title='bbox 3645 1986 3821 2054; x_wconf 79' lang='grc' dir='ltr'>λέγει·</span> 
     </span>
    </p>
   </div>
   <div class='ocr_carea' id='block_1_83' title="bbox 2258 2073 3822 2145">
    <p class='ocr_par' dir='ltr' id='par_1_83' title="bbox 2258 2073 3822 2145">
     <span class='ocr_line' id='line_1_83' title="bbox 2258 2073 3822 2145; baseline 0.003 -19"><span class='ocrx_word' id='word_1_686' title='bbox 2258 2096 2275 2126; x_wconf 74' lang='grc' dir='ltr'><strong>ι</strong></span> <span class='ocrx_word' id='word_1_687' title='bbox 2312 2075 2653 2145; x_wconf 76' lang='grc' dir='ltr'>Ἐκτησάμην</span> <span class='ocrx_word' id='word_1_688' title='bbox 2678 2074 2959 2145; x_wconf 81' lang='grc' dir='ltr'>ἄνθρωπον</span> <span class='ocrx_word' id='word_1_689' title='bbox 2987 2075 3073 2127; x_wconf 76' lang='grc' dir='ltr'>διὰ</span> <span class='ocrx_word' id='word_1_690' title='bbox 3105 2073 3197 2127; x_wconf 84' lang='grc' dir='ltr'><strong>τοῦ</strong></span> <span class='ocrx_word' id='word_1_691' title='bbox 3237 2075 3372 2128; x_wconf 84' lang='grc' dir='ltr'>Θεοῦ</span> <span class='ocrx_word' id='word_1_692' title='bbox 3398 2093 3411 2104; x_wconf 87' lang='grc'><strong>·</strong></span> <span class='ocrx_word' id='word_1_693' title='bbox 3442 2095 3461 2127; x_wconf 69' lang='grc' dir='ltr'><strong>ι</strong></span> <span class='ocrx_word' id='word_1_694' title='bbox 3501 2077 3596 2129; x_wconf 80' lang='grc' dir='ltr'><strong>καὶ</strong></span> <span class='ocrx_word' id='word_1_695' title='bbox 3631 2079 3822 2131; x_wconf 73' lang='grc' dir='ltr'>πάλιν·</span> 
     </span>
    </p>
   </div>
   <div class='ocr_carea' id='block_1_84' title="bbox 2259 2163 3827 2239">
    <p class='ocr_par' dir='ltr' id='par_1_84' title="bbox 2259 2163 3827 2239">
     <span class='ocr_line' id='line_1_84' title="bbox 2259 2163 3827 2239; baseline 0.005 -25"><span class='ocrx_word' id='word_1_696' title='bbox 2259 2182 2277 2214; x_wconf 80' lang='grc' dir='ltr'><strong>ι</strong></span> <span class='ocrx_word' id='word_1_697' title='bbox 2302 2164 2440 2216; x_wconf 84' lang='grc' dir='ltr'>Ὅσα</span> <span class='ocrx_word' id='word_1_698' title='bbox 2466 2164 2764 2217; x_wconf 80' lang='grc' dir='ltr'>ἐνετείλατο</span> <span class='ocrx_word' id='word_1_699' title='bbox 2796 2164 3035 2233; x_wconf 75' lang='grc' dir='ltr'>Μωῡσῆς</span> <span class='ocrx_word' id='word_1_700' title='bbox 3064 2163 3141 2234; x_wconf 81' lang='grc' dir='ltr'>τῷ</span> <span class='ocrx_word' id='word_1_701' title='bbox 3168 2164 3384 2235; x_wconf 80' lang='grc' dir='ltr'>Ἰσραὴλ</span> <span class='ocrx_word' id='word_1_702' title='bbox 3414 2166 3502 2219; x_wconf 78' lang='grc' dir='ltr'>διὰ</span> <span class='ocrx_word' id='word_1_703' title='bbox 3534 2167 3628 2220; x_wconf 87' lang='grc' dir='ltr'><strong>τοῦ</strong></span> <span class='ocrx_word' id='word_1_704' title='bbox 3658 2187 3827 2239; x_wconf 78' lang='grc' dir='ltr'>προσ·</span> 
     </span>
    </p>
   </div>
   <div class='ocr_carea' id='block_1_85' title="bbox 2252 2255 3829 2328">
    <p class='ocr_par' dir='ltr' id='par_1_85' title="bbox 2252 2255 3829 2328">
     <span class='ocr_line' id='line_1_85' title="bbox 2252 2255 3829 2328; baseline 0.003 -21"><span class='ocrx_word' id='word_1_705' title='bbox 2252 2256 2526 2324; x_wconf 79' lang='grc' dir='ltr'>τάγματος</span> <span class='ocrx_word' id='word_1_706' title='bbox 2554 2255 2811 2325; x_wconf 77' lang='grc' dir='ltr'>Κυρίου.ι</span> <span class='ocrx_word' id='word_1_707' title='bbox 2849 2257 2957 2327; x_wconf 73' lang='grc' dir='ltr'>καὶ</span> <span class='ocrx_word' id='word_1_708' title='bbox 2986 2256 3181 2325; x_wconf 81' lang='grc' dir='ltr'>Ἰωσὴφ</span> <span class='ocrx_word' id='word_1_709' title='bbox 3214 2257 3348 2326; x_wconf 84' lang='grc' dir='ltr'>πρὸς</span> <span class='ocrx_word' id='word_1_710' title='bbox 3376 2259 3499 2320; x_wconf 81' lang='grc' dir='ltr'>τοὺς</span> <span class='ocrx_word' id='word_1_711' title='bbox 3538 2259 3829 2328; x_wconf 77' lang='grc' dir='ltr'>εὐνούχους</span> 
     </span>
    </p>
   </div>
   <div class='ocr_carea' id='block_1_86' title="bbox 2254 2328 3830 2418">
    <p class='ocr_par' dir='ltr' id='par_1_86' title="bbox 2254 2328 3830 2418">
     <span class='ocr_line' id='line_1_86' title="bbox 2254 2328 3830 2418; baseline 0.004 -22"><span class='ocrx_word' id='word_1_712' title='bbox 2254 2346 2443 2416; x_wconf 82' lang='grc' dir='ltr'>φησίν·</span> <span class='ocrx_word' id='word_1_713' title='bbox 2499 2328 2676 2415; x_wconf 50' lang='lat' dir='ltr'><strong>«om</strong></span> <span class='ocrx_word' id='word_1_714' title='bbox 2722 2346 2808 2399; x_wconf 75' lang='grc' dir='ltr'>διὰ</span> <span class='ocrx_word' id='word_1_715' title='bbox 2856 2346 2948 2398; x_wconf 88' lang='grc' dir='ltr'><strong>τοῦ</strong></span> <span class='ocrx_word' id='word_1_716' title='bbox 2996 2346 3139 2398; x_wconf 83' lang='grc' dir='ltr'>Θεοῦ</span> <span class='ocrx_word' id='word_1_717' title='bbox 3186 2349 3217 2416; x_wconf 85' lang='grc' dir='ltr'>ἡ</span> <span class='ocrx_word' id='word_1_718' title='bbox 3265 2347 3594 2418; x_wconf 79' lang='grc' dir='ltr'>διασὰςρησις</span> <span class='ocrx_word' id='word_1_719' title='bbox 3647 2352 3830 2406; x_wconf 74' lang='grc' dir='ltr'>αὐτῶν</span> 
     </span>
    </p>
   </div>
   <div class='ocr_carea' id='block_1_87' title="bbox 2252 2436 3830 2511">
    <p class='ocr_par' dir='ltr' id='par_1_87' title="bbox 2252 2436 3830 2511">
     <span class='ocr_line' id='line_1_87' title="bbox 2252 2436 3830 2511; baseline 0.005 -24"><span class='ocrx_word' id='word_1_720' title='bbox 2252 2436 2437 2502; x_wconf 64' lang='lat' dir='ltr'><strong>Eant;</strong></span> <span class='ocrx_word' id='word_1_721' title='bbox 2469 2456 2487 2487; x_wconf 69' lang='grc' dir='ltr'><strong>ι</strong></span> <span class='ocrx_word' id='word_1_722' title='bbox 2538 2438 2697 2491; x_wconf 84' lang='grc' dir='ltr'>’Λλλὰ</span> <span class='ocrx_word' id='word_1_723' title='bbox 2740 2437 2835 2491; x_wconf 73' lang='grc' dir='ltr'><strong>καὶ</strong></span> <span class='ocrx_word' id='word_1_724' title='bbox 2871 2437 3080 2500; x_wconf 89' lang='grc' dir='ltr'>Παῦλος</span> <span class='ocrx_word' id='word_1_725' title='bbox 3138 2438 3438 2509; x_wconf 78' lang='grc' dir='ltr'>Ἑὸραίοις·</span> <span class='ocrx_word' id='word_1_726' title='bbox 3492 2458 3511 2491; x_wconf 72' lang='grc' dir='ltr'><strong>ι</strong></span> <span class='ocrx_word' id='word_1_727' title='bbox 3544 2442 3830 2511; x_wconf 80' lang='grc' dir='ltr'>Ἔπρεπεν</span> 
     </span>
    </p>
   </div>
   <div class='ocr_carea' id='block_1_88' title="bbox 2253 2524 3832 2601">
    <p class='ocr_par' dir='ltr' id='par_1_88' title="bbox 2253 2524 3832 2601">
     <span class='ocr_line' id='line_1_88' title="bbox 2253 2524 3832 2601; baseline 0.004 -21"><span class='ocrx_word' id='word_1_728' title='bbox 2253 2528 2377 2600; x_wconf 83' lang='grc' dir='ltr'>γὰρ,</span> <span class='ocrx_word' id='word_1_729' title='bbox 2399 2547 2417 2580; x_wconf 69' lang='grc' dir='ltr'><strong>ι</strong></span> <span class='ocrx_word' id='word_1_730' title='bbox 2456 2530 2637 2601; x_wconf 82' lang='grc' dir='ltr'>φησὶν,</span> <span class='ocrx_word' id='word_1_731' title='bbox 2682 2550 2699 2580; x_wconf 75' lang='grc' dir='ltr'><strong>ι</strong></span> <span class='ocrx_word' id='word_1_732' title='bbox 2721 2528 2888 2600; x_wconf 82' lang='grc' dir='ltr'>αὐτῷ,</span> <span class='ocrx_word' id='word_1_733' title='bbox 2908 2524 2983 2581; x_wconf 78' lang='grc' dir='ltr'><strong>’δι’</strong></span> <span class='ocrx_word' id='word_1_734' title='bbox 3027 2529 3085 2581; x_wconf 77' lang='grc' dir='ltr'>ὃν</span> <span class='ocrx_word' id='word_1_735' title='bbox 3116 2529 3184 2581; x_wconf 81' lang='grc' dir='ltr'>τὰ</span> <span class='ocrx_word' id='word_1_736' title='bbox 3223 2530 3419 2595; x_wconf 82' lang='grc' dir='ltr'>πάντα,</span> <span class='ocrx_word' id='word_1_737' title='bbox 3451 2533 3548 2585; x_wconf 77' lang='grc' dir='ltr'><strong>καὶ</strong></span> <span class='ocrx_word' id='word_1_738' title='bbox 3572 2532 3638 2585; x_wconf 85' lang='grc' dir='ltr'><strong>δι’</strong></span> <span class='ocrx_word' id='word_1_739' title='bbox 3663 2527 3723 2587; x_wconf 77' lang='grc' dir='ltr'>οὗ</span> <span class='ocrx_word' id='word_1_740' title='bbox 3758 2534 3832 2586; x_wconf 70' lang='grc' dir='ltr'>τὰ</span> 
     </span>
    </p>
   </div>
   <div class='ocr_carea' id='block_1_89' title="bbox 2256 2619 3831 2690">
    <p class='ocr_par' dir='ltr' id='par_1_89' title="bbox 2256 2619 3831 2690">
     <span class='ocr_line' id='line_1_89' title="bbox 2256 2619 3831 2690; baseline 0.002 -18"><span class='ocrx_word' id='word_1_741' title='bbox 2256 2621 2467 2684; x_wconf 82' lang='grc' dir='ltr'>πάντα,</span> <span class='ocrx_word' id='word_1_742' title='bbox 2523 2621 2749 2683; x_wconf 84' lang='grc' dir='ltr'>πολλοὺς</span> <span class='ocrx_word' id='word_1_743' title='bbox 2797 2621 2945 2683; x_wconf 74' lang='grc' dir='ltr'>υἱοὺς</span> <span class='ocrx_word' id='word_1_744' title='bbox 2990 2622 3069 2683; x_wconf 84' lang='grc' dir='ltr'><strong>είς</strong></span> <span class='ocrx_word' id='word_1_745' title='bbox 3120 2619 3274 2683; x_wconf 80' lang='grc' dir='ltr'>δόξαν</span> <span class='ocrx_word' id='word_1_746' title='bbox 3321 2623 3687 2690; x_wconf 78' lang='grc' dir='ltr'>ἀναγαγόντα.</span> <span class='ocrx_word' id='word_1_747' title='bbox 3732 2625 3831 2678; x_wconf 79' lang='grc' dir='ltr'><strong>τὸν</strong></span> 
     </span>
    </p>
   </div>
   <div class='ocr_carea' id='block_1_90' title="bbox 2253 2698 3834 2783">
    <p class='ocr_par' dir='ltr' id='par_1_90' title="bbox 2253 2698 3834 2783">
     <span class='ocr_line' id='line_1_90' title="bbox 2253 2698 3834 2783; baseline 0.001 -19"><span class='ocrx_word' id='word_1_748' title='bbox 2253 2710 2492 2783; x_wconf 84' lang='grc' dir='ltr'>ἀρχηγὸν</span> <span class='ocrx_word' id='word_1_749' title='bbox 2517 2712 2615 2779; x_wconf 80' lang='grc' dir='ltr'>τῆς</span> <span class='ocrx_word' id='word_1_750' title='bbox 2643 2711 2911 2779; x_wconf 83' lang='grc' dir='ltr'>σωτηρίας</span> <span class='ocrx_word' id='word_1_751' title='bbox 2932 2710 3109 2762; x_wconf 87' lang='grc' dir='ltr'>αὐτῶν</span> <span class='ocrx_word' id='word_1_752' title='bbox 3128 2709 3215 2762; x_wconf 76' lang='grc' dir='ltr'>διὰ</span> <span class='ocrx_word' id='word_1_753' title='bbox 3240 2698 3576 2781; x_wconf 84' lang='grc' dir='ltr'>παθημάτων</span> <span class='ocrx_word' id='word_1_754' title='bbox 3604 2713 3834 2767; x_wconf 83' lang='grc' dir='ltr'>τελειῶ-</span> 
     </span>
    </p>
   </div>
   <div class='ocr_carea' id='block_1_91' title="bbox 2256 2798 3835 2873">
    <p class='ocr_par' dir='ltr' id='par_1_91' title="bbox 2256 2798 3835 2873">
     <span class='ocr_line' id='line_1_91' title="bbox 2256 2798 3835 2873; baseline 0.003 -20"><span class='ocrx_word' id='word_1_755' title='bbox 2256 2818 2367 2853; x_wconf 88' lang='grc' dir='ltr'>σαι.</span> <span class='ocrx_word' id='word_1_756' title='bbox 2412 2819 2431 2851; x_wconf 73' lang='grc' dir='ltr'><strong>ι</strong></span> <span class='ocrx_word' id='word_1_757' title='bbox 2472 2799 2831 2869; x_wconf 80' lang='grc' dir='ltr'>Σημειωτέον,</span> <span class='ocrx_word' id='word_1_758' title='bbox 2866 2798 2982 2861; x_wconf 84' lang='grc' dir='ltr'>πῶς</span> <span class='ocrx_word' id='word_1_759' title='bbox 3024 2799 3398 2871; x_wconf 83' lang='grc' dir='ltr'>παραπλήσιον</span> <span class='ocrx_word' id='word_1_760' title='bbox 3416 2802 3835 2873; x_wconf 79' lang='grc' dir='ltr'>τοῦτομάλιστα</span> 
     </span>
    </p>
   </div>
   <div class='ocr_carea' id='block_1_92' title="bbox 2251 2888 3834 2966">
    <p class='ocr_par' dir='ltr' id='par_1_92' title="bbox 2251 2888 3834 2966">
     <span class='ocr_line' id='line_1_92' title="bbox 2251 2888 3834 2966; baseline 0.003 -22"><span class='ocrx_word' id='word_1_761' title='bbox 2251 2890 2329 2961; x_wconf 82' lang='grc' dir='ltr'>τῷ</span> <span class='ocrx_word' id='word_1_762' title='bbox 2375 2889 2675 2959; x_wconf 76' lang='grc' dir='ltr'>ἐκκειμένῳ</span> <span class='ocrx_word' id='word_1_763' title='bbox 2714 2889 2993 2958; x_wconf 80' lang='grc' dir='ltr'>κεφαλαίῳ</span> <span class='ocrx_word' id='word_1_764' title='bbox 3028 2889 3129 2961; x_wconf 82' lang='grc' dir='ltr'><strong>τῷ,</strong></span> <span class='ocrx_word' id='word_1_765' title='bbox 3186 2910 3201 2941; x_wconf 77' lang='grc' dir='ltr'><strong>ι</strong></span> <span class='ocrx_word' id='word_1_766' title='bbox 3228 2888 3322 2954; x_wconf 78' lang='grc' dir='ltr'><strong>Εἷς</strong></span> <span class='ocrx_word' id='word_1_767' title='bbox 3350 2893 3571 2963; x_wconf 72' lang='grc' dir='ltr'>υΚύριος</span> <span class='ocrx_word' id='word_1_768' title='bbox 3612 2896 3834 2966; x_wconf 71' lang='grc' dir='ltr'>Ἰησοῦς</span> 
     </span>
    </p>
   </div>
   <div class='ocr_carea' id='block_1_93' title="bbox 2251 2975 3830 3053">
    <p class='ocr_par' dir='ltr' id='par_1_93' title="bbox 2251 2975 3830 3053">
     <span class='ocr_line' id='line_1_93' title="bbox 2251 2975 3830 3053; baseline 0.003 -18"><span class='ocrx_word' id='word_1_769' title='bbox 2251 2982 2503 3053; x_wconf 82' lang='grc' dir='ltr'>Χριστὸς,</span> <span class='ocrx_word' id='word_1_770' title='bbox 2560 2981 2626 3033; x_wconf 81' lang='grc' dir='ltr'><strong>δι’</strong></span> <span class='ocrx_word' id='word_1_771' title='bbox 2689 2975 2749 3034; x_wconf 74' lang='grc' dir='ltr'>οὗ</span> <span class='ocrx_word' id='word_1_772' title='bbox 2795 2980 2864 3033; x_wconf 82' lang='grc' dir='ltr'><strong>τὰ</strong></span> <span class='ocrx_word' id='word_1_773' title='bbox 2914 2979 3119 3033; x_wconf 83' lang='grc' dir='ltr'>πάντα·</span> <span class='ocrx_word' id='word_1_774' title='bbox 3170 3000 3186 3031; x_wconf 74' lang='grc' dir='ltr'><strong>ι</strong></span> <span class='ocrx_word' id='word_1_775' title='bbox 3249 2983 3344 3034; x_wconf 81' lang='grc' dir='ltr'>καὶ</span> <span class='ocrx_word' id='word_1_776' title='bbox 3374 2984 3830 3041; x_wconf 81' lang='grc' dir='ltr'>Κολοσσαεῦσιν·</span> 
     </span>
    </p>
   </div>
   <div class='ocr_carea' id='block_1_94' title="bbox 2260 3068 3837 3141">
    <p class='ocr_par' dir='ltr' id='par_1_94' title="bbox 2260 3068 3837 3141">
     <span class='ocr_line' id='line_1_94' title="bbox 2260 3068 3837 3141; baseline 0.003 -17"><span class='ocrx_word' id='word_1_777' title='bbox 2260 3092 2277 3124; x_wconf 76' lang='grc' dir='ltr'><strong>ι</strong></span> <span class='ocrx_word' id='word_1_778' title='bbox 2306 3072 2513 3134; x_wconf 81' lang='grc' dir='ltr'>Παῦλος</span> <span class='ocrx_word' id='word_1_779' title='bbox 2546 3068 2841 3133; x_wconf 83' lang='grc' dir='ltr'>ἀπόστολος</span> <span class='ocrx_word' id='word_1_780' title='bbox 2884 3070 3065 3134; x_wconf 87' lang='grc' dir='ltr'>δοῦλος</span> <span class='ocrx_word' id='word_1_781' title='bbox 3116 3070 3289 3136; x_wconf 76' lang='grc' dir='ltr'>Ἰησοῦ</span> <span class='ocrx_word' id='word_1_782' title='bbox 3335 3072 3571 3141; x_wconf 87' lang='grc' dir='ltr'>Χριστοῦ</span> <span class='ocrx_word' id='word_1_783' title='bbox 3604 3073 3692 3128; x_wconf 81' lang='grc' dir='ltr'><strong>διὰ</strong></span> <span class='ocrx_word' id='word_1_784' title='bbox 3723 3074 3837 3129; x_wconf 81' lang='grc' dir='ltr'><strong>θε-</strong></span> 
     </span>
    </p>
   </div>
   <div class='ocr_carea' id='block_1_95' title="bbox 2253 3162 3835 3235">
    <p class='ocr_par' dir='ltr' id='par_1_95' title="bbox 2253 3162 3835 3235">
     <span class='ocr_line' id='line_1_95' title="bbox 2253 3162 3835 3235; baseline 0.003 -20"><span class='ocrx_word' id='word_1_785' title='bbox 2253 3166 2489 3235; x_wconf 78' lang='grc' dir='ltr'>λήματος</span> <span class='ocrx_word' id='word_1_786' title='bbox 2531 3162 2695 3216; x_wconf 83' lang='grc' dir='ltr'>Θεοῦ·</span> <span class='ocrx_word' id='word_1_787' title='bbox 2721 3181 2738 3213; x_wconf 73' lang='grc' dir='ltr'><strong>ι</strong></span> <span class='ocrx_word' id='word_1_788' title='bbox 2782 3162 2873 3215; x_wconf 71' lang='grc' dir='ltr'>καὶ</span> <span class='ocrx_word' id='word_1_789' title='bbox 2922 3163 3260 3233; x_wconf 81' lang='grc' dir='ltr'>Κορινθίοις·</span> <span class='ocrx_word' id='word_1_790' title='bbox 3304 3180 3322 3212; x_wconf 76' lang='grc' dir='ltr'><strong>ι</strong></span> <span class='ocrx_word' id='word_1_791' title='bbox 3349 3162 3543 3226; x_wconf 83' lang='grc' dir='ltr'>Πιστὸς</span> <span class='ocrx_word' id='word_1_792' title='bbox 3594 3166 3620 3217; x_wconf 84' lang='grc' dir='ltr'>ὁ</span> <span class='ocrx_word' id='word_1_793' title='bbox 3662 3165 3835 3232; x_wconf 71' lang='grc' dir='ltr'>Θεὸς,</span> 
     </span>
    </p>
   </div>
   <div class='ocr_carea' id='block_1_96' title="bbox 2252 3249 3835 3326">
    <p class='ocr_par' dir='ltr' id='par_1_96' title="bbox 2252 3249 3835 3326">
     <span class='ocr_line' id='line_1_96' title="bbox 2252 3249 3835 3326; baseline 0.003 -18"><span class='ocrx_word' id='word_1_794' title='bbox 2252 3255 2317 3308; x_wconf 79' lang='grc' dir='ltr'><strong>δι’</strong></span> <span class='ocrx_word' id='word_1_795' title='bbox 2352 3249 2412 3308; x_wconf 74' lang='grc' dir='ltr'><strong>οὗ</strong></span> <span class='ocrx_word' id='word_1_796' title='bbox 2441 3254 2705 3325; x_wconf 81' lang='grc' dir='ltr'>ἐκλήθητε</span> <span class='ocrx_word' id='word_1_797' title='bbox 2732 3257 2809 3317; x_wconf 86' lang='grc' dir='ltr'>εἰς</span> <span class='ocrx_word' id='word_1_798' title='bbox 2834 3254 3112 3306; x_wconf 85' lang='grc' dir='ltr'>κοινωνίαν</span> <span class='ocrx_word' id='word_1_799' title='bbox 3146 3253 3238 3306; x_wconf 87' lang='grc' dir='ltr'><strong>τοῦ</strong></span> <span class='ocrx_word' id='word_1_800' title='bbox 3275 3252 3404 3305; x_wconf 81' lang='grc' dir='ltr'>Υίοῦ</span> <span class='ocrx_word' id='word_1_801' title='bbox 3429 3254 3593 3307; x_wconf 80' lang='grc' dir='ltr'>αὑτοῦ</span> <span class='ocrx_word' id='word_1_802' title='bbox 3641 3257 3835 3326; x_wconf 81' lang='grc' dir='ltr'>Ἰησοῦ</span> 
     </span>
    </p>
   </div>
   <div class='ocr_carea' id='block_1_97' title="bbox 2250 3342 3839 3416">
    <p class='ocr_par' dir='ltr' id='par_1_97' title="bbox 2250 3342 3839 3416">
     <span class='ocr_line' id='line_1_97' title="bbox 2250 3342 3839 3416; baseline 0.002 -18"><span class='ocrx_word' id='word_1_803' title='bbox 2250 3345 2485 3416; x_wconf 84' lang='grc' dir='ltr'>Χριστοῦ</span> <span class='ocrx_word' id='word_1_804' title='bbox 2514 3344 2606 3397; x_wconf 86' lang='grc' dir='ltr'><strong>τοῦ</strong></span> <span class='ocrx_word' id='word_1_805' title='bbox 2647 3344 2849 3415; x_wconf 86' lang='grc' dir='ltr'>Κυρίου</span> <span class='ocrx_word' id='word_1_806' title='bbox 2895 3344 3071 3413; x_wconf 82' lang='grc' dir='ltr'>ἡμῶν.</span> <span class='ocrx_word' id='word_1_807' title='bbox 3100 3363 3116 3395; x_wconf 75' lang='grc' dir='ltr'><strong>ι</strong></span> <span class='ocrx_word' id='word_1_808' title='bbox 3169 3342 3428 3412; x_wconf 77' lang='grc' dir='ltr'>Μέμνησο</span> <span class='ocrx_word' id='word_1_809' title='bbox 3462 3345 3643 3405; x_wconf 80' lang='grc' dir='ltr'>πάλιν,</span> <span class='ocrx_word' id='word_1_810' title='bbox 3680 3348 3771 3402; x_wconf 75' lang='grc' dir='ltr'>ὅτι.</span> <span class='ocrx_word' id='word_1_811' title='bbox 3806 3355 3839 3405; x_wconf 72' lang='grc' dir='ltr'>ὁ</span> 
     </span>
    </p>
   </div>
   <div class='ocr_carea' id='block_1_98' title="bbox 2249 3433 3837 3507">
    <p class='ocr_par' dir='ltr' id='par_1_98' title="bbox 2249 3433 3837 3507">
     <span class='ocr_line' id='line_1_98' title="bbox 2249 3433 3837 3507; baseline -0.003 -17"><span class='ocrx_word' id='word_1_812' title='bbox 2249 3439 2379 3501; x_wconf 77' lang='grc' dir='ltr'>θεὸς</span> <span class='ocrx_word' id='word_1_813' title='bbox 2424 3438 2518 3491; x_wconf 75' lang='grc' dir='ltr'>καὶ</span> <span class='ocrx_word' id='word_1_814' title='bbox 2564 3436 2752 3507; x_wconf 86' lang='grc' dir='ltr'>Πατὴρ</span> <span class='ocrx_word' id='word_1_815' title='bbox 2786 3436 2941 3489; x_wconf 84' lang='grc' dir='ltr'>καλεῖ</span> <span class='ocrx_word' id='word_1_816' title='bbox 2982 3435 3115 3505; x_wconf 74' lang='grc' dir='ltr'>πρὸς</span> <span class='ocrx_word' id='word_1_817' title='bbox 3151 3435 3241 3486; x_wconf 80' lang='grc' dir='ltr'><strong>τὸν</strong></span> <span class='ocrx_word' id='word_1_818' title='bbox 3292 3433 3485 3484; x_wconf 87' lang='grc' dir='ltr'>ἐαυτοῦ</span> <span class='ocrx_word' id='word_1_819' title='bbox 3537 3436 3684 3492; x_wconf 82' lang='grc' dir='ltr'><strong>Υἱόν,</strong></span> <span class='ocrx_word' id='word_1_820' title='bbox 3710 3441 3837 3496; x_wconf 62' lang='grc' dir='ltr'><strong>Καὶ</strong></span> 
     </span>
    </p>
   </div>
   <div class='ocr_carea' id='block_1_99' title="bbox 2260 3511 3836 3601">
    <p class='ocr_par' dir='ltr' id='par_1_99' title="bbox 2260 3511 3836 3601">
     <span class='ocr_line' id='line_1_99' title="bbox 2260 3511 3836 3601; baseline -0.004 -18"><span class='ocrx_word' id='word_1_821' title='bbox 2260 3530 2577 3601; x_wconf 87' lang='grc' dir='ltr'>Ῥωμαίοις·</span> <span class='ocrx_word' id='word_1_822' title='bbox 2619 3548 2635 3577; x_wconf 78' lang='grc' dir='ltr'><strong>ι</strong></span> <span class='ocrx_word' id='word_1_823' title='bbox 2663 3525 2969 3598; x_wconf 80' lang='grc' dir='ltr'>Παρακαλῶ</span> <span class='ocrx_word' id='word_1_824' title='bbox 3007 3522 3097 3578; x_wconf 82' lang='grc' dir='ltr'><strong>οὖν</strong></span> <span class='ocrx_word' id='word_1_825' title='bbox 3126 3511 3287 3592; x_wconf 74' lang='grc' dir='ltr'>ὗμᾶς,</span> <span class='ocrx_word' id='word_1_826' title='bbox 3317 3524 3558 3596; x_wconf 71' lang='grc' dir='ltr'><strong>ἀδελφοὶ,</strong></span> <span class='ocrx_word' id='word_1_827' title='bbox 3589 3531 3681 3586; x_wconf 72' lang='grc' dir='ltr'>διὰ</span> <span class='ocrx_word' id='word_1_828' title='bbox 3711 3533 3836 3587; x_wconf 65' lang='grc' dir='ltr'><strong>τῶι</strong></span> 
     </span>
    </p>
   </div>
   <div class='ocr_carea' id='block_1_100' title="bbox 2247 3613 3835 3688">
    <p class='ocr_par' dir='ltr' id='par_1_100' title="bbox 2247 3613 3835 3688">
     <span class='ocr_line' id='line_1_100' title="bbox 2247 3613 3835 3688; baseline 0.001 -15"><span class='ocrx_word' id='word_1_829' title='bbox 2247 3620 2544 3688; x_wconf 73' lang='grc' dir='ltr'>οἰκτιρμῶν</span> <span class='ocrx_word' id='word_1_830' title='bbox 2593 3618 2686 3669; x_wconf 86' lang='grc' dir='ltr'><strong>τοῦ</strong></span> <span class='ocrx_word' id='word_1_831' title='bbox 2735 3614 2932 3667; x_wconf 76' lang='grc' dir='ltr'>Θεοῦ·ι</span> <span class='ocrx_word' id='word_1_832' title='bbox 2987 3615 3081 3666; x_wconf 78' lang='grc' dir='ltr'><strong>καὶ</strong></span> <span class='ocrx_word' id='word_1_833' title='bbox 3130 3613 3422 3677; x_wconf 81' lang='grc' dir='ltr'>Γαλάταις·</span> <span class='ocrx_word' id='word_1_834' title='bbox 3476 3636 3492 3668; x_wconf 77' lang='grc' dir='ltr'><strong>ι</strong></span> <span class='ocrx_word' id='word_1_835' title='bbox 3520 3620 3687 3673; x_wconf 83' lang='grc' dir='ltr'>Ὥστε</span> <span class='ocrx_word' id='word_1_836' title='bbox 3719 3624 3835 3677; x_wconf 73' lang='grc' dir='ltr'>οὐκ</span> 
     </span>
    </p>
   </div>
   <div class='ocr_carea' id='block_1_101' title="bbox 2249 3699 3832 3780">
    <p class='ocr_par' dir='ltr' id='par_1_101' title="bbox 2249 3699 3832 3780">
     <span class='ocr_line' id='line_1_101' title="bbox 2249 3699 3832 3780; baseline 0.002 -22"><span class='ocrx_word' id='word_1_837' title='bbox 2249 3706 2327 3758; x_wconf 81' lang='grc' dir='ltr'>ἔτι</span> <span class='ocrx_word' id='word_1_838' title='bbox 2358 3702 2407 3757; x_wconf 87' lang='grc' dir='ltr'>εἷ</span> <span class='ocrx_word' id='word_1_839' title='bbox 2439 3704 2641 3764; x_wconf 63' lang='grc' dir='ltr'>δοῦλος,</span> <span class='ocrx_word' id='word_1_840' title='bbox 2673 3700 2809 3754; x_wconf 79' lang='grc' dir='ltr'>ἀλλὰ</span> <span class='ocrx_word' id='word_1_841' title='bbox 2840 3700 2952 3762; x_wconf 87' lang='grc' dir='ltr'>υίός</span> <span class='ocrx_word' id='word_1_842' title='bbox 2971 3717 2983 3729; x_wconf 94' lang='grc'><strong>·</strong></span> <span class='ocrx_word' id='word_1_843' title='bbox 3019 3701 3067 3752; x_wconf 88' lang='grc' dir='ltr'><strong>εί</strong></span> <span class='ocrx_word' id='word_1_844' title='bbox 3093 3699 3149 3752; x_wconf 84' lang='grc' dir='ltr'><strong>δὲ</strong></span> <span class='ocrx_word' id='word_1_845' title='bbox 3181 3700 3316 3764; x_wconf 82' lang='grc' dir='ltr'>υίὸς.</span> <span class='ocrx_word' id='word_1_846' title='bbox 3344 3703 3437 3757; x_wconf 78' lang='grc' dir='ltr'><strong>καὶ</strong></span> <span class='ocrx_word' id='word_1_847' title='bbox 3476 3706 3832 3780; x_wconf 79' lang='grc' dir='ltr'>κληρονόμος</span> 
     </span>
    </p>
   </div>
   <div class='ocr_carea' id='block_1_102' title="bbox 2247 3788 3565 3847">
    <p class='ocr_par' dir='ltr' id='par_1_102' title="bbox 2247 3788 3565 3847">
     <span class='ocr_line' id='line_1_102' title="bbox 2247 3788 3565 3847; baseline -0.002 0"><span class='ocrx_word' id='word_1_848' title='bbox 2247 3795 2334 3847; x_wconf 86' lang='grc' dir='ltr'>διὰ</span> <span class='ocrx_word' id='word_1_849' title='bbox 2370 3794 2526 3846; x_wconf 85' lang='grc' dir='ltr'>Θεοῦ.</span> <span class='ocrx_word' id='word_1_850' title='bbox 2572 3810 2589 3841; x_wconf 70' lang='grc' dir='ltr'><strong>ι</strong></span> <span class='ocrx_word' id='word_1_851' title='bbox 3560 3788 3565 3791; x_wconf 69' lang='grc'><em>’</em></span> 
     </span>
    </p>
   </div>
   <div class='ocr_carea' id='block_1_103' title="bbox 2318 3880 3883 3965">
    <p class='ocr_par' dir='ltr' id='par_1_103' title="bbox 2318 3880 3883 3965">
     <span class='ocr_line' id='line_1_103' title="bbox 2318 3880 3883 3965; baseline 0.008 -31"><span class='ocrx_word' id='word_1_852' title='bbox 2318 3886 2453 3953; x_wconf 80' lang='grc' dir='ltr'>Περὶ</span> <span class='ocrx_word' id='word_1_853' title='bbox 2494 3882 2587 3935; x_wconf 90' lang='grc' dir='ltr'><strong>τοῦ</strong></span> <span class='ocrx_word' id='word_1_854' title='bbox 2632 3882 2784 3949; x_wconf 83' lang='grc' dir='ltr'>ἁγίου</span> <span class='ocrx_word' id='word_1_855' title='bbox 2822 3880 3129 3951; x_wconf 80' lang='grc' dir='ltr'>Πνεύματος</span> <span class='ocrx_word' id='word_1_856' title='bbox 3173 3883 3397 3948; x_wconf 82' lang='grc' dir='ltr'>Ἡσαΐας</span> <span class='ocrx_word' id='word_1_857' title='bbox 3430 3886 3540 3940; x_wconf 80' lang='grc' dir='ltr'><strong>ἀπὸ</strong></span> <span class='ocrx_word' id='word_1_858' title='bbox 3599 3888 3729 3959; x_wconf 81' lang='grc'>[200</span> <span class='ocrx_word' id='word_1_859' title='bbox 3759 3892 3825 3965; x_wconf 75' lang='grc' dir='ltr'><strong>ὁ]</strong></span> <span class='ocrx_word' id='word_1_860' title='bbox 3874 3954 3883 3960; x_wconf 24' lang='grc' dir='ltr'><strong><em>κ</em></strong></span> 
     </span>
    </p>
   </div>
   <div class='ocr_carea' id='block_1_104' title="bbox 2245 3973 3825 4051">
    <p class='ocr_par' dir='ltr' id='par_1_104' title="bbox 2245 3973 3825 4051">
     <span class='ocr_line' id='line_1_104' title="bbox 2245 3973 3825 4051; baseline 0.004 -23"><span class='ocrx_word' id='word_1_861' title='bbox 2245 3975 2340 4028; x_wconf 84' lang='grc' dir='ltr'><strong>τοῦ</strong></span> <span class='ocrx_word' id='word_1_862' title='bbox 2399 3974 2637 4044; x_wconf 87' lang='grc' dir='ltr'>Πατρός·</span> <span class='ocrx_word' id='word_1_863' title='bbox 2696 3994 2713 4024; x_wconf 76' lang='grc' dir='ltr'><strong>ι</strong></span> <span class='ocrx_word' id='word_1_864' title='bbox 2773 3973 2974 4042; x_wconf 79' lang='grc' dir='ltr'>Βουλὴν</span> <span class='ocrx_word' id='word_1_865' title='bbox 3039 3976 3336 4045; x_wconf 78' lang='grc' dir='ltr'>ἐποιήσατε</span> <span class='ocrx_word' id='word_1_866' title='bbox 3396 3979 3457 4030; x_wconf 86' lang='grc' dir='ltr'><strong>οὐ</strong></span> <span class='ocrx_word' id='word_1_867' title='bbox 3519 3979 3585 4032; x_wconf 82' lang='grc' dir='ltr'><strong>δι’</strong></span> <span class='ocrx_word' id='word_1_868' title='bbox 3632 3982 3770 4051; x_wconf 81' lang='grc' dir='ltr'>ἐμοῦ</span> <span class='ocrx_word' id='word_1_869' title='bbox 3805 4026 3825 4047; x_wconf 85' lang='grc'>,</span> 
     </span>
    </p>
   </div>
   <div class='ocr_carea' id='block_1_105' title="bbox 2249 4064 3825 4137">
    <p class='ocr_par' dir='ltr' id='par_1_105' title="bbox 2249 4064 3825 4137">
     <span class='ocr_line' id='line_1_105' title="bbox 2249 4064 3825 4137; baseline 0.001 -16"><span class='ocrx_word' id='word_1_870' title='bbox 2249 4067 2343 4121; x_wconf 70' lang='grc' dir='ltr'><strong>καὶ</strong></span> <span class='ocrx_word' id='word_1_871' title='bbox 2373 4066 2643 4136; x_wconf 81' lang='grc' dir='ltr'>συνθήκας</span> <span class='ocrx_word' id='word_1_872' title='bbox 2688 4066 2747 4117; x_wconf 84' lang='grc' dir='ltr'><strong>οὐ</strong></span> <span class='ocrx_word' id='word_1_873' title='bbox 2801 4064 2892 4118; x_wconf 76' lang='grc' dir='ltr'><strong>διὰ</strong></span> <span class='ocrx_word' id='word_1_874' title='bbox 2917 4065 3011 4118; x_wconf 84' lang='grc' dir='ltr'><strong>τοῦ</strong></span> <span class='ocrx_word' id='word_1_875' title='bbox 3044 4066 3360 4135; x_wconf 84' lang='grc' dir='ltr'>Πνεύματός</span> <span class='ocrx_word' id='word_1_876' title='bbox 3390 4085 3491 4137; x_wconf 87' lang='grc' dir='ltr'><strong>μου</strong></span> <span class='ocrx_word' id='word_1_877' title='bbox 3517 4086 3529 4099; x_wconf 93' lang='grc'><strong>·</strong></span> <span class='ocrx_word' id='word_1_878' title='bbox 3553 4091 3571 4121; x_wconf 73' lang='grc' dir='ltr'><strong>ι</strong></span> <span class='ocrx_word' id='word_1_879' title='bbox 3606 4071 3825 4137; x_wconf 83' lang='grc' dir='ltr'>Παῦλος</span> 
     </span>
    </p>
   </div>
   <div class='ocr_carea' id='block_1_106' title="bbox 2247 4157 3821 4230">
    <p class='ocr_par' dir='ltr' id='par_1_106' title="bbox 2247 4157 3821 4230">
     <span class='ocr_line' id='line_1_106' title="bbox 2247 4157 3821 4230; baseline 0.001 -17"><span class='ocrx_word' id='word_1_880' title='bbox 2247 4158 2584 4230; x_wconf 87' lang='grc' dir='ltr'>Κορινθίοις·</span> <span class='ocrx_word' id='word_1_881' title='bbox 2623 4177 2641 4208; x_wconf 73' lang='grc' dir='ltr'><strong>ι</strong></span> <span class='ocrx_word' id='word_1_882' title='bbox 2697 4159 2857 4227; x_wconf 82' lang='grc' dir='ltr'>Ἡμῖν</span> <span class='ocrx_word' id='word_1_883' title='bbox 2920 4157 3266 4226; x_wconf 67' lang='grc' dir='ltr'>ἀπεκάλυψεν</span> <span class='ocrx_word' id='word_1_884' title='bbox 3306 4160 3335 4210; x_wconf 81' lang='grc' dir='ltr'>ὁ</span> <span class='ocrx_word' id='word_1_885' title='bbox 3401 4160 3533 4222; x_wconf 68' lang='grc' dir='ltr'>Θεὸς</span> <span class='ocrx_word' id='word_1_886' title='bbox 3571 4160 3658 4214; x_wconf 83' lang='grc' dir='ltr'><strong>διὰ</strong></span> <span class='ocrx_word' id='word_1_887' title='bbox 3719 4164 3821 4216; x_wconf 84' lang='grc' dir='ltr'><strong>τοῦ</strong></span> 
     </span>
    </p>
   </div>
   <div class='ocr_carea' id='block_1_107' title="bbox 2245 4249 3818 4324">
    <p class='ocr_par' dir='ltr' id='par_1_107' title="bbox 2245 4249 3818 4324">
     <span class='ocr_line' id='line_1_107' title="bbox 2245 4249 3818 4324; baseline 0 -18"><span class='ocrx_word' id='word_1_888' title='bbox 2245 4253 2559 4323; x_wconf 76' lang='grc' dir='ltr'>Πνεῦματος</span> <span class='ocrx_word' id='word_1_889' title='bbox 2595 4252 2787 4305; x_wconf 72' lang='grc' dir='ltr'>αὑτοῦ·</span> <span class='ocrx_word' id='word_1_890' title='bbox 2825 4251 2885 4303; x_wconf 78' lang='grc' dir='ltr'>τὸ</span> <span class='ocrx_word' id='word_1_891' title='bbox 2940 4250 3048 4319; x_wconf 79' lang='grc' dir='ltr'>γὰρ</span> <span class='ocrx_word' id='word_1_892' title='bbox 3103 4249 3327 4320; x_wconf 83' lang='grc' dir='ltr'>Πνεῦμα</span> <span class='ocrx_word' id='word_1_893' title='bbox 3381 4250 3558 4305; x_wconf 86' lang='grc' dir='ltr'>πάντα</span> <span class='ocrx_word' id='word_1_894' title='bbox 3594 4254 3818 4324; x_wconf 77' lang='grc' dir='ltr'>ἐρευνᾷ,</span> 
     </span>
    </p>
   </div>
   <div class='ocr_carea' id='block_1_108' title="bbox 2247 4333 3818 4411">
    <p class='ocr_par' dir='ltr' id='par_1_108' title="bbox 2247 4333 3818 4411">
     <span class='ocr_line' id='line_1_108' title="bbox 2247 4333 3818 4411; baseline 0 -17"><span class='ocrx_word' id='word_1_895' title='bbox 2247 4342 2341 4395; x_wconf 63' lang='grc' dir='ltr'>καὶ</span> <span class='ocrx_word' id='word_1_896' title='bbox 2373 4341 2441 4395; x_wconf 75' lang='grc' dir='ltr'><strong>τὰ</strong></span> <span class='ocrx_word' id='word_1_897' title='bbox 2487 4339 2625 4410; x_wconf 77' lang='grc' dir='ltr'><strong>βάθη</strong></span> <span class='ocrx_word' id='word_1_898' title='bbox 2673 4340 2764 4391; x_wconf 84' lang='grc' dir='ltr'><strong>τοῦ</strong></span> <span class='ocrx_word' id='word_1_899' title='bbox 2809 4338 2971 4391; x_wconf 86' lang='grc' dir='ltr'>Θεοῦ·</span> <span class='ocrx_word' id='word_1_900' title='bbox 2998 4356 3017 4389; x_wconf 72' lang='grc' dir='ltr'><strong>ι</strong></span> <span class='ocrx_word' id='word_1_901' title='bbox 3073 4338 3167 4389; x_wconf 74' lang='grc' dir='ltr'>καὶ</span> <span class='ocrx_word' id='word_1_902' title='bbox 3198 4337 3357 4389; x_wconf 77' lang='grc' dir='ltr'>πάλιν</span> <span class='ocrx_word' id='word_1_903' title='bbox 3379 4354 3391 4366; x_wconf 91' lang='grc'><strong>·</strong></span> <span class='ocrx_word' id='word_1_904' title='bbox 3432 4357 3451 4388; x_wconf 72' lang='grc' dir='ltr'><strong>ι</strong></span> <span class='ocrx_word' id='word_1_905' title='bbox 3477 4333 3544 4407; x_wconf 81' lang='grc' dir='ltr'>ᾯ</span> <span class='ocrx_word' id='word_1_906' title='bbox 3574 4340 3670 4408; x_wconf 87' lang='grc' dir='ltr'><strong>μὲν</strong></span> <span class='ocrx_word' id='word_1_907' title='bbox 3702 4342 3818 4411; x_wconf 77' lang='grc' dir='ltr'><strong>γὰρ</strong></span> 
     </span>
    </p>
   </div>
   <div class='ocr_carea' id='block_1_109' title="bbox 2169 4538 3808 4613">
    <p class='ocr_par' dir='ltr' id='par_1_109' title="bbox 2169 4538 3808 4613">
     <span class='ocr_line' id='line_1_109' title="bbox 2169 4538 3808 4613; baseline -0.002 -17"><span class='ocrx_word' id='word_1_908' title='bbox 2169 4558 2212 4610; x_wconf 83' lang='grc' dir='ltr'>ι)</span> <span class='ocrx_word' id='word_1_909' title='bbox 2241 4542 2518 4612; x_wconf 82' lang='grc' dir='ltr'>τάγματος</span> <span class='ocrx_word' id='word_1_910' title='bbox 2545 4543 2771 4613; x_wconf 76' lang='grc' dir='ltr'>Κυρίου,</span> <span class='ocrx_word' id='word_1_911' title='bbox 2791 4543 2842 4593; x_wconf 89' lang='lat' dir='ltr'><strong>id</strong></span> <span class='ocrx_word' id='word_1_912' title='bbox 2873 4550 2972 4613; x_wconf 85' lang='lat' dir='ltr'><strong>est,</strong></span> <span class='ocrx_word' id='word_1_913' title='bbox 3004 4558 3020 4589; x_wconf 71' lang='grc' dir='ltr'><strong>ι</strong></span> <span class='ocrx_word' id='word_1_914' title='bbox 3058 4538 3116 4613; x_wconf 77' lang='lat' dir='ltr'><strong>Et</strong></span> <span class='ocrx_word' id='word_1_915' title='bbox 3144 4541 3413 4613; x_wconf 73' lang='lat' dir='ltr'><strong>tumulavit</strong></span> <span class='ocrx_word' id='word_1_916' title='bbox 3442 4540 3646 4610; x_wconf 75' lang='lat' dir='ltr'><strong>Moyses</strong></span> <span class='ocrx_word' id='word_1_917' title='bbox 3686 4540 3808 4593; x_wconf 76' lang='lat' dir='ltr'><strong>filiis</strong></span> 
     </span>
    </p>
   </div>
   <div class='ocr_carea' id='block_1_110' title="bbox 2251 4610 3682 4685">
    <p class='ocr_par' dir='ltr' id='par_1_110' title="bbox 2251 4610 3682 4685">
     <span class='ocr_line' id='line_1_110' title="bbox 2251 4610 3682 4685; baseline -0.004 -22"><span class='ocrx_word' id='word_1_918' title='bbox 2251 4610 2432 4671; x_wconf 64' lang='lat' dir='ltr'><strong>Israel,</strong></span> <span class='ocrx_word' id='word_1_919' title='bbox 2476 4629 2569 4675; x_wconf 75' lang='lat' dir='ltr'><strong>per</strong></span> <span class='ocrx_word' id='word_1_920' title='bbox 2594 4610 2917 4685; x_wconf 71' lang='lat' dir='ltr'><strong>pt&#39;:l’t‘.4_‘|lltltll</strong></span> <span class='ocrx_word' id='word_1_921' title='bbox 2959 4610 3185 4685; x_wconf 67' lang='lat' dir='ltr'><strong>Domini.</strong></span> <span class='ocrx_word' id='word_1_922' title='bbox 3220 4627 3238 4659; x_wconf 73' lang='grc' dir='ltr'><strong>ι</strong></span> <span class='ocrx_word' id='word_1_923' title='bbox 3327 4661 3363 4685; x_wconf 38' lang='grc' dir='ltr'><strong>ἢ,</strong></span> <span class='ocrx_word' id='word_1_924' title='bbox 3653 4677 3682 4685; x_wconf 42' lang='grc' dir='ltr'><strong>υ</strong></span> 
     </span>
    </p>
   </div>
   <div class='ocr_carea' id='block_1_111' title="bbox 2322 4677 3793 4751">
    <p class='ocr_par' dir='ltr' id='par_1_111' title="bbox 2322 4677 3793 4751">
     <span class='ocr_line' id='line_1_111' title="bbox 2322 4677 3793 4751; baseline -0.004 -17"><span class='ocrx_word' id='word_1_925' title='bbox 2322 4677 2680 4751; x_wconf 44' lang='lat' dir='ltr'><strong>(HLNOItne.</strong></span> <span class='ocrx_word' id='word_1_926' title='bbox 2721 4680 2856 4751; x_wconf 80' lang='lat' dir='ltr'><strong>Gen.</strong></span> <span class='ocrx_word' id='word_1_927' title='bbox 2901 4694 2998 4751; x_wconf 58' lang='lat' dir='ltr'><strong>aL,</strong></span> <span class='ocrx_word' id='word_1_928' title='bbox 3036 4679 3087 4736; x_wconf 74' lang='grc'>8.</span> <span class='ocrx_word' id='word_1_929' title='bbox 3124 4678 3270 4740; x_wconf 74' lang='lat' dir='ltr'><strong>juttla</strong></span> <span class='ocrx_word' id='word_1_930' title='bbox 3308 4677 3563 4751; x_wconf 56' lang='lat' dir='ltr'><strong>ﬁnieram</strong></span> <span class='ocrx_word' id='word_1_931' title='bbox 3603 4677 3793 4730; x_wconf 83' lang='lat' dir='ltr'><strong>editio-</strong></span> 
     </span>
    </p>
   </div>
   <div class='ocr_carea' id='block_1_112' title="bbox 2250 4748 3565 4816">
    <p class='ocr_par' dir='ltr' id='par_1_112' title="bbox 2250 4748 3565 4816">
     <span class='ocr_line' id='line_1_112' title="bbox 2250 4748 3565 4816; baseline -0.002 -15"><span class='ocrx_word' id='word_1_932' title='bbox 2250 4748 2392 4803; x_wconf 84' lang='lat' dir='ltr'><strong>nem.</strong></span> <span class='ocrx_word' id='word_1_933' title='bbox 2444 4749 2698 4816; x_wconf 67' lang='lat' dir='ltr'><strong>Vulgatus</strong></span> <span class='ocrx_word' id='word_1_934' title='bbox 2727 4749 2867 4801; x_wconf 88' lang='lat' dir='ltr'><strong>enim</strong></span> <span class='ocrx_word' id='word_1_935' title='bbox 2904 4749 3165 4809; x_wconf 68' lang='lat' dir='ltr'><strong>illlt‘l‘pl‘C:</strong></span> <span class='ocrx_word' id='word_1_936' title='bbox 3200 4748 3357 4811; x_wconf 76' lang='lat' dir='ltr'><strong>paulo</strong></span> <span class='ocrx_word' id='word_1_937' title='bbox 3390 4749 3565 4801; x_wconf 75' lang='lat' dir='ltr'><strong>aliter.</strong></span> 
     </span>
    </p>
   </div>
   <div class='ocr_carea' id='block_1_113' title="bbox 2321 4815 3135 4886">
    <p class='ocr_par' dir='ltr' id='par_1_113' title="bbox 2321 4815 3135 4886">
     <span class='ocr_line' id='line_1_113' title="bbox 2321 4815 3135 4886; baseline -0.007 -16"><span class='ocrx_word' id='word_1_938' title='bbox 2321 4820 2430 4886; x_wconf 77' lang='grc'>(18)</span> <span class='ocrx_word' id='word_1_939' title='bbox 2495 4815 2733 4870; x_wconf 64' lang='grc' dir='ltr'>Πὲτείιηι.</span> <span class='ocrx_word' id='word_1_940' title='bbox 2774 4817 2931 4870; x_wconf 90' lang='lat' dir='ltr'><strong>Ilehr.</strong></span> <span class='ocrx_word' id='word_1_941' title='bbox 2966 4831 3024 4873; x_wconf 86' lang='lat' dir='ltr'><strong>ll,</strong></span> <span class='ocrx_word' id='word_1_942' title='bbox 3051 4815 3135 4866; x_wconf 86' lang='grc'><strong>10.</strong></span> 
     </span>
    </p>
   </div>
   <div class='ocr_carea' id='block_1_114' title="bbox 2318 4884 3801 4955">
    <p class='ocr_par' dir='ltr' id='par_1_114' title="bbox 2318 4884 3801 4955">
     <span class='ocr_line' id='line_1_114' title="bbox 2318 4884 3801 4955; baseline -0.001 -14"><span class='ocrx_word' id='word_1_943' title='bbox 2318 4884 2426 4955; x_wconf 85' lang='grc'>(19)</span> <span class='ocrx_word' id='word_1_944' title='bbox 2468 4888 2667 4940; x_wconf 70' lang='lat' dir='ltr'><strong>Erexit.</strong></span> <span class='ocrx_word' id='word_1_945' title='bbox 2701 4888 2881 4939; x_wconf 81' lang='lat' dir='ltr'><strong>Cra-ca</strong></span> <span class='ocrx_word' id='word_1_946' title='bbox 2906 4887 3087 4941; x_wconf 88' lang='lat' dir='ltr'><strong>editio,</strong></span> <span class='ocrx_word' id='word_1_947' title='bbox 3116 4884 3407 4950; x_wconf 78' lang='grc' dir='ltr'>ἀγαγόντα,</span> <span class='ocrx_word' id='word_1_948' title='bbox 3439 4884 3490 4937; x_wconf 89' lang='lat' dir='ltr'><strong>id</strong></span> <span class='ocrx_word' id='word_1_949' title='bbox 3522 4893 3626 4949; x_wconf 61' lang='lat' dir='ltr'><strong>est,</strong></span> <span class='ocrx_word' id='word_1_950' title='bbox 3658 4905 3675 4936; x_wconf 76' lang='grc' dir='ltr'><strong>ι</strong></span> <span class='ocrx_word' id='word_1_951' title='bbox 3713 4886 3801 4955; x_wconf 87' lang='lat' dir='ltr'><strong>qui</strong></span> 
     </span>
    </p>
   </div>
   <div class='ocr_carea' id='block_1_115' title="bbox 2240 4955 3256 5025">
    <p class='ocr_par' dir='ltr' id='par_1_115' title="bbox 2240 4955 3256 5025">
     <span class='ocr_line' id='line_1_115' title="bbox 2240 4955 3256 5025; baseline -0.001 -18"><span class='ocrx_word' id='word_1_952' title='bbox 2240 4957 2485 5025; x_wconf 75' lang='lat' dir='ltr'><strong>adduxit.</strong></span> <span class='ocrx_word' id='word_1_953' title='bbox 2524 4976 2542 5007; x_wconf 73' lang='grc' dir='ltr'><strong>ι</strong></span> <span class='ocrx_word' id='word_1_954' title='bbox 2588 4958 2859 5025; x_wconf 80' lang='lat' dir='ltr'><strong>Didymus.</strong></span> <span class='ocrx_word' id='word_1_955' title='bbox 2897 4955 3256 5025; x_wconf 79' lang='grc' dir='ltr'>ἀναγαγόντα.</span> 
     </span>
    </p>
   </div>
   <div class='ocr_carea' id='block_1_116' title="bbox 2313 5023 3097 5093">
    <p class='ocr_par' dir='ltr' id='par_1_116' title="bbox 2313 5023 3097 5093">
     <span class='ocr_line' id='line_1_116' title="bbox 2313 5023 3097 5093; baseline -0.003 -16"><span class='ocrx_word' id='word_1_956' title='bbox 2313 5026 2423 5093; x_wconf 84' lang='grc'>(20)</span> <span class='ocrx_word' id='word_1_957' title='bbox 2468 5023 2697 5076; x_wconf 65' lang='lat' dir='ltr'><strong>Paulus.</strong></span> <span class='ocrx_word' id='word_1_958' title='bbox 2733 5026 2937 5076; x_wconf 65' lang='lat' dir='ltr'><strong>(,loloss.</strong></span> <span class='ocrx_word' id='word_1_959' title='bbox 2979 5040 3012 5083; x_wconf 91' lang='lat' dir='ltr'><strong>t,</strong></span> <span class='ocrx_word' id='word_1_960' title='bbox 3046 5023 3097 5075; x_wconf 81' lang='grc'><strong>1.</strong></span> 
     </span>
    </p>
   </div>
   <div class='ocr_carea' id='block_1_117' title="bbox 2312 5093 3067 5160">
    <p class='ocr_par' dir='ltr' id='par_1_117' title="bbox 2312 5093 3067 5160">
     <span class='ocr_line' id='line_1_117' title="bbox 2312 5093 3067 5160; baseline 0 -15"><span class='ocrx_word' id='word_1_961' title='bbox 2312 5095 2423 5160; x_wconf 86' lang='grc'>(21)</span> <span class='ocrx_word' id='word_1_962' title='bbox 2466 5093 2680 5145; x_wconf 82' lang='lat' dir='ltr'><strong>Fidelis.</strong></span> <span class='ocrx_word' id='word_1_963' title='bbox 2718 5093 2731 5144; x_wconf 90' lang='lat' dir='ltr'><strong>I</strong></span> <span class='ocrx_word' id='word_1_964' title='bbox 2770 5093 2894 5145; x_wconf 78' lang='lat' dir='ltr'><strong>Cur.</strong></span> <span class='ocrx_word' id='word_1_965' title='bbox 2937 5109 2973 5154; x_wconf 89' lang='lat' dir='ltr'><strong>I,</strong></span> <span class='ocrx_word' id='word_1_966' title='bbox 3016 5094 3067 5145; x_wconf 87' lang='lat'><strong>9.</strong></span> 
     </span>
    </p>
   </div>
   <div class='ocr_carea' id='block_1_118' title="bbox 2313 5162 3206 5232">
    <p class='ocr_par' dir='ltr' id='par_1_118' title="bbox 2313 5162 3206 5232">
     <span class='ocr_line' id='line_1_118' title="bbox 2313 5162 3206 5232; baseline -0.001 -18"><span class='ocrx_word' id='word_1_967' title='bbox 2313 5164 2423 5227; x_wconf 78' lang='grc'>(22)</span> <span class='ocrx_word' id='word_1_968' title='bbox 2464 5162 2686 5232; x_wconf 79' lang='lat' dir='ltr'><strong>Hortor.</strong></span> <span class='ocrx_word' id='word_1_969' title='bbox 2727 5163 2878 5213; x_wconf 76' lang='lat' dir='ltr'><strong>lion).</strong></span> <span class='ocrx_word' id='word_1_970' title='bbox 2916 5178 3012 5222; x_wconf 76' lang='lat' dir='ltr'><strong>xu,</strong></span> <span class='ocrx_word' id='word_1_971' title='bbox 3192 5223 3206 5232; x_wconf 44' lang='grc' dir='ltr'><strong>ο</strong></span> 
     </span>
    </p>
   </div>
   <div class='ocr_carea' id='block_1_119' title="bbox 2314 5231 3098 5299">
    <p class='ocr_par' dir='ltr' id='par_1_119' title="bbox 2314 5231 3098 5299">
     <span class='ocr_line' id='line_1_119' title="bbox 2314 5231 3098 5299; baseline -0.001 -16"><span class='ocrx_word' id='word_1_972' title='bbox 2314 5234 2424 5299; x_wconf 74' lang='grc'>(25)</span> <span class='ocrx_word' id='word_1_973' title='bbox 2466 5231 2667 5298; x_wconf 80' lang='lat' dir='ltr'><strong>Itaque.</strong></span> <span class='ocrx_word' id='word_1_974' title='bbox 2717 5232 2893 5283; x_wconf 68' lang='lat' dir='ltr'><strong>Iialat.</strong></span> <span class='ocrx_word' id='word_1_975' title='bbox 2936 5246 3009 5291; x_wconf 79' lang='lat' dir='ltr'><strong>tv,</strong></span> <span class='ocrx_word' id='word_1_976' title='bbox 3044 5231 3098 5282; x_wconf 90' lang='lat'><strong>7.</strong></span> 
     </span>
    </p>
   </div>
   <div class='ocr_carea' id='block_1_120' title="bbox 2322 5300 3802 5371">
    <p class='ocr_par' dir='ltr' id='par_1_120' title="bbox 2322 5300 3802 5371">
     <span class='ocr_line' id='line_1_120' title="bbox 2322 5300 3802 5371; baseline -0.001 -17"><span class='ocrx_word' id='word_1_977' title='bbox 2322 5301 2432 5371; x_wconf 66' lang='grc'>(24)</span> <span class='ocrx_word' id='word_1_978' title='bbox 2477 5300 2656 5353; x_wconf 57' lang='lat' dir='ltr'><strong>Ilua-es</strong></span> <span class='ocrx_word' id='word_1_979' title='bbox 2678 5318 2767 5366; x_wconf 80' lang='lat' dir='ltr'><strong>per</strong></span> <span class='ocrx_word' id='word_1_980' title='bbox 2791 5300 2972 5352; x_wconf 84' lang='lat' dir='ltr'><strong>Deum.</strong></span> <span class='ocrx_word' id='word_1_981' title='bbox 3007 5300 3258 5369; x_wconf 81' lang='lat' dir='ltr'><strong>Vulgalus</strong></span> <span class='ocrx_word' id='word_1_982' title='bbox 3299 5303 3563 5369; x_wconf 66' lang='lat' dir='ltr'><strong>interpres</strong></span> <span class='ocrx_word' id='word_1_983' title='bbox 3588 5344 3599 5366; x_wconf 89' lang='lat'><strong>,</strong></span> <span class='ocrx_word' id='word_1_984' title='bbox 3629 5310 3680 5354; x_wconf 89' lang='lat' dir='ltr'><strong>et</strong></span> <span class='ocrx_word' id='word_1_985' title='bbox 3710 5315 3802 5353; x_wconf 77' lang='lat' dir='ltr'><strong>cu-</strong></span> 
     </span>
    </p>
   </div>
   <div class='ocr_carea' id='block_1_121' title="bbox 2240 5371 3796 5438">
    <p class='ocr_par' dir='ltr' id='par_1_121' title="bbox 2240 5371 3796 5438">
     <span class='ocr_line' id='line_1_121' title="bbox 2240 5371 3796 5438; baseline -0.002 -15"><span class='ocrx_word' id='word_1_986' title='bbox 2240 5372 2376 5425; x_wconf 83' lang='lat' dir='ltr'><strong>dicis</strong></span> <span class='ocrx_word' id='word_1_987' title='bbox 2418 5372 2762 5423; x_wconf 66' lang='lat' dir='ltr'><strong>Alrxnlltil‘llli</strong></span> <span class='ocrx_word' id='word_1_988' title='bbox 2817 5374 3047 5436; x_wconf 72' lang='lat' dir='ltr'><strong>Scriptor</strong></span> <span class='ocrx_word' id='word_1_989' title='bbox 3099 5373 3223 5434; x_wconf 69' lang='lat' dir='ltr'><strong>lt-git</strong></span> <span class='ocrx_word' id='word_1_990' title='bbox 3270 5385 3323 5423; x_wconf 90' lang='lat' dir='ltr'><strong>ut</strong></span> <span class='ocrx_word' id='word_1_991' title='bbox 3377 5375 3639 5438; x_wconf 70' lang='lat' dir='ltr'><strong>Didymus.</strong></span> <span class='ocrx_word' id='word_1_992' title='bbox 3691 5371 3796 5421; x_wconf 82' lang='lat' dir='ltr'><strong>Sed</strong></span> 
     </span>
    </p>
   </div>
   <div class='ocr_carea' id='block_1_122' title="bbox 2240 5439 3793 5513">
    <p class='ocr_par' dir='ltr' id='par_1_122' title="bbox 2240 5439 3793 5513">
     <span class='ocr_line' id='line_1_122' title="bbox 2240 5439 3793 5513; baseline -0.004 -18"><span class='ocrx_word' id='word_1_993' title='bbox 2240 5442 2425 5495; x_wconf 81' lang='lat' dir='ltr'><strong>Graeca</strong></span> <span class='ocrx_word' id='word_1_994' title='bbox 2456 5440 2617 5513; x_wconf 83' lang='lat' dir='ltr'><strong>editio</strong></span> <span class='ocrx_word' id='word_1_995' title='bbox 2645 5455 2785 5513; x_wconf 84' lang='lat' dir='ltr'><strong>nunc</strong></span> <span class='ocrx_word' id='word_1_996' title='bbox 2815 5439 2971 5513; x_wconf 54' lang='lat' dir='ltr'><strong>habet</strong></span> <span class='ocrx_word' id='word_1_997' title='bbox 2993 5456 3014 5513; x_wconf 73' lang='grc' dir='ltr'><strong>Δε</strong></span> <span class='ocrx_word' id='word_1_998' title='bbox 3044 5439 3374 5513; x_wconf 61' lang='grc' dir='ltr'>κληρονόμος</span> <span class='ocrx_word' id='word_1_999' title='bbox 3399 5442 3531 5493; x_wconf 82' lang='grc' dir='ltr'>Θεοῦ</span> <span class='ocrx_word' id='word_1_1000' title='bbox 3556 5439 3640 5513; x_wconf 72' lang='grc' dir='ltr'>διᾲ</span> <span class='ocrx_word' id='word_1_1001' title='bbox 3669 5439 3707 5488; x_wconf 83' lang='grc' dir='ltr'>Χ</span> <span class='ocrx_word' id='word_1_1002' title='bbox 3717 5454 3793 5505; x_wconf 77' lang='grc' dir='ltr'>ρι-</span> 
     </span>
    </p>
   </div>
   <div class='ocr_carea' id='block_1_123' title="bbox 2242 5508 3513 5573">
    <p class='ocr_par' dir='ltr' id='par_1_123' title="bbox 2242 5508 3513 5573">
     <span class='ocr_line' id='line_1_123' title="bbox 2242 5508 3513 5573; baseline -0.001 -12"><span class='ocrx_word' id='word_1_1003' title='bbox 2242 5511 2389 5571; x_wconf 84' lang='grc' dir='ltr'>στοῦ,</span> <span class='ocrx_word' id='word_1_1004' title='bbox 2428 5510 2477 5563; x_wconf 88' lang='lat' dir='ltr'><strong>id</strong></span> <span class='ocrx_word' id='word_1_1005' title='bbox 2509 5518 2607 5571; x_wconf 87' lang='lat' dir='ltr'><strong>est,</strong></span> <span class='ocrx_word' id='word_1_1006' title='bbox 2653 5528 2667 5558; x_wconf 77' lang='grc' dir='ltr'><strong>ι</strong></span> <span class='ocrx_word' id='word_1_1007' title='bbox 2714 5512 2881 5563; x_wconf 76' lang='lat' dir='ltr'><strong>Ineres</strong></span> <span class='ocrx_word' id='word_1_1008' title='bbox 2915 5508 3004 5559; x_wconf 71' lang='lat' dir='ltr'><strong>Dei</strong></span> <span class='ocrx_word' id='word_1_1009' title='bbox 3040 5508 3454 5573; x_wconf 70' lang='lat' dir='ltr'><strong>pet-Christum.</strong></span> <span class='ocrx_word' id='word_1_1010' title='bbox 3495 5530 3513 5560; x_wconf 71' lang='grc' dir='ltr'><strong>ι</strong></span> 
     </span>
    </p>
   </div>
   <div class='ocr_carea' id='block_1_124' title="bbox 2311 5578 3147 5645">
    <p class='ocr_par' dir='ltr' id='par_1_124' title="bbox 2311 5578 3147 5645">
     <span class='ocr_line' id='line_1_124' title="bbox 2311 5578 3147 5645; baseline 0 -14"><span class='ocrx_word' id='word_1_1011' title='bbox 2311 5580 2422 5645; x_wconf 77' lang='grc'>(25)</span> <span class='ocrx_word' id='word_1_1012' title='bbox 2463 5578 2768 5631; x_wconf 66' lang='lat' dir='ltr'><strong>Consilium.</strong></span> <span class='ocrx_word' id='word_1_1013' title='bbox 2803 5580 2899 5631; x_wconf 87' lang='lat' dir='ltr'><strong>lsa.</strong></span> <span class='ocrx_word' id='word_1_1014' title='bbox 2936 5594 3064 5641; x_wconf 73' lang='lat' dir='ltr'><strong>xxx,</strong></span> <span class='ocrx_word' id='word_1_1015' title='bbox 3103 5581 3147 5631; x_wconf 90' lang='grc'><strong>1.</strong></span> 
     </span>
    </p>
   </div>
   <div class='ocr_carea' id='block_1_125' title="bbox 2309 5646 3764 5725">
    <p class='ocr_par' dir='ltr' id='par_1_125' title="bbox 2309 5646 3764 5725">
     <span class='ocr_line' id='line_1_125' title="bbox 2309 5646 3764 5725; baseline -0.001 -25"><span class='ocrx_word' id='word_1_1016' title='bbox 2469 5648 2940 5725; x_wconf 33' lang='grc' dir='ltr'><strong>(γοὺὶξηΙ-(Σοικιι,</strong></span> <span class='ocrx_word' id='word_1_1017' title='bbox 2980 5646 3119 5725; x_wconf 48' lang='grc' dir='ltr'>10.Λ</span> <span class='ocrx_word' id='word_1_1018' title='bbox 3228 5717 3239 5725; x_wconf 80' lang='lat'><strong>_</strong></span> <span class='ocrx_word' id='word_1_1019' title='bbox 3333 5715 3344 5725; x_wconf 82' lang='lat'>_</span> <span class='ocrx_word' id='word_1_1020' title='bbox 3520 5718 3533 5725; x_wconf 84' lang='lat'>_</span> <span class='ocrx_word' id='word_1_1021' title='bbox 3636 5716 3647 5725; x_wconf 40' lang='lat'><em>.</em></span> <span class='ocrx_word' id='word_1_1022' title='bbox 3711 5714 3764 5725; x_wconf 47' lang='grc' dir='ltr'><em>Ν</em></span> 
     </span>
    </p>
   </div>
   <div class='ocr_carea' id='block_1_126' title="bbox 2308 5714 3794 5791">
    <p class='ocr_par' dir='ltr' id='par_1_126' title="bbox 2308 5714 3794 5791">
     <span class='ocr_line' id='line_1_126' title="bbox 2308 5714 3794 5791; baseline -0.001 -24"><span class='ocrx_word' id='word_1_1023' title='bbox 2308 5714 2420 5791; x_wconf 69' lang='lat'>(‘27)</span> <span class='ocrx_word' id='word_1_1024' title='bbox 2460 5714 2564 5771; x_wconf 80' lang='lat' dir='ltr'><strong>Per</strong></span> <span class='ocrx_word' id='word_1_1025' title='bbox 2589 5718 2843 5786; x_wconf 80' lang='lat' dir='ltr'><strong>Spiritum</strong></span> <span class='ocrx_word' id='word_1_1026' title='bbox 2879 5733 3050 5771; x_wconf 78' lang='lat' dir='ltr'><strong>suum.</strong></span> <span class='ocrx_word' id='word_1_1027' title='bbox 3082 5717 3303 5783; x_wconf 85' lang='lat' dir='ltr'><strong>Quoties</strong></span> <span class='ocrx_word' id='word_1_1028' title='bbox 3333 5715 3445 5770; x_wconf 71' lang='lat' dir='ltr'><strong>hmo</strong></span> <span class='ocrx_word' id='word_1_1029' title='bbox 3486 5716 3674 5772; x_wconf 81' lang='lat' dir='ltr'><strong>citavit</strong></span> <span class='ocrx_word' id='word_1_1030' title='bbox 3709 5714 3794 5769; x_wconf 88' lang='lat' dir='ltr'><strong>Di-</strong></span> 
     </span>
    </p>
   </div>
  </div>
