4108 6418
359 396 465 454 955

1454 400 1542 456 DE
1581 401 1953 457 TRINITATE
1995 402 2193 458 LIBER
2235 404 2553 460 TERTIUS.

3492 419 3599 476 954

358 510 446 562 διὰ
474 507 566 561 τοῦ
614 508 927 579 Πνεύματος
969 511 1167 569 δίδοται
1215 515 1368 584 λόγος
1421 516 1630 583 σοφίας,
1678 514 1821 584 ἄλλῳ
1872 515 1925 567 δὲ

2033 513 2130 565 teri
2160 513 2271 583 (28)
2305 515 2445 568 enim
2470 529 2566 584 per
2599 513 2853 584 Spiritum
2887 518 3044 572 datur
3077 536 3252 577 sermo
3282 525 3594 594 sapientiae:

362 600 542 663 πίστις
574 599 661 652 διὰ
697 599 789 652 τοῦ
820 601 982 655 αὑτοῦ
1002 605 1333 676 Πνεῦματος.
1383 626 1401 657 ι
1421 607 1742 676 Ῥωμαίοιςο
1785 624 1802 657 ι
1822 607 1935 658 Πα-

364 689 584 762 ρακαλῶ
608 690 663 742 δὲ
692 690 855 761 ὑμᾶς,
898 693 1133 763 ἀδελφοὶ,
1173 695 1259 749 διὰ
1290 689 1382 748 τοῦ
1403 696 1607 766 Κυρίου
1636 696 1789 765 ἡμῶν
1832 696 1935 765 Ἰη-

364 779 457 832 σοῦ
490 767 749 848 Χριστοῦ,
797 781 891 833 καὶ
920 783 1008 836 διά
1050 784 1150 854 τῆς
1178 785 1397 856 ἀγάπης
1426 784 1519 837 τοῦ
1552 785 1928 854 Πνεῦματοςοι

363 870 456 923 καὶ
481 868 667 922 πάλων
709 888 727 920 ι
761 870 817 922 'G
848 873 1065 944 ἐγείρας
1106 875 1311 944 Ἰησοῦν
1338 874 1569 946 Χριστὸν
1602 876 1666 927 ὲκ
1696 874 1928 945 νεκρῶν,

363 957 684 1029 ζωοποιήσει
707 961 799 1011 καὶ
823 960 890 1014 τὰ
916 961 1082 1033 θνητὰ
1113 963 1337 1033 σώματα
1365 964 1539 1034 ὑμῶν,
1563 964 1649 1017 διὰ
1670 964 1760 1017 τοῦ
1792 967 1930 1015 ενοι-

364 1057 583 1119 κοῦντος
606 1057 768 1109 αὑτοῦ
796 1057 1110 1128 Πνεῦματος
1138 1062 1193 1115 ὲν
1229 1061 1382 1130 ὑμῖν,
1414 1059 1555 1112 κατὰ
1585 1058 1675 1111 τὸν
1706 1058 1932 1111 πλοῦτον

362 1148 460 1216 τῆς
505 1147 658 1217 δόξης
709 1149 911 1213 αὐτοῦ,
959 1149 1185 1220 δυνάμει
1240 1149 1644 1221 κραταιωθῆναι
1698 1148 1784 1201 διὰ
1834 1146 1931 1201 τοῦ

363 1236 677 1306 Πνεῦματος
734 1239 970 1292 αὐτοῦ’)
1026 1242 1119 1293 καὶ
1177 1241 1364 1294 πάλιν·
1430 1261 1447 1292 ι
1480 1242 1543 1293 Ἦ
1601 1240 1786 1310 ἀγάπη
1839 1239 1931 1292 τοῦ

361 1327 495 1380 Θεοῦ
528 1329 812 1399 ἐκκέχυται
848 1333 905 1382 ὲν
938 1334 1057 1394 ταῖς
1094 1333 1338 1403 καρδίαις
1368 1333 1526 1403 ἡμῶν
1555 1333 1643 1384 διὰ
1681 1331 1931 1401 Πνεύμα-

359 1434 452 1479 τος
484 1417 638 1486 ἁγίου
661 1435 674 1448 ο
700 1438 718 1470 ι
757 1421 850 1472 καὶ
894 1421 1029 1489 πρὸς
1056 1421 1336 1491 Τιμόθεον·
1381 1442 1398 1472 ι
1421 1422 1530 1493 Τὴν
1558 1422 1726 1492 καλὴν
1754 1438 1929 1491 παρα-

362 1508 536 1576 θήκην
564 1506 793 1576 φύλαξον
825 1508 912 1561 διὰ
940 1509 1253 1579 Πνεῦματος
1283 1510 1458 1579 ἁγίου,
1482 1509 1574 1563 τοῦ
1599 1508 1932 1572 ἐνοικοῦντος

361 1599 420 1649 ὲν
448 1599 600 1667 ἡμῖν.
631 1618 648 1649 ι
684 1598 791 1650 Καὶ
820 1601 874 1651 αἱ
905 1599 1140 1670 Πράξεις
1164 1600 1328 1669 φασιν
1356 1617 1369 1631 ·
1411 1619 1429 1651 ι
1450 1600 1552 1653 Τὸν
1592 1600 1688 1669 μὲν
1717 1598 1933 1671 πρῶτον

360 1686 519 1754 λόγον
548 1686 891 1758 ἐποιησάμην
937 1688 1066 1758 περὶ
1097 1688 1334 1753 πάντων,
1367 1683 1411 1742 ὦ
1443 1689 1689 1757 Θεόφιλε,
1722 1683 1796 1741 ὧν
1835 1689 1933 1759 ἦρέ

361 1777 491 1841 ξατο
512 1779 540 1830 ό
579 1778 781 1848 Ἰησοῦς
811 1782 982 1831 ποιεῖν
1007 1796 1066 1831 τε
1092 1780 1184 1832 καὶ
1214 1779 1504 1841 διδάσκειν,
1540 1779 1667 1850 ἄχρι
1694 1775 1760 1849 ἧς
1792 1778 1929 1849 ήμέ-

2034 601 2124 655 alii
2149 602 2260 673 (‘29)
2314 618 2441 656 vero
2492 603 2626 657 ﬁdes
2676 620 2767 672 per
2816 610 3063 662 eumdem
3107 612 3364 678 Spiritum
3397 614 3543 686 (50);
3575 635 3595 669 ι

2032 701 2082 745 et
2117 694 2181 746 ad
2230 692 2539 747 Romanos:
2581 713 2598 744 ι
2636 694 2830 747 llortor
2861 698 2972 766 (51)
3024 710 3201 754 autem
3234 718 3351 768 vos,
3381 702 3599 774 fratres,

2033 798 2127 854 per
2176 783 2468 850 Dominum
2531 796 2768 838 nostrum
2814 785 2996 841 Jesum
3056 790 3351 857 Christum,
3396 805 3452 850 et
3507 812 3602 864 per

2032 875 2352 929 charitatcm
2400 874 2665 943 Spiritus;
2700 895 2718 927 ›
2782 888 3104 934 et.rnrsus:
3164 901 3181 933 ι
3213 883 3315 949 Qui
3362 887 3596 940 suscita-

2032 966 2108 1017 vit
2148 966 2257 1035 (52)
2309 964 2491 1019 Jesum
2546 967 2817 1022 Christum
2871 986 2934 1022 ev
2987 973 3249 1038 mortuis,
3312 976 3599 1032 viviﬁcabit

2032 1054 2192 1106 etiam
2256 1054 2503 1109 mortalia
2561 1071 2786 1125 corpora
2845 1070 3018 1113 vestra
3074 1078 3168 1130 per
3213 1064 3599 1119 iuhabitantem

2036 1142 2200 1211 ipsius
2229 1144 2487 1212 Spiritum
2520 1147 2569 1199 in
2602 1149 2751 1201 vobis
2785 1151 3078 1201 secundum
3112 1151 3223 1221 (55)
3246 1154 3460 1208 divitias
3491 1155 3602 1223 glo—

2038 1236 2132 1288 rias
2174 1252 2303 1300 sum,
2330 1238 2528 1291 vittnte
2553 1240 2889 1293 corroborari
2921 1257 3015 1309 per
3040 1242 3295 1310 Spiritum
3325 1245 3466 1311 ejus;
3496 1266 3513 1295 ι
3549 1256 3603 1301 ct

2034 1339 2253 1383 rursus:
2288 1346 2304 1376 ‹
2339 1324 2589 1381 Charitas
2619 1328 2730 1398 (54)
2762 1328 2854 1382 Dei
2903 1329 3093 1383 diﬁ‘usa
3140 1342 3223 1385 est
3257 1335 3307 1386 in
3352 1334 3603 1388 cordibus

2034 1418 2231 1469 nostris
2256 1432 2349 1484 per
2379 1418 2637 1485 Spiritum
2662 1430 2950 1485 sanctum;
2984 1440 3001 1471 ι
3036 1432 3090 1474 et
3122 1424 3185 1474 ad
3210 1424 3549 1477 Timotheum
3575 1443 3590 1478 :

2040 1502 2379 1559 c-Pnlchrnm
2412 1508 2521 1577 (55)
2561 1508 2861 1576 depositum
2895 1511 3004 1580 (56)
3039 1514 3243 1566 custodi
3292 1530 3386 1580 per
3440 1514 3602 1584 Spiri-

2034 1603 2143 1648 tum
2185 1611 2429 1650 sancutm
2488 1599 2817 1651 habitantem
2875 1601 2926 1652 in
2970 1603 3159 1666 nobis;
3197 1622 3214 1652 ι
3258 1613 3310 1655 et
3358 1603 3408 1655 itt
3452 1602 3600 1656 Actis

2033 1685 2268 1755 legitur:
2308 1707 2326 1739 ι
2360 1688 2600 1742 Primum
2628 1690 2738 1761 (57)
2780 1692 2991 1758 quidem
3046 1708 3345 1747 sermonem
3393 1692 3492 1747 l‘eci
3534 1695 3599 1748 de

2033 1778 2320 1840 omnibus,
2349 1777 2718 1859 o.'l‘he0phile,
2768 1796 2886 1847 qua:
2919 1783 3080 1849 cmpit
3111 1780 3266 1835 Jesus
3305 1781 3500 1844 facere,
3544 1792 3599 1834 et

363 1886 463 1940 ρας
515 1868 885 1939 ἐντειλάμενος
946 1872 1057 1933 τοῖς
1112 1869 1426 1932 ἀποστόλοις
1480 1870 1565 1921 διά
1617 1868 1925 1939 Πνεύματος

2033 1868 2244 1933 docere,
2290 1885 2458 1939 usque
2505 1871 2570 1923 ad
2618 1871 2757 1925 diem
2813 1887 2913 1940 qua
2972 1874 3289 1940 preecipiens
3342 1873 3600 1941 apostolis

362 1958 540 2025 ἁγίου,
559 1957 653 2020 οὓς
667 1957 958 2024 ἐξελέξατο,
981 1957 1275 2029 ἀνελήφθη.
1298 1980 1316 2007 ι
1350 1955 1515 2010 Εἶπεν
1543 1957 1598 2010 δὲ
1635 1958 1912 2026 «πρῶτον»

358 2048 423 2099 τὸ
451 2049 780 2117 Εὐαγγέλιον
820 2050 882 2101 τὸ
915 2047 1056 2101 κατὰ
1092 2050 1306 2102 Λουκᾶν
1332 2064 1345 2079 ο
1383 2048 1543 2110 αὐτὸς
1575 2048 1683 2118 γὰρ
1713 2050 1805 2100 καὶ
1832 2047 1930 2112 τὰς

361 2139 719 2202 ἁποστολικὰς
749 2138 981 2210 Πράξεις
1001 2139 1354 2211 συνέγραψεν.
1376 2140 1520 2204 Ὅτι,
1538 2140 1594 2190 ἐν
1619 2131 1683 2206 ᾧ,
1718 2139 1928 2210 ἐγράφη

362 2232 490 2303 περί
525 2249 584 2284 τε
617 2230 706 2283 τοῦ
741 2231 970 2302 Πατρὸς,
1006 2230 1132 2301 περί
1169 2248 1228 2283 τε
1272 2232 1364 2283 τοῦ
1410 2230 1727 2301 μονογενοῦς
1767 2231 1930 2283 αὑτοῦ

362 2323 495 2377 Υἱοῦ
555 2324 772 2376 οὑτωσί.
810 2322 944 2393 Περὶ
975 2321 1067 2374 τοῦ
1098 2322 1329 2392 Πατρδς,
1373 2322 1515 2374 Ὠσιὲ
1540 2339 1552 2351 ο
1591 2338 1607 2372 ι
1641 2321 1749 2372 Καὶ
1782 2316 1930 2375 εἶπεν

361 2413 531 2483 αὐτῷ,
582 2434 599 2465 ι
652 2414 841 2483 φησὶν,
866 2430 882 2461 ι
904 2414 932 2464 ό
973 2411 1103 2475 Θεός
1127 2428 1140 2442 ’
1174 2411 1416 2464 Κάλεσον
1448 2412 1507 2465 τὸ
1539 2412 1705 2484 ὄνομα
1742 2413 1928 2478 αὐτοῦ,

362 2506 478 2557 Οὐκ
512 2504 812 2574 ἡλεημένη·
858 2503 991 2556 διότι
1037 2503 1096 2556 οὐ
1131 2503 1205 2574 μὴ
1253 2502 1546 2575 προσθήσω
1586 2503 1666 2558 ἔτι
1716 2505 1930 2576 ἐλεῆσαι

360 2596 455 2648 τὸν
479 2593 621 2648 οἷκον
644 2594 735 2647 τοῦ
771 2593 1005 2665 Ἰσραὴλ,
1040 2593 1154 2646 ἀλλ’
1183 2593 1215 2663 ἢ
1244 2595 1695 2664 ἀντιτασσόμενος
1718 2597 1933 2649 ἀντιτά-

362 2688 524 2757 ξομαι
550 2688 763 2749 αὐτοῖς·
803 2686 922 2756 [201
954 2683 1008 2755 α]
1042 2686 1166 2747 τοὺς
1199 2684 1254 2736 δὲ
1286 2685 1435 2748 υἱοὺς
1491 2684 1657 2737 Ἰούδα
1703 2685 1929 2755 ἐλεήσω,

358 2775 459 2829 καὶ
503 2773 660 2826 σώσω
707 2774 900 2836 αὐτοὺς
940 2775 999 2827 ἐν
1054 2774 1244 2843 Κυρίῳ
1296 2773 1416 2844 Θεῷ
1449 2773 1647 2827 αὐτῶν.
1675 2794 1693 2826 ι
1733 2775 1821 2827 Ἐν
1863 2777 1928 2845 τῇ

355 2867 472 2937 ᾠδῇ
510 2867 705 2934 Ἀννης
726 2882 739 2896 ·
778 2885 796 2917 ι
853 2865 1186 2936 Ἐστερεώθη
1214 2868 1246 2937 ἡ
1273 2866 1470 2937 καρδία
1495 2884 1596 2936 μου
1618 2869 1675 2919 ἐν
1720 2867 1928 2938 Κυρίῳ,

357 2959 551 3029 ὑψώθη
584 2961 747 3030 κέρας
776 2972 875 3029 μου
907 2960 965 3013 ὲν
993 2959 1111 3030 Θεῷ
1145 2977 1297 3030 μου.»
1330 2958 1491 3012 Δαυῒδ
1514 2961 1570 3011 ὲν
1599 2959 1799 3030 ψαλμῷ
1830 2958 1928 3030 ρξ’·

361 3072 381 3103 ι
416 3053 524 3104 Καὶ
546 3052 645 3104 οὐκ
671 3050 945 3121 ὲξελεύσῃ,
972 3052 999 3103 ό
1027 3051 1175 3114 Θεὸς,
1205 3053 1264 3103 ἐν
1293 3051 1716 3121 ταῖςδυνάμεσιν
1742 3052 1929 3122 ἡμῶνς

353 3141 461 3204 Δὸς
486 3142 615 3212 ἡμῖν
657 3141 905 3210 βοήθειαν
939 3142 1003 3193 ἐκ
1046 3140 1294 3210 θλίψεως,
1327 3143 1422 3195 καὶ
1454 3143 1659 3212 ματαία
1685 3143 1931 3214 σωτηρία

354 3233 667 3304 ἀνθρώπου.
728 3234 815 3286 Ἐν
840 3233 916 3303 τῷ
943 3231 1060 3303 Θεῷ
1089 3235 1398 3303 ποιήσωμεν
1430 3233 1677 3302 δύναμιν,
1708 3234 1801 3285 καὶ
1829 3234 1929 3285 αὒ-

351 3326 454 3390 τὸς
479 3323 826 3390 ὲξουδενώσει
858 3326 982 3387 τοὺς
1022 3323 1298 3385 θλίϐοντας
1328 3324 1476 3393 ἡμᾶς
1497 3338 1511 3351 ο
1543 3341 1563 3374 ι
1600 3323 1693 3374 καὶ
1722 3322 1885 3374 πάλιν
1911 3337 1927 3353 ⁶

360 3437 383 3470 ο
428 3418 514 3470 Ἐν
563 3417 642 3488 τῷ
687 3416 806 3486 Θεῷ
855 3416 1232 3486 ὑπερϐήσομαι
1273 3417 1484 3483 τεῖχοςο
1518 3432 1537 3464 ι
1590 3414 1683 3465 καὶ
1726 3412 1925 3465 πάλιν⁸

362 3529 383 3560 σ
429 3510 516 3561 Ἐν
541 3508 618 3577 τῷ
656 3507 774 3577 Θεῷ
806 3506 1073 3560 ἐπαινέσω
1112 3507 1237 3568 τοὺς
1280 3504 1469 3573 λόγους
1501 3522 1622 3574 μου.
1650 3522 1668 3555 ι
1720 3503 1929 3567 Παῦλος

358 3600 501 3670 πρὸς
542 3599 892 3662 Κολοσσαεῖς’
942 3619 958 3650 ι
988 3597 1449 3668 Εὑχαριστοῦντες
1488 3595 1565 3665 τῷ
1616 3596 1810 3667 Πατρὶ,
1853 3596 1930 3665 τῷ

363 3686 683 3741 ἱκανώσαντι
732 3690 874 3757 ὑμᾶς
919 3689 999 3751 είς
1048 3690 1145 3755 τὴν
1193 3687 1382 3758 μερίδα
1430 3685 1524 3739 τοῦ
1578 3686 1779 3757 κλήρου
1822 3685 1929 3740 τῶν

360 3777 532 3845 ἁγίων
559 3779 617 3831 ἐν
644 3779 722 3849 τῷ
750 3779 885 3848 φωτί
905 3794 918 3807 ’
964 3779 1023 3842 ὃς
1054 3779 1321 3850 ἐρρύσατο
1354 3779 1504 3848 ἡμᾶς
1540 3779 1604 3830 ἐκ
1632 3770 1732 3847 τῆς
1768 3776 1932 3842 ἐξου-

360 3866 483 3930 σίας
526 3866 619 3920 τοῦ
656 3867 895 3933 σκότους,
931 3867 1024 3921 καὶ
1060 3866 1387 3937 μετέστησεν
1420 3867 1500 3929 είς
1530 3865 1628 3937 τὴν
1655 3865 1930 3936 βασιλείαν

358 4111 552 4180 dymus
582 4112 633 4164 in
668 4111 752 4166 his
786 4110 966 4180 libris,
994 4110 1150 4179 legit,
1188 4128 1207 4161 ι
1244 4123 1338 4176 per
1376 4107 1635 4180 Spiritum
1678 4121 1923 4180 suum.)

359 4177 429 4233 At
464 4180 516 4232 in
550 4181 685 4235 libro
707 4181 778 4234 De
806 4179 947 4248 Spir.
975 4177 1211 4234 anum.
1245 4179 1333 4243 51,
1358 4177 1400 4232 si
1431 4179 1572 4231 edita
1599 4177 1927 4245 exemplaria

361 4258 698 4316 spectemus,
748 4251 971 4303 dictavit
1006 4267 1020 4303 :
1063 4268 1082 4299 ι
1127 4249 1229 4303 Per
1270 4248 1529 4314 Spiritum
1571 4257 1834 4300 sanctum.
1895 4264 1914 4296 ι

364 4316 455 4370 Sic
485 4319 625 4370 enim
657 4319 854 4372 habent
886 4338 899 4373 :
933 4319 986 4372 ln
1019 4328 1224 4371 tantum
1258 4327 1315 4369 nt
1353 4317 1419 4381 is,
1452 4316 1540 4382 qui
1573 4330 1633 4368 ea
1668 4328 1925 4383 suscepe-

366 4386 456 4449 rit,
491 4388 630 4439 dicat
665 4405 678 4440 :
714 4406 731 4438 ι
768 4387 930 4441 Nobis
959 4398 1135 4441 autem
1170 4386 1425 4440 revelavit
1452 4385 1591 4438 Deus
1625 4398 1722 4451 per
1755 4383 1923 4451 Spiri-

365 4463 475 4524 tum
514 4466 776 4509 sanctum.
815 4476 834 4508 ι
875 4458 978 4510 Sed
1010 4458 1081 4511 ibi
1116 4470 1330 4524 quoque
1379 4456 1548 4509 codex
1584 4462 1766 4507 noster
1814 4467 1916 4507 ms.

362 4521 531 4593 habet
566 4538 581 4575 :
619 4541 639 4574 ι
678 4540 774 4591 per
807 4526 1066 4593 Spiritum
1114 4521 1292 4578 suum.
1334 4543 1353 4575 ι

432 4591 542 4662 (28)
580 4589 763 4648 Alteri.
812 4589 968 4649 lCor.
996 4611 1106 4657 xu,
1130 4593 1198 4659 .8,
1230 4594 1283 4648 9.
1316 4592 1444 4648 Post
1478 4604 1687 4657 vocem,
1709 4589 1920 4657 σοφίας,

358 4663 610 4733 nonnulla
642 4665 854 4733 omittit
891 4666 1163 4733 Didymus.

430 4731 541 4804 (29)
580 4732 710 4804 Alii.
741 4732 925 4804 Gricca
949 4727 1121 4804 Aellith
1145 4732 1337 4804 ἑτέρῳ.
1366 4730 1621 4800 Didymus
1648 4727 1810 4798 ἄλλῳ.
1844 4728 1918 4781 Ita

358 4800 531 4853 etiatn'
559 4803 778 4855 dictavit
811 4803 904 4856 lib.
939 4802 1013 4855 De
1043 4801 1135 4869 Sp.
1172 4800 1407 4855 anum.
1440 4805 1495 4852 9.

427 4894 538 4963 (50)
580 4892 686 4945 Per
713 4895 947 4963 eumdem
978 4892 1251 4963 Spiritum.
1282 4891 1466 4963 Graeca
1502 4889 1713 4963 editio:
1740 4890 1914 4963 ἑτέρῳ

355 4960 411 5013 δὲ
434 4959 614 5025 πίστις
647 4964 703 5015 ὲν
737 4962 813 5033 τῷ
839 4963 985 5033 αὐτῷ
1011 4962 1394 5033 Πνεύματι,-ἰι1
1434 4970 1535 5026 est,
1562 4978 1591 5033 ⁸ι
1632 4959 1783 5033 alteri
1824 4959 1918 5013 au-

361 5043 465 5101 tem
496 5032 648 5095 ﬁdes,
684 5033 734 5085 in
765 5029 1212 5101 eodem'Spiritu.
1247 5050 1267 5083 ι
1302 5031 1420 5097 Quo
1454 5029 1616 5101 modo
1637 5029 1783 5098 legit,
1824 5038 1917 5101 aut

356 5099 603 5171 dictavit‘
627 5104 738 5167 ipse
764 5097 1038 5171 Didymus
1057 5103 1305 5171 superius
1344 5114 1508 5171 segni.
1547 5097 1618 5152 95
1662 5097 1825 5171 a’,_et
1855 5099 1917 5171 in

358 5167 449 5238 lib.
472 5170 545 5222 De
569 5169 711 5238 Spir.
747 5170 809 5226 S.
848 5167 992 5225 tium.
1024 5173 1079 5232 9,
1110 5167 1197 5224 ubi
1230 5172 1310 5224 sic
1343 5167 1579 5237 loquitur
1611 5185 1626 5222 :
1669 5184 1686 5217 ι
1714 5167 1918 5219 Ettidei

355 5237 577 5310 etfectns
609 5237 693 5294 est
727 5241 1014 5309 particeps,
1045 5255 1163 5310 quae
1198 5238 1501 5310 exSpiritn
1530 5247 1718 5310 sancto
1745 5238 1913 5299 venit,

349 5306 500 5376 juxta
528 5308 677 5374 illud,
706 5306 858 5362 (Alii
883 5306 1078 5363 autetu'
1098 5308 1251 5372 ﬁdes,
1279 5306 1552 5362 in’eodem
1577 5307 1854 5376 Spiritu...
1885 5321 1904 5354 ι

353 5375 571 5432 Necnon
606 5389 659 5433 et
702 5379 807 5432 illis
842 5378 1218 5433 donationibus
1265 5396 1283 5429 ι
1329 5375 1632 5431 secundum
1664 5377 1913 5429 eumdem

353 5445 612 5513 Spiritum
666 5467 684 5500 ι
734 5446 1002 5512 allluebat,
1058 5463 1176 5516 quae
1224 5456 1485 5516 vocantur
1525 5464 1543 5497 ι
1574 5445 1914 5516 curationum

354 5516 558 5581 gratiae,
597 5534 615 5567 ›
653 5527 814 5585 atque
861 5535 879 5568 ι
930 5515 1155 5570 virtutes
1186 5534 1203 5565 ι
1233 5515 1458 5587 [rectius
1488 5515 1654 5587 codex
1686 5521 1868 5587 noster
1898 5528 1912 5565 :

296 5610 305 5619 -
354 5580 514 5652 atque
548 5580 797 5639 virtutum
841 5602 857 5639 :
899 5586 1181 5654 respicitur
1231 5580 1372 5639 cnim
1414 5600 1442 5637 a
1485 5580 1911 5654 Didymol_Cor.

354 5650 453 5715 XII}
510 5654 628 5725 10].
691 5655 757 5709 Ει
818 5658 930 5709 haec
986 5650 1129 5710 enim
1200 5655 1253 5708 in
1306 5650 1710 5725 erittiiieqatiotie
1745 5650 1916 5725 dono-

354 5737 470 5794 rlltn
505 5719 605 5778 Dei
631 5743 650 5775 ι
690 5727 740 5778 in
774 5726 1010 5794 Spiritu,
1038 5749 1056 5777 ο
1080 5732 1133 5780 et
1155 5724 1490 5794 «scentulum
1513 5720 1795 5794 Spiritum,
1823 5719 1914 5773 sin

348 5792 520 5857 prima
560 5795 708 5849 Pauli
754 5791 1003 5863 Epistula
1034 5796 1101 5875 ad
1149 5792 1457 5849 Corinthios
1506 5791 1857 5845 collocantur.
1888 5806 1907 5838 ι
1957 5871 1971 5885 ⁸

2034 1975 2128 2027 per
2160 1960 2419 2028 Spiritum
2447 1972 2690 2016 sanctum
2723 1977 2859 2030 quos
2890 1963 3070 2033 elegit,
3102 1974 3409 2033 assumptus
3441 1974 3543 2021 est.
3572 1983 3590 2015 ι

2034 2046 2176 2103 Voce
2213 2061 2387 2104 autem
2441 2053 2546 2116 illa,
2597 2072 2614 2103 ι
2647 2055 2902 2122 primum,
2934 2073 2951 2105 δ
3005 2055 3313 2123 designatur
3357 2055 3600 2126 Evange-

2034 2136 2160 2188 litnn
2191 2140 2480 2193 secundum
2516 2140 2751 2207 Lucam;
2786 2160 2906 2194 nam
2938 2144 3067 2196 Acta
3097 2145 3255 2197 etiam
3304 2145 3598 2211 apostolica

2033 2223 2206 2280 Lucas
2240 2228 2354 2297 ipse
2388 2234 2730 2299 conscripsit.
2762 2233 2910 2298 Quod
2961 2249 3090 2287 vero
3164 2234 3315 2299 illud,
3369 2237 3420 2288 in
3469 2252 3596 2304 quo,

2032 2319 2289 2381 scriptum
2335 2319 2497 2376 fuerit
2543 2338 2663 2377 cum
2714 2325 2777 2377 de
2825 2323 3002 2388 Patre,
3054 2335 3160 2377 tum
3204 2327 3270 2379 de
3313 2325 3598 2396 Unigenito

2033 2408 2200 2479 ipsius
2231 2410 2391 2474 Filio,
2431 2428 2494 2466 ex
2521 2414 2601 2467 his
2635 2424 2799 2480 patet.
2839 2414 2912 2467 De
2950 2414 3109 2468 Patre
3148 2416 3222 2468 ait
3253 2415 3389 2471 Osee
3431 2435 3445 2471 :
3481 2436 3499 2468 (
3533 2417 3600 2471 Et

2033 2502 2166 2555 dixit
2193 2501 2304 2570 (58)
2334 2504 2381 2556 ei
2416 2502 2554 2557 Deus
2585 2522 2597 2556 :
2633 2504 2773 2558 Voca
2812 2522 3004 2559 nomen
3036 2507 3152 2575 ejus
3197 2506 3308 2577 (59)
3339 2525 3351 2560 :
3385 2511 3598 2579 Absque

2034 2591 2440 2657 misericordia;
2479 2595 2602 2662 quia
2653 2611 2755 2647 non
2799 2597 2987 2649 addam
3024 2597 3159 2649 nltra
3210 2598 3453 2651 misereri
3501 2601 3597 2652 do-

2035 2698 2155 2737 mus
2182 2682 2369 2752 Israel,
2394 2686 2489 2740 sed
2515 2688 2811 2741 adversans
2842 2688 3170 2742 adversabor
3210 2691 3288 2743 eis
3314 2709 3326 2742 :
3363 2691 3594 2744 ﬁliorum

2033 2783 2208 2829 autem
2242 2775 2375 2829 Jnda
2425 2777 2745 2841 miserebor,
2792 2787 2845 2830 et
2891 2779 3111 2834 salvabo
3143 2795 3235 2833 eos
3272 2781 3322 2833 in
3370 2778 3597 2834 Domino

2032 2862 2141 2916 Deo
2211 2864 2465 2931 ipsorum.
2507 2885 2526 2917 ι
2582 2865 2638 2918 lu
2700 2867 2910 2920 cantico
2972 2870 3139 2922 Anna
3187 2888 3199 2922 :
3245 2887 3263 2919 ‹
3295 2846 3597 2923 Conﬁrma-

2034 2961 2143 3003 tum
2174 2950 2284 3022 (40)
2330 2962 2411 3006 est
2448 2967 2541 3006 cor
2577 2970 2751 3008 meum
2798 2956 2847 3008 in
2896 2954 3142 3020 Domino,
3174 2959 3465 3013 exaltatum
3515 2970 3598 3015 est
3695 3020 3697 3025 η

2034 3057 2199 3095 cornu
2243 3059 2417 3096 nteitm
2458 3045 2511 3097 in
2549 3045 2656 3099 Deo
2705 3062 2844 3101 meo.
2881 3066 2898 3096 ι
2934 3046 3098 3101 David
3132 3049 3183 3101 in
3214 3050 3417 3118 psalmo
3442 3067 3547 3106 cvu
3581 3071 3595 3106 :

2041 3150 2059 3183 ι
2091 3130 2155 3185 Et
2184 3131 2345 3203 415
2375 3149 2475 3187 noa
2509 3135 2619 3206 (41)
2669 3138 2982 3207 egredieris,
3017 3141 3176 3204 Dens,
3225 3141 3274 3193 in
3316 3143 3599 3197 virtutibus

2034 3225 2271 3277 nOstris?
2295 3225 2366 3277 Da
2390 3226 2543 3281 nobis
2590 3228 2844 3282 auxilium
2887 3245 2949 3282 ex
2986 3231 3348 3296 tribulatione,
3380 3246 3431 3287 et
3465 3250 3595 3288 vana

2031 3315 2176 3369 salus
2207 3317 2457 3372 hominis.
2492 3314 2549 3369 In
2583 3316 2691 3372 Deo
2720 3319 2982 3374 lacianms
3014 3323 3288 3389 virtutem,
3320 3334 3373 3377 et
3400 3326 3510 3392 ipse
3532 3328 3597 3378 ad

2032 3405 2258 3457 nihilum
2306 3406 2510 3473 rediget
2543 3408 2862 3462 tribulantes
2899 3426 2994 3464 nos
3022 3411 3170 3482 (42);
3206 3432 3222 3463 ι
3276 3424 3329 3466 et
3364 3430 3548 3470 rursus
3580 3435 3593 3470 :

2037 3516 2055 3549 ι
2086 3497 2141 3551 In
2194 3498 2303 3552 Deo
2346 3499 2459 3569 (45)
2516 3502 2881 3570 transgrediar
2928 3519 3170 3569 mttrnm;
3214 3524 3231 3556 ι
3278 3514 3331 3559 et
3369 3522 3593 3563 rursus;

2034 3607 2053 3640 ι
2081 3586 2138 3642 1η
2173 3588 2282 3642 Deo
2305 3590 2415 3659 (44)
2441 3591 2673 3646 laudabo
2717 3606 2996 3646 sermones
3033 3610 3197 3647 meos.
3239 3613 3256 3645 ι
3302 3595 3499 3651 Paulus
3526 3601 3593 3653 ad

2026 3680 2415 3737 Colossenses:
2450 3699 2468 3730 ι
2506 3679 2718 3735 Gratias
2750 3683 2863 3751 (45)
2909 3695 3131 3750 agentes
3162 3684 3326 3746 Patri,
3377 3687 3464 3755 qui
3512 3690 3595 3742 di-

2029 3786 2162 3841 gnos
2195 3785 2290 3826 vos
2313 3770 2424 3840 (46)
2461 3769 2586 3823 fecit
2640 3770 2692 3823 in
2737 3782 2943 3839 partem
2986 3773 3147 3826 sortis
3198 3783 3504 3829 Sanctorum
3542 3779 3593 3831 in

2028 3861 2392 3934 lumine:qui
2426 3860 2621 3928 eripuit
2668 3875 2764 3914 nos
2803 3876 2868 3914 ex
2921 3871 3185 3930 potestate
3232 3868 3592 3932 tenebrarum,

2103 4103 2213 4171 (51)
2256 4103 2475 4160 Hortor.
2510 4104 2666 4158 Rom.
2700 4120 2787 4170 xv,
2823 4103 2911 4157 50.

2101 4174 2214 4243 (52)
2256 4174 2358 4236 Qui
2385 4175 2672 4228 suscitavit.
2707 4174 2861 4227 Rom.
2898 4188 3014 4235 vm,
3057 4174 3140 4227 11.

2106 4243 2216 4315 (55)
2258 4244 2577 4297 Secundum.
2617 4243 2810 4315 Ephes.
2850 4258 2928 4305 ιιι,
2967 4243 3051 4296 16.
3085 4243 3386 4315 Librarinm
3416 4245 3590 4315 aliqua

2029 4313 2474 4385 omisisseqputo‘,
2513 4319 2653 4380 quod
2700 4314 2779 4385 bis
2820 4323 3136 4385 occurreret
3181 4314 3231 4365 in
3274 4313 3593 4385 apographo

2027 4396 2153 4459 vox,
2201 4381 2363 4459 ῥμξίν.
2398 4382 2657 4459 Nimirum
2693 4381 2837 4459 _ha.-c,
2874 4383 2952 4459 v_el
2996 4383 3190 4459 similia
3206 4381 3592 4459 “dictassevi-

2028 4450 2184 4523 detur
2201 4451 2454 4523 Didymus
2481 4468 2492 4504 :
2514 4453 2599 4504 (ὲν
2616 4451 2744 4521 ὑμῖν
2758 4469 2771 4481 ·
2789 4471 2808 4503 ι
2829 4451 2922 4503 καὶ
2940 4452 3098 4523 πάλιν
3119 4467 3132 4480 ο
3160 4470 3177 4502 ι
3206 4451 3320 4503 Ἵνα
3338 4450 3450 4523 δῴη
3467 4454 3593 4522 ὑμῖν

1954 4533 1997 4588 ι)
2027 4519 2169 4573 κατὰ
2198 4518 2602 4587 τὸν’πλοῦτον,›
2640 4518 2692 4575 et
2720 4523 2922 4589 reliqna
2954 4539 2966 4574 :
3006 4522 3177 4587 idest,
3211 4539 3230 4571 ι
3269 4523 3319 4572 in
3355 4518 3527 4576 vobis.
3567 4542 3587 4573 ι

2027 4589 2092 4641 Et
2123 4604 2306 4643 rursus
2341 4605 2354 4642 :
2384 4609 2401 4641 ι
2434 4586 2499 4643 Ut
2535 4590 2625 4642 det
2652 4591 2802 4645 vobis
2833 4586 3126 4644 secundum
3158 4592 3390 4657 divitias,
3424 4611 3442 4644 ι
3478 4602 3582 4646 etc.

2100 4656 2210 4728 (54)
2250 4658 2513 4728 Charitas.
2545 4659 2699 4711 Boni.
2734 4676 2783 4721 ν,

2093 4727 2204 4795 (55)
2244 4727 2552 4782 Pulchrum.
2594 4729 2632 4781 ll
2688 4729 2827 4781 Tim.
2868 4747 2902 4792 ι,
2936 4728 3023 4782 14.

2096 4797 2207 4870 (56)
2250 4797 2880 4870 Depositum._Didymus
2935 4815 2948 4850 :
3002 4798 3350 4870 παραθήκην.
3405 4799 3589 4854 Grmca

2022 4867 2185 4919 editio
2227 4884 2240 4919 :
2284 4867 2773 4937 παρακαταθήκην.
2818 4868 2929 4921 Hoc
2969 4867 3234 4934 Atticum,
3274 4867 3401 4923 illud
3440 4869 3588 4924 Gne-

2023 4950 2166 4990 Clllll.
3112 4950 3127 4965 ⁸

2093 5006 2205 5074 (57)
2248 5004 2507 5060 Primum.
2543 5006 2660 5061 Act.
2701 5022 2737 5070 ι,
2774 5005 2827 5058 1.

2092 5078 2204 5143 (58)
2251 5075 2313 5127 Et
2348 5077 2503 5129 dixit.
2534 5076 2671 5131 Osee
2699 5092 2737 5138 ι,
2773 5080 2826 5139 b‘,
2861 5076 2912 5127 7.

2092 5145 2204 5216 (59)
2246 5145 2399 5216 Ejus.
2433 5146 2635 5209 Codex,
2671 5146 2856 5216 αὑτοῦ.
2894 5144 2997 5200 Sed
3059 5144 3339 5214 legendum
3399 5147 3584 5216 αὐτῆς.

2091 5215 2202 5282 (40)
2244 5214 2643 5282 (.‘onﬁrmatum.
2686 5215 2805 5269 Lib.
2846 5216 2866 5268 l
2900 5216 3032 5282 Reg.
3070 5231 3128 5276 ll,
3166 5218 3216 5268 1.

2114 5283 2203 5353 41)
2264 5284 2330 5337 Ει
2358 5301 2478 5336 ηοη.
2517 5283 2658 5338 Psal.
2689 5299 2819 5349 cvn,
2855 5299 3001 5338 vers.
3050 5285 3116 5338 12
3141 5297 3195 5338 et
3228 5285 3311 5338 14.

2114 5292 2203 5353 41)
2264 5292 2330 5337 Et
2358 5301 2478 5336 non.
2517 5292 2658 5338 Psal.
2689 5299 2819 5349 cvn,
2855 5299 3001 5338 vers.
3050 5292 3116 5338 12
3141 5297 3195 5338 et
3228 5292 3311 5338 14.

2092 5292 2206 5425 is?)
2230 5353 2575 5425 _Tribulantes
2601 5369 2715 5409 nos.
2746 5353 2932 5408 Graeca
2974 5355 3139 5408 editio
3167 5372 3179 5407 :
3208 5354 3331 5417 τοὺς
3357 5352 3587 5425 ἐχθροὺς

2018 5422 2277 5492 ἡμιῖ›ν,.ἱ(.1
2310 5433 2413 5486 eSl,
2454 5440 2472 5472 ι
2509 5424 2755 5477 inimicos
2781 5434 3019 5477 nostros.
3054 5441 3074 5472 ι

2091 5513 2200 5586 (45)
2244 5512 2455 5566 InDeo.
2494 5512 2633 5567 Psal.
2663 5529 2793 5577 xvn,
2821 5514 2891 5567 52
2926 5513 3038 5583 (seu
3071 5512 3183 5582 50).

2090 5606 2203 5675 (44)
2243 5604 2309 5657 In
2342 5604 2472 5658 Dea.
2508 5605 2646 5658 Psal.
2676 5620 2764 5670 ιν,
2794 5604 2827 5657 4
2861 5609 2973 5673 (seu
3007 5604 3081 5673 5).

2090 5696 2202 5767 (45)
2238 5694 2472 5749 Gratias.
2499 5695 2704 5750 Coloss.
2735 5712 2770 5761 ι,
2805 5694 2988 5748 1244.

2092 5787 2203 5857 (46)
2255 5785 2371 5841 Vos.
2402 5785 2588 5843 Graeca
2626 5786 2809 5852 editio,
2846 5787 3014 5857 ἡμᾶς,
3048 5786 3100 5843 id
3129 5796 3234 5853 est,
3274 5806 3292 5839 ι
3323 5804 3441 5845 nos.
3477 5808 3499 5842 ι
