4108 6484
463 437 566 493 935

1722 429 1956 488 DIDYMI
1997 429 2466 488 ALEXANDle

3591 429 3692 487 97.6

462 551 516 594 et
549 536 818 592 transtulit
849 537 900 590 in
945 552 1163 604 regnum
1189 536 1306 592 Filii
1332 537 1635 595 dilectionis
1659 556 1768 595 sure
1794 559 1806 596 :
1837 542 1886 597 in
1911 559 2018 612 quo

2123 542 2211 596 τοῦ
2243 543 2375 595 Υιοῦ
2417 543 2514 612 τῆς
2545 541 2763 610 ἀγάπης
2810 537 2975 594 αὐτοῦ
2999 556 3010 568 ·
3047 543 3106 595 ἐν
3131 526 3174 608 ᾧ
3210 539 3402 611 ἔχομεν
3439 539 3537 612 τὴν
3564 544 3698 596 ἀπο-

461 632 720 685 habemus
752 629 1176 696 redemptionem
1201 628 1335 699 (Π),
1369 629 1744 684 remissionem
1769 643 2020 700 peccato--

457 734 609 783 rum;
642 736 660 770 ο
695 729 748 772 ει
771 733 956 772 rursus
983 731 996 770 :
1029 737 1046 768 ι
1079 718 1272 772 Paulus
1295 719 1429 790 (48).
1463 729 1516 772 et
1547 719 1820 785 Silvanus,
1855 734 1908 776 et
1933 721 2024 776 Ti-

459 810 707 862 motheus
755 807 1004 861 Ecclesia:
1039 809 1600 864 'lhessalonicensium
1643 810 1695 863 in
1732 809 1838 864 Deo
1867 810 2023 866 Patre

458 909 642 951 nostro
673 895 808 968 (49),
839 906 893 950 et
939 897 1165 951 Domino
1198 896 1323 952 Jesu
1372 901 1615 964 Christo;
1650 917 1666 950 ι
1703 909 1759 954 et
1793 916 2018 955 rursus:

465 1007 481 1038 ι
517 988 572 1042 Si
604 999 780 1041 autem
808 987 919 1058 (50)
955 996 1007 1041 tu
1041 986 1258 1042 Iudaeus
1283 990 1700 1058 cognominaris,
1727 1000 1782 1046 et
1813 993 2024 1060 requie-

457 1082 564 1133 seis
621 1081 674 1132 in
748 1079 895 1149 lege,
949 1089 1001 1134 et
1049 1080 1294 1149 gloriaris
1354 1081 1405 1133 in
1475 1080 1613 1146 Deo;
1649 1099 1668 1132 ι
1737 1093 1792 1135 et
1841 1083 2019 1137 alibi:

462 1193 479 1222 ι
516 1171 666 1226 Unus
715 1171 826 1242 (5i)
881 1172 1051 1235 Deus,
1107 1185 1200 1239 per
1246 1186 1403 1240 quem
1454 1173 1670 1238 omnia,
1725 1183 1778 1228 et
1825 1189 1921 1228 nos
1970 1175 2020 1228 in

456 1278 612 1330 ipso;
644 1281 662 1314 ι
698 1274 751 1316 et
794 1277 982 1316 rursus
1018 1281 1030 1316 :
1070 1280 1088 1312 ι
1118 1261 1173 1314 lu
1216 1263 1323 1315 Deo
1349 1262 1479 1333 (5‘2),
1517 1264 1609 1332 qui
1647 1265 1824 1318 omnia
1872 1280 2023 1320 crea-

456 1354 566 1419 vit;
601 1371 619 1404 ι
653 1364 706 1406 et
751 1369 976 1408 rursus:
1016 1372 1033 1404 ι
1073 1352 1308 1406 Tandem
1336 1353 1449 1422 (53)
1475 1353 1764 1422 aliquando
1802 1370 2022 1425 prospe-

458 1457 574 1495 rum
609 1443 709 1495 iter
736 1443 938 1495 habebo
963 1442 1014 1494 in
1049 1441 1321 1495 voluntate
1351 1441 1443 1496 Dei
1467 1443 1714 1497 veniendi
1742 1445 1808 1497 ad
1835 1460 1962 1512 vos;
1995 1463 2014 1496 ι

454 1543 507 1586 οι
545 1549 731 1586 rursus
759 1551 772 1585 :
805 1550 823 1582 ι
859 1531 1020 1586 Orate
1048 1531 1158 1603 (54)
1197 1533 1247 1584 it.
1275 1530 1417 1597 Deo;
1455 1550 1473 1582 ι
1512 1541 1566 1586 et
1606 1548 1792 1588 rursus
1826 1551 1837 1586 :
1870 1553 1888 1584 ι
1917 1535 2017 1606 Qui

454 1621 583 1676 facit
613 1622 724 1692 (55)
759 1623 1064 1686 veritatem,
1095 1623 1242 1675 venit
1272 1623 1336 1675 ad
1365 1621 1558 1686 lucem,
1587 1632 1642 1677 ut
1670 1624 2020 1679 manilcsten-

456 1723 543 1767 tur
569 1713 686 1780 ejus
712 1728 872 1782 opera
904 1713 1015 1782 (56)
1043 1715 1183 1781 quod
1219 1713 1270 1765 in
1296 1713 1404 1767 Deo
1437 1722 1561 1767 sunt
1589 1713 1751 1769 facta.
1783 1733 1803 1766 ›

527 1806 602 1858 De
653 1803 790 1858 Filio
849 1815 1030 1856 autem
1077 1801 1276 1856 Paulus
1328 1803 1734 1858 Colosseusihus
1781 1805 2014 1861 scribit:

460 1916 479 1948 ι
518 1897 781 1963 Quoniam
815 1895 925 1966 (57)
961 1894 1013 1948 in
1037 1893 1154 1962 ipso
1186 1904 1364 1948 creata
1396 1905 1521 1948 sunt
1551 1895 1730 1948 onmia
1763 1896 1812 1949 in
1844 1896 2015 1961 ccelis,
2056 1921 2092 1978 Β

451 2001 506 2044 οι
533 1991 584 2043 in
617 2000 782 2054 terra,
816 1987 1064 2054 visibilia,
1102 1997 1156 2041 et
1193 1987 1503 2053 invisibilia,
1533 1988 1647 2043 sive
1680 1989 1878 2052 throni,
1910 1988 2022 2042 sive

454 2081 868 2143 dominationes,
907 2080 1021 2134 sive
1045 2077 1404 2147 principatus,
1432 2080 1544 2132 sive
1576 2090 1891 2149 potestates,
1914 2095 2025 2132 om-

453 2174 539 2226 nia
576 2187 672 2240 per
701 2173 904 2242 ipsum,
939 2177 994 2224 et
1023 2171 1074 2224 in
1119 2172 1235 2238 ipso
1277 2179 1456 2223 creata
1507 2179 1669 2224 sunt:
1703 2180 1756 2224 et
1797 2171 1909 2238 ipse
1941 2179 2024 2223 est

454 2274 584 2317 ante
603 2264 806 2328 omnia,
837 2273 889 2315 et
917 2262 1096 2315 omnia
1140 2262 1192 2315 in
1229 2261 1346 2330 ipso
1382 2268 1665 2326 constant;
1698 2277 1716 2310 ι
1746 2269 1798 2313 et
1830 2260 2020 2314 Corin-

455 2355 584 2406 thiis
614 2353 666 2405 in
702 2353 872 2420 prima
903 2351 1140 2419 Epistola
1174 2370 1186 2404 :
1219 2370 1235 2401 ι
1271 2351 1375 2405 Sed
1408 2351 1574 2405 abluti
1601 2351 1712 2422 (58)
1743 2350 1896 2414 estis,
1928 2351 2021 2404 sed

449 2442 731 2512 justiﬁt-ati
760 2442 913 2507 estis,
946 2443 1037 2495 sed
1069 2441 1391 2496 sanctiﬁcati
1421 2441 1553 2495 estis
1581 2441 1631 2494 in
1667 2440 1883 2495 nomine
1913 2439 2024 2493 Do-

458 2535 584 2585 mini
612 2532 738 2586 Jesu
766 2530 988 2596 Christi,
1023 2541 1074 2585 et
1111 2533 1160 2583 in
1193 2531 1398 2600 Spiritu
1438 2531 1530 2584 Dei
1554 2533 1764 2597 nostri;
1797 2549 1814 2582 ι
1852 2531 1904 2583 in
1939 2545 2024 2584 se-

455 2623 628 2675 cunda
664 2637 824 2675 vero:
861 2640 879 2672 ‹
916 2619 1022 2674 Deo
1048 2620 1160 2690 (59)
1206 2631 1384 2674 autem
1437 2622 1632 2690 gratia,
1671 2620 1761 2689 qui
1811 2636 2023 2689 semper

457 2712 756 2780 triumphat
803 2726 899 2765 nos
935 2711 985 2764 in
1024 2710 1264 2777 Christo,
1312 2721 1367 2766 et
1405 2711 1623 2765 odorem
1667 2709 1872 2763 notitiae
1911 2725 2022 2763 sua:

457 2802 763 2854 manifestat
805 2816 901 2870 per
941 2814 1079 2865 nos;
1120 2819 1138 2852 ι
1185 2810 1238 2854 et
1281 2814 1466 2854 rursus
1495 2816 1508 2853 :
1541 2816 1560 2849 ι
1595 2798 1784 2866 Itaque
1825 2797 1937 2866 (60)
1977 2798 2019 2849 si

452 2892 574 2960 quis
606 2893 656 2945 in
705 2893 945 2955 Christo,
995 2906 1132 2944 nova
1172 2900 1464 2955 creatura;
1499 2907 1517 2940 ι
1553 2888 1807 2942 Romanis
1846 2901 1972 2940 vero
2005 2903 2019 2942 :

457 3002 475 3034 ι
511 2983 643 3036 Nam
675 2983 756 3036 lex
791 2982 899 3057 (61)
949 2982 1182 3051 Spiritus
1220 2984 1341 3036 vitre
1374 2983 1426 3036 in
1474 2981 1689 3034 Christo
1723 2979 1849 3035 Jesu
1882 2978 2021 3034 libet-

455 3074 593 3126 ravit
651 3085 736 3124 me
793 3087 821 3124 a
873 3072 992 3141 lego
1045 3074 1271 3142 peccati,
1326 3080 1381 3126 et
1437 3071 1646 3126 mortis.
1687 3089 1706 3122 ι
1757 3070 2020 3127 Eisdem:

461 3185 478 3216 ι
517 3163 713 3218 Omnes
729 3161 838 3233 (62)
863 3163 1004 3216 enim
1032 3169 1416 3230 peccaverunt,
1437 3172 1491 3214 ct
1514 3171 1673 3230 egent
1695 3161 1858 3232 gloria
1881 3163 1974 3219 Dei
2001 3179 2018 3218 τ

2125 633 2412 704 λύτρωσιν,
2454 635 2552 704 τὴν
2593 633 2785 701 ἄφεσιν
2842 631 2950 685 τῶν
2984 631 3334 703 ἁμαρτιῶν·›
3371 631 3464 684 καὶ
3497 632 3690 687 πάλιν·

2131 743 2149 774 ι
2179 724 2406 785 Παῦλος.
2452 722 2546 775 καὶ
2574 720 2875 784 Σιλουανὸς,
2909 722 3002 774 καὶ
3034 721 3297 791 Τιμόθεος
3343 707 3434 791 τῇ
3467 721 3693 794 Ἐκκλη-

2127 817 2216 887 σίᾳ
2245 813 2678 868 Θεσσαλονικέων
2710 815 2768 866 ἐν
2793 810 2912 882 Θεῷ
2950 812 3127 884 Πατρ).
3165 812 3343 883 ἡμῶν,
3377 815 3472 866 καὶ
3505 815 3696 886 Κυρίῳ

2139 906 2311 976 Ἰησοῦ
2345 905 2629 975 Χριστῷί
2681 904 2775 956 καὶ
2817 903 3010 956 πάλιν·
3059 921 3076 953 ι
3114 904 3176 956 El.
3224 903 3282 955 δὲ
3335 905 3399 957 σὺ
3446 903 3695 970 Ἰουδαῖος

2125 996 2455 1066 ἐπονομάζῃ,
2497 996 2590 1048 καὶ
2628 993 2953 1066 ἐπαναπαύῃ
2985 994 3152 1064 νόμῳ,
3195 995 3291 1047 καὶ
3330 998 3604 1065 καυχᾶσαι
3638 1001 3695 1051 ἐν
3759 1000 3769 1010 ’

2130 1085 2200 1155 τῷ
2232 1085 2376 1155 Θεῷ·
2405 1105 2422 1136 ι
2457 1085 2548 1138 καὶ
2577 1084 2800 1155 ἑτέρωθι
2824 1101 2837 1116 ο
2879 1103 2897 1135 ι
2920 1080 3014 1147 Εἷς
3042 1084 3194 1147 Θεὸς,
3222 1085 3289 1138 δι’
3318 1081 3378 1140 οὗ
3402 1087 3468 1138 τά
3493 1087 3692 1152 πάντα,

2124 1177 2217 1229 καὶ
2251 1178 2408 1247 ἡμεῖς
2437 1177 2516 1238 εἰς
2547 1175 2708 1228 αὐτόν
2729 1193 2741 1206 ο
2783 1193 2803 1226 ι
2832 1175 2925 1227 καὶ
2956 1174 3113 1228 πάλιν
3135 1191 3149 1204 ⁸
3185 1193 3202 1225 t
3239 1175 3328 1229 Ἐν
3357 1172 3435 1246 τῷ
3475 1173 3593 1248 Θεῷ
3618 1178 3695 1249 τῷ

2123 1265 2191 1318 τὰ
2219 1265 2395 1318 πάντα
2423 1263 2688 1318 κτίσαντι·
2719 1283 2737 1316 ι
2783 1259 2936 1326 αὖθίς
2983 1281 3044 1316 τε
3064 1282 3077 1295 ·
3116 1281 3134 1316 ι
3163 1265 3305 1335 Ἤδη
3337 1269 3468 1321 ποτὲ
3500 1267 3695 1321 εὐοδωο

2126 1357 2357 1427 θήσομαι
2385 1359 2442 1408 ἐν
2461 1355 2539 1426 τῷ
2565 1355 2826 1426 θελήματι
2841 1353 2934 1407 τοῦ
2957 1353 3092 1407 Θεοῦ
3122 1354 3296 1409 ἐλθεῖν
3327 1357 3463 1428 πρὸς
3493 1359 3688 1427 ὑμᾶς»

2125 1449 2216 1500 καὶ
2265 1448 2454 1501 πάλιν·
2510 1467 2528 1498 ι
2556 1446 2791 1516 Εὗχεσθε
2837 1449 2894 1500 ἐν
2942 1447 3126 1518 Θεῷ⁶ι
3187 1449 3282 1502 καὶ
3333 1450 3527 1505 πάλιν·
3587 1473 3604 1503 ι
3638 1454 3694 1505 Ὀ

2125 1535 2292 1589 ποιῶν
2322 1537 2420 1607 τὴν
2453 1537 2731 1607 ἀλήθειαν,
2772 1535 2990 1607 ἔρχεται
3019 1537 3156 1608 πρὸς
3189 1537 3249 1591 τὸ
3286 1538 3422 1607 φῶς,
3459 1540 3546 1593 ἵνα
3586 1557 3691 1608 φα-

2123 1625 2332 1698 νερωθῇ
2360 1625 2546 1692 αὑτοῦ,
2585 1627 2667 1678 ὅτι
2695 1628 2754 1681 ἐν
2780 1626 2899 1696 Θεῷ
2930 1627 3067 1680 εἰσιν
3096 1628 3454 1698 εἰργασμένα.
3495 1649 3512 1681 ι

2194 1805 2326 1875 Περὶ
2365 1803 2459 1857 τοῦ
2488 1804 2651 1867 ’Υίοῦ,
2690 1803 2900 1866 Παῦλος
2953 1803 3324 1858 Κολοσσαεῦσι
3362 1805 3492 1874 μέν’
3529 1824 3546 1856 ι
3572 1807 3690 1858 Ὀτι

2122 1893 2180 1945 ἐν
2206 1893 2352 1963 αὐτῷ
2384 1893 2605 1962 ἐκτίσθη
2636 1893 2705 1946 τὰ
2738 1892 2916 1946 πάντα
2963 1893 3019 1946 ἐν
3055 1896 3166 1957 τοῖς
3203 1895 3451 1965 οὐρανοῖς
3481 1898 3574 1948 καὶ
3599 1898 3690 1951 ἐπὶ

2124 1984 2246 2053 γῆς,
2273 1983 2341 2036 τὰ
2368 1984 2539 2052 ὁρατὰ
2567 1984 2660 2037 καὶ
2686 1984 2805 2056 [τιυι
2840 1983 2895 2056 b]
2935 1985 3005 2038 τὰ
3049 1986 3256 2058 ἀόρατα
3276 1999 3290 2014 °
3336 1987 3445 2039 εἴτε
3489 1986 3689 2058 θρόνοι,

2124 2075 2232 2127 εἴτε
2256 2075 2592 2145 κυριότητες,
2629 2075 2738 2128 εἴτε
2767 2077 2954 2146 ἁρχαὶ,
2989 2077 3098 2128 εἴτε
3129 2075 3388 2140 ἐξουσίαι,
3418 2076 3485 2129 τὰ
3515 2078 3690 2130 πάντα

2123 2164 2190 2216 δι’
2240 2163 2404 2216 αὐτοῦ
2443 2167 2536 2217 καὶ
2577 2167 2656 2227 είς
2698 2165 2859 2217 αὐτὸν
2909 2165 3131 2236 ἐκτίσθη
3159 2182 3172 2196 ·
3219 2167 3313 2218 καὶ
3363 2167 3525 2229 αὐτός
3578 2168 3688 2220 ἐστι

2126 2253 2229 2322 πρὸ
2261 2253 2498 2316 πάντων,
2521 2253 2614 2306 καὶ
2670 2253 2738 2306 τὰ
2770 2255 2946 2308 πάντα
2986 2255 3042 2307 ἐν
3089 2253 3237 2324 αὐτῷ
3275 2255 3623 2327 συνέστηκεν.
3667 2279 3684 2306 ο

2123 2343 2430 2414 Κορινθίοις
2471 2343 2569 2414 μὲν
2615 2345 2673 2396 ἐν
2720 2347 2786 2416 τῇ
2833 2344 3026 2416 πρώτῃ
3078 2346 3396 2418 Ἐπιστολῇ·
3465 2367 3483 2398 ι
3531 2347 3690 2399 Ἀλλὰ

2122 2435 2510 2501 ἀπελούσασθε,
2556 2435 2668 2489 ἀλλ’
2717 2435 3088 2507 ἐδικαιώθητε,
3136 2437 3273 2490 ἀλλὰ
3307 2438 3606 2510 ἡγιάσθητε
3633 2441 3688 2490 ἐν

2122 2525 2200 2594 τῷ
2227 2527 2450 2596 ὀνόματι
2481 2526 2573 2578 τοῦ
2600 2526 2805 2596 Κυρίου
2847 2525 3021 2598 Ἰησοῦ
3061 2528 3320 2599 Χριστοῦ,
3372 2530 3467 2582 καὶ
3522 2531 3579 2581 ἐν
3611 2531 3687 2600 τῷ

2123 2615 2399 2691 Πνεύματι
2426 2616 2520 2669 τοῦ
2550 2615 2683 2669 Θεοῦ
2715 2615 2932 2686 ήμῶνοι
2971 2618 3029 2669 ἐν
3054 2617 3110 2670 δὲ
3151 2621 3218 2690 τῇ
3264 2619 3519 2691 δευτέρᾳ·
3555 2638 3572 2670 ι
3600 2621 3688 2690 Τῷ

2122 2705 2176 2757 δὲ
2203 2687 2319 2774 Θεῷ
2355 2705 2533 2775 χάρις,
2565 2705 2642 2776 τῷ
2673 2707 2903 2759 πάντοτε
2934 2687 3319 2777 θριαμϐεύοντι
3527 2710 3584 2762 ἐν
3609 2687 3687 2780 τῷ

2122 2792 2361 2865 Χριστῷ,
2411 2795 2505 2847 καὶ
2547 2794 2645 2865 τὴν
2682 2794 2859 2865 ὀσμὴν
2891 2794 2990 2863 τῆς
3037 2795 3291 2863 γνώσεως
3322 2798 3486 2850 αὐτοῦ
3519 2816 3684 2867 φανει

2125 2884 2304 2954 ροῦντι
2348 2885 2416 2937 δι’
2466 2884 2658 2955 ἡμῶν·
2709 2905 2729 2938 ι
2773 2886 2868 2938 καὶ
2922 2885 3123 2939 πάλιν·
3174 2904 3193 2938 t
3220 2887 3379 2940 Ὥστε
3422 2889 3476 2942 ετ
3511 2906 3594 2953 τις
3625 2869 3719 2942 ἐν’

2122 2971 2534 3044 Χριστῷ,καινὴ
2563 2971 2764 3037 κτίσις·
2801 2991 2821 3026 ι
2842 2973 3129 3044 Ῥωμαίοις
3147 2974 3235 3028 δέ·
3266 2995 3284 3027 ι
3308 2977 3364 3029 '0
3394 2977 3499 3046 γὰρ
3522 2977 3683 3048 νόμος

2121 3062 2215 3116 τοῦ
2241 3063 2554 3134 Πνεύματος
2585 3064 2682 3135 τῆς
2712 3064 2855 3136 ζωῆς
2903 3068 2961 3122 ἐν
2998 3064 3214 3138 Χριστῷ
3259 3065 3431 3136 Ἰησοῦ
3460 3068 3685 3139 ἠλευθέ-

2123 3153 2296 3225 ρωσέν
2331 3170 2397 3224 με
2427 3154 2532 3207 ἀπὸ
2559 3154 2650 3207 τοῦ
2679 3154 2841 3225 νόμου
2874 3155 2976 3226 τῆς
2998 3156 3268 3228 ἁμαρτίας
3290 3157 3498 3211 καὶτοῦ
3524 3159 3684 3212 θανά-

452 3253 618 3327 ᾕιε
642 3253 920 3322 justilicati
949 3252 1118 3320 gratis
1152 3269 1246 3322 per
1294 3253 1522 3322 gratiam
1566 3252 1750 3319 ipsius,
1793 3268 1888 3321 per
1920 3269 2018 3309 re—

2123 3261 2237 3297 του·
2268 3262 2286 3296 ι
2315 3247 2425 3308 τοῖς
2450 3246 2630 3309 αὐτοῖς
2653 3261 2669 3278 ο
2708 3263 2726 3297 ‹
2758 3246 2965 3310 Πάντες
2993 3247 3101 3318 γὰρ
3123 3248 3387 3319 ἥμαρτον,
3417 3246 3512 3302 καὶ
3539 3250 3689 3303 ὑστεδ

453 3345 834 3414 demptionetn,
876 3358 995 3411 qua:
1040 3352 1124 3397 est
1180 3341 1232 3395 in
1273 3341 1490 3397 Christo
1522 3340 1672 3396 Jesu.
1722 3359 1740 3392 ι
1772 3340 2019 3398 llehrazis

454 3453 620 3492 vero:
655 3457 672 3488 ι
705 3436 880 3490 Multis
926 3435 1097 3490 modis
1149 3434 1274 3488 olim
1327 3435 1473 3488 Deus
1520 3433 1744 3502 loquens
1778 3436 2016 3502 patribus

454 3532 509 3584 in
541 3528 833 3598 prophetis,
876 3527 926 3578 in
973 3525 1280 3580 novissimis
1306 3524 1418 3594 (65)
1463 3525 1651 3578 diebus
1685 3525 1769 3579 his
1804 3525 2018 3582 locutus

453 3629 538 3672 est
561 3618 712 3670 nobis
738 3617 789 3670 in
817 3615 971 3670 Filio.
1006 3635 1024 3666 ι
1059 3614 1253 3669 Petrus
1278 3615 1331 3668 in
1369 3615 1606 3681 Epistula
1639 3613 1752 3685 (64)
1783 3633 1796 3668 :
1827 3634 1846 3666 ‹
1880 3617 2018 3672 Deus

454 3721 629 3763 autem
668 3709 841 3762 oninis
889 3707 1092 3777 gratim,
1125 3707 1214 3776 qui
1258 3707 1474 3761 vocavit
1519 3723 1617 3761 nos
1662 3707 1716 3761 in
1761 3717 2015 3764 attentam

454 3815 605 3853 suam
644 3800 868 3870 gloriam
895 3799 946 3853 in
974 3798 1194 3856 Christo
1215 3797 1366 3853 Jesu.
1398 3815 1417 3849 ι

1047 3978 1197 4033 CAP.
1238 3974 1425 4030 XXIV.

522 4072 742 4140 Insuper
770 4071 943 4125 ϐιαιτί
979 4070 1113 4141 (65),
1141 4069 1230 4136 qui
1258 4067 1575 4137 sapientiam
1615 4067 1717 4122 sibi
1760 4082 2022 4138 arrogan-

456 4172 538 4217 ter
588 4163 847 4222 tribuunt,
888 4173 942 4214 et
989 4159 1328 4227 stupidorum
1376 4157 1616 4210 omnium
1664 4157 2017 4224 stupidissimi

455 4263 603 4318 sunt,
643 4269 706 4308 ac
736 4251 1111 4321 superstitioso
1149 4248 1384 4318 plurium
1425 4248 1646 4300 deorum
1677 4246 1824 4301 cultu
1859 4248 2016 4316 ebrii,

527 4433 636 4504 (Π)
673 4431 1111 4502 Redemptionem.
1147 4431 1271 4488 Post
1300 4436 1438 4489 hanc
1463 4453 1650 4492 vocem
1678 4440 1864 4493 Graeca
1899 4439 2012 4492 edi-
2047 4424 2061 4431 ’

457 4502 702 4584 ιίο.⁷ιιι1ἰ]ιι
730 4523 742 4583 ξ
778 4504 866 4555 διὰ
893 4505 986 4556 τοῦ
1019 4504 1245 4574 αἵματος
1270 4504 1458 4570 αὐτοῦ,
1495 4509 1546 4562 id
1574 4520 1676 4572 εει,
1709 4527 1728 4558 ‹
1770 4523 1866 4577 per
1890 4524 2015 4563 sau-

457 4588 665 4639 gutnent
695 4589 831 4637 elus.
867 4593 884 4625 ι

527 4641 636 4709 (48)
674 4641 895 4694 Paulus.
929 4640 948 4694 Ι
984 4641 1171 4696 Thess.
1198 4658 1236 4706 ι,
1275 4644 1324 4696 Ι.

463 4777 476 4832 Ι
531 4710 644 4830 (ᾴ9)
689 4710 903 4765 Nostro.
934 4710 1057 4766 Htec
1087 4728 1186 4765 vox
1217 4713 1369 4767 deest
1411 4713 1463 4767 in
1506 4712 1692 4770 Bibliis
1727 4712 1933 4770 Gracis
1961 4732 2023 4768 ac

482 4798 530 4832 .a
563 4795 682 4832 nus.

482 4792 682 4832 Αιιιιιιε.

527 4848 640 4918 (50)
678 4847 735 4902 Si
763 4858 955 4901 autem.
994 4850 1150 4903 Rom.
1180 4867 1240 4914 tt,
1270 4850 1354 4902 l7.
1391 4850 1578 4905 Graeca
1615 4852 1782 4907 editio
1812 4854 1978 4908 habet
2006 4872 2018 4907 :

461 4917 558 4980 ιδε,
593 4919 642 4970 id
673 4929 774 4980 est,
815 4937 832 4968 ι
869 4919 1005 4974 vide.
1044 4939 1062 4970 ι
1107 4919 1366 4988 Vulgatus
1403 4922 1668 4989 interpres
1696 4923 1822 4989 legit
1853 4933 1910 4975 ut
1941 4925 2024 4976 Di-

466 4989 842 5068 'Jymus._Quin
877 4989 1142 5057 Complut.
1173 4995 1335 5043 etiam
1371 4992 1456 5045 ed.
1512 4993 1671 5046 habet
1724 4994 1773 5044 εἰ
1813 4991 1869 5044 δέ
1895 5034 1908 5056 ,
1971 4994 2020 5047 id

463 5067 560 5115 est,
599 5073 616 5106 ι
648 5067 696 5109 st
727 5068 922 5110 autem.
959 5079 976 5111 ι

553 5125 640 5196 51)
679 5124 903 5181 Unus.l
976 5127 1100 5181 Cor.
1159 5143 1275 5192 vui,
1333 5129 1384 5182 6.
1417 5130 1600 5185 Grazca
1656 5131 1819 5196 editio
1861 5131 2022 5185 habet

464 5204 520 5268 ιιι
543 5194 796 5265 Οιιιγιιιυδ
820 5201 930 5264 ipse
958 5198 1144 5249 citavit
1165 5200 1318 5262 alias,
1343 5218 1528 5268 nettipe
1553 5199 1609 5264 ἐξ
1637 5194 1696 5254 οῦ
1720 5200 1790 5264 τὰ
1815 5200 2014 5268 πάντα,

463 5265 652 5385 ξςὶθει,
700 5283 718 5314 ι
765 5281 860 5334 per
891 5282 1046 5335 quem
1086 5272 1290 5333 omnia,
1340 5289 1357 5320 ι
1399 5265 1502 5324 non
1541 5287 1694 5334 vero,
1736 5270 1802 5322 δι’
1842 5265 1904 5323 οῦ
1951 5272 2019 5322 τὰ

468 5350 501 5384 π
539 5349 654 5385 ντα.

468 5349 654 5389 παντα.

529 5403 641 5471 (52)
691 5401 751 5471 lin
774 5404 898 5458 Deo.
939 5405 1131 5462 Enhes.
1167 5422 1249 5467 ιιι,
1284 5407 1335 5461 9.

532 5470 644 5534 (55)
687 5470 931 5527 Tandem.
966 5475 1120 5529 Rom.
1151 5493 1187 5539 ι,
1221 5479 1307 5531 10.

533 5542 646 5610 (5.4)
689 5540 867 5594 Orate.
919 5544 1028 5604 ιὐι,
1066 5563 1084 5595 ‹
1127 5550 1314 5600 oratis.
1353 5565 1370 5598 ι
1414 5546 1563 5601 Unde
1591 5548 1705 5600 haec
1735 5549 1894 5600 verba
1923 5547 2020 5598 du—

464 5621 547 5663 cta
592 5623 726 5672 suit,
760 5615 957 5666 nescio.
988 5614 1171 5683 Itaque
1211 5619 1400 5682 ignoro
1442 5618 1642 5682 etiam,
1690 5627 1866 5668 utrum
1899 5632 2018 5669 vcr-

463 5683 617 5748 tcnda
670 5683 778 5729 sint
828 5701 844 5729 ε
881 5685 1064 5737 orandi
1104 5705 1120 5736 ι
1160 5688 1341 5748 verbo,
1390 5701 1454 5738 an
1490 5706 1506 5735 ι
1549 5686 1792 5738 voveudi.
1837 5703 1854 5735 ι

687 5749 788 5823 ραι
822 5751 967 5823 facit.
996 5752 1151 5806 Joan.
1183 5770 1263 5819 ιιι,
1310 5745 1400 5808 Ξί.

529 5815 641 5883 (56)
682 5816 871 5883 Opera.
914 5822 1221 5875 Addendum
1252 5815 1316 5875 riu
1353 5825 1560 5878 Grznco.
1594 5823 1659 5875 tit
1694 5822 1849 5874 ἔργα.

2125 3339 2341 3411 ροῦνται
2363 3340 2460 3411 τῆς
2485 3339 2641 3410 δόξης
2677 3339 2772 3392 τοῦ
2802 3340 2960 3406 Θεοῦ,
2995 3341 3364 3413 δικαιούμενοι
3392 3343 3598 3414 δωρεὰν
3619 3347 3684 3414 τῇ

2123 3432 2286 3486 αὐτοῦ
2317 3433 2498 3505 χάριτι
2535 3433 2623 3486 διὰ
2658 3435 2757 3504 τῆς
2788 3432 3216 3504 ἀπολυτρώσεως
3241 3435 3342 3506 τῆς
3378 3437 3436 3488 ἐν
3469 3437 3687 3508 Χριστῷ

2135 3520 2306 3592 Ἰησοῦ
2329 3541 2375 3574 ·ι
2417 3522 2686 3591 Ἑϐραίοις
2717 3523 2806 3575 δέ·
2845 3543 2862 3574 ι
2893 3524 3253 3596 Πολυτρόπως
3286 3525 3448 3579 πάλαι
3488 3529 3516 3580 ὁ
3556 3527 3688 3590 Θεὸς

2117 3615 2353 3686 λαλήσας
2377 3616 2487 3678 τοῖς
2511 3615 2779 3684 πατράσιν
2803 3619 2860 3670 ὲν
2887 3621 3002 3681 τοῖς
3044 3619 3372 3690 προφήταις,
3408 3620 3496 3672 ἐπ’
3527 3620 3686 3689 ἐσχά-

2116 3722 2226 3759 των
2250 3705 2474 3777 ἡμερῶν
2497 3706 2700 3760 τούτων
2728 3707 2987 3778 ἐλάλησεν
3014 3711 3146 3780 ἡμῖν
3171 3713 3230 3764 ἐν
3271 3709 3404 3781 Υίῷ.
3430 3730 3448 3762 ι
3485 3709 3687 3781 Πέτρος

2117 3799 2175 3850 ἐν
2209 3797 2523 3868 Ἐπιστολῇ·
2553 3798 2652 3873 «"0
2676 3797 2732 3850 δὲ
2759 3798 2890 3864 Θεὸς
2916 3801 3095 3871 πάσης
3125 3801 3364 3873 χάριτος,
3395 3803 3423 3854 ὁ
3452 3801 3686 3865 καλέσας

2118 3889 2261 3960 ἡμᾶς
2293 3891 2372 3952 εις
2399 3866 2497 3960 τὴν
2522 3866 2736 3944 αἷὼνιον
2759 3891 2922 3945 αὐτοῦ
2948 3866 3175 3956 δόξαν
3200 3866 3418 3965 Χριστῷ
3432 3891 3505 3965 Ίη
3517 3893 3606 3946 σοῦ
3661 3913 3679 3945 ι

2751 3983 2908 4036 ΚΕΦ.
2938 3986 3065 4037 KA'.

2189 4072 2308 4124 Ἔτι
2346 4072 2441 4124 καὶ
2485 4074 2534 4124 οι
2577 4074 2752 4144 οίήσει
2793 4078 2946 4144 σοφοὶ
2991 4077 3084 4129 καὶ
3130 4079 3312 4147 πάσης
3357 4079 3683 4150 άόελτηριας

2114 4162 2368 4216 ἐπέκεινα
2389 4163 2666 4234 Ἕλληνες,
2692 4169 2740 4218 οἰ
2767 4166 3056 4231 πολυθεϊας
3076 4168 3202 4241 δόξῃ
3227 4170 3680 4241 καταμεθύοντες,

2115 4253 2210 4305 καὶ
2250 4255 2480 4317 ἑαυτοὺς
2519 4255 2818 4320 πείθοντες,
2852 4259 3041 4329 ὅτιπερ
3090 4261 3242 4330 μόνοι
3275 4263 3412 4314 εἰσιν
3443 4253 3694 4332 πολυμαί

2193 4440 2306 4510 (57)
2347 4443 2629 4508 Quoniam.
2657 4440 2863 4498 Coloss.
2911 4459 2950 4507 ι,
2987 4443 3070 4506 l6,
3134 4445 3220 4497 l7.

2193 4512 2301 4580 (58)
2343 4515 2445 4566 Sed
2467 4515 2654 4567 abluti.
2699 4515 2715 4566 l
2749 4513 2875 4569 Cor.
2913 4528 2988 4574 vt,
3032 4512 3117 4564 11.

2191 4581 2301 4649 (59)
2345 4583 2472 4635 Deo.
2509 4584 2547 4635 ll
2591 4582 2715 4638 Cor.
2763 4599 2821 4646 tt,
2858 4582 2944 4635 N.

2193 4650 2304 4721 (60)
2348 4651 2552 4721 itaque.
2584 4652 2624 4704 ll
2647 4651 2772 4706 Cor.
2815 4668 2867 4717 v,
2908 4651 2994 4704 l7.

2195 4720 2306 4783 (61)
2351 4720 2491 4774 Nam
2513 4721 2615 4774 lea".
2653 4723 2808 4775 Rom.
2853 4737 2967 4783 vtti,
3001 4723 3054 4772 2.

2193 4788 2304 4854 (6‘2)
2342 4788 2553 4845 Omnes.
2605 4791 2759 4844 ltom.
2803 4807 2887 4854 ut,
2917 4791 3008 4855 “25,
3045 4790 3136 4845 24.

2195 4859 2304 4928 (63)
2349 4857 2750 4933 In_r_zovissimis.
2779 4861 3033 4933 Didymus
3058 4860 3213 4933 modo
3241 4860 3368 4933 legit
3415 4863 3501 4913 ἐπ’
3526 4863 3687 4933 ἐσχά-

2195 4876 2304 4928 (οο)
2349 4876 2413 4912 ιη
2438 4876 2750 4914 novissimis.
2779 4876 3033 4981 amamus
3058 4876 3213 4914 mouo
3241 4876 3367 4928 legit
3415 4876 3498 4913 επ·
3526 4876 3680 4933 εσχομ

2121 4943 2260 4990 των,
2313 4940 2370 4983 ιιι
2415 4929 2501 5001 hic
2561 4940 2614 4982 et
2666 4946 2836 4997 segni.
2916 4930 2944 4981 7
2980 4934 3040 4993 b;
3085 4931 3241 4983 modo
3287 4932 3372 4983 ἐπ’
3423 4932 3680 5001 ἐσχάτου,

2125 5009 2388 5068 utsegm.
2437 4995 2504 5051 15
2545 5016 2598 5065 a,
2632 5010 2686 5053 et
2731 4995 2796 5054 68
2835 5001 2882 5061 Ι),
2934 5010 2986 5052 et
3017 5001 3068 5052 iu
3111 5010 3302 5052 catena
3343 5001 3396 5054 in
3443 4995 3683 5056 Psalmoé

2123 5067 2327 5137 calamo
2358 5077 2574 5122 exarata
2597 5109 2611 5131 ,
2656 5084 2774 5137 quae
2807 5079 2982 5123 exstat
3011 5069 3196 5123 codice
3224 5070 3411 5125 ϐιωρο
3445 5087 3556 5124 xvu
3593 5074 3678 5125 Βι-

2123 5135 2402 5209 ιιιὶοιιιεεᾳι
2440 5137 2501 5209 S.
2543 5135 2702 5192 Marci
2753 5137 3121 5204 Venetiarum,
3154 5154 3278 5209 pag.
3305 5139 3410 5193 206
3453 5143 3516 5194 ad
3553 5144 3680 5195 titu-

2122 5203 2228 5256 lum
2265 5207 2452 5271 psalmi
2488 5209 2632 5260 noni.

2213 5275 2302 5344 64)
2345 5275 2549 5329 Βειιιι.1
2586 5275 2731 5329 Petr.
2776 5293 2826 5337 ν,
2861 5277 2942 5330 10.
3729 5327 3734 5330 .

2216 5345 2304 5414 65)
2346 5344 2535 5397 Cmct’.
2565 5345 2749 5399 Plures
2779 5351 2953 5399 adhuc
2978 5347 3141 5401 fuisse
3166 5345 3502 5402 Alexandriae
3533 5348 3680 5402 Grai-

2121 5427 2234 5473 cos,
2273 5416 2326 5467 id
2355 5425 2438 5485 est
2471 5415 2758 5485 ethnicos,_
2783 5417 2987 5485 Didymi
3027 5426 3204 5482 :etate,
3247 5429 3452 5471 certum
3481 5429 3582 5472 est.
3630 5419 3681 5470 Ιιι

2121 5491 2348 5556 testatur
2376 5483 2600 5556 Rufinus
2625 5483 2674 5536 in
2709 5482 2850 5538 Hist.
2883 5482 3064 5539 mres.
3101 5489 3192 5540 tib.
3229 5502 3289 5551 ιι,
3326 5503 3447 5556 cap.
3478 5487 3680 5556 22am

2123 5553 2326 5625 indicat
2356 5564 2408 5608 et
2434 5552 2790 5625 Hieronymus
2836 5556 2926 5608 lib.
2972 5571 3098 5608 xv."
3131 5560 3181 5609 in
3215 5552 3407 5610 lsaiani
3432 5552 3680 5625 cap.'65,

2119 5631 2172 5672 et
2224 5618 2466 5677 Julianus
2510 5618 2765 5695 Apostata
2817 5626 3011 5695 saepius
3059 5645 3071 5680 :
3120 5627 3210 5695 qui
3266 5627 3367 5681 hac
3413 5618 3576 5679 etiam
3616 5633 3681 5695 de

2119 5705 2301 5763 causa,
2320 5702 2375 5763 ut
2397 5702 2544 5761 puto,
2572 5694 2623 5745 iu
2647 5694 2867 5760 epistola
2891 5711 2918 5746 χ
2943 5693 3331 5750 Alexandriam
3347 5705 3505 5751 vocat
3527 5693 3683 5763 ἱερὰν

2120 5759 2292 5827 πόλιν,
2320 5761 2370 5815 iti
2399 5759 2512 5828 Vest,
2544 5780 2562 5811 ι
2602 5759 2809 5817 sacram
2843 5765 3142 5818 civitatem.
3175 5783 3194 5815 ›
