4108 6426
553 422 659 477 θτῖο
766 398 771 401 ’
1821 418 2055 475 movm
2092 421 2120 475 Α

2219 416 2558 473 LXANDRINI
3690 420 3791 478 91‘)

554 550 680 587 nam
710 545 891 586 rerum
946 530 1185 585 omnimn
1253 527 1495 584 conditor
1522 539 1636 585 tum
1671 531 1734 585 iis
1756 571 1770 596 ,
1801 535 1891 600 qui
1916 535 1984 589 ab
2034 535 2120 589 illo

2228 535 2317 588 τὸν
2354 535 2582 606 οὐρανὸν
2626 536 2720 589 καὶ
2761 537 2858 607 τὴν
2892 535 2994 606 γῆν
3040 536 3138 589 οὐκ
3172 536 3455 608 ἐποίησαν,
3487 537 3801 592 ἀπολέσθω.

555 631 761 694 petunt,
793 632 901 674 tum
931 620 998 675 iis
1031 621 1121 690 qui
1145 635 1250 673 non
1302 631 1512 691 petunt,
1547 620 1641 677 sed
1682 623 1882 689 ﬁdeles,
1909 635 1963 680 et
1985 627 2120 696 grati

2228 641 2327 679 σαν
2364 626 2455 678 ὲπὶ
2480 625 2583 696 τῆς
2615 626 2739 696 γῆς.
2772 625 2978 696 Κύριος
3029 627 3249 697 ἐποίησε
3280 630 3405 692 τοὺς
3451 630 3715 700 οὐρανοὺς
3746 637 3800 686 ἐν

554 720 701 779 sunt,
727 728 790 766 ac
819 712 1006 782 gratize
1028 711 1339 765 meminisse
1381 722 1598 775 norunt,
1630 715 1808 775 omnia
1832 730 1925 769 sua
1958 718 2120 780 bona,

2231 717 2467 781 συνέσει,
2500 717 2661 780 αὐτὸς
2699 717 2832 781 Θεὸς
2860 717 2967 782 ζῶν
2996 717 3089 770 καὶ
3112 716 3365 788 ἀληθινός
3384 735 3398 751 ⁸
3438 739 3458 772 ι
3488 720 3581 773 τὸν
3609 722 3667 774 δὲ
3700 726 3801 777 Δα-

553 806 652 858 etsi
680 805 778 873 ipsi
807 812 1041 867 taceant,
1091 804 1306 857 abunde
1352 805 1735 860 conununicat.
1784 807 1970 863 Potius
1993 824 2120 879 ergo

2231 806 2317 861 υῒδ
2342 809 2400 860 ὲν
2431 814 2536 879 ριγ¹
2565 806 2833 875 ψάλλοντα
2853 822 2868 838 ⁸
2908 826 2926 859 ι
2969 807 3050 860 Τὰ
3079 806 3274 861 εἴδωλα
3296 808 3404 860 τῶν
3437 808 3607 863 ὲθνῶν
3633 811 3801 882 ἀργύ-

552 889 837 945 Jcremiam
866 893 1183 960 prophetam
1215 893 1390 961 legant
1419 895 1485 947 de
1523 893 1842 950 Graecorum
1871 898 1998 962 diis,
2028 899 2120 967 qui

2226 915 2339 970 ριον
2383 900 2480 952 καὶ
2518 899 2761 969 χρυσίον,
2809 899 2948 970 ἔργα
2997 899 3197 970 χειρῶν
3248 898 3570 971 ἀνθρώπων.
3623 904 3801 974 Στόμα

556 998 707 1049 :eque
737 999 800 1036 ac
837 984 938 1051 ipsi
1003 982 1330 1053 pauperrimi
1381 994 1550 1049 sunt,.
1588 987 1700 1040 haec
1748 988 2117 1058 inquientem:

2221 987 2456 1058 ἔχουσιν,
2486 990 2580 1042 καὶ
2607 990 2667 1042 ού
2700 988 3025 1059 λαλήσουσιν
3046 1006 3058 1019 °
3093 989 3406 1059 ὀφθαλμοὺς
3430 989 3667 1060 ἔχουσιν,
3709 995 3801 1049 καὶ

559 1094 578 1128 ι
615 1076 692 1129 Dii
720 1076 852 1145 (78),
884 1077 973 1145 qui
1006 1076 1202 1130 ctelum
1233 1084 1287 1129 et
1339 1087 1537 1129 terram
1568 1092 1671 1131 non
1700 1077 1964 1144 fecerunt,
1997 1096 2120 1149 per-

2221 1079 2322 1132 οὐκ
2353 1078 2575 1149 ὄψονται
2598 1097 2613 1110 ο
2641 1073 2757 1133 ὦτα
2794 1080 3029 1150 ἔχουσιν,
3067 1080 3161 1133 καὶ
3189 1079 3288 1132 οὐκ
3317 1080 3642 1135 ἀκούσονται
3660 1101 3675 1114 ·
3722 1084 3800 1154 ﬁt-

552 1178 677 1222 eant
724 1170 776 1221 in
814 1179 975 1222 terra.
1009 1168 1263 1221 Dominus
1302 1167 1432 1222 fecit
1461 1167 1627 1223 caelos
1666 1169 1718 1223 in
1753 1169 2120 1241 intelligentia:

2221 1184 2318 1232 νας
2346 1168 2592 1239 ἔχουσιν,
2627 1170 2720 1224 καὶ
2748 1170 2848 1223 οὐκ
2885 1168 3354 1241 ὁσφρανθήσονται
3377 1188 3389 1201 ο
3427 1174 3616 1244 χεῖρας
3653 1174 3801 1245 ἔχου-

554 1261 672 1330 ipse
703 1260 845 1315 Deus
899 1262 1088 1315 vivens
1143 1272 1197 1314 et
1253 1275 1448 1323 verus;
1480 1278 1498 1313 ι
1537 1269 1588 1315 et
1628 1260 1880 1314 Davidem
1913 1261 2120 1315 incsttl

2226 1277 2332 1328 σιν,
2379 1263 2474 1315 καὶ
2517 1263 2578 1315 οὐ
2621 1262 3035 1334 ψηλαφήσουσιν
3058 1280 3073 1297 ⁸
3109 1264 3278 1328 πόδας
3310 1264 3525 1336 ἔχουσιν
3546 1309 3560 1331 ,
3612 1270 3705 1323 καὶ
3740 1272 3798 1325 οὐ

498 1385 508 1394 -
552 1350 763 1421 psalmo
804 1360 1129 1406 canentem:
1171 1369 1191 1402 ι
1217 1352 1357 1404 ldula
1389 1350 1499 1420 (79)
1559 1352 1796 1420 gentimn
1842 1364 2120 1416 argentum

2226 1355 2720 1425 περιπατήσουσιν”
2764 1356 2823 1408 ού
2860 1356 3201 1426 φωνήσουσιν
3238 1358 3298 1410 ὲν
3328 1357 3407 1427 τῷ
3440 1356 3674 1429 λάρυγγι
3705 1362 3800 1414 αύ-

553 1454 608 1496 et
645 1458 857 1507 aurum,
878 1458 1041 1512 opera
1068 1458 1321 1496 manumn
1359 1443 1660 1497 hominum.
1702 1443 1777 1498 Os
1807 1444 2025 1508 habent,
2066 1453 2119 1497 et

2228 1443 2324 1514 τῷ.
2362 1445 2597 1518 Ὅμοιοι
2622 1448 2806 1510 αὐτοῖς
2838 1446 3082 1514 γένοιντο
3110 1449 3159 1500 οἱ
3194 1447 3476 1513 ποιοῦντες
3507 1451 3668 1514 αύτά,
3707 1453 3799 1506 καὶ

552 1550 658 1587 non
695 1535 1012 1601 loquentur;
1058 1533 1243 1588 oculos
1300 1535 1521 1598 habent,
1571 1543 1626 1587 et
1664 1549 1770 1588 non
1832 1534 2120 1599 videbunt;

2233 1538 2431 1602 πάντες
2464 1541 2513 1592 οἱ
2540 1539 2861 1604 πεποιθότες
2891 1543 2976 1594 ἐπ’
3004 1542 3205 1604 αὐτοῖς.
3247 1561 3265 1593 ι

552 1639 716 1681 aures
747 1625 965 1688 habent,
1002 1631 1057 1678 et
1087 1637 1190 1675 non
1259 1624 1518 1687 audient;
1557 1638 1715 1678 nares
1747 1625 2035 1687 habent,et
2053 1640 2157 1679 non
2197 1629 2527 1696 odorabunt;
2559 1646 2750 1686 manus
2774 1632 3068 1696 habent,‘ct
3098 1650 3202 1686 non
3247 1634 3573 1704 palpabunt;
3642 1640 3800 1707 pedes

552 1715 775 1780 habent,
802 1724 856 1767 et
891 1730 995 1767 non
1027 1713 1378 1768 ambulabunt
1403 1729 1419 1778 ;
1447 1729 1552 1767 non
1575 1713 1887 1768 clamabunt
1918 1715 1976 1767 in
2000 1724 2217 1783 gutture
2247 1732 2345 1773 suo
2391 1719 2522 1790 (80).
2581 1721 2796 1776 Similes
2832 1721 2934 1775 illis
2969 1724 3101 1775 fiant
3157 1723 3248 1791 qui
3322 1722 3531 1778 faciunt
3592 1741 3680 1791 ea,
3751 1743 3797 1786 ei

547 1819 740 1860 omnes
767 1805 855 1873 qui
888 1802 1163 1858 conﬁdunt
1184 1803 1236 1855 in
1267 1801 1365 1854 eis.
1392 1819 1413 1852 ι

1066 1893 1232 1965 413
1257 1892 1409 1947 CAP.
1445 1891 1610 1946 xxv.
1660 1916 1664 1921 λ

619 1987 753 2043 Cum
778 1988 911 2042 satis
974 1987 1156 2054 itaque
1212 1987 1278 2039 de
1311 1986 1413 2039 hoc
1446 1985 1609 2037 etiam
1649 1985 1886 2053 capitulo
1919 1986 2120 2041 dictum

548 2081 641 2143 sit,
677 2078 742 2130 ad
779 2077 924 2131 aliud
967 2087 1329 2130 transeamus.
1360 2074 1742 2129 Hzereticorum
1772 2077 2013 2147 magistri
2047 2086 2124 2132 at—

550 2187 655 2239 que
684 2169 1012 2234 interpretes
1041 2166 1108 2220 ad
1159 2165 1398 2233 turpiora
1453 2179 1667 2232 semper
1727 2167 2017 2234 proclives,
2066 2177 2124 2222 ut

553 2266 837 2320 veritatem
876 2264 1193 2327 dilacerent,
1244 2265 1296 2316 in
1327 2256 1602 2317 certamen
1638 2263 1885 2328 veniunt,
1911 2274 1965 2318 et
1993 2280 2125 2320 con-

553 2357 847 2412 troversias
877 2355 1132 2410 continue
1167 2364 1385 2409 movent
1447 2366 1610 2424 atque
1640 2356 1970 2425 excogitant,
2006 2372 2125 2426 quae

551 2462 672 2501 cum
703 2459 850 2502 reeto
877 2461 1044 2517 scopo
1077 2446 1210 2501 nihil
1254 2445 1410 2515 plane
1451 2448 1826 2516 conveniunt;
1871 2449 2125 2504 labuntur

550 2539 693 2593 enim
726 2553 789 2593 ac
815 2549 1062 2607 peccant,
1086 2539 1211 2592 dum
1247 2539 1496 2592 innoxius
1527 2541 1713 2604 etiam,
1759 2551 1815 2594 et
1841 2540 2123 2596 sublimio-

549 2645 637 2685 res
658 2628 959 2685 sententias
980 2630 1258 2698 explicant
1289 2631 1464 2697 magni
1499 2629 1661 2693 illius,
1700 2641 1861 2701 atque
1882 2632 1949 2685 ab
1972 2633 2121 2687 omni

549 2733 769 2791 peccato
786 2723 1041 2777 immunis
1056 2722 1268 2797 Dej,qui
1283 2723 1352 2777 ob
1362 2738 1521 2777 suam
1541 2723 1963 2777 misericordiam
1983 2740 2125 2778 mor-

550 2818 668 2881 bos,
684 2817 737 2871 in
751 2831 888 2887 quos
903 2818 971 2871 ob
988 2824 1165 2871 nostra
1175 2832 1224 2869 m
1241 2815 1603 2884 insipientiam
1620 2817 1927 2882 incidimus,
1946 2826 2121 2881 sanat,
2185 2864 2192 2869 .

557 2917 718 2976 atque
733 2907 985 2961 omnibus
1018 2921 1232 2976 semper
1267 2921 1424 2974 opem
1450 2906 1573 2969 fert,
1606 2921 1669 2958 ac
1693 2920 1869 2974 neque
1899 2922 2013 2967 eos.
2032 2906 2125 2974 qui

562 3009 710 3053 recte
725 2998 911 3051 vivunt
924 3011 989 3049 ac
1010 2997 1170 3050 veluti
1194 2980 1358 3060 stant,
1380 3011 1552 3065 neque
1570 3012 1663 3051 eos
1682 2998 1772 3065 qui
1798 2997 1848 3049 in
1869 2998 1972 3051 vita
1991 2997 2125 3067 lapsi

554 3091 778 3155 fuerint,
798 3089 1019 3153 deserit,
1053 3098 1146 3141 aut
1179 3098 1482 3142 aversatur.
1505 3088 1595 3142 Sic
1627 3099 1805 3142 autem
1833 3104 1893 3142 se
1927 3089 2127 3145 habent

549 3184 790 3254 ejusdem
826 3180 1029 3235 verba:
1058 3198 1075 3230 ι
1109 3178 1362 3234 Glorilica
1390 3179 1502 3249 (8|)
1532 3194 1639 3241 me,
1682 3190 1734 3232 tu
1767 3179 1947 3242 Pater,
1979 3180 2117 3248 apud

548 3242 912 3336 temetipsum.
926 3270 1146 3324 iPutant
1165 3283 1294 3323 vero
1307 3282 1428 3323 eum
1446 3269 1715 3339 propriam
1735 3285 1798 3322 ac
1814 3278 2117 3338 separatam
2144 3242 2186 3299 (ἶ

547 3361 747 3416 habere
774 3358 1028 3430 gloriam;
1064 3357 1164 3411 etsi
1194 3355 1553 3425 subjunxerit,
1576 3373 1596 3407 ι
1616 3355 1808 3424 gloria,
1835 3369 1996 3424 quam
2023 3353 2122 3408 ba-

546 3452 660 3516 bui,
696 3462 985 3520 antequam
1017 3448 1250 3504 mundus
1284 3456 1446 3511 esset,
1477 3449 1615 3516 apud
1655 3457 1727 3509 te,
1753 3464 1774 3498 ι
1805 3456 1971 3515 atque
2007 3445 2123 3498 ba-c

547 3543 875 3614 subjungens
889 3539 1233 3594 manifestum
1255 3539 1383 3595 illud
1401 3538 1610 3603 fecerit,
1623 3548 1878 3593 maternam
1898 3552 1979 3599 se,
1994 3552 2123 3606 qua-

546 3640 700 3686 tenus
719 3633 858 3686 Deus
869 3636 974 3696 est,
1004 3640 1061 3685 et
1085 3629 1489 3683 connaturalem
1515 3629 1713 3682 habere
1733 3628 1981 3699 gloriam,
2000 3641 2121 3693 mue

544 3738 821 3791 nunquam
843 3722 910 3776 ab
945 3721 1063 3790 ipso
1095 3721 1301 3789 abiecta
1339 3718 1481 3785 fuit;
1515 3718 1690 3773 deitas
1735 3719 1878 3772 enim
1905 3725 1989 3770 est
2021 3715 2121 3767 im-

548 3813 840 3867 mutabilis.
854 3813 1039 3882 itaque
1050 3812 1164 3866 htec
1179 3812 1245 3864 ad
1261 3812 1481 3865 verbum
1499 3808 1836 3879 scripserunt
1853 3805 2076 3876 apostoli
2100 3822 2117 3859 :

546 3904 780 3973 inclytus
801 3903 913 3976 (8‘2)
941 3903 1161 3972 quidem
1194 3915 1259 3956 ac
1286 3901 1671 3957 celeberrimus
1705 3897 1941 3954 Joannes
1966 3916 1978 3950 :
2009 3916 2028 3948 ι
2057 3897 2120 3950 Ει

544 3995 779 4049 vidimus
806 3993 919 4067 (83)
947 3991 1171 4067 [inquit]
1189 3994 1411 4064 gloriam
1439 3992 1578 4062 ejus.
1596 3991 1822 4062 gloriam
1851 3985 2120 4056 utUnig'e-

551 4087 671 4141 niti.
704 4106 723 4140 ι
749 4086 842 4143 Ille
866 4103 994 4141 vero
1013 4097 1215 4141 aeterna
1245 4085 1504 4139 memoria
1536 4085 1749 4154 dignus,
1778 4091 1937 4152 atque
1966 4083 2016 4134 in
2037 4082 2119 4135 his

548 4179 704 4232 valde
765 4189 1012 4233 versatus
1050 4176 1323 4246 apostolus
1372 4174 1571 4229 Paulus
1603 4191 1618 4228 :
1683 4190 1701 4225 I
1731 4173 1791 4228 Si
1829 4174 1971 4227 enim
2004 4171 2116 4244 (8i)

545 4271 926 4340 cognovissent
954 4268 1089 4339 (85),
1130 4266 1420 4320 Dominum
1455 4264 1641 4334 gloria:
1678 4279 1784 4319 non
1814 4262 2117 4317 crucitixis-

544 4379 728 4422 sent.»
785 4365 1051 4422 Caetemm
1102 4361 1244 4433 quod
1280 4363 1498 4432 proprio
1569 4376 1728 4432 opere
1786 4360 2118 4430 gloriﬁcetur

545 4458 708 4524 Deus,
739 4457 984 4527 cogitare
1038 4454 1191 4508 nefas
1228 4462 1309 4507 est
1357 4471 1370 4507 :
1423 4452 1606 4511 omnia
1646 4452 1787 4507 enim
1815 4466 1912 4521 per
1941 4452 2113 4519 ipsum

544 4549 689 4604 facta
724 4557 884 4612 sunt;
926 4561 1047 4599 cum
1075 4545 1198 4599 aliis
1228 4553 1406 4598 autem
1435 4544 1686 4597 omnibus
1717 4542 1854 4596 facta
1884 4554 1963 4596 est
1991 4557 2112 4594 om-

544 4638 674 4692 nino
708 4636 797 4690 illa
826 4636 987 4689 etiam
1012 4633 1205 4704 gloria,
1233 4647 1393 4702 quam
1440 4632 1529 4687 hic
1566 4631 1965 4700 intelligendam
1991 4646 2110 4685 esse

544 4737 754 4798 putant.
791 4725 1061 4780 Prmterea
1116 4739 1243 4779 vero
1270 4723 1430 4782 illius.
1468 4724 1556 4792 qui
1603 4722 1778 4776 virtus
1802 4732 1903 4788 est,
1940 4732 1995 4777 et
2025 4738 2114 4774 sa-

542 4820 743 4888 pientia
787 4817 901 4882 Dei,
933 4830 1096 4884 opera
1128 4829 1191 4870 ac
1211 4828 1365 4868 serva
1395 4828 1515 4867 esse
1557 4813 1735 4866 omnia
1786 4813 2037 4867 dicuntur
2060 4814 2111 4866 in

542 4904 844 4971 Scriptura.
877 4906 943 4954 At
976 4902 1068 4955 Dei
1096 4902 1358 4968 sapientia
1380 4910 1435 4953 et
1460 4901 1630 4953 virtus
1662 4912 1745 4953 est
1769 4900 2108 4968 Unigenitus,

430 5040 435 5043 .
543 5007 729 5063 utp0te
752 4994 999 5049 conditor
1021 4992 1278 5047 Verbum.
1309 4992 1495 5060 Itaque
1519 4991 1658 5059 apud
1675 4990 1919 5045 eumdem
1943 5004 2109 5044 evan-

2838 1896 2994 1948 ΚΕΦ.
3035 1896 3164 1948 KE’.

2294 1986 2702 2049 Καταλιπόντες
2745 1979 2838 2039 οὖν
2889 1987 2988 2057 ἤδη
3047 1986 3140 2040 καὶ
3178 1987 3240 2040 τὸ
3289 1987 3582 2055 κεφάλαιον
3620 1989 3798 2052 τοῦτο,

2224 2076 2315 2130 ἐπὶ
2340 2076 2526 2147 ἕτερον
2569 2077 2924 2148 μεταϐῶμεν.
2954 2077 3261 2150 Αἱρετικῶν
3303 2079 3353 2130 oi
3385 2076 3670 2150 ἐξηγηταὶ,
3711 2098 3797 2134 νε-

2224 2170 2477 2233 νευκότες
2522 2170 2658 2239 πρὸς
2690 2170 2759 2222 τὰ
2800 2169 2997 2240 αἰσχίω
3019 2210 3034 2234 ,
3064 2170 3156 2225 τὸν
3200 2170 3387 2238 ἀγῶνα
3422 2172 3558 2242 πρὸς
3601 2171 3662 2225 τὸ
3700 2191 3793 2229 πα-

2228 2260 2594 2332 ραρρηγνύναι
2610 2261 2707 2332 τὴν
2730 2260 2986 2331 ἀλήθειαν
3004 2260 3240 2331 ἔχουσιν,
3263 2263 3357 2314 καὶ
3398 2262 3564 2332 μηδὲν
3586 2262 3712 2334 [205
3747 2266 3801 2338 α]

2224 2351 2369 2424 ὀρθῷ
2417 2352 2610 2423 σκοπῷ
2644 2352 3026 2423 προσηκούσας
3070 2352 3515 2424 ἀμφισϐητήσεις
3552 2356 3791 2410 ἐπινοοῦ-

2227 2461 2311 2498 σιν
2343 2445 2451 2499 ἀεί.
2499 2446 2903 2516 Προσπταίουσι
2950 2445 3059 2516 γάρ
3098 2445 3192 2498 καὶ
3234 2446 3364 2517 περὶ
3402 2445 3501 2510 τάς
3530 2448 3792 2503 ἀναιτίους

2224 2538 2320 2590 καὶ
2359 2535 2612 2607 μείζονας
2645 2537 2914 2601 συλλαϐὰς
2943 2536 3037 2589 τοῦ
3071 2537 3139 2590 τὰ
3170 2537 3508 2591 κακυνθέντα
3537 2540 3698 2610 ἡμῶν
3734 2536 3806 2593 δι’

2224 2628 2501 2700 ἡμετέραν
2547 2628 2860 2700 ἀφροσύνην
2906 2627 3133 2697 ίωμένου
3171 2628 3239 2680 δι’
3283 2629 3491 2682 οἰκείαν
3524 2630 3798 2700 εὐσπλαγ-

2226 2718 2376 2788 χνίαν
2402 2761 2418 2785 ,
2473 2721 2567 2772 καὶ
2617 2721 2918 2790 ἀρήγοντος
2969 2719 3198 2772 πάντοτε
3250 2719 3447 2784 πᾶσιν,
3499 2721 3594 2773 καὶ
3657 2723 3792 2792 μήτε

2226 2808 2424 2880 ὀρθῶν,
2464 2811 2602 2881 μήτε
2638 2810 2747 2862 τῶν
2787 2810 3166 2880 ὲπταισμένων
3213 2809 3309 2881 τὴν
3353 2809 3624 2863 πολιτείαν
3661 2813 3784 2865 ἀπο·

2229 2898 2598 2969 στρεφομένου
2649 2899 2887 2969 μεγάλου
2922 2898 3035 2973 γκαὶ
3073 2899 3455 2969 ἀναμαρτήτου
3491 2897 3658 2964 Θεοῦ,
3690 2898 3783 2961 τάς

2229 2989 2459 3060 ἐχούσας
2485 2985 2588 3043 ὧδε
2612 3009 2626 3023 ο
2677 3009 2697 3042 ε
2733 2991 2965 3055 Δόξασόν
2992 3007 3061 3060 με
3090 2990 3174 3053 σὺ,
3201 2978 3403 3060 Πάτερ,
3445 2991 3596 3061 παρά
3634 3007 3792 3044 σεαυο

2226 3080 2304 3152 τῷ
2323 3097 2338 3113 ⁸
2374 3100 2392 3134 ι
2427 3081 2898 3153 ὑπολαμϐάνοντες
2933 3083 3068 3136 ἰδίαν
3096 3082 3256 3136 αὐτὸν
3285 3081 3586 3152 κεκτῆσθαι
3611 3080 3789 3147 δόξαν,

2228 3170 2406 3224 καίτοι
2433 3173 2801 3240 ἐπαγαγόντος
2822 3188 2835 3200 ·
2873 3189 2892 3222 ι
2928 3172 3005 3242 Τῇ
3035 3171 3179 3244 δόξῃ.
3276 3166 3420 3241 εἶχον
3452 3170 3556 3241 πρδ
3583 3169 3675 3224 τοῦ
3704 3171 3793 3224 τὸν

2221 3263 2426 3335 κόσμον
2464 3261 2605 3318 εἶναι
2650 3262 2803 3335 παρά
2836 3262 2953 3315 σοί*
3008 3281 3027 3314 ι
3067 3263 3162 3315 καὶ
3204 3262 3528 3333 ποιήσαντος
3565 3260 3653 3314 διά
3696 3260 3791 3330 τῆς

2223 3355 2591 3424 συμφράσεως
2619 3353 2821 3423 ταύτης
2848 3352 3027 3422 δῆλον,
3061 3353 3145 3405 ὅτι
3182 3351 3352 3405 ἀΐδιον
3385 3352 3477 3404 καὶ
3520 3351 3799 3422 σύμφυτον

2221 3444 2334 3516 ἔχει
2357 3443 2514 3511 δόξαν
2542 3446 2684 3499 κατὰ
2704 3444 2766 3497 τὸ
2790 3443 2989 3508 θεῖκὺν,
3019 3445 3140 3514 ἥτις
3168 3445 3269 3496 οὐκ
3292 3442 3573 3514 ἀπεϐλήθη
3604 3443 3791 3497 αὐτοῦ’

2221 3538 2595 3610 ἀμετάϐλητον
2617 3537 2724 3608 γάρ
2747 3536 2807 3588 τὸ
2832 3537 2992 3590 θεῖον.
3026 3537 3273 3606 Ἐφασαν
3300 3536 3577 3606 τοιγάρτοι
3604 3537 3793 3600 αὑταῖς

2220 3630 2460 3696 λέξεσιν,
2491 3631 2520 3682 ό
2565 3630 2663 3700 μὲν
2709 3629 2952 3698 ἀοίδιμος
3003 3628 3287 3699 Ἰωάννης·
3348 3646 3367 3679 ι
3425 3630 3536 3683 Καὶ
3569 3629 3792 3684 ἐθεασά-

2201 3719 2364 3790 ’μεθα
2390 3719 2488 3791 τὴν
2516 3719 2671 3782 δόξαν
2704 3718 2892 3783 αὑτοῦ,
2923 3717 3079 3783 δόξαν
3110 3718 3185 3781 ὼς
3221 3720 3590 3789 Μονογενοῦς·
3622 3739 3640 3773 ι
3677 3723 3708 3775 6
3740 3721 3793 3775 δὲ

2219 3811 2542 3880 ἀείμνηστος
2578 3811 2685 3864 ικαὶ
2729 3809 3058 3882 πολύπειρος
3106 3809 3315 3865 τούτων
3359 3811 3606 3876 Παῦλος
3659 3831 3679 3864 ι
3735 3813 3794 3866 Ei

2219 3901 2328 3972 γὰρ
2362 3902 2577 3972 ᾔδεσαν,
2603 3903 2703 3955 οὐκ
2733 3903 2799 3956 ἂν
2825 3904 2916 3957 τὸν
2954 3903 3159 3974 Κύριον
3200 3904 3300 3975 τῆς
3330 3905 3488 3974 δόξης
3514 3904 3803 3976 ἐσταύρωε

2221 4008 2339 4046 σαν.
2375 4011 2394 4043 ι
2432 3991 2542 4045 Καὶ
2574 3990 2749 4057 ἄλλως
2774 3993 2831 4046 δὲ
2853 3993 2913 4047 οὐ
2949 3991 3108 4063 θέμις
3137 3995 3298 4054 νοεῖν,
3328 3992 3403 4056 ὡς
3446 3992 3526 4063 τῷ
3557 3993 3672 4060 ἰδίῳ
3699 3995 3794 4067 ἑρ-

2218 4100 2301 4153 γῳ
2326 4082 2611 4148 δοξάζεται
2633 4085 2661 4137 6
2706 4084 2837 4148 Θεὸς
2882 4085 3081 4156 (πάντα
3109 4083 3216 4157 γὰρ
3242 4085 3308 4138 δι’
3333 4084 3497 4138 αὐτοῦ
3526 4082 3795 4156 ἐγένετο),

2221 4176 2317 4229 σὺν
2350 4177 2516 4229 πᾶσιν
2549 4176 2608 4228 δὲ
2651 4176 2891 4239 πάντως.
2919 4177 3014 4230 ita).
3042 4176 3110 4247 ἢν
3159 4174 3436 4246 νομίζουσι
3467 4173 3645 4239 δόξαν.
3679 4176 3791 4228 Καὶ

2217 4266 2353 4321 Θεοῦ
2395 4267 2452 4320 δὲ
2489 4267 2772 4337 δυνάμεως
2819 4268 2913 4320 καὶ
2952 4267 3144 4337 σοφίας
3191 4267 3325 4340 ἔργα
3376 4269 3471 4322 καὶ
3512 4266 3674 4321 δοῦλα
3724 4269 3794 4323 τὰ

2220 4359 2509 4430 σύμπαντα
2541 4358 3019 4430 κεχρησμῴδηται.
3059 4359 3166 4412 Τοῦ
3201 4356 3338 4415 θεοῦ
3365 4359 3533 4429 σοφία
3571 4361 3667 4413 καὶ
3703 4360 3792 4413 δύ-

2216 4468 2378 4521 ναμις
2418 4451 2448 4503 6
2482 4450 2793 4520 Μονογενής
2852 4450 3020 4515 ἐστιν,
3076 4449 3172 4503 ate
3224 4450 3554 4520 δημιουργὸς
3594 4450 3791 4519 Λόγος.

2229 4539 2567 4610 Ἡρμήνευσε
2614 4536 2902 4609 τοιγαροῦν
2948 4538 3100 4609 παρά
3135 4536 3211 4608 τῷ
3243 4537 3392 4608 αὐτῷ
3424 4538 3792 4610 εὐαγγελιστῇ

2212 4621 2365 4690 οὗτος
2389 4629 2418 4680 6
2447 4625 2704 4697 εῦμικτος
2736 4628 2886 4692 υεδς,
2918 4628 2971 4680 τί
3008 4629 3154 4681 ἐστὶν
3192 4628 3273 4689 τὺ,
3302 4646 3322 4677 ι
3363 4629 3595 4693 Δόξασόν
3635 4645 3727 4697 με,
3769 4650 3787 4681 ι

2211 4719 2352 4791 πρὸς
2377 4718 2470 4773 τὸν
2490 4719 2713 4792 Πατέρα
2739 4716 2909 4770 εἰπών
2934 4734 2947 4747 ο
2987 4736 3007 4770 ι
3058 4716 3198 4785 Ἐγὼ
3226 4733 3285 4769 σε
3310 4716 3537 4780 ἐδόξασα
3565 4716 3657 4768 ἐπὶ
3682 4716 3790 4786 τῆς
3860 4773 3867 4779 ε

2209 4810 2343 4880 γῆς·
2377 4808 2440 4862 τὸ
2489 4808 2650 4880 ἔργον
2695 4807 3009 4872 ὲτελείωσα,
3052 4806 3081 4860 ὃ
3125 4807 3361 4869 δέδωκάς
3406 4804 3534 4877 [205
3597 4803 3650 4876 ὁ]
3689 4824 3787 4875 μοι

2210 4899 2295 4957 ἵνα
2336 4899 2574 4969 ποιήσω’
2616 4916 2636 4949 ι
2684 4896 2805 4950 ἀντὶ
2844 4895 2939 4947 τοῦ
2961 4935 2976 4960 ,
3008 4893 3175 4948 Οὐδὲν
3204 4894 3400 4960 ἔξωθεν
3424 4892 3515 4946 τοῦ
3543 4892 3787 4964 θελήμα-

2206 4990 2297 5051 τός
2327 5005 2419 5042 σου
2457 4990 2490 5059 ἡ
2525 4985 2934 5058 ὲνανθρώπησίς
2981 5001 3082 5055 μου
3114 4984 3400 5056 ἐποίησεν,
3440 4984 3576 5038 ἀλλά
3605 4985 3788 5040 πάντα

613 5196 724 5266 (78)
768 5196 876 5252 Dii.
910 5195 1110 5250 Jerem.
1144 5212 1198 5264 χ,
1230 5195 1316 5251 10.
1350 5196 1484 5253 Vide
1506 5207 1616 5250 n01.
1645 5194 1739 5261 38,
1766 5210 1888 5266 pag.
1921 5194 2011 5260 80,
2046 5204 2100 5248 et

2219 5193 2387 5249 haece
2434 5197 2629 5259 dicitur
2659 5194 2905 5259 δοξάζειν
2936 5213 2952 5227 ο
2995 5195 3349 5265 interpretum
3383 5201 3570 5266 autem
3602 5193 3775 5247 varie-

540 5255 651 5319 not.
683 5255 773 5330 ΞΒ,
806 5282 925 5335 pag.
950 5266 1076 5319 521.

612 5336 722 5401 (79)
769 5333 941 5389 lilol'a.
977 5335 1113 5388 l’sal.
1139 5348 1293 5392 cun.
1329 5349 1359 5391 a
1389 5350 1531 5390 vers.
1565 5336 1634 5389 l2
1665 5335 1730 5389 ad
1760 5333 1850 5389 16.

610 5403 720 5475 (80)
762 5403 888 5458 Suo.
921 5404 1133 5475 Codex,
1162 5404 1342 5474 αὐτῷ,
1372 5405 1550 5468 idest,
1584 5423 1603 5456 ι
1641 5407 1775 5474 ipso.
1811 5424 1830 5456 ι
1883 5404 1987 5459 Sed
2022 5403 2096 5458 le-

542 5472 1023 5544 ﬂetttltltlthgfl‘ttbv,
1058 5474 1108 5544 id
1141 5486 1243 5540 est,
1280 5472 1302 5525 i
1339 5476 1595 5544 ipsorum.
1633 5493 1653 5523 ι

613 5540 722 5612 (8i)
763 5540 1034 5609 Cloriﬁca.
1079 5541 1236 5598 Joan.
1273 5540 1406 5607 ινιί,
1448 5542 1500 5597 5.
1546 5543 1802 5612 Vulgatns
1828 5543 2095 5612 interpres

540 5609 704 5659 vertit
737 5627 752 5662 :
788 5628 806 5659 ι
836 5612 1102 5665 (llarilica.
1137 5631 1155 5662 ι
1187 5613 1289 5665 Sed
1333 5613 1470 5667 idem
1499 5623 1581 5665 est
1610 5609 1821 5667 sensus.
1851 5610 1920 5665 Ut
1949 5609 2091 5664 enim

542 5678 618 5727 ait
643 5676 970 5735 Augustinus
997 5683 1046 5730 in
1079 5680 1214 5733 libro
1248 5691 1429 5735 contra
1453 5697 1738 5734 sermonem
1764 5682 2087 5733 Arianorum

543 5690 618 5727 att
643 5690 720 5727 Alt
761 5690 970 5731 usttutts
997 5690 1046 5730 in
1079 5690 1214 5733 libro
1248 5691 1429 5735 contra
1453 5697 1738 5734 sermonem
1764 5690 2087 5733 Arianorum

543 5690 778 5814 ιῖιρτζῆ,
807 5761 926 5812 pag.
961 5745 1085 5808 6M,
1120 5766 1136 5796 t
1170 5747 1507 5813 Gloriticare,
1542 5761 1591 5803 et
1623 5750 2000 5814 honorificam,
2032 5758 2090 5799 et

2202 5274 2310 5317 tate
2342 5265 2497 5317 aliter
2526 5278 2689 5333 atque
2719 5266 2875 5317 aliter
2905 5263 3153 5332 positum‘
3177 5278 3263 5319 est
3290 5267 3342 5317 in
3381 5263 3598 5316 Latino.
3636 5281 3655 5314 ι

2276 5334 2388 5404 (ὃῖ)
2424 5332 2682 5404 Inclyms.
2711 5335 2888 5404 Simili
2927 5336 3083 5387 modo
3131 5336 3368 5404 loquitur
3414 5334 3669 5404 Didymus
3702 5332 3777 5404 ad

2199 5397 2344 5457 vers.
2369 5397 2475 5466 '17,
2503 5397 2619 5472 cap.
2656 5420 2669 5456 ι
2702 5401 2842 5458 Jobi.
2888 5404 3027 5456 Ἀλλ’
3072 5407 3135 5458 οὐ
3166 5397 3407 5464 τοιοῦτος
3429 5397 3545 5473 ἦν’(
3569 5401 3774 5473 inquit)

2199 5473 2332 5598 J’lt‘ﬁs
2362 5475 2391 5527 6
2423 5470 2686 5546 ἀοίδιμος,
2728 5474 2777 5527 id
2806 5484 2909 5537 est,
2952 5491 2971 5524 ι
3003 5475 3072 5528 At
3105 5475 3229 5529 talis
3257 5487 3362 5528 non
3393 5470 3513 5526 erat
3539 5470 3776 5540 inclytus

2233 5562 2265 5597 0
2308 5560 2386 5596 HS.
2420 5562 2438 5594 ι

2233 5560 2386 5597 OD'IS.
2420 5562 2438 5594 D

2269 5614 2381 5681 (85)
2426 5612 2493 5664 Et
2515 5615 2759 5669 vidimus.
2791 5611 2949 5666 Joan.
2978 5630 3017 5675 ι,
3049 5613 3136 5671 ﬂ.

2270 5684 2381 5747 (aut)
2425 5681 2482 5735 Si
2514 5686 2673 5737 enim.
2710 5682 2881 5738 lCor.
2921 5699 2980 5748 ιι,
3008 5683 3062 5740 8.

2238 5749 2381 5822 ,(85)
2422 5750 2813 5822 Coguorissent.
2891 5751 3079 5808 Graeca
3131 5751 3334 5815 editio,
3389 5747 3635 5817 ἔγνωσαν
3677 5760 3781 5814 pro

543 5808 861 5875 clariﬁcare,
879 5808 994 5864 'tria
1020 5817 1233 5882 quidem
1257 5820 1439 5883 verba,
1460 5808 1553 5873 sed
1580 5833 1667 5872 res
1695 5834 1799 5871 una
1820 5827 1924 5884 est,
1941 5808 2084 5884 quod
2192 5808 2410 5887 ᾔδεσαν.
