4108 6420
465 413 572 470 955

1526 416 1613 472 DE
1652 419 2028 477 ΤΠΙΝΙΤΑΤΕ
2071 422 2272 479 LIBER
2309 426 2630 483 TERTIUS.

3608 429 3716 487 954

468 547 566 601 μα’
600 550 618 582 ι
644 528 882 584 δείκνυσι
910 531 1000 585 διὰ
1032 532 1247 603 πάντων
1277 533 1503 592 τούτων.
1528 535 1604 599 ὡς
1624 539 1703 601 εἰς
1722 537 1783 591 τὺ
1817 539 1999 609 ἀέριον
2025 541 2054 592 ὁ

2174 558 2260 596 ron
2305 558 2459 604 Vero.
2517 544 2610 612 qui
2660 544 2836 598 creari
2884 543 2997 615 (53)
3050 545 3319 615 spiritum.
3376 546 3603 613 etprius
3634 562 3719 610 po-

469 617 622 684 λόγος
653 618 1010 673 ἀποτείνεται.
1038 620 1287 686 Σπανίως
1315 624 1423 695 γὰρ
1445 624 1505 677 τὸ
1529 624 1680 693 ἆγιον
1706 627 1931 698 Πνεῦμα
1957 630 2049 684 τοῦ

470 705 604 758 θεοῦ
638 704 755 775 δίχα
781 707 873 758 τοῦ
902 708 1263 762 συνάπτεσθαι
1294 711 1441 781 αὐτῷ
1471 711 1549 778 τὸ,
1577 712 1752 780 ἅγιον,
1778 715 1810 785 ἢ
1846 716 1926 780 τὸ,
1952 716 2047 770 τοῦ

470 796 626 854 Θεοῦ.
658 796 772 867 ἢτὸ
792 796 1015 869 ἄρθρον,
1050 800 1083 870 ἦ
1118 798 1245 871 [9.08
1269 800 1324 872 η]
1355 803 1453 871 τὴν
1488 806 1722 874 μετοχὴν
1750 807 1944 860 αὐτοῦ’
1975 808 2051 872 ὡς

470 887 632 957 ἡνίκα
680 888 910 959 γράψει’
952 909 969 940 ι
1010 889 1233 960 Πνεῦμα
1273 891 1457 945 Ἠλία·
1500 913 1517 944 3
1566 895 1679 961 καὶ,
1725 914 1743 946 ι
1783 896 2056 967 Πνεῦματι

473 982 843 1050 περιπατεῖτε.
877 1000 894 1032 ι
932 1000 948 1031 ι
981 982 1196 1047 Κτὶζων
1236 983 1340 1039 »λε
1376 1003 1393 1033 ι
1417 984 1639 1056 Πνεῦμα
1669 1004 1685 1037 ι
1713 984 1854 1052 εἶπε,
1878 988 1966 1041 διὰ
1997 988 2058 1041 τὺ

472 1072 811 1140 ἑπιγῐνεσοαι
841 1074 900 1126 τὸ
925 1074 1130 1143 ἀέριον,
1160 1075 1288 1127 ὅταν
1319 1076 1508 1147 καιρὸς
1536 1078 1697 1149 καλῇ,
1725 1079 1860 1149 πρὸς
1886 1079 1947 1132 τὸ
1972 1080 2061 1132 λυ·-

474 1164 713 1217 σιτελοῦν
770 1169 890 1229 ταῖς
947 1165 1180 1237 χρείαις,
1236 1165 1301 1218 δι’
1346 1166 1412 1230 ἃς
1474 1169 1718 1237 γέγονεν.
1773 1169 2057 1239 Εἰὼοαμεν

473 1257 582 1327 γὰρ
638 1258 730 1311 καὶ
780 1258 874 1311 νῦν
915 1258 1127 1327 λέγειν·
1181 1258 1426 1326 Ἐγένετο
1456 1259 1653 1330 ἄνεμος
1683 1260 1887 1323 πολύς·
1937 1260 2053 1314 ἀλλ’

473 1349 572 1419 οὔχ
625 1348 701 1412 ὡς
753 1349 846 1402 νῦν
889 1351 1148 1416 κτισθεὶς,
1198 1350 1312 1404 ἀλλ’
1370 1351 1444 1415 ὡς
1482 1350 1605 1423 ἄρτι
1657 1351 1830 1422 βίαιος
1894 1355 2053 1423 ἐγερ-

476 1440 609 1504 θεῖς.

2159 643 2247 689 nat
2283 635 2394 704 (54)
2421 635 2642 688 tonitrui
2681 636 3060 699 lirnrationem,
3086 637 3279 690 deinde
3323 636 3547 704 spiritus
3569 652 3722 691 erea-

2157 725 2380 785 tionem.
2416 740 2479 779 ac
2505 735 2764 793 praeterea
2815 726 2932 780 sine
2964 728 3191 780 articulo
3240 728 3301 781 τό
3346 728 3481 797 (55).
3512 739 3565 782 et
3607 730 3723 781 sine

2161 830 2310 877 voce.
2364 825 2636 879 sanctum,
2699 817 2838 869 unde
2867 817 2945 870 sic
2992 816 3271 885 loquatur:
3313 819 3475 889 427
3523 818 3722 882 κτίζων

2160 905 2400 976 πνεῦμα,
2460 907 2511 959 id
2549 917 2631 960 est
2671 924 2854 961 creatis
2906 909 3188 977 spiritum;
3245 921 3467 979 apparet
3519 927 3583 966 ex
3643 912 3725 964 bis

2158 998 2430 1060 Omnibus.
2455 997 2521 1051 ad
2554 997 2800 1064 spiritum
2864 1001 3069 1052 aerium
3123 1000 3394 1065 pertinere
3426 1017 3543 1067 qua:
3574 1002 3721 1054 dicit.

2164 1084 2306 1137 [tarn
2341 1086 2485 1140 enim
2512 1085 2626 1156 (56)
2659 1093 2877 1141 sanctus
2913 1087 3004 1141 Dei
3056 1088 3290 1157 Spiritus
3332 1104 3724 1143 commemora—

2163 1185 2269 1235 tur.
2316 1178 2445 1245 quin
2503 1179 2732 1231 addatur
2778 1193 2878 1232 vox
2937 1190 3180 1243 sanctus.
3217 1191 3310 1234 aut
3355 1195 3457 1233 vox
3488 1179 3602 1241 Dei.
3636 1192 3728 1234 aut

2156 1268 2418 1321 articulus
2459 1267 2521 1321 τό
2571 1269 2773 1322 nomini
2816 1268 3031 1339 πνεῦμα
3063 1271 3439 1340 conjungatur.
3465 1281 3557 1323 aut
3585 1270 3730 1338 ejus-

2157 1357 2280 1411 dem
2324 1357 2560 1427 Spiritus
2603 1361 2942 1430 participatio
2974 1361 3346 1429 signiﬁcetur:
3378 1371 3576 1414 uteum
3599 1362 3731 1414 seri-

2154 1446 2299 1502 bitur
2328 1468 2341 1501 :
2379 1469 2396 1500 ι
2435 1451 2671 1523 Spiritus
2698 1452 2821 1505 Elite
2852 1453 2969 1522 (57)
2996 1471 3049 1514 ς)
3076 1465 3158 1508 et:
3185 1472 3204 1504 ι
3243 1453 3444 1520 Spirittt
3469 1452 3579 1524 (58)
3614 1470 3731 1507 ant-

479 1534 726 1588 bnlatc.3
764 1535 883 1589 ldco
916 1546 1097 1588 autem
1158 1536 1297 1590 dixit
1326 1535 1609 1604 propheta.
1643 1554 1662 1587 ι
1698 1551 1892 1589 creans
1964 1536 2235 1604 spiritum,
2291 1560 2308 1593 3
2369 1544 2494 1611 quia
2547 1544 2792 1597 exoritur
2846 1545 2959 1617 (59)
3001 1545 3182 1600 aerius
3237 1544 3483 1613 Spiritus,
3512 1550 3730 1614 quando

479 1627 953 1694 opportunitas,“
989 1639 1172 1682 nostra
1224 1628 1431 1681 utilitas
1472 1628 1522 1681 id
1588 1628 1848 1696 exposcit.
1884 1629 1947 1679 ad
1992 1628 2263 1684 ferendam
2299 1634 2362 1685 in.
2403 1635 2837 1701 m-cessitatibus,
2872 1649 3092 1703 propter
3164 1651 3300 1705 quas
3369 1636 3546 1689 factus
3611 1646 3715 1698 est.

479 1731 652 1782 opem.
682 1716 1072 1772 Censucrimus
1094 1720 1236 1783 cnim
1273 1734 1414 1772 nunc
1438 1734 1651 1787 quoque
1691 1719 1912 1773 dicere:
1949 1717 2146 1775 Factus
2203 1734 2285 1777 est.
2351 1734 2540 1778 ventus
2609 1725 2843 1779 multus:
2878 1740 2980 1779 non
3004 1725 3160 1794 quasi
3220 1740 3363 1780 nime
3398 1732 3612 1780 creatus
3640 1726 3731 1792 sit,

489 1809 580 1863 sed
614 1810 752 1875 quod
782 1811 1072 1864 Vrliemens
1093 1826 1262 1878 nuper
1294 1811 1558 1865 excitatus
1584 1810 1764 1864 fuerit.

553 1901 911 1973 Προφητικῶς
949 1902 1126 1955 τοίνυν
1172 1903 1266 1956 καὶ
1313 1901 1695 1973 ὑστερομὲσως
1727 1901 1921 1973 ἐλέχθη
1957 1902 2066 1956 ἀπὸ

2246 1902 2569 1970 Pmpltetice
2590 1916 2740 1968 ergo,
2773 1910 2828 1955 et
2857 1899 3140 1954 verborum
3177 1898 3368 1952 ordine
3415 1898 3726 1967 aliquantu-

480 1992 573 2044 τοῦ
602 1990 783 2045 θεῖκοῦ
812 1992 1127 2063 Πνεύματος
1149 1993 1377 2047 οὑτωσί·
1405 2013 1422 2045 ι
1454 1994 1813 2065 Κατέστρεψα
1840 1995 2003 2064 ὑμᾶς,
2037 2014 2055 2047 3

482 2082 625 2136 τοῦτ’
656 2083 793 2143 ἔστι.
813 2104 831 2136 ι
857 2087 982 2148 τοὺς
1011 2085 1521 2158 σκληροτραχήλους
1537 2087 1630 2138 καὶ
1657 2086 2065 2155 ἀπεριτμήτους

440 2178 443 2185 ’
483 2178 550 2246 τῇ
574 2176 771 2247 καρδίᾳ
798 2196 816 2227 ι
863 2177 1180 2239 Ἰουδαίους,
1211 2195 1229 2228 ι
1250 2174 1434 2240 καθὼς
1475 2174 1840 2246 κατέστρεψεν
1874 2174 1902 2225 ὁ
1931 2176 2064 2239 Θεὸς

485 2267 692 2336 Σόδομα
719 2269 811 2320 καὶ
835 2269 1104 2339 Γόμορρα·
1129 2288 1146 2317 ι
1164 2269 1261 2332 τὰς
1294 2268 1606 2339 ἐσχηκυίας.
1639 2268 1825 2338 φησὶν,
1852 2269 2063 2337 οἰκήτο-

484 2372 608 2427 ρας,
624 2356 823 2425 ὁμοίως
841 2356 1112 2416 Ἰουδαίοις
1134 2356 1495 2428 ἀμεταμε).ῶς
1513 2356 1858 2426 βεϐιωκότας.
1873 2356 2063 2411 Τοίνυν

493 2465 510 2495 ι
538 2445 823 2516 ἑτοιμάζοι)
847 2446 939 2499 τοῦ
964 2448 1338 2501 ἐπικαλεῖσθαι
1371 2448 1607 2502 τὸνθεόν
1638 2466 1755 2513 σου,
1780 2449 2014 2521 Ἰσραήλ·
2036 2469 2056 2502 3

486 2534 567 2596 δν,
592 2538 776 2606 φησὶν,
806 2537 958 2592 οῦπω
990 2540 1085 2593 καὶ
1111 2541 1350 2611 τήμερον
1375 2540 1617 2610 ἐκδήλως
1647 2542 1901 2609 ἐπιγνοὺς
1928 2543 2060 2612 ἐφά-

490 2643 606 2697 νης.
639 2628 831 2699 Ἔλεγε
856 2631 913 2684 δὲ
942 2631 1032 2683 τὸν
1056 2631 1319 2702 μονογενῆ
1351 2631 1479 2684 Υἰὸν
1503 2630 1598 2684 τοῦ
1631 2631 1786 2688 Θεοῦ.
1822 2651 1840 2685 ι
1873 2632 2016 2687 Διότι
2037 2633 2066 2686 ὁ

565 2804 678 2869 (53)
723 2804 842 2859 Non
883 2822 1021 2868 vero,
1064 2806 1155 2873 qui
1182 2805 1371 2860 creari.
1425 2804 1639 2871 Allinia,
1703 2806 1812 2859 imo
1867 2805 2053 2859 eadem

493 2875 788 2944 dictaverat
821 2876 871 2926 in
902 2876 991 2927 lib.
1035 2875 1107 2927 De
1142 2874 1342 2941 Spiritu
1375 2888 1554 2927 sancto
1604 2891 1727 2928 num
1762 2875 1829 2929 l5
1854 2892 1867 2928 :
1895 2895 1912 2925 ι
1945 2875 2056 2944 Ego

492 2942 739 3014 (rectius
765 2946 927 2997 codex
964 2954 1146 3014 npster
1178 2962 1193 2998 :
1221 2961 1364 3011 ergo,
1417 2958 1471 2996 ιιι
1521 2954 1692 2996 totum
1731 2944 1902 2996 locum
1936 2942 2056 3012 pcr-

496 3012 747 3080 pcndenti
780 3012 1022 3084 patebit]
1070 3014 1169 3067 hoc
1230 3016 1371 3080 quod
1404 3015 1614 3070 dicitur.
1647 3033 1665 3065 ι
1715 3013 1851 3069 Creo
1901 3015 2058 3080 spiri-

501 3093 610 3135 tum
658 3101 677 3134 3
721 3098 871 3149 :rqne
929 3084 1163 3136 arbitror
1224 3088 1496 3148 positum.
1554 3098 1616 3136 ac
1672 3085 1714 3137 si
1769 3085 2060 3145 diceretur,

499 3169 520 3203 ι
545 3152 747 3206 Creans
790 3164 1027 3206 ventum.
1055 3193 1068 3205 .
1102 3188 1157 3222 ..
1190 3169 1209 3202 ι
1264 3151 1404 3204 Βειιε
1435 3160 1609 3205 autem
1647 3153 1886 3222 quodin
1946 3154 2057 3222 ipsa

495 3222 760 3275 sententia
803 3238 904 3277 non
947 3222 1042 3285 ait,
1083 3239 1101 3271 ι
1130 3220 1230 3286 Qui
1275 3221 1478 3281 creavi.
1509 3240 1527 3271 3
1573 3224 1686 3283 sed,
1738 3240 1756 3271 ι
1788 3221 1887 3287 Qui
1936 3220 2061 3274 creo

497 3293 808 3357 spiritum.)
874 3293 931 3346 Si
999 3292 1141 3345 enim
1194 3291 1257 3340 de
1319 3290 1774 3344 substmitialitate
1831 3291 2063 3357 Spiritus

497 3361 667 3415 sancti
700 3376 878 3415 sermo
900 3370 1061 3421 esset.
1093 3359 1317 3411 dixisset
1343 3359 1546 3427 utique,
1593 3377 1611 3409 ι
1642 3360 1740 3425 Qui
1783 3360 1997 3413 creavi:
2038 3378 2057 3411 3

499 3444 673 3494 neque
695 3433 835 3483 cnim
877 3445 1088 3497 semper
1109 3431 1354 3482 euunlcm
1381 3437 1547 3497 creat.
1570 3446 1591 3479 ι

569 3500 681 3570 (54)
715 3498 781 3553 Et
815 3495 1343 3570 priusirpoqat.retc.
1385 3496 1531 3551 lianc
1576 3497 1838 3570 rationem
1895 3495 2066 3570 fusius

497 3566 718 3637 exponit
748 3571 798 3622 in
816 3566 917 3622 lib.
969 3566 1040 3621 De
1075 3566 1276 3633 Spiritu
1316 3579 1497 3619 sancto
1538 3583 1685 3620 nuru.
1724 3567 1826 3637 AM.
1886 3585 1902 3617 ι
1929 3569 2067 3623 Deus

499 3635 641 3691 enim
686 3638 923 3710 (inquit)
952 3640 1041 3708 qui
1073 3653 1131 3690 se
1155 3638 1406 3710 spiritum
1448 3639 1679 3710 condere
1711 3635 1886 3710 fuerat
1925 3652 2067 3710 prae-

504 3704 711 3763 locutus
735 3704 811 3761 et'
838 3704 1041 3770 facere;
1073 3717 1125 3761 et
1153 3704 1443 3777 tonitruum
1463 3706 1598 3777 dixit
1630 3707 1844 3759 tirmare
1872 3704 2065 3777 [codex

503 3788 686 3832 noster
723 3780 901 3843 aliter,
951 3791 1188 3847 nempe:
1224 3776 1360 3829 Deus
1407 3776 1545 3828 enim
1582 3776 1681 3847 (qui
1725 3793 1779 3828 se
1821 3775 2065 3845 spiritum

500 3849 721 3902 condere
741 3846 1265 3916 fueratprtelocutus.
1292 3847 1488 3916 pariter
1522 3846 1720 3913 inﬂatus
1750 3857 1823 3899 est
1853 3857 1899 3899 et
1913 3847 2066 3916 _toni-

502 3926 681 3971 truum
704 3912 759 3971 se
790 3912 1060 3986 ﬁrmare].
1086 3927 1161 3986 _et
1200 3914 1513 3986 diluculum,
1556 3912 1610 3968 et
1645 3916 1868 3970 nebulas
1912 3912 2064 3986 [ι-υιΙ.

503 3997 688 4041 noster
719 4004 732 4039 :
764 3983 1040 4053 nebulam]
1077 3984 1270 4038 facere.
1305 4004 1325 4035 3
1378 3983 1519 4049 Lege
1550 3986 1774 4053 reliqua.

573 4056 685 4127 (55)
747 4055 876 4111 Sine
928 4053 1153 4110 articulo
1203 4055 1285 4108 τό.
1346 4053 1496 4127 lianc
1520 4071 1747 4127 naeuus
1803 4057 2067 4110 rationein

503 4123 777 4195 copiOSius
836 4136 1192 4181 exornaverat
1253 4127 1304 4195 in
1370 4124 1463 4178 lib.
1508 4123 1583 4177 De
1629 4124 1835 4191 Spiritu
1886 4139 2068 4179 sancto

506 4194 655 4251 uuin.
713 4197 792 4251 l5.
853 4215 871 4247 ι
904 4195 1085 4265 Neque
1106 4196 1247 4248 enim
1284 4194 1482 4265 frustra
1529 4195 1639 4265 (ita
1689 4197 1854 4248 editio
1906 4197 2071 4250 Vero-

507 4265 723 4349 pensis]
755 4264 1145 4349 sinearticulo.
1175 4265 1263 4333 qui
1292 4264 1344 4317 in
1386 4264 1574 4344 σηεςρ
1610 4278 1859 4319 sermone
1885 4269 2068 4349 singu-

508 4334 740 4389 laritath
764 4336 1096 4401 signiﬁcatur
1134 4344 1236 4400 est,
1274 4350 1414 4386 nttnc
1441 4334 1664 4401 spiritus
1694 4348 1906 4390 creatus
1935 4335 2070 4389 dici-

511 4414 627 4466 tur;
665 4407 916 4471 quoniant
963 4422 1065 4459 non
1109 4415 1191 4458 est
1226 4412 1466 4474 sanctus,
1498 4418 1620 4458 cum
1670 4418 1803 4471 pene
1856 4420 2071 4474 semper

512 4474 745 4542 Spiritus
800 4485 1016 4527 sanctus
1067 4490 1186 4533 cum
1235 4473 1461 4527 articulo
1514 4474 1842 4538 nominetur,
1892 4486 1949 4529 ut
2012 4477 2063 4527 in

2172 1995 2280 2048 lum
2315 1996 2530 2049 inverso
2565 1992 2679 2065 (60)
2708 1992 2945 2060 loquitur
2995 1993 3164 2045 Amos
3191 2006 3257 2044 es
3291 2005 3519 2059 persona
3570 1990 3732 2043 divini

2170 2084 2401 2152 Spiritus
2430 2085 2483 2137 in
2527 2085 2668 2137 hunc
2691 2082 2947 2136 modum:
2985 2098 3001 2131 ι
3040 2079 3291 2135 Subverti
3332 2095 3460 2143 vos;
3492 2098 3511 2131 3
3556 2079 3606 2132 id
3630 2086 3732 2141 est.

2174 2193 2193 2227 ι
2221 2176 2386 2228 duros
2414 2174 2627 2241 cervice
2653 2173 2766 2244 (6|)
2800 2168 3732 2227 etincircumcisoscordeandaeos:

2176 2286 2194 2320 ι
2233 2267 2374 2321 sicut
2406 2266 2673 2321 subvertit
2703 2266 2842 2320 Deus
2873 2264 3163 2318 Sodomam
3196 2272 3251 2317 et
3288 2262 3643 2318 Gomorrbam
3669 2280 3682 2326 ;
3713 2287 3734 2315 ι

2169 2372 2397 2425 qnarttm
2435 2356 2646 2419 incolae.
2675 2356 2870 2426 inquit,
2908 2355 3160 2411 similiter
3187 2371 3252 2410 ac
3278 2354 3471 2418 .ludai,
3504 2356 3573 2408 ita
3590 2354 3738 2408 vixe-

2176 2460 2322 2513 runt,
2356 2456 2414 2502 ut
2439 2463 2717 2516 nunquam
2771 2449 3116 2518 resipuerint.
3146 2448 3333 2517 Itaque
3358 2466 3377 2498 ι
3408 2461 3649 2515 praepara
3690 2457 3740 2500 te

2172 2542 2238 2594 ad
2266 2541 2622 2594 invocandum
2662 2542 2828 2595 Deum
2863 2551 3090 2605 tuum,o
3128 2540 3322 2594 Israel:
3354 2559 3374 2590 ι
3422 2553 3582 2607 quem
3608 2553 3740 2590 non-

2172 2633 2322 2700 dum,
2350 2631 2545 2702 inquit,
2579 2648 2750 2701 usque
2774 2633 2841 2687 ad
2871 2634 3012 2688 banc
3057 2633 3197 2687 diem
3246 2647 3276 2685 a
3314 2642 3364 2685 te
3391 2629 3606 2701 agnosci
3635 2647 3743 2683 ma-

2164 2816 2329 2871 tatur,
2378 2809 2540 2862 etiam
2579 2810 2685 2862 alta
2744 2810 2858 2864 υίεῑ.
2892 2828 2910 2861 ι
2960 2810 3022 2863 Et
3073 2808 3233 2862 multa
3283 2822 3411 2876 quae
3456 2807 3521 2862 de
3567 2806 3741 2859 sacris

2162 2876 2341 2931 Libris
2372 2881 2387 2937 t
2412 2889 2503 2931 aut
2528 2878 2748 2932 Litteris
2781 2897 2794 2931 :
2826 2882 2991 2933 codex
3027 2879 3170 2932 enim
3202 2875 3363 2932 habet
3395 2875 3530 2947 litis)
3559 2891 3741 2930 excer-

2163 2962 2290 3016 pere
2332 2949 2584 3012 possibile
2612 2959 2712 3002 est.
2758 2968 2775 2999 3

2200 3038 2203 3045 λ
2239 3018 2350 3080 (56)
2394 3016 2532 3071 Rura
2570 3018 2726 3078 enim.
2756 3027 2861 3071 etc.
2906 3016 3060 3070 llunc
3096 3015 3269 3068 locum
3302 3014 3611 3067 accuratius
3652 3014 3740 3065 bic.

2168 3094 2385 3146 tractat.
2438 3103 2597 3154 quam
2652 3086 2849 3140 fecerat
2906 3087 2959 3139 in
3010 3086 3103 3138 lib.
3164 3085 3238 3138 De
3309 3083 3513 3153 Spiritu
3567 3096 3744 3136 sancto

2168 3172 2309 3208 num.
2346 3157 2433 3218 15,
2471 3158 2558 3208 ubi
2602 3166 2778 3210 tamen
2829 3156 3005 3223 aliqua
3053 3156 3382 3209 babetltisce
3428 3154 3732 3207 simillima.

2174 3225 2366 3292 «Quod
2402 3226 2571 3279 sicubi
2603 3240 2745 3286 raro,
2788 3227 2980 3293 inquit,
3027 3225 3143 3278 sine
3168 3223 3396 3278 articulo
3439 3225 3747 3275 nominatur

2170 3295 2402 3362 Spiritus
2445 3305 2692 3359 sanctus,
2734 3296 3012 3349 sciendum
3062 3304 3175 3353 est.
3224 3310 3345 3347 eum
3378 3294 3745 3362 additamenta

2167 3360 2289 3416 eum
2325 3364 2589 3416 nominari
2626 3364 2965 3426 signiﬁcante
3006 3364 3458 3430 magniﬁcentiam
3485 3364 3620 3429 ejus.
3659 3360 3747 3413 Si-

2168 3432 2384 3501 quidem
2413 3434 2610 3485 dicitnr
2637 3433 2931 3501 aliquando
2965 3442 3017 3486 et
3054 3436 3169 3486 sine
3194 3430 3444 3494 articulo,
3477 3446 3599 3501 cum
3632 3446 3738 3483 non

2169 3499 2283 3569 ipse
2332 3517 2427 3570 per
2474 3517 2553 3562 ευ,
2609 3503 2699 3554 sed
2729 3499 3098 3569 ‘participatio
3149 3502 3267 3569 ejus
3310 3500 3657 3570 ostenditur:
3689 3509 3747 3549 ut

2170 3566 2345 3639 puta,'
2369 3589 2385 3620 ι
2415 3570 2649 3639 Spiritus
2695 3570 2841 3632 Elite.
2873 3591 2891 3621 3
2931 3566 2983 3623 εἰ
3028 3591 3046 3620 ι
3079 3566 3280 3639 Spiritu
3315 3566 3607 3639 ambulate.
3634 3585 3668 3639 3
3690 3577 3744 3618 et

2169 3636 2505 3708 quaecunque
2562 3640 2645 3693 lllS
2696 3641 2891 3692 similia
2952 3636 3138 3692 sunt.i
3215 3637 3293 3708 Ita
3346 3638 3509 3689 etiam
3573 3636 3745 3708 codex

2171 3720 2379 3769 noster.
2410 3705 2511 3762 nisi
2543 3710 2682 3775 quod
2710 3724 2805 3774 pro
2840 3727 2858 3759 ι
2885 3708 3171 3773 aliquando
3227 3726 3245 3757 3
3286 3707 3443 3759 habet
3499 3723 3517 3756 ι
3544 3705 3746 3772 aliquo-

2171 3779 2293 3841 ties,
2349 3797 2367 3828 3
2426 3780 2570 3847 quod
2620 3778 2753 3831 uilnl
2792 3778 2992 3831 refert:
3023 3776 3351 3847 advocttlas
3407 3789 3561 3847 cpcr
3604 3790 3663 3827 se
3707 3793 3739 3847 _s

2169 3849 2385 3902 unnttit.
2447 3841 2507 3901 in
2543 3850 2891 3901 enarratione
2935 3863 3062 3899 vero
3102 3846 3154 3897 in
3208 3844 3375 3909 Epist.
3432 3841 3479 3897 1⁷
3520 3841 3746 3896 Joannis

2170 3933 2292 3982 cap.
2335 3934 2407 3981 ιν,
2436 3917 2598 3972 simili
2649 3918 2809 3971 modo
2861 3916 3058 3983 accipit
3110 3916 3274 3967 Vcrba
3314 3914 3426 3976 ἰΙΙ.ι,
3471 3913 3747 3983 (Spiritus

2170 3987 2322 4049 Elizc,
2352 4006 2368 4036 ι
2421 3989 2674 4040 nimirum
2711 3988 2777 4039 de
2813 3982 3231 4054 participatione
3267 3984 3503 4054 Spiritus
3546 3982 3744 4054 sancti.

2176 4077 2194 4108 ι
2226 4056 2373 4112 Unus
2403 4068 2455 4110 et
2482 4059 2621 4111 idem
2652 4051 2889 4125 Spiritus
2927 4051 3038 4119 Dei,
3085 4054 3280 4121 inquit,
3317 4064 3419 4125 est,
3446 4052 3588 4125 Patri
3623 4051 3746 4125 nni-

2170 4142 2266 4181 cus
2289 4137 2342 4179 et
2374 4127 2509 4181 Filio
2544 4146 2557 4182 :
2589 4123 2999 4197 qni-pluraliter
3029 4125 3363 4197 nominatur.
3411 4124 3465 4175 in
3509 4123 3741 4197 diuersis

2171 4197 2519 4260 describitur,
2555 4191 2641 4265 qui
2680 4191 2744 4249 eo
2769 4197 3199 4265 participantur;
3231 4192 3388 4260 quale
3413 4202 3498 4247 est
3533 4210 3551 4242 ‹
3584 4191 3752 4259 Spiri-

2173 4277 2257 4318 tus
2290 4266 2438 4329 Elize.
2467 4286 2484 4317 3
2530 4263 2585 4319 et
2626 4266 2862 4332 Spiritus
2915 4263 3335 4331 uniuscujusque
3383 4276 3691 4316 sanetorum
3731 4279 3743 4332 :_

2174 4336 2243 4388 ita
2284 4347 2339 4388 ut
2370 4337 2503 4391 tanti
2536 4330 2773 4405 Spiritus
2799 4351 2922 4391 esse
2950 4330 3261 4397 videantur,
3287 4334 3475 4401 quanti
3510 4341 3632 4386 sunt
3658 4330 3750 4399 qui

2170 4417 2234 4458 eo
2276 4407 2680 4473 pzn'tiripantur.
2704 4425 2723 4457 ι
3025 4459 3036 4471 ,

2247 4476 2356 4545 (57)
2389 4468 2622 4553 Spiritus
2915 4476 2980 4530 IV
3016 4468 3271 4553 Regini},
3319 4468 3407 4553 16‘
3444 4470 3573 4540 (seu
3621 4468 3745 4533 15).

512 4523 623 4606 iliro,
646 4563 674 4615 3
710 4544 840 4597 αὐτὸ
868 4544 927 4597 τὸ
959 4523 1204 4615 Πνεῦμα,
1242 4543 1418 4615 idest.
1472 4561 1490 4593 ι
1514 4546 1640 4615 ipse
1662 4523 1894 4615 Spirisits
1919 4545 2066 4615 testi-

2178 4523 2932 4615 nata;iisetiam;
2957 4523 3288 4615 ’νῆις-’τελέοι

514 4614 746 4668 ιιιοιιὶιιιιι
779 4616 1024 4680 perbibet
1056 4613 1264 4683 spiritui
1309 4623 1508 4664 nostro.
1540 4632 1560 4664 3
1608 4613 1671 4666 Et
1714 4614 1840 4668 alibi
1872 4632 1884 4667 :
1914 4614 2079 4676 αὐτός.

509 4685 656 4737 ἐστιν
698 4683 756 4736 τὸ
790 4683 1108 4750 ζωοποιοῦν,
1141 4684 1190 4737 id
1215 4691 1317 4746 est,
1344 4701 1361 4733 ι
1385 4684 1497 4751 ipse
1521 4693 1600 4735 est
1632 4684 1721 4751 qui
1760 4685 2016 4738 viviticat.
2050 4702 2069 4734 ι

509 4755 575 4807 Et
602 4769 836 4816 rursum.
897 4773 914 4805 ι
947 4755 1039 4809 Sic
1071 4765 1125 4807 et
1155 4768 1273 4821 qua:
1307 4752 1399 4806 Dei
1436 4764 1591 4815 sunt,
1635 4768 1792 4805 nemo
1828 4755 2076 4817 cognovit

512 4823 613 4877 nisi
649 4825 711 4878 τὺ
753 4824 1035 4894 Πνεῦμα.»
1088 4820 1302 4894 ἱιιςεει,
1357 4839 1374 4872 ι
1411 4820 1638 4894 Spiritus
1677 4821 1801 4879 Dei:
1833 4844 1853 4875 3
1886 4822 2078 4894 τὸγὰρ

512 4893 757 4965 Πνεῦμα.
796 4892 912 4965 huc
936 4904 1039 4958 est,
1066 4913 1113 4965 Al
1139 4892 1372 4965 Spiritus
1389 4893 1530 4965 enim
1567 4903 1842 4965 scrutatur
1869 4892 2073 4951 omnia.

512 4963 676 5017 etiam
701 4966 806 5017 alta
838 4964 952 5017 Dei.
981 4983 998 5014 3
1043 4963 1104 5017 Et
1129 4963 1291 5015 multa
1328 4979 1448 5031 ιιιιίε
1485 4963 1550 5016 de
1583 4963 1879 5031 Srripturis
1905 4964 2078 5017 sacris

513 5046 804 5102 excvrpere
856 5034 1110 5100 possibile
1169 5042 1272 5085 est.
1328 5030 1510 5086 Placet
1571 5030 1910 5102 autemluec
1965 5034 2079 5101 ipsa

513 5100 830 5172 concinnins
855 5121 917 5158 ex
940 5114 1124 5157 nostro
1150 5102 1334 5157 eodlce
1353 5102 1657 5156 exscribere
1680 5121 1692 5155 :
1720 5100 1931 5172 «Neque.
1956 5100 2082 5156 vero

517 5171 715 5227 frustra
746 5174 863 5226 sine
892 5173 1143 5237 articulo.
1181 5172 1269 5239 qui
1299 5172 1349 5224 in
1382 5186 1632 5225 sermone
1667 5171 1857 5227 eum
1890 5172 2080 5241 singu-

517 5243 750 5296 lar-italis
795 5244 1128 5311 signiﬁcatur
1168 5250 1283 5307 est,
1325 5257 1466 5295 nunc
1510 5260 1528 5292 ι
1555 5242 1777 5309 spiritus
1814 5250 2027 5297 ereatus
2056 5260 2074 5293 3

516 5313 747 5376 dicitur;
789 5313 1042 5381 quoniam
1075 5327 1181 5366 non
1213 5323 1293 5365 est
1325 5321 1573 5373 sanctus;
1619 5328 1740 5365 cum
1781 5328 1915 5380 pene
1940 5328 2083 5366 sem-

518 5383 900 5462 per__Spiritus
939 5394 1169 5462 _sat_tct_l_ts
1204 5382 1605 5462 euoluat-ticum
1638 5384 1980 5462 ιιοιιιὶιιειιιισι
2026 5392 2084 5462 ιιι

518 5450 571 5505 in
599 5452 688 5505 illo
726 5470 740 5505 :
775 5472 793 5503 ι
822 5452 965 5506 Αὐτὸ
991 5452 1052 5506 τὸ
1088 5450 1347 5522 Πνεῦμα(
1368 5452 1415 5502 id
1453 5462 1554 5511 est,
1595 5469 1612 5501 ι
1636 5451 1751 5518 lpse
1775 5451 2008 5522 Spiritus
2037 5454 2083 5519 ι)

519 5522 883 5575 ιιξη-ιὶιιιοιιὶιιιιι
946 5524 1190 5590 perlubet
1243 5520 1467 5586 spiritui
1529 5531 1735 5574 nostro.
1766 5540 1784 5572 3
1820 5521 1883 5574 Et
1908 5520 2033 5573 alibi
2062 5538 2077 5574 :

517 5590 591 5663 ’Ῑὺ
610 5590 834 5663 Πνεῦμα
868 5589 1081 5662 (idest,
1118 5611 1136 5644 ι
1174 5590 1470 5663 Spiritus3)
1531 5601 1611 5643 est
1648 5590 1738 5658 qui
1777 5591 2027 5643 vivillcat.
2061 5608 2078 5640 3

520 5659 590 5713 Et
614 5659 825 5714 rursum
862 5659 888 5714 ι’
920 5680 940 5713 ι
964 5663 1055 5716 Sic
1081 5674 1133 5714 et
1165 5676 1285 5730 quae
1316 5660 1407 5713 Dei
1445 5670 1591 5730 sunt,
1625 5662 2083 5730 neutoicoguorit,

524 5730 624 5781 nisi
655 5730 714 5782 τὸ
762 5731 987 5799 Πνεῦμα
1031 5728 1213 5799 Θεοῦ(
1238 5732 1288 5784 id
1318 5739 1418 5790 erat.
1445 5749 1461 5779 ι
1503 5728 1735 5799 Spiritus
1787 5729 1877 5782 Dci
1901 5729 1946 5798 3)
1980 5747 1993 5781 :
2026 5731 2085 5782 τὸ

522 5800 746 5871 Πνεῦμα
769 5802 876 5873 γάρ
902 5798 1033 5873 (hoc
1056 5815 1157 5868 eat,
1179 5819 1196 5851 ι
1218 5801 1448 5871 Spiritus
1475 5804 1616 5855 enim
1644 5798 1688 5869 ι)
1714 5801 1893 5855 ouinia
1942 5817 2086 5855 scru-

2251 4615 2363 4684 (58)
2407 4613 2629 4684 Spiritu.
2675 4614 2855 4670 G—tlal.
2896 4613 3064 4679 v.16.

2250 4682 2363 4756 (59)
2403 4683 2541 4756 Quia
2572 4689 2832 4749 exoritur,
2863 4697 2968 4740 etc.
3017 4685 3071 4739 lu
3108 4683 3308 4756 libiDe
3337 4682 3540 4756 Spiritu
3571 4690 3756 4734 sancto

2180 4751 2351 4809 nuinf
2394 4755 2475 4817 ιιι,
2542 4756 2606 4809 15
2658 4756 2770 4810 Inee
2835 4759 2995 4809 habet
3040 4769 3055 4808 :
3119 4773 3137 4805 ι
3185 4752 3252 4808 Ut
3302 4751 3554 4807 salutaris
3625 4768 3757 4804 aura

2180 4824 2496 4893 Opportunis
2563 4827 2782 4879 ﬂatibus
2847 4827 3071 4895 inspiret
3120 4825 3319 4895 (codex
3371 4830 3553 4895 noster
3597 4821 3758 4895 habet

2178 4889 2396 4965 spirat).
2422 4913 2440 4944 ι
2476 4895 2539 4948 Et
2587 4896 2746 4963 paulo
2792 4908 2907 4965 post
2934 4889 2959 4949 ἰ
2996 4914 3013 4945 ι
3045 4889 3184 4948 Deus
3219 4892 3416 4965 quippe
3439 4890 3594 4965 ﬂetus
3633 4889 3753 4954 bus,

2181 4964 2270 5030 qui
2323 4961 2416 5033 per
2446 4961 2597 5019 aeris
2633 4961 2830 5017 motum
2885 4965 3210 5025 eﬂiciuutur.
3240 4961 3610 5029 dispositione
3659 4977 3754 5033 sua

2182 5030 2353 5086 duxit.
2382 5053 2399 5084 ι
2454 5034 2516 5088 Ει
2569 5051 2687 5087 nunt
2724 5054 2736 5090 :
2776 5054 2793 5085 ι
2824 5035 2978 5089 Nunc
3026 5045 3201 5086 autem
3251 5040 3646 5099 consequenter
3689 5030 3758 5083 de

2180 5101 2304 5156 ﬂatu
2360 5104 2558 5157 dictum
2622 5115 2733 5169 est,
2764 5124 2781 5155 ι
2830 5106 2929 5171 Qui
2981 5120 3142 5167 creo.
3186 5122 3205 5154 3
3249 5103 3373 5170 quia
3437 5117 3539 5152 non
3589 5099 3755 5171 siuncl

2184 5174 2323 5294 Fenti
2353 5173 2477 5227 facti
2502 5185 2650 5240 sunt,
2691 5176 2785 5229 sed
2823 5170 2873 5228 in
2902 5192 2965 5230 eo
2989 5173 3127 5244 quod
3151 5175 3484 5236 subsistunt,
3519 5170 3757 5238 quotidie

2199 5252 2333 5294 tunt.
2358 5262 2375 5292 ι
3705 5262 3711 5269 ·

2199 5252 2333 5296 inut.
2358 5262 2375 5292 ι
3705 5262 3711 5269 ·

2255 5311 2367 5380 (60)
2446 5311 2736 5366 Verborum
2807 5315 2991 5368 ordine
3055 5311 3442 5382 aliquantulum
3527 5310 3751 5361 inverso.

2183 5381 2390 5446 Graece,
2435 5382 2847 5453 ὑστερομέσως·
2890 5400 3049 5454 quam
3094 5380 3277 5454 rect-in
3316 5380 3538 5434 Latinus
3578 5394 3756 5431 sermo

2185 5467 2291 5503 uno
2351 5451 2612 5507 vocabulo
2641 5451 2922 5508 reddere'
2961 5454 3162 5520 nequit.
3216 5451 3369 5504 Tunc
3411 5459 3589 5520 autem
3637 5461 3758 5513 'l‘l‘s

2184 5520 2422 5588 loquitur
2459 5523 2861 5592 ὑστερομέσως,
2905 5519 3119 5590 quando
3159 5523 3210 5573 id
3253 5521 3394 5589 quod
3432 5519 3662 5592 medium
3705 5520 3757 5570 in

2187 5592 2407 5658 periodo
2439 5590 2677 5658 ponitur.
2715 5594 2792 5646 sic
2815 5592 3193 5660 accipiendum
3213 5604 3313 5658 est,
3342 5590 3497 5659 quasi
3527 5605 3759 5657 ponere-

2186 5670 2271 5713 tur
2308 5673 2629 5714 extremum.

2260 5730 2372 5799 (Gl)
2414 5731 2583 5783 Duras
2613 5733 2829 5798 cernite,
2854 5741 2957 5787 ctr.
2981 5728 3181 5786 Biblica
3208 5729 3403 5787 locutio
3428 5745 3491 5786 ex
3514 5727 3637 5783 Act.
3659 5741 3759 5789 vn.

2188 5799 2219 5852 ὅ
2232 5802 2247 5853 1
2261 5840 2276 5867 ,
2305 5803 2606 5871 desumpta.
