4108 6494
374 487 477 549 95:,
1658 469 1897 527 DIDYMI
1936 457 2405 529 ALEXANoum
3515 458 3621 527 93';

379 608 464 662 lns
503 604 567 658 ad
610 601 884 659 Romanos
930 598 1183 668 sc'ripsit:
1223 612 1241 647 ι
1283 594 1397 663 Ipse
1445 582 1681 662 Spiritus
1730 592 1806 661 (5)
1847 606 1942 660 po-

2055 588 2277 661 γραφέν,
2305 588 2406 641 ὃτι’
2436 605 2453 637 ι
2477 585 2617 638 Αὐτὸ
2643 571 2712 637 τὸ
2738 586 2962 656 Πνεῦμα
2989 587 3450 656 ὑπερεντυγχάνει
3480 589 3622 660 ὑπὲρ

378 698 543 751 stulat
595 712 691 766 pro
744 694 895 750 nobis
957 691 1241 761 gemitibus
1303 685 1798 741 inenarrabilibus:
1854 683 1942 749 qui

380 801 558 843 autem
589 794 863 840 scrutatur
894 783 1075 847 corda,
1120 779 1221 833 scit
1247 778 1373 846 quid
1402 774 1674 829 desideret
1715 772 1792 841 (4)
1824 770 1947 840 Spi-

382 882 540 944 ritus,
570 877 695 947 quia
737 874 815 946 (5)
863 870 1155 926 secundum
1188 868 1357 922 Deum
1393 866 1627 935 postulat
1671 879 1768 932 pro
1817 878 1944 916 sau-

381 972 503 1025 ctis.
545 989 562 1021 ι
603 967 735 1021 Nunt
782 978 910 1018 voce
943 962 1030 1015 illa
1068 974 1094 1009 ‘s
1143 956 1598 1013 iuena’rrabilibns
1659 965 1688 1006 ‘t
1726 953 1941 1023 potissi-

389 1075 530 1114 mum
584 1054 927 1126 signiﬁcavit,
984 1051 1382 1119 investigandas
1422 1062 1526 1102 non
1581 1059 1705 1101 esse
1758 1045 1945 1113 hujus-

382 1149 525 1207 tnodi
562 1162 649 1203 res
677 1163 690 1210 ;
733 1143 889 1213 quasi
923 1142 1166 1197 diceret:
1200 1135 1772 1209 ln‘comprehensibiles
1803 1141 1948 1188 sunt

378 1247 434 1292 et
457 1233 774 1289 inellabiles.
802 1231 993 1286 Verbis
1034 1244 1164 1285 vero
1200 1228 1306 1282 illis
1341 1245 1360 1278 ι
1386 1226 1681 1281 secundum
1711 1222 1875 1276 Deum
1923 1237 1943 1272 ι

381 1330 604 1393 indicat,
638 1326 1072 1397 postulationem,
1098 1324 1167 1379 de
1195 1339 1298 1394 qua
1342 1322 1601 1392 loquitur,
1640 1317 1803 1391 533
1846 1333 1946 1372 no-

324 1412 331 1417 ’
379 1431 506 1476 strte
528 1418 758 1473 similem
790 1433 896 1471 non
929 1430 1072 1479 esse,
1111 1425 1288 1482 neque
1330 1414 1445 1467 haec
1473 1411 1626 1479 juxta
1653 1410 1946 1463 humanam

379 1510 821 1567 consuetudinem
869 1507 1037 1575 accipi
1080 1507 1314 1567 debere;
1348 1512 1607 1573 superant
1653 1502 1796 1556 enim
1833 1516 1951 1553 οιιιι

381 1619 501 1658 nem
550 1612 806 1664 mentem,
862 1611 916 1655 et
960 1598 1227 1653 sermonis
1268 1589 1349 1666 (6)
1401 1606 1647 1648 naturam
1695 1600 1946 1662 arguunt.

378 1694 580 1749 Deinde
621 1708 724 1745 non
766 1690 902 1743 dixit
950 1687 1213 1752 absolute,
1287 1684 1551 1749 Postulat,
1594 1691 1707 1745 aut,
1758 1680 1950 1736 Postu-

380 1785 454 1838 lat
479 1793 663 1838 contra
704 1798 821 1849 nos,
870 1790 927 1834 et
977 1786 1167 1833 contra
1208 1785 1444 1838 sanctos,
1495 1776 1612 1837 sed,
1645 1793 1662 1826 ι
1703 1772 1951 1828 Postulat

381 1888 477 1943 pro
529 1872 702 1934 nobis,
758 1888 779 1922 ι
827 1879 927 1924 ett
976 1883 1072 1937 pro
1110 1868 1332 1922 sanctis.
1377 1885 1397 1919 ›
1454 1863 1686 1934 Spiritus
1734 1862 1948 1930 quidem

2044 682 2202 754 ἡμῶν
2227 682 2546 752 στεναγμοῖς
2581 679 2896 749 ἀλαλήτοις·
2933 680 2961 730 ὁ
2995 679 3052 731 δὲ
3092 680 3327 750 ἐρευνῶν
3349 681 3449 745 τὰς
3475 699 3618 754 καρ-

2052 775 2169 837 δίας
2232 770 2413 836 οἷδεν,
2462 772 2515 826 τί
2548 772 2628 824 ’τὸ
2675 770 2931 842 φρόνημα
2977 769 3072 822 τοῦ
3127 769 3486 840 Πνεῦματος,
3540 774 3625 826 ὅτι

2045 863 2184 921 κατὰ
2217 865 2348 917 Θεὸν
2391 863 2708 932 ἐντυγχάνει
2754 861 2895 931 ὑπὲρ
2932 859 3121 928 ἁγίων.
3145 878 3163 911 ι
3213 862 3467 917 Μάλιστα
3514 864 3623 937 γὲίρ

2045 955 2285 1026 ἐσήμηνε
2330 951 2411 1022 τῷ
2455 951 2599 1022 ἔχειν
2648 965 2670 1000 't
2699 948 3009 1019 ἀλαλήτοις,
3044 959 3070 1001 ῖ
3125 948 3199 1020 μὴ
3237 949 3516 1020 ζητεῖσθαι
3554 953 3629 1005 τὰ

2044 1046 2294 1099 τοιαῦτα’
2325 1044 2685 1114 ἀκατάληπτα
2722 1041 2852 1114 γὰρ,
2874 1042 3063 1111 φησιν,
3096 1028 3189 1095 καὶ
3219 1041 3507 1116 ἄφραστω
3544 1044 3628 1114 τῷ

2045 1134 2103 1191 δέ
2138 1136 2285 1207 ἐχειν
2329 1155 2348 1187 ι
2389 1135 2529 1188 κατὰ
2575 1134 2728 1199 Θεὸν,
2758 1152 2777 1186 ι
2814 1133 2889 1205 μὴ
2925 1132 3047 1186 καθ’
3087 1134 3232 1203 ἡμᾶς
3258 1133 3396 1188 εἶναι
3424 1135 3627 1199 ταῦτα,

2051 1229 2183 1300 μηδέ
2233 1232 2432 1301 χρῆναι
2482 1226 2725 1282 νοεῖσθαι
2780 1225 2921 1279 κατὰ
2971 1226 3070 1297 τὴν
3102 1226 3447 1300 ἀνθρωπίνην
3498 1245 3629 1283 συνα-

2047 1316 2265 1389 ήθειαν·
2299 1305 2554 1389 ὑπερέχει
2594 1318 2704 1388 γὰρ
2745 1318 2923 1370 πάντα
2962 1316 3088 1371 νοῦν
3128 1306 3223 1369 καὶ
3262 1317 3418 1386 λόγου
3457 1319 3625 1389 φύσιν

2047 1405 2276 1481 ἐλέγχει.
2321 1412 2552 1463 Ἔπειτα
2608 1410 2710 1463 οὐκ
2780 1404 2935 1462 εἶπεν
2998 1408 3411 1478 ἀπολελυμένως
3434 1450 3450 1473 ,
3499 1411 3628 1463 Ἐν·-

2047 1504 2336 1573 τυγχάνει,
2381 1503 2414 1574 ἢ
2475 1500 2900 1571 κατεντυγχάνει
2954 1499 3077 1554 καθ’
3114 1492 3294 1570 ἢμῶν,
3343 1502 3436 1554 καὶ
3484 1500 3631 1555 κατᾶ

2051 1593 2171 1666 [211
2190 1592 2246 1663 a]
2271 1594 2442 1662 ἁγίων
2460 1611 2474 1624 ·
2500 1593 2636 1659 ἀλλ’,
2667 1611 2686 1644 ι
2719 1592 3207 1663 ’Υπερεντυγχάνει
3232 1592 3372 1664 ὑπὲρ
3401 1592 3578 1662 ἡμῶν,
3595 1604 3620 1645 's

2048 1686 2171 1749 καὶ,
2219 1703 2237 1736 ι
2270 1686 2414 1756 ὑπὲρ
2460 1684 2650 1753 ἁγίων.
2675 1699 2698 1737 ἰ
2754 1684 2860 1737 Τοῦ
2914 1684 3067 1753 ἁγίου
3114 1684 3428 1754 Πνεῦματος
3473 1684 3624 1744 ἴδιον,

2044 1775 2124 1839 ὡς
2164 1774 2320 1841 Θεοῦ,
2362 1776 2422 1828 τὸ
2451 1774 2853 1846 φιλάνθρωπον.
2888 1774 3076 1844 Ὅμως
3124 1774 3312 1846 ἐπειδὴ
3353 1773 3495 1829 κατὰ
3533 1775 3628 1829 ἄν·

2050 1866 2267 1939 Θρωπον
2316 1866 2519 1929 ταῦτα,
2572 1863 2665 1919 καὶ
2717 1867 2779 1919 οὐ
2829 1863 3180 1935 θεοπρεπῶς,
3237 1864 3624 1935 προφέρουσιν.

372 1963 576 2026 sancti,
603 1970 787 2030 utpote
816 1958 936 2026 Dei,
969 1958 1247 2028 proprium
1280 1966 1385 2023 est,
1431 1966 1490 2009 ut
1521 1956 1593 2010 sit
1614 1970 1739 2021 erga
1774 1953 1950 2005 hmni-

2055 1957 2344 2027 γνώτωσαν
2376 1958 2474 2028 ὀψὲ
2503 1956 2633 2027 γοῦν
2683 1974 2833 2019 ποτε,
2879 1957 2954 2019 ὡς
2995 1957 3233 2025 ἐντυχεῖν
3275 1955 3367 2008 καὶ
3402 1957 3462 2008 τὸ
3502 1972 3630 2009 σκο-

378 2066 477 2106 nes
512 2051 798 2121 benignus,
826 2058 880 2102 et
907 2048 1130 2101 humani
1177 2046 1390 2116 generis
1428 2059 1638 2099 amans.
1680 2043 1948 2109 Quoniam

379 2151 556 2196 tamen
586 2142 696 2196 haec
729 2139 1004 2210 proferunt
1041 2139 1196 2209 quasi
1228 2143 1466 2193 humano
1497 2149 1648 2190 more
1667 2134 1944 2202 accipien-

378 2230 453 2289 da'
471 2238 601 2299 sint,
641 2248 745 2290 non
772 2247 902 2287 vero
930 2248 996 2286 eo
1032 2248 1194 2287 sensu
1225 2233 1315 2300 qui
1348 2230 1458 2284 Deo
1498 2230 1691 2299 dignus
1719 2227 1811 2290 sit,
1855 2244 1947 2279 no-

379 2328 490 2379 rittt
535 2326 750 2379 tandem
798 2324 1087 2393 aliquando
1115 2324 1278 2377 verbo
1308 2323 1546 2391 ἐντυχεῖν
1575 2321 1735 2373 etiam
1777 2336 1795 2368 ι
1823 2334 1952 2371 enn-

382 2415 658 2470 siderandi
710 2435 729 2467 ι
764 2430 828 2468 ac
871 2431 890 2464 ‹
940 2412 1253 2482 speculandi
1288 2426 1309 2462 's
1350 2411 1789 2481 signiticatioinnn
1826 2408 1952 2461 sub-

376 2522 516 2560 esse.
540 2504 614 2558 lta
628 2504 855 2572 exempli
873 2504 1041 2574 gratia
1060 2505 1242 2557 dicere
1258 2502 1635 2556 consuevimus
1660 2521 1670 2554 :
1695 2499 1950 2569 ἐνέτυχον

377 2600 444 2669 τῇ
475 2596 661 2669 βίϐλῳ,
693 2597 743 2651 id
784 2606 1144 2661 est,rersatus
1176 2611 1293 2648 sum
1345 2595 1401 2646 in
1444 2593 1600 2647 libro.
1649 2591 1827 2658 Atque
1852 2591 1953 2644 hoc

380 2665 649 2758 sensuli)
686 2687 856 2757 magis
887 2686 1106 2757 proprie
1156 2683 1444 2738 adhibetur
1498 2680 1719 2735 verbum
1763 2683 1955 2748 ἐντυγ-

380 2777 568 2849 χάνειν
595 2792 609 2806 ·
643 2793 765 2830 nam
801 2776 1148 2832 libidinosum
1172 2775 1334 2829 etiam
1358 2788 1704 2841 congressum
1735 2773 1950 2841 quidam

379 2875 577 2922 vocant
605 2866 867 2930 ἔντευξιν.
899 2868 968 2920 At
1013 2866 1303 2935 postulatio
1341 2866 1541 2918 rectius
1577 2864 1953 2932 designaretnr

378 2957 547 3011 verbo
580 2956 931 3029 αἰτήσασθαι,
981 2969 1143 3024 quam
1190 2956 1453 3024 ἐντυχεῖν.
1495 2952 1741 3007 Gemitus
1773 2960 1951 3005 autem

381 3049 472 3104 hic
500 3048 873 3103 miserationes
902 3048 1053 3102 dicit.
1085 3046 1178 3099 Ait
1209 3061 1338 3116 ergo
1373 3063 1386 3098 :
1433 3045 1668 3113 Spiritus
1694 3044 1786 3098 Dei
1825 3056 1953 3110 spe-

382 3139 594 3195 culatur
617 3154 737 3209 qua:
765 3147 892 3193 sunt
918 3153 1016 3207 pro
1050 3137 1227 3200 nobis,
1272 3135 1711 3190 miserationibus
1749 3133 1953 3187 income

2053 2050 2224 2120 ᾶτῆσαι
2259 2049 2503 2118 λέγεται·
2544 2043 2656 2101 οἷον
2686 2049 2762 2112 ὡς
2788 2047 3061 2117 εἰώθαμεν
3099 2047 3276 2115 λέγειν
3298 2067 3310 2078 ·
3349 2046 3629 2121 Ἐνέτυχον

2051 2144 2117 2212 τῇ
2157 2140 2351 2211 βίϐλῳ·
2394 2140 2489 2194 καὶ
2531 2139 2693 2192 πλέον
2744 2137 2902 2192 τοῦτο
2948 2137 3299 2209 κυριωτέρως
3337 2139 3468 2209 φαίη
3510 2140 3624 2202 Its“

2050 2233 2113 2285 τὸ
2161 2231 2269 2303 γὰρ
2316 2225 2451 2303 πρὸς
2501 2230 2693 2302 ἡδονὴν
2754 2230 2848 2284 καὶ
2908 2228 3147 2295 ἕντευξίν
3194 2246 3341 2292 τινες
3408 2229 3628 2283 καλοῦσι

2053 2325 2402 2396 ⁸ποιήσασθαι.
2447 2324 2784 2397 Αὶτήσασθαι
2836 2322 3035 2395 μᾶλλον
3072 2325 3216 2397 ἥπερ
3256 2324 3497 2394 ἐντυχεῖν
3541 2323 3629 2377 λέ-

2051 2432 2226 2485 γεται.
2255 2416 2598 2485 Στεναγμοὺς
2622 2415 2677 2468 δέ
2704 2413 2936 2467 ἐνταῦθα
2962 2413 3088 2476 τοὺς
3115 2415 3434 2485 οἰκτιρμοὺς
3458 2412 3624 2480 λέγειι

2053 2507 2126 2559 Τὸ
2181 2502 2274 2559 οῦν
2322 2507 2568 2572 Πνεῦμα,
2615 2507 2769 2574 φησὶ,
2819 2504 2913 2557 τοῦ
2978 2504 3113 2557 Θεοῦ
3170 2503 3509 2573 ὑπερσχοπεῖ
3559 2503 3627 2555 τὰ

2055 2582 2195 2666 ὖπέρ
2226 2595 2382 2665 ἡμῶν
2416 2596 2718 2663 οἰκτιρμοῖς
2760 2592 3165 2663 ἀκαταλήπτοις
3186 2610 3199 2623 ·
3238 2593 3491 2646 τοσοῦτον
3523 2592 3628 2665 γὰρ

2061 2686 2159 2740 καὶ
2191 2686 2350 2740 τοῦτο
2396 2686 2673 2757 μυστικῶς
2707 2682 2997 2757 εἰρημένον
3030 2683 3345 2756 ὑπερὸαίνει
3378 2686 3478 2757 τὴν
3521 2687 3631 2740 κιτίο⁸

2055 2793 2163 2838 σιν.
2208 2778 2291 2830 ὄτι
2333 2776 2494 2841 εὐθὺς
2539 2776 2618 2847 τῷ
2672 2775 3083 2848 καρδιογνώστῃ
3123 2775 3242 2846 Θεῷ
3275 2777 3351 2839 ὡς
3396 2781 3537 2848 μέγα
3571 2779 3630 2832 τὸ

2052 2867 2252 2920 εἰδέναι
2281 2867 2341 2919 τὸ
2369 2866 2625 2937 φρόνημα
2652 2864 2744 2928 τοῦ
2780 2854 2937 2935 ἁγίου
2968 2865 3287 2936 Πνεῦματος
3316 2868 3625 2938 ἀπένειμεν.

2058 2959 2288 3012 Ἔπειτα
2345 2957 2402 3011 δὲ
2453 2958 2547 3010 καὶ
2590 2958 2618 3010 ὁ
2662 2957 2792 3021 Υἱὸς
2861 2957 3062 3027 ὁμοίως
3129 2959 3446 3029 ἐντυγχάνει
3492 2960 3631 3029 ὑπὲρ

2053 3048 2246 3119 ἡμῶν
2279 3049 2372 3101 καὶ
2417 3050 2568 3120 ὅμως
2611 3048 2804 3119 μέγας,
2850 3048 2941 3101 καὶ
2969 3048 3342 3119 ἐξουσιαστὴς,
3380 3050 3473 3103 καὶ
3504 3050 3632 3119 ἀλη;

2056 3137 2200 3202 θινὸς
2245 3138 2378 3202 Θεός
2416 3140 2582 3191 ἐστιν.
2622 3138 2826 3209 Γράφει
2869 3137 2977 3209 γὰρ
3022 3138 3151 3210 περ)⁹
3187 3138 3353 3192 αὐτοῦ
3394 3141 3425 3192 ὁ
3471 3139 3634 3202 αὐτὸς

382 3230 855 3303 prehensibilibus.
891 3228 1024 3283 Nam
1065 3229 1167 3283 hoc
1197 3227 1381 3287 etiam,
1422 3227 1566 3295 quod
1600 3224 1828 3295 mystice
1875 3225 1953 3278 sic

2058 3231 2385 3298 ἀπόστολος,
2424 3226 2696 3303 Ἑϐραίοις
2758 3231 2891 3301 μὲν·
2942 3250 2959 3282 ι
2989 3230 3229 3284 Πάντοτε
3287 3229 3397 3295 ζῶν
3443 3236 3524 3297 εἰς
3573 3234 3635 3286 τὸ

382 3292 585 3377 dictum
616 3322 739 3387 fuit,
776 3330 1041 3377 creaturae
1068 3331 1315 3374 naturam
1351 3327 1406 3374 et.
1454 3292 1817 3372 conditionem
1855 3331 1951 3369 ex-

2060 3292 2403 3394 ἐντυγχάνειν
2435 3292 2576 3393 ὺπέρ
2601 3292 2780 3376 αὐτῶν
2799 3338 2813 3353 ο
2839 3340 2857 3373 ι
2905 3322 3194 3393 Ῥωμαίοις
3222 3292 3311 3376 es;
3356 3343 3375 3375 ι
3399 3292 3633 3395 Χριστὸς

382 3413 548 3478 cedit,
585 3413 708 3482 quia
755 3412 939 3467 statim
989 3409 1187 3465 Paulus
1239 3411 1347 3464 Deo
1396 3408 1637 3463 cordium
1688 3407 1950 3475 cognitori

387 3514 640 3573 tanquam
674 3502 877 3573 aliquid
908 3517 1159 3573 maguum
1198 3502 1301 3557 hoc
1327 3500 1534 3564 tribuit,
1572 3498 1716 3568 quod
1745 3506 1948 3561 noscat,

388 3613 410 3648 ι
440 3595 567 3663 quid
614 3598 787 3665 sapiat
835 3594 969 3665 (aut,
1038 3593 1327 3663 desideret)
1377 3591 1613 3660 Spiritus
1662 3601 1902 3644 sant-tus.
1932 3608 1949 3641 ι

384 3683 588 3740 Deinde
616 3700 748 3739 vero
777 3685 947 3740 Filius
975 3699 1192 3755 quoque
1236 3683 1397 3738 simili
1429 3681 1586 3737 modo
1615 3681 1953 3751 ἐντυγχάνει,

384 3777 436 3831 id
462 3786 564 3841 est,
610 3777 914 3846 speculatur
943 3793 1038 3847 pro
1078 3776 1246 3840 nobis,
1289 3775 1388 3830 etsi
1425 3792 1444 3826 ι
1479 3789 1729 3844 magnus,
1770 3783 1825 3826 et
1866 3774 1955 3825 do-

385 3868 641 3931 minator,
672 3878 726 3922 et
760 3883 923 3923 verus
964 3869 1103 3922 Deus
1152 3868 1257 3931 sit;
1304 3885 1324 3918 ι
1369 3882 1495 3920 nam
1545 3864 1730 3919 de~i|lo
1769 3865 1957 3917 scribit

384 3957 524 4010 ldem
557 3956 842 4025 Apostolus
870 3958 935 4011 ad
974 3956 1225 4012 Hebraeos
1254 3957 1471 4026 quidem
1510 3973 1524 4010 :
1560 3974 1579 4007 ι
1617 3954 1845 4023 Semper
1876 3955 1958 4006 vi—

383 4056 516 4099 vens
541 4044 728 4119 ιείς
748 4045 809 4099 τὸ
837 4045 1203 4117 ἐντυγχάνειν,
1240 4046 1327 4116 (id
1355 4054 1440 4099 est
1470 4045 1538 4097 ad
1561 4043 1952 4111 speculandum,

384 4140 946 4207 antiuterpellandum)
962 4154 1057 4206 pro
1085 4138 1215 4207 ipsis
1232 4138 1341 4207 (9t;
1379 4154 1397 4185 ι
1421 4135 1485 4187 ad
1501 4133 1773 4187 Romanos
1797 4148 1921 4185 vero
1944 4151 1957 4186 :

350 4238 357 4259 ί
391 4250 410 4282 ι
458 4233 707 4287 Christus
758 4230 919 4286 Jesus
950 4233 1062 4301 (ill)
1116 4230 1205 4298 qui
1267 4236 1515 4281 mortuus
1551 4236 1656 4290 est,
1711 4226 1820 4279 imo
1870 4226 1960 4293 qui

387 4324 659 4376 excitatus
688 4331 770 4376 est
789 4336 817 4373 a
853 4322 1081 4375 mortuis
1110 4319 1244 4388 (ll),
1277 4319 1369 4386 qui
1394 4326 1477 4371 est
1507 4316 1558 4370 in
1593 4315 1816 4371 dextera
1843 4315 1957 4381 Dei,

387 4412 480 4479 qui
514 4413 676 4467 etiam
705 4410 1042 4483 ἐντυγχάνει,
1077 4411 1151 4483 (id
1174 4420 1276 4473 est,
1311 4408 1630 4478 speculatur,
1669 4417 1763 4461 aut
1793 4409 1960 4461 inter-

571 4629 693 4698 Ipse
720 4627 971 4694 Spiritus.
1023 4630 1181 4682 Rom.
1226 4644 1346 4693 vm,
1374 4627 1465 4694 26,
1502 4628 1594 4685 27.

486 4694 539 4769 4)
565 4694 703 4769 Quid
726 4698 1002 4769 desideret.
1028 4698 1170 4769 Vide
1197 4710 1311 4754 not.
1345 4699 1414 4752 84
1450 4715 1568 4769 pag.
1601 4694 1724 4753 l69.

463 4765 539 4840 (5)
590 4767 748 4840 Quia.
783 4768 976 4840 ilnglib.
1012 4768 1084 4822 De
1117 4770 1320 4840 Spiritu
1344 4765 1701 4823 sancto'tntnt.
1727 4765 1819 4831 27,
1861 4766 1956 4820 ali-

388 4838 482 4893 ier‘
511 4838 733 4893 dictavit
778 4838 1054 4909 Didymus,
1099 4838 1318 4892 si’cdita
1354 4839 1681 4905 exemplaria
1715 4845 1958 4905 spectes;

392 4911 591 4964 habent
624 4909 771 4963 enim
821 4926 842 4960 ι
878 4911 1149 4979 quomodo
1203 4927 1222 4961 ι
1258 4924 1355 4977 pro
1398 4910 1607 4979 «quia:
1632 4927 1651 4960 ι
1698 4909 1766 4961 At
1788 4909 1962 4962 codex

390 4991 579 5034 noster
609 4979 677 5032 ibi
708 4977 940 5046 habet,_c
965 4979 1219 5048 quoniam
1250 4977 1543 5032 secumium
1583 4977 1748 5031 Deum
1776 4990 1963 5046 postu-

393 5048 478 5170 δι’
511 5066 607 5119 pro
647 5050 871 5104 sanctis.
908 5067 928 5101 ι
978 5050 1057 5103 Ac
1101 5063 1285 5103 revera
1329 5049 1402 5103 ita
1441 5048 1639 5103 ibidem
1677 5048 1959 5118 legendum

432 5137 465 5170 Ι(
483 5134 625 5170 θιιιν.

390 5120 625 5175 videtur.

467 5189 543 5261 (6)
594 5188 893 5261 Sermonis.
922 5188 980 5242 lu
1023 5186 1211 5261 Graeco
1252 5187 1517 5261 sententia
1546 5194 1627 5240 est
1650 5185 1959 5261 valdeper:

393 5254 571 5329 plexa.
612 5259 693 5312 An
743 5260 988 5312 eamdem
1016 5259 1219 5329 indicat
1248 5257 1481 5325 Spiritus
1509 5258 1681 5329 sancti
1710 5272 1775 5329 ac
1798 5254 1956 5329 Verbi

394 5326 680 5384 naturam?
708 5343 772 5382 ac
800 5339 1088 5395 utrumque
1126 5328 1284 5393 legati
1327 5341 1548 5396 munere
1590 5326 1740 5396 fungi
1763 5366 1778 5390 ,
1802 5335 1863 5380 ut
1889 5327 1964 5379 ait

396 5402 452 5454 in
478 5400 568 5452 lib.
610 5399 683 5452 De
713 5396 917 5467 Spiritu
947 5390 1148 5460 sancto,
1186 5390 1333 5450 nunt.
1368 5390 1479 5449 27'!

489 5468 543 5538 Ἰ)
579 5462 869 5536 Atque'lroc
900 5484 1121 5524 sensu...
1150 5483 1309 5538 quam,
1334 5466 1593 5538 ἐντυχεῖν.
1620 5462 1718 5518 Hic
1738 5463 1889 5519 locus
1909 5465 1962 5518 in

392 5536 581 5592 codice
606 5552 723 5591 mea
755 5539 972 5606 quidem
1000 5536 1262 5592 sententia
1299 5536 1370 5590 ita
1403 5536 1731 5606 depravatus
1761 5546 1866 5595 εει,
1905 5544 1964 5587 ut

392 5618 452 5660 et
480 5606 737 5660 nonnulla
762 5604 1005 5662 omiserit
1026 5606 1295 5670 librarius,
1321 5620 1445 5675 qua:
1465 5604 1710 5675 supplere
1733 5612 1965 5672 nequeat

398 5676 502 5728 nisi
533 5676 621 5742 qui
663 5678 900 5730 divinare
930 5676 1182 5740 voluerit,
1223 5686 1277 5730 et
1300 5676 1543 5744 quaedam
1576 5676 1743 5744 verba
1776 5688 1967 5743 perpe:

401 5752 516 5797 t‘ain
549 5746 849 5813 scripserit.
888 5745 1149 5813 Equidem
1180 5759 1277 5812 pro
1304 5743 1654 5798 αἰτιάσασθαι
1685 5744 1963 5812 legendtmt

335 5878 341 5884 .
398 5826 517 5937 seetse
545 5812 893 5937 οαξῗίῆσασθαι
928 5812 1030 5870 non
1067 5814 1252 5869 dubito
1276 5852 1293 5881 ,
1339 5830 1460 5871 cum
1499 5816 1566 5871 de
1610 5813 1967 5883 postulatione

399 5897 426 5937 3
466 5900 540 5936 rttt
673 5918 689 5935 ο

466 5900 579 5936 Γιιιο
599 5900 689 5936 Illo

2071 3412 2274 3484 Ἰησοῦς
2308 3404 2336 3464 ὁ
2362 3407 2671 3473 ἀποθανὼν,
2706 3410 2904 3482 μᾶλλον
2945 3411 3001 3463 δὲ
3032 3412 3272 3482 ἐγερθεὶς
3296 3414 3359 3464 ἐκ
3389 3413 3630 3483 νεκρῶνδ

2059 3504 2117 3568 ὃς
2151 3505 2298 3557 ἐστιν
2328 3505 2385 3556 ἐν
2416 3501 2567 3574 δεξιᾷ
2596 3501 2691 3556 τοῦ
2728 3503 2886 3570 Θεοῦ,
2917 3503 2977 3567 ὃς
3009 3504 3101 3556 καὶ¹
3143 3502 3452 3576 ἐντυγχάνει
3487 3505 3628 3578 ὑπὲρ

2059 3591 2277 3667 ἡμῶν.»
2320 3594 2444 3648 Ὅτι
2489 3595 2546 3648 δέ
2572 3596 2634 3647 τὸ
2675 3594 2844 3665 ὄνομα
2878 3594 2970 3648 τοῦ
3016 3596 3395 3667 Παρακλήτου,
3435 3598 3530 3651 κα).
3569 3598 3634 3651 τὸ

2061 3686 2407 3756 ἐντυγχάνειν
2445 3686 2584 3756 ὑπὲρ
2612 3685 2791 3755 ἡμῶν,
2826 3687 2887 3738 οὐ
2917 3686 3059 3740 κατὰ
3084 3688 3146 3740 τὸ
3171 3687 3367 3742 δοκοῦν
3389 3691 3455 3759 τῇ
3491 3687 3639 3752 λέξει

2060 3773 2154 3831 καί)⁹
2194 3775 2291 3847 τὴν
2323 3777 2592 3846 κοσμικὴν
2620 3777 2835 3847 ὁμιλίαν
2870 3778 3189 3849 ἐκδέχεσθαι
3230 3779 3354 3852 χρὴ.
3385 3780 3533 3834 ἐστιν
3577 3780 3638 3847 ἐξ

2059 3869 2427 3939 ὁμοιοτρόπων
2472 3867 2733 3938 ῥημάτων
2781 3868 3131 3941 διδαχθῆναιο
3177 3871 3252 3935 ὡς
3294 3871 3457 3943 ἡνίκα
3507 3871 3636 3942 περὶ

2060 3956 2155 4009 τοῦ
2190 3956 2324 4010 Θεοῦ
2360 3958 2454 4010 κα).
2484 3957 2695 4030 Πατρὸς
2725 3958 2928 4031 γράφει
2964 3961 3021 4015 ἐν
3053 3961 3136 4014 πε¹
3165 3960 3398 4032 ψαλμῷ·
3431 3980 3450 4014 ι
3481 3962 3636 4030 Ποίηε

2065 4064 2157 4100 σον
2197 4048 2313 4118 μετ’
2339 4048 2473 4119 ἐμοῦ
2513 4053 2735 4120 σημεῖον
2768 4053 2848 4115 εἰς
2884 4050 3108 4120 ἀγαθὸν,
3150 4053 3243 4106 καὶ
3292 4053 3549 4106 ίδέτωσαν
3584 4054 3634 4104 οἱ

2063 4138 2347 4211 μισοῦντές
2408 4157 2497 4211 με,
2546 4140 2642 4193 καὶ
2675 4142 3140 4213 αἰσχυνοήτωσαν,
3185 4144 3267 4197 ὅτι
3316 4145 3402 4206 σὺ,
3442 4143 3632 4214 Κύριε,

2059 4226 2362 4299 ἐϐοήθησας
2398 4246 2488 4299 μοι
2522 4229 2616 4282 κα)¹
2647 4228 3029 4300 παρεκάλεσάς
3073 4245 3174 4300 με’
3198 4249 3216 4281 ι
3254 4230 3348 4283 καὶ
3391 4230 3631 4293 Παῦλοςδ

2014 4330 2019 4335 ·
2064 4334 2082 4367 ι
2117 4315 2284 4380 Αὐτὸς
2301 4314 2400 4370 aut
2419 4314 2622 4390 Κύριος
2647 4320 2679 4387 ἡ
2689 4318 2804 4388 μῶν
2833 4318 3038 4389 Ἰησοῦς
3056 4316 3310 4391 Χριστὸς,
3335 4320 3428 4374 καὶ
3451 4320 3479 4372 ὁ
3504 4320 3634 4383 Θεὸς

2060 4411 2151 4464 καὶ
2184 4411 2372 4484 Πατὴρ
2401 4410 2770 4483 παρακαλέσει
2803 4411 2955 4480 ὑμῶν
2977 4410 3098 4483 [211
3136 4411 3188 4483 ὸ]
3208 4413 3303 4474 τὰς.
3328 4413 3582 4484 καρδίας·
3608 4428 3628 4464 ι

1999 4622 2041 4675 D
2140 4628 2216 4700 (8)
2252 4627 2465 4700 §emper
2490 4630 2683 4684 vivens.
2721 4629 2885 4684 llehr.
2922 4645 3019 4694 vn,

2136 4692 2213 4769 (9)
2246 4692 2353 4752 Pro
2373 4692 2528 4769 ipsis.
2562 4700 2747 4753 Latina
2779 4700 2944 4753 Biblia
2976 4692 3177 4754 habent
3231 4719 3250 4751 ι
3282 4716 3378 4769 pro
3401 4702 3575 4756 nobis.
3608 4716 3629 4752 ι

2063 4768 2435 4839 ᾼιίθίιιγιιιιιε
2487 4771 2623 4839 legit
2665 4788 2682 4820 ι
2735 4786 2830 4835 pro
2858 4770 3009 4837 ipsis,
3053 4789 3071 4821 ι
3111 4768 3356 4823 etiamin
3392 4771 3527 4824 libro
3561 4772 3635 4824 De

2064 4836 2477 4905 Spt'rt'ttt'sancto
2511 4836 2660 4894 nunt.
2707 4838 2810 4901 97,
2847 4836 2933 4892 ubi
2981 4840 3058 4893 sic
3102 4839 3381 4907 loquitur:
3433 4860 3452 4892 ι
3502 4843 3633 4895 Cum

2065 4908 2205 4979 enim
2259 4907 2509 4963 Salvator
2571 4910 2883 4979 mediatoris
2918 4919 2973 4962 et
3017 4909 3171 4978 legati
3209 4918 3497 4979 personant
3539 4911 3636 4964 ha-

2063 4977 2223 5043 bent,
2250 4988 2305 5032 et
2344 4992 2446 5042 qua
2495 4978 2730 5047 pmttil‘ex
2783 4980 3103 5046 deprecetur
3140 4977 3237 5047 pro
3270 4981 3503 5047 peet-atis
3536 4995 3637 5033 no:-

2064 5046 2211 5112 stris,
2248 5065 2266 5098 ι
2300 5046 2518 5102 salvans
2551 5048 2604 5101 in
2630 5048 3012 5115 sempiternum
3044 5046 3158 5110 eos,
3191 5046 3281 5117 qui
3326 5066 3421 5117 per
3456 5050 3628 5113 ipsum

2065 5126 2404 5170 accesserunt
2438 5120 2503 5170 ad
2541 5118 2702 5172 Deum
2727 5157 2740 5179 ,
2772 5119 2895 5186 quia
2923 5133 3140 5185 semper
3162 5120 3350 5172 vivens
3380 5118 3635 5185 interptelr

2066 5186 2137 5238 lat
2170 5203 2266 5254 pro
2300 5187 2378 5239 eis
2409 5186 2620 5241 Patrem
2658 5202 2676 5237 ι
2721 5200 2774 5238 et
2823 5199 3032 5240 rmiera.
3080 5191 3381 5242 At'ttolatur
3416 5189 3633 5255 quidem

2066 5256 2117 5310 itt
2162 5257 2397 5309 editione
2473 5256 2800 5317 Verunensi,
2855 5258 3087 5325 aliquem
3135 5257 3374 5310 codicem
3428 5257 3627 5312 habere

2069 5342 2089 5376 ι
2130 5340 2227 5392 pro
2259 5325 2456 5396 nobis,
2497 5344 2515 5378 ι
2551 5328 2641 5379 sed
2683 5326 2959 5395 legendum
2992 5338 3121 5396 puto
3182 5344 3200 5376 ι
3256 5342 3354 5395 pro
3379 5328 3492 5395 eis,
3523 5348 3542 5381 ι
3578 5337 3638 5381 ιιι

2064 5396 2230 5450 editio
2256 5394 2343 5446 illa
2378 5407 2434 5447 et
2486 5396 2654 5449 codex
2681 5394 2864 5450 uoster
2897 5394 3006 5450 ms.
3029 5396 3210 5451 habet.

2135 5464 2245 5534 (l0)
2288 5462 2526 5519 Christus
2558 5463 2733 5519 Jesus.
2769 5462 2927 5534 lium.
2965 5480 3084 5530 \‘lll,
3107 5467 3199 5520 54.
3261 5464 3457 5523 Vocem
3493 5486 3513 5520 ι
3547 5468 3639 5523 Je-

2065 5533 2158 5589 Sus
2205 5553 2225 5586 ›
2265 5549 2370 5587 non
2399 5535 2596 5589 habent
2618 5534 2806 5590 Gneca
2832 5533 3024 5604 Biblia,
3051 5538 3146 5592 sed
3168 5550 3286 5591 cam
3315 5538 3514 5595 habent
3536 5538 3637 5594 Las

2067 5605 2176 5658 tina
2219 5613 2276 5658 et
2314 5604 2483 5658 codex
2508 5605 2926 5660 Alexandrinus.

2137 5673 2224 5726 il.
2268 5675 2307 5726 Α
2338 5676 2582 5729 mortuis.
2629 5676 2786 5729 DecSt
2817 5676 2918 5729 hoe
2950 5676 3004 5729 in
3049 5675 3257 5731 Bibliis.
3298 5677 3482 5732 Graeca
3516 5677 3636 5732 edi--

2067 5741 2140 5795 tio
2162 5743 2240 5822 sic
2267 5744 2427 5798 habet
2456 5758 2488 5822 :_
2514 5744 2721 5822 μᾶλλον
2745 5745 2802 5822 δέ
2830 5744 3221 5822 καίηέγερρεὶς,
3250 5747 3310 5811 ὃς
3346 5748 3633 5822 καὶέστιν,

2065 5823 2119 5865 et
2145 5812 2349 5893 reliqua
2380 5822 2438 5865 nt
2477 5812 2583 5893 h_ic_.
2615 5815 2722 5869 Sed
2751 5817 2859 5873 duo
2909 5812 3007 5871 illa'
3027 5812 3119 5871 κάξ
3159 5812 3355 5874 desunt
3384 5820 3547 5874 etiam
3577 5821 3633 5872 in

2067 5882 2253 5940 codice
2276 5881 2664 5942 Alexandrino.
