4108 6454
536 370 631 426 971

1797 362 2031 425 DlDYlll
2076 370 2548 431 ALEXANDRINI

3677 382 3783 440 ί)ῗῖ

538 487 746 541 reddet.
795 484 899 541 Sed
954 484 1205 554 inquiunt
1246 482 1483 538 haeretici
1516 500 1528 537 :
1568 481 1802 553 Spiritus
1840 502 1858 535 ι
1886 493 2157 539 scrutatur
2179 485 2440 555 profunda
2471 486 2564 540 Dei
2590 501 2606 552 ;
2633 504 2651 537 ι
2691 498 2822 556 ergo
2882 499 2944 542 ea
3013 489 3239 560 ignorat.
3308 490 3509 546 Verum
3564 494 3784 565 subjun-

540 578 616 633 xit
644 578 863 641 Paulus,
888 577 1137 632 eumdem
1175 589 1340 630 nosse
1369 588 1489 645 quae
1523 574 1615 631 Dei
1649 585 1797 630 sunt.

608 673 675 725 At
703 684 830 725 vero
868 688 886 721 ι
926 668 1364 740 servus(42)non
1393 668 1562 734 novit,
1589 668 1718 737 quid
1747 668 1909 724 faciat
1940 668 2098 723 domi-

2282 686 2300 719 ι
2324 668 2380 721 Ὀ
2401 687 2420 719 ι
2454 666 2561 736 γὰρ
2596 684 2615 718 ι
2635 665 2817 729 δοῦλος
2844 667 2943 720 οὐκ
2968 663 3126 729 οἶδεν,
3169 668 3223 721 τί
3250 671 3394 722 ποιεῖ
3425 670 3453 722 6
3473 670 3660 743 κύριος
3683 676 3781 728 αὖ.

540 775 643 815 nus
665 758 804 828 ejus.
842 778 861 810 ι
897 758 1050 825 Quod
1101 767 1281 811 autem
1317 757 1548 812 scrutari
1571 771 1674 810 non
1692 770 1905 825 semper
1934 757 2109 812 valeat

541 864 803 919 quaerere,
835 849 1119 905 declarant
1177 850 1423 903 oracula.
1483 848 1619 903 Cum
1662 848 1805 903 enim
1852 847 1927 900 ait
1961 846 2108 901 Scri-

535 950 718 1012 plura,
757 957 777 992 ι
813 939 1129 995 Scrutantes
1174 940 1314 1011 (45),
1364 941 1417 994 in
1460 939 1627 1010 quod,
1664 937 1747 992 vel
1776 936 1934 1007 quale
1971 947 2107 991 tem-

539 1042 640 1100 pus
667 1030 1114 1084 manifestahatur
1140 1030 1193 1083 in
1220 1030 1355 1099 ipsis
1386 1028 1624 1098 Spiritus
1651 1027 1873 1090 Christi,
1910 1045 1928 1075 ›
1961 1040 2105 1080 scru-

542 1122 688 1176 tandi
718 1121 938 1177 verbum
966 1120 1233 1192 signiﬁcat
1268 1134 1531 1190 quaerere,
1560 1128 1615 1174 et
1645 1119 1881 1182 discere,
1916 1118 2106 1172 simili-

540 1216 627 1268 ter
671 1223 831 1282 atque
859 1227 980 1268 cum
1010 1212 1089 1269 ait
1114 1229 1128 1267 :
1171 1231 1190 1264 ι
1210 1210 1541 1267 Scrutamini
1574 1209 1688 1281 (44)
1719 1209 2050 1278 Scripturas.
2078 1226 2098 1261 ι

537 1304 670 1359 Cum
697 1316 823 1358 vero
866 1303 1160 1375 Apostolus
1203 1302 1392 1357 scribit
1421 1302 1487 1356 de
1520 1302 1631 1356 Deo
1658 1309 1713 1354 et
1741 1300 1924 1363 Patre,
1958 1318 1977 1351 ι
2002 1298 2101 1366 Qui

538 1401 714 1447 autem
744 1391 858 1461 (45)
891 1399 1170 1446 scrutatur
1217 1391 1402 1455 corda,
1448 1390 1551 1444 scit
1591 1388 1721 1457 quid
1770 1388 1945 1456 sapiat
1988 1389 2105 1455 (aut

537 1482 823 1553 desideret)
871 1482 1128 1551 Spiritus,
1149 1482 1278 1550 Quia
1313 1481 1608 1535 secundum
1652 1478 1820 1533 Deum
1865 1478 2104 1547 postulat

537 1589 636 1641 pro
686 1573 924 1638 sanctis;
955 1593 973 1625 ο
1033 1580 1125 1625 aut
1190 1584 1314 1626 cum
1394 1569 1447 1625 in
1496 1582 1604 1624 xxx
1633 1568 1839 1639 psalmo
1882 1568 2100 1634 dicitur,

540 1678 560 1716 ι
589 1663 849 1731 Quoniam
886 1664 999 1735 (46)
1036 1663 1293 1720 veritates
1326 1662 1563 1732 exquirit
1613 1662 1909 1727 Dominus;
1942 1679 1961 1713 ι
2001 1668 2097 1714 aut

537 1756 591 1811 in
624 1771 719 1822 vn,
781 1772 801 1806 ι
842 1753 1105 1810 Scrutans
1137 1753 1250 1824 (47)
1279 1754 1439 1808 corda
1489 1761 1544 1808 et
1574 1766 1731 1808 renes
1763 1752 1921 1818 Deus;
1953 1770 1972 1804 ι
2009 1757 2104 1806 aut

534 1845 662 1900 alibi
688 1861 704 1899 :
740 1862 760 1896 ι
790 1845 1054 1900 Scrutans
1080 1844 1196 1917 (48)
1225 1844 1594 1914 promptuaria
1626 1843 1865 1911 ventris;
1894 1861 1913 1896 ι
1949 1857 2104 1898 seru-

535 1939 683 1995 tandi
734 1940 956 1994 verbum
1002 1952 1106 1993 non
1153 1937 1428 2007 signiﬁcat
1459 1935 1737 2006 inquirere
1787 1946 1842 1990 et
1866 1936 2095 2001 discere,

2206 759 2322 814 τοῦ.
2355 777 2375 810 ι
2429 759 2549 810 Ὅτι
2583 758 2639 811 δὲ
2679 758 2778 811 οῦκ
2806 758 2892 811 ἀεὶ
2936 757 2996 810 τὸ
3016 760 3241 829 ἐρευνᾷν
3270 759 3348 829 τῷ
3372 761 3556 831 ζητεῖν
3576 764 3781 834 ὅμοιον.

2205 850 2581 921 διασαφηνίζει
2621 850 2691 902 τὰ
2724 849 2900 916 λόγια.
2940 847 3132 902 Ἡνίκα
3168 850 3265 918 μὲν
3298 852 3404 922 γὰρ
3426 857 3780 924 προφητεύει,

2212 956 2232 991 ι
2254 938 2633 1011 Ἐρευνῶντες,
2691 942 2771 1003 είς
2804 939 2939 1004 τίνα,
2972 939 3005 1009 ἢ
3038 941 3190 992 ποῖον
3230 939 3421 1010 καιρὸν
3447 941 3700 1011 ἐδηλοῦτο
3724 946 3780 996 ὲν

2205 1030 2389 1092 αὐτοῖς
2418 1028 2639 1100 Πνεῦμα
2669 1027 2924 1099 Χριστοῦ,
2952 1046 2969 1077 ι
3006 1026 3068 1080 τδ
3107 1026 3288 1098 ζητεῖν
3347 1031 3443 1082 καὶ
3496 1032 3780 1101 μανθάνειν

2203 1119 2370 1192 δηλοῖ,
2391 1120 2783 1192 παραπλησίως
2805 1116 2882 1190 τῷ
2908 1120 3116 1187 λέγοντι
3138 1136 3151 1149 ·
3180 1138 3198 1171 ι
3223 1121 3507 1191 Ἐρευνᾶτε
3528 1123 3626 1188 τάς
3643 1126 3781 1197 Γρα-

2205 1212 2338 1281 9.2;-
2366 1231 2384 1264 ι
2413 1213 2574 1282 ἡνίκα
2611 1213 2669 1266 δέ
2730 1214 2759 1266 6
2800 1211 3120 1275 Ἀπόστολος
3144 1212 3325 1283 γράφῃ
3364 1215 3493 1285 περὶ
3527 1216 3618 1269 τοῦ
3645 1217 3778 1271 Θεοῦ

2204 1305 2297 1357 καὶ
2339 1304 2549 1376 Πατρός
2570 1320 2584 1336 ο
2651 1323 2669 1355 ι
2692 1304 2749 1358 Ὀ
2769 1304 2825 1357 δέ
2858 1303 3093 1376 ἐρευνῶν
3127 1304 3226 1367 τὰς
3283 1305 3530 1376 καρδίας,
3561 1303 3699 1362 οἶδεν
3725 1310 3778 1362 τί

2202 1396 2263 1449 τὸ
2289 1396 2540 1467 φρόνημα
2567 1395 2660 1449 τοῦ
2695 1396 3028 1465 Πνεύματος,
3075 1396 3157 1449 ὅτι
3185 1395 3323 1448 κατά
3351 1396 3481 1449 Θεὸν
3514 1400 3775 1469 ἐντυγχά-

2202 1503 2282 1540 νει
2316 1487 2454 1558 ὑπέρ
2482 1486 2681 1554 ἁγίωνο
2708 1506 2726 1537 ι
2760 1485 2792 1556 ἢ
2840 1488 2898 1540 ἐν
2943 1485 2986 1539 λ’
3007 1485 3203 1557 ψαλμῷ
3230 1486 3403 1556 λέγει·
3439 1506 3458 1538 ι
3486 1488 3605 1541 ’Ὁτι
3645 1491 3777 1562 6A1;-

2203 1577 2354 1640 θείας
2377 1575 2596 1646 ἐκζητεῖ
2622 1577 2823 1646 Κύριος
2843 1593 2857 1609 ·
2884 1595 2903 1629 ι
2955 1576 2988 1646 ἤ
3022 1578 3080 1631 ἐν
3114 1576 3160 1641 ζ’
3180 1595 3193 1609 ·
3228 1596 3247 1627 ι
3271 1578 3507 1642 Ἐτάζων
3551 1580 3775 1651 καρδίας

2202 1668 2296 1721 κα).
2339 1668 2569 1737 νεφροὺς
2621 1668 2651 1720 6
2698 1666 2869 1728 Θεός·
2899 1685 2919 1718 ι
2972 1666 3289 1738 ἣέτέρωθι·
3335 1687 3352 1717 ι
3378 1667 3638 1738 Ἐρευνῶν
3681 1686 3775 1724 τα-

2204 1760 2332 1828 μεῖα
2350 1752 2555 1821 κοιλίας
2575 1770 2587 1783 '
2612 1776 2631 1808 ι
2668 1756 2730 1809 οὐ
2759 1756 2822 1809 τὸ
2852 1756 3124 1823 ἐξετάζειν
3164 1759 3259 1811 καὶ
3291 1757 3600 1829 μανθάνειν,
3638 1759 3775 1812 ἀλλὰ

2199 1849 2261 1902 τὸ
2310 1846 2734 1919 περιλαμϐάνειν
2763 1848 2864 1918 τὴν
2898 1847 3144 1919 καρδίαν,
3185 1849 3262 1911 ὡς
3306 1849 3470 1920 μηδέν
3514 1865 3614 1902 που
3645 1849 3773 1901 λαν-

2202 1936 2383 1990 θάνειν
2411 1937 2520 1989 τῶν
2576 1935 2796 1989 πώποτε
2822 1936 2960 2007 αὐτῇ
2990 1936 3418 2008 ἐνθυμηθέντων,
3445 1938 3478 2008 ἢ
3521 1939 3775 2009 νενοημέ-

533 2032 627 2087 sed
643 2030 1105 2101 comprehendere
1146 2026 1313 2102 ‘33
1358 2042 1473 2094 eor,
1520 2028 1593 2082 ita
1629 2036 1689 2082 ut
1715 2026 1848 2082 nihil
1874 2036 2098 2097 usquam

2204 2042 2337 2079 νων·
2367 2025 2511 2096 ἀπερ
2536 2025 2629 2077 καὶ
2671 2025 2795 2094 δίχα
2821 2024 3181 2095 ἐξιχνιασμῶν
3229 2019 3370 2078 οἶδεν
3401 2025 3775 2096 ὁκαρδιογνώσ

528 2133 719 2178 eorum
773 2121 958 2185 lateat,
997 2135 1115 2189 qua:
1150 2134 1387 2190 unquam
1436 2120 1504 2174 ab
1537 2119 1654 2188 ipso
1697 2118 1929 2189 cogitata
1972 2118 2100 2183 sint,

535 2222 627 2266 aut
657 2212 837 2266 animo
860 2219 1072 2266 versata
1105 2210 1308 2265 fuerint
1336 2227 1349 2262 :
1376 2224 1605 2280 quaeque
1628 2210 1777 2263 novit
1799 2208 1961 2263 etiam
1986 2207 2102 2263 sine

534 2300 1033 2371 investigationibus
1074 2299 1119 2354 is
1157 2300 1248 2370 qui
1292 2309 1373 2353 est
1414 2299 1657 2353 cordimn
1715 2298 1983 2369 cognitor.
2041 2300 2098 2353 Si

528 2394 677 2449 enim
751 2401 1079 2448 scrutantem
1150 2391 1440 2461 cujuslibet
1520 2390 1848 2462 cognitionis
1900 2405 2099 2460 ettper-

535 2496 640 2540 tem
672 2483 784 2556 (49)
821 2484 1024 2538 indicat
1054 2482 1336 2548 scrutatio,
1384 2481 1549 2536 Deum
1599 2495 1813 2553 quoque
1855 2481 2097 2536 invenie-

533 2591 653 2631 mus
703 2574 936 2632 scrutari
988 2574 1141 2644 quasi
1200 2573 1563 2642 ignorantem,
1628 2580 1683 2627 et
1736 2573 1972 2628 dedecus
2026 2571 2096 2638 ei,

532 2666 906 2720 hmreticormn
930 2663 1144 2734 quidem
1169 2663 1456 2728 sententia,
1488 2660 1678 2717 aﬂeret
1709 2662 1853 2733 quod
1892 2661 2004 2733 (50)
2042 2663 2095 2717 in

532 2755 805 2824 Sopltonia
862 2754 1027 2808 veluti
1079 2767 1178 2824 per
1230 2754 1603 2821 metaphoram
1662 2752 1731 2808 ab
1788 2752 2098 2809 hominibus

530 2847 830 2903 derivatum
857 2845 1060 2899 dictum
1093 2853 1215 2899 est:
1250 2860 1269 2895 ι
1301 2841 1597 2900 Scrutabor
1640 2842 1752 2915 (5|)
1799 2840 2096 2898 Jerusalem

531 2951 655 2991 eum
680 2936 924 2990 lucerna.
952 2953 971 2987 ι
1009 2933 1140 2999 Quae
1170 2933 1373 2988 locutio
1407 2944 1656 3002 magnam
1694 2933 1855 2988 habet
1888 2930 2096 3000 signiti-

547 3025 817 3080 cationem
871 3026 1122 3094 potentia:
1168 3023 1330 3077 illius.
1378 3024 1663 3079 Scrutatur
1709 3037 1836 3093 ergo
1886 3024 2096 3079 divinus

531 3115 626 3171 Dei
657 3116 894 3186 Spiritus
932 3130 1039 3169 non
1078 3124 1137 3169 ut
1182 3115 1460 3186 ignorans,
1494 3116 1588 3171 sed
1619 3124 1679 3171 ut
1707 3112 1942 3186 Spiritus
1974 3116 2091 3182 Dei,

532 3213 724 3259 natura
786 3219 951 3259 unum
1013 3218 1133 3258 cum
1196 3204 1311 3274 ipso
1373 3207 1659 3261 exsistens.
1727 3205 2093 3272 Quamobrem

2206 2128 2359 2186 στης.
2387 2115 2450 2167 El
2480 2113 2586 2185 γὰρ
2619 2114 2681 2166 τὸ
2706 2113 2815 2166 πᾶν
2842 2113 2941 2182 τῆς
2966 2111 3220 2181 γνώσεως
3239 2112 3315 2183 τῷ
3339 2114 3563 2183 ἐρευνᾷν
3585 2114 3778 2166 ἀπονε-

2205 2206 2422 2277 μηθείη,
2449 2206 2543 2259 καὶ
2578 2202 2812 2277 ἐρευνῶν
2857 2204 2934 2265 ὡς
2970 2203 3178 2272 ἀγνοῶν
3224 2202 3577 2274 εὑρεθήσεται
3623 2203 3715 2256 κα)⁵
3747 2206 3776 2256 6

2201 2296 2353 2359 Θεὸς,
2389 2295 2482 2348 καὶ
2518 2294 2734 2360 ἀδοξίαν
2773 2294 2920 2363 αὐτῷ
2945 2291 3070 2365 [illi
3104 2292 3156 2365 ὸ]
3191 2292 3311 2347 κατ’
3359 2292 3601 2357 ἐκείνους
3639 2292 3773 2346 οἴσει

2200 2384 2317 2438 τόδε
2347 2387 2405 2437 ἐν
2449 2383 2525 2454 τῷ
2559 2382 2803 2455 Σοφωνία
2833 2384 2923 2437 ὑπ’
2954 2382 3140 2448 αὐτοῦ,
3167 2379 3278 2436 οἷον
3307 2383 3369 2436 τὺ
3390 2383 3500 2436 ἀπὸ
3545 2392 3782 2453 μεταφοσ-Δ

2203 2479 2302 2549 ρᾶς
2322 2477 2431 2531 τῶν
2476 2473 2797 2548 ἀνθρώπων,
2842 2475 3162 2546 εἰρημένον·
3221 2476 3632 2548 «Ἐξερευνήσω
3674 2477 3774 2548 τὴν

2212 2570 2564 2640 Ἰερουσαλὴμ
2617 2569 2757 2640 μετά
2779 2569 2994 2639 λύχνου.
3018 2586 3037 2620 ι
3081 2569 3154 2622 Τὸ
3194 2569 3343 2640 ῥῆμα
3362 2570 3424 2623 τὸ
3450 2569 3657 2624 τοιοῦτο
3676 2569 3773 2639 τῆς

2197 2658 2476 2732 δυνάμεως
2500 2661 2663 2715 αὑτοῦ
2696 2661 2895 2732 πολλὴν
2921 2660 3210 2733 ἐργάζεται
3230 2663 3547 2733 σημείωσιν.
3592 2663 3773 2733 Ἐρευδ

2198 2754 2263 2824 νᾷ
2284 2748 2376 2806 οῦν
2399 2752 2460 2805 τὸ
2484 2752 2624 2806 θεῖον
2654 2753 2878 2823 Πνεῦμα
2924 2752 3019 2806 τοῦ
3074 2751 3235 2817 Θεοῦ,
3275 2753 3370 2823 οὐχ
3414 2754 3490 2816 ὡς
3520 2752 3768 2821 ἀγνοοῦν,

2197 2843 2311 2897 ἀλλ’
2355 2843 2430 2906 ὡς
2453 2844 2677 2915 Πνεῦμα
2726 2845 2820 2897 τοῦ
2848 2845 2982 2899 Θεοῦ
3009 2845 3285 2915 ἡνωμένον
3311 2844 3458 2914 αὐτῷ
3489 2846 3554 2915 τῇ
3585 2844 3766 2912 φύσει.

2199 2934 2361 2989 Ὅθεν
2386 2937 2414 2989 6
2434 2935 2755 3006 Ψαλμῳδὸς,
2778 2937 2839 2988 οὑ
2861 2935 3176 2989 διαστέλλων
3199 2935 3329 2987 αὐτὸ
3350 2934 3449 3004 τῆς
3464 2933 3649 2997 οὐσίας
3673 2935 3766 2986 καὶ

2196 3026 2449 3096 γνώσεως
2467 3026 2562 3080 τοῦ
2585 3025 2720 3079 Θεοῦ
2747 3026 2841 3079 καὶ
2862 3027 3092 3098 Πατρὸς,
3115 3025 3243 3078 αὐτὸ
3260 3024 3320 3079 δέ
3351 3023 3547 3095 μᾶλλον
3573 3026 3768 3076 ἐνυπο-

2197 3116 2406 3180 στάτως
2449 3113 2583 3169 εἶναι
2612 3116 2710 3186 τὴν
2763 3117 2953 3185 σοφίαν
2981 3116 3143 3169 αὐτοῦ
3200 3116 3259 3168 ἐν
3290 3116 3390 3186 ἴσῳ
3410 3113 3503 3168 τοῦ
3536 3116 3772 3183 Μονογεο

2195 3206 2321 3270 νοῦς
2350 3205 2678 3270 ἀναπείθων,
2702 3205 2928 3277 ηὔχετο·
2993 3225 3012 3257 ι
3039 3206 3112 3259 Τὸ
3140 3204 3365 3277 Πνεῦμά
3409 3222 3503 3259 σου
3526 3206 3587 3259 τὸ
3618 3205 3771 3274 ἀγιον

530 3295 740 3352 Psaltes
791 3295 1084 3351 essentiam
1139 3295 1215 3352 illi
1247 3311 1311 3351 ac
1357 3296 1637 3352 scientiam
1674 3296 1768 3352 Dei
1820 3307 1876 3353 et
1911 3295 2093 3352 Patris

2201 3298 2273 3370 μὴ
2298 3296 2590 3369 ἀντανέλῃς
2618 3298 2711 3351 ἀπ’
2759 3293 2924 3367 ἐμοῦ·
2953 3314 2973 3347 ι
3008 3296 3069 3349 τδ
3102 3296 3481 3351 ἀποκαλύπτον
3523 3314 3632 3370 μοι,
3669 3313 3769 3368 φηο

532 3400 639 3441 non
672 3388 966 3458 denegans,
1002 3390 1112 3442 imo
1145 3388 1297 3442 illum
1351 3386 1526 3445 Patris
1572 3387 1918 3459 sapientiam,
1971 3403 2092 3460 quae

2201 3355 2298 3454 τὶν,
2322 3388 2391 3442 τά
2412 3355 2587 3459 ἄδηλα
2609 3389 2703 3441 κα)⁵
2728 3355 2805 3441 τὰ.
2824 3387 3030 3458 κρύφια
3052 3387 3155 3458 τῆς
3185 3386 3376 3457 σοφίας
3400 3404 3518 3443 σου.

454 3502 465 3509 '
530 3484 585 3537 in
608 3484 768 3540 Patre
793 3496 944 3552 mque
978 3497 1042 3539 ac
1098 3482 1417 3553 Unigenitus
1482 3476 1786 3549 subsistat,
1856 3497 1976 3539 esse
2039 3482 2384 3547 conﬁrmans,
2443 3484 2523 3538 sic
2571 3483 2781 3538 oravit:
2825 3500 2843 3532 ι
2875 3481 3133 3549 Spiritum
3171 3481 3284 3552 (52)
3329 3490 3477 3536 tuum
3524 3491 3767 3538 sanctum

530 3590 600 3630 ne
645 3577 860 3631 auferas
906 3588 936 3628 a
974 3587 1095 3627 me:
1129 3591 1147 3626 ι
1194 3588 1385 3641 nempe
1436 3574 1585 3629 illum
1638 3575 1931 3645 Spiritum,
1965 3574 2081 3642 ait,
2120 3575 2208 3645 qui
2235 3575 2366 3630 milii
2408 3573 2610 3630 revelat
2642 3571 2849 3629 occulta
2882 3570 2991 3643 (55)
3023 3579 3077 3626 et
3103 3586 3302 3627 arcana
3332 3572 3613 3641 sapientiae
3644 3585 3765 3630 tum.

1068 3692 1217 3748 CAP.
1264 3689 1547 3747 XXXVIII.

601 3780 694 3838 Illa
766 3798 981 3856 quoque
1042 3784 1243 3841 Christi
1302 3783 1444 3855 apud
1492 3782 1754 3840 Joannem
1805 3783 2096 3840 utilissima

537 3874 727 3940 Verba,
761 3893 778 3925 ι
806 3874 936 3929 Cum
986 3876 1194 3931 venerit
1240 3873 1351 3946 (54)
1400 3873 1736 3939 Paracletns,
1789 3888 1949 3942 quem
1998 3888 2098 3943 ego

531 3960 741 4015 mittam
793 3962 944 4017 vobis
974 3977 1002 4015 a
1030 3961 1191 4017 Patre
1226 3977 1346 4017 meo
1378 3962 1517 4032 (55),
1550 3960 1786 4030 Spiritus
1820 3961 2092 4029 veritatis,

530 4052 681 4120 quia
715 4050 874 4107 Patre
923 4054 1193 4121 procedit,
1243 4051 1333 4105 ille
1379 4051 1742 4106 testimonium
1798 4048 2100 4119 perhibebit

426 4136 431 4139 ’
530 4146 596 4196 de
629 4156 713 4196 me
738 4159 753 4208 ;
777 4162 796 4195 ι
835 4144 1071 4214 itemque
1101 4144 1212 4209 illa,
1261 4140 1601 4196 «Paracletus
1630 4140 1740 4211 (56)
1767 4148 1944 4195 autem
1978 4140 2100 4210 Spi-

532 4233 669 4287 ritus
715 4245 954 4297 sanctus,
1010 4250 1171 4301 quem
1221 4235 1398 4288 mittet
1438 4231 1602 4288 Pater
1629 4235 1680 4287 in
1713 4233 1929 4287 nomine
1954 4247 2096 4296 meo,

531 4320 619 4374 ille
650 4334 744 4375 vos
773 4322 988 4377 docebit
1044 4320 1249 4385 omnia,
1283 4331 1337 4375 et
1364 4321 1419 4374 in
1452 4321 1768 4375 memoriam
1826 4322 2100 4376 revocabit

531 4408 679 4462 vobis
707 4410 907 4473 omnia,
946 4422 1063 4479 quae
1094 4408 1205 4464 dixi
1246 4407 1422 4474 vobis,
1460 4427 1479 4460 ι
1535 4422 1785 4478 perverse
1825 4411 2097 4480 accipien-

533 4509 634 4562 tes,
691 4497 1013 4570 suﬂragium
1064 4509 1251 4556 contra
1321 4500 1581 4570 Spiritum
1624 4512 1869 4557 sanctum
1900 4506 2097 4557 ferunt.

531 4588 605 4646 ita
640 4591 785 4645 enim
846 4590 961 4647 haec
1027 4592 1285 4647 deberent
1344 4594 1611 4660 accipere,
1665 4601 1724 4646 ut
1778 4591 2097 4648 Peracletus

531 4682 712 4735 dictus
749 4680 911 4737 luerit
937 4689 1030 4735 aut
1056 4685 1180 4753 quia
1205 4694 1262 4736 ut
1289 4680 1429 4738 Deus
1460 4683 1877 4755 παρακαλεῖται,
1912 4684 1962 4737 id
1994 4693 2095 4750 (εει,

532 4772 814 4825 invocatur
842 4787 869 4825 a
892 4782 1163 4837 creatura,
1190 4784 1283 4828 aut
1317 4775 1439 4843 quia
1473 4775 1641 4843 ipsam
1669 4773 2095 4845 παραμυθεῖται,

532 4862 631 4916 hcc
665 4872 750 4917 cst
789 4864 1120 4928 consolatur,
1161 4874 1217 4919 et
1252 4864 1665 4919 oblectationem
1716 4865 1763 4916 ei
1810 4878 1873 4917 ac
1906 4878 2091 4933 pacem

2829 3694 2986 3747 ΚΕΦ.
3014 3692 3144 3749 AH'.

2268 3775 2380 3836 Kal.
2408 3781 2506 3847 τὰς
2530 3782 2680 3855 παρά
2710 3783 2927 3855 Ἰωάννῃ
2957 3783 3013 3836 δὲ
3042 3782 3393 3846 διαλαλούσας
3414 3781 3509 3835 τοῦ
3534 3781 3769 3853 Χριστοῦ

2199 3874 2534 3943 πανωφελεῖς
2578 3874 2843 3937 συλλαϐάς
2863 3892 2876 3907 ·
2936 3894 2955 3926 ι
2981 3875 3147 3928 Ὅταν
3175 3872 3303 3944 ἔλθῃ
3338 3875 3365 3926 ὁ
3392 3872 3766 3945 Παράκλητος,

2197 3963 2257 4018 ὃν
2284 3964 2395 4033 ἐγὼ
2423 3966 2627 4035 πέμψω
2647 3966 2773 4036 ὑμῖν
2826 3964 2977 4036 παρά
3000 3966 3093 4019 τοῦ
3126 3964 3336 4035 Πατρός
3361 3981 3483 4035 μου,
3507 3961 3568 4016 τὸ
3596 3961 3768 4016 Πνεῦ-

2204 4073 2280 4128 μα
2303 4056 2402 4126 τῆς
2439 4056 2714 4128 ἀληθείας,
2757 4057 2786 4110 6
2822 4058 2973 4130 παρά
3016 4056 3110 4110 τοῦ
3140 4055 3352 4127 Πατρὺς
3391 4053 3766 4125 ἐκπορεύεται,

2199 4148 2404 4211 ἐκεῖνος
2432 4150 2766 4221 μαρτυρήσει
2795 4167 2859 4204 πε
2869 4151 2920 4222 pl.
2943 4148 3074 4220 ἐμοῦ
3100 4166 3110 4180 ’
3142 4167 3161 4202 ι
3203 4147 3297 4201 καὶ
3343 4146 3503 4201 πάλιν
3528 4162 3542 4176 ·
3582 4164 3603 4196 ι
3625 4145 3683 4198 Ὅ
3711 4144 3769 4198 δὲ

2199 4239 2571 4310 Παράκλητος.
2601 4243 2663 4294 τὸ
2687 4240 2911 4312 Πνεῦμα
2937 4240 3000 4294 τὸ
3021 4240 3195 4308 ἀγιον,
3238 4240 3267 4293 ὃ
3293 4238 3500 4309 πέμψει
3519 4241 3549 4292 6
3577 4237 3768 4307 Πατὴρ

2198 4330 2256 4382 ἐν
2284 4329 2362 4401 τῷ
2385 4329 2607 4401 ὀνόματί
2640 4347 2762 4401 μου,
2786 4334 2992 4394 ἐκεῖνος
3024 4332 3171 4400 ὑμᾶς
3206 4330 3404 4396 διδάξει
3438 4331 3635 4391 πάντα,
3673 4330 3769 4381 καὶ

2200 4420 2500 4492 ὑπομνήσει
2540 4420 2682 4492 ὑμᾶς
2720 4423 2912 4484 πάντα,
2953 4422 2990 4476 ἀ
3017 4417 3168 4476 εἷπον
3220 4422 3377 4493 ὑμῖν*
3407 4440 3425 4472 ι
3473 4420 3571 4473 οὐκ
3621 4419 3769 4471 ἀδια·

2199 4509 2444 4580 στρόφως
2462 4509 2728 4580 δέχονται,
2773 4511 3271 4581 καταψηφιζόμενοι
3304 4508 3397 4564 τοῦ
3423 4509 3578 4577 ἁγίου
3602 4507 3769 4560 Πνεῦ-

2200 4613 2390 4667 ματος.
2432 4600 2576 4652 Ἀντὶ
2593 4599 2700 4670 γὰρ
2718 4601 2811 4653 τοῦ
2835 4603 2975 4655 νοεῖν
2998 4600 3374 4673 Παράκλητον,
3409 4600 3444 4671 ἢ
3467 4598 3554 4652 διὰ
3575 4599 3633 4651 τὺ
3666 4612 3769 4649 παι·

2202 4688 2549 4760 ρακαλεῖσθαι
2574 4690 2647 4754 ὡς
2662 4690 2794 4745 Θεὸν
2816 4706 2889 4744 πα
2899 4691 2964 4763 ρὰ
2987 4691 3085 4760 τῆς
3102 4690 3348 4753 κτίσεως,
3368 4690 3402 4760 ἢ
3419 4689 3505 4743 διὰ
3527 4689 3585 4740 τὸ
3604 4702 3771 4757 παραο

2201 4777 2483 4848 μυθεῖσθαι
2499 4781 2687 4851 αὐτὴν,
2707 4782 2800 4835 καὶ
2820 4781 3084 4853 θυμηδίαν
3105 4782 3200 4835 καὶ
3219 4782 3438 4852 εἰρήνην
3459 4778 3767 4850 ἐμϐάλλει-θ’

2201 4868 2501 4940 συνώνυμοι
2529 4872 2636 4943 γὰρ
2683 4874 2739 4925 αἱ
2774 4872 2944 4938 λέξεις
2980 4874 3076 4944 τῆς
3101 4872 3495 4943 παρακλήσεως
3543 4870 3638 4922 καὶ
3664 4886 3773 4921 πα-

532 4954 713 5017 inl‘ert,
747 4967 1063 5024 synonyma:
1100 4955 1243 5009 enim
1296 4966 1424 5011 sunt
1470 4969 1631 5010 voces
1679 4953 2094 5026 παρακλήσεως,

2203 4960 2472 5031 ραμυθίας
2491 4962 2657 5015 εἰσίν-
2686 4963 2761 5026 ὼς
2781 4963 3013 5035 γράφει·
3048 4982 3066 5015 ι
3088 4965 3197 5018 Καὶ
3218 4964 3344 5026 τοὺς
3364 4962 3653 5024 ταπεινοὺς
3674 4957 3772 5013 τοῦ

621 5132 735 5200 (Hi
773 5131 989 5187 Servus.
1017 5130 1171 5186 Joan.
1204 5147 1292 5194 xv,
1336 5131 1422 5189 15.

603 5203 714 5272 (45)
755 5200 1080 5272 Scrutanles.
1116 5201 1258 5272 Ep.l
1294 5202 1435 5272 l’etr.
1468 5216 1506 5267 ι,
1545 5202 1631 5260 il.

604 5269 716 5340 (44)
759 5271 1103 5325 Scrutamiui.
1140 5269 1296 5324 JOan.
1331 5286 1381 5333 ν,
1415 5271 1501 5325 59.

602 5342 716 5412 (45)
755 5340 858 5406 Qui
889 5354 1098 5412 autem;
1128 5341 1278 5412 llom.
1313 5340 1564 5412 γιιιιὲῚν.

604 5408 717 5480 (46)
755 5412 1037 5481 Quoniam.
1069 5408 1212 5481 ljsal.
1242 5426 1366 5474 xxx,
1425 5411 1486 5481 ﬁl
1531 5411 1646 5480 (seu
1680 5409 1793 5481 2i).

604 5478 716 5551 (47)
759 5479 1032 5534 Scrutaris.
1078 5478 1222 5534 Psal.
1249 5478 1465 5551 Vin—10.

607 5548 721 5612 M8)
760 5551 1038 5604 Srrulans.
1082 5551 1239 5604 Prov.
1292 5567 1361 5604 sx
1408 5550 1497 5602 27.
1545 5548 1731 5604 Grmca
1779 5549 1990 5604 editio:
2035 5550 2094 5612 6;

538 5616 734 5688 ἐρευνᾷ
764 5621 1005 5688 ταμιεῖα.

605 5683 721 5756 (49)
759 5683 1052 5757 Ex'purtem.
1086 5683 1143 5740 in
1172 5688 1361 5743 Graeco
1407 5688 1556 5743 deest
1600 5688 1773 5756 aliqua
1813 5687 1998 5752 dictio,
2036 5697 2096 5742 ut

539 5752 815 5824 legendum
840 5752 946 5821 'sit,
977 5759 1206 5824 exempli
1240 5758 1430 5826 gratia,
1472 5758 1549 5828 μὴ
1576 5752 1964 5829 ἀπονεμηθείη,
2003 5768 2094 5813 aut

2201 5135 2306 5190 alio
2328 5137 2486 5192 simili
2522 5140 2695 5194 modo.

2272 5205 2383 5279 (50)
2415 5207 2586 5273 Quod.
2623 5210 2895 5265 Librarius
2923 5209 3137 5279 scripsit
3189 5214 3356 5265 οισειο
3389 5212 3450 5266 τὸ
3471 5212 3551 5267 δέ.
3580 5212 3774 5266 Emen-

2202 5275 2343 5339 dati,
2366 5275 2431 5329 ac
2465 5280 2652 5345 scripsi
2680 5280 2816 5331 οἴσει
2838 5279 2978 5332 τόδε.
3032 5275 3048 5279 ’
3766 5316 3769 5320 -

2417 5346 2924 5422 S_cr_utabor._Soph.
2963 5364 3001 5413 ι,
3026 5349 3109 5422 -15
3146 5348 3273 5417 (seu
3311 5350 3440 5422 {2).

2427 5416 2705 5487 S_).irilttm.
2742 5415 2885 5471 Paul.
2914 5434 2965 5477 ι..
3018 5420 3085 5470 η
3110 5415 3239 5483 (seu
3269 5422 3337 5474 15
3359 5436 3396 5487 ).

2431 5483 2675 5562 Qcculm.
2708 5487 2781 5562 Elt
2812 5491 3000 5562 eodem
3027 5487 3180 5562 1³5³1Σ
3198 5489 3300 5562 Δ1.,7
3326 5483 3465 5561 (sive
3485 5490 3562 5562 8).

2272 5556 2383 5623 (54)
2426 5554 2556 5608 Cum
2597 5559 2811 5612 venerit.
2837 5557 2992 5611 Joan.
3034 5573 3122 5620 XV,
3152 5557 3240 5611 26.

2275 5624 2386 5694 (55)
2434 5625 2569 5694 Meo.
2608 5626 2764 5680 Deest
2795 5628 2908 5680 lucc
2938 5643 3037 5682 vox
3077 5628 3131 5679 in
3162 5627 3373 5687 BlbliiSo

2273 5694 2386 5764 (56)
2432 5693 2761 5751 Paraclelus.
2795 5695 2952 5753 Joan.
3000 5710 3108 5762 xiv,
3145 5696 3235 5752 26.
