4108 6446
533 350 636 406 975

1791 346 2024 402 DlDYMl
2063 347 2528 406 ALEXANDRINI

529 461 846 528 essentiam,
897 462 990 517 sed
1040 462 1334 517 secundum
1383 461 1742 531 bypostasim.
1794 458 1996 514 Deinde
2028 473 2078 512 ei

2200 459 2516 554 ὑπόστασιν.
2550 466 2776 519 Ἔπειτα
2801 468 2857 521 δὲ
2888 470 2948 522 τὸ
2982 475 3262 538 προειπεῖν
3294 476 3384 529 τὸν
3419 477 3568 545 Υίδν,
3596 500 3614 534 ι
3645 483 3788 554 Πέμ-

528 569 596 609 eo
658 554 800 624 quod
863 551 1029 607 Filius
1093 551 1472 622 praenuntiavit
1541 551 1828 620 inquiens,
1902 566 1920 598 ι
1975 547 2098 600 Μει-

530 655 637 702 tam
676 644 790 716 (69)
836 644 990 700 vobis
1029 658 1058 698 a
1105 643 1264 697 Patre
1315 657 1435 696 meo
1476 641 1738 712 Spiritum
1777 638 2042 700 veritatis,
2073 655 2091 687 3

527 746 750 806 apparet
787 745 895 790 tres
928 749 1050 790 esse
1074 735 1422 805 hypostases,
1457 742 1515 788 et
1567 747 1671 786 una
1707 727 2095 799 eomplacentia

526 838 687 899 atque
727 825 1014 882 concordia
1059 824 1254 879 factam
1299 838 1419 879 esse
1464 823 1955 878 manifestationem
1999 835 2094 875 seu

527 921 814 974 adventum
860 915 1096 987 Spiritus
1142 915 1316 970 sancti
1349 933 1360 968 :
1397 915 1536 968 sicut
1573 913 1624 967 id
1666 914 1838 982 ipsum
1871 911 2095 965 indicari

526 1010 763 1066 diximus
795 1017 951 1062 antea
989 1015 1043 1060 et
1075 1006 1127 1061 in
1157 1006 1247 1060 illo
1277 1005 1509 1074 capitulo
1535 1023 1547 1058 :
1579 1002 1769 1058 «Pater
1802 1002 1914 1074 (70)
1944 1016 2096 1054 man-

524 1103 708 1157 datum
741 1099 871 1154 mihi
902 1099 1072 1161 dedit,
1105 1097 1231 1167 quid
1264 1097 1462 1161 dicam,
1489 1104 1544 1150 et
1570 1094 1698 1164 quid
1729 1094 1956 1164 loquar;
1987 1112 2004 1145 3
2042 1105 2096 1148 et

525 1206 648 1246 cum
688 1191 755 1245 de
784 1188 991 1258 Spiritu
1029 1195 1218 1242 sancto
1249 1186 1489 1241 dicitur:
1528 1205 1546 1234 ‹
1569 1184 1614 1237 Α
1656 1184 1945 1252 semetipso
1981 1182 2092 1253 (7|)

529 1299 637 1338 non
691 1281 966 1349 loquetur.
997 1297 1016 1328 3
1067 1277 1221 1332 Sicut
1265 1275 1408 1330 enim
1437 1290 1466 1328 a
1503 1274 1662 1328 Patre
1683 1273 1955 1342 sejunctus
1985 1287 2090 1326 non

522 1383 605 1429 est
653 1373 822 1427 Filius
877 1386 942 1426 ex
978 1384 1044 1424 eo
1086 1369 1228 1438 quod
1289 1367 1486 1422 missus
1540 1366 1652 1437 (72)
1708 1365 1815 1432 sit,
1883 1365 1964 1420 sic
2024 1378 2092 1418 ne

525 1465 763 1535 Spiritus
805 1462 1026 1532 quidem
1073 1466 1316 1514 sanctus.
1359 1456 1512 1524 Quod
1544 1469 1675 1511 vero
1725 1455 2087 1525 subjtmgitur,

529 1574 548 1607 ι
577 1554 812 1624 Spiritus
840 1549 1110 1616 veritatis,
1142 1567 1160 1601 3
1198 1547 1456 1612 ostendit,
1491 1561 1614 1601 eum
1645 1561 1772 1600 vere
1806 1559 1929 1600 esse
1963 1543 2088 1614 Spi-

2323 554 2450 624 ὑμῖν
2497 556 2648 649 παρὰ.
2682 558 2777 610 τοῦ
2801 560 3014 631 Πατρός
3043 580 3144 633 μου
3171 565 3232 617 τὸ
3271 567 3500 639 Πνεῦμα
3526 575 3626 643 τῆς
3654 551 3784 649 ἀλή-

2201 641 2408 707 θείας,»
2447 644 2790 718 παρέστησεν
2847 649 2949 713 τὰς
2992 655 3142 722 τρεῖς
3177 655 3522 724 ὑποστάσεις,
3577 641 3672 716 καὶ
3709 641 3787 730 ὦς

2199 730 2415 822 εὑδοκίᾳ
2465 733 2556 785 καὶ
2587 737 2874 808 συμφωνίᾳ
2915 741 3013 811 μιᾷ
3048 742 3082 812 ή
3119 742 3212 796 τοῦ
3275 745 3432 813 ἁγίου
3465 749 3787 822 Πνεὺματος

2199 820 2414 888 ἐγένετο
2441 825 2729 894 παρουσία,
2782 829 2859 891 ὡς
2887 831 2981 882 καὶ
3013 832 3072 885 ὲν
3104 832 3182 903 τῷ
3231 837 3510 910 κεφαλαίῳ
3543 820 3641 912 τῷ,
3679 861 3700 894 ι
3723 844 3786 901 Ὀ

2196 912 2386 984 Πατὴρ
2418 915 2639 987 ἐντολήν
2674 934 2761 988 μοι
2791 919 3042 986 δέδωκεν,
3085 923 3140 977 τί
3165 926 3322 992 εἴπω,
3378 931 3472 983 καὶ
3504 933 3558 985 τί
3619 932 3784 1006 λαλή-

2199 1020 2276 1057 σω
2297 1020 2311 1034 ⁶
2350 1024 2366 1056 3
2403 1007 2495 1060 καὶ
2542 1009 2788 1079 περὶτοῦ
2815 1012 2972 1080 ἁγίου
3023 1015 3360 1088 Πνεὺματος,
3395 1038 3414 1072 t
3440 1021 3555 1092 Ἀφ’
3584 1026 3780 1080 ἑαυτοῦ

2195 1100 2253 1151 οὑ
2285 1099 2524 1171 λαλήσει,
2557 1121 2575 1153 3
2625 1104 2946 1177 προελέχθη.
3021 1109 3110 1173 Ὧς
3140 1109 3247 1181 γὰρ
3301 1113 3401 1166 οὑκ
3443 1114 3779 1181 ἀπέζευκται

2193 1192 2286 1246 τοῦ
2331 1195 2542 1266 Πατρδς
2586 1199 2613 1248 ὁ
2663 1197 2791 1260 Υἱὸς
2830 1199 3120 1270 πεμφθεὶς,
3152 1203 3326 1266 οὑτως
3382 1207 3503 1260 οὐδὲ
3535 1209 3599 1261 τδ
3623 1209 3779 1277 ἅγιον

2194 1283 2437 1353 Πνεῦμα.
2498 1283 2570 1337 Τὸ
2611 1283 2668 1336 δὲ
2729 1289 3120 1356 προσκεῖσθαι,
3175 1292 3446 1364 «Πνεῦμα
3499 1295 3600 1366 τῆς
3645 1297 3780 1368 ἀλη-

2193 1373 2377 1441 θείας,
2406 1393 2424 1426 3
2478 1375 2715 1430 διδάσκει
2776 1378 2992 1450 ἀληθῶς
3041 1381 3172 1436 αὑτὸ
3217 1383 3440 1455 Πνεῦμα
3495 1381 3633 1442 εἷναι
3678 1388 3776 1441 τοῦ

2191 1466 2349 1530 Θεοῦ,
2381 1467 2473 1520 καὶ
2498 1469 2595 1538 οὑχ
2625 1469 2701 1532 ὡς
2752 1469 2817 1523 τά
2862 1471 3231 1545 λειτουργικά.
3282 1477 3354 1530 Τὸ
3375 1477 3432 1530 δὲ
3461 1478 3625 1549 ἔχειν,
3663 1499 3682 1531 ι
3709 1483 3775 1535 Ὃ

2191 1560 2342 1628 παρά
2369 1558 2462 1612 τοῦ
2490 1560 2702 1630 Πατρὸς
2727 1562 3108 1632 ἐκπορεύεται,
3137 1584 3155 1616 3
3196 1567 3468 1637 σημαίνει,
3495 1568 3572 1632 ὡς
3606 1569 3776 1641 ἀνάρ-

3685 370 3788 429 976
3855 363 3867 372 ’

519 1649 686 1705 ritum
745 1647 860 1712 Dei,
916 1659 1022 1699 non
1079 1657 1210 1697 vero
1253 1641 1533 1711 spiritibus
1575 1641 1683 1694 Deo
1710 1637 2078 1693 famulantibus

2190 1667 2302 1719 χως
2347 1652 2441 1703 καὶ
2482 1651 2782 1721 ὁμοουσίως
2837 1655 2901 1706 ἐκ
2937 1655 3037 1726 τῆς
3094 1658 3365 1730 πατρικῆς
3423 1637 3772 1726 ὑποστάσεως

520 1739 777 1794 similem.
824 1737 899 1790 Ac
944 1735 1106 1789 verba
1157 1733 1268 1799 illa,
1324 1749 1343 1784 ι
1378 1731 1480 1798 Qui
1520 1746 1548 1784 a
1592 1730 1749 1786 Patre
1772 1731 2078 1800 procedit,3

2190 1739 2424 1812 ἐξεφάνη
2450 1757 2464 1770 ο
2500 1743 2650 1794 πᾶσα
2670 1742 2779 1814 γάρ
2803 1745 3026 1815 πρόοδος
3045 1745 3134 1800 διὰ
3157 1746 3266 1801 τῶν
3306 1748 3435 1802 ῐσων
3451 1752 3545 1804 καὶ
3571 1751 3770 1821 ὁμοίων

519 1829 827 1901 signiﬁcant
877 1827 1048 1895 ipsum
1091 1825 1159 1880 ab
1203 1834 1407 1878 aeterno
1462 1831 1517 1877 et
1545 1820 2078 1877 consubstantialiter

2193 1787 2424 1812 qq“.-.
2506 1787 2650 1794 --ψη
2682 1787 2776 1814 ,..,.
2810 1787 3023 1815 ,Ἵππη
3046 1787 3134 1800 ν...
3167 1787 3264 1801 ...η
3307 1787 3545 1804 .-ωνηνη
3571 1787 3767 1821 Vw..."

2188 1831 2545 1884 ἐπιτελεῖταιο
2593 1833 2688 1886 καὶ
2739 1833 3100 1905 διαφερόντως
3142 1839 3442 1910 ὁμοουσίως
3491 1841 3707 1912 ἐγένετο
3733 1845 3767 1912 ἡ

516 1937 582 1976 ex
632 1931 853 1990 paterna
901 1915 1177 1989 hypostasi
1242 1914 1446 1969 editum
1499 1927 1659 1979 esse;
1715 1913 1892 1967 omnis
1945 1911 2078 1966 enim

2187 1921 2295 1974 ἀπὸ
2332 1922 2422 1975 τοῦ
2447 1923 2582 1977 Θεοῦ
2613 1925 2866 1996 γέννησις
2912 1928 3006 1980 τοῦ
3036 1929 3189 1996 Υίοῦ,
3212 1932 3305 1985 καὶ
3328 1933 3650 2003 ὲκπόρευσις
3674 1911 3768 1988 τοῦ

513 2013 792 2084 processio
820 2025 916 2081 per
937 2008 1163 2078 aequalia
1188 2013 1242 2060 et
1267 2004 1466 2060 similia
1493 2005 1806 2074 perficitur;
1836 2003 1956 2057 Filii
1987 2017 2078 2057 au-

2187 2011 2505 2082 Πνεὺματος
2558 2012 2745 2068 αὑτοῦ.
2778 2015 2851 2066 Τὸ
2896 2015 2974 2083 δὲ,
3035 2017 3312 2083 «Ἐκεῖνος
3373 2020 3517 2091 ὑμᾶς
3569 2021 3769 2085 διδάξει

515 2115 624 2161 tem
646 2120 710 2160 ex
731 2102 841 2157 Deo
862 2099 1161 2170 generatio,
1188 2113 1250 2152 ac
1280 2095 1520 2165 Spiritus
1543 2095 1712 2170 ipsius
1733 2095 2009 2164 processio
2036 2093 2078 2147 in

2188 2103 2385 2168 πάντα,
2421 2103 2515 2157 καὶ
2543 2104 2848 2176 ὑπομνήσει
2883 2106 3025 2176 ὑμᾶς
3055 2108 3252 2175 πάντα,
3291 2109 3327 2164 ἃ
3375 2106 3526 2164 εἶπον
3567 2113 3717 2181 ὑμῖν,
3745 2130 3763 2163 3

515 2213 580 2253 eo
621 2197 688 2250 ab
728 2194 847 2248 aliis
885 2189 1318 2262 processionibus
1353 2187 1676 2250 secernitur,
1699 2185 1840 2255 quod
1865 2186 2078 2241 consub

2188 2191 2555 2264 παράγγελμά
2591 2195 2738 2248 ἐστιν
2797 2195 2870 2266 μὴ
2908 2197 3204 2270 ἀπιστῆσαι
3237 2199 3314 2271 τῷ
3351 2201 3490 2272 ἁγίῳ
3517 2201 3772 2272 Πνεῦμα-

515 2286 840 2342 stantialiter
859 2283 1001 2338 facta
1036 2282 1126 2336 sit.
1148 2279 1216 2335 Iis
1235 2295 1360 2335 vero
1381 2277 1579 2343 verbis,
1609 2277 1730 2332 cllle
1757 2292 1854 2333 vos
1877 2276 2078 2332 docebit

2183 2301 2258 2348 τι,
2288 2283 2363 2348 ὡς
2413 2285 2669 2356 ἀνωτέρω
2726 2289 2955 2359 εἴρηται,
2981 2291 3185 2345 ἐλθόντι
3211 2292 3346 2363 μετὰ
3380 2292 3476 2365 τὴν
3501 2294 3770 2364 ἀνάληψιν

513 2377 717 2440 omnia,
744 2387 798 2430 et
819 2373 1200 2428 rememorabit
1216 2372 1366 2426 vobis
1385 2371 1586 2429 omnia.
1609 2385 1728 2440 quae
1751 2370 1858 2424 dixi
1878 2369 2078 2435 vobis,3

2181 2374 2279 2428 τοῦ
2303 2375 2540 2448 Χριστοῦ
2565 2379 2659 2430 καὶ
2681 2377 2985 2434 διδάσκοντι
3011 2397 3024 2410 °
3047 2383 3161 2435 Οὐκ
3187 2383 3466 2452 ἀπᾴδουσα
3497 2384 3624 2455 γὰρ,
3658 2404 3768 2456 φη-

515 2469 737 2523 mandat
759 2481 822 2519 ac
850 2473 1052 2528 monet,
1075 2463 1214 2517 sicut
1246 2462 1495 2531 superius
1515 2462 1714 2516 dictum
1738 2476 1766 2512 a
1787 2460 1939 2514 nobis
1964 2458 2084 2524 fuit,

508 2570 572 2614 ut
612 2557 837 2628 Spiritui
864 2567 1051 2610 sancto
1077 2553 1210 2608 ﬁdes
1235 2568 1300 2608 ne
1325 2556 1639 2622 denegetnr,
1676 2553 1767 2622 qui
1793 2551 1939 2606 venit
1963 2559 2086 2622 post

510 2651 712 2708 Chriin
747 2647 1180 2718 Assumptionem
1217 2654 1272 2700 et
1307 2646 1507 2700 docuit.
1539 2645 1702 2711 Quasi
1734 2645 1879 2698 dicat
1919 2663 1934 2699 :
1965 2643 2075 2699 Nec

509 2744 652 2798 enim
691 2741 806 2811 ejus
839 2748 990 2794 mens
1013 2747 1173 2807 atque
1203 2737 1445 2791 doctrina
1475 2751 1504 2789 ο
1536 2745 1715 2790 mente
1745 2751 1808 2790 ac
1838 2736 2082 2791 doctrina

508 2851 627 2890 mea
647 2835 932 2902 discrepat,
957 2846 1076 2887 cum
1099 2829 1226 2884 mihi
1247 2830 1408 2883 etiam
1433 2828 1635 2884 deitate
1656 2827 1973 2899 coniunctus
1990 2828 2080 2894 sit,

509 2927 619 2981 imo
647 2941 809 2979 unum
855 2933 911 2978 et
951 2923 1093 2977 idem
1122 2939 1136 2974 :
1164 2922 1473 2975 communia
1506 2935 1636 2975 vero
1667 2921 1949 2977 Trinitatis
1975 2923 2084 2976 sint

510 3021 853 3080 documenta,
877 3024 932 3070 et
959 3030 1021 3068 ea
1051 3029 1173 3083 quae
1197 3014 1262 3066 ad
1289 3013 1517 3068 salutem
1545 3013 1876 3077 conducunt,
1901 3013 2039 3069 dona
2064 3031 2078 3068 :

2188 2471 2292 2535 σίν,
2315 2471 2412 2541 τῆς
2437 2470 2577 2541 ὲμῆς
2605 2469 2830 2542 γνώμης
2860 2473 2952 2526 καὶ
2978 2473 3320 2538 διδασκαλίας
3352 2474 3503 2530 ἔσται
3522 2477 3554 2545 ὴ
3576 2477 3762 2530 αὑτοῦ·

2187 2559 2372 2631 ἐπειδὴ
2423 2559 2518 2613 καὶ
2569 2562 2636 2630 τῇ
2707 2558 2919 2631 θεότητι
2988 2563 3281 2633 ήνωμένως
3343 2564 3435 2616 καὶ
3492 2564 3767 2634 ἐχομένως

2183 2649 2328 2720 ἔχει·
2365 2649 2517 2703 κοινὰ
2540 2649 2596 2702 δὲ
2621 2649 2719 2720 τῆς
2756 2649 2915 2718 ἁγίας
2949 2651 3174 2723 Τριάδος
3209 2652 3275 2706 τὰ
3312 2651 3636 2720 διδάγματα,
3667 2652 3766 2704 καὶ

2184 2743 2252 2794 τὰ
2282 2741 2418 2813 πρὸς
2479 2742 2751 2812 σωτηρίαν
2792 2743 3118 2814 δωρήματα·
3175 2743 3268 2795 καὶ
3298 2736 3342 2810 ᾧ
3396 2739 3547 2795 εἷπον
3575 2744 3766 2815 τρόπῳ

2182 2827 2263 2893 τὸ,
2304 2846 2320 2879 ι
2345 2829 2402 2882 Ὀ
2441 2829 2631 2902 Πατὴρ
2675 2831 2893 2902 ἐντολήν
2941 2847 3028 2900 μοι
3061 2830 3310 2894 δέδωκεν,
3369 2829 3422 2881 τί
3471 2829 3628 2894 εἴπω,
3666 2829 3762 2881 καὶ

2181 2921 2234 2974 τί
2267 2919 2504 2993 λαλήσω,
2538 2908 2574 2976 ι’
2612 2920 2759 2976 ἔστιν
2815 2921 2870 2974 δὲ
2901 2921 2980 2974 ὅτι
3028 2920 3343 2990 συμφωνίας
3400 2919 3527 2990 [215
3553 2918 3632 2991 al;
3676 2920 3757 2990 τῷ

2181 3012 2330 3084 αὑτῷ
2368 3015 2509 3084 φημὶ
2532 3015 2624 3068 καὶ
2647 3014 2771 3085 περὶ
2816 3013 2908 3067 τοῦ
2939 3012 3093 3083 ἁγίου
3127 3014 3461 3083 Πνεύματος,
3507 3014 3589 3065 ὅτι
3618 3031 3636 3062 ι
3661 3013 3760 3065 Ἐκ

499 3119 563 3165 ἐι
600 3124 707 3180 quo
754 3123 914 3163 sensu
962 3106 1070 3161 dixi
1120 3105 1248 3160 illud
1287 3123 1302 3158 :
1337 3124 1354 3157 ι
1403 3103 1564 3158 Pater
1606 3107 1915 3160 mandatum
1956 3106 2078 3163 mihi

2188 3101 2280 3154 τοῦ
2309 3102 2442 3173 ἐμοῦ
2472 3103 2722 3173 λήψεται,
2773 3103 2865 3157 καὶ
2919 3102 3208 3172 ἀναγγελεῖ
3232 3103 3380 3172 ὑμῖν.
3411 3122 3429 3155 3
3468 3102 3558 3173 Τῴ
3589 3102 3646 3155 δὲ
3677 3104 3761 3156 εἰ-

508 3201 675 3266 dedit,
709 3199 835 3268 quid
865 3198 1060 3264 dicam,
1103 3205 1157 3251 et
1189 3195 1316 3265 quid
1345 3195 1553 3264 loquar,
1582 3215 1601 3248 3
1642 3197 1783 3265 quod
1809 3196 1921 3268 (75)
1948 3212 2079 3252 con-

503 3290 748 3345 cordiam
812 3289 1094 3345 Trinitatis
1161 3289 1423 3356 denotat;
1487 3289 1673 3344 eodem
1734 3303 1896 3344 sensu
1960 3289 2080 3345 dico

434 3422 442 3429 .
507 3383 671 3436 etiam
727 3381 794 3435 de
850 3380 1056 3452 Spiritu
1111 3388 1342 3434 sancto:
1380 3379 1503 3434 «De
1553 3393 1673 3433 meo
1725 3378 1975 3448 accipiet,
2025 3387 2079 3433 et

506 3471 852 3527 annuntiabit
906 3471 1081 3526 vobis.
1110 3489 1129 3523 3
1186 3469 1320 3524 Cum
1380 3484 1509 3524 vero
1550 3469 1626 3522 ait
1659 3487 1672 3523 :
1711 3487 1728 3520 ι
1765 3469 1822 3524 Si
1857 3469 2077 3538 diligitis

505 3581 615 3631 me,
651 3563 906 3619 mandata
939 3577 1055 3618 mea
1082 3569 1316 3627 servate,
1355 3570 1408 3617 et
1445 3577 1544 3632 ego
1587 3562 1787 3632 rogabo
1833 3561 2074 3628 Patrem,

503 3669 558 3714 et
601 3657 766 3711 alium
816 3654 1152 3709 Paracletum
1188 3654 1336 3709 dabit
1367 3654 1539 3717 vobis,
1571 3673 1591 3705 3
1648 3653 1938 3721 significat,
1993 3667 2078 3708 se-

502 3749 788 3819 metipsum
834 3761 1074 3818 quoque,
1121 3760 1224 3800 non
1278 3758 1407 3799 vero
1458 3744 1632 3799 solum
1666 3744 1951 3814 Spiritum,
1986 3758 2078 3799 vo-

500 3841 612 3896 cari
659 3840 1032 3904 Paracletum;
1089 3852 1174 3903 ac,
1227 3835 1283 3891 Si
1319 3851 1423 3892 non
1455 3835 1820 3900 servaveritis,
1877 3835 2071 3904 inquit,

501 3932 753 3985 mandata
779 3945 919 3994 mea,
950 3930 1148 4000 indigni
1179 3928 1312 3983 estis
1335 3928 1566 3981 adventu
1605 3925 1844 3996 Spiritus
1870 3927 2068 3994 sancti,

501 4024 592 4093 qui
625 4022 874 4076 adventui
929 4035 1048 4076 meo
1107 4035 1214 4074 non
1263 4028 1349 4072 est
1395 4018 1697 4072 dissimilis.
1751 4017 1846 4071 llla
1888 4027 2068 4072 autem

499 4110 663 4163 verba
700 4126 713 4163 :
757 4127 775 4159 ι
809 4107 1046 4178 Spiritus
1091 4107 1361 4170 veritatis,
1390 4120 1550 4175 quem
1583 4107 1812 4161 mundus
1839 4121 1943 4160 non
1970 4121 2068 4176 po-

502 4206 612 4252 test
660 4199 922 4267 accipere,
971 4199 1096 4266 quia
1143 4210 1251 4250 non
1282 4195 1427 4249 videt
1459 4195 1626 4258 illum,
1662 4211 1762 4251 nec
1791 4198 2072 4267 cognoscit

501 4289 673 4356 illum,
718 4304 814 4344 Vos
849 4303 981 4344 vero
1006 4288 1495 4358 cognoscitis-eum,
1524 4306 1542 4339 3
1571 4289 1881 4354 ostendunt,
1913 4304 2067 4343 mun-

499 4380 668 4434 danos
701 4379 858 4452 441
892 4380 1128 4449 quidem,
1166 4378 1218 4432 id
1254 4388 1336 4433 est
1388 4377 1696 4446 haereticos,
1744 4394 1847 4434 non
1911 4394 2066 4449 posse

2185 3197 2325 3259 πεῖν,
2358 3215 2374 3247 ι
2400 3195 2522 3250 Ἐάν
2555 3197 2804 3264 ἀγαπᾶτέ
2858 3214 2945 3267 με,
2974 3196 3069 3260 τὰς
3095 3195 3311 3260 ἐντολάς
3336 3213 3436 3267 μου
3462 3196 3758 3266 τηρήσατε,

2182 3286 2340 3354 κάγὼ
2370 3287 2632 3358 ἐρωτήσω
2661 3287 2752 3340 τὸν
2799 3287 3038 3359 Πατέρα,
3069 3285 3162 3340 καὶ
3219 3286 3376 3340 ἄλλον
3401 3285 3760 3357 Παράκλητον

2179 3375 2339 3431 δώσει
2377 3379 2524 3448 ὑμῖν,
2557 3398 2574 3429 3
2617 3378 2885 3450 ἐδήλωσεν
2915 3378 3196 3449 μονονουχὶ
3228 3379 3321 3432 7ιαῖ⁹
3342 3378 3533 3431 ἑαυτὸν
3566 3378 3758 3447 Παρά-

2180 3468 2374 3539 κλητον
2405 3468 2782 3540 ὀνομάζεσθαι,
2817 3470 2911 3523 καὶ
2939 3470 3035 3536 ὡς,
3066 3471 3129 3523 Εἰ
3158 3469 3233 3540 μὴ
3254 3469 3545 3541 φυλάξητε,
3570 3470 3756 3540 φησὶν,

2179 3557 2275 3622 τὰς
2301 3559 2438 3630 ὲμάς
2466 3559 2704 3623 ἐντολὰς,
2770 3558 2976 3622 ἀνάξιοι
3006 3559 3104 3628 τῆς
3134 3557 3226 3610 τοῦ
3259 3557 3414 3626 άγὶου
3441 3557 3758 3628 Πνεύματος

2177 3653 2568 3723 ὲπιφοιτήσεως
2619 3651 2934 3720 τυγχάνετε,
2968 3651 3090 3720 ἥτις
3119 3650 3219 3704 οὑκ
3268 3651 3462 3723 ἀπᾴδει
3493 3652 3592 3722 τῆς
3614 3653 3758 3722 ἐμῆς

2177 3743 2514 3813 ἐπιφανείας.
2535 3743 2608 3795 Τὸ
2627 3742 2682 3796 δὲ
2702 3742 2952 3812 γράφειν,
2978 3760 2995 3793 ι
3022 3741 3093 3794 Τὸ
3111 3741 3334 3812 Πνεῦμα
3357 3744 3454 3815 τῆς
3474 3742 3756 3814 ἀληθείας,

2175 3833 2202 3886 ὂ
2250 3836 2278 3888 ὁ
2307 3833 2511 3905 κόσμος
2548 3835 2610 3887 οὑ
2649 3833 2869 3888 δύναται
2906 3832 3112 3900 λαϐεῖν,
3165 3834 3247 3887 ὅτι
3269 3834 3328 3887 οὑ
3355 3833 3551 3906 θεωρεῖ
3597 3835 3754 3900 αὑτὸ,

2173 3924 2294 3978 οὑδὲ
2325 3923 2579 3992 γινώσκει
2605 3923 2734 3976 αὑτό
2758 3936 2772 3951 ⁸
2798 3923 2960 3993 ,ὑμεῖς
2982 3923 3040 3976 δὲ
3074 3922 3369 3992 γινώσκετε
3390 3923 3541 3987 αὑτὸ,
3567 3942 3585 3975 3
3621 3923 3757 3977 ἐδει-

2174 4013 2282 4080 ξεν,
2307 4016 2390 4068 ὅτι.
2420 4016 2467 4067 οἱ
2501 4013 2598 4084 μὲν
2629 4014 2902 4084 κοσμικοὶ,
2943 4013 3087 4066 τοῦτ’
3110 4015 3254 4068 ἔστιν
3275 4017 3560 4088 αίρετικοὶ,
3582 4016 3642 4068 οὑ
3657 4013 3755 4068 δύο

2172 4125 2356 4161 νανται
2398 4105 2580 4160 λαϐεῖν
2621 4107 2770 4171 αὑτὸ,
2806 4107 2969 4160 ὄτιοὺ
3025 4106 3318 4177 θεωροῦσιν
3359 4109 3491 4162 αὐτὸ
3519 4111 3630 4170 τοῖς
3652 4106 3755 4176 τῆς

2172 4200 2406 4263 πίστεως
2430 4197 2746 4269 ὀφθαλμοῖς,
2783 4197 2902 4252 οὑδὲ
2927 4197 3281 4266 γινώσκουσιν
3308 4200 3460 4264 αὐτὸ,
3503 4202 3577 4275 μὴ
3600 4203 3754 4270 δοξά-

2170 4290 2352 4356 ζοντες
2382 4292 2456 4355 ὡς
2487 4291 2645 4344 Θεόν·
2691 4291 2740 4344 oi
2769 4290 2826 4344 δὲ
2875 4291 3257 4361 ὁμολογοῦντες
3287 4293 3418 4348 αὐτὸ
3434 4289 3572 4350 εἶναι
3597 4298 3748 4366 Θεὸν,

2170 4386 2382 4456 ἔχουσιν
2404 4384 2534 4438 αὑτὸ
2563 4385 2722 4454 μένον
2757 4386 2882 4454 παρ’
2908 4384 3111 4448 αὑτοῖς.

499 4475 646 4529 illum
704 4477 969 4544 accipere,
1009 4473 1135 4542 quia
1185 4474 1357 4544 ipsum
1401 4489 1504 4527 non
1561 4473 1743 4528 vident
1790 4473 1960 4528 oculis
2007 4475 2152 4545 ﬁdei,
2205 4495 2378 4549 neque
2462 4489 2789 4550 cognoscunt
2862 4479 3030 4544 illum,
3115 4493 3236 4533 cum
3288 4495 3391 4535 non
3455 4481 3752 4554 gloriﬁcent

499 4578 557 4622 ut
591 4565 917 4635 Deum:th
965 4579 1091 4619 vero
1143 4565 1316 4634 ipsum
1366 4564 1692 4618 confitentur
1749 4577 1868 4619 esse
1918 4564 2110 4632 Deum,
2139 4569 2257 4624 illos

2331 4570 2531 4624 habere
2579 4571 2750 4639 ipsum
2833 4579 3134 4624 nzanentcm
3197 4571 3336 4638 apud
3409 4573 3744 4642 semetipsos.

570 4659 722 4726 Quod
772 4671 898 4710 vero
941 4659 1034 4719 ait,
1076 4657 1470 4722 «Dabitvobis,
1515 4677 1534 4710 3
1579 4667 1651 4722 et,
1707 4656 1906 4724 «Apud
1965 4672 2064 4712 vos

2240 4660 2312 4713 Τὸ
2333 4661 2388 4714 δὲ
2418 4661 2581 4729 ἔχειν,
2613 4679 2631 4711 ι
2657 4660 2824 4714 Δώσει
2847 4663 2995 4730 ὑμῖν,
3023 4681 3040 4712 3
3075 4662 3190 4726 καὶ,
3224 4682 3242 4714 ι
3264 4664 3400 4734 Παρ’
3424 4666 3547 4732 ὑμῖν
3571 4663 3740 4733 μένει.

499 4757 701 4808 manet.
730 4746 861 4800 etin
891 4745 1042 4800 vobis
1089 4749 1214 4808 erit,
1261 4767 1278 4798 3
1317 4748 1589 4817 signiﬁcat
1627 4748 1885 4816 Spiritum
1939 4761 2066 4801 san-

494 4849 641 4892 etum
673 4847 726 4889 et
758 4837 807 4888 in
840 4834 992 4889 caelis
1043 4844 1098 4890 et
1137 4837 1187 4888 in
1222 4847 1387 4900 terra,
1421 4844 1602 4904 utpote
1634 4837 1827 4900 Deum,
1867 4838 2066 4905 ubique

495 4939 814 4999 praesentem
851 4940 1003 4993 esse;
1047 4941 1171 4980 nam
1201 4927 1244 4980 si
1286 4935 1340 4980 et
1372 4929 1511 4995 apud
1549 4942 1646 4981 nos
1690 4937 1897 4990 emanet,
1929 4939 1981 4981 ct
2011 4929 2077 4981 in'

493 5018 649 5076 nobis
697 5016 822 5082 erit,
875 5027 926 5071 et
976 5016 1155 5070 omnia
1183 5015 1568 5087 itnplet,juxta
1613 5016 2060 5086 Snpientiamin-

493 5109 790 5178 quientetn,
845 5106 1118 5178 «Spiritus
1177 5108 1288 5179 (76)
1350 5109 1557 5164 Domini
1608 5111 1834 5178 replevit
1872 5114 2059 5164 orbem

496 5209 760 5254 terrarum
788 5217 803 5265 ;
835 5218 853 5252 3
889 5201 1159 5269 quomodo
1190 5200 1342 5254 nobis
1370 5201 1564 5256 missus
1595 5202 1707 5272 (75)
1740 5202 1858 5256 est?
1903 5202 2055 5267 Quod

490 5305 669 5350 autem
719 5293 824 5347 etsi
879 5292 994 5347 haec
1050 5291 1221 5346 Filius
1271 5295 1497 5360 diceret,
1557 5311 1680 5350 cum
1729 5296 1847 5362 ipso
1877 5304 2055 5348 tamen

583 5409 670 5476 69)
701 5407 927 5476 Mittam.
958 5407 1114 5464 Joan.
1147 5425 1235 5476 xv,
1276 5409 1367 5465 26.

581 5475 671 5543 70)
700 5475 878 5532 Pater.
912 5477 1065 5533 Joan.
1102 5495 1196 5543 xu,
1222 5475 1318 5535 ’49.

585 5546 672 5615 7i)
697 5551 734 5601 A
764 5550 1058 5612 semetipso.
1088 5546 1240 5604 Juan.
1271 5566 1378 5615 xvi,
1412 5554 1496 5607 13.

584 5617 670 5688 72)
703 5617 916 5695 Missus.
1047 5621 1422 5695 liac__tni§sione
1447 5624 1865 5695 fusiuslnqnitnr
1888 5621 2056 5678 Theo-

492 5687 856 5756 logus'noster
887 5688 938 5741 in
965 5687 1099 5745 libro
1133 5689 1205 5745 De
1233 5689 1322 5759 Sp.
1351 5705 1554 5762 sancto,
1583 5687 1730 5750 nutri.
1754 5697 1824 5749 25
1845 5706 1895 5750 ct
1926 5699 2016 5748 ‘26.

2172 4755 2265 4806 καὶ
2298 4754 2354 4804 ἐν
2405 4753 2532 4823 ὑμῖν
2566 4752 2740 4816 ἔσται,
2767 4771 2783 4804 3
2838 4755 3130 4823 ἐσήμανεν,
3165 4755 3240 4818 ὡς
3285 4757 3379 4808 καὶ
3398 4757 3506 4810 ἀνω
3528 4756 3623 4808 καὶ
3647 4756 3747 4809 κά-

2170 4860 2266 4906 τω,
2297 4843 2387 4896 ἅτε
2416 4843 2478 4914 δὴ
2510 4844 2660 4907 Θεὸς,
2717 4844 2992 4914 πανταχοῦ
3043 4847 3214 4916 παρὸν
3236 4847 3296 4899 τὸ
3331 4849 3485 4916 ἅγιον
3515 4846 3741 4917 Πνεῦμά

2168 4935 2314 4986 ἐστιν
2336 4950 2348 4964 ·
2378 4935 2425 4985 εί
2449 4933 2557 5004 γὰρ
2582 4935 2676 4987 καὶ
2702 4935 2830 5006 παρ’
2857 4938 2986 5006 ἡμῖν
3021 4937 3168 5006 μένει
3200 4939 3292 4991 καὶ
3318 4941 3374 4990 ὲν
3415 4942 3549 5009 ἡμῖν
3577 4939 3744 5002 ἔσται,

2167 5022 2260 5074 καὶ
2283 5022 2458 5075 πάντα
2478 5023 2693 5092 πληροῖ,
2723 5025 2862 5078 κατὰ
2884 5028 2980 5096 τὴν
3007 5027 3196 5095 σοφίαν
3217 5027 3477 5095 λέγουσαν
3497 5047 3514 5060 ’
3544 5047 3561 5080 ι
3583 5028 3751 5083 Πνεῦ-

2174 5129 2249 5181 μα
2276 5113 2482 5184 Κυρίου
2512 5115 2872 5186 πεπλήρωκεν
2896 5119 2992 5188 τὴν
3030 5121 3354 5190 οἰκουμένην
3379 5137 3391 5151 °
3415 5141 3432 5174 3
3476 5122 3592 5185 πῶς
3616 5124 3748 5193 ἡμῖν

2167 5204 2484 5275 ἀπεστάλη;
2518 5206 2638 5258 Ὅτι
2670 5206 2725 5259 δὲ
2769 5209 2862 5260 καὶ
2894 5207 3142 5274 λέγοντος
3178 5210 3339 5264 αὑτοῦ
3373 5212 3571 5278 ταῦτα,
3630 5215 3746 5284 μετ’

2163 5294 2328 5346 αὑτοῦ
2355 5290 2421 5364 ἦν
2450 5295 2524 5358 ὡς
2564 5297 2868 5365 ὁμοοὺσιον,
2927 5299 3086 5352 πάλιν
3115 5302 3276 5365 αὐτὸς
3296 5301 3534 5370 ἔπεισεν,
3573 5306 3746 5374 ἐμφυ-

2237 5413 2348 5493 (Ἱιῖἇ)
2397 5413 2617 5493 Quod...
2660 5417 2896 5493 denotat.
2946 5415 3170 5493 (ἶριιωί,Δ
3197 5417 3345 5493 εστιν
3394 5419 3450 5473 δὲ
3481 5421 3563 5473 ὅτι
3599 5437 3740 5493 συμ-

2162 5484 2382 5560 φωνίας.
2398 5485 2702 5560 pigendum
2719 5486 2963 5560 fortasse,
2981 5487 3126 5540 ἔστιν
3148 5487 3388 5559 δηλονότι
3406 5484 3742 5560 συμφωνίάς.

2235 5556 2349 5623 (74)
2388 5555 2636 5620 Spiritus.
2671 5557 2796 5623 Sttp.
2842 5572 2880 5619 1,
2909 5557 2960 5610 7.

2235 5626 2345 5695 (75)
2379 5625 2952 5703 ,υἱιδιιε.ηῇ1ἰεξίοιιειιι
3004 5626 3226 5682 localem
3253 5629 3550 5703 excludit:
3603 5632 3741 5703 quod

2163 5705 2385 5764 prmslat
2415 5697 2576 5753 etiam
2607 5695 2699 5752 lib.
2732 5695 2807 5752 De
2835 5695 2929 5761 Sp.
2966 5707 3168 5768 sancto,
3201 5714 3346 5755 num.
3370 5700 3458 5756 25.
