4108 6408
348 482 454 542 977

1409 489 1498 545 DE
1541 484 1909 544 TRINITATE
1948 489 2153 545 LIBER
2195 488 2515 545 TERTIUS.

3494 483 3601 542 973

347 600 519 671 σήσας
543 599 623 666 είς
668 599 740 654 τὰ
789 598 1056 671 πρόσωπα
1081 600 1192 655 τῶν
1237 601 1549 660 ἀποστόλων
1595 606 1688 659 καὶ
1725 606 1921 660 εἰπών·

2033 617 2181 664 esset
2207 607 2444 677 Spiritus
2474 613 2696 662 sanctus
2727 615 2911 678 utpote
2940 606 3440 674 consubstantialis,
3472 621 3600 662 rur-

351 703 370 735 σ
394 684 601 738 Λάϐετε
629 682 854 754 Πνεῦμα
877 683 1056 752 ἅγιον,
1087 705 1104 737 ι
1121 686 1197 750 ὡς
1219 687 1557 760 προείρηται.
1577 691 1651 743 Τὸ
1670 691 1749 758 δὲ,
1773 710 1792 743 ι
1815 692 1928 747 Οὐκ

347 777 544 847 ἀφήσω
575 777 720 848 ὑμᾶς
749 778 1049 850 ὀρφανούς·
1084 779 1314 850 ἔρχομαι
1340 781 1474 853 πρὸς
1504 783 1668 852 ὑμᾶς,
1700 803 1717 833 ι
1757 782 1928 845 ἐδίδαέ

347 867 457 933 ξεν,
487 868 562 932 ὡς
599 868 658 922 ὃν
697 869 897 939 τρόπον
927 869 986 924 τὸ
1013 871 1236 941 Πνεῦμα
1273 869 1365 924 τοῦ
1395 871 1530 924 Θεοῦ
1583 868 1650 942 ἦν
1701 873 1794 926 καὶ
1821 872 1926 944 πρὸ

343 961 443 1030 τῆς
467 961 712 1032 γνωστῆς
747 961 911 1015 αὑτοῦ
937 961 1064 1034 [215
1085 962 1138 1034 b]
1198 963 1491 1034 ἐπιδημίας
1533 966 1590 1016 ἐν
1621 965 1803 1028 πᾶσιν,
1832 963 1926 1017 οὕ-

344 1069 422 1104 τω
476 1052 570 1105 καὶ
619 1053 758 1122 μετὰ
805 1053 906 1124 τὴν
950 1053 1213 1123 ἀνάληψιν
1250 1056 1278 1107 6
1304 1053 1452 1120 Υἱὸς,
1482 1055 1540 1109 ἐν
1565 1055 1926 1128 ἀπεριγράφῳ

351 1145 450 1215 μιᾷ
477 1143 691 1214 θεότητι
719 1145 814 1198 καὶ
850 1144 1066 1217 θελήσει
1087 1144 1196 1198 τῶν
1230 1147 1580 1201 ὑποστάσεων
1611 1147 1804 1214 οὐσῶν,
1827 1149 1926 1202 οὐκ

345 1236 505 1298 αὐτὸς
530 1236 605 1288 ὢν
630 1236 796 1306 ἄμφω
845 1237 938 1290 καὶ
993 1235 1217 1308 Πνεῦμα
1248 1237 1339 1290 τοῦ
1369 1237 1503 1292 Θεοῦ
1556 1237 1654 1309 (ὡς
1705 1239 1925 1312 ἐνόησεν

346 1326 636 1392 Μοντανὸς,
688 1327 782 1382 καὶ
807 1327 979 1399 τούτῳ
1011 1327 1242 1399 μάλιστα
1290 1329 1626 1398 ἐπερείδεται
1655 1329 1736 1402 τῷ
1769 1330 1924 1403 μέρει

343 1415 446 1484 τῆς
472 1416 717 1489 Γραφῆς,
744 1416 818 1488 μὴ
843 1415 1076 1484 βλέπων,
1105 1419 1227 1489 μηδ’
1249 1418 1480 1485 ἁκούων,
1517 1420 1594 1484 ὡς
1615 1421 1771 1485 ἄλλος
1795 1419 1924 1492 περὶ

343 1506 506 1560 ἄλλου
542 1515 637 1566 καὶ
683 1508 844 1564 ἄλλου
899 1508 1190 1580 προσώπου
1234 1509 1414 1579 λέγει·
1455 1528 1474 1562 ι
1501 1512 1791 1584 Ἐρωτήσω
1829 1513 1922 1566 τὸν

346 1597 585 1668 Πατέρα,
617 1599 711 1651 καὶ
743 1599 947 1671 πέμψει
984 1601 1141 1656 ἄλλον
1191 1603 1545 1675 Παράκλητον
1564 1604 1610 1675 ι)
1636 1622 1650 1635 ·
1706 1604 1822 1658 ἀλλ’
1848 1605 1923 1670 ῶς

346 1689 444 1742 σὺν
474 1688 552 1759 τῷ
589 1690 863 1761 Πνεῦματι
931 1692 1121 1765 παρὼν
1175 1695 1559 1760 ίδιοσύστατος,
1612 1695 1755 1750 καθά
1775 1697 1922 1750 ἐστιν

345 1779 434 1832 ἀεὶ
462 1782 736 1852 πανταχοῦ
769 1784 862 1836 καὶ
889 1785 918 1837 6
975 1786 1185 1857 Πατήρ.
1216 1788 1290 1840 Οὐ
1342 1787 1524 1858 μέντοι
1579 1790 1644 1842 ἐκ
1670 1787 1920 1859 δευτέρου

345 1871 447 1943 ήδη
511 1871 700 1938 ἐλθὼν,
833 1875 1090 1940 πολλάκις
1146 1878 1240 1931 καὶ
1287 1878 1386 1950 τὴν
1443 1878 1710 1950 ἐσομένην
1758 1881 1816 1934 ἐν
1852 1882 1918 1952 τῇ

345 1961 525 2033 κρίσει
573 1961 828 2036 δευτέραν
858 1964 1040 2035 ἄφιξιν
1098 1967 1261 2021 αὑτοῦ
1303 1970 1592 2040 ἐσήμανεν.
1627 1966 1703 2024 Εὖ
1741 1969 1798 2026 δὲ
1827 1972 1922 2025 καὶ⁴

342 2050 405 2105 τὸ
427 2053 628 2122 φάναι·
690 2056 968 2120 «Ἐκεῖνος
1011 2059 1138 2132 περ)⁴
1195 2059 1330 2130 ἐμοῦ
1382 2061 1788 2132 μαρτυρήσει.»
1860 2063 1923 2116 Ἠ

343 2143 591 2215 ἀλήθεια,
651 2147 838 2218 φησὶν,
879 2150 1005 2221 περὶ
1048 2150 1149 2221 τῆς
1179 2150 1454 2222 ἀληθείας,
1513 2153 1606 2206 καὶ
1651 2155 1681 2206 6
1721 2152 1923 2224 Κύριος

343 2237 472 2308 περὶ
497 2236 591 2290 τοῦ
615 2238 842 2312 Κυρίου,
875 2241 934 2294 ὃν
973 2241 1172 2314 τρόπον
1205 2244 1332 2315 περὶ
1364 2243 1458 2298 τοῦ
1487 2245 1702 2316 Πατρδς
1730 2239 1882 2298 εἶπεν
1904 2263 1920 2279 ·

349 2345 369 2380 ι
391 2328 500 2383 Καὶ
554 2334 821 2404 μαρτυρεῖ
852 2332 981 2404 περὶ
1027 2333 1161 2404 ἐμοῦ
1219 2336 1248 2387 6
1281 2335 1502 2406 πέμψας
1561 2353 1626 2407 με
1657 2337 1864 2408 Πατήρ.
1896 2353 1917 2388 ι

343 2419 532 2475 Ταῦτα
556 2423 754 2489 πάντα,
790 2423 882 2478 xui.
912 2426 1018 2497 πρὸ
1051 2425 1186 2480 ὅλων
1209 2426 1269 2480 τὸ
1295 2426 1474 2496 λέγειν
1501 2427 1592 2480 τὸν
1622 2428 1920 2498 Δεσπότην,

347 2531 369 2564 ι
391 2513 682 2586 Ἐρωτήσω
721 2515 812 2568 τὸν
855 2517 1095 2589 Πατέρα,
1125 2537 1145 2570 ›
1193 2519 1328 2590 ὅπερ
1358 2519 1719 2588 ἀνεπίληπτόν
1752 2522 1920 2584 ἐστιν,

341 2605 404 2659 οὔ
440 2605 578 2660 κατὰ
611 2608 878 2680 κοσμικὴν
899 2609 1179 2680 συνήθειαν
1203 2610 1436 2665 νοεῖσθαι
1471 2611 1701 2681 ὀφεῖλον,
1731 2613 1920 2666 Maxe-

341 2695 515 2759 δόνιος
563 2698 789 2768 παρεὶς,
845 2698 924 2771 τῷ
988 2719 1006 2751 ι
1037 2701 1251 2772 Πέμψιι
1306 2720 1326 2754 ι
1392 2702 1771 2774 προσέδραμεν
1826 2703 1922 2757 καὶ

343 2790 682 2860 προσεχάρη.
721 2789 922 2861 Ἐχέτω
953 2791 1011 2845 δὲ
1057 2793 1346 2865 ἀπόκρισιν
1373 2793 1510 2865 πρὸς
1543 2793 1642 2856 τὰς
1671 2795 1921 2858 τοιαύτας

340 2878 471 2946 περὶ
515 2877 608 2930 τοῦ
641 2878 794 2947 ἁγίου
825 2879 1140 2952 Πνεῦματος
1167 2882 1371 2952 φωνὰς,
1403 2882 1469 2954 ἠν
1512 2882 1672 2947 αὐτὸς
1702 2881 1916 2952 ἐρωτῶ-

343 2981 505 3036 μενος
556 2965 717 3020 δὼσει
759 2967 924 3022 ἕνεκα
971 2969 1079 3022 τῶν
1131 2972 1260 3041 περὶ
1305 2969 1400 3024 τοῦ
1458 2970 1586 3024 Υἱοῦ
1653 2971 1920 3042 κειμένων

337 3059 514 3128 ἁγίων
542 3059 773 3132 Γραφῶν
795 3077 808 3092 ⁸
857 3062 952 3117 καὶ
999 3063 1156 3118 τοῦτο
1206 3063 1512 3132 γινώσκων,
1555 3064 1636 3119 ὅτι
1687 3063 1920 3135 μάλιστα

341 3152 447 3223 μὲν
500 3153 561 3206 οὐ
614 3155 831 3218 πάντως
880 3156 908 3208 6
962 3155 1156 3224 λέγων,
1210 3155 1534 3228 ἢπέμπων,
1587 3156 1787 3226 μείζων
1822 3153 1916 3209 τοῦ

337 3244 648 3310 ἀκούοντος,
682 3247 714 3317 ἢ
746 3247 1094 3318 πεμπομένου
1129 3246 1491 3318 καθέστηκεν·
1529 3245 1664 3300 ἀλλὰ
1685 3247 1774 3301 τὸν
1805 3247 1918 3300 ῐσον

2035 713 2130 755 sus
2179 699 2291 768 ipse
2340 697 2512 751 Filius
2555 699 2809 762 ostendit,
2853 713 2974 751 eum
3025 697 3305 753 insulllans
3343 699 3395 753 in
3433 698 3600 753 facies

2027 788 2394 858 apostolorum
2416 787 2512 854 ait,
2543 807 2562 838 ‹
2591 788 2830 856 Accipite
2855 788 2967 858 ('76)
2998 790 3258 857 Spiritum
3298 799 3542 846 sanctum
3572 806 3594 842 ι

2029 882 2169 935 sicut
2222 890 2381 935 antea
2434 880 2636 935 dictum
2693 888 2794 934 est.
2846 878 2956 935 Illis
3004 880 3116 949 (77)
3152 889 3328 936 autem
3393 881 3596 947 verbis,

2032 989 2051 1022 ι
2076 970 2192 1026 Νοη
2232 973 2528 1042 relinquam
2558 989 2649 1028 vos
2677 973 2972 1044 orphanus,
2997 971 3155 1025 venio
3189 975 3256 1025 ad
3293 987 3406 1038 vos,
3439 992 3458 1025 ι
3499 973 3600 1026 do-

2026 1060 2156 1124 cuit,
2201 1060 2341 1130 quod
2386 1061 2837 1129 quemadmodum
2872 1059 3107 1128 Spiritus
3133 1056 3248 1121 Dei,
3274 1057 3434 1111 etiam
3475 1069 3598 1112 ante

2027 1151 2368 1205 manifestum
2390 1165 2546 1206 suum
2564 1154 2875 1215 adventum,
2891 1158 3006 1205 erat
3029 1151 3080 1204 in
3110 1148 3394 1218 omnibus;
3419 1149 3496 1202 sic
3518 1149 3600 1202 Fi-

2025 1239 2148 1304 lius,
2175 1241 2337 1295 etiam
2363 1250 2644 1312 postquam
2666 1241 2718 1294 in
2745 1240 2912 1296 caelos
2933 1247 3242 1308 assumptus
3270 1247 3373 1301 est,
3400 1237 3598 1306 ubique

2025 1340 2129 1396 est,
2149 1345 2269 1386 cum
2292 1333 2452 1388 unius
2471 1332 2944 1402 incircumscriptae
2962 1331 3184 1387 Deitatis
3205 1345 3268 1385 ac
3309 1329 3596 1384 voluntatis

2024 1424 2132 1477 sint
2154 1423 2498 1492 hypostases;
2527 1437 2650 1478 -non
2681 1423 2826 1492 quod
2858 1421 2973 1491 ipse
3007 1422 3078 1475 sit
3106 1421 3295 1485 Pater,
3324 1430 3379 1474 et
3403 1419 3594 1486 Filius,

2024 1523 2074 1569 et
2102 1513 2335 1582 Spiritus
2363 1511 2455 1568 Dei
2480 1513 2562 1583 (ut
2583 1521 2922 1567 commentus
2948 1519 3039 1579 est
3053 1509 3358 1573 Montanus,
3382 1509 3471 1580 qui
3498 1509 3600 1564 hoc

2027 1604 2262 1658 maxime
2309 1603 2605 1673 Scriptura:
2634 1603 2752 1659 loco
2783 1602 3053 1666 innititur,
3086 1600 3217 1656 illud
3247 1615 3352 1653 non
3382 1600 3596 1667 videns,

2023 1709 2124 1751 nec
2151 1695 2478 1765 intelligens,
2513 1695 2654 1764 quod
2696 1693 3039 1750 manifestum
3075 1702 3176 1755 est,
3212 1692 3375 1746 alium
3401 1707 3594 1762 nempe

2022 1787 2088 1842 de
2115 1787 2217 1842 alia
2275 1796 2328 1842 et
2361 1787 2465 1842 alia
2507 1801 2736 1855 persona
2782 1787 3000 1842 dicere:
3038 1804 3057 1836 ι
3090 1783 3310 1854 Rogabo
3344 1782 3589 1846 Patrem,

2022 1887 2078 1934 et
2129 1879 2304 1934 mittet
2353 1878 2516 1934 alium
2569 1878 2988 1946 Paracletumo),
3037 1876 3130 1931 sed
3174 1883 3440 1945 quatenus
3467 1888 3591 1930 cum

1955 1951 1996 2006 Β
2025 1970 2227 2040 Spiritu
2253 1977 2441 2025 sancto
2472 1969 2628 2024 simul
2651 1969 2804 2024 adest
2834 1977 2889 2022 et
2923 1967 3038 2038 ipse
3075 1980 3198 2021 cum
3231 1963 3446 2034 propria
3475 1964 3596 2018 sub-

2025 2061 2292 2128 sistentia,
2355 2060 2496 2115 sicut
2548 2073 2759 2129 semper
2820 2058 3017 2127 ubique
3058 2064 3142 2112 est
3188 2056 3355 2110 etiam
3409 2053 3591 2109 Pater.

2025 2151 2138 2208 Nec
2172 2167 2302 2208 vero
2328 2157 2469 2223 quod
2517 2153 2616 2215 ait,
2672 2151 2873 2206 «Venio
2911 2153 2977 2206 ad
3025 2164 3175 2215 vos,»
3227 2149 3430 2204 indicat
3470 2161 3594 2203 eum

2024 2247 2258 2301 secundo
2297 2244 2406 2315 jam
2449 2245 2699 2306 venisse;
2745 2245 2846 2299 etsi
2893 2256 3034 2314 saepe
3083 2242 3187 2298 hac
3235 2241 3442 2296 ratione
3480 2239 3593 2310 (78)

2024 2337 2265 2394 futurum
2317 2338 2479 2392 etiam
2515 2337 2570 2392 in
2601 2337 2688 2392 die
2730 2335 2919 2406 judicii
2969 2335 3263 2390 secundum
3303 2333 3386 2387 sui
3425 2330 3595 2401 ipsius

2023 2430 2314 2484 adventum
2343 2427 2752 2498 significaverit.
2787 2425 2931 2481 Bene
2965 2423 3078 2496 (79)
3111 2431 3288 2479 autem
3333 2437 3391 2477 se
3435 2421 3596 2476 habet

2023 2521 2183 2576 etiam
2233 2521 2375 2592 quod
2409 2519 2546 2576 dixit
2576 2537 2590 2573 :
2623 2538 2641 2570 ι
2674 2517 2768 2573 llle
2800 2519 2866 2573 de
2892 2531 2976 2571 me
3009 2514 3377 2572 testimonium
3407 2511 3592 2584 perhi-

2022 2612 2188 2668 bcbit.
2237 2630 2257 2664 ›
2296 2609 2499 2679 Nempe
2529 2609 2750 2672 veritas,
2780 2608 2977 2676 inquit,
3017 2609 3083 2661 de
3131 2606 3378 2670 veritate,
3407 2611 3461 2658 et
3491 2602 3596 2656 Do-

2023 2704 2202 2758 minus
2236 2702 2301 2756 de
2328 2700 2557 2756 Domino
2587 2697 2955 2754 testimoniqu
2984 2695 3192 2751 reddet.
3231 2694 3405 2750 Simili
3436 2692 3594 2749 modo

2022 2797 2090 2852 de
2111 2795 2269 2850 Patre
2297 2795 2406 2848 ait:
2445 2812 2464 2846 ι
2492 2793 2558 2848 Ει
2587 2791 2952 2848 testimonium
2988 2788 3100 2861 (80)
3132 2788 3380 2859 perhibet
3407 2786 3474 2841 de
3508 2801 3595 2840 me

2022 2887 2113 2956 qui
2164 2886 2312 2941 misit
2344 2899 2429 2939 me
2460 2883 2640 2939 Pater.
2666 2902 2686 2936 ι
2719 2883 2937 2940 Omittit
2970 2883 3084 2937 haec
3129 2881 3310 2936 omnia
3341 2878 3596 2934 Macedo-

2021 2981 2166 3046 nius,
2189 2994 2253 3034 ac
2294 2977 2587 3050 praesertim
2629 2976 2716 3031 illa
2763 2975 2972 3032 Domini
3000 2975 3162 3030 verba
3194 2973 3416 3037 omittit,
3453 2972 3596 3026 «Ro-

2021 3073 2157 3142 gabo
2185 3070 2456 3136 Patrem,»
2494 3084 2614 3139 quae
2634 3079 2687 3124 et
2720 3065 3140 3137 reprehensione
3173 3072 3382 3128 carent,
3422 3077 3596 3134 neque

2015 3163 2170 3234 juxta
2217 3161 2543 3216 mundanam
2586 3157 2838 3229 loquendi
2877 3153 3320 3212 consuetudinem
3370 3151 3595 3222 intelligi

2020 3254 2246 3318 debent;
2268 3252 2354 3308 his
2395 3266 2522 3306 vero
2553 3247 2937 3320 praetermissis
2966 3247 3156 3317 arripit
3187 3259 3399 3311 vocem,
3449 3241 3596 3300 «Mit-

337 3335 437 3388 καὶ
495 3303 753 3408 ὁμότιμον
815 3303 1072 3402 πολλάκις
1134 3303 1444 3411 εὑρίσκεταί
1510 3355 1594 3401 τις
1656 3337 1918 3391 ἀποστέλ-

2022 3349 2120 3406 tet,
2146 3359 2163 3392 ι
2206 3303 2366 3410 atque
2401 3340 2454 3393 in
2504 3303 2575 3394 ea
2606 3339 2842 3393 exsultat
2880 3303 3098 3412 sibique:
3119 3334 3408 3391 blanditur.
3447 3331 3594 3388 illam

335 3427 448 3481 λων
467 3444 478 3456 ·
509 3429 608 3482 οὐκ
633 3429 860 3495 ἀπεικὸς
901 3430 959 3484 δὲ
987 3433 1044 3484 ἐν
1075 3429 1401 3502 ἀνθρώποις,
1428 3428 1519 3482 τὸν
1549 3429 1808 3492 παντοίας
1832 3429 1920 3481 τέ-

337 3536 475 3590 χνης
501 3520 563 3590 δη
573 3521 850 3593 μιουργὸν,
879 3522 971 3575 καὶ
995 3522 1250 3592 ἀμείνονα
1273 3520 1560 3592 τυγχάνειν
1592 3519 1686 3575 τοῦ
1709 3520 1922 3575 δοκοῦνο

335 3611 432 3673 τός
457 3627 510 3663 τι
535 3610 710 3679 λέγειν
736 3611 903 3684 αὐτῷ,
926 3612 958 3684 ἢ
982 3611 1108 3684 [216
1130 3612 1185 3686 a]
1219 3613 1457 3684 πέμπειν
1477 3612 1657 3666 αὐτόν.
1690 3613 1919 3666 Ἔπειτα

337 3702 423 3756 δτι
450 3703 544 3756 καὶ
568 3705 596 3756 6
634 3704 924 3776 μονογενὴς
977 3705 1108 3769 Θεὸς
1144 3705 1317 3774 Λόγος
1355 3704 1609 3776 ἐπέμφθη
1643 3703 1794 3775 παρὰ
1824 3702 1917 3756 τοῦ

339 3795 574 3868 Πατρὸς,
608 3795 641 3867 ἢ
693 3795 786 3850 τοῦ
828 3798 1163 3868 Πνεῦματος,
1221 3798 1296 3861 ὡς
1327 3797 1489 3862 αὐτὸς
1535 3796 1684 3868 παρὰ
1724 3795 1920 3867 Ἡσαΐᾳ

337 3883 527 3954 λέγει·
560 3903 578 3938 ι
600 3884 740 3954 Ἐγώ
771 3888 886 3958 εἰμι
914 3887 1152 3958 πρῶτος,
1183 3886 1276 3941 καὶ
1302 3885 1414 3956 ἐγώ
1452 3888 1566 3956 εἰμι
1596 3887 1677 3948 είς
1713 3884 1804 3938 τὸν
1836 3884 1922 3937 αἰ-

337 3977 489 4032 ῶνα·
521 3979 554 4048 ή
581 3979 698 4048 χείρ
733 3996 832 4048 μου
888 3977 1247 4049 ἐθεμελίωσεν
1302 3978 1400 4050 τὴν
1432 3978 1557 4050 γῆν,
1591 3977 1687 4033 καὶ
1709 3981 1742 4048 ὴ
1773 3977 1923 4044 δεξιά

343 4085 448 4138 μου
504 4070 836 4138 ἐστερέωσεν
867 4069 960 4123 τὸν
991 4071 1242 4142 οὐρανόν.
1273 4089 1292 4123 ι
1332 4071 1440 4124 Καὶ
1462 4070 1580 4142 μεθ’
1611 4071 1773 4142 ἕτερα
1799 4072 1919 4124 ἐπι-

339 4160 535 4232 φέρει·
595 4161 750 4216 «Καὶ
803 4159 897 4215 νῦν
938 4162 1144 4234 Κύριος
1206 4163 1546 4217 ἀπέσταλκέν
1600 4181 1689 4234 με,
1739 4164 1832 4217 καὶ
1861 4161 1922 4216 τὸ

340 4251 566 4322 Πνεῦμα
595 4253 780 4306 αὑτοῦ.
807 4272 825 4304 ι
867 4254 1028 4309 Ὥστε
1084 4257 1146 4308 οὐ
1188 4257 1465 4326 πέμπεται
1498 4254 1640 4308 κατὰ
1657 4255 1757 4326 τὴν
1779 4257 1918 4309 ἀπο-

343 4340 546 4394 στόλων
569 4342 602 4414 i}
661 4346 956 4416 προφητῶν
995 4346 1298 4418 ἀποστολήν
1323 4347 1382 4400 τὸ
1411 4345 1638 4418 Πνεῦμα
1654 4345 1750 4400 τοῦ
1785 4347 1918 4400 Θεοῦ

340 4433 436 4485 καὶ
486 4432 720 4506 Πατρὺς,
756 4436 871 4490 ἀλλ’
891 4437 965 4502 ὡς
986 4439 1212 4511 Πνεῦμα
1244 4437 1408 4493 αὑτοῦ
1428 4456 1440 4469 ’
1479 4440 1575 4492 κα)⁹
1600 4439 1721 4491 οὐδὲ
1755 4455 1919 4510 μετα-

2022 3448 2151 3489 vero
2207 3435 2380 3503 ipsam
2431 3432 2476 3486 is
2511 3432 2710 3488 habent
2762 3429 3197 3500 responsionem,
3258 3425 3420 3498 442
3471 3425 3596 3478 dum

2021 3527 2187 3582 hasce
2228 3539 2392 3580 voces
2422 3523 2487 3578 de
2524 3522 2730 3592 Spiritu
2765 3529 2956 3575 sancto
2994 3520 3167 3574 dictas
3196 3517 3402 3585 objicit,
3434 3528 3595 3581 quam

2021 3619 2389 3688 interrogatus
2411 3614 2562 3670 dabit
2592 3614 2826 3686 ipsemet
2854 3611 3055 3668 similia
3091 3623 3262 3665 sacrae
3296 3606 3596 3674 Scriptum

2022 3711 2139 3766 loca
2190 3712 2255 3766 de
2309 3708 2446 3763 Filio
2494 3707 2634 3762 dicta
2687 3703 3086 3774 objicientibus.
3137 3703 3215 3756 Ac
3261 3698 3390 3753 illud
3430 3696 3594 3750 etiam

2021 3802 2188 3870 norit,
2235 3815 2376 3871 saepe
2427 3799 2667 3870 quidem,
2721 3798 2816 3852 sed
2862 3809 2970 3849 non
3026 3807 3260 3861 semper,
3295 3802 3466 3859 neque
3494 3801 3594 3843 ne-

2022 3893 2260 3951 cessario
2302 3907 2450 3959 eum,
2498 3891 2588 3961 qui
2639 3889 2770 3946 dicit
2812 3887 2969 3959 quasi
3016 3885 3314 3957 prmeipiat,
3373 3889 3464 3936 aut
3503 3881 3596 3951 qui

2023 3985 2207 4048 mittit,
2269 3982 2534 4052 majorem
2585 3994 2706 4038 esse
2734 3979 2825 4036 illo
2875 3978 2968 4049 qui
3017 3976 3187 4042 audit,
3222 3985 3314 4030 aut
3339 3974 3593 4038 mittitur;

2022 4075 2117 4130 sed
2173 4087 2317 4144 saepe
2357 4072 2696 4141 contingere,
2748 4077 2809 4124 ut
2837 4067 2957 4139 quis
2991 4081 3114 4122 eum
3144 4064 3342 4130 mittat,
3375 4063 3466 4132 qui
3493 4061 3598 4116 sibi

2022 4165 2248 4237 aequalis
2286 4172 2341 4221 et
2390 4163 2585 4234 mquali
2620 4163 2824 4218 honore
2879 4159 3074 4231 dignus
3113 4158 3220 4223 sit;
3255 4169 3428 4224 neque
3465 4165 3599 4208 vero

2025 4257 2322 4311 absurdum
2371 4269 2515 4321 esse,
2564 4262 2625 4310 ut
2671 4254 2814 4309 inter
2854 4251 3104 4307 homines
3142 4248 3232 4305 ille
3277 4249 3370 4318 qui
3401 4247 3473 4302 sit
3502 4259 3596 4299 cu-

2015 4344 2237 4415 juslibet
2276 4346 2413 4402 artis
2440 4345 2644 4416 opifex,
2684 4344 2756 4400 sit
2787 4344 2950 4400 etiam
2987 4342 3162 4414 major
3201 4341 3312 4405 illo,
3356 4338 3446 4410 qui
3484 4337 3587 4407 ipsi

2021 4438 2222 4508 aliquid
2250 4437 2428 4493 dicere
2458 4451 2523 4492 ac
2559 4437 2854 4511 praecipere
2892 4436 3165 4500 videatur,
3199 4442 3291 4489 aut
3320 4449 3442 4489 eum
3469 4436 3597 4489 mit-

339 4521 599 4594 σατικῶς,
635 4529 819 4601 ἐπειδὴ
860 4531 980 4584 οὐδὲ
1029 4533 1058 4585 6
1086 4531 1294 4603 Πατήρ,
1328 4526 1388 4586 οῦ
1435 4530 1534 4604 τῆς
1569 4530 1918 4596 ὑποστάσεως

2022 4539 2156 4586 tere.
2208 4527 2414 4585 Deinde
2453 4528 2620 4594 norit,
2667 4528 2831 4584 etiam
2886 4527 3226 4598 unigenitum
3268 4526 3431 4582 Deum
3469 4525 3598 4580 Ver-

338 4615 567 4690 Ηνεῦμά
597 4621 764 4685 ἐστιν,
795 4621 992 4693 πέρασι
1017 4623 1475 4696 περιγέγραπται.

2021 4621 2148 4677 bum
2181 4621 2408 4677 missum
2431 4635 2601 4678 essea
2631 4619 2814 4689 Patre,
2855 4631 2948 4675 aut
2981 4635 3014 4676 a
3047 4619 3289 4692 Spiritu;
3327 4634 3450 4673 nam
3483 4619 3598 4688 ipse

339 4711 482 4780 apud
526 4709 717 4768 Isaiam
789 4713 939 4784 prius
987 4714 1204 4784 quidem
1254 4713 1429 4768 dicit:
1464 4731 1482 4764 ι
1549 4712 1660 4783 Ego
1698 4726 1816 4767 sum
1867 4711 1979 4782 (8i)
2017 4711 2248 4783 primus,
2291 4720 2346 4767 et
2369 4726 2470 4784 ego
2511 4726 2631 4767 sum
2671 4713 2725 4768 in
2761 4711 3016 4768 saeculum
3048 4731 3061 4765 :
3097 4726 3289 4767 manus
3320 4725 3437 4766 mea
3470 4710 3592 4766 fun-

339 4805 486 4860 davit
521 4814 740 4873 terram,
789 4814 842 4861 et
885 4806 1104 4861 dextera
1155 4820 1271 4860 mea
1318 4804 1552 4859 ﬁrmavit
1609 4803 1848 4861 coelum:
1884 4823 1903 4856 ι
1949 4813 2062 4858 tum
2108 4819 2239 4859 vero
2312 4812 2434 4874 post
2513 4804 2618 4859 alia
2659 4805 2884 4861 subdit:
2926 4823 2944 4856 ι
2975 4804 3042 4860 Ει
3089 4819 3233 4860 nunc
3264 4804 3374 4878 (82)
3417 4803 3597 4858 Domi.

342 4911 442 4952 nus
474 4897 622 4954 misit
645 4914 729 4954 me
760 4908 816 4955 et
843 4900 1079 4971 Spiritus
1109 4901 1246 4968 ejus.
1279 4919 1297 4952 ι
1327 4899 1443 4954 Non
1473 4897 1706 4953 mittitur
1733 4897 1914 4967 itaque
1956 4895 2193 4966 Spiritus
2238 4898 2332 4953 Dei
2367 4907 2422 4953 et
2456 4896 2633 4953 Patris
2657 4911 2723 4952 eo
2754 4899 2913 4954 modo
2943 4911 3051 4968 quo
3114 4899 3401 4953 mittuntur
3458 4910 3587 4964 apo-

340 4990 461 5045 stoli
501 4989 642 5062 (85),
678 5001 771 5045 aut
810 4994 1105 5060 prophetae,
1139 4992 1231 5048 sed
1256 5001 1313 5045 ut
1336 4990 1571 5060 Spiritus
1602 4987 1760 5058 eius;
1806 5005 1906 5046 uec
1944 4989 2177 5044 mittitur
2209 4999 2268 5045 ut
2301 4989 2520 5044 aliunde
2570 4989 2638 5044 ad
2675 4988 2778 5044 alia
2838 4989 3254 5060 transmigrans,
3325 4989 3580 5058 quoniam

346 5100 415 5138 ne
439 5084 600 5140 Pater
623 5085 866 5155 quidem,
893 5087 1045 5152 cuius
1067 5085 1376 5157 liypostasis
1402 5093 1484 5140 est
1513 5083 1770 5154 Spiritus,
1805 5084 2052 5140 terminis
2088 5082 2538 5153 circumscriptus
2565 5091 2670 5138 est.
3623 5077 3628 5082 ’

963 5179 1120 5232 ΚΕΦ.
1149 5177 1270 5232 ΛΘν.

2585 5174 2737 5231 CAP.
2789 5173 3032 5230 XXXIX.

414 5267 533 5326 Ἔτι
561 5267 968 5340 σμικρύνοντες,
1017 5269 1111 5322 καὶ
1142 5268 1218 5340 τῷ
1251 5269 1458 5323 ἐαυτῶν
1493 5267 1646 5340 κακῷ
1690 5285 1917 5322 κατοικι-

2095 5269 2421 5326 lmminuere
2459 5269 2635 5323 adhuc
2685 5277 2738 5322 et
2773 5267 2825 5322 in
2858 5281 3011 5321 suam
3042 5265 3277 5335 ipsorum
3303 5263 3595 5333 perniciem

338 5359 684 5430 ϐδηλεύοντες
704 5360 772 5413 τὰ
797 5361 924 5433 περὶ
950 5359 1044 5414 τοῦ
1077 5360 1228 5430 ἁγίου
1269 5362 1407 5414 Πνευ
1418 5378 1604 5431 ματος,
1639 5359 1921 5423 ὀνειδίζου-

2024 5363 2334 5418 adulterare
2378 5376 2441 5417 ea
2487 5375 2607 5431 qua:
2634 5361 2700 5414 de
2731 5358 2938 5429 Spiritu
2972 5367 3164 5414 sancto
3196 5357 3397 5425 scripta
3449 5365 3596 5421 sunt,

341 5466 424 5502 σιν
447 5451 594 5522 αὐτῷ
633 5453 727 5507 καὶ
757 5452 922 5524 ἀλλην
949 5451 1134 5522 θεῖκὴν
1159 5451 1588 5523 φιλανθρωπίαν,
1611 5451 1678 5522 ἢν
1704 5449 1915 5513 Παῦλος

2024 5463 2311 5524 pergentes
2343 5455 2676 5522 exprobrant
2711 5451 2885 5506 eidem
2937 5449 3094 5504 aliam
3140 5463 3355 5518 quoque
3400 5445 3493 5503 Dei
3542 5449 3596 5504 in

2028 5631 2118 5699 Sp.
2146 5645 2346 5701 sancto,
2369 5651 2514 5690 num.
2540 5637 2602 5690 I5
2629 5654 2640 5688 :
2678 5652 2694 5684 ι
2727 5632 2868 5687 Bene
2893 5640 3072 5688 autem
3093 5631 3234 5702 quod
3261 5631 3312 5684 in
3343 5630 3454 5700 ipsa
3475 5645 3593 5685 seu-

409 5631 522 5701 (76)
554 5635 806 5704 Accipite.
833 5634 987 5691 Joan.
1021 5651 1114 5696 xx,
1144 5634 1232 5687 22.

2028 5705 2190 5757 tentia
2225 5721 2330 5758 non
2362 5708 2456 5766 ait,
2489 5707 2588 5772 Qui
2629 5705 2830 5772 ereavi,
2865 5704 2978 5765 sed,
3009 5722 3028 5754 ι
3061 5703 3160 5768 Qui
3186 5717 3328 5756 creo.
3366 5721 3386 5754 ι

411 5704 522 5776 (77)
553 5701 886 5760 Ιιιὶεσωεπι.
916 5707 1118 5770 Codex,
1145 5705 1204 5758 τὸ
1228 5704 1304 5758 δέ.
1330 5701 1635 5774 Legendum
1664 5703 1908 5766 fortasse,

335 5773 412 5842 τῷ
440 5771 515 5829 δέζ
1409 5771 1430 5774 _
1719 5836 1744 5842 η

2094 5775 2207 5842 (80)
2247 5773 2311 5834 Et
2343 5771 2717 5829 testimonium.
2755 5771 2908 5827 Joan.
2947 5789 3068 5834 \‘lll,
3100 5774 3182 5827 18.

410 5801 412 5816 ι
440 5775 515 5829 δέέ

410 5844 522 5915 (78)
554 5844 670 5900 Ilac
702 5848 925 5904 ratione.
958 5845 1112 5911 Cod.,
1147 5848 1181 5916 ἡ
1210 5845 1482 5909 πολλάκις.
1517 5844 1678 5912 Lego,
1787 5843 1911 5894 πολ-

2094 5775 2207 5910 (80;
2247 5775 2311 5834 Et
2343 5779 2717 5829 testimonium.
2755 5775 2908 5827 Joan.
2947 5789 3068 5834 \‘lll,
3100 5775 3110 5826 1

2094 5845 2171 5916 (8i
2235 5843 2345 5916 (ngo
2376 5846 2648 5916 stultalsa.
2687 5859 2873 5906 .\'l.\'lll,
2907 5842 2990 5916 f2,
3026 5845 3110 5901 15.

335 5909 513 5978 λάκιςζ
1100 5909 1107 5911 “
1171 5909 1181 5916 ’
1597 5909 1604 5912 ’
1719 5909 1744 5916 ’⁷

2091 5909 2202 5979 (82)
2232 5909 2301 5968 Et
2324 5933 2477 5969 nunc.
2510 5915 2610 5971 lsa.
2637 5931 2823 5978 XLVIII,
2871 5915 2954 5968 16.

409 5985 518 6056 (79)
547 5983 706 6044 Bene.
739 5985 978 6043 Similem
1025 5987 1185 6044 habet
1227 5988 1550 6045 locutionem
1589 5986 1639 6042 in
1685 5984 1774 6042 lib.
1836 5993 1911 6048 De
2092 5985 2203 6056 (85)
2232 5985 2644 6049 Quamittuntur
2667 5985 2912 6056 apostoli.
2942 5984 2996 6040 ln
3022 5984 3158 6042 libro
3177 5983 3250 6037 De
3272 5983 3365 6047 Sp.
3387 5988 3588 6043 sancto,
