4108 6482
426 465 530 524 981

1485 462 1571 518 DE
1610 459 1981 519 TRINITATE
2021 463 2223 551 LIBER
2263 463 2584 522 TEliTlL'S.

3568 466 3676 523 982

422 575 609 647 ἡμῶν,
649 593 667 627 t
690 575 875 642 Ἃὸδὶ,
900 594 920 630 ι
962 576 1060 641 τὰς
1108 576 1297 646 κωφὰς
1321 577 1611 648 αίρετικῷν
1657 578 1827 641 ἀκοὰς
1858 577 1989 633 διδά-

2111 578 2226 648 lpse
2274 580 2495 649 insuper
2557 592 2658 633 nos
2728 578 3084 649 regeneravit,
3140 587 3197 634 et
3241 593 3271 633 a
3321 588 3545 649 peccato
3607 595 3675 636 ac

425 683 576 731 σκον,
629 667 711 721 ὅτι
739 666 901 732 αὐτός
931 669 1078 729 ἐστιν
1114 670 1143 721 ὁ
1193 667 1413 721 ὲνοικῶν
1458 671 1569 732 τοῖς
1604 670 1813 732 πιστοῖς
1849 668 1998 733 Θεὸς,

423 755 567 810 κατὰ
586 755 666 823 τὸ,
701 773 723 808 s
745 757 1040 830 Ἐνοικήσω
1091 760 1150 811 ὲν
1178 758 1383 823 αὐτοῖς,
1410 759 1505 815 καὶ
1529 759 1963 828 ὲμπεριπατήσω
1983 773 1996 787 ο

423 846 520 898 καὶ
543 844 735 915 ἔσομαι
763 846 941 902 αὐτῶν
966 847 1118 912 Θεὸς,
1146 849 1242 901 καὶ
1267 848 1420 901 αὐτοὶ
1444 847 1665 901 ἔσονταί
1680 865 1770 917 μοι
1796 847 1924 910 λαός
1939 861 1952 875 ·
1976 867 1995 900 ι

2110 676 2287 723 morte
2329 666 2601 732 liberavit,
2649 674 2702 721 et
2738 666 3117 731 sanetiiicavit,
3164 677 3220 721 et
3264 666 3403 721 tillos
3443 667 3535 722 Dei
3577 682 3678 738 pro

2108 772 2203 812 sua
2262 758 2501 813 bonitate
2548 756 2699 813 fecit.
2753 757 2941 826 Itaque
2982 757 3292 827 priusquam
3323 757 3390 814 ab
3428 756 3544 826 ipso
3582 771 3676 826 per

2118 848 2595 912 illuminationem,
2619 846 2672 902 id
2701 854 2783 901 est
2817 861 2912 915 per
2944 846 3230 915 baptisma,
3271 860 3672 915 regeneremur,

424 936 569 991 κατὰ
597 936 688 991 τὸν
725 937 1046 992 Ἀπόστολον
1080 940 1396 1009 γράφοντα·
1468 956 1486 988 ι
1524 939 1637 992 Οὐκ
1676 937 1877 1001 οἴδατε,
1916 939 1989 992 ὃτι

2113 954 2181 994 ne
2214 938 2476 993 convenit
2508 937 2721 1007 quidem
2748 935 2857 1008 (95)
2905 935 3060 991 nobis
3092 937 3271 991 dicere
3303 953 3317 990 :
3351 954 3370 988 ι
3395 936 3554 991 Pater
3579 951 3678 991 no-

423 1026 554 1089 ναὸς
576 1025 713 1080 Θεοῦ
741 1028 887 1092 ἐστε,
916 1031 1011 1084 καὶ
1062 1032 1124 1085 τὸ
1170 1029 1395 1100 Πνεῦμα
1441 1029 1537 1086 τοῦ
1589 1027 1725 1082 Θεοῦ
1756 1030 1895 1082 οἰκεῖ
1942 1030 1989 1081 ὲκ

2109 1038 2242 1094 ster,
2274 1028 2363 1097 qui
2400 1043 2460 1083 es
2487 1029 2538 1081 in
2563 1027 2733 1089 caelis,
2771 1046 2790 1079 ι
2822 1027 2902 1082 Ad
2935 1026 3073 1093 haec,
3116 1027 3170 1081 in
3201 1028 3452 1084 cordibus
3477 1029 3674 1084 nostris

425 1116 552 1186 ὑμῖν
579 1134 594 1183 ;
618 1135 640 1168 ι
700 1120 968 1188 Δίρετικοὶ
988 1120 1045 1173 δὲ
1066 1120 1149 1184 τὸ,
1178 1120 1363 1173 ι”Οσοι
1386 1118 1660 1189 Πνεύματι
1683 1116 1817 1173 Θεοῦ
1845 1118 2003 1187 ἄγον-

2109 1119 2328 1183 clatnat,
2352 1118 2551 1181 «Abba,
2568 1136 2586 1168 ι
2612 1117 2842 1187 Spiritus
2864 1126 3084 1172 sanctus
3100 1118 3278 1172 surdis
3296 1119 3670 1174 haereticorum

421 1224 534 1271 ται,
568 1200 716 1262 οὗτοι
769 1210 876 1263 υἱοὶ
906 1209 1040 1263 Θεοῦ
1074 1213 1231 1274 εἰσιν,
1264 1229 1283 1261 ι
1321 1210 1415 1263 καὶ
1457 1210 1558 1262 ὅσα
1583 1208 1830 1272 τοιαῦτα,
1875 1209 1989 1279 περῖ

2111 1208 2332 1262 auribus
2382 1209 2663 1271 insonans,
2713 1221 2778 1262 ac
2829 1221 2925 1261 eos
2971 1206 3194 1271 docens,
3238 1207 3380 1276 quod
3429 1209 3540 1277 ipse
3594 1217 3676 1262 est

421 1296 515 1351 τοῦ
546 1299 676 1352 ἰδίου
711 1300 869 1370 ἡμῶν
919 1301 1246 1372 πνεύματος,
1280 1303 1340 1354 οὐ
1372 1299 1614 1371 περὶτοῦ
1638 1300 1791 1369 ἁγίου
1821 1298 1994 1353 Ilvati-

425 1404 595 1457 ματος
629 1389 879 1461 εἰρῆσθαι
910 1390 1205 1460 βιάζονται.
1253 1392 1446 1463 Κρίνει
1466 1391 1523 1444 δὲ
1544 1390 1677 1443 αὐτὸ
1706 1392 1739 1461 ἠ
1781 1391 1999 1458 ἐπαγω-

421 1477 516 1548 γὴ,
549 1477 747 1548 ἔχουσα
772 1495 786 1509 ⁸
825 1497 844 1531 t
870 1478 948 1534 Οὐ
979 1481 1088 1552 γὰρ
1126 1480 1347 1535 ἐλάϐετε
1374 1478 1589 1550 πνεῦμα
1614 1477 1853 1542 δουλείας
1894 1477 1999 1537 πά-

2105 1301 2244 1356 Deus
2291 1299 2393 1362 ille,
2442 1297 2608 1370 444
2650 1300 2738 1367 qui
2798 1299 3061 1356 inhabitat
3108 1299 3164 1353 in
3211 1299 3477 1364 ﬁdelibus,
3522 1299 3673 1369 juxta

2102 1390 2231 1449 illud
2258 1407 2311 1446 :t
2343 1390 2655 1444 lnhabitabo
2678 1388 2789 1460 (94)
2818 1390 2867 1444 in
2893 1390 2994 1454 eis,
3020 1399 3074 1443 et
3099 1389 3149 1443 in
3178 1391 3257 1445 eis
3285 1390 3566 1446 arubulabo
3592 1399 3674 1458 ;et

2104 1495 2198 1536 ere
2242 1494 2429 1535 eorum
2459 1478 2626 1543 Deus,
2656 1491 2710 1539 et
2744 1480 2845 1549 ipsi
2874 1491 3038 1536 erant
3078 1481 3210 1535 mihi
3260 1482 3526 1552 populus;
3557 1500 3574 1533 ι
3619 1491 3674 1536 et

428 1565 511 1620 λιν
557 1569 639 1632 είς
685 1569 879 1640 φόῦον,
916 1571 1031 1629 ἀλλ’
1090 1572 1312 1626 ἐλάϐετε
1377 1569 1602 1641 Πνεῦμα
1660 1568 1989 1630 υἱοθεσίας.ι

2102 1572 2253 1642 juxta
2288 1569 2605 1638 Apostolum
2658 1570 3022 1624 scribentem:
3085 1588 3106 1621 ι
3133 1568 3215 1622 Αη
3281 1570 3502 1625 nescitis
3534 1570 3671 1640 (95),

429 1657 653 1723 Πάντως
693 1660 801 1731 γὰρ
844 1659 1056 1732 ἔχοντες
1107 1662 1211 1732 ἤδη
1263 1661 1326 1715 τὸ
1379 1661 1508 1714 ἴδιον
1570 1659 1724 1731 ἡμῶν
1761 1658 2000 1728 πνεῦμα,

425 1749 832 1821 προσελάσομεν
852 1754 913 1811 τὸ
939 1754 1037 1824 τῆς
1072 1753 1342 1816 υἱοθεσίας
1362 1753 1516 1821 ἅγιον
1540 1751 1785 1823 Πνεῦμα.

2106 1661 2249 1728 quod
2282 1658 2537 1727 templum
2574 1657 2666 1712 Dei
2706 1658 2858 1725 estis,
2893 1667 2947 1712 et
2977 1656 3212 1728 Spiritus
3251 1658 3340 1712 Dei
3385 1659 3590 1714 habitat
3619 1663 3670 1716 iu

2105 1749 2299 1804 vobis?
2330 1768 2348 1801 ι
2402 1748 2650 1803 ιιςενειίοἰ
2682 1762 2812 1802 vero
2853 1747 3007 1814 illud,
3055 1764 3075 1798 ι
3106 1746 3425 1817 Quicunque
3465 1746 3671 1817 Spiritu

424 1843 517 1896 Dei
556 1857 805 1915 aguntur,
839 1847 892 1900 Ιιί
921 1849 1014 1903 iilii
1046 1849 1137 1903 Dei
1169 1857 1317 1912 sunt,
1349 1866 1368 1899 ι
1404 1849 1619 1917 aliaque
1650 1847 1845 1902 similia
1911 1847 2028 1901 loca
2063 1845 2129 1899 de
2178 1845 2392 1914 proprio
2440 1853 2626 1899 nostro
2672 1844 2886 1913 spiritu,
2942 1858 3047 1897 non
3083 1843 3150 1897 de
3197 1843 3402 1911 Spiritu
3469 1852 3661 1899 sancto

424 1931 569 1988 dicta
600 1950 724 1990 esse
752 1939 1099 1996 contendunt.
1131 1938 1236 1994 Sed
1302 1953 1399 1994 eos
1464 1939 1712 1994 refellunt
1777 1953 1896 2007 quas
1927 1936 2325 2005 subjiciuntur:
2376 1955 2395 1988 ι
2425 1936 2539 1991 Non
2567 1937 2710 1989 enim
2773 1935 3058 2006 accepistis
3099 1935 3347 2005 Spiritum
3390 1935 3669 1991 servitutis

421 2025 620 2079 iterum
650 2027 700 2080 in
735 2027 948 2091 timore,
972 2029 1066 2083 sed
1095 2031 1379 2099 accepistis
1403 2029 1665 2098 Spiritum
1694 2027 1995 2098 adoptionis
2034 2027 2086 2080 in
2132 2026 2292 2083 illius.
2319 2045 2337 2079 ι
2383 2025 2519 2080 liinc
2546 2026 2690 2081 enim
2722 2026 3060 2094 perspicuum
3090 2024 3311 2080 omnino
3375 2034 3479 2092 est,
3548 2039 3675 2108 nos.

418 2127 540 2165 cum
576 2116 852 2185 praprium
905 2124 1147 2172 nostrum
1191 2120 1437 2189 spiritum
1508 2117 1617 2188 iam
1664 2117 2006 2182 haberemus,
2045 2120 2316 2189 accepisse
2362 2119 2583 2187 insuper
2647 2115 2909 2186 Spiritum
2940 2126 3188 2171 sanctum
3260 2115 3567 2185 adoptionis
3609 2116 3665 2173 iu

418 2201 578 2261 ﬁlios.

1059 2294 1217 2348 ΚΕΦ.
1244 2295 1331 2348 Μ’.

499 2384 864 2457 Ἐθελεχθρῶς
894 2386 989 2438 καὶ
1046 2386 1537 2457 φιλαπεχθημόνως
1604 2391 1820 2462 ἔχοντες
1855 2389 1991 2460 πρὸς

415 2472 477 2525 τὸ
503 2473 657 2541 ἅγιον
696 2474 941 2544 Πνεῦμα,
978 2475 1329 2546 κακοφρόνως
1356 2479 1787 2549 ικλαμόάνουσιν
1818 2482 1913 2539 καὶ
1932 2481 1992 2534 τὸ

415 2562 547 2634 παρ’
583 2564 801 2637 Ἰωάννῃ
822 2564 973 2637 παρὰ
991 2564 1085 2619 τοῦ
1123 2566 1375 2637 Σωτῆρος
1410 2567 1596 2639 λεχθὲν
1634 2571 1762 2642 περὶ
1786 2570 1948 2625 αὐτοῦ
1973 2587 1987 2602 ·

418 2670 440 2703 s
465 2653 693 2717 Ἐκεῖνος
722 2655 822 2724 ἐμὲ
846 2654 1078 2722 δοξάσει,
1114 2656 1198 2710 ὅτι
1218 2660 1283 2711 ὲκ
1310 2657 1404 2711 τοῦ
1432 2661 1568 2731 ἐμοῦ
1607 2663 1860 2733 λήψεται,
1899 2665 1993 2717 καὶ

414 2741 704 2809 ἀναγγελεῖ
722 2744 870 2813 ὑμῖν.
905 2763 925 2796 ι
982 2745 1056 2798 Οὐ
1087 2745 1197 2817 γὰρ
1251 2747 1428 2818 θέμις,
1461 2750 1535 2812 ὡς
1560 2751 1629 2803 τὰ
1654 2751 1990 2820 ἀνθρώπινα,

412 2831 556 2886 οὔτω
581 2833 675 2886 καὶ
729 2833 798 2887 τὰ
821 2834 915 2888 τοῦ
964 2835 1102 2889 Θεοῦ
1136 2839 1297 2903 νοεῖν,
1326 2839 1447 2893 οὐδὲ
1473 2843 1542 2911 τῇ
1579 2842 1857 2914 ὁμοιότητι
1886 2844 1993 2898 τῶν

414 2924 533 2977 καθ’
556 2926 700 2996 ἡμᾶς
729 2925 926 2992 λέξεων
976 2927 1069 2981 καὶ
1124 2928 1345 2984 ἐννοιῶν
1394 2932 1457 2984 τὸ
1490 2931 1632 2987 θεῖον
1666 2934 1989 3006 ἐνυϐρίζειν,

411 3013 767 3087 τὸμηδαμῶς
821 3020 952 3088 ἡμῖν
1001 3021 1335 3092 προσεοικός.
1385 3022 1610 3088 Δοξάσει
1650 3021 1765 3091 οὖν,
1799 3029 1986 3097 φησιν,

415 3105 551 3159 καθὸ
579 3107 647 3160 τὰ
674 3107 813 3162 αὐτὰ
833 3109 978 3178 ὑμᾶς
1004 3109 1224 3175 διδάξει,
1252 3110 1395 3182 ἅπερ
1423 3113 1535 3181 ἐγώ
1553 3130 1566 3144 ·
1603 3114 1714 3182 ἐγὼ
1743 3117 1821 3181 δὲ,
1849 3119 1993 3190 ἅπερ

412 3197 646 3266 ἤκουσεν
668 3201 697 3253 ὁ
760 3201 953 3271 Πατήρ
973 3216 987 3230 ·
1044 3202 1139 3255 καὶ
1170 3203 1307 3257 καθὸ
1335 3205 1444 3257 ἀπὸ
1463 3205 1563 3276 τῆς
1583 3206 1750 3260 αὐτοῦ
1783 3207 1991 3276 ἀφάτου

415 3286 619 3360 [2176]
657 3290 1073 3361 μεγαλειότητος
1133 3292 1389 3358 ἐπιδείξει
1424 3295 1519 3351 καὶ
1567 3296 1668 3367 τῆς
1699 3298 1837 3367 ἐμῆς
1875 3298 1993 3352 θεό-

411 3397 574 3450 τητος
619 3383 681 3437 τὸ
726 3382 1024 3453 ἀμέγεθεςο
1078 3387 1173 3438 καὶ
1213 3386 1274 3439 οὐ
1305 3384 1479 3456 τούτῳ
1546 3386 1693 3457 μόνῳ
1750 3387 1830 3458 τῷ
1860 3389 1990 3460 τρό-

415 3488 523 3541 πῳ,
550 3473 684 3527 ἀλλὰ
713 3475 807 3528 καὶ
835 3474 971 3530 καθὸ
1028 3476 1334 3549 γέγραπται
1357 3493 1371 3509 ⁶
1407 3496 1428 3530 s
1451 3477 1578 3540 Υίὸς
1629 3476 1840 3542 δοξάζει
1871 3480 1986 3533 Πα-

414 3564 580 3634 τέρα·
608 3584 628 3617 ο
679 3566 792 3631 καὶ,
854 3584 876 3617 ι
901 3566 1037 3634 Δόξα
1073 3568 1226 3638 ἡλίου
1267 3568 1327 3622 τὸ
1352 3568 1468 3637 φῶς
1490 3585 1503 3598 ·
1528 3586 1547 3619 ι
1581 3568 1674 3622 καὶ
1704 3568 1780 3632 ὡς
1804 3565 1953 3623 εἶπον
1975 3584 1989 3600 ⁸

2722 2293 2876 2349 CAP.
2928 2292 3040 2350 XL.

2167 2388 2302 2444 Cum
2351 2388 2570 2444 inimico
2608 2387 2720 2460 (96)
2760 2398 2924 2456 atque
2968 2384 3150 2442 hostili
3183 2384 3367 2441 animo
3406 2385 3667 2455 Spiritum
3748 2431 3753 2436 .

2097 2488 2341 2533 sanctum
2394 2480 2740 2543 insoctentur,
2788 2492 2954 2548 pravo
2989 2490 3151 2532 sensu
3203 2477 3472 2546 accipiunt
3503 2477 3666 2530 etiam

2098 2570 2237 2638 quod
2263 2568 2401 2636 apud
2424 2568 2686 2624 Joannem
2715 2584 2744 2621 a
2768 2566 3049 2624 Salvatore
3079 2566 3147 2621 de
3173 2566 3291 2636 ipso
3306 2566 3509 2621 dictum
3539 2574 3624 2622 est
3649 2582 3665 2620 :

2104 2678 2124 2713 ι
2154 2659 2245 2714 ille
2277 2660 2387 2731 (97)
2420 2675 2504 2714 me
2532 2660 2876 2729 gloriﬁcabit,
2917 2658 3042 2728 quia
3082 2658 3148 2714 de
3185 2672 3305 2713 meo
3334 2659 3584 2728 accipiet,
3612 2669 3669 2713 et

2099 2751 2439 2807 annuntiabit
2478 2750 2651 2805 vobis.
2678 2768 2697 2802 ι
2746 2747 2856 2803 Nec
2899 2748 3043 2803 enim
3090 2746 3173 2803 fas
3202 2756 3289 2802 est
3325 2757 3385 2802 ut
3411 2750 3665 2809 ltutnana,

2098 2843 2177 2898 sic
2224 2842 2385 2897 etiam
2436 2841 2615 2896 divina
2667 2839 2954 2908 accipere,
3014 2851 3187 2908 neque
3232 2838 3303 2893 ob
3353 2851 3544 2891 vocum
3602 2853 3669 2892 ac

2099 2930 2488 2987 sententiarum
2544 2943 2696 2984 more
2737 2939 2921 2984 nostro
2959 2928 3224 2984 dictarunt
3262 2927 3667 2985 similitudinem

2099 3023 2389 3087 divinitati,
2434 3036 2554 3092 quae
2598 3035 2939 3090 nequaquam
2978 3018 3136 3075 nobis
3173 3019 3364 3075 similis
3391 3028 3494 3084 est,
3523 3016 3669 3086 inju-

2101 3113 2235 3167 riam
2266 3112 2466 3167 inferre
2503 3111 2647 3167 licet.
2681 3108 3018 3166 Gloriﬂcabit
3063 3123 3215 3179 ergo,
3251 3107 3444 3178 inquit,
3476 3116 3668 3176 quate-

2100 3219 2201 3258 nus
2242 3204 2429 3260 eadem
2477 3217 2573 3257 vos
2607 3202 2847 3265 docebit,
2878 3214 3001 3271 qua:
3028 3213 3169 3268 ego;
3206 3213 3308 3271 ego
3343 3209 3525 3255 autem
3548 3214 3669 3269 quae

2101 3296 2283 3351 audivi
2321 3310 2352 3350 a
2398 3296 2561 3352 Patre
2611 3295 2748 3368 (98).
2796 3295 3130 3352 Gloriﬁcabit
3190 3298 3353 3352 etiam
3402 3306 3669 3367 quatenus

2098 3401 2196 3455 per
2242 3385 2569 3443 ineﬂ'abilem
2622 3388 2964 3456 maiestatem
3020 3403 3174 3444 suam
3228 3390 3477 3446 ostendet
3534 3405 3667 3445 mea:

2100 3491 2311 3547 quoque
2353 3479 2572 3533 deitatis
2611 3477 2954 3535 infinitatem.
2982 3479 3323 3537 Gloriﬁcabit
3357 3484 3577 3552 insuper
3598 3498 3664 3538 eo

2100 3582 2261 3624 sensu
2291 3583 2398 3637 quo
2427 3569 2685 3640 scriptum
2713 3580 2797 3625 est
2830 3588 2843 3624 :
2890 3588 2910 3622 ι
2941 3569 3112 3625 Filius
3137 3571 3248 3642 (99)
3274 3572 3540 3641 giorillcat
3566 3588 3664 3642 pa-

421 3673 441 3710 t
464 3654 692 3720 Δόξασόν
719 3672 807 3726 με,
838 3658 1021 3727 Πάτερ
1045 3674 1058 3686 ·
1091 3676 1109 3709 ι
1136 3658 1230 3711 καὶ
1261 3658 1531 3729 ἀπεκρίθη
1581 3667 1671 3727 μοί
1693 3673 1707 3688 ·
1743 3675 1762 3709 s
1787 3658 1989 3724 Ἐδόξα-

2100 3667 2271 3726 trem;
2296 3677 2314 3710 ι
2349 3668 2405 3713 et
2434 3674 2541 3729 quo
2583 3676 2602 3709 ι
2638 3658 2820 3715 Gloria
2851 3659 2982 3719 solis
3032 3658 3110 3730 (l)
3151 3660 3346 3714 dicitur
3392 3661 3518 3725 lux;
3551 3682 3570 3713 ι
3610 3667 3667 3717 et

418 3753 486 3813 σά
516 3769 598 3813 σε,
653 3753 747 3806 καὶ
781 3751 938 3805 πάλιν
981 3750 1207 3817 δοξάσω.
1233 3772 1253 3806 ι
1295 3754 1370 3807 Οὐ
1400 3752 1509 3824 γὰρ
1532 3754 1693 3824 ὑμνεῖ
1708 3753 1784 3814 ὡς
1806 3755 1841 3825 ἡ
1872 3753 1991 3807 κτί-

417 3857 533 3905 σις·
592 3839 779 3912 ἐπειδὴ
824 3843 890 3911 τῇ
948 3839 1161 3911 θεότητι
1222 3841 1318 3896 καὶ
1376 3844 1441 3912 τῇ
1479 3844 1612 3911 τιμῇ
1644 3840 1888 3911 ἀλλήλων
1916 3840 1992 3912 μὴ

414 3933 712 4000 ἀφεστᾶσιν
734 3946 750 3973 ε
781 3931 903 3984 οὐδὲ
935 3931 1210 4002 λαμβάνον
1245 3930 1566 4000 ἀναγγέλλει
1593 3931 1653 3985 τὸ
1675 3931 1993 4002 οίκονομοῦν

414 4023 545 4092 ἡμῖν
573 4022 666 4091 ἀφ’
714 4020 906 4079 ἑαυτοῦ
961 4021 1218 4094 καθαρῶς
1248 4022 1334 4076 ἀεὶ
1376 4021 1446 4074 τὰ
1478 4020 1634 4081 θεῖκά
1653 4022 1985 4094 χαρίσματα,

414 4112 506 4165 καὶ
558 4113 632 4183 μὴ
676 4111 1029 4183 διωρισμένον
1066 4114 1131 4183 τῇ
1179 4111 1339 4181 φύσει
1392 4111 1486 4165 τοῦ
1519 4113 1749 4184 Πατρός.
1780 4114 1987 4186 ’Ὠσπερ

415 4203 522 4273 γάρ
551 4203 580 4256 ό
598 4202 773 4265 διδοὺς
803 4186 935 4265 Υἱὸς
974 4202 1187 4266 οὐδενὸς
1216 4205 1506 4274 στερετται,
1553 4204 1680 4258 οὐδὲ
1707 4204 1953 4259 κενοῦται
1971 4222 1985 4236 ’

414 4294 556 4346 οὕτω
579 4293 640 4347 τὸ
666 4292 818 4363 ἅγιον
846 4293 1069 4365 Πνεῦμα
1112 4294 1173 4347 οὐ
1208 4293 1495 4365 λαμϐάνει,
1532 4294 1561 4348 ὃ
1592 4294 1665 4366 μὴ
1702 4295 1832 4367 ἔχει,
1868 4297 1990 4351 οὐδὲ

417 4383 613 4437 ἀκοῦον
660 4385 831 4450 λαλεῖ,
863 4385 925 4438 τὸ
956 4385 1113 4456 μόνον
1160 4385 1319 4452 είδὸς,
1365 4385 1508 4440 κατὰ
1532 4385 1766 4451 Παῦλον,
1799 4387 1868 4441 τὰ
1890 4386 1986 4442 τοῦ

417 4472 552 4525 Θεοῦ
572 4490 590 4504 ο
624 4473 796 4544 ἐνίησι
845 4475 901 4529 δὲ
925 4474 1125 4545 μᾶλλον
1156 4476 1287 4538 αὐτὸ
1312 4475 1504 4546 σοφίαν
1536 4478 1632 4530 καὶ
1670 4477 1903 4542 σύνεσιν,
1928 4478 1991 4545 ἐξ

422 4564 680 4637 ἐμφύτων
711 4564 869 4622 θείων
915 4567 1252 4639 κινημάτων,
1309 4570 1421 4633 τοῖς
1454 4566 1698 4632 ὲπαξίοις
1723 4568 1816 4622 τοῦ
1844 4569 1994 4641 δέχε-

420 4655 575 4710 σθαι·
623 4657 743 4712 οὐδὲ
796 4659 925 4729 παρ’
978 4660 1164 4732 ἑτέρου
1220 4660 1547 4723 διδάσκεται,
1572 4664 1635 4712 τὸ
1680 4661 1871 4729 σοφίαν
1897 4663 1990 4719 καὶ

415 4744 617 4816 γνῶσιν
665 4750 1000 4820 προφητείας
1043 4753 1156 4815 τοῖς
1208 4750 1487 4822 ἀκεραίοις
1530 4749 1815 4809 ἐπιπνέονο
1847 4750 1989 4825 ὑπὲρ

2090 3764 2199 3819 quo
2246 3750 2355 3804 dixi
2385 3767 2399 3803 :
2442 3768 2461 3801 ι
2488 3750 2744 3805 Glorilica
2768 3751 2850 3821 (2)
2888 3766 2995 3819 me,
3027 3750 3208 3817 Pater,
3236 3770 3256 3803 ο
3302 3761 3359 3807 et
3388 3754 3665 3822 respondit

2091 3841 2260 3897 mihi:
2311 3860 2329 3893 ι
2357 3841 2663 3896 Gloriiicavi
2719 3841 2794 3911 (5)
2836 3850 2906 3907 te,
2935 3850 2994 3896 et
3042 3856 3230 3898 rursus
3273 3841 3609 3913 gloriﬁcabo.
3638 3861 3657 3895 ι

2090 3933 2199 3990 Nec
2248 3934 2393 3989 enim
2444 3933 2659 4005 hymnis
2732 3934 2896 3988 Deum
2949 3932 3208 3998 celebrat,
3245 3941 3307 3989 ut
3344 3933 3470 3989 facit
3505 3947 3663 3990 crea-

2096 4033 2264 4091 tura;
2330 4023 2455 4092 quia
2514 4021 2751 4087 deitate,
2817 4036 2881 4077 ae
2934 4020 3231 4093 dignitate,
3300 4033 3463 4095 atque
3520 4038 3663 4094 prae.

2094 4115 2288 4171 stantia
2314 4129 2419 4168 non
2442 4112 2606 4167 distat
2626 4127 2655 4166 a
2676 4111 2837 4168 Patre
2863 4112 3031 4171 Filius
3050 4130 3064 4168 :
3083 4127 3256 4184 neque
3278 4114 3494 4170 aliunde
3519 4114 3665 4171 acci-

2095 4204 2247 4275 piens
2271 4202 2558 4257 annuntiat
2584 4203 2633 4257 is
2661 4202 2750 4270 qui
2788 4216 2883 4272 per
2914 4201 3153 4273 seipsum
3195 4217 3328 4272 pure
3361 4217 3428 4259 ac
3455 4203 3655 4261 mundo

2095 4293 2251 4348 nobis
2294 4307 2509 4362 semper
2537 4292 2819 4362 dispensat
2855 4292 3036 4348 divina
3081 4293 3244 4361 dona;
3300 4308 3402 4351 nec
3450 4295 3661 4365 disjnn-

2097 4393 2218 4440 ctus
2260 4394 2453 4439 natura
2491 4392 2577 4439 est
2598 4398 2629 4439 a
2654 4383 2835 4443 Patre.
2870 4383 3004 4440 Nam
3035 4386 3176 4443 sicut
3197 4387 3364 4444 Filius
3392 4402 3515 4444 cum
3545 4390 3662 4455 dat,

2091 4474 2252 4548 ω
2282 4475 2428 4530 nulla
2459 4492 2517 4531 re
2546 4475 2790 4545 privatur
2821 4475 2898 4548 (4)
2924 4515 2941 4542 ,
2970 4491 3073 4533 nec
3118 4491 3323 4535 vacuus
3358 4478 3647 4543 redditur;

2094 4568 2164 4621 ita
2194 4567 2432 4636 Spiritus
2465 4575 2689 4622 sanctus
2719 4581 2826 4622 non
2856 4568 3057 4638 accipit
3086 4569 3230 4637 quod
3281 4584 3389 4628 non
3416 4569 3610 4624 habeat
3639 4610 3654 4635 ,

2097 4675 2269 4732 neque
2298 4662 2459 4730 prius
2490 4661 2718 4715 audiens
2764 4674 2886 4731 qua:
2914 4660 3228 4730 ignoraret,
3258 4661 3455 4717 deinde
3481 4659 3656 4729 loqui-

2098 4762 2183 4808 tur
2203 4768 2220 4819 ;
2257 4768 2377 4811 cum
2411 4750 2561 4807 solus
2590 4766 2657 4808 ea
2688 4752 2862 4820 norit,
2906 4750 3062 4823 juxta
3102 4751 3361 4818 Paulum,
3403 4765 3522 4823 quze
3565 4750 3659 4806 Dei

484 4965 597 5049 (ii-5)
625 4963 969 5049 Νεροηιςεηξξ
1002 4967 1229 5049 quidem.
1265 4966 1431 5049 Recte
1452 4969 1657 5031 Alanus
1683 4972 1736 5029 in
1796 4972 1976 5049 Regu-

2099 4969 2184 5049 iuli
2217 4972 2376 5049 quasi
2402 4973 2667 5049 scriptum
2693 4981 2879 5049 esset:
2919 4955 3061 5049 Ejuép
3105 4976 3313 5047 ἤκουσα
3359 4955 3513 5049 παρά
3539 4974 3652 5049 ’τοῦ

413 5035 479 5090 lis
496 5035 823 5107 tltenliogicis
843 5038 895 5090 in
923 5035 1200 5094 Fascicttlo
1225 5041 1599 5099 aucdotorum
1621 5058 1650 5095 a
1684 5056 1769 5097 me
1795 5035 1978 5107 etliiis,

413 5106 597 5169 regula
621 5105 725 5177 50,
748 5120 868 5173 pag.
891 5106 1028 5161 205:
1064 5126 1082 5159 ι
1110 5107 1413 5177 Aliquando
1443 5109 1567 5177 (hoc
1603 5126 1797 5167 nomen
1828 5130 1847 5162 ι
1883 5105 1980 5167 Pa;

415 5183 498 5226 ter
526 5192 546 5225 ι
585 5175 859 5245 praedicat)
899 5177 1213 5231 relationem
1243 5175 1310 5231 ad
1338 5175 1634 5245 hominem,
1687 5183 1977 5237 secundum

407 5244 843 5367 ggereatiolnem:
876 5255 935 5300 ut
971 5262 1093 5302 cum
1127 5245 1361 5303 dicitur:
1396 5264 1415 5298 ι
1442 5244 1627 5307 Ροιειί
1654 5260 1840 5309 noster
1880 5251 1977 5320 qui

501 5326 553 5366 tn
591 5326 676 5366 cm
700 5327 765 5367 ts.
800 5331 820 5365 ι

501 5326 553 5366 Ill
591 5326 765 5367 οοειιε.
800 5331 820 5365 ι

481 5399 595 5469 (94)
629 5400 967 5458 lnhabitabo.
1000 5404 1043 5459 ιι
1067 5404 1193 5462 Cor.
1224 5422 1301 5473 vt,
1330 5408 1422 5466 ιϐ.

482 5492 595 5563 (95)
621 5495 701 5548 An
722 5495 952 5551 nescitis.
990 5496 1011 5551 l
1063 5496 1188 5553 Cor.
1222 5514 1305 5559 tu.
1342 5498 1431 5554 16.

481 5580 591 5660 (96)
632 5582 883 5639 Inimico.
932 5585 1113 5642 Codex
1145 5626 1166 5653 ,
1215 5588 1570 5660 ὲθελεχθρῶς.
1629 5589 1806 5647 Malim
1860 5593 1976 5650 ἑθε-

408 5646 1053 5772 “statuisses:

469 5668 1080 5790 difﬁdiﬁ‘i’iiff’iii,
1114 5725 1197 5781 tt.

483 5789 612 5871 (3)8).
636 5792 765 5871 Qua;
796 5795 977 5848 audivi
1012 5812 1045 5847 a
1069 5789 1259 5871 (Patre.
1302 5797 1499 5871 gotlcx,
1555 5798 1697 5871 ᾇπερ
1745 5803 1974 5871 ἤκουσεν

414 5856 443 5908 ὁ
468 5854 679 5932 Πατήρ,
706 5864 754 5917 id
780 5874 859 5919 est
894 5883 913 5916 ι
942 5881 1059 5933 qua:
1086 5867 1287 5922 audivit
1311 5854 1498 5923 Pater;
1518 5888 1534 5920 ι
1566 5854 1679 5939 Εειῖ
1699 5854 1776 5926 ait;
1805 5854 1975 5926 trans-

2088 5041 2332 5114 Πατρός.
2357 5043 2412 5097 In
2442 5044 2578 5097 libro
2609 5052 2785 5114 tamen
2812 5041 2891 5114 De
2910 5044 3001 5111 Sp.
3028 5041 3209 5100 sancta
3241 5061 3389 5100 num.
3424 5041 3514 5108 36,
3539 5045 3654 5099 [nec

2086 5109 2247 5185 liabet
2279 5111 2572 5185 Didymus:
2631 5131 2649 5164 ι
2683 5109 3019 5185 Loquier‘go
3067 5114 3304 5180 Patrem,
3360 5124 3418 5169 et
3465 5114 3653 5185 audire

2085 5179 2316 5253 Filium,
2334 5179 2415 5235 vel
2441 5197 2472 5236 e
2496 5179 2791 5253 contrario,
2820 5179 2977 5253 Fiiio'
3006 5183 3280 5253 loquente,
3330 5185 3515 5237 audire
3542 5183 3651 5237 Pa-

2084 5259 2242 5317 trem,
2271 5250 2506 5317 ejusdem
2546 5258 2750 5306 natura:
2778 5251 2833 5307 in
2870 5250 3031 5311 Patre
3056 5250 3109 5315 et
3132 5250 3271 5311 Filio
3327 5267 3649 5310 consensus-

2083 5333 2200 5389 que
2214 5320 2531 5389 signiﬁcatio
2559 5329 2663 5375 est.
2698 5338 2718 5372 ι
3151 5354 3161 5363 -

2156 5386 2287 5458 (99)⁷
2306 5386 2503 5443 Filius.
2528 5389 2757 5446 Malacb.
2797 5405 2839 5455 ι,
2867 5389 2921 5445 6.

2159 5459 2235 5535 (1)
2265 5458 2663 5535 βίονέαλοίίσ.
2699 5460 2718 5515 l
2765 5459 3028 5535 Qpr._xv,
3082 5463 3145 5518 41
3172 5531 3181 5535 _
3207 5460 3401 5535 legitur
3439 5477 3455 5535 _:
3511 5459 3645 5535 άλλη

2076 5526 2431 5650 δόέἓηϐήλξου,
2484 5527 2538 5583 id
2564 5538 2649 5584 est
2700 5544 2720 5579 ι
2751 5529 2855 5583 alia
2882 5526 3049 5603 gloria
3079 5552 3101 5587 ›
3162 5526 3379 5603 (υεῶρο
3405 5526 3648 5604 claritas)

2083 5614 2101 5648 ι
2132 5613 2280 5652 SOIIS.
2317 5615 2336 5649 ι

2148 5667 2518 5749 (galeri/ica.
2544 5666 2694 5724 Joan.
2739 5682 2874 5733 xvn,
2906 5671 2960 5725 5.
3009 5669 3137 5727 Vide
3170 5680 3223 5731 ut
3250 5685 3392 5727 vers.
3429 5670 3452 5724 i
3524 5669 3643 5741 ejus

2076 5747 2287 5791 CillllliS.

2141 5754 2578 5874 (ἐῗδὰιω-ερσαυε.
2609 5806 2762 5863 Joan.
2791 5824 2887 5874 xu,
2928 5807 3019 5867 εδ.

2147 5875 2220 5947 (i)
2255 5873 2415 5931 Nulla
2452 5893 2502 5931 re
2538 5879 2785 5934 urivamr.
2811 5880 2939 5948 ρυω
2970 5879 3057 5936 hic
3090 5879 3323 5953 attingit,
3371 5876 3643 5949 copiosius
