4108 6498
387 418 490 473 985

1655 412 1884 497 ριθΥΜι
1927 411 2389 467 ALEXANDRINI

3523 416 3646 474 οδε

384 535 551 580 sunt:
589 526 683 580 sed
733 526 846 595 ipse
903 527 1080 595 petius
1123 515 1441 596 sapientiam
1472 538 1525 583 et
1548 528 1954 600 intelligentiam

2075 530 2258 598 γνῶσιν
2282 528 2390 600 γὰρ
2447 530 2479 598 ἡ
2513 528 2702 600 θεότης
2756 529 2920 583 αὑτοῦ
2970 531 3316 602 εὑρίσκεταιο
3351 548 3646 602 καταχρη-

385 633 480 684 per
509 617 714 670 divinas
752 617 908 685 eique
966 618 1242 671 naturales
1273 619 1538 672 motiones
1567 619 1632 673 iis
1664 620 1827 685 indit,
1855 621 1946 689 qui

384 721 499 759 eam
535 706 775 772 recipere
819 715 1166 761 mercantur:
1227 721 1402 775 neque
1449 709 1517 760 ab
1572 709 1744 764 altero
1787 709 1947 778 quid-

387 813 546 868 quam
591 797 754 852 discit
824 799 914 868 qui
961 799 1296 866 simplicibus
1344 801 1665 869 sapientiam
1729 809 1782 855 et
1823 816 1952 871 pro-

385 888 580 955 phetia:
615 888 976 956 cognitionem
1012 888 1286 957 inspirat;
1339 890 1630 959 quamlibet
1671 890 1814 943 enim
1863 906 1956 944 co-

385 977 681 1044 gnitionem
719 979 928 1032 excedit
960 977 1078 1045 ejus
1130 978 1346 1043 deitas;
1395 994 1518 1032 nam
1569 979 1636 1034 de
1687 978 1951 1034 iueﬂ‘abili

387 1068 658 1121 'l‘riuitate
685 1068 907 1124 abusive
945 1069 1022 1138 (5)
1061 1069 1187 1122 talia
1221 1071 1360 1125 dicta
1395 1079 1540 1124 sunt.
1574 1071 1763 1139 Itaque
1797 1071 1865 1124 de
1893 1083 1954 1126 se

389 1159 506 1226 ipse
526 1160 689 1212 etiam
723 1158 971 1213 Salvator
1005 1159 1123 1212 ait:
1155 1160 1337 1213 «Sicut
1365 1159 1440 1230 (6)
1475 1161 1656 1226 audio,
1682 1161 1901 1230 judico;
1929 1181 1948 1214 ι

388 1262 444 1304 et
466 1251 531 1305 de
564 1251 680 1320 ipso
708 1250 943 1305 Joannes
975 1269 990 1307 :
1023 1270 1042 1303 ι
1079 1250 1176 1318 Qui
1212 1251 1288 1323 (7)
1321 1255 1530 1323 accepit
1561 1254 1680 1323 ejus
1713 1255 1956 1308 testimo-

390 1340 576 1404 nium,
631 1341 970 1409 obsignavit,
1021 1342 1144 1410 quia
1199 1340 1339 1396 Deus
1393 1358 1556 1397 verax
1609 1352 1731 1397 est:
1790 1357 1952 1413 quem

391 1431 536 1483 enim
567 1430 714 1484 misit
744 1431 884 1484 Deus
905 1473 918 1495 ,
953 1421 1116 1485 verba
1155 1431 1243 1486 Dei
1274 1431 1530 1501 loquitur,
1565 1453 1584 1486 i
1615 1435 1666 1490 id
1695 1443 1813 1500 est,
1843 1434 1958 1490 col-

390 1518 593 1573 laudat.
642 1520 988 1576 Gloriﬁcatur
1016 1532 1194 1577 autem
1240 1533 1294 1577 et
1321 1524 1556 1591 Spiritus
1579 1534 1802 1582 sanctus
1830 1540 1954 1581 cum

2057 619 2258 681 στικῶς
2289 617 2396 689 γὰρ
2418 618 2559 671 οὕτω
2586 617 2654 670 τὰ
2678 618 2902 672 τοιαῦτα
2935 622 3059 691 περὶ
3088 624 3186 692 τῆς
3210 622 3448 692 ἀρρήτου
3471 622 3643 692 Τριά-

2053 709 2141 772 δος
2171 710 2404 780 εἴρηται.
2465 708 2765 780 Τοιγαροῦν
2811 712 2904 763 καὶ
2964 714 3090 783 περὶ
3148 711 3339 765 ἑαυτοῦ
3387 716 3415 766 6
3445 714 3639 785 Σωτὴρ

2053 799 2156 870 ἔφη
2180 815 2196 831 ο
2257 818 2275 850 ι
2298 798 2495 861 Καθὼς
2527 799 2726 863 ἀκούω,
2784 801 2984 870 κρίνω·
3013 820 3031 851 ι
3085 802 3177 854 καὶ
3221 803 3471 873 Ἰωάννης
3510 798 3640 874 περὶ

2057 885 2221 938 αὐτοῦ
2246 902 2259 916 ο
2297 905 2314 936 ι
2338 887 2397 938 Ὀ
2431 885 2611 939 λαϐὼν
2632 887 2796 939 αὐτοῦ
2819 888 2916 957 τὴν
2951 891 3254 961 μαρτυρίαν
3282 892 3636 961 ἐσφράγισεν,

2057 978 2138 1030 ὅτι
2171 978 2198 1028 6
2226 978 2355 1041 Θεὸς
2379 979 2584 1048 ἀληθής
2620 981 2764 1034 ἐστιν
2784 997 2796 1010 ο
2851 981 2911 1034 ὃν
2940 980 3048 1052 γὰρ
3091 983 3404 1036 ἀπέστειλεν
3434 985 3462 1036 ὁ
3483 985 3639 1049 Θεὸς,

2059 1068 2127 1121 τὰ
2153 1071 2372 1140 ῥήματα
2398 1069 2493 1122 τοῦ
2534 1071 2670 1124 Θεοῦ
2704 1071 2882 1124 λαλεῖ·
2911 1092 2930 1124 i
2967 1074 2996 1125 ὃ
3020 1075 3159 1136 ἐστι,
3192 1078 3448 1128 συναινεῖ.
3476 1076 3643 1141 Δοξά-

2058 1159 2210 1223 ζεται
2255 1161 2313 1213 δὲ
2345 1161 2438 1214 καὶ
2489 1162 2548 1214 τὸ
2573 1162 2726 1230 ἅγιον
2758 1163 2980 1233 Πνεῦμα
3005 1164 3092 1217 διά
3122 1181 3182 1217 τε
3226 1167 3325 1236 τῆς
3365 1166 3500 1236 πρὸς
3548 1168 3642 1219 τὸν

2061 1250 2278 1321 Πατέρα
2297 1252 2390 1304 καὶ
2419 1251 2509 1304 τὸν
2537 1252 2662 1305 Υἱὸν
2716 1255 2844 1324 περὶ
2879 1253 2975 1306 ὅλα
3009 1253 3308 1318 κοινωνίας,
3350 1256 3443 1309 καὶ
3465 1255 3534 1308 δι’
3564 1249 3643 1310 ὧν

2059 1343 2089 1394 6
2119 1342 2243 1405 Υἱὸς
2270 1343 2397 1414 περὶ
2428 1342 2592 1396 αὑτοῦ
2642 1344 2869 1408 ἀπειλεῖ,
2906 1346 2986 1398 ὅτι
3022 1364 3039 1395 ι
3065 1347 3222 1400 Πᾶσα
3268 1345 3510 1417 ἁμαρτία
3547 1349 3645 1400 καὶ

2066 1431 2379 1503 βλασφημία
2410 1433 2738 1504 ἀφεθήσεται
2787 1438 2896 1499 τοῖς
2947 1434 3273 1508 ἀνθρώποις,
3325 1439 3360 1508 ἡ
3388 1437 3444 1490 δὲ
3481 1439 3562 1502 εἰς
3581 1438 3644 1491 τὸ

2061 1523 2632 1597 Πνεῦμα-βλασφημία
2668 1527 2766 1580 οὐκ
2797 1525 2922 1598 [218
2955 1526 3008 1599 α]
3041 1528 3392 1600 ἀφεθήσεται.

391 1622 488 1676 per
517 1610 878 1665 omuimodam
913 1627 1033 1666 cum
1071 1613 1229 1668 Patre
1259 1622 1314 1668 et
1339 1613 1474 1669 Filio
1507 1616 1942 1671 communionem
1967 1660 1981 1684 ,
2025 1625 2136 1671 tum
2175 1633 2271 1686 per
2317 1633 2376 1672 ea
2418 1633 2538 1687 qua).
2574 1618 2812 1672 minatur
2850 1618 3016 1674 Filius
3052 1620 3300 1689 inquiens
3357 1623 3424 1675 de
3480 1620 3640 1690 ipso:

399 1721 418 1753 ι
447 1703 618 1757 Omne
676 1702 752 1774 (8)
801 1713 1078 1773 peccatum
1136 1713 1189 1760 et
1260 1705 1592 1776 blasphemia
1646 1707 1956 1763 remittetur
1994 1708 2334 1779 hominibus,
2408 1712 2742 1783 blaSphemia
2779 1721 2958 1768 autem
2994 1711 3047 1766 in
3118 1710 3379 1781 Spiritum
3411 1726 3518 1766 non
3557 1727 3644 1766 re-

396 1798 660 1854 mittetur.
695 1817 713 1850 i

1024 1891 1177 1947 CAP.
1221 1892 1354 1947 XLI.

468 1991 547 2038 Ac
589 1984 1041 2042 Montanistarum
1070 2000 1226 2041 error
1256 1987 1308 2038 in
1341 1985 1426 2039 his
1457 1985 1665 2054 positus
1696 1995 1780 2040 est
1808 2003 1821 2039 :

475 2076 516 2130 Ι.
547 2073 729 2131 Primo
761 2077 1029 2130 temerarii
1053 2077 1142 2130 isti
1163 2078 1488 2132 divinatores
1505 2078 1654 2133 aiunt
1669 2094 1830 2132 unam
1844 2093 1969 2134 esse

397 2183 686 2236 personam
713 2168 873 2220 trium
901 2167 1202 2220 divinarum
1231 2167 1601 2237 hypostasium
1636 2186 1651 2235 ;
1683 2168 1969 2224 Montanus

400 2260 580 2322 enim,
618 2258 895 2326 inquiunt,
929 2259 1105 2312 dixit:
1140 2259 1249 2326 Ego
1286 2273 1405 2312 sum
1436 2259 1619 2322 Pater,
1649 2269 1704 2314 et
1737 2259 1909 2313 Filius
1938 2299 1954 2324 ,

401 2355 456 2400 et
482 2345 816 2400 Paracletus.
849 2345 999 2412 Quod
1036 2359 1095 2400 ut
1130 2346 1392 2414 probent,
1430 2348 1752 2402 stultissime
1795 2349 1968 2402 inter-

404 2446 686 2506 pretantur
719 2451 836 2504 quze
862 2436 1162 2490 rectissime
1197 2437 1332 2490 dixit
1361 2437 1528 2490 Filius
1558 2454 1571 2490 :
1604 2454 1623 2488 ι
1661 2438 1770 2506 Ego
1804 2435 1882 2508 (9)
1915 2439 1969 2492 iu

403 2523 592 2588 Patre,
629 2535 683 2580 et
718 2524 877 2580 Pater
909 2526 961 2579 in
998 2540 1082 2580 me
1105 2542 1156 2591 ;ι
1186 2534 1240 2580 et
1278 2542 1293 2579 :
1341 2542 1360 2575 ι
1397 2525 1684 2581 Vcniemus
1719 2526 1832 2597 (10)
1870 2541 1970 2595 ego

405 2627 459 2668 et
519 2616 678 2670 Pater
729 2631 905 2681 meus,
953 2624 1009 2670 et
1062 2617 1395 2671 mansionem
1437 2617 1578 2684 apud
1623 2631 1747 2672 eum
1799 2618 1969 2672 facie-

405 2721 565 2774 mus;
593 2726 610 2757 i
643 2716 694 2760 et
724 2725 738 2760 :
770 2725 788 2758 ι
820 2706 930 2776 Ego
959 2706 1069 2778 (11)
1102 2716 1153 2760 et
1187 2707 1345 2762 Pater
1379 2723 1545 2762 unum
1575 2723 1762 2763 sumus
1788 2727 1803 2774 ;
1826 2729 1845 2761 ι
1867 2718 1921 2763 et
1954 2727 1968 2764 :

411 2817 430 2849 ι
460 2798 559 2864 Qui
597 2799 708 2870 (12)
741 2799 872 2854 vidit
899 2813 1018 2865 me,
1047 2799 1182 2853 vidit
1211 2798 1463 2864 Patrem;
1501 2819 1520 2850 ι
1552 2809 1606 2854 et
1633 2819 1645 2853 :
1675 2819 1694 2852 ι
1728 2799 1973 2855 Paracle-

407 2900 492 2943 ius
525 2890 634 2960 (15)
657 2929 672 2953 ,
710 2905 867 2958 quem
905 2890 1086 2945 mittet
1113 2889 1272 2943 Pater
1307 2890 1359 2943 in
1389 2891 1607 2944 nomine
1640 2905 1782 2945 meo.
1819 2910 1836 2942 ι
1864 2889 1971 2944 Sed

407 2984 524 3037 hac
555 2981 733 3036 omnia
757 3021 771 3047 ,
806 2992 864 3035 ut
894 2981 1143 3050 superius
1169 2981 1368 3034 dictum
1391 2989 1473 3035 est
1494 3020 1510 3044 ,
1544 2997 1703 3035 unam
1733 2991 1786 3036 et
1811 2997 1970 3035 unam

408 3081 463 3126 et
493 3088 652 3126 unam
685 3086 972 3140 personam
1017 3071 1329 3140 signiﬁcant
1375 3087 1496 3124 cum
1547 3074 1761 3140 pr0pria
1795 3073 1975 3126 subsi-

410 3165 607 3218 SIeutia
645 3164 694 3217 in
727 3178 832 3216 una
865 3162 1071 3216 deitate
1099 3169 1153 3215 et
1185 3162 1496 3215 concordia.
1530 3161 1638 3216 Nec
1671 3164 1814 3217 enim
1851 3165 1968 3217 ait:

2692 1892 2849 1944 ΚΕΦ.
2877 1890 3012 1944 MA'.

2139 1987 2246 2040 Καὶ
2277 1982 2656 2040 Μοντανιστῶν
2684 1984 2717 2053 ἡ
2750 1981 2923 2051 πλάνη
2955 1982 3012 2033 ὲν
3035 1979 3244 2044 τούτοις
3265 1996 3278 2010 '

2137 2078 2214 2130 A'.
2239 2076 2483 2146 Πρῶτον,
2538 2074 2620 2127 ὅτι
2655 2072 3119 2136 ἁπομαντεύονται
3181 2069 3238 2123 ἓν
3259 2070 3550 2142 πρόσωπον
3574 2064 3650 2124 εἴ·

2068 2183 2157 2220 ναι
2190 2165 2298 2219 τῶν
2343 2165 2510 2236 τριῶν
2569 2163 2729 2216 θείων
2777 2161 3157 2215 ὑποστάσεων·
3190 2161 3466 2225 Μοντανὸς
3515 2163 3646 2232 γὰρ,

2071 2257 2254 2326 φησιν,
2295 2253 2446 2308 εἶπεν
2469 2272 2483 2285 ο
2522 2273 2539 2306 ι
2565 2253 2704 2318 Ἐγώ
2730 2255 2844 2323 εἰμι
2871 2255 2899 2305 6
2920 2251 3134 2324 Πατὴρ,
3185 2254 3279 2305 καὶ
3301 2255 3328 2305 6
3356 2252 3508 2316 Υἱὸς,
3555 2253 3649 2305 καὶ

2069 2348 2098 2400 6
2131 2347 2502 2418 Παράκλητος.
2534 2364 2554 2398 ι
2619 2345 2728 2398 Kal.
2787 2344 2923 2415 πρὸς
2947 2343 3205 2397 σύστασιν
3258 2343 3419 2414 δῆθεν
3459 2341 3648 2396 τούτου

2071 2439 2451 2510 προφέρουσιν,
2500 2435 2679 2506 πάσης
2746 2434 3010 2497 ἰδιωτείας
3072 2433 3332 2486 ἐπέκεινα
3382 2435 3647 2497 νοοῦντες,

2070 2535 2209 2604 ὅπερ
2243 2531 2561 2601 θαυμασίως
2613 2523 2764 2581 εἶπεν
2786 2529 2814 2580 6
2849 2526 2975 2590 Υἱός
2994 2543 3008 2556 ’
3049 2546 3068 2577 ι
3089 2525 3230 2594 Ἐγὼ
3259 2527 3316 2579 ὲν
3343 2526 3420 2597 τῷ
3454 2527 3648 2597 Πατρὶ,

2072 2624 2167 2678 καὶ
2194 2625 2222 2675 ὁ
2249 2621 2440 2692 Πατὴρ
2470 2622 2529 2672 ὲν
2559 2619 2680 2690 ὲμοί
2703 2635 2717 2650 ο
2749 2638 2768 2670 ι
2827 2618 2941 2681 καὶ,
2982 2635 3001 2668 ι
3024 2617 3384 2687 Ἐλευσὸμεθα
3417 2616 3527 2686 ἐγὼ
3556 2619 3652 2675 καὶ

2073 2717 2101 2768 ὁ
2129 2715 2319 2784 Πατήρ
2360 2730 2484 2782 μου,
2539 2711 2634 2763 καὶ
2694 2710 2858 2780 μονὴν
2894 2709 3024 2779 παρ’
3069 2708 3216 2778 αὐτῷ
3271 2700 3645 2778 ποιήσομεν»

2073 2805 2186 2869 καὶ,
2224 2823 2242 2854 ι
2267 2802 2406 2871 Ἐγὼ
2434 2802 2529 2855 καὶ
2552 2803 2580 2854 6
2605 2801 2791 2871 Πατὴρ
2812 2800 2871 2851 ἓν
2905 2801 3069 2870 ἐσμεν
3094 2817 3107 2831 ’
3139 2817 3157 2849 ι
3195 2800 3309 2863 καὶ,
3345 2818 3363 2849 ι
3386 2799 3442 2851 '0
3470 2800 3647 2867 ἑωρα-

2073 2894 2185 2958 κὼς
2233 2893 2332 2963 ἐμὲ
2360 2891 2602 2962 ἑώρακεν
2631 2891 2721 2944 τὸν
2755 2890 2972 2960 Πατέρα
2992 2908 3005 2920 υ
3028 2909 3045 2940 ι
3075 2887 3186 2948 καὶ.
3222 2907 3240 2939 ι
3265 2889 3319 2941 Ὀ
3352 2888 3646 2956 Παράκληο

2072 3004 2184 3051 τος,
2207 2987 2265 3039 ὃν
2295 2985 2498 3054 πέμψει
2531 2985 2558 3036 6
2579 2983 2769 3053 Πατὴρ
2813 2985 2871 3035 ὲν
2902 2982 2978 3052 τῷ
2999 2981 3114 3053 ὲμῷ
3136 2980 3376 3050 ὀνόματι.
3410 2997 3428 3030 ›
3466 2978 3649 3032 Ταῦτα

2074 3076 2130 3130 δὲ
2159 3074 2357 3139 πάντα,
2387 3073 2462 3136 ὡς
2489 3074 2584 3126 καὶ
2631 3071 2886 3140 ἀνωτέρω
2921 3072 3153 3140 εἴρηται,
3181 3066 3237 3120 ἓν
3266 3065 3360 3118 καὶ
3380 3065 3436 3118 ἓν
3463 3064 3559 3118 καὶ
3589 3063 3649 3116 ἓν

2076 3166 2365 3237 πρόσωπον
2419 3163 2794 3224 ἰδιοσυστάτως
2845 3160 2994 3231 δηλοῖ
3043 3162 3098 3212 ὲν
3133 3160 3229 3229 μιᾷ
3283 3157 3499 3226 θεότητι
3559 3156 3651 3209 καὶ

413 3257 522 3324 Ego
569 3267 623 3309 et
679 3254 839 3308 Pater
870 3267 1032 3306 unum
1061 3267 1213 3316 sum,
1259 3254 1351 3306 sed
1377 3293 1392 3317 ,
1421 3273 1439 3304 ι
1474 3251 1649 3307 Unum
1687 3269 1892 3308 sumus.
1950 3273 1967 3304 ι

2077 3256 2382 3328 συμφωνία.
2411 3255 2486 3308 Οὐ
2504 3254 2610 3325 γὰρ
2635 3248 2786 3305 εἶπεν
2807 3269 2819 3281 ο
2858 3250 2998 3318 Ἐγὼ
3029 3252 3119 3303 καὶ
3146 3253 3174 3303 ὁ
3195 3247 3380 3319 Πατὴρ
3412 3249 3471 3300 ἓν
3513 3248 3649 3317 εἰμι,

409 3340 576 3419 446
608 3345 703 3400 llis
731 3345 864 3400 satis
899 3358 1083 3398 eorum
1138 3344 1406 3398 dementia
1473 3359 1536 3399 ac
1583 3359 1746 3414 prava
1795 3345 1976 3415 opinio

413 3437 699 3494 refellitur.

483 3529 547 3585 ll.
577 3530 824 3584 Secundo
851 3543 972 3582 eum
1002 3525 1288 3597 Apostolus
1308 3525 1897 3597 Corintliiisscripserit
1923 3529 1972 3582 iu

411 3624 582 3692 prima
609 3619 843 3690 Epistola
868 3638 881 3673 :
911 3619 1066 3673 (Sive
1087 3617 1199 3689 (14)
1221 3618 1516 3685 prophetia:
1543 3620 1971 3682 evacuabunliir,

413 3714 527 3766 sive
556 3711 752 3777 lingua:
783 3708 1109 3766 cessabunt,
1141 3705 1254 3760 sive
1278 3707 1502 3759 scientia
1530 3704 1838 3760 destruetur
1864 3724 1878 3759 :
1907 3721 1972 3760 ex

418 3812 569 3871 parte
601 3799 744 3854 enim
772 3797 1150 3868 cognoscimus
1169 3837 1186 3862 ,
1209 3806 1264 3851 et
1284 3811 1347 3850 ex
1377 3807 1530 3865 parte
1551 3797 1935 3866 prophetamus
1960 3815 1973 3851 :

416 3907 534 3944 eum
569 3901 745 3943 autem
775 3889 979 3943 venerit
1010 3887 1152 3957 quod
1181 3886 1482 3957 perfectum
1514 3897 1595 3941 est
1615 3926 1628 3951 ,
1661 3897 1788 3941 tunc
1835 3887 1980 3956 quod

417 4001 478 4037 ex
523 3992 673 4050 parte
699 3989 782 4036 est
807 4020 821 4044 ,
856 3979 1226 4044 evacuabitur,
1257 3997 1276 4029 ι
1299 3978 1401 4046 ipsi
1438 3979 1622 4044 aiunt,
1672 3977 1978 4031 Montanum

417 4076 631 4129 venisse
659 4114 675 4139 ,
715 4085 771 4128 et
810 4072 1106 4142 perfectum
1150 4071 1268 4142 (15)
1298 4069 1398 4140 (id
1430 4078 1513 4123 est
1554 4067 1980 4136 perfectionem)

416 4171 712 4234 Paracleti,
745 4171 846 4224 hoc
873 4176 955 4222 est
976 4205 992 4231 ,
1031 4165 1270 4233 Spiritus
1304 4161 1516 4223 sancti,
1551 4159 1805 4214 habuisse
1834 4178 1847 4213 :
1883 4173 1982 4213 nec

417 4283 480 4319 ea
517 4280 633 4333 qua:
662 4264 951 4326 adduntur,
995 4260 1317 4322 attendunt;
1365 4255 1545 4309 statim
1582 4255 1725 4308 enim
1757 4253 1872 4307 h:ec
1897 4266 1985 4307 se-

419 4365 692 4425 quuntur:
729 4373 747 4404 (
782 4352 1011 4420 Quando
1039 4349 1154 4420 (16)
1182 4363 1331 4402 eram
1375 4345 1631 4415 parvulus
1659 4383 1674 4411 ,
1722 4343 1985 4413 loquebar

2087 3350 2240 3412 ἀλλὰ,
2279 3350 2407 3402 «Ἕν
2437 3349 2619 3417 ἐσμεν.
2653 3366 2669 3397 i
2698 3345 2807 3399 Καὶ
2828 3345 3123 3415 κατηγορεῖ
3150 3340 3322 3398 ταῦτα
3336 3341 3433 3410 τῆς
3469 3339 3654 3401 ἀνοίας

2083 3442 2261 3496 αὐτῶν
2283 3441 2374 3493 καὶ
2406 3437 2742 3503 κακοδοξίας.

2153 3532 2227 3587 B’.
2259 3530 2538 3601 Δεύτερον,
2564 3529 2644 3582 ὃτι
2662 3526 2754 3580 τοῦ
2788 3525 3103 3578 Ἀποστόλου
3129 3522 3436 3593 γράψαντος
3456 3523 3650 3589 Κοριν-

2083 3623 2215 3686 θίοις
2237 3625 2294 3675 ἐν
2313 3625 2378 3692 τῇ
2411 3620 2600 3692 πρώτῃ
2640 3616 2920 3685 Ἐπιστολῇ
2941 3631 2958 3648 ι
2999 3633 3016 3666 ι
3038 3615 3160 3667 Εἴτε
3176 3613 3497 3685 προφητεῖαι
3525 3627 3653 3662 κατο

2081 3714 2501 3786 αργηθήσονται,
2536 3709 2646 3762 εἴτε
2699 3707 2938 3777 γλῶσσαι
2969 3704 3288 3767 παύσονται,
3324 3703 3431 3755 εἴτε
3456 3700 3654 3770 γνῶσις

2085 3800 2585 3871 καταργηθήσεται·
2620 3798 2684 3849 ὲκ
2756 3796 2955 3867 μέρους
3011 3795 3120 3864 γὰρ
3171 3791 3531 3862 γινώσκομεν,
3563 3792 3657 3843 καὶ

2085 3894 2148 3945 ὲκ
2174 3891 2370 3962 μέρους
2408 3888 2817 3961 προφητεύομεν
2841 3905 2853 3917 ·
2888 3887 3014 3939 ὅταν
3069 3886 3126 3939 δὲ
3177 3885 3306 3957 ἔλθῃ
3338 3884 3399 3938 τὺ
3429 3884 3651 3946 τέλειον,

2071 3984 2207 4038 ,τότε
2235 3983 2298 4034 τὸ
2318 3984 2382 4035 ὲκ
2411 3982 2610 4052 μέρους
2642 3979 3118 4050 καταργηθήσεται
3144 3994 3156 4007 ·
3190 3995 3208 4027 i
3253 3977 3447 4029 ἐκεῖνοι
3479 3975 3657 4042 λέγου-

2091 4090 2172 4126 σιν
2195 4073 2284 4125 τὸν
2327 4070 2600 4124 Μοντανὸν
2628 4068 2964 4141 ἐληλυθέναι,
3013 4067 3109 4120 καὶ
3167 4065 3456 4136 ἐσχηκέναι
3479 4063 3540 4115 τὸ
3566 4062 3656 4114 τέ-

2091 4159 2232 4212 λειον
2251 4158 2314 4211 τὸ
2337 4157 2430 4210 τοῦ
2464 4157 2841 4228 Παρακλήτου,
2900 4156 3044 4208 τοῦτ’
3091 4155 3236 4208 ἔστιν
3264 4154 3324 4206 τὸ
3377 4150 3470 4206 τοῦ
3501 4150 3656 4219 ἁγίου

2092 4248 2405 4318 Πνεύματος
2424 4263 2437 4276 ⁸
2471 4246 2531 4298 οὐ
2560 4245 2912 4316 προσέχοντες
2951 4243 3076 4315 [218
3110 4242 3163 4314 b]
3195 4245 3305 4305 τοῖς
3333 4237 3657 4311 προσκειμέ-

2093 4357 2224 4404 νοις.
2250 4340 2402 4409 Ἔχει
2433 4337 2542 4408 γὰρ
2587 4337 2745 4399 εὐθὺς
2769 4353 2781 4365 ·
2819 4354 2837 4386 ‹
2861 4336 2988 4388 Ὅτε
3017 4333 3162 4404 ἤμην
3195 4334 3404 4404 νήπιος,
3439 4328 3658 4382 ἐλάλουν

418 4424 477 4505 ut
506 4449 791 4519 parvulus,
822 4445 1123 4517 cogitabam
1153 4452 1211 4498 ut
1243 4441 1497 4512 parvulus
1524 4455 1540 4505 ;
1569 4437 1783 4508 quando
1813 4436 1971 4490 factu:

2094 4432 2168 4494 ὡς
2193 4430 2403 4501 νήπιος,
2432 4427 2752 4499 ἐλογιζόμην
2785 4425 2859 4490 ὡς
2893 4427 3081 4496 νήπιος
3106 4442 3118 4454 ·
3147 4426 3236 4478 ὅτε
3269 4425 3466 4493 γέγονα
3498 4424 3656 4494 ἀνὴρ,

420 4633 746 4692 exposuerat
781 4623 834 4676 iu
863 4620 956 4675 lib.
991 4620 1068 4673 De
1095 4619 1189 4688 Sp.
1219 4625 1419 4692 sancto,
1452 4630 1599 4692 num.
1632 4609 1821 4666 36-38.
1863 4609 1979 4663 Pla-
2013 4616 2057 4669 ι)
2083 4606 2198 4692 l‘ion
2228 4607 2402 4692 Jeuiirri
2441 4621 2494 4692 al
2515 4603 2833 4692 semetipso
2868 4597 3660 4692 l?}!li9lll_l:f‘l:ﬁl(‘3d‘?i(iljLagi???

421 4685 506 4748 rei
536 4693 656 4745 inde
683 4695 797 4747 lia'c
814 4685 1169 4746 exscribere:
1204 4706 1222 4737 ι
1259 4686 1406 4740 llauc
1429 4685 1733 4752 opinionem
1760 4694 1980 4752 sequen-

423 4765 494 4816 tia
526 4763 733 4815 Domini
770 4763 928 4814 verba
963 4759 1279 4812 confirmant
1311 4773 1324 4807 :
1378 4749 1478 4809 Ille
1523 4770 1606 4806 me
1661 4749 1978 4804 clariﬁcabit

426 4832 573 4905 (cod.
614 4826 1214 4905 noste_r,‘gloriﬁcabit],
1242 4825 1296 4905 id
1330 4835 1441 4904 est,
1491 4820 1978 4905 Paracletu's,qui‘a

424 4890 490 4957 ile
519 4915 636 4955 meo
666 4890 1290 4972 accipietaltiirsuiu‘hic
1331 4895 1650 4972 accipere-iit
1671 4890 1864 4972 divina:
1893 4901 1980 4940 iia-

423 4987 556 5029 tura:
596 4959 881 5041 conveniat
916 4967 1059 5041 [cod.
1083 4974 1316 5041 _noster,
1367 4959 1625 5040 convenit]
1671 4959 1978 5041 iuﬂteltigcu-

422 5028 570 5095 ilum.
612 5028 893 5108 Quomodo
919 5028 1054 5108 Ergo
1083 5035 1229 5108 [cei].
1264 5028 1444 5090 uester
1479 5028 1675 5108 rectius
1710 5028 1975 5108 fortasse:

431 5098 705 5180 Quomodo
737 5107 900 5180 enim]
934 5098 1105 5180 Filius
1129 5106 1262 5162 dans
1296 5117 1398 5156 non
1426 5101 1675 5180 privatur
1733 5098 1814 5180 bis
1865 5111 1984 5174 qua:

430 5167 633 5245 iribuit,
667 5193 841 5246 neque
875 5167 994 5232 cum
1021 5177 1229 5248 (damno
1273 5187 1372 5248 suo
1426 5167 1682 5248 iiupertit_
1711 5167 1851 5248 aliis,
1905 5167 1985 5248 sic

429 5259 479 5303 ct
510 5237 885 5315 Spiritus-lion
917 5246 1115 5313 accipit
1143 5244 1285 5315 quod
1339 5249 1462 5294 ante
1514 5256 1618 5315 non
1671 5237 1874 5315 habuit.
1929 5237 1986 5287 Si

427 5307 572 5372 enini
608 5318 751 5386 quod
777 5318 926 5385 prius
954 5307 1060 5369 non
1095 5307 1328 5386 habebat
1357 5311 1565 5378 accepit
1597 5307 1736 5384 [cod.
1767 5315 1987 5386 poster,

431 5376 674 5451 accipit],
705 5376 967 5441 translato
999 5386 1051 5438 iii
1088 5383 1251 5436 alium
1282 5376 1504 5451 munere
1527 5376 1735 5451 vacuus
1765 5376 1992 5442 largitor

431 5447 783 5523 ctl‘ec'tus'est,
818 5469 1037 5511 cessans
1075 5453 1273 5507 habere
1301 5450 1442 5523 quod
1477 5447 1725 5523 tribuit.)

502 5525 578 5595 (ὅ)
645 5515 885 5581 Αὺιιὲἱυθ.
937 5525 1138 5579 Eadem
1189 5515 1346 5578 docet
1392 5519 1484 5573 lib.
1535 5515 1613 5569 De
1655 5517 1748 5582 Sp.
1801 5524 2000 5578 sancto,

435 5611 584 5729 "ﬂigi
614 5597 787 5718 236m.
817 5664 970 5718 Joan.
1005 5679 1055 5722 v,
1085 5661 1171 5715 30.
1202 5660 1257 5714 lii
1284 5660 1377 5713 lib.
1407 5657 1479 5710 De
1507 5655 1600 5730 Sp.
1623 5663 1825 5730 sancto,
1851 5669 1995 5730 quin.

440 5721 528 5791 36,
561 5721 673 5785 lucc
718 5735 943 5800 legimus
974 5750 986 5783 :
1036 5721 1052 5780 ι
1087 5730 1162 5786 Ne
1191 5732 1312 5798 quis
1349 5730 1493 5781 illum
1523 5721 1553 5777 ar
1583 5727 1757 5800 Patris
1793 5733 1846 5776 et
1878 5721 1996 5774 Filii

443 5802 713 5856 voluntate
749 5796 798 5856 ci
834 5804 1093 5856 societate
1153 5796 1505 5862 iliSt'oriierct,
1553 5796 1814 5867 scriptum
1871 5802 1990 5846 est:

2085 4677 2332 4743 loquetur
2362 4673 2566 4746 (codex
2617 4662 2835 4746 nOsier:
2883 4662 3018 4746 sicut
3043 4669 3239 4746 _audiet
3275 4676 3332 4746 et
3372 4662 3652 4746 loquetur}:

2085 4732 2182 4801 Cui
2220 4732 2583 4799 etiaui‘simile
2611 4742 2680 4795 de
2706 4758 2764 4796 se
2793 4741 2908 4808 ipso
2965 4740 3214 4792 Salvator
3264 4735 3341 4787 ait
3369 4732 3464 4808 τις(
3501 4732 3657 4808 Sicut

2088 4800 2271 4877 audio,
2311 4823 2367 4869 et
2399 4814 2418 4883 (
2454 4811 2640 4867 vocula
2695 4820 2744 4864 et
2781 4800 2933 4865 deest
2970 4808 3025 4861 iii
3078 4815 3264 4860 nostro
3310 4800 3519 4872 codice)
3561 4800 3654 4868 ju-

2090 4887 2232 4940 dico.
2269 4903 2286 4936 ι

2157 4954 2236 5021 (7)
2266 4953 2389 5016 Qui.
2419 4949 2577 5021 Joaii.
2607 4963 2694 5021 I_Ii,
2725 4948 2813 5010 53,
2835 4944 2963 5021 _'_5i.

2159 5015 2235 5093 (8)
2265 5015 2452 5093 Quane.
2491 5018 2678 5071 Matth.
2709 5015 2923 5093 xti,_51.

2158 5087 2234 5157 ('9)
2265 5089 2396 5157 Ego.
2427 5087 2582 5150 Joan-
2620 5101 2731 5147 “vi
2754 5087 2853 5157 κῃ]

2160 5155 2274 5234 (ω)
2315 5155 2615 5234 leniamus.
2652 5155 2909 5234 lbid_.A25.

2192 5232 2273 5296 l1)
2305 5229 2440 5296 Ego.
2470 5225 2632 5296 (Joan.
2667 5240 2724 5289 ι,
2759 5224 2850 5296 50.

2192 5233 2243 5285 Η
2305 5233 2440 5296 Ego.
2477 5233 2632 5280 Joan.
2667 5240 2724 5289 ι,
2759 5233 2844 5278 δυ.

2161 5233 2275 5371 ili;
2308 5298 2431 5371 Qui.
2458 5294 2614 5371 Joan.
2647 5309 2759 5371 xiv,
2782 5294 2844 5371 _9.

2194 5361 2280 5437 1'5)
2320 5361 2647 5437 Βαΐας-ιδίας.
2681 5361 2815 5420 Ibid.
2843 5363 2934 5417 26.

2201 5432 2282 5506 14)
2314 5433 2502 5506 Sive.l
2539 5434 2818 5506 ϐοὴ-χιιι,
2857 5432 3008 5488 8—10.

2184 5501 2298 5580 (15')
2330 5505 2647 5580 Perfectum.
2676 5501 2732 5555 lu
2767 5503 3301 5580 ProsperiCIiroiiico
3335 5513 3464 5557 tom.
3500 5501 3515 5553 Ι
3556 5503 3663 5580 51n-

2112 5569 2237 5649 liqq.
2277 5569 2400 5649 'le‘ct.
2433 5569 2649 5649 :CtllliSii
2703 5588 2828 5649 pag.
2865 5569 2972 5628 282
3023 5576 3132 5629 haec
3184 5575 3465 5649 leguntur}
3504 5569 3664 5649 [Hoc

2108 5641 2281 5703 autem
2313 5644 2608 5711 Perfectum
2633 5645 2683 5696 iu
2706 5642 3035 5706 Montanum,
3075 5655 3129 5699 et
3155 5641 3268 5712 ejus
3301 5641 3662 5712 proplictissas

2108 5719 2318 5772 venisse
2346 5717 2590 5767 delirant.
2626 5731 2642 5763 ι

2180 5786 2287 5856 (16)
2330 5783 2570 5848 Quando.
2610 5782 2776 5837 ltlor.
2819 5798 2934 5848 xui,
2970 5783 3026 5836 1l
3061 5794 3108 5838 ct
3148 5782 3228 5836 12.
