4108 6414
287 444 396 503 985

1352 452 1443 509 DE
1480 452 1855 510 TBINITATE
1890 454 2095 511 LIBER
2137 456 2458 514 TERTIUS.

3447 458 3549 516 986

284 563 614 636 κατήργηκα
666 562 737 617 τά
789 562 884 618 τοῦ
930 566 1150 636 νηπίου.
1201 567 1480 639 Βλέπομεν
1523 569 1633 643 γὰρ
1658 570 1783 643 ἄρτι
1807 569 1874 624 δι’

1979 584 2098 625 sum
2125 571 2228 638 vir,
2255 572 2513 627 evacuavi
2543 563 2662 642 quin
2681 579 2838 627 erant
2859 571 3093 642 parvuli.
3126 571 3382 628 Videmus
3404 573 3549 628 enim

285 654 556 726 ἐσόπτρου
578 655 636 707 ἐν
668 654 950 725 αἰνίγματι
965 673 979 686 ’
1001 656 1120 710 τότε
1141 657 1199 710 δὲ
1222 658 1510 727 πρόσωπον
1540 661 1678 732 πρὸς
1705 660 1874 732 πρόσ-

285 743 654 811 ωπον.,’Λρτι
703 741 1046 815 γινώσκομεν
1105 747 1169 799 ἐκ
1216 746 1443 817 μέρους·
1474 747 1596 800 τότε
1649 748 1707 800 δὲ
1755 749 1875 799 ἐπι-

287 832 629 904 γνωσόμεθα,
670 832 853 897 καθὼς
871 836 967 888 καὶ
990 835 1308 909 ἐπεγνώσθη
1318 853 1436 907 μεν.
1470 857 1488 889 ι
1510 836 1667 890 Τοῦτ’
1685 836 1832 889 ἔστιν
1854 852 1870 867 ο

289 924 469 995 "Amp
500 922 595 977 νῦν
653 922 944 988 ἀκούοντες
974 924 1079 977 ὑπὸ
1117 924 1227 978 τῶν
1259 925 1491 998 Γραφῶν
1545 924 1872 996 πιστεύομεν

288 1013 450 1082 εἶναι,
500 1016 640 1088 μετά
692 1017 792 1088 τὴν
831 1018 1127 1072 ἀνάστασιν
1159 1021 1223 1090 τῇ
1254 1020 1373 1088 ὄψει
1413 1018 1740 1090 θεασόμεθα,
1778 1019 1874 1072 καὶ

287 1110 369 1178 τῷ
397 1109 683 1180 πράγματι
711 1108 1056 1180 γνωσόμεθα,
1080 1109 1175 1179 τῆς
1206 1110 1438 1181 μερικῆς
1465 1108 1718 1177 γνώσεως
1734 1125 1875 1162 παυ-

292 1201 567 1272 σαμένης·
602 1202 636 1272 ή
684 1200 791 1272 γάρ
805 1198 1028 1269 ⁴γνῶσις,
1065 1203 1098 1273 ή
1146 1201 1205 1268 ἐξ
1233 1203 1421 1271 ἀκοῆς,
1453 1201 1554 1271 τῆς
1602 1201 1872 1255 αὐτόπτου

288 1291 546 1362 γνώσεως
571 1293 667 1347 καὶ
703 1292 806 1363 τῆς
836 1293 1033 1365 πείρας
1072 1293 1238 1366 μέρος
1262 1294 1425 1346 ἐστίν.
1451 1289 1576 1347 Οἷον
1594 1293 1690 1347 νῦν
1713 1292 1875 1347 ἀκού-

289 1402 441 1449 οντες
470 1383 803 1457 πιστεύομεν
835 1384 963 1455 περὶ
996 1383 1096 1453 τῆς
1139 1383 1397 1456 δευτέρας
1445 1384 1746 1456 παρουσίας
1778 1383 1872 1438 τοῦ

288 1475 582 1539 Δεσπότου,
614 1475 709 1529 καὶ
735 1476 863 1546 περὶ
893 1474 987 1529 τοῦ
1013 1474 1255 1546 βήματος
1277 1474 1574 1541 αὐτοῦ,καὶ
1601 1476 1699 1548 τῆς
1725 1493 1875 1548 τρισ-

294 1568 571 1640 μακαρίας
623 1568 837 1639 φωνῆς’
894 1586 914 1620 ι
941 1567 1127 1635 Δεῦτε,
1164 1571 1225 1622 el
1249 1567 1602 1639 εὐλογημένοι
1641 1567 1734 1621 τοῦ
1762 1569 1875 1622 Πα-

290 1660 417 1732 τρός
451 1676 584 1731 μου,
645 1660 1090 1732 κληρονομήσατε
1137 1660 1237 1731 τὴν
1290 1660 1694 1731 ἡτοιμασμένην
1745 1659 1873 1727 ὑμῖν

294 1751 596 1823 βασιλείαν⁸
618 1771 636 1804 ι
672 1752 793 1805 τότε
814 1754 880 1823 τῇ
914 1750 1013 1823 θέᾳ
1040 1751 1135 1807 καὶ
1184 1754 1251 1822 τῇ
1286 1752 1453 1823 πείρᾳ.
1493 1749 1871 1822 μαθησόμεθα.

292 1841 408 1896 Νῦν
462 1838 749 1903 ἀκούοντες
799 1840 1127 1910 πιστεύομεν
1179 1839 1309 1911 περὶ
1363 1838 1471 1892 τῶν
1505 1838 1677 1906 ἁγίων
1709 1836 1874 1906 ἀγγέ-

1981 675 2122 716 nunc
2151 676 2247 729 per
2273 662 2549 730 speculum
2584 662 2638 715 in
2669 660 2982 727 aenigmate,
3019 672 3146 717 tunc
3191 672 3373 718 autem
3411 662 3552 719 facie

1978 753 2045 807 ad
2079 752 2274 808 faciem
2306 768 2321 805 :
2359 768 2513 806 nunc-
2546 752 2922 821 cognoscimus
2951 768 3017 807 ex
3053 761 3242 821 parte,
3280 762 3407 808 tunc
3454 768 3550 807 au-

1980 853 2085 897 tem
2124 858 2516 913 cognoscemus
2549 843 2692 897 sicut
2725 851 2780 897 et
2807 842 3010 911 cogniti
3043 856 3252 898 sumus.
3289 861 3308 895 ι
3337 844 3389 897 ld
3420 853 3500 899 est
3529 861 3545 899 :

1978 933 2109 999 Qua:
2152 947 2293 987 nunc
2332 947 2364 989 e
2413 931 2713 1003 Scripturis
2760 932 3044 986 audientes
3072 946 3195 985 vera
3222 947 3340 987 esse
3372 936 3549 988 credi-

1978 1037 2131 1085 mus,
2164 1037 2227 1077 ea
2258 1031 2380 1091 post
2410 1023 2867 1078 resurrectionem
2894 1021 3067 1077 oculis
3099 1021 3302 1076 nostris
3338 1023 3550 1077 videbi-

1977 1128 2097 1168 mus
2116 1152 2132 1177 ,
2160 1122 2215 1167 et
2244 1128 2304 1168 re
2334 1114 2445 1182 ipsa
2479 1125 2903 1179 cognoscemus,
2928 1120 3179 1165 cessante
3210 1119 3338 1165 tunc
3364 1112 3551 1181 cogni-

1979 1202 2123 1256 tione
2152 1201 2241 1256 illa
2262 1241 2278 1266 ,
2308 1216 2429 1272 qua:
2452 1217 2517 1256 ex
2548 1211 2701 1272 parte
2721 1209 2807 1256 est
2835 1216 2852 1265 ;
2885 1214 3008 1255 nam
3039 1199 3311 1269 cognitio,
3339 1214 3459 1268 quae
3482 1215 3553 1254 ex

1911 1341 1922 1351 .
1975 1294 2157 1349 auditu
2202 1294 2523 1364 acquiritur,
2576 1308 2703 1365 pars
2736 1302 2820 1347 est
2869 1292 3237 1362 cognitionis,
3283 1306 3445 1361 quam
3480 1307 3550 1347 ex

1975 1386 2092 1454 ipsa
2126 1385 2202 1440 rei
2249 1386 2455 1441 visione
2504 1395 2560 1440 et
2607 1384 2944 1454 experientia
2992 1398 3397 1453 comparamus.
3467 1383 3548 1438 Ita

1976 1490 2120 1530 nunc
2152 1475 2431 1530 audientes
2464 1476 2738 1531 credimus
2779 1490 2902 1545 quae
2942 1475 3010 1530 de
3055 1474 3292 1530 secundo
3337 1473 3550 1529 Domini

1975 1570 2207 1624 adventu
2255 1569 2509 1640 prmdicta
2557 1579 2721 1638 sunt,
2771 1578 2826 1623 et
2872 1571 2938 1625 de
2991 1569 3108 1640 ejus
3160 1568 3448 1633 tribunali,
3487 1583 3552 1624 ac

1975 1660 2286 1715 beatissima
2324 1661 2416 1715 illa
2443 1676 2575 1717 voce
2595 1701 2610 1728 ,
2640 1660 2862 1717 «Venite
2894 1660 3042 1733 (I7),
3075 1661 3341 1716 benedicti
3370 1660 3550 1716 Patris

1977 1754 2111 1819 mei,
2142 1754 2409 1823 possidete
2437 1760 2497 1808 ut
2523 1755 2766 1811 haerech
2796 1763 3039 1825 paratum
3070 1753 3222 1809 vobis
3251 1768 3472 1824 regnum
3494 1770 3543 1819 ςι

1979 1853 2108 1900 tunc
2142 1860 2269 1901 vero
2302 1860 2399 1915 per
2455 1847 2717 1902 visionem
2768 1856 2824 1902 et
2874 1845 3265 1917 experientiam
3315 1846 3419 1902 ista
3463 1846 3549 1901 di-

291 1928 402 1982 λων
422 1944 435 1957 ·
483 1928 605 1981 τότε
653 1926 792 1981 κατά
850 1928 1139 1999 πρόσωπον
1187 1926 1636 1998 λειτουργοῦντας
1682 1927 1875 1990 αὐτοὺς

1979 1952 2194 1993 scemus
2223 1955 2237 1991 :
2273 1952 2421 1993 nunc
2452 1938 2734 1994 audientes
2764 1938 3037 1995 credimus
3071 1953 3190 2007 quae
3236 1938 3303 1993 de
3345 1938 3549 1993 sanctis

291 2019 556 2091 ὀψόμεθα.
589 2019 703 2073 Νῦν
747 2018 1035 2084 ἀκούοντες
1067 2019 1413 2091 πιστεύομεν,
1457 2041 1473 2071 ι
1502 2021 1569 2073 Ἀ
1594 2018 1870 2090 ὀφθαλμὸς

290 2114 390 2169 οὐκ
419 2112 545 2176 ἴδεν,
598 2111 692 2165 καὶ
718 2107 810 2175 οῦς
836 2111 935 2165 οὐκ
971 2112 1222 2182 ήκουσεν,
1256 2113 1352 2175 καὶ
1399 2112 1491 2165 ἐπὶ
1522 2111 1749 2182 καρδίαν
1774 2111 1869 2165 ἀν-

292 2204 509 2279 θρώπου
554 2205 655 2258 οὐκ
683 2203 871 2276 ἀνέϐη,
920 2204 1020 2257 ὅσα
1044 2203 1336 2274 ἡτοίμασεν
1380 2205 1410 2257 ό
1438 2202 1570 2265 Θεὸς
1594 2204 1709 2266 τοῖς
1736 2203 1875 2272 ἀγα-

291 2296 468 2351 πῶσιν
497 2294 657 2349 αὐτόν
677 2310 693 2327 ·
720 2313 739 2346 ι
778 2295 898 2348 τότε
928 2294 1028 2347 οῦκ
1068 2293 1288 2363 ὄψονται
1325 2292 1504 2364 μόνον,
1538 2292 1674 2346 ἀλλά
1698 2293 1791 2345 καὶ
1815 2294 1873 2348 ἐν

291 2383 589 2440 ἀπολαύσει
606 2383 786 2437 αὐτῶν
811 2385 860 2436 οί
889 2382 1028 2449 ἄξιοι
1051 2382 1338 2452 γένωνται.
1364 2382 1445 2436 Τά
1467 2382 1575 2456 γὰρ
1597 2382 1694 2437 νῦν
1720 2383 1873 2437 κάτω

291 2478 393 2549 τῆς
414 2478 591 2547 ψυχῆς
607 2475 762 2547 ἡμῶν
791 2475 1001 2548 ὄμματι
1023 2475 1133 2529 τῶν
1148 2475 1484 2547 ἐπουρανίων
1512 2475 1698 2546 ἀφανῆ
1722 2474 1876 2528 καθε·

297 2569 498 2636 στῶτα,
515 2570 544 2622 ὁ
572 2568 775 2640 μέλλων
796 2568 909 2640 βίος
940 2585 1074 2639 φανε
1084 2568 1151 2641 ρά
1167 2571 1403 2641 ποιήσει.
1432 2565 1754 2633 ’Δλλέῐπεν,
1774 2586 1875 2640 φη·-

299 2662 407 2726 σὶν,
438 2663 468 2715 ό
498 2659 625 2733 [219
641 2658 698 2731 α]
723 2660 982 2731 Χριστός·
1007 2680 1026 2711 ι
1048 2661 1169 2714 Ἔτι
1190 2660 1362 2714 πολλὰ
1383 2659 1492 2732 ἐχω
1519 2660 1700 2728 λέγειν
1721 2660 1872 2730 ὑμῖν,

299 2753 414 2809 ἀλλ’
438 2754 497 2808 οὐ
519 2752 744 2807 δύνασθε
773 2752 1059 2823 βαστάζειν
1094 2752 1252 2825 ἀρτν
1283 2754 1408 2807 ὅταν
1458 2751 1515 2805 δὲ
1556 2751 1685 2827 ἔλθῃ
1736 2752 1876 2805 ὲκεί-

296 2862 407 2910 νος,
426 2846 487 2900 τὸ
508 2845 731 2917 Πνεῦμα
752 2845 853 2917 τῆς
868 2844 1146 2915 ἀληθείας,
1163 2844 1418 2916 ὁδηγήσει
1434 2845 1576 2916 ὑμᾶς
1596 2846 1676 2908 είς
1696 2844 1876 2898 πᾶσαν

295 2939 395 3010 τὴν
415 2937 672 3010 ἀλήθειαν
693 2956 703 2968 ·
726 2955 746 2990 ι
805 2937 919 2998 καὶ,
955 2955 973 2987 ι
996 2936 1113 3006 Ἀφ’
1148 2935 1340 2990 ἑαυτοῦ
1369 2937 1431 2991 ού
1466 2937 1707 3009 λαλήσει,
1760 2935 1874 2990 ἀλλ’

300 3032 364 3084 ἐκ
382 3028 475 3083 τοῦ
496 3029 631 3101 ἐμοῦ
652 3028 903 3099 λήψεται,
949 3028 1043 3081 καὶ
1066 3029 1358 3099 ἀναγγελεῖ
1386 3031 1514 3099 ὑμῖν
1532 3042 1547 3058 ⁸
1572 3048 1591 3082 ι
1613 3031 1730 3093 καὶ,
1761 3047 1779 3081 ι
1801 3030 1879 3083 Ἐ-

298 3122 474 3183 κεῖνος
496 3120 597 3190 ἐμὲ
621 3117 865 3182 δοξάσειο
896 3136 916 3170 ι
951 3118 1045 3171 καὶ
1095 3117 1257 3171 πάλιν
1281 3134 1294 3147 ·
1326 3136 1344 3170 ι
1372 3120 1486 3172 Οὐκ
1518 3119 1713 3190 ἀφήσω
1735 3120 1879 3190 ὑμᾶς

299 3209 590 3284 ὀρφανούς
626 3208 856 3281 ἔρχομαι
889 3208 1025 3279 πρὸς
1053 3208 1216 3278 ὑμᾶς.
1256 3226 1275 3258 ι
1308 3203 1514 3263 Ἶῐλθεν
1556 3205 1648 3263 οῦν
1687 3210 1866 3281 δῆθεν,

298 3304 425 3359 ὅταν
465 3301 759 3365 Μοντανός.
798 3299 911 3371 Οὐχ
962 3298 1135 3362 οὕτως
1184 3298 1277 3351 δέ·
1321 3299 1397 3371 μὴ
1444 3299 1687 3368 γένοιτοί
1746 3302 1871 3354 ἐπεὶ

301 3394 437 3466 πρὸς
456 3393 644 3447 τοῦτον
667 3391 759 3445 τὸν
783 3390 1101 3462 ἀδιανόητον
1134 3388 1313 3444 αὐτῶν
1340 3388 1495 3458 λόγον
1526 3389 1871 3460 εὑρίσκονται

303 3485 409 3557 πρὸ
434 3483 711 3539 Μοντανοῦ
759 3482 814 3535 οἵ
838 3499 898 3534 τε
927 3482 1019 3534 τὸν
1071 3479 1308 3553 Χριστὸν
1342 3480 1676 3551 ἐσχηκότες,
1712 3480 1767 3533 οἶ
1812 3496 1872 3533 τε

302 3576 583 3632 ἀπόστολοι
633 3575 681 3628 οἱ
723 3575 822 3646 τὴν
864 3574 1018 3639 τάξιν
1068 3571 1350 3644 δεξάμενοι
1400 3570 1550 3643 παρά
1590 3569 1685 3624 τοῦ
1714 3570 1873 3638 Θεοῦ,

302 3668 398 3724 καὶ
429 3671 486 3722 ἐν
516 3669 731 3731 ἑαυτοῖς
762 3666 1057 3738 ἐσχηκότες
1095 3662 1358 3718 λαλοῦντα
1382 3663 1473 3716 τὸν
1498 3661 1751 3734 Χριστὸν,
1782 3663 1875 3715 καὶ¹

191 3763 204 3771 ’
302 3759 482 3816 οἰκοῦν
509 3759 570 3814 τὸ
600 3758 824 3830 Πνεῦμα
861 3756 954 3810 τοῦ
985 3755 1141 3822 Θεοῦ,
1177 3756 1273 3810 καὶ
1301 3754 1389 3809 διὰ
1432 3754 1533 3825 τῆς
1577 3753 1876 3817 ἐπιθέσεως

304 3852 410 3907 τῶν
439 3850 636 3924 χειρῶν
683 3851 779 3903 καὶ
824 3848 1003 3919 ἄλλοις
1044 3845 1376 3919 παρέχοντες
1416 3843 1549 3899 αὐτὸ
1592 3842 1734 3896 κατὰ
1777 3841 1876 3914 τὴν

303 3948 466 4006 αὐτοῦ
519 3945 793 4018 βούλησιν,
837 3943 933 3997 καὶ
973 3941 1111 4013 μετά
1155 3938 1468 4011 παρρησίας
1504 3936 1874 4000 διδάσκοντες,

304 4041 397 4095 καὶ
436 4039 586 4111 παρά
614 4039 779 4092 πᾶσιν
818 4034 1196 4104 πιστευόμενοι
1243 4031 1338 4084 καὶ
1382 4028 1456 4101 μὴ
1480 4030 1556 4093 ὡς
1595 4026 1877 4092 Μοντανδς

302 4129 695 4201 ἀπιστούμενος
712 4143 725 4156 ·
754 4126 808 4180 οἴ
829 4142 889 4179 τε
915 4124 1276 4185 ἀκούσαντες·
1313 4141 1333 4172 ι
1365 4121 1521 4174 Ὅσοι
1543 4120 1623 4183 εἰς
1642 4118 1877 4189 Χριστὸν

301 4217 690 4283 ἐϐαπτίσθητε,
722 4214 957 4285 Χριστὸν
990 4209 1347 4264 ἐνεδύσασθε’
1398 4228 1416 4260 ι
1467 4208 1541 4279 μὴ
1585 4207 1880 4278 ἐσχηκότες

301 4312 394 4366 τὸν
431 4307 664 4379 Χριστὸν
690 4305 787 4359 καὶ⁸
808 4304 869 4357 τὸ
897 4302 1053 4371 ἅγιον
1079 4300 1325 4372 Πνεῦμα.
1367 4297 1527 4352 Ἀλλά
1555 4298 1623 4355 τὰ
1655 4298 1877 4366 προκεί-

308 4416 446 4473 μενα
474 4399 691 4470 ῥήματα
719 4394 813 4448 τοῦ
873 4393 1126 4465 Σωτῆρος
1172 4393 1273 4462 τὴν
1316 4389 1609 4460 ἰσοτιμίαν,
1649 4388 1745 4442 καὶ
1780 4388 1879 4459 τὴν

309 4491 637 4563 συνᾴδουσαν
664 4486 812 4558 αὐτῷ
843 4485 1188 4539 διδασκαλίαν
1231 4483 1325 4537 τοῦ
1359 4483 1516 4551 ἀγίου
1561 4481 1880 4553 Πνεύματος

1973 2027 2185 2097 angelis
2219 2030 2418 2098 scripta
2446 2041 2575 2085 sunt
2603 2047 2618 2098 ;
2659 2040 2787 2085 tunc
2817 2031 3080 2101 ipsosmet
3108 2031 3216 2085 Deo
3252 2030 3551 2086 servientes

1974 2134 2156 2175 coram
2194 2118 2496 2177 videbimus
2524 2138 2539 2176 :
2578 2136 2722 2176 nunc
2752 2120 3030 2177 audientes
3064 2119 3336 2176 credimus
3371 2137 3391 2172 ι
3420 2120 3550 2186 Qua:

1975 2211 2087 2284 (I8)
2120 2213 2310 2269 oculus
2343 2229 2450 2268 non
2492 2213 2659 2282 vidit,
2699 2229 2798 2270 nec
2828 2214 2975 2269 auris
3008 2212 3250 2277 audivit,
3282 2221 3337 2266 et
3370 2212 3422 2265 in
3455 2226 3552 2265 cor

1974 2305 2209 2362 hominis
2255 2320 2360 2361 non
2415 2305 2780 2361 ascenderunt
2825 2318 3156 2375 quacunque
3231 2303 3553 2373 praeparavit

1973 2396 2118 2453 Deus
2154 2397 2502 2468 diligentibus
2538 2397 2756 2467 ipsum;
2789 2415 2808 2449 ο
2859 2405 2988 2452 tunc
3036 2395 3128 2465 qui
3176 2394 3323 2464 digni
3355 2399 3549 2456 erunt,

1975 2504 2083 2544 non
2117 2488 2289 2545 solum
2325 2504 2389 2545 ea
2419 2489 2715 2554 videbunt,
2750 2487 2848 2543 sed
2890 2496 2945 2542 et
2999 2487 3066 2542 iis
3117 2485 3363 2540 fruentur
3391 2482 3501 2555 (I9)
3533 2501 3547 2537 :

1974 2594 2100 2634 nam
2150 2578 2429 2647 coelestia,
2492 2594 2613 2650 qua:
2662 2577 2717 2631 iu
2768 2587 2911 2631 terra
2952 2589 3095 2630 nunc
3129 2574 3319 2628 anima:
3352 2581 3553 2627 nostra:

1974 2670 2129 2726 oculo
2160 2670 2475 2727 abscondita
2524 2680 2693 2738 sunt,
2734 2668 2789 2723 in
2835 2668 3014 2722 futura
3062 2667 3171 2720 vita
3218 2664 3349 2719 lleut
3395 2663 3551 2718 nobis

1976 2757 2282 2815 manifesta.
2342 2759 2413 2813 At
2462 2759 2633 2823 dixit,
2694 2756 2990 2826 inquiunt,
3046 2755 3341 2811 Christus:
3385 2770 3402 2804 ι
3442 2752 3553 2806 Ad-

1975 2850 2083 2905 huc
2117 2850 2231 2921 (‘20)
2266 2851 2435 2906 multa
2470 2850 2644 2906 habeo
2670 2849 2850 2903 dicere
2885 2848 3074 2912 vobis,
3123 2846 3216 2902 sed
3251 2862 3357 2902 non
3396 2854 3551 2916 pote-

1978 2943 2078 2999 5tis
2106 2952 2324 3012 portare
2359 2944 2518 2996 modo
2550 2959 2566 3010 ;
2599 2956 2721 2996 cum
2757 2948 2940 2994 autem
2974 2938 3179 2994 venerit
3225 2938 3343 3003 ille,
3375 2935 3553 3006 Spiri-

1977 3041 2066 3089 ttts
2098 3033 2377 3099 veritatis,
2409 3033 2641 3087 deducet
2670 3046 2765 3087 vos
2814 3033 2869 3085 iu
2912 3044 3126 3085 omnem
3168 3029 3445 3084 veritatem
3474 3044 3489 3094 ;
3526 3044 3548 3079 ι

1978 3132 2073 3179 et:
2105 3142 2124 3175 ι
2156 3126 2195 3178 Α
2229 3123 2523 3194 semetipso
2553 3121 2669 3195 (9.!)
2715 3138 2820 3180 non
2869 3123 3141 3194 loquetur,
3178 3120 3271 3175 sed
3324 3119 3391 3173 de
3433 3133 3553 3172 meo

1978 3212 2238 3283 accipiet,
2298 3222 2353 3268 et
2393 3212 2738 3267 annttntiabit
2791 3213 2988 3279 vobis;
3024 3230 3042 3263 ι
3089 3221 3143 3267 et
3186 3229 3201 3265 :
3253 3227 3271 3260 ι
3312 3207 3406 3263 Ille
3440 3206 3551 3279 (‘22)

1972 3318 2059 3358 me
2094 3302 2428 3371 glorificabit.
2460 3322 2480 3355 ι
2513 3302 2579 3356 Et
2625 3317 2848 3358 rursus:
2882 3321 2899 3354 ι
2953 3302 3068 3356 Non
3093 3301 3207 3373 (25)
3249 3300 3553 3371 relinquam

1971 3406 2070 3447 vos
2124 3392 2432 3459 orpbanos,
2484 3393 2645 3446 venio
2698 3394 2766 3446 ad
2823 3408 2942 3447 vos.
2974 3410 2993 3443 ι
3030 3390 3185 3445 Tunc
3240 3407 3370 3459 ergo
3421 3404 3555 3445 sane

1971 3480 2311 3555 venil,M7
2336 3484 2550 3552 quando
2567 3483 2850 3538 Montanus
2873 3486 3038 3539 venit.
3069 3485 3133 3536 At
3150 3497 3253 3535 non
3279 3481 3349 3534 ita
3377 3496 3435 3535 se
3464 3496 3553 3534 res

1974 3572 2136 3627 habet
2171 3591 2184 3627 :
2221 3573 2394 3628 absit!
2438 3574 2675 3641 alioquin
2713 3573 2844 3627 illud
2872 3581 3270 3641 consequetur,
3313 3572 3359 3626 si
3391 3570 3553 3625 stulta

1972 3679 2160 3721 eorum
2216 3665 2555 3719 ratiocinatio
2606 3665 2948 3729 attendatur,
3022 3674 3082 3717 ut
3130 3663 3432 3726 Christum,
3488 3673 3556 3714 ac

1977 3757 2239 3827 Spiritum
2293 3764 2536 3810 sanctqu
2587 3765 2711 3808 aute
2754 3753 3066 3807 Montanum
3116 3768 3221 3806 non
3268 3749 3556 3815 habuerint

1976 3865 2153 3921 neque
2186 3850 2219 3903 ii
2244 3849 2336 3919 qui
2379 3847 2657 3904 Christum
2695 3848 2999 3903 habuerunt
3027 3886 3041 3910 ,
3075 3861 3173 3901 nec
3199 3843 3428 3916 apustoli
3460 3842 3555 3913 qui

1976 3960 2129 4001 suam
2161 3946 2400 4015 ipsorqu
2442 3941 2756 4012 dignitatem
2812 3955 2841 3992 a
2878 3938 2989 3994 Deo
3025 3947 3349 4005 acceperunt
3382 3943 3437 3989 et
3472 3935 3553 3988 lo-

1978 4045 2231 4106 quentem
2294 4036 2347 4089 iu
2412 4033 2604 4102 seipsis
2642 4031 2941 4097 Christum,
2997 4038 3160 4098 atque
3217 4028 3552 4083 habitantem

1980 4126 2237 4198 Spiritum
2271 4124 2364 4181 Dei
2393 4124 2649 4189 habuere,
2704 4134 2760 4178 et
2804 4138 2899 4191 per
2943 4136 3197 4176 manuum
3256 4118 3557 4188 impositi.»

1981 4236 2104 4275 nem
2170 4220 2291 4273 aliis
2328 4231 2544 4289 quoque
2589 4217 2762 4287 ipsum
2811 4216 2969 4285 juxta
3020 4213 3165 4268 illius
3225 4210 3554 4265 voluntatem

1987 4312 2371 4384 praebuerunt,
2407 4320 2462 4365 et
2513 4309 2685 4365 libere
2738 4316 2899 4377 atque
2948 4306 3189 4361 animose
3236 4304 3553 4367 docuerunt,

1983 4404 2057 4459 ita
2090 4413 2148 4457 ut
2177 4401 2311 4457 ﬁdes
2340 4402 2421 4458 eis
2454 4401 2523 4456 ab
2550 4400 2803 4455 omnibus
2824 4399 3007 4454 habita
3042 4397 3150 4461 sit,
3184 4411 3287 4450 non
3308 4409 3432 4450 vero
3464 4393 3558 4448 de-

1982 4503 2179 4565 negata
2230 4493 2371 4564 (24),
2413 4501 2473 4548 ut
2518 4491 2803 4557 Montano;
2836 4505 2936 4545 nec
2988 4490 3025 4544 ii
3053 4490 3290 4549 demum,
3355 4486 3557 4554 quibus

309 4584 567 4658 παριστᾷ.
595 4581 738 4635 Τίδέ
757 4579 1008 4667 σημαίνει
1031 4577 1113 4642 τὸ,
1142 4596 1161 4628 ι
1197 4578 1469 4648 Ἔρχομαι
1498 4575 1634 4647 πρὸς
1656 4576 1820 4647 ὑμᾶς,
1854 4593 1872 4627 ι

1984 4586 2189 4642 dictqu
2249 4582 2398 4639 fuit:
2458 4602 2477 4634 ι
2514 4576 2786 4652 Quotquot
2835 4580 2948 4652 (25)
2976 4566 3043 4634 in
3071 4579 3344 4635 Christum
3381 4574 3558 4667 bapti-

308 4680 521 4750 εἴρηται
566 4672 855 4745 ἀνωτέρω·
899 4671 1120 4744 εἴχομεν
1168 4669 1279 4742 γὰρ
1317 4669 1386 4740 (εί
1427 4669 1521 4722 καὶ⁹
1564 4668 1777 4740 ἔχουσιν
1823 4669 1875 4721 οἱ

305 4770 443 4835 ἄξιοι
461 4767 713 4835 τελείως)
739 4765 833 4819 τόν
855 4782 914 4819 τε
946 4763 1180 4836 Χριστὸν
1211 4761 1304 4816 τὸν
1328 4760 1588 4839 είπόνταξ
1618 4779 1636 4812 ι
1680 4760 1878 4831 Ἔρχο-

311 4877 407 4930 μαι
448 4859 586 4929 πρὸς
630 4858 808 4928 ὑμᾶς’
860 4875 879 4908 ι
936 4853 997 4907 τό
1050 4870 1110 4907 τε
1159 4853 1313 4921 ἅγιον
1360 4849 1608 4930 Πνεῦμα,
1657 4850 1783 4919 περὶ
1821 4841 1882 4903 οῦ

307 4928 536 5005 εἶπενοίι
573 4951 742 5004 ’Ὅταν
785 4946 914 5020 ἔλθῃ
950 4948 1177 5008 ἐκεῖνος.
1227 4963 1247 4996 ι
1293 4944 1426 4999 Οὐδὲ
1459 4928 1567 5013 γὰρ
1610 4941 1799 5005 ἀτελές
1829 4959 1880 4995 τι

306 5043 479 5097 ἐποίει
508 5042 537 5096 ὁ
564 5040 858 5109 Δεσπότης,
889 5037 1149 5108 ἐμφυσῶν
1179 5036 1318 5107 μετά
1340 5035 1437 5107 τὴν
1478 5035 1772 5089 ἀνάστασιν
1802 5036 1882 5099 εἰς

305 5135 573 5207 πρόσωπα
595 5134 706 5188 τῶν
745 5131 1078 5194 ἀποστόλων,
1107 5131 1201 5184 καὶ
1243 5130 1416 5199 λέγων
1450 5128 1575 5201 [9J9
1603 5128 1675 5199 ὑί·
1716 5147 1734 5179 ι
1770 5129 1880 5183 Λά-

308 5228 432 5282 ϐετε
461 5225 686 5295 Πνεῦμα
709 5225 864 5293 ἅγιον
888 5239 900 5254 ·
942 5241 961 5274 ι
990 5222 1097 5276 οὐδ’
1125 5221 1396 5292 ἐψεύδετο,
1423 5221 1455 5291 ἦ
1488 5221 1647 5284 αὐτὸς
1670 5220 1842 5289 λέγων
1863 5238 1877 5250 ·

311 5336 333 5371 ε
373 5317 642 5388 Ὃτιπαρ⁹
665 5317 793 5387 ὑμῖν
825 5315 998 5387 μένει,
1025 5314 1119 5368 καὶ
1147 5315 1205 5368 ἐν
1233 5313 1362 5383 ὑμῖν
1392 5315 1538 5368 ἐστιν
1561 5330 1573 5344 ·
1602 5333 1620 5365 ι
1647 5313 1678 5381 ἢ
1721 5313 1880 5365 Ἀπό-

378 5531 494 5599 (17)
536 5532 737 5589 Venite.
772 5533 966 5588 Matth.
992 5548 1119 5597 xxv,
1148 5532 1239 5588 ει.

381 5603 496 5687 ea
538 5602 690 5687 ρυαε-
722 5604 740 5687 _I
769 5602 910 5687 Cor;
1027 5605 1082 5687 9.-
1117 5639 1123 5645 η

380 5670 495 5743 (l9)
530 5670 821 5729 Frueutur.
872 5673 975 5727 Pro
1014 5672 1261 5743 γένονται
1318 5674 1595 5743 legendum
1652 5673 1878 5731 fortasse

309 5742 632 5815 γενήσονται
666 5743 783 5815 [vel
800 5741 1106 5815 yévwvmt].

381 5812 727 5879 (:lthAdhu'c.
759 5812 913 5867 Juau.
955 5812 1178 5877 κινιίη.
1230 5814 1311 5870 i5.

383 5881 497 5951 (Ἣ)
534 5883 577 5936 Λ
613 5884 907 5953 semetipso.
942 5883 1074 5939 Ibid.
1114 5883 1195 5939 i5.

1974 4679 2083 4736 zati
2116 4676 2268 4745 estis,
2324 4676 2600 4732 Christum
2630 4673 2905 4729 induistis.
2935 4690 2955 4725 ι
2982 4671 3091 4726 Sed
3127 4668 3264 4724 Filio
3290 4665 3555 4737 aequalem

1976 4785 2097 4826 esse
2131 4767 2417 4839 Spiritum,
2478 4777 2534 4822 et
2567 4767 2727 4838 hujus
2761 4764 3064 4820 doctrinam
3100 4760 3358 4815 doctrina:
3408 4757 3557 4812 illius

1981 4875 2278 4918 consonam
2326 4874 2449 4914 esse
2499 4858 2660 4913 allata
2714 4856 3013 4912 Salvatoris
3056 4851 3220 4906 verba
3273 4850 3552 4904 denotant.

1986 4951 2126 5019 Quid
2166 4965 2299 5006 vero
2325 4950 2593 5021 signiticet
2638 4949 2788 5012 illud,
2824 4964 2844 4998 ι
2881 4946 3050 5001 Venio
3080 4941 3149 4998 ad
3177 4955 3293 5004 vos,
3345 4957 3364 4991 ›
3393 4952 3556 5007 supe-

1985 5045 2103 5099 rius
2131 5043 2333 5096 dictum
2362 5048 2469 5098 est.
2526 5038 2822 5093 Habuimus
2862 5036 3004 5090 enim
3053 5034 3384 5102 (quanquam
3437 5042 3558 5097 per-

1988 5134 2131 5189 fecte
2182 5148 2286 5187 uon
2317 5133 2517 5187 habent
2553 5131 2653 5185 nisi
2688 5130 2778 5200 qui
2817 5127 2959 5198 digni
2988 5126 3136 5194 sunt)
3170 5132 3225 5177 et
3277 5120 3554 5177 Christum

1986 5226 2077 5296 qui
2103 5224 2261 5291 dixit,
2296 5243 2314 5276 ι
2355 5223 2523 5278 Venio
2552 5225 2616 5276 ad
2641 5238 2770 5286 vos,
2808 5240 2827 5273 ι
2880 5231 2935 5275 et
2971 5216 3230 5287 Spiritum
3282 5223 3555 5279 sanctum,

1986 5318 2054 5372 de
2080 5332 2185 5384 quo
2214 5316 2261 5371 is
2293 5316 2472 5371 dixit:
2507 5314 2693 5395 «Cum
2728 5313 2937 5369 venerit
2966 5310 3054 5365 ille
3098 5350 3111 5363 .
3154 5327 3172 5359 ι
3212 5304 3347 5361 Nam
3384 5316 3560 5377 neque

2060 5535 2173 5602 (22)
2206 5536 2324 5591 Ille.
2355 5535 2486 5589 Ibid.
2522 5535 2607 5589 Η.

2057 5606 2169 5673 (25)
2206 5607 2347 5660 Νοιι.
2378 5604 2534 5660 Joan.
2568 5619 2677 5668 xtv,
2713 5605 2797 5658 I8.

2052 5678 2163 5743 (2i)
2208 5676 2487 5747 Denegare.
2529 5676 2733 5739 Codex,
2786 5674 3202 5746 ἀπιστούμενος.
3244 5673 3554 5747 Legoudum

1984 5746 2231 5803 fortasse.
2265 5745 2671 5814 ἀπιστούμενοι.
3330 5745 3343 5747 ἡ
3562 5760 3573 5766 ·

2055 5816 2166 5885 (Ξέὶ)
2205 5816 2487 5886 Quotquot.
2524 5815 2700 5872 Galat.
2732 5831 2815 5885 tn,
2849 5814 2941 5877 27.
