4108 6470
566 412 667 468 987

1826 412 1984 469 DIDY
1995 412 2062 468 Ml
2103 413 2567 468 ALEXANDRINI

3695 412 3805 468 988

567 524 940 598 imperfectum
971 527 1098 596 quid
1131 525 1360 583 faciebat
1388 526 1677 594 Dominus,
1733 541 1854 582 cum
1896 497 2138 582 insuma-

2243 528 2426 591 στολος
2460 528 2689 599 γράφων
2708 543 2719 554 ·
2765 544 2783 577 ι
2816 526 2931 581 Οὐκ
2958 527 3135 582 οἴδατε
3157 568 3171 593 ,
3201 526 3283 580 ὅτι
3317 525 3443 590 ναὸς
3473 525 3609 579 Θεοῦ
3648 526 3769 579 ἐστε
3788 566 3809 593 ,

568 619 660 672 bztt
689 624 808 687 post
857 616 1311 671 resurrectionem
1363 616 1418 671 in
1456 616 1622 671 facies
1656 614 2020 686 apostolorum
2055 614 2138 669 di-

568 721 697 763 cens
728 728 742 764 :
783 701 1053 779 «Accipite
1077 706 1191 780 (96)
1217 706 1477 778 Spiritum
1502 716 1748 762 sanctum
1776 723 1790 771 ;
1830 721 1961 761 inec
1983 721 2139 760 men-

572 800 805 855 tiebatur
826 810 918 854 aut
941 803 1078 871 ipse,
1110 815 1233 854 cum
1261 800 1441 855 aiebat
1472 812 1488 852 :
1528 817 1546 850 ι
1582 798 1733 868 Apud
1758 796 1872 868 (27)
1895 812 1990 852 vos
2027 812 2139 851 ma-

571 902 680 957 net,
706 901 760 947 et
783 892 836 946 in
854 891 1004 948 vobis
1020 903 1138 959 est;
1179 910 1198 943 ι
1226 896 1318 946 aut
1339 889 1646 958 Apostolus,
1676 903 1798 944 cum
1822 886 2090 942 scribebat
2122 905 2135 940 :

577 999 597 1034 ι
626 984 707 1036 An
742 981 967 1038 nescitis
1006 983 1117 1054 (εδ)
1177 982 1298 1051 quia
1326 980 1579 1049 templum
1616 979 1708 1032 Dei
1748 979 1899 1042 estis,
1932 984 1985 1032 et
2018 975 2140 1045 Spi-

574 1073 710 1127 ritus
740 1072 832 1129 Dei
860 1072 1066 1128 habitat
1098 1074 1150 1127 in
1180 1070 1357 1126 vobis?
1390 1089 1409 1123 ι
1445 1080 1538 1124 aut
1564 1068 2001 1139 Sapientia.cunt
2029 1067 2136 1122 ait:

581 1180 601 1215 ι
640 1161 877 1232 Spiritus
924 1160 1039 1233 (29)
1077 1162 1289 1217 Domini
1335 1161 1561 1230 replevit
1603 1161 1789 1217 orbem
1850 1169 2136 1222 terrarum,

574 1262 629 1305 et
667 1251 811 1320 quod
840 1252 1081 1306 continet
1119 1250 1334 1315 omnia,
1373 1248 1663 1304 scientiam
1693 1247 1857 1302 habet
1906 1247 2070 1302 vocis.
2114 1264 2134 1298 ι

579 1340 691 1395 Nec
737 1351 998 1410 praeterea
1049 1339 1300 1394 Montano
1361 1337 1792 1407 itnperlectiores
1818 1345 1975 1390 erant
2010 1349 2140 1405 apo-

577 1431 700 1487 stoli
728 1472 744 1500 ,
777 1447 876 1486 nec
910 1431 1111 1495 sancti,
1145 1430 1234 1499 qui
1268 1438 1391 1483 ante
1425 1426 1694 1496 apostolos
1732 1425 2011 1481 exstitere.
2064 1423 2138 1480 lbi

575 1530 754 1575 autem
812 1520 864 1575 in
918 1521 1235 1574 Pentecoste
1301 1515 1701 1588 apparuit,ubi
1741 1515 1850 1583 jam
1896 1524 2033 1582 erat,
2094 1515 2140 1569 is

572 1611 664 1679 qui
694 1609 877 1663 omnia
916 1609 1158 1663 continet
1206 1606 1435 1676 Spiritus
1481 1613 1735 1672 sanctus,
1764 1613 1818 1659 et
1854 1611 2138 1672 susceptus

572 1709 678 1767 est,
723 1710 782 1753 ut
810 1708 1078 1754 testantur
1098 1698 1231 1753 Acta
1253 1697 1337 1752 his
1361 1696 1541 1752 verbis
1581 1714 1595 1751 :
1635 1712 1654 1746 ι
1691 1695 1986 1749 Audientes
2022 1691 2135 1763 (50)

573 1800 754 1846 autem
788 1792 879 1862 qui
910 1793 962 1847 in
988 1790 1344 1860 Jerosolymis
1372 1794 1529 1843 erant
1583 1784 1831 1857 apostoli,
1867 1783 2012 1855 quo‘d
2045 1798 2134 1839 re-

2241 619 2335 673 καὶ
2366 620 2428 673 τὸ
2464 617 2688 689 Πνεῦμα
2734 617 2829 673 τοῦ
2873 617 3009 673 Θεοῦ
3056 621 3197 673 οίκεῖ
3225 619 3284 671 ἐν
3321 617 3483 687 uisis;
3542 634 3562 668 ι
3600 615 3725 669 οῦτε
3773 620 3810 688 ή

2240 709 2405 778 Σοφία
2436 709 2670 777 λέγουσα
2691 724 2703 737 ·
2746 728 2766 760 ι
2805 708 3031 780 Πνεῦμα
3066 709 3278 781 Κυρίου
3309 707 3668 778 πεπλήρωκεν
3710 708 3813 779 τὴν

2239 799 2560 870 οἰκουμένην
2581 815 2593 828 ·
2643 800 2737 853 καὶ
2762 799 2824 852 τὸ
2861 798 3084 869 συνέχον
3113 798 3184 853 τά
3210 798 3385 853 πάντα
3406 840 3420 865 ,
3462 798 3663 867 γνῶσιν
3696 798 3811 868 ἔχει

2241 888 2442 957 φωνῆς.
2485 907 2505 941 ι
2555 888 2690 942 Οὔτε
2740 888 2847 960 μὴν
2881 889 3224 961 ἀτελέστεροι
3267 888 3544 944 Μοντανοῦ
3591 891 3641 943 οἱ
3673 890 3813 943 ἀπό⁴

2241 980 2416 1033 στολοι
2441 980 2533 1033 καὶ
2562 981 2609 1033 oi
2634 978 2738 1051 πρὸ
2761 979 2941 1035 αὐτῶν
2997 981 3143 1048 ἆγιοι
3165 980 3458 1050 ἐτύγχανον
3480 980 3652 1044 ὄντες.
3687 982 3813 1035 Ἐπ-

2247 1069 2416 1139 εφάνη
2450 1068 2508 1121 δὲ
2539 1072 2605 1140 τῇ
2639 1070 3008 1142 Πεντηκοστῇ,
3039 1071 3168 1124 ἔνθα
3189 1073 3284 1125 καὶ
3323 1071 3421 1143 ήδη
3456 1066 3524 1141 ἦν
3550 1071 3613 1124 τὸ
3630 1073 3809 1126 πάντα

2241 1158 2463 1228 συνέχον
2498 1158 2653 1226 ἅγιον
2681 1157 2929 1229 Πνεῦμα,
2963 1161 3059 1215 καὶ
3105 1161 3294 1231 ἐδέχθη
3320 1199 3335 1223 ,
3368 1160 3445 1225 ὡς
3496 1160 3709 1230 ἔχουσιν
3751 1164 3809 1215 αἱ

2239 1247 2471 1318 Πράξεις
2489 1247 2660 1311 οὕτως
2679 1264 2693 1279 ·
2728 1266 2748 1298 ι
2790 1249 3149 1314 Ἀκούσαντες
3167 1251 3224 1305 δέ
3245 1251 3294 1303 οἱ
3322 1251 3379 1304 ἐν
3418 1249 3816 1321 Ἰεροσολύμοις

2238 1337 2544 1403 ἀπόστολοι,
2575 1338 2655 1392 ὃτι
2693 1339 2940 1395 δέδεκται
2977 1342 3010 1412 ή
3039 1340 3323 1412 Σαμάρεια
3367 1340 3459 1394 τὸν
3510 1339 3667 1408 λόγον
3712 1340 3809 1394 τοῦ

2238 1428 2394 1495 Θεοῦ,
2424 1429 2748 1483 ἀπέστειλαν
2768 1431 2903 1501 πρὸς
2923 1431 3120 1496 αὐτοὺς
3146 1432 3238 1485 τὸν
3262 1431 3467 1503 Πέτρον
3492 1432 3592 1485 καὶ
3630 1431 3813 1484 ἰωάνς

2238 1539 2334 1592 νην
2354 1539 2368 1553 ·
2402 1521 2595 1586 οἵτινες
2635 1521 3004 1588 καταὸάντες,
3039 1522 3415 1594 προσηύξαντο
3449 1523 3577 1593 περὶ
3607 1522 3809 1585 αὐτῶν,

2242 1610 2391 1672 ὅπως
2430 1609 2667 1663 λάϐωσιν
2708 1608 2933 1681 Πνεῦμα
2979 1610 3166 1679 ἅγιον·
3211 1609 3423 1663 οὐδέπω
3463 1608 3573 1679 γάρ
3607 1604 3677 1678 ἦν
3720 1610 3815 1662 ἐπ¹

2236 1700 2411 1754 οὐδενὶ
2434 1699 2613 1753 αὐτῶν
2645 1702 3030 1765 ἐπιπεπτωκός
3050 1719 3062 1731 ·
3103 1700 3263 1772 μόνον
3292 1700 3348 1754 δὲ
3385 1698 3812 1770 βεϐαπτισμένοι

2240 1791 2480 1864 ὑπῆρχον
2505 1793 2583 1856 είς
2619 1790 2682 1844 τὸ
2705 1791 2877 1862 ὄνομα
2914 1790 3006 1844 τοῦ
3036 1792 3242 1863 Κυρίου
3272 1791 3427 1862 ἡμῶν
3471 1789 3644 1862 Ἰησοῦ
3673 1790 3813 1859 Χρι-

574 1879 802 1947 cepisset
858 1876 1102 1933 Samaria
1162 1879 1384 1933 verbum
1443 1876 1562 1938 Dei,
1608 1875 1873 1929 miserunt
1924 1873 1989 1927 ad
2042 1886 2134 1928 eos

2242 1880 2389 1937 στοῦ.
2437 1881 2570 1934 Τότε
2602 1880 2920 1935 ἐπετίθεσαν
2968 1880 3066 1945 τάς
3108 1883 3294 1953 χεῖρας
3322 1882 3410 1934 ἐπ’
3456 1879 3683 1943 αὐτοὺς,
3715 1879 3811 1931 καὶ

573 1968 792 2025 Petrum
827 1980 881 2025 et
909 1970 1201 2034 Joannem,
1246 1968 1342 2039 qui
1398 1965 1787 2022 descendentes
1844 1971 2139 2018 oraverunt

2243 1970 2545 2041 ἐλάμϐανον
2591 1970 2816 2040 Πνεῦμα
2857 1972 3031 2040 ἆγιον.
3069 1989 3088 2024 ι
3141 1972 3253 2025 Καὶ
3290 1970 3349 2024 ὃν
3389 1970 3591 2040 τρόπον
3618 1970 3647 2022 ὁ
3680 1968 3813 2032 Υἱὸς

573 2073 672 2129 pro
720 2060 852 2130 ipsis
876 2098 892 2125 ,
946 2068 1003 2115 ut
1035 2058 1339 2129 acciperent
1371 2056 1630 2125 Spiritum
1669 2063 1917 2109 sanctum
1959 2072 1973 2107 :
2005 2068 2142 2108 nou-

2242 2060 2325 2115 ἀεὶ
2352 2060 2449 2130 μὲν
2478 2060 2754 2131 πανταχοῦ
2778 2062 2979 2133 παρῆν,
3004 2062 3152 2133 ὅμως
3169 2062 3226 2115 δὲ
3259 2061 3395 2132 μετά
3411 2060 3511 2132 τὴν
3542 2063 3600 2114 ἐν
3621 2059 3814 2131 κόσμῳ

574 2152 702 2206 dum
752 2150 895 2206 enim
930 2151 984 2204 in
1019 2162 1342 2219 quemquam
1378 2147 1591 2201 illorum
1632 2154 1888 2210 venerat;
1918 2143 2010 2198 sed
2046 2144 2138 2198 ba-

2242 2150 2533 2221 ὶπιδημίαν
2568 2149 2794 2214 τελείως
2834 2150 3150 2223 ἐπεγνώσθη
3192 2152 3287 2205 καὶ
3331 2149 3623 2219 ἐδοξάσθη·
3665 2148 3815 2203 οῦτω

574 2242 760 2312 ptixati
788 2249 993 2295 tantum
1016 2249 1171 2294 erant
1198 2241 1251 2294 in
1284 2239 1502 2296 nomine
1544 2237 1754 2292 Domini
1796 2236 1964 2291 nostri
2012 2235 2139 2291 .lesn

2242 2237 2333 2292 καὶ
2360 2235 2420 2289 τὸ
2450 2235 2605 2305 ἅγιον
2637 2236 2863 2308 Πνεῦμα
2916 2238 3007 2294 ἀεὶ
3050 2237 3148 2309 μὲν
3211 2238 3389 2294 πάντα
3434 2237 3669 2309 ἐπλήρου
3716 2238 3814 2295 καὶ

574 2331 797 2387 Christi.
827 2329 978 2385 Tunc
1005 2330 1350 2401 imponebant
1379 2343 1571 2384 manus
1604 2343 1766 2395 super
1791 2341 1885 2383 eos
1908 2368 1923 2390 .
1958 2335 2012 2382 et
2043 2341 2134 2383 ac-

2242 2327 2505 2397 συνεῖχεν,
2536 2326 2677 2397 μετὰ
2702 2327 2760 2380 δέ
2787 2328 2886 2398 τὴν
2915 2329 2973 2382 ἐν
2997 2331 3062 2399 τῇ
3090 2328 3437 2399 Πεντηκοστῇ
3466 2328 3815 2399 ἐπιφοίτησιν

575 2419 845 2491 cipiebant
873 2418 1132 2489 Spiritum
1163 2426 1427 2474 sanctum.
1472 2436 1492 2470 ι
1522 2417 1588 2471 Ει
1624 2416 1764 2471 sicut
1796 2413 1965 2469 Filius
1993 2429 2135 2469 sem-

2242 2414 2402 2470 αὐτοῦ
2429 2414 2761 2488 τελειότερον
2785 2415 3103 2489 ἐπεγνώσθη
3138 2419 3231 2472 καὶ
3258 2418 3535 2491 ἐδοξάσθη.

572 2511 895 2580 perquidem
913 2511 1106 2580 ubique
1131 2518 1267 2577 erat,
1294 2518 1576 2579 postquam
1599 2518 1778 2564 tamen
1836 2508 1890 2564 in
1944 2506 2201 2562 mundum
2236 2509 2403 2577 venit,
2455 2508 2697 2580 perfecte
2746 2511 2994 2582 cognitus
3042 2511 3144 2569 luit
3203 2521 3258 2569 et
3302 2513 3675 2584 gloriﬁcatus;
3730 2514 3816 2570 sic

571 2602 737 2657 etiam
808 2601 1039 2673 Spiritus
1118 2611 1338 2658 sanctus
1401 2615 1614 2671 semper
1651 2600 1867 2670 quidem
1935 2599 2117 2654 omnia
2165 2599 2422 2670 implebat
2488 2610 2543 2658 et
2612 2603 2957 2670 continebat,
3002 2605 3096 2660 sed
3145 2614 3266 2673 post
3316 2603 3485 2676 448
3534 2620 3692 2661 suum
3755 2606 3815 2661 in

570 2692 888 2749 Pentecoste
932 2695 1213 2750 adventum
1275 2691 1567 2764 perfectius
1608 2692 1856 2761 cognitus
1901 2689 2004 2745 fuit
2050 2697 2107 2744 et
2145 2691 2499 2761 gloriﬁcalus.

640 2781 705 2838 lll
736 2781 919 2839 Tertio
946 2786 1234 2840 ostendere
1276 2786 1519 2839 nituntur
1544 2795 1599 2838 et
1640 2782 1948 2838 Montanum
1980 2782 2150 2852 perfe-

570 2875 807 2930 ctionem
837 2875 1098 2929 Paracleti
1130 2875 1413 2940 habuisse,
1439 2883 1494 2929 et
1534 2871 1832 2927 Priscillam
1866 2887 1929 2927 ac
1978 2871 2145 2926 Maxi-

575 2964 775 3018 millam
841 2965 1207 3035 prophetissas
1263 2963 1567 3035 (5t)........
1626 2963 1959 3033 scripserunt
2000 2962 2150 3019 Mon-

576 3064 721 3108 tano.
749 3053 936 3123 Itaque
972 3055 1223 3125 inquiunt
1254 3075 1266 3109 :
1302 3055 1411 3111 Vos
1439 3070 1543 3110 non
1587 3055 1830 3119 creditis,
1870 3063 1992 3124 post
2026 3055 2140 3126 pri-
2246 3093 2263 3108 .
2301 3092 2315 3107 .
2353 3094 2368 3110 .
2409 3092 2426 3109 .

575 3158 720 3198 mam
778 3142 991 3198 Domini
1049 3142 1535 3198 manifestationem
1595 3143 1732 3198 ullos
1760 3157 1878 3198 esse
1916 3145 2147 3214 prophe-

575 3244 661 3288 tas
686 3232 798 3306 (52)
826 3252 840 3288 :
886 3242 942 3288 at
965 3249 1093 3291 vero
1122 3233 1392 3297 Salvator,
1425 3233 1693 3303 inquiunt,
1723 3233 1897 3289 dixit:
1934 3251 1953 3284 ι
2003 3234 2141 3290 Ecce

577 3324 695 3397 (55)
750 3340 849 3395 ego
899 3327 1052 3381 mitto
1088 3325 1155 3380 ad
1188 3340 1285 3380 vos
1313 3324 1620 3394 prophetas,
1651 3333 1704 3379 et
1741 3324 2033 3394 sapientes,
2087 3332 2144 3380 et

579 3418 786 3472 scribas
809 3456 824 3481 ,
881 3426 935 3471 et
986 3432 1051 3471 ex
1084 3417 1164 3472 eis
1197 3415 1487 3481 oecidetis,
1511 3423 1565 3470 et
1609 3413 1936 3483 cruciﬁgetis
1969 3415 2021 3469 in
2055 3429 2144 3486 sy-

579 3508 801 3579 nagogis
839 3508 1052 3562 vestris.
1098 3527 1117 3559 ι
1158 3507 1355 3563 Verum
1403 3521 1508 3561 non
1558 3506 1634 3561 ita
1665 3507 1777 3561 haec
1799 3505 2142 3578 intelligenda

574 3606 730 3663 sunt,
787 3606 850 3651 ut
899 3597 1001 3667 ipsi
1057 3604 1248 3667 putant
1281 3615 1294 3650 :
1324 3598 1418 3652 sed
1468 3596 1533 3651 de
1582 3593 1840 3665 apostolis
1902 3594 2146 3665 loquitur

575 3687 846 3754 Christus,
899 3689 989 3759 qui
1022 3689 1185 3743 multa
1220 3697 1275 3744 et
1301 3687 1369 3743 de
1408 3687 1715 3743 novissimis
1763 3687 2091 3758 temporibus
2118 3726 2135 3755 ,

575 3789 633 3835 et
685 3782 752 3836 de
802 3794 965 3848 regno
1008 3780 1267 3837 caelorum
1323 3779 1500 3835 futura
1563 3774 1995 3850 pranuntiarunt
2028 3796 2042 3833 :
2072 3793 2139 3835 ex

575 3886 805 3940 quorum
834 3872 995 3927 etiam
1028 3887 1252 3928 numero
1287 3871 1524 3927 nonnulli
1564 3872 1729 3927 occisi
1753 3880 1878 3926 sunt
1906 3878 1963 3924 ιιι
2005 3868 2129 3925 Ste-

576 3964 785 4032 phanus
828 3974 882 4021 et
924 3962 1174 4033 Iacobus,
1238 3965 1476 4020 nonnulli
1523 3965 1767 4020 cruciﬁxi
1815 3973 1873 4018 ut
1921 3963 2135 4031 Petrus,

578 4055 817 4109 nonnulli
858 4055 1105 4126 ﬂagellati
1137 4064 1196 4110 ut
1224 4055 1442 4111 Paulus.
1460 4055 1715 4110 Fortasse
1746 4053 1857 4126 (54)
1893 4070 2022 4109 vero
2053 4069 2145 4110 sa-

575 4145 814 4214 pientum
868 4147 1081 4201 nomine
1123 4155 1390 4217 martyres
1420 4155 1471 4201 et
1501 4144 2022 4215 episcopomartyres
2060 4147 2151 4201 de-

578 4234 827 4304 signavit.
863 4235 1219 4305 Prophetidas
1248 4245 1429 4291 autem
1483 4234 1632 4292 novit
1701 4233 1981 4304 Scriptura
2015 4250 2149 4306 qua-

572 4332 702 4379 tuor
746 4323 982 4395 Philippi
1040 4325 1199 4392 ﬁlias,
1237 4325 1505 4381 Deboram
1536 4364 1552 4391 ,
1613 4322 1838 4378 Mariam
1900 4339 2142 4380 sororem

576 4416 831 4481 Aaronis,
882 4425 938 4470 et
966 4414 1254 4486 Deiparam
1294 4415 1518 4470 Mariam
1556 4413 1670 4486 (55)
1703 4429 1822 4484 quae
1873 4414 2028 4484 dixit,
2091 4425 2151 4471 ut

2313 2784 2389 2840 1".
2439 2784 2632 2855 Τρίτον
2685 2786 2768 2840 ὅτι
2817 2784 3310 2849 κατασκευάζοντες
3364 2782 3562 2850 δεῖξαι,
3608 2783 3701 2837 τόν
3749 2801 3816 2838 τε

2242 2874 2518 2928 Μοντανὸν
2567 2875 2855 2947 ἐσχηκέναι
2905 2876 2966 2930 τὸ
3012 2875 3216 2929 τέλειον
3266 2873 3361 2927 τοῦ
3409 2871 3810 2943 Παρακλήτου,

2241 2963 2343 3034 τήν
2368 2980 2429 3017 τε
2466 2964 2795 3036 Πρισκίλλαν
2825 2966 2918 3018 καὶ
2962 2963 3308 3036 Μαξιμίλλαν
3342 2962 3700 3035 προφήτιδας.
3740 3000 3756 3016 .
3793 2999 3814 3017 .

2535 3096 2548 3111 .
2596 3093 2610 3110 .
2650 3096 2666 3111 .
2712 3055 2953 3127 ἔγραψαν
3000 3055 3285 3126 Μοντανῷ.
3359 3055 3625 3123 Λέγουσιν
3656 3094 3671 3120 ,
3728 3054 3818 3107 ὅτι

2171 3186 2217 3249 c
2247 3145 2403 3249 ὑμεῖς
2429 3147 2560 3219 [220
2605 3148 2664 3249 ρ]
2702 3096 2764 3201 οῦ
2779 3096 3079 3249 Ιῖιιιζτεῦεέτε
3123 3107 3262 3219 μετά
3292 3147 3390 3249 τήν
3430 3096 3813 3249 πρώτηννὲπι-

2250 3237 2479 3306 φάνειαν
2537 3238 2633 3293 τοῦ
2668 3240 2939 3294 Δεσπότου
2985 3236 3123 3293 εἶναι
3158 3239 3443 3310 προφήτας
3472 3254 3485 3267 ·
3520 3233 3671 3291 εἶπεν
3716 3237 3771 3289 δὲ
3793 3277 3811 3301 ,

2246 3329 2430 3399 φησιν,
2461 3329 2490 3382 ὁ
2524 3329 2747 3401 Σωτήρ·
2786 3349 2805 3382 ι
2856 3330 2985 3385 Ἰδοὺ
3018 3328 3129 3398 ἐγὼ
3157 3327 3470 3383 ἀποστέλλω
3511 3327 3643 3398 πρὸς
3672 3327 3814 3395 ὑμᾶς

2242 3417 2559 3487 προφήτας,
2587 3418 2680 3471 καὶ
2710 3419 2930 3488 σοφοὺς,
2970 3419 3065 3472 καὶ
3107 3418 3453 3489 γραμματεῖς
3471 3431 3484 3444 ·
3516 3414 3607 3467 καὶ
3628 3411 3688 3476 ἐξ
3713 3413 3815 3466 αὑ-

2244 3507 2351 3562 τῶν
2397 3509 2746 3564 ἀποκτενεῖτε
2766 3547 2782 3574 ,
2816 3509 2912 3563 καὶ
2956 3507 3296 3580 σταυρώσετε
3318 3546 3334 3571 ,
3383 3506 3476 3559 καὶ
3523 3504 3584 3571 ἐξ
3631 3502 3812 3557 αὐτῶν

2247 3599 2626 3671 μαστιγώσετε
2658 3601 2717 3654 ἐν
2743 3602 2865 3664 ταῖς
2894 3602 3236 3671 συναγωγαῖς
3262 3598 3435 3671 ὑμῶν.
3475 3615 3495 3648 ι
3543 3595 3709 3665 Λέγει
3731 3594 3815 3662 δὲ,

2244 3692 2344 3762 οὐχ
2394 3692 2471 3755 ὡς
2513 3693 2711 3746 ἐκεῖνοι
2755 3692 3089 3762 νομίζουσιν,
3143 3692 3281 3747 ἀλλὰ
3326 3690 3451 3753 τοὺς
3488 3687 3818 3751 ἀποστόλους

2246 3783 2606 3854 προειπόντας
2644 3782 2818 3838 πολλά
2843 3783 2951 3838 τῶν
2986 3784 3287 3855 μελλόντων
3317 3782 3412 3836 καὶ
3438 3781 3547 3835 τῶν
3572 3779 3816 3850 ἐσχάτων

2246 3871 2472 3942 καιρῶν,
2504 3872 2597 3925 καὶ
2624 3874 2724 3944 τῆς
2759 3874 2817 3926 ἐν
2857 3873 3113 3944 οὐρανοῖς
3147 3870 3461 3942 βασιλείας·
3503 3868 3562 3934 ἐξ
3599 3862 3675 3922 ὧν
3723 3866 3817 3921 καὶ

2247 3959 2685 4032 ἀπεκτάνθησαν,
2745 3959 2821 4023 ώς
2880 3961 3151 4029 Στέφανος
3207 3959 3301 4014 καὶ¹
3377 3957 3664 4020 Ἰάκωϐος·
3722 3954 3818 4008 καὶ

2247 4047 2694 4119 ἐσταυρώθησαν,
2721 4047 2798 4113 ὡς
2835 4049 3072 4119 Πέτρος·
3108 4049 3200 4102 καὶ
3236 4045 3708 4118 ἐμαστιγώθησαν.
3742 4043 3818 4108 ὡς

2247 4139 2483 4206 Παῦλος.
2520 4140 2671 4195 Ἐσθ’
2714 4141 2804 4193 ὅτε
2845 4139 2902 4193 δέ
2933 4136 3084 4194 εἶπεν
3123 4139 3217 4194 καὶ
3253 4140 3378 4205 τοὺς
3417 4138 3696 4209 μάρτυρας
3725 4134 3818 4187 καὶ

2245 4233 2373 4297 τοὺς
2401 4234 2598 4303 σοφοὺς
2624 4231 3198 4306 ἑπισκοπομάρτυρας.
3232 4229 3574 4302 Προφήτιδας
3599 4228 3655 4282 δέ
3680 4223 3819 4280 οἶδεν

2246 4327 2279 4397 ἡ
2325 4324 2517 4396 Γραφὴ
2559 4324 2659 4388 τὰς
2698 4323 2965 4379 Φιλίππου
3014 4323 3288 4394 τέσσαρας
3340 4320 3666 4391 Θυγατέρας,
3718 4319 3819 4390 τὴν

2248 4417 2542 4489 Δεϐόῤῥαν,
2568 4416 2803 4488 Μαριὰμ
2818 4415 2918 4488 τὴν
2942 4415 3174 4487 ἀδελφήν
3210 4411 3441 4485 ’Δαρὼν,
3459 4412 3554 4466 καὶ
3573 4412 3671 4483 τὴν
3693 4410 3824 4463 Θεο-

577 4506 757 4577 inquit
808 4507 1151 4575 Evangelium
1185 4525 1199 4561 :
1241 4524 1261 4559 ι
1299 4506 1381 4561 Ex
1432 4508 1539 4562 hoc
1578 4505 1691 4580 (56)
1731 4516 1971 4577 tempore
2020 4509 2142 4562 bea-

2248 4509 2405 4562 τόκον
2440 4507 2673 4578 Μαριὰμ
2697 4547 2712 4572 ,
2744 4506 3005 4560 εἰποῦσαν
3026 4546 3040 4571 ,
3071 4506 3147 4570 ὡς
3185 4505 3247 4559 τὸ
3276 4503 3609 4574 Εὐαγγέλιον
3639 4498 3820 4557 εἶπεν·

580 4605 689 4652 tam
729 4611 816 4652 me
848 4598 1029 4652 dicent
1062 4612 1250 4653 omnes
1274 4598 1531 4653 mulieres
1577 4598 1691 4670 (57)
1732 4607 1789 4654 et
1846 4599 2149 4669 generatio-

577 4700 681 4742 nes
726 4701 740 4738 :
790 4702 808 4736 ι
871 4686 1040 4742 libros
1068 4702 1198 4743 vero
1235 4688 1405 4743 abiis
1436 4690 1809 4758 conscriptos,
1860 4697 1916 4744 et
1965 4703 2151 4745 earum

578 4775 890 4833 nominibus
918 4777 1205 4847 inscriptos
1233 4794 1340 4833 non
1372 4779 1520 4833 novit
1560 4797 1575 4834 :
1614 4779 1742 4848 quin
1777 4779 1938 4835 etiam
1972 4780 2023 4833 id
2059 4792 2150 4832 ve-

576 4865 686 4920 tuit
721 4863 1011 4931 Apostolus
1073 4866 1127 4920 in
1186 4866 1360 4936 prima
1406 4867 1473 4920 ad
1512 4866 1859 4921 Timotheum
1916 4866 2151 4935 Epistola

580 4956 822 5012 scribens
850 4974 865 5011 :
905 4974 926 5009 ι
962 4955 1274 5012 Mulieribus
1304 4957 1415 5029 (58)
1441 4956 1636 5012 docere
1668 4970 1771 5011 non
1785 4958 2097 5027 ‘permitto;
2130 4975 2148 5009 ι

653 5135 766 5208 (26)
796 5137 1051 5207 Accipite.
1078 5139 1234 5195 Joan.
1266 5155 1359 5205 xx,
1389 5138 1481 5195 29...

653 5208 767 5279 (27)
805 5210 978 5273 Apud.
1005 5209 1160 5266 Joan.
1182 5224 1309 5279 τιν,
1342 5209 1428 5263 l7.

654 5277 767 5343 (28)
804 5279 889 5332 An
919 5281 1145 5335 nescitis.
1179 5278 1200 5332 l
1230 5279 1354 5335 Cor.
1382 5293 1466 5343 ιιι,
1499 5278 1584 5335 16.

655 5348 769 5418 (‘29)
810 5346 1060 5417 Spiritus.
1098 5347 1224 5418 Sap.
1259 5364 1300 5413 ι,
1336 5349 1390 5402 7.

656 5417 770 5487 (50)
809 5418 1107 5487 ᾼιαιίεηιη.
1139 5416 1259 5474 Act.
1287 5433 1405 5485 νιιι,
1436 5416 1623 5472 14-17.

657 5483 769 5555 (51)
812 5485 1195 5554 Prophetiuas.
1232 5483 1431 5543 Desunt
1460 5488 1548 5543 hic
1593 5488 1699 5543 duo
1730 5494 1822 5542 aut
1856 5483 1957 5540 tria
1989 5485 2151 5541 verba

586 5555 640 5612 in
679 5555 882 5626 codice,
913 5560 1054 5626 quod
1095 5558 1284 5612 litteras
1315 5558 1652 5612 evanuerint.

804 5622 944 5709 Esse
955 5628 1256 5709 prophetas.
1284 5626 1576 5709 [segeﬁuae
1599 5624 1959 5709 doctissimus
1977 5623 2154 5709 cardi-

586 5692 728 5765 nalis
748 5692 938 5765 Ursius
962 5692 1182 5765 scripsit
1208 5697 1274 5750 de
1306 5692 1406 5750 hac
1430 5692 2151 5765 montanistarum_tloctt-iua

592 5761 1152 5834 i_n__rDisscrtatio‘ne
1200 5767 1530 5834 apologetica
1580 5781 1678 5833 pro
1727 5765 1826 5820 SS.
1874 5763 2151 5831 Perpetua:

594 5830 906 5897 Felicitatis,
939 5844 1043 5887 etc.
1083 5830 1410 5891 Orthodoxia
1439 5853 1456 5885 ι
1492 5830 1609 5903 cap.
1641 5837 1696 5891 ‘2.

2251 4619 2271 4653 ι
2313 4599 2446 4653 Ἀπδ
2474 4599 2566 4652 τοῦ
2610 4597 2707 4652 νῦν
2747 4595 3111 4669 μακαριοῦσίν
3161 4613 3228 4667 με
3274 4597 3447 4649 πᾶσαι
3476 4595 3530 4648 al
3570 4594 3824 4660 γυναῖκες

2248 4690 2342 4745 καὶ
2363 4690 2420 4744 αἱ
2445 4688 2650 4758 γενεαί·
2692 4707 2710 4740 ι
2756 4687 2974 4759 βίϐλους
2995 4688 3053 4741 δὲ
3084 4686 3441 4754 συνταγείσας
3475 4682 3534 4748 ἐξ
3557 4682 3825 4752 ὀνόματος

2249 4780 2427 4835 αὐτῶν
2454 4779 2556 4833 οὐκ
2586 4774 2725 4831 οἶδεν
2747 4794 2760 4809 ·
2795 4777 2931 4832 ἀλλὰ
2975 4777 3069 4831 καὶ
3100 4775 3372 4831 ἐκώλυσεν
3400 4776 3429 4827 ό
3469 4771 3790 4836 ’Δπόστολος
3808 4811 3824 4837 ,

2251 4867 2503 4939 Τιμοθέῳ
2545 4866 2605 4920 τὺ
2654 4865 2870 4939 πρῶτον
2916 4866 3168 4937 γράψας·
3213 4882 3233 4916 ι
3274 4862 3526 4929 Γυναιξὶν
3550 4862 3823 4916 διδάσκειν

2251 4959 2351 5014 οὐκ
2396 4959 2694 5030 ἐπιτρέπω·
2738 4977 2756 5011 ι
2810 4957 2904 5011 καὶ
2944 4957 3103 5014 πάλιν
3135 4958 3193 5010 ἐν
3226 4958 3294 5027 τῇ
3332 4954 3469 5026 πρὸς
3508 4951 3827 5024 Κορινθίους

2329 5139 2440 5210 (55)
2483 5140 2634 5210 Iit-ce.
2668 5138 2858 5210 Matth.
2885 5154 3078 5210 χχχιιι,
3098 5137 3188 5193 55.

2331 5203 2442 5279 (54)
2478 5208 2753 5279 Εοηαεσε.
2786 5207 2991 5271 Graeca
3039 5203 3128 5263 hic
3170 5207 3397 5279 obscura
3444 5212 3597 5279 sunt1
3605 5203 3729 5279 Ego
3749 5203 3829 5256 sic

2256 5270 2530 5336 transtuli.
2575 5280 2726 5346 quasi
2774 5281 3035 5347 scriptum
3078 5285 3224 5347 esset
3252 5294 3265 5331 :
3291 5276 3522 5346 Μήποτε
3570 5274 3630 5327 δὲ
3670 5270 3829 5347 εἶπεν

2262 5349 2457 5415 σοφοὺς
2498 5342 2606 5401 καῖ
2637 5349 2764 5411 τοὺς
2804 5342 3086 5418 μάρτυρας
3128 5346 3225 5401 καὶ
3263 5342 3389 5408 τοὺς
3422 5342 3832 5413 ἐπισκοπομάρ-

2258 5434 2320 5469 τυ
2327 5434 2445 5478 ρας.

2483 5486 2736 5542 Mariam.
2769 5485 3282 5558 Hieronymuspag.
3320 5485 3442 5558 H7,
3473 5492 3606 5539 tom.
3643 5478 3708 5537 IV
3738 5478 3827 5536 ed.

2262 5555 2591 5626 Veronensis
2615 5559 2803 5612 eodem
2836 5555 2992 5626 plane
3014 5556 3186 5626 modo
3213 5556 3471 5625 loquitur.

2332 5625 2443 5693 (56)
2472 5624 2557 5679 Ea:
2586 5627 2700 5681 hoc.
2735 5623 2866 5681 Luc.
2895 5642 2936 5689 ι,
2966 5623 3056 5679 48.

2335 5692 2447 5761 (57)
2483 5695 2749 5758 Mulieres.
2778 5705 2847 5749 et.
2882 5694 3047 5748 llihlia
3094 5708 3197 5750 non
3230 5693 3429 5749 habent
3457 5692 3554 5749 llas
3579 5705 3756 5747 voces.

2337 5766 2451 5833 (58)
2492 5764 2876 5819 Mulieribus.l
2947 5762 3088 5819 Tim.
3148 5780 3207 5832 tt,
3274 5762 3360 5819 12.
3409 5763 3599 5819 Gneea
3642 5761 3830 5827 editio,

2264 5834 2501 5905 γυναικί,
2535 5834 2585 5889 id
2616 5845 2696 5891 cst
2734 5854 2752 5886 ι
2782 5834 3010 5890 mulieri.
3034 5852 3052 5884 ι
