4108 6480
329 493 439 551 989

1397 491 1483 546 DE
1521 490 1893 547 TRINITATE
1928 492 2128 546 LIBER
2171 493 2488 550 TERTIUS.

3465 499 3570 557 990

328 612 531 683 πρώτῃ
572 606 877 677 Ἐπιστολῇδ
925 624 942 658 ι
981 606 1140 659 Πᾶσα
1179 605 1315 676 γυνὴ
1359 606 1772 677 προσευχομένη
1812 607 1891 659 κατ

2010 615 2065 660 et
2090 620 2279 661 rursus
2319 608 2369 661 in
2400 607 2572 675 prima
2600 606 2666 660 ad
2692 606 3040 663 Corinthios:
3073 626 3092 660 ‹
3122 607 3306 664 Omnis
3329 608 3576 680 (39)mu-

328 696 748 770 προφητεύουσα
771 693 1208 763 ἀκατακαλύπτῳ
1232 697 1299 763 τῇ
1330 694 1561 765 κεφαλῇ.
1600 694 1900 763 καταισχύ-

327 807 414 843 νει
442 789 541 856 τὴν
568 786 808 857 κεφαλήν
827 804 841 817 ·
872 804 891 837 ι
930 786 959 839 ὅ
987 787 1154 849 ἐστιν,
1183 784 1255 854 μὴ
1282 783 1480 848 ἐξεῖναι
1503 784 1723 852 γυναικὶ
1751 784 1902 838 ἀναί-

326 881 430 950 δην
454 878 515 943 ἐξ
547 877 752 941 οἰκείας
789 874 1137 947 προστάξεως
1168 873 1385 945 βίϐλους
1428 875 1766 945 συγγράφειν
1806 877 1900 928 καὶ

330 973 362 1023 ὲ
415 1007 430 1023 .
456 1003 473 1024 .
502 1007 519 1024 .
557 1009 573 1023 .
607 1008 622 1024 .
655 1005 671 1023 .
706 1007 721 1023 .
760 1007 775 1023 .
814 1005 831 1023 .
863 1005 881 1022 .
924 967 1146 1021 δάσκειν
1179 968 1272 1020 καὶ
1303 967 1477 1036 τούτῳ
1524 968 1767 1037 ὑὸρίζειν
1801 968 1899 1039 τὴν

333 1061 462 1135 [220
502 1060 555 1133 ι]
595 1060 839 1131 κεφαλὴν
868 1100 883 1125 ,
930 1059 1075 1112 τοῦτ’
1128 1058 1275 1112 ἐστιν
1315 1058 1406 1112 τὸν
1457 1059 1660 1130 ἄνδρα·
1722 1076 1740 1110 ι
1788 1060 1898 1112 Κε-

329 1153 473 1224 φαλὴ
502 1171 522 1205 ι
565 1153 676 1223 γάρ
708 1170 728 1203 ι
766 1150 1041 1220 γυναικὸς,
1068 1153 1096 1204 ὁ
1127 1152 1269 1221 ἀνήρ
1289 1165 1304 1180 '
1340 1150 1549 1220 κεφαλὴ
1586 1149 1643 1204 δὲ
1682 1150 1894 1221 ἀνδρὸς,

327 1244 582 1314 Χριστός.
620 1262 640 1295 ι
667 1243 778 1296 Καὶ
811 1244 845 1311 η
878 1240 1317 1309 κατασιγάζουσα
1347 1240 1446 1304 τὰς
1472 1244 1732 1309 γυναῖκας
1748 1241 1897 1294 αἰτία

329 1333 613 1405 πρόδηλος·
639 1332 828 1403 ἐπειδὴ
847 1334 880 1403 ἠ
901 1331 960 1396 ἐξ
984 1331 1157 1403 ἀρχῆς
1176 1331 1277 1401 τῆς
1299 1331 1554 1400 γυναικὸς
1582 1330 1895 1384 διδασκαλία

327 1423 392 1473 οὐ
408 1421 586 1483 καλῶς
603 1419 665 1472 τὸ
688 1420 863 1473 κοινὸν
879 1418 1073 1472 ἐσλαὸε
1097 1419 1271 1487 γένος.
1307 1437 1325 1470 ι
1362 1419 1420 1472 Ὀ
1449 1438 1467 1469 ι
1494 1419 1601 1489 γὰρ
1632 1437 1650 1469 ι
1685 1417 1843 1488 ἀνὴρ,
1869 1436 1887 1468 ο

321 1509 402 1573 ὼς
428 1509 627 1580 γράφει
658 1510 687 1561 ὁ
746 1506 1098 1573 Ἀπόστολος,
1153 1525 1172 1559 ι
1224 1509 1324 1560 οὐκ
1370 1504 1664 1577 ἠπατήθη,
1706 1506 1818 1557 ἀλλ’
1860 1506 1893 1574 ή

324 1600 485 1668 γυνή.
524 1618 543 1649 ι
595 1598 756 1651 Ὥστε
804 1597 953 1668 παρὰ
998 1595 1204 1659 πάντας
1246 1594 1521 1657 Μοντανὸς
1568 1593 1689 1647 οὐδὲ
1719 1592 1891 1661 ἔγνω,

323 1688 447 1742 οὐδὲ
492 1687 649 1759 ἔσχεν
696 1689 757 1741 τὸ
796 1688 947 1756 ἆγιον
1000 1686 1247 1756 Πνεῦμα,
1294 1682 1452 1739 τοῦτο
1513 1685 1749 1755 οἰηθείς*
1800 1684 1893 1739 καὶ

323 1775 535 1842 ταῦτα,
603 1777 739 1848 μετά
813 1776 912 1848 τὴν
953 1775 1222 1847 ἀνάληψιν
1284 1775 1379 1827 τοῦ
1448 1774 1695 1845 Σωτῆρος
1721 1812 1734 1837 ,
1797 1772 1891 1826 καὶ

323 1867 424 1939 τὴν
477 1867 815 1937 ὲπιφοίτησιν
883 1866 977 1918 τοῦ
1025 1865 1178 1933 ἁγίου
1245 1864 1595 1935 Πνεύματος,
1647 1863 1808 1916 πλέον
1855 1862 1889 1926 ἢ

2013 695 2112 749 lier
2132 711 2316 760 orans,
2346 709 2401 751 et
2426 696 2754 765 prophetaus
2806 712 2911 750 non
2941 698 3118 753 velato
3143 701 3317 770 capite
3339 739 3355 764 ,
3384 705 3572 756 detur-

2007 794 2097 853 pat
2165 796 2372 855 caput:
2411 804 2431 838 ι
2474 786 2619 854 quod
2656 785 2944 855 signiﬁcat,
2982 802 3089 842 non
3141 788 3305 844 licere
3351 791 3571 846 mulieri

2006 890 2072 929 ex
2099 876 2313 944 propria
2336 874 2723 943 compositione
2745 874 2912 929 libros
2939 874 3165 930 ﬁdenter
3193 881 3565 942 conscribere,

2005 978 2059 1019 et
2105 967 2158 1020 in
2189 965 2427 1021 Ecclesia
2460 965 2576 1037 (40)
2610 967 2827 1030 docere,
2852 977 3012 1035 alque
3054 968 3156 1023 hac
3194 970 3399 1025 ratione
3437 972 3571 1038 inju-

2005 1058 2137 1111 riam
2169 1057 2329 1125 capiti
2358 1056 2580 1123 inferre,
2603 1056 2655 1111 id
2675 1065 2781 1122 est,
2808 1059 2922 1112 viro
2949 1075 2964 1114 :
2996 1077 3015 1110 ί
3042 1057 3216 1127 Caput
3244 1060 3353 1130 (41)
3375 1080 3393 1112 ι
3424 1063 3566 1116 enim

2009 1165 2027 1198 ‹
2067 1147 2308 1202 mulieris
2332 1156 2416 1202 est
2445 1147 2755 1217 virzcaput
2806 1159 2989 1203 autem
3044 1149 3165 1213 viri,
3230 1151 3499 1209 Christus.
3542 1172 3561 1205 ο

2002 1234 2171 1302 Quam
2215 1251 2345 1291 vero
2381 1235 2449 1290 ob
2489 1251 2705 1291 causam
2740 1236 2990 1292 mulieres
3023 1247 3201 1293 tacere
3248 1239 3567 1308 iubeantur,

2002 1327 2344 1382 manifestum
2370 1338 2473 1382 est.
2506 1327 2769 1381 Nimirum
2808 1328 3058 1384 doctrina
3091 1330 3248 1385 initio
3277 1346 3307 1384 a
3344 1333 3568 1386 muliere

2001 1417 2241 1486 profecta
2266 1418 2518 1473 universo
2548 1418 2823 1472 hominum
2870 1420 3054 1488 generi
3107 1422 3288 1475 nocuit
3325 1422 3460 1491 (42).
3496 1421 3568 1477 Ut

1999 1507 2143 1562 enim
2170 1508 2356 1562 scribit
2382 1507 2667 1575 Apostolus
2706 1507 2818 1579 (45)
2848 1549 2864 1573 ,
2904 1525 3009 1564 non
3039 1510 3122 1564 vir
3149 1511 3402 1579 deceptus
3429 1512 3563 1578 fuit,

1997 1600 2091 1653 sed
2136 1598 2349 1652 mulier.
2390 1598 2575 1668 itaque
2606 1597 2863 1668 Spiritum
2910 1610 3157 1655 sanctum
3205 1602 3423 1656 minime
3451 1618 3566 1656 om-

2001 1688 2699 1761 niummcognovissc,
2747 1700 2842 1744 aut
2889 1691 3143 1747 habuisse
3170 1691 3427 1747 dicendus
3482 1703 3565 1749 est

1999 1777 2308 1844 Montanus,
2344 1796 2468 1835 curn
2503 1781 2576 1834 ita
2608 1781 2877 1847 senserit,
2915 1795 2982 1835 ac
3037 1790 3254 1837 centum
3296 1783 3511 1850 quidem
3544 1823 3563 1850 ,

2001 1878 2164 1937 atque
2190 1884 2257 1924 eo
2282 1869 2512 1937 amplius
2536 1870 2695 1925 anuis
2727 1878 2846 1940 post
2886 1870 3256 1925 ascensionem
3320 1870 3564 1925 Salvato-

328 1957 466 2029 μηετά
489 1959 684 2011 ἑκατὸν
712 1958 804 2028 ἔτη
830 1956 1120 2027 γενόμενος
1149 1956 1348 2026 ἱερεὺς,
1381 1955 1597 2025 πρῶτον
1636 1951 1853 2007 εἰδώλου
1874 1993 1889 2018 ,

1996 1966 2092 2025 ris,
2148 1970 2204 2015 et
2258 1960 2496 2030 Spiritus
2539 1961 2712 2016 sancti
2755 1961 3064 2028 adventum,
3128 1960 3301 2016 factus
3330 1964 3560 2031 primum

325 2050 420 2101 καὶ
441 2048 582 2103 οὕτω
602 2049 701 2120 τὴν
733 2048 938 2120 τυφλὴν
967 2048 1167 2116 ταύτην
1195 2046 1632 2117 εἰσηγησάμενος
1654 2046 1886 2117 αἵρεσιν.

324 2138 574 2194 Τοσαῦτα
590 2142 725 2212 πρὸς
752 2141 851 2203 τάς
870 2140 1035 2203 ἄλλας
1059 2139 1316 2210 αἱρέσεις,
1340 2138 1415 2201 ὼς
1438 2132 1549 2191 οἷόν
1576 2154 1657 2203 τε,
1683 2138 1891 2209 σωφρό-

327 2247 434 2294 νως
469 2229 872 2301 διαμαχόμεθα·
905 2229 1049 2282 ἐστιν
1089 2229 1146 2282 δέ
1175 2245 1258 2292 τις
1290 2228 1384 2281 καὶ
1413 2228 1546 2299 άλλη
1579 2228 1761 2299 γυμνὴ
1800 2245 1893 2282 κε-

324 2320 466 2391 φαλὴ
502 2324 570 2389 τῇ
604 2319 832 2390 ἀληθείᾳ
860 2318 1142 2390 μαχομένη
1165 2335 1177 2349 ·
1203 2318 1323 2371 οὐδὲ
1348 2314 1518 2389 αὐτὴν
1558 2321 1692 2389 ἡμῖν
1720 2335 1891 2372 κατα-

322 2411 571 2466 λειπτέον
601 2410 941 2477 ἀνέλεγκτον.

926 2627 1083 2683 ΚΕΦ.
1122 2627 1256 2682 MB’.

392 2720 527 2793 Περὶ
568 2719 676 2791 γὰρ
726 2715 821 2773 τοῦ
866 2717 1179 2790 Μανιχαξων
1225 2717 1568 2790 ψυχοφθόρου
1621 2718 1893 2789 δόγματος

322 2811 539 2883 ἄμεινον
575 2811 673 2881 μὲν
710 2806 778 2882 ἦν
804 2810 1037 2881 σιωπᾷν,
1069 2810 1102 2881 ἢ
1131 2809 1357 2877 λέγοντα
1384 2807 1656 2863 δεικνύναι
1688 2809 1891 2878 πηλίκα

322 2907 400 2969 et;
426 2904 486 2958 τὸ
509 2903 650 2957 θεῖον
672 2901 926 2956 ἔπταισεν
952 2900 1239 2974 ἀνθρώπου
1267 2901 1428 2970 φύσις
1452 2938 1467 2965 ,
1498 2902 1592 2954 καὶ
1620 2900 1700 2964 εἰς
1722 2901 1891 2964 ἀκοάς

321 2996 523 3066 φέρειν,
578 2993 613 3048 ἀ
648 2991 760 3046 εἴθε
804 2992 935 3063 μηδὲ
983 2994 1177 3046 ἐκεῖνοι
1222 2992 1300 3062 τῷ
1347 2991 1493 3062 ἔργῳ
1537 2992 1888 3063 μετήρχοντο,

325 3084 456 3159 μηδὲ
498 3087 578 3147 εἰς
614 3084 784 3155 ἡμᾶς,
811 3083 879 3136 τά
907 3082 1003 3153 μὲν
1041 3083 1209 3154 πείρᾳ.
1229 3123 1242 3145 ,
1276 3081 1346 3135 τά
1372 3082 1416 3135 δ’
1448 3084 1583 3153 ἀκοῇ
1620 3082 1887 3153 ἐληλύθει.

321 3176 523 3250 Γράφει
552 3175 658 3246 γάρ
678 3190 693 3204 ·
736 3193 754 3224 ι
782 3173 869 3243 Μὴ
889 3172 1182 3243 ἀποκρίνου
1210 3172 1400 3240 ἄφρονι
1427 3173 1569 3225 κατὰ
1597 3172 1694 3242 τὴν
1721 3175 1890 3244 ἀφρο-

1989 2047 2096 2101 doli
2119 2046 2372 2103 sacerdos
2389 2047 2522 2119 (44),
2554 2057 2664 2102 tum
2706 2063 2861 2103 caeca:
2885 2047 3046 2117 hujus
3077 2048 3344 2104 haereseos
3372 2060 3564 2106 auctor

1988 2145 2046 2193 et
2084 2138 2292 2193 doctor.
2343 2138 2421 2193 lta
2448 2139 2710 2195 adversus
2731 2138 2868 2195 alias
2913 2138 3147 2194 haereses
3205 2141 3443 2195 modeste
3497 2155 3563 2195 ac

1990 2229 2285 2296 sapienter,
2327 2239 2387 2284 ut
2414 2244 2729 2298 possumus,
2786 2245 3105 2299 pugnamus.
3138 2230 3335 2284 Verum
3387 2240 3469 2285 est
3506 2241 3562 2285 et

1990 2318 2134 2373 aliud
2181 2320 2449 2389 quoddam
2485 2320 2688 2376 nudum
2721 2329 2913 2389 caput.
2940 2320 3081 2389 quod
3111 2319 3326 2374 veritati
3363 2319 3561 2373 bellum

1991 2418 2212 2475 movet;
2266 2425 2334 2465 ne
2370 2412 2475 2469 hoc
2509 2413 2723 2483 quidem
2778 2411 3212 2481 irreprehensum
3259 2411 3562 2481 relinquen-

1991 2500 2115 2554 dum
2151 2510 2231 2557 est
2260 2501 2393 2573 (45).

2598 2632 2747 2690 CAP.
2784 2632 2942 2688 XLII.

2060 2721 2194 2776 Nam
2220 2720 2288 2779 de
2318 2722 2735 2780 Manichaeorum
2775 2725 3024 2795 dogmate
3050 2722 3258 2777 animas
3309 2735 3561 2776 corrum-

1990 2826 2151 2885 pente
2191 2824 2372 2872 tacere
2414 2816 2631 2884 quidem
2680 2815 2849 2870 satius
2895 2822 3058 2878 esset,
3109 2827 3272 2882 quam
3332 2811 3560 2865 dicendo

1990 2906 2314 2970 ostendere,
2346 2917 2607 2975 quantum
2644 2907 2697 2959 in
2737 2904 3073 2959 divinitatem
3111 2902 3396 2969 deliquerit
3455 2902 3559 2955 hu-

1990 3007 2148 3048 mana
2201 3002 2411 3058 natura,
2432 3004 2485 3047 et
2512 2992 2602 3047 illa
2626 2991 2690 3046 ad
2724 2991 2999 3045 hominum
3054 3003 3213 3044 aures
3244 2988 3404 3053 ferre,
3441 3001 3563 3057 quae

1991 3086 2196 3139 utinam
2236 3100 2337 3140 nec
2389 3085 2475 3139 isti
2505 3097 2741 3153 unquam
2794 3082 2966 3149 reipsa
2996 3086 3421 3150 perpetrassent,
3458 3093 3558 3133 ne-

1990 3189 2096 3245 que
2122 3176 2318 3243 partim
2352 3173 2687 3242 experientia
2717 3171 3005 3242 (“)nobis
3038 3179 3311 3239 comperta
3345 3170 3560 3231 forent,

323 3268 485 3340 σύνην
510 3265 693 3320 αὑτοῦ.
720 3283 740 3317 ι
767 3267 883 3318 ἰνα
898 3262 956 3316 δὲ
985 3264 1056 3334 μή
1079 3278 1185 3328 τις,
1209 3262 1243 3332 ἢ
1265 3263 1412 3316 άκων
1441 3262 1520 3331 τῷ
1548 3260 1704 3332 κακῷ
1736 3280 1891 3335 περι-

1996 3267 2184 3335 partim
2226 3279 2293 3319 ex
2327 3265 2514 3318 auditu
2561 3262 2627 3317 ad
2683 3277 2780 3316 nos
2836 3262 3228 3331 pervenissent.
3286 3257 3561 3328 Scriptum

325 3360 491 3433 πέσῃ,
522 3357 822 3429 ἢὺπολάδῃ
849 3355 1001 3409 οίστὰ
1024 3350 1252 3407 εἶναιτὰ
1280 3354 1401 3406 κατ’
1426 3353 1645 3418 αὐτοὺς,
1676 3354 1886 3425 ἀνάγκη

321 3449 413 3503 τοῦ
437 3449 702 3520 δόγματος
728 3445 981 3500 τοσοῦτον
1009 3443 1319 3515 ἐφάψασθαι
1344 3485 1359 3511 ,
1400 3443 1527 3498 ὅσον
1558 3444 1741 3499 ἱκανόν
1768 3448 1887 3498 ἐστι

321 3541 383 3594 τὸ
406 3541 664 3611 βλαϐερὸν
687 3538 781 3593 τοῦ
807 3538 1074 3608 δόγματος
1102 3535 1367 3606 γνωρίσαι
1400 3535 1513 3600 τοῖς
1540 3535 1888 3606 ἐντυγχάνειν

324 3632 447 3706 [εει
482 3631 538 3704 a]
607 3629 907 3701 ὁφείλουσν
947 3627 1185 3700 δηλαδὴ,
1228 3629 1292 3681 ἐκ
1330 3624 1439 3681 τῶν
1481 3626 1889 3699 λεχθησομένων

323 3723 674 3795 στοχάζεσθαι
756 3721 829 3775 τὰ
895 3720 1224 3790 σιωπώμενα
1250 3758 1264 3784 ,
1318 3716 1415 3774 καὶ
1489 3720 1703 3791 μακρὰν
1763 3720 1892 3789 φεύ-

320 3834 438 3886 γειν
482 3818 640 3887 τήνδε
680 3817 783 3885 τῆς
833 3815 1129 3887 θρησκείας
1181 3812 1476 3879 ἀπώλειαν,
1518 3815 1611 3867 καὶ
1650 3814 1713 3867 τὸ
1761 3814 1890 3868 ποτε

321 3906 735 3972 συναυλίζεσθαι
758 3907 1019 3970 τοιούτοις
1056 3905 1259 3977 ταύτην
1303 3904 1734 3975 ἐπιτηδεύουσιν.
1779 3904 1890 3959 Καὶ

319 3998 429 4068 γὰρ
452 3997 543 4050 καὶ
569 3998 617 4049 οἱ
664 3996 838 4067 ἰατροὶ
867 3994 965 4068 τὴν
991 3994 1095 4049 τῶν
1138 3995 1478 4067 δηλητηρίων
1517 3994 1617 4049 οὐκ
1642 3996 1890 4049 ἀναίνον-

321 4104 408 4140 ται
437 4086 657 4155 γνῶσιν,
699 4088 796 4156 οὐχ
840 4087 928 4140 ῑνα
955 4104 1040 4151 τις
1068 4089 1362 4159 χρήσηται,
1402 4088 1521 4141 ἀλλ’
1550 4089 1699 4151 ὅπως
1735 4088 1890 4153 εἰδὼς

321 4178 456 4231 αὐτά
486 4176 651 4248 φύγῃ.
678 4176 849 4230 Τοῦτο
890 4178 1067 4232 τοίνυν
1108 4179 1170 4231 τὸ
1204 4179 1380 4248 δόγμα
1424 4179 1616 4249 ἕκροιά
1653 4180 1738 4244 τίς
1775 4183 1891 4234 ἐστι

323 4265 413 4320 τοῦ
443 4266 750 4333 ἐξελθόντος
794 4267 1056 4339 βορϐόρου
1091 4270 1202 4322 ἀπὸ
1243 4269 1484 4340 Σίμωνος
1505 4310 1519 4334 ,
1552 4271 1647 4324 τοῦ
1693 4273 1756 4324 ὲκ
1789 4274 1893 4326 Σα-

324 4357 556 4427 μαρείας
608 4358 819 4426 Μάγου,
876 4356 969 4411 τοῦ
1036 4358 1172 4429 μηδὲ
1226 4359 1317 4412 τὸν
1369 4360 1572 4430 κόσμον
1615 4360 1708 4414 τοῦ
1755 4362 1890 4416 Θεοῦ

324 4444 461 4503 εἶναι
487 4447 714 4519 ποίημα,
750 4448 865 4502 ἀλλ’
889 4449 1157 4518 ἀγγέλων,
1196 4449 1322 4519 μηδ’
1348 4449 1647 4504 ἀνάστασιν
1669 4450 1890 4506 ἔσεσθαι

323 4536 648 4604 διδάξαντος,
687 4541 779 4593 καὶ
805 4540 1094 4612 ἀδιάφορον
1113 4540 1350 4610 ὀφείλειν
1373 4537 1512 4595 εἶναι
1554 4543 1690 4613 πρὸς
1712 4544 1892 4608 πάσας

1995 3370 2073 3416 est
2105 3359 2246 3414 enim
2302 3377 2317 3411 :
2354 3375 2371 3409 ι
2413 3354 2491 3411 Ne
2528 3356 2850 3426 respondeas
2899 3355 3010 3425 (47)
3043 3354 3207 3408 stulto
3247 3351 3397 3421 juxta
3429 3352 3564 3405 stul-

1998 3452 2169 3505 titiam
2211 3450 2344 3520 ejus.
2377 3469 2396 3501 ο
2434 3448 2538 3503 Sed
2566 3462 2635 3501 ne
2658 3448 2782 3517 quis
2819 3456 2911 3499 aut
2941 3446 3254 3515 imprudens
3282 3445 3333 3498 in
3396 3445 3563 3498 hocce

1996 3538 2195 3594 malum
2223 3540 2438 3594 labatur
2458 3577 2473 3602 ,
2502 3546 2596 3592 aut
2620 3537 2924 3593 tolerabilia
2953 3549 3075 3592 esse
3103 3536 3409 3603 suspicetur
3437 3551 3557 3603 quae

1998 3632 2070 3687 illi
2112 3632 2307 3688 docent
2335 3672 2350 3698 ,
2388 3642 2622 3685 necesse
2664 3638 2748 3684 est
2778 3628 3082 3699 huiusmodi
3120 3629 3312 3696 dogma
3348 3635 3559 3680 tantum

1998 3722 2262 3792 attingere
2312 3727 2571 3791 quantum
2625 3721 2758 3775 satis
2786 3728 2890 3784 est,
2928 3729 2987 3773 ut
3048 3719 3137 3788 qui
3200 3719 3317 3771 haec
3369 3716 3561 3770 lecturi

1997 3824 2142 3879 sunt,
2183 3813 2480 3882 intelligere
2534 3811 2784 3875 valeant,
2848 3823 3009 3880 quam
3080 3808 3440 3879 perniciosum
3492 3806 3563 3862 sit

1998 3918 2157 3977 atque
2184 3903 2496 3977 pestiferum
2529 3920 2543 3969 ;
2586 3911 2641 3958 et
2677 3914 2743 3957 ex
2785 3902 2851 3955 iis
2895 3914 3014 3968 qua:
3054 3900 3334 3964 dicemus,
3385 3899 3556 3967 conji-

1999 4012 2120 4054 cere
2174 4012 2294 4068 quae
2342 3995 2673 4057 tacebimus,
2723 3992 2984 4061 longeque
3033 3989 3101 4046 ab
3150 3991 3252 4045 bac
3303 3992 3567 4059 supersti-

2000 4091 2158 4147 tionis
2191 4089 2491 4160 perditione
2514 4085 2774 4156 ell‘ugere,
2800 4099 2869 4138 ac
2896 4097 3170 4151 nunquam
3208 4097 3332 4136 cum
3374 4082 3561 4149 hujus-

1999 4182 2142 4236 modi
2183 4178 2488 4235 hominibus
2533 4188 2639 4230 tam
2693 4176 2833 4230 foeda
2877 4175 3124 4228 instituta
3181 4173 3561 4243 proﬁtentibus

1998 4273 2227 4328 versari.
2261 4270 2393 4325 Nam
2424 4284 2493 4324 ne
2539 4267 2733 4323 medici
2760 4266 2978 4337 quidem
3013 4279 3341 4319 venenorum
3374 4265 3562 4334 eogni-
3644 4251 3651 4259 ’

1999 4365 2197 4418 tionem
2244 4369 2518 4426 recusant,
2580 4374 2690 4415 non
2721 4368 2779 4413 ut
2807 4358 2889 4413 eis
2943 4357 3066 4427 quis
3116 4364 3323 4419 utatur,
3360 4356 3456 4409 sed
3505 4365 3565 4409 ut

1998 4455 2087 4510 illa
2103 4468 2331 4509 noscens
2343 4454 2531 4509 eadem
2561 4450 2757 4521 fugiat.
2784 4451 2896 4505 lloe
2915 4464 3046 4520 ergo
3070 4449 3263 4516 dogma
3290 4447 3564 4502 emanatio

1997 4551 2241 4618 qumilam
2301 4556 2386 4602 est
2437 4545 2580 4601 illius
2613 4544 2730 4608 luti,
2769 4544 2910 4613 quod
2951 4558 2981 4598 e
3026 4541 3248 4596 Simone
3278 4540 3430 4609 Mago
3460 4537 3563 4592 Sa-

321 4628 419 4693 τὰς
442 4632 702 4699 γυναῖκας
721 4630 822 4700 τὴν
849 4629 992 4701 μίξιν
1014 4632 1473 4703 εἰσηγησαμένου,
1504 4632 1595 4686 καὶ
1623 4636 1702 4698 εἰς
1728 4635 1888 4688 τοῦτο

1996 4641 2261 4693 maritano
2286 4638 2584 4693 derivatum
2627 4644 2743 4699 est,
2778 4635 2869 4705 qui
2918 4634 3173 4687 mundum
3206 4648 3311 4687 non
3343 4646 3371 4684 a
3402 4629 3512 4683 Deo
3544 4667 3560 4692 ,

323 4720 516 4793 μανίας
559 4718 869 4785 ἐλάσαντος,
906 4720 1047 4775 ὥστε
1092 4722 1154 4774 τὸ
1190 4722 1284 4775 τοῦ
1324 4723 1561 4793 Χριστοῦ
1601 4725 1757 4796 ἡμῶν
1795 4727 1890 4779 καὶ

325 4812 558 4882 μεγάλου
588 4812 722 4867 Θεοῦ
758 4812 928 4883 δνομα
964 4813 1223 4867 ὑποδῦναι
1250 4830 1264 4843 ο
1309 4814 1396 4867 διά
1426 4815 1601 4868 ταῦτά
1634 4812 1891 4887 τετιμω-

325 4903 442 4973 ρίαν
466 4903 700 4967 αἰωνίως
733 4904 1166 4969 ἀποτιννύοντος,
1197 4905 1291 4958 καὶ
1321 4907 1400 4968 εἰς
1426 4906 1517 4960 τὸν
1554 4906 1892 4981 πολυθρύλη-

319 5010 407 5046 τον
428 4995 523 5047 καὶ
547 4993 758 5065 ζοφώδη
780 4994 1051 5066 τάρταρον
1070 4995 1292 5057 ἐνδίκως
1319 4995 1750 5065 κατενεχθέντος.
1779 4998 1889 5051 Καὶ

323 5083 504 5151 μέντοι
540 5087 635 5139 καὶ
668 5086 954 5158 προσθήκη
991 5087 1067 5158 τῷ
1101 5087 1331 5158 δόγματι
1359 5087 1581 5156 γέγονέν
1610 5106 1739 5143 ποτε
1777 5092 1889 5144 Ms-

388 5260 501 5327 (59)
542 5260 745 5315 Omnis.
783 5261 800 5315 l
836 5261 960 5316 Cor.
993 5278 1070 5328 XI,
1106 5265 1158 5317 ε).

389 5330 501 5402 (40)
545 5329 609 5402 In
668 5329 926 5385 Ecclesia.
977 5331 1486 5402 iVaeuumucodicis
1544 5332 1885 5389 intervallum

318 5397 513 5472 impleo
548 5401 750 5472 legens,
774 5402 838 5472 _é_v
873 5401 1137 5472 ἐκκλησίᾳ
1172 5398 1461 5472 διδάσκειν.

394 5467 506 5535 (41)
548 5467 737 5537 Caput.
773 5469 845 5523 Ex
871 5472 885 5522 Ι
909 5467 1038 5524 Cor.
1066 5467 1142 5533 xi,
1172 5469 1227 5523 5.

414 5537 504 5607 42)
545 5535 765 5609 Νοέιιίι,
805 5538 910 5609 Pro
939 5539 1097 5609 ἔλαϐε
1129 5541 1245 5609 lego
1282 5539 1500 5594 ἕδλαδε.

414 5609 481 5661 45
542 5607 842 5674 Apostolus.
879 5607 899 5660 ι
955 5608 1094 5663 Tim.
1126 5607 1308 5670 ιι,“14.

414 5612 502 5746 44)
544 5676 823 5746 Sacerdos.
859 5677 1165 5733 Montanum
1195 5678 1308 5746 Did}

412 5676 502 5746 44)
544 5676 823 5747 Sacerdos.
859 5677 1165 5733 Montanum
1195 5678 1449 5747 Didymus
1476 5677 1599 5732 idoli
1632 5679 1889 5733 sacerdo-

318 5753 427 5817 tem
467 5755 645 5807 vocat.
682 5745 1038 5817 Hieronymus
1063 5763 1190 5802 vero
1217 5749 1267 5800 in
1295 5745 1451 5815 epist.
1484 5763 1595 5807 xu,
1632 5750 1699 5800 ad
1740 5748 1889 5802 Mar—

317 5812 506 5871 cellam
563 5833 580 5865 ι
608 5812 904 5885 abscissum
966 5827 1019 5871 et
1074 5812 1406 5872 semivirum.
1440 5837 1457 5867 ο
1504 5817 1724 5871 Videtur
1759 5834 1886 5885 ergo

321 5885 484 5942 l'tlissc
517 5884 767 5942 sacerdos
815 5886 1058 5956 Cybeles,
1112 5903 1227 5957 qua:
1275 5887 1325 5940 in
1373 5885 1597 5959 Phrygia
1647 5884 1879 5942 tttuxitnc

1992 4730 2087 4783 sed
2120 4727 2186 4781 ab
2202 4727 2405 4798 angelis
2424 4725 2623 4780 factum
2656 4738 2775 4779 esse
2802 4723 3004 4787 docuit,
3035 4722 3555 4776 etresurrectionem

1985 4818 2222 4872 futuram
2266 4833 2390 4872 esse
2434 4816 2680 4885 negavit,
2720 4824 2776 4868 et
2813 4814 3175 4882 promiscuam
3226 4824 3349 4863 cum
3391 4805 3561 4861 omni-

1986 4911 2087 4964 bus
2135 4909 2448 4964 mulieribus
2480 4908 2788 4962 mistionem
2818 4919 2939 4958 esse
2980 4902 3178 4957 debere
3207 4897 3521 4968 praedicavit
3541 4935 3558 4959 ,

1984 5010 2145 5067 atque
2170 5012 2234 5052 eo
2259 4997 2455 5050 furoris
2490 4996 2668 5059 venit,
2703 5003 2762 5046 ut
2800 4991 3000 5046 Christi
3033 4987 3242 5054 nostri,
3282 4994 3334 5040 et
3380 4984 3562 5053 magni

1986 5089 2081 5143 Dei
2114 5103 2307 5145 nomen
2338 5087 2722 5156 usurpaverit;
2768 5092 2984 5153 propter
3025 5095 3143 5149 quae
3177 5077 3562 5148 sempiternum

1997 5262 2290 5323 colebatur.
2321 5269 2375 5315 et
2402 5260 2666 5328 spadones
2695 5257 2925 5313 habebat
2954 5257 3281 5328 sacerdotes.

2069 5332 2181 5401 (45)
2226 5322 2644 5401 Relinquendum
2670 5338 2763 5381 est.
2797 5330 3000 5392 Codex,
3030 5322 3422 5396 καταληπτέον.
3456 5323 3561 5378 Le-

1995 5418 2063 5474 go
2096 5397 2486 5474 κατα-λειπτέον
2495 5438 2506 5450 .

2067 5468 2575 5541 (46)-Επρενὶεηιξᾳ.
2624 5466 2832 5541 Didymi
2886 5476 3127 5541 tempore
3178 5461 3559 5541 Egypti_dux

1992 5531 2093 5594 fuit
2125 5531 2476 5593 Sebastianus
2501 5531 2847 5598 Manicln’eus,
2873 5535 2956 5588 cui
2987 5531 3198 5602 scriptae
3229 5531 3352 5602 sunt
3377 5531 3560 5600 plures

1989 5610 2199 5664 Libauii
2225 5606 2500 5677 epistolae.
2516 5604 2710 5659 Multos
2739 5621 2867 5677 vero
2883 5600 3219 5677 Alexandriae
3236 5600 3560 5677 hiauit-luens

1990 5691 2117 5732 tunc
2166 5669 2333 5731 fuisse
2380 5674 2573 5743 colligo
2618 5689 2681 5727 ex
2738 5671 3046 5743 Hieronymi
3094 5671 3320 5743 epistola
3365 5669 3436 5725 82
3485 5672 3557 5735 ad

1991 5748 2354 5814 Thwphilum,
2378 5754 2432 5798 et
2456 5738 2665 5814 ex'cap.
2705 5743 2772 5814 ξιί
2804 5738 3055 5795 (listoria:
3087 5738 3390 5814 Lamiam.

2058 5810 2170 5886 (Π)
2214 5815 2293 5869 Ne
2339 5812 2664 5883 respondeas.
2705 5812 2862 5873 Prov.
2897 5827 3045 5878 xxvr,
3075 5810 3126 5866 4.
