4108 6486
544 466 642 521 991

1256 460 1494 517 DIDYMI
1526 460 1993 517 ALEXANDRINI
2030 461 2121 516 DE
2158 456 2528 515 TIUNITATE
2566 456 2766 510 LIBER
2806 454 3130 511 TERTIUS.

3697 455 3818 512 992

541 582 616 639 illi
640 580 955 652 supplicium
987 570 1242 634 indictum
1261 585 1367 643 est,
1394 593 1458 633 ac
1481 579 1673 633 merito
1713 577 1766 633 iu
1811 579 2114 634 tenebrico-

2221 577 2444 647 νάνδρου
2485 575 2578 628 καί
2607 573 2929 644 Σατορνίλου
2975 572 3084 626 τῶν
3116 569 3253 642 μετά
3292 568 3544 641 Σίμωνα,
3580 573 3723 626 κατά
3751 592 3811 629 τι

541 690 660 732 sum
701 670 1049 739 omniumque
1068 683 1319 724 sermone
1343 668 1683 724 notissimum
1705 677 1975 724 tartarum
1999 669 2113 740 (ιε)

541 763 750 819 delatus
779 757 1012 814 fuit.Sed
1041 758 1463 811 additamentum
1487 759 1650 810 etiam
1674 757 1910 826 dogmati
1929 767 2117 827 postea

541 853 704 926 450
730 851 928 904 factum
959 856 1041 903 est
1064 864 1186 902 cum
1218 863 1248 901 a
1281 847 1567 902 Menandro
1601 847 1714 918 (49)
1764 857 1821 902 et
1874 847 2118 902 Saturni-

542 960 617 998 no
639 942 775 1013 (50),
795 942 884 1010 qui
906 951 1025 1009 post
1043 939 1315 994 Simonem
1341 940 1688 1002 exstiterunt,
1713 950 1874 1008 atque
1898 940 2118 994 nonnul~

545 1037 612 1091 lis
642 1036 855 1104 quidem
884 1034 950 1087 ab
980 1047 1044 1087 eo
1074 1033 1462 1095 dissenserunt,
1491 1032 1584 1086 sed
1615 1033 1921 1096 praadiclam
1950 1033 2118 1103 turpi-

545 1127 790 1180 tudinem
810 1124 1219 1184 conﬁrmarunt,
1244 1133 1296 1176 et
1322 1124 1389 1177 ab
1417 1122 1620 1190 angelis
1637 1123 1892 1178 mundum
1916 1123 2117 1178 factum

547 1231 667 1270 esse
703 1214 950 1268 similiter
975 1212 1221 1265 arbitrati
1253 1219 1397 1276 sunt,
1423 1225 1487 1266 ac
1515 1212 1710 1267 docere
1743 1213 1966 1281 insuper
1998 1212 2116 1266 ausi

549 1315 695 1368 sunt,
727 1304 928 1372 justum
961 1303 1176 1372 quidem
1228 1317 1348 1357 esse
1387 1302 1554 1356 Deum
1586 1301 1804 1367 Filium,
1852 1302 2115 1370 injustam

546 1413 703 1463 vero,
729 1406 784 1450 et
811 1409 841 1448 a
871 1394 1050 1449 mundi
1080 1394 1355 1449 creatione
1401 1408 1464 1448 ac
1516 1393 1850 1462 providentia
1882 1393 2115 1448 alienum

547 1489 718 1553 illum,
785 1501 850 1541 ex
879 1501 986 1555 quo
1013 1484 1216 1550 omnia,
1249 1483 1446 1538 bonum
1490 1483 1659 1539 Deum
1695 1483 1914 1538 Patrem
1949 1499 1964 1550 ;
2002 1493 2116 1538 tum

550 1593 580 1632 a
616 1577 881 1642 Basilide,
912 1577 1002 1645 qui
1033 1578 1132 1631 hoc
1175 1574 1587 1630 deliramentum
1634 1591 1663 1629 a
1695 1575 1952 1645 magistro
1979 1573 2118 1628 didi-

546 1669 651 1732 cit,
678 1676 734 1722 et
774 1668 840 1721 de
884 1681 982 1722 suo
1013 1665 1237 1732 addidit,
1274 1680 1476 1720 cccuv
1532 1665 1698 1721 caelos
1749 1680 1872 1720 esse
1903 1661 2118 1734 angelo-

548 1770 664 1810 rum
708 1755 926 1811 nomina
961 1755 1220 1809 habentes
1256 1770 1270 1819 ;
1307 1767 1477 1822 quare
1525 1763 1770 1808 sanctum
1811 1752 2108 1823 (inquiunt)

546 1861 738 1902 nomen
774 1846 1151 1916 Arbasax(51)
1193 1845 1293 1920 (sic
1325 1845 1468 1899 enim
1503 1844 1716 1913 vocant)
1765 1859 1966 1899 cccaxv
2005 1843 2113 1898 cal-

2222 667 2318 737 μὲν
2368 665 2748 735 διενεχθέντων
2774 665 2910 735 πρὸς
2943 664 3012 716 τὰ
3041 663 3235 732 ἐκείνῳ
3271 661 3521 727 δόξαντα,
3561 661 3804 733 βεϐαιω-
3849 725 3854 729 _

2221 758 2427 811 σάντων
2466 756 2523 809 δὲ
2547 757 2645 828 τὴν
2680 757 3070 828 προλεχθεῖσαν
3106 753 3519 824 αἰσχρουργίαν,
3562 756 3661 807 καὶ
3697 755 3811 808 ὑπὸ

2218 848 2464 918 ἀγγέλων
2502 849 2592 901 τὸν
2632 848 2836 919 κόσμον
2874 847 3200 918 γεγενῆσθαι
3224 845 3427 915 ὁμοίως
3467 845 3803 917 ὲκθεμένων,

2217 943 2313 995 καὶ
2344 939 2730 1012 τολμησάντων
2773 939 3119 1009 δογματίσαι,
3148 937 3356 991 δίκαιον
3396 938 3494 1006 μὲν
3533 939 3804 1011 ὑπάρχειν

2218 1033 2308 1087 τὸν
2353 1031 2485 1086 Θεὸν
2536 1032 2685 1095 Υἰὸν,
2741 1030 2924 1084 ἄδικον
2978 1030 3034 1082 δὲ
3083 1030 3180 1087 καὶ
3237 1027 3514 1099 ἀλλότριον
3560 1030 3662 1100 τῆς
3707 1029 3803 1084 τοῦ

2218 1128 2422 1196 κόσμου
2463 1123 2823 1195 δημιουργίας
2861 1139 2923 1175 τε
2963 1122 3060 1176 καὶ
3107 1123 3366 1193 προνοίας
3393 1121 3485 1174 τὸν
3528 1120 3588 1187 ἐξ
3625 1116 3690 1176 οὗ
3733 1122 3805 1180 τά

2218 1217 2395 1270 πάντα
2445 1214 2648 1284 ἀγαθὸν
2707 1214 2840 1267 Θεὸν
2900 1213 3142 1284 Πατέρα·
3188 1213 3283 1266 καί
3333 1213 3436 1266 ὐπὸ
3487 1213 3803 1270 Βασιλείδου

2216 1305 2419 1376 ταύτην
2445 1304 2931 1376 μεμαθητευμένου
2972 1302 3070 1374 τὴν
3118 1303 3514 1376 φρενερημίαν,
3539 1305 3634 1358 καὶ
3669 1323 3806 1378 προσ

2221 1397 2457 1461 σθέντος,
2485 1396 2560 1460 ὡς
2583 1395 2688 1460 τξε¹
2719 1396 2940 1467 οὐρανοί
2971 1393 3093 1466 [221
3128 1394 3179 1466 ὁ]
3243 1394 3592 1460 καθεστᾶσιν,
3634 1398 3804 1465 ἀγγέ-

2218 1486 2326 1540 λων
2353 1486 2566 1558 ἔχοντες
2601 1486 2861 1556 ὀνόματα·
2884 1484 3029 1552 ὅθεν,
3054 1485 3241 1556 φησιν,
3264 1484 3324 1537 τὸ
3345 1467 3487 1538 οὕτω
3507 1485 3803 1557 λεγόμενον

2220 1577 2372 1647 ἆγιον
2401 1577 2571 1648 ὄνομα
2603 1577 2873 1651 Ἀρὸασάξ
2896 1576 3000 1640 τξε’
3024 1577 3219 1648 ψήφων
3245 1576 3557 1646 εὑρίσκεται
3589 1577 3804 1646 λογιζό-

2223 1687 2380 1741 μενον
2400 1686 2412 1700 ·
2449 1670 2547 1722 καὶ
2569 1669 2673 1722 ὑπὸ
2699 1668 3156 1739 Καρποκράτους,
3185 1666 3278 1720 τοῦ
3302 1668 3396 1721 καὶ
3419 1666 3647 1739 ὕστερον
3668 1672 3801 1740 χρό-

2218 1756 2328 1824 νοις
2381 1760 2747 1832 κρατύναντος
2789 1759 2991 1825 ταῦτα,
3038 1759 3131 1811 καὶ
3183 1760 3240 1810 ὲν
3284 1758 3604 1829 προσθήκης
3644 1761 3800 1831 μέρει

2224 1852 2449 1923 μιαρίας
2493 1851 2956 1919 ἀπαγγείλαντος,
3000 1851 3076 1913 ὡς
3118 1852 3166 1903 εἰ
3210 1851 3282 1920 μή
3337 1867 3422 1913 τις
3465 1851 3553 1904 διὰ
3599 1853 3801 1914 παντὸς

547 1938 792 1993 culorum
865 1952 985 1992 esse
1045 1937 1323 2002 invenies,
1381 1935 1426 1990 si
1485 1943 1793 2002 computum
1829 1935 2115 2001 iniveris;

2223 1911 2958 2014 ἐπιτηδεύματος-ἁμαρτίας
2995 1911 3186 2004 ἐλθὼν,
3210 1911 3326 1994 ’των
3361 1911 3631 2013 δαιμόνων
3662 1911 3800 1997 ὅλων

547 2039 660 2085 tum
723 2043 752 2080 a
796 2027 1123 2096 Carpocrate
1151 2065 1167 2091 ,
1213 2026 1304 2095 qui
1353 2023 1740 2096 posterioribus
1792 2027 2122 2094 temporibus

560 2122 662 2176 ista
723 2117 1104 2182 conﬁrmavit,
1154 2125 1209 2170 et
1257 2115 1483 2170 auctarii
1539 2114 1653 2171 loco
1708 2114 2120 2184 spurcissimam

547 2218 916 2265 commentum
974 2207 1216 2277 protulit,
1253 2206 1395 2276 quod
1443 2205 1544 2260 nisi
1610 2206 1732 2276 quis
1784 2220 1880 2275 per
1933 2205 2120 2274 cujus-

552 2303 639 2356 vis
704 2299 935 2354 instituti
987 2308 1210 2369 peccata
1274 2298 1566 2353 deveniens
1619 2298 1860 2352 omnium
1922 2297 2123 2351 daemo-

553 2405 682 2445 num
713 2389 1042 2444 voluntatem
1078 2388 1387 2459 perfecerit,
1444 2402 1549 2442 non
1576 2396 1758 2458 potest
1786 2386 2120 2456 principatus

551 2491 605 2536 et
638 2490 934 2550 potestates
960 2479 1324 2550 prmtergredi,
1353 2487 1516 2548 atque
1543 2478 1595 2531 in
1634 2492 1947 2546 supremum
1997 2491 2119 2532 cte-

549 2573 658 2627 lum
691 2571 974 2642 pervenire
1003 2589 1018 2626 :
1055 2581 1168 2625 tum
1219 2581 1480 2639 praeterea
1514 2584 1545 2624 a
1575 2568 1858 2624 Valentino
1882 2606 1899 2634 ,
1934 2568 2022 2637 qui
2068 2576 2122 2623 et

551 2674 1006 2718 commemoratos
1050 2663 1340 2718 haereticos
1393 2670 1613 2717 secutus
1681 2670 1785 2724 est,
1820 2670 1876 2716 et
1924 2661 1990 2716 iis
2029 2659 2120 2731 qui

549 2757 707 2811 ﬁdem
757 2759 874 2825 ejus
942 2757 1259 2825 imposturis
1306 2757 1688 2820 adhibuerunt,
1750 2753 2024 2808 Christum
2090 2767 2122 2808 e

551 2849 688 2903 cmlo
732 2862 934 2914 corpus
987 2847 1175 2901 tulisse
1230 2846 1543 2915 persuasit,
1598 2853 1760 2912 atque
1816 2841 2119 2896 istiusmodi

550 2939 782 2994 fabulam
803 2939 978 3002 ﬁnxit,
1004 2938 1145 3006 quod
1168 2952 1357 3004 nempe
1384 2935 1591 3006 Bythus
1628 2933 1793 3004 Sigen
1820 2931 2116 3003 generavit;

553 3039 663 3083 tum
727 3046 794 3084 ex
844 3030 946 3083 hac
1000 3029 1267 3096 quoddam
1325 3028 1543 3080 verbum
1595 3023 1781 3089 Jovis,
1834 3022 1927 3093 qui
1982 3022 2122 3092 apud

551 3119 770 3176 Graecos
814 3120 1030 3187 colitur,
1083 3120 1198 3188 ipse
1229 3117 1532 3182 fabricavit,
1571 3125 1627 3171 et
1659 3117 1876 3185 triginta
1913 3112 2120 3168 Eones

2220 2031 2281 2085 τὸ
2313 2031 2524 2103 θέλημα
2557 2032 2836 2104 ἐκτελέσῃ,
2875 2033 2934 2085 οὐ
2977 2032 3201 2085 δύναται
3241 2032 3533 2103 παρελθεῖν
3570 2033 3668 2097 τὰς
3705 2035 3803 2106 ἀρ-

2222 2122 2324 2194 χὰς
2379 2125 2474 2176 καὶ
2514 2123 2791 2188 ἐξουσίας,
2822 2123 2917 2177 καί
2954 2125 3033 2186 εἰς
3060 2123 3152 2176 τὸν
3175 2123 3446 2178 ἀνώτατον
3473 2124 3676 2193 φθάσαι
3713 2127 3804 2178 οὐ·

2223 2212 2410 2283 ρανόν·
2440 2212 2520 2265 ἔτι
2564 2213 2670 2284 μὴν
2710 2213 2802 2266 καὶ
2843 2213 3231 2278 Οὐαλεντίνου,
3268 2213 3363 2268 τοῦ
3392 2216 3487 2268 καί
3522 2218 3636 2278 τοῖς
3669 2233 3804 2287 μνη⁹

2225 2301 2565 2372 μονευθεῖσιν
2633 2302 3104 2374 ἀκολουθήσαντος
3131 2344 3146 2368 ,
3196 2305 3293 2357 καὶ
3341 2306 3803 2372 ὲκφενακίσαντος

2220 2393 2350 2457 τοὺς
2390 2391 2542 2463 αὐτῷ
2572 2393 2951 2464 πειθομένους,
2991 2393 3067 2457 ὡς
3107 2395 3134 2446 ὁ
3173 2396 3411 2466 Χριστὸς
3442 2397 3541 2450 ἀπ’
3570 2396 3801 2469 οὐρανοῦ

2220 2481 2282 2535 τὸ
2334 2481 2509 2552 σῶμα
2536 2483 2788 2552 ἐνήνοχεν
2811 2523 2827 2548 ,
2875 2482 2971 2535 καὶ
3028 2481 3196 2553 μῦθον
3248 2484 3309 2537 δὲ
3349 2485 3802 2557 ἀναπλασαμένου

2221 2569 2534 2634 τοιόνδε,ὅτι
2560 2572 2588 2623 ὁ
2616 2571 2785 2633 Βυθὸς
2813 2569 3103 2640 ἐγέννησεν
3129 2571 3230 2644 τὴν
3275 2573 3474 2646 Σιγήν·
3509 2577 3571 2629 ὲκ
3592 2577 3651 2629 δὲ
3681 2577 3806 2630 ταύ-

2221 2679 2320 2733 της
2360 2660 2888 2731 τεχνοποιησαμένου
2917 2661 3075 2730 λόγον
3105 2661 3230 2715 τινὰ
3275 2663 3369 2716 τοῦ
3403 2667 3532 2737 παρ’
3577 2665 3805 2736 Ἕλλησι

2220 2752 2363 2818 Διὸς,
2391 2752 2485 2804 καί⁸
2507 2752 2550 2804 λ’
2578 2751 2812 2817 Αἰῶνας,
2859 2751 2953 2816 οὓς
2984 2754 3241 2809 ἐκάλεσεν
3268 2755 3443 2820 θεοὺς,
3476 2759 3803 2828 εἰσαγαγόν⁸

2223 2858 2348 2906 τος⁶
2379 2843 2588 2914 ἐπειδὴ,
2622 2843 2808 2914 φησὶν,
2839 2845 3184 2915 γέγραπται,
3213 2847 3293 2899 ὅτι
3337 2849 3539 2918 Ἰησοῦς
3570 2850 3800 2904 ἐϐαπτί-

2224 2935 2324 3008 σθη
2348 2953 2366 2986 ι
2395 2934 2469 2988 ὢν
2501 2934 2576 2998 ὡς
2598 2936 2732 2989 ἐτῶν
2765 2936 2808 2988 λ’
2829 2953 2873 2988 ἰ
2896 2939 3034 3010 ὅπερ
3060 2938 3307 3009 οὐδαμῶς
3352 2940 3665 3009 συνίστησιν
3698 2943 3800 3012 τὴν

2220 3025 2450 3082 ἀτοπίαν
2477 3026 2643 3079 αὐτοῦ
2663 3044 2678 3059 ο
2710 3028 2804 3080 καὶ
2845 3030 3277 3097 ἀπαγγείλαντος
3308 3030 3671 3101 ἀρσενόθηλυν
3696 3033 3802 3086 τὸν

2221 3119 2448 3190 ἔσχατον
2475 3118 2658 3172 Δίὦνα
2686 3119 2796 3173 τῶν
2834 3121 2900 3174 λ’⁶
2937 3123 3032 3175 καὶ
3064 3122 3146 3176 ὅτι
3181 3115 3329 3185 αὐτός
3360 3124 3500 3175 ἐστιν
3534 3123 3567 3192 ἡ
3607 3123 3794 3192 σοφία,

553 3211 870 3275 introduxit,
923 3225 1057 3278 quos
1097 3209 1310 3264 vocavit
1359 3208 1486 3262 deos
1525 3207 1847 3277 :quoniam,
1903 3204 2116 3275 inquit,

2221 3211 2342 3282 ἥτις
2371 3210 2462 3264 τὸν
2491 3211 2704 3283 πρῶτον
2735 3211 2868 3266 Θεὸν
2919 3212 3046 3267 ἰδεῖν
3082 3215 3400 3285 ἐθελήσασα,
3432 3216 3521 3268 καὶ
3553 3216 3656 3269 ὐπὸ
3688 3213 3801 3269 τῶν

553 3301 816 3370 scriptum
841 3300 1048 3370 est(52)
1070 3299 1252 3356 Jesum
1271 3299 1600 3369 baptizatum
1635 3297 1822 3363 fuisse,
1847 3317 1866 3350 ‹
1892 3312 2012 3352 cum
2035 3311 2123 3352 es-

2229 3300 2608 3372 μαρμαρυγῶν
2633 3297 2796 3355 αὐτοῦ
2823 3300 3101 3372 βληθεῖσα,
3125 3305 3234 3357 τῶν
3259 3305 3500 3374 οὐρανῶν
3521 3303 3799 3368 ἐξέπεσεν,

555 3402 638 3447 set
692 3393 846 3461 quasi
892 3407 1154 3446 annorum
1180 3391 1394 3461 triginta
1437 3409 1451 3458 ;
1487 3411 1505 3444 ι
1541 3391 1680 3460 quod
1741 3398 1922 3443 tamen
1975 3389 2118 3444 nullo

2226 3391 2320 3444 καὶ
2351 3389 2634 3461 ἀπεϐλήθη
2682 3391 2777 3444 τοῦ
2816 3392 3139 3463 τριακοστοῦ
3179 3394 3448 3465 ἀριθμοῦ,
3483 3398 3578 3448 καὶ
3629 3395 3801 3465 οἰμώ-

557 3481 718 3534 modo
770 3479 1057 3535 absurdam
1103 3480 1222 3550 ejus
1268 3481 1574 3550 opinionem
1610 3481 1846 3549 probat:
1897 3481 2116 3550 insuper

2226 3480 2415 3547 ζουσα,
2453 3483 2516 3533 ὲκ
2541 3482 2640 3551 τῆς
2669 3483 2877 3545 οἰκείας
2905 3483 3152 3552 οἰμωγῆς
3182 3483 3366 3539 ἔτεκεν
3405 3488 3495 3540 τὸν
3523 3487 3762 3541 διάϐολον
3787 3503 3803 3516 ’

555 3587 685 3626 vero
716 3573 1086 3642 androgynum
1125 3585 1247 3627 esse
1290 3571 1632 3625 aitultimum
1676 3587 1740 3624 ex
1776 3586 1884 3624 xxx
1924 3569 2117 3634 IEoni-

2222 3569 2316 3622 καὶ
2373 3569 2455 3640 {Sat
2506 3568 2825 3640 δακρύσασα
2874 3569 2972 3639 τὴν
3000 3569 3337 3637 ἀπόπτωσιν,
3371 3574 3470 3645 τὴν
3532 3576 3805 3629 θάλατταν

553 3661 676 3725 bus,
706 3663 955 3731 huncque
989 3661 1308 3730 sapientiam
1343 3674 1484 3725 esse,
1514 3675 1634 3729 qua:
1675 3659 1904 3729 primum
1945 3656 2116 3713 Deum

2223 3659 2584 3730 ὑπεστήσατο·
2614 3658 2708 3712 καὶ
2738 3658 2826 3712 ἵνα
2851 3658 3012 3728 δῆθεν
3032 3660 3060 3712 ό
3089 3663 3409 3730 τριακοστὸς
3427 3665 3796 3737 ἀναπληρωθῇ

551 3769 673 3807 cum
717 3754 901 3809 videre
953 3754 1203 3817 voluerit,
1234 3762 1287 3807 et
1340 3768 1370 3808 a
1418 3752 1794 3822 Splendoribus
1833 3749 1949 3819 ejus
1995 3764 2118 3819 per-

2223 3749 2474 3821 ὰριθμὸς,
2510 3749 2892 3820 οἰκη¹Δίὦνες
2922 3767 3253 3820 συνεισενεγ.
3330 3795 3343 3808 .
3406 3795 3419 3807 .
3498 3791 3514 3808 .
3595 3794 3610 3808 .
3691 3795 3704 3807 .
3783 3792 3800 3808 .

552 3845 700 3900 culsa
737 3847 829 3911 sit,
863 3861 894 3901 e
925 3847 1076 3902 costis
1107 3846 1328 3911 excidit,
1364 3854 1418 3899 et
1466 3860 1530 3899 ex
1582 3843 1858 3899 tricesimo
1921 3855 2145 3896 numero
2219 3841 2394 3912 ejecta
2437 3853 2541 3908 est,
2570 3857 2633 3898 ac
2665 3842 2884 3912 plorans
2911 3845 3097 3914 genuit
3143 3860 3211 3899 ex
3264 3848 3485 3916 pr0prio
3515 3846 3641 3902 ﬂetu
3682 3846 3802 3901 dia-

552 3939 754 4002 bolum,
807 3947 861 3992 et
882 3954 1034 3992 suum
1058 3952 1244 3993 casum
1271 3937 1474 3992 dellens
1503 3935 1644 4006 (53),
1675 3934 1811 3987 mari
1844 3932 2118 4001 supposita
2159 3931 2296 4000 fuit;
2373 3942 2540 4004 utque
2615 3933 2922 3990 tricesimus
2974 3935 3287 4005 impleretur
3347 3953 3639 4004 numerus,
3677 3949 3802 3992 octo

551 4027 1098 4099 etvigintiJEones,
1183 4066 1200 4083 .
1287 4067 1304 4082 .
1391 4068 1406 4081 .
1481 4066 1497 4079 .
1569 4065 1586 4082 .
1659 4063 1674 4079 .
1745 4060 1766 4079 .
1835 4064 1851 4080 .
1925 4062 1939 4077 .
2016 4063 2029 4078 .
2105 4062 2118 4077 .

1849 4178 2066 4249 Reliqua
2105 4181 2490 4238 desiderantur.

625 4344 737 4413 (48)
780 4344 1243 4413 Tenebricosum...
1267 4350 1570 4413 _tartaru_m.
1616 4340 1691 4396 Ex
1722 4340 1746 4413 Ι
1779 4342 1928 4413 Petr,
1955 4359 2018 4413 ιι,
2059 4343 2118 4396 4.

625 4411 736 4479 (49)
777 4413 1088 4468 Menandro.
1142 4411 1197 4484 l_t_t
1235 4411 1438 4484 Δ(ἓ-ιτξὶιις)
1485 4411 1599 4479 lege
1642 4412 1746 4464 ὑπὸ
1790 4411 2122 4484 Μενάνδρου.

627 4483 741 4554 (50)
783 4483 1097 4537 Saturnino.
1129 4481 1484 4554 _Epipha_uius
1518 4496 1752 4551 quoque,
1782 4498 1846 4537 ac
1876 4481 2123 4538 Theudo-

557 4549 706 4608 rcl'us
723 4549 882 4621 hunc
911 4561 1102 4604 vocant
1127 4549 1465 4621 Σατορνῖλον.

628 4623 740 4694 (51)
779 4619 1040 4674 Arbasax.
1059 4619 1160 4674 Alii
1189 4618 1537 4691 pranuntiant
1565 4637 1583 4672 ι
1605 4618 1850 4677 Abraxas
1869 4636 1885 4678 :
1907 4639 1925 4672 ι
1951 4619 2126 4678 Theo-

2224 4342 2451 4417 thgus,
2495 4356 2551 4401 et
2583 4345 2957 4417 Epiphanius,
3003 4348 3265 4402 Abrasax.
3321 4347 3395 4403 De
3434 4347 3537 4402 hoc
3583 4347 3800 4402 nomine

2222 4412 2541 4488 Chililetius,
2562 4412 2858 4488 Pass—crius
2890 4419 3094 4488 aliique
3128 4418 3482 4486 scripserunt.

2295 4483 2410 4626 (52;
2451 4483 2720 4554 Scriptum
2749 4497 2846 4541 est.
2885 4483 3020 4544 Luc;
3054 4503 3138 4553 ιιι,
3172 4483 3264 4543 23.

2295 4553 2386 4618 (53
2451 4552 2668 4610 Casum.
2729 4555 2909 4612 Codex
2974 4557 3258 4613 ἀπόπωσιν

2226 4552 2668 4675 σνέδδ).σα⁶ιὶηισ
2729 4555 2909 4612 Codex
2974 4552 3277 4613 ἀπόπωσιν.
3344 4557 3488 4627 Lego
3537 4553 3792 4608 ἀπόπτω-
