  <div class='ocr_page' id='page_1' title='image "/cluster/home/n/w/nwhite01/storage/ocr_20150623/39/mdp.39015010572892/884.png"; bbox 0 0 4118 6422; ppageno 0'>
   <div class='ocr_carea' id='block_1_1' title="bbox 346 381 479 438">
    <p class='ocr_par' dir='ltr' id='par_1_1' title="bbox 346 381 479 438">
     <span class='ocr_line' id='line_1_1' title="bbox 346 381 479 438; baseline -0.015 0"><span class='ocrx_word' id='word_1_1' title='bbox 346 381 479 438; x_wconf 72' lang='grc'><strong>1757</strong></span> 
     </span>
    </p>
   </div>
   <div class='ocr_carea' id='block_1_2' title="bbox 1307 368 2642 426">
    <p class='ocr_par' dir='ltr' id='par_1_2' title="bbox 1307 368 2642 426">
     <span class='ocr_line' id='line_1_2' title="bbox 1307 368 2642 426; baseline -0.002 0"><span class='ocrx_word' id='word_1_2' title='bbox 1307 369 1707 426; x_wconf 70' lang='lat' dir='ltr'><strong>ENARRATIO</strong></span> <span class='ocrx_word' id='word_1_3' title='bbox 1747 369 1810 424; x_wconf 79' lang='lat' dir='ltr'><strong>IN</strong></span> <span class='ocrx_word' id='word_1_4' title='bbox 1854 368 2241 425; x_wconf 77' lang='lat' dir='ltr'><strong>EPISTOLAM</strong></span> <span class='ocrx_word' id='word_1_5' title='bbox 2283 371 2383 424; x_wconf 79' lang='lat' dir='ltr'><strong>IS.</strong></span> <span class='ocrx_word' id='word_1_6' title='bbox 2419 369 2642 423; x_wconf 72' lang='lat' dir='ltr'><strong>PETRI.</strong></span> 
     </span>
    </p>
   </div>
   <div class='ocr_carea' id='block_1_3' title="bbox 3465 375 3605 432">
    <p class='ocr_par' dir='ltr' id='par_1_3' title="bbox 3465 375 3605 432">
     <span class='ocr_line' id='line_1_3' title="bbox 3465 375 3605 432; baseline 0.014 -2"><span class='ocrx_word' id='word_1_7' title='bbox 3465 375 3605 432; x_wconf 66' lang='lat' dir='ltr'><strong>i758</strong></span> 
     </span>
    </p>
   </div>
   <div class='ocr_carea' id='block_1_4' title="bbox 342 487 3601 560">
    <p class='ocr_par' dir='ltr' id='par_1_4' title="bbox 342 487 3601 560">
     <span class='ocr_line' id='line_1_4' title="bbox 342 487 3601 560; baseline -0.001 -6"><span class='ocrx_word' id='word_1_8' title='bbox 342 500 583 554; x_wconf 81' lang='lat' dir='ltr'><strong>laborem</strong></span> <span class='ocrx_word' id='word_1_9' title='bbox 648 497 737 552; x_wconf 87' lang='lat' dir='ltr'><strong>hic</strong></span> <span class='ocrx_word' id='word_1_10' title='bbox 782 496 883 550; x_wconf 87' lang='lat' dir='ltr'><strong>sub</strong></span> <span class='ocrx_word' id='word_1_11' title='bbox 925 493 1161 548; x_wconf 76' lang='lat' dir='ltr'><strong>tristitia:</strong></span> <span class='ocrx_word' id='word_1_12' title='bbox 1218 494 1438 547; x_wconf 83' lang='lat' dir='ltr'><strong>nomine</strong></span> <span class='ocrx_word' id='word_1_13' title='bbox 1497 491 1764 560; x_wconf 76' lang='lat' dir='ltr'><strong>designat,</strong></span> <span class='ocrx_word' id='word_1_14' title='bbox 1806 499 1924 543; x_wconf 89' lang='lat' dir='ltr'><strong>tan-</strong></span> <span class='ocrx_word' id='word_1_15' title='bbox 1953 495 2000 550; x_wconf 79' lang='grc' dir='ltr'><strong>Α</strong></span> <span class='ocrx_word' id='word_1_16' title='bbox 2031 498 2244 542; x_wconf 85' lang='lat' dir='ltr'><strong>verunt.</strong></span> <span class='ocrx_word' id='word_1_17' title='bbox 2303 489 2474 558; x_wconf 74' lang='lat' dir='ltr'><strong>Igitur</strong></span> <span class='ocrx_word' id='word_1_18' title='bbox 2517 487 2641 540; x_wconf 78' lang='lat' dir='ltr'><strong>licet</strong></span> <span class='ocrx_word' id='word_1_19' title='bbox 2695 487 2967 556; x_wconf 63' lang='lat' dir='ltr'><strong>prophetae</strong></span> <span class='ocrx_word' id='word_1_20' title='bbox 3007 494 3328 559; x_wconf 71' lang='lat' dir='ltr'><strong>perscrutati</strong></span> <span class='ocrx_word' id='word_1_21' title='bbox 3376 506 3502 549; x_wconf 90' lang='lat' dir='ltr'><strong>sunt</strong></span> <span class='ocrx_word' id='word_1_22' title='bbox 3547 497 3601 552; x_wconf 88' lang='grc' dir='ltr'><strong>1η</strong></span> 
     </span>
    </p>
   </div>
   <div class='ocr_carea' id='block_1_5' title="bbox 339 584 1927 660">
    <p class='ocr_par' dir='ltr' id='par_1_5' title="bbox 339 584 1927 660">
     <span class='ocr_line' id='line_1_5' title="bbox 339 584 1927 660; baseline -0.002 -21"><span class='ocrx_word' id='word_1_23' title='bbox 339 606 504 660; x_wconf 85' lang='lat' dir='ltr'><strong>quam</strong></span> <span class='ocrx_word' id='word_1_24' title='bbox 540 590 612 643; x_wconf 87' lang='lat' dir='ltr'><strong>sit</strong></span> <span class='ocrx_word' id='word_1_25' title='bbox 636 589 813 658; x_wconf 88' lang='lat' dir='ltr'><strong>aliqua</strong></span> <span class='ocrx_word' id='word_1_26' title='bbox 861 588 1079 640; x_wconf 80' lang='lat' dir='ltr'><strong>tristitia</strong></span> <span class='ocrx_word' id='word_1_27' title='bbox 1103 625 1116 648; x_wconf 96' lang='lat'><strong>,</strong></span> <span class='ocrx_word' id='word_1_28' title='bbox 1144 601 1262 654; x_wconf 68' lang='lat' dir='ltr'><strong>qua:</strong></span> <span class='ocrx_word' id='word_1_29' title='bbox 1307 585 1478 653; x_wconf 86' lang='lat' dir='ltr'><strong>possit</strong></span> <span class='ocrx_word' id='word_1_30' title='bbox 1517 598 1547 637; x_wconf 88' lang='lat' dir='ltr'><strong>e</strong></span> <span class='ocrx_word' id='word_1_31' title='bbox 1577 584 1789 638; x_wconf 87' lang='lat' dir='ltr'><strong>diverso</strong></span> <span class='ocrx_word' id='word_1_32' title='bbox 1829 596 1927 651; x_wconf 85' lang='lat' dir='ltr'><strong>per</strong></span> 
     </span>
    </p>
   </div>
   <div class='ocr_carea' id='block_1_6' title="bbox 347 673 1926 748">
    <p class='ocr_par' dir='ltr' id='par_1_6' title="bbox 347 673 1926 748">
     <span class='ocr_line' id='line_1_6' title="bbox 347 673 1926 748; baseline -0.006 -13"><span class='ocrx_word' id='word_1_33' title='bbox 347 685 463 736; x_wconf 69' lang='lat' dir='ltr'><strong>haec</strong></span> <span class='ocrx_word' id='word_1_34' title='bbox 496 682 662 736; x_wconf 85' lang='lat' dir='ltr'><strong>verba</strong></span> <span class='ocrx_word' id='word_1_35' title='bbox 697 679 991 748; x_wconf 75' lang='lat' dir='ltr'><strong>cognosci,</strong></span> <span class='ocrx_word' id='word_1_36' title='bbox 1043 693 1167 732; x_wconf 86' lang='lat' dir='ltr'><strong>cum</strong></span> <span class='ocrx_word' id='word_1_37' title='bbox 1216 686 1269 732; x_wconf 92' lang='lat' dir='ltr'><strong>et</strong></span> <span class='ocrx_word' id='word_1_38' title='bbox 1323 674 1465 744; x_wconf 84' lang='lat' dir='ltr'><strong>apud</strong></span> <span class='ocrx_word' id='word_1_39' title='bbox 1537 673 1762 728; x_wconf 88' lang='lat' dir='ltr'><strong>Paulum</strong></span> <span class='ocrx_word' id='word_1_40' title='bbox 1821 673 1926 726; x_wconf 89' lang='lat' dir='ltr'><strong>duo</strong></span> 
     </span>
    </p>
   </div>
   <div class='ocr_carea' id='block_1_7' title="bbox 347 767 1928 836">
    <p class='ocr_par' dir='ltr' id='par_1_7' title="bbox 347 767 1928 836">
     <span class='ocr_line' id='line_1_7' title="bbox 347 767 1928 836; baseline -0.004 -16"><span class='ocrx_word' id='word_1_41' title='bbox 347 768 582 821; x_wconf 73' lang='lat' dir='ltr'><strong>tristitia:</strong></span> <span class='ocrx_word' id='word_1_42' title='bbox 629 781 829 836; x_wconf 74' lang='lat' dir='ltr'><strong>genera</strong></span> <span class='ocrx_word' id='word_1_43' title='bbox 885 767 1263 828; x_wconf 77' lang='lat' dir='ltr'><strong>declarentur,</strong></span> <span class='ocrx_word' id='word_1_44' title='bbox 1292 779 1523 833; x_wconf 91' lang='lat' dir='ltr'><strong>quarum</strong></span> <span class='ocrx_word' id='word_1_45' title='bbox 1555 779 1715 818; x_wconf 89' lang='lat' dir='ltr'><strong>unam</strong></span> <span class='ocrx_word' id='word_1_46' title='bbox 1784 777 1928 816; x_wconf 91' lang='lat' dir='ltr'><strong>mor-</strong></span> 
     </span>
    </p>
   </div>
   <div class='ocr_carea' id='block_1_8' title="bbox 345 853 1928 928">
    <p class='ocr_par' dir='ltr' id='par_1_8' title="bbox 345 853 1928 928">
     <span class='ocr_line' id='line_1_8' title="bbox 345 853 1928 928; baseline -0.001 -19"><span class='ocrx_word' id='word_1_47' title='bbox 345 867 450 912; x_wconf 91' lang='lat' dir='ltr'><strong>tem</strong></span> <span class='ocrx_word' id='word_1_48' title='bbox 476 859 712 926; x_wconf 89' lang='lat' dir='ltr'><strong>operari,</strong></span> <span class='ocrx_word' id='word_1_49' title='bbox 742 859 966 913; x_wconf 80' lang='lat' dir='ltr'><strong>alteram</strong></span> <span class='ocrx_word' id='word_1_50' title='bbox 998 873 1125 912; x_wconf 88' lang='lat' dir='ltr'><strong>vero</strong></span> <span class='ocrx_word' id='word_1_51' title='bbox 1169 856 1541 928; x_wconf 78' lang='lat' dir='ltr'><strong>pumitentiant</strong></span> <span class='ocrx_word' id='word_1_52' title='bbox 1583 855 1830 910; x_wconf 83' lang='lat' dir='ltr'><strong>stabilem</strong></span> <span class='ocrx_word' id='word_1_53' title='bbox 1860 853 1928 907; x_wconf 88' lang='lat' dir='ltr'><strong>ad</strong></span> 
     </span>
    </p>
   </div>
   <div class='ocr_carea' id='block_1_9' title="bbox 343 945 1928 1014">
    <p class='ocr_par' dir='ltr' id='par_1_9' title="bbox 343 945 1928 1014">
     <span class='ocr_line' id='line_1_9' title="bbox 343 945 1928 1014; baseline -0.003 -15"><span class='ocrx_word' id='word_1_54' title='bbox 343 947 595 1010; x_wconf 77' lang='lat' dir='ltr'><strong>salutem,</strong></span> <span class='ocrx_word' id='word_1_55' title='bbox 620 962 739 1014; x_wconf 69' lang='lat' dir='ltr'><strong>quae</strong></span> <span class='ocrx_word' id='word_1_56' title='bbox 771 948 839 1001; x_wconf 92' lang='lat' dir='ltr'><strong>ita</strong></span> <span class='ocrx_word' id='word_1_57' title='bbox 876 947 1174 1004; x_wconf 83' lang='lat' dir='ltr'><strong>describit:</strong></span> <span class='ocrx_word' id='word_1_58' title='bbox 1212 945 1393 998; x_wconf 87' lang='lat' dir='ltr'><strong>mundi</strong></span> <span class='ocrx_word' id='word_1_59' title='bbox 1430 945 1647 998; x_wconf 86' lang='lat' dir='ltr'><strong>tristitia</strong></span> <span class='ocrx_word' id='word_1_60' title='bbox 1697 953 1928 998; x_wconf 91' lang='lat' dir='ltr'><strong>mortem</strong></span> 
     </span>
    </p>
   </div>
   <div class='ocr_carea' id='block_1_10' title="bbox 342 1038 1932 1110">
    <p class='ocr_par' dir='ltr' id='par_1_10' title="bbox 342 1038 1932 1110">
     <span class='ocr_line' id='line_1_10' title="bbox 342 1038 1932 1110; baseline 0.001 -19"><span class='ocrx_word' id='word_1_61' title='bbox 342 1049 616 1106; x_wconf 85' lang='lat' dir='ltr'><strong>operatur,</strong></span> <span class='ocrx_word' id='word_1_62' title='bbox 644 1039 736 1094; x_wconf 88' lang='lat' dir='ltr'><strong>Dei</strong></span> <span class='ocrx_word' id='word_1_63' title='bbox 773 1055 938 1105; x_wconf 89' lang='lat' dir='ltr'><strong>vero,</strong></span> <span class='ocrx_word' id='word_1_64' title='bbox 987 1040 1363 1110; x_wconf 68' lang='lat' dir='ltr'><strong>paenitentiam</strong></span> <span class='ocrx_word' id='word_1_65' title='bbox 1422 1038 1668 1093; x_wconf 84' lang='lat' dir='ltr'><strong>stabilem</strong></span> <span class='ocrx_word' id='word_1_66' title='bbox 1713 1039 1780 1092; x_wconf 90' lang='lat' dir='ltr'><strong>ad</strong></span> <span class='ocrx_word' id='word_1_67' title='bbox 1844 1054 1932 1093; x_wconf 91' lang='lat' dir='ltr'><strong>sa-</strong></span> 
     </span>
    </p>
   </div>
   <div class='ocr_carea' id='block_1_11' title="bbox 347 1131 1932 1200">
    <p class='ocr_par' dir='ltr' id='par_1_11' title="bbox 347 1131 1932 1200">
     <span class='ocr_line' id='line_1_11' title="bbox 347 1131 1932 1200; baseline 0.001 -16"><span class='ocrx_word' id='word_1_68' title='bbox 347 1132 605 1188; x_wconf 76' lang='lat' dir='ltr'><strong>lutem&quot;.</strong></span> <span class='ocrx_word' id='word_1_69' title='bbox 670 1155 688 1184; x_wconf 79' lang='grc' dir='ltr'><strong>ι</strong></span> <span class='ocrx_word' id='word_1_70' title='bbox 743 1133 962 1189; x_wconf 87' lang='lat' dir='ltr'><strong>Certum</strong></span> <span class='ocrx_word' id='word_1_71' title='bbox 991 1143 1077 1188; x_wconf 87' lang='lat' dir='ltr'><strong>est</strong></span> <span class='ocrx_word' id='word_1_72' title='bbox 1140 1133 1308 1195; x_wconf 89' lang='lat' dir='ltr'><strong>enim,</strong></span> <span class='ocrx_word' id='word_1_73' title='bbox 1363 1131 1620 1200; x_wconf 89' lang='lat' dir='ltr'><strong>quoniam</strong></span> <span class='ocrx_word' id='word_1_74' title='bbox 1685 1131 1776 1200; x_wconf 94' lang='lat' dir='ltr'><strong>qui</strong></span> <span class='ocrx_word' id='word_1_75' title='bbox 1838 1132 1932 1186; x_wconf 90' lang='lat' dir='ltr'><strong>tri—</strong></span> 
     </span>
    </p>
   </div>
   <div class='ocr_carea' id='block_1_12' title="bbox 347 1220 1932 1291">
    <p class='ocr_par' dir='ltr' id='par_1_12' title="bbox 347 1220 1932 1291">
     <span class='ocr_line' id='line_1_12' title="bbox 347 1220 1932 1291; baseline 0.001 -17"><span class='ocrx_word' id='word_1_76' title='bbox 347 1221 446 1274; x_wconf 92' lang='lat' dir='ltr'><strong>stis</strong></span> <span class='ocrx_word' id='word_1_77' title='bbox 496 1231 581 1276; x_wconf 83' lang='lat' dir='ltr'><strong>est</strong></span> <span class='ocrx_word' id='word_1_78' title='bbox 629 1222 940 1286; x_wconf 88' lang='lat' dir='ltr'><strong>laborando,</strong></span> <span class='ocrx_word' id='word_1_79' title='bbox 971 1223 1097 1276; x_wconf 88' lang='lat' dir='ltr'><strong>dum</strong></span> <span class='ocrx_word' id='word_1_80' title='bbox 1156 1237 1252 1291; x_wconf 91' lang='lat' dir='ltr'><strong>pro</strong></span> <span class='ocrx_word' id='word_1_81' title='bbox 1303 1220 1407 1274; x_wconf 89' lang='lat' dir='ltr'><strong>ﬁde</strong></span> <span class='ocrx_word' id='word_1_82' title='bbox 1434 1220 1699 1285; x_wconf 82' lang='lat' dir='ltr'><strong>decertat,</strong></span> <span class='ocrx_word' id='word_1_83' title='bbox 1753 1236 1932 1289; x_wconf 86' lang='lat' dir='ltr'><strong>neque</strong></span> 
     </span>
    </p>
   </div>
   <div class='ocr_carea' id='block_1_13' title="bbox 349 1314 1931 1382">
    <p class='ocr_par' dir='ltr' id='par_1_13' title="bbox 349 1314 1931 1382">
     <span class='ocr_line' id='line_1_13' title="bbox 349 1314 1931 1382; baseline 0.001 -15"><span class='ocrx_word' id='word_1_84' title='bbox 349 1316 644 1368; x_wconf 87' lang='lat' dir='ltr'><strong>secundum</strong></span> <span class='ocrx_word' id='word_1_85' title='bbox 705 1315 891 1367; x_wconf 86' lang='lat' dir='ltr'><strong>mundi</strong></span> <span class='ocrx_word' id='word_1_86' title='bbox 949 1315 1229 1369; x_wconf 82' lang='lat' dir='ltr'><strong>tristitiam</strong></span> <span class='ocrx_word' id='word_1_87' title='bbox 1296 1314 1577 1380; x_wconf 80' lang='lat' dir='ltr'><strong>tristatur,</strong></span> <span class='ocrx_word' id='word_1_88' title='bbox 1623 1329 1797 1382; x_wconf 88' lang='lat' dir='ltr'><strong>neque</strong></span> <span class='ocrx_word' id='word_1_89' title='bbox 1841 1329 1931 1368; x_wconf 85' lang='lat' dir='ltr'><strong>se-</strong></span> 
     </span>
    </p>
   </div>
   <div class='ocr_carea' id='block_1_14' title="bbox 349 1403 1934 1474">
    <p class='ocr_par' dir='ltr' id='par_1_14' title="bbox 349 1403 1934 1474">
     <span class='ocr_line' id='line_1_14' title="bbox 349 1403 1934 1474; baseline -0.001 -17"><span class='ocrx_word' id='word_1_90' title='bbox 349 1405 580 1457; x_wconf 88' lang='lat' dir='ltr'><strong>cundum</strong></span> <span class='ocrx_word' id='word_1_91' title='bbox 635 1406 1007 1473; x_wconf 74' lang='lat' dir='ltr'><strong>pmnitentiam</strong></span> <span class='ocrx_word' id='word_1_92' title='bbox 1062 1422 1077 1458; x_wconf 86' lang='lat'>:</span> <span class='ocrx_word' id='word_1_93' title='bbox 1109 1404 1255 1458; x_wconf 84' lang='lat' dir='ltr'><strong>illam</strong></span> <span class='ocrx_word' id='word_1_94' title='bbox 1299 1418 1532 1474; x_wconf 84' lang='lat' dir='ltr'><strong>namque</strong></span> <span class='ocrx_word' id='word_1_95' title='bbox 1555 1419 1651 1474; x_wconf 88' lang='lat' dir='ltr'><strong>pro</strong></span> <span class='ocrx_word' id='word_1_96' title='bbox 1684 1403 1934 1458; x_wconf 59' lang='lat' dir='ltr'><strong>amissio.</strong></span> 
     </span>
    </p>
   </div>
   <div class='ocr_carea' id='block_1_15' title="bbox 350 1493 1936 1566">
    <p class='ocr_par' dir='ltr' id='par_1_15' title="bbox 350 1493 1936 1566">
     <span class='ocr_line' id='line_1_15' title="bbox 350 1493 1936 1566; baseline 0.001 -18"><span class='ocrx_word' id='word_1_97' title='bbox 350 1509 418 1549; x_wconf 90' lang='lat' dir='ltr'><strong>ne</strong></span> <span class='ocrx_word' id='word_1_98' title='bbox 460 1493 858 1550; x_wconf 84' lang='lat' dir='ltr'><strong>delectabilintu</strong></span> <span class='ocrx_word' id='word_1_99' title='bbox 914 1510 1135 1562; x_wconf 87' lang='lat' dir='ltr'><strong>rerum;</strong></span> <span class='ocrx_word' id='word_1_100' title='bbox 1197 1497 1312 1550; x_wconf 69' lang='lat' dir='ltr'><strong>haec</strong></span> <span class='ocrx_word' id='word_1_101' title='bbox 1366 1506 1548 1550; x_wconf 89' lang='lat' dir='ltr'><strong>autem</strong></span> <span class='ocrx_word' id='word_1_102' title='bbox 1605 1512 1702 1566; x_wconf 91' lang='lat' dir='ltr'><strong>pro</strong></span> <span class='ocrx_word' id='word_1_103' title='bbox 1765 1497 1936 1550; x_wconf 89' lang='lat' dir='ltr'><strong>hono-</strong></span> 
     </span>
    </p>
   </div>
   <div class='ocr_carea' id='block_1_16' title="bbox 348 1587 1936 1658">
    <p class='ocr_par' dir='ltr' id='par_1_16' title="bbox 348 1587 1936 1658">
     <span class='ocr_line' id='line_1_16' title="bbox 348 1587 1936 1658; baseline 0.001 -18"><span class='ocrx_word' id='word_1_104' title='bbox 348 1601 407 1640; x_wconf 88' lang='lat' dir='ltr'><strong>re</strong></span> <span class='ocrx_word' id='word_1_105' title='bbox 459 1587 569 1657; x_wconf 69' lang='lat'><strong>(52)</strong></span> <span class='ocrx_word' id='word_1_106' title='bbox 615 1597 1017 1643; x_wconf 83' lang='lat' dir='ltr'><strong>transactorum</strong></span> <span class='ocrx_word' id='word_1_107' title='bbox 1070 1592 1281 1658; x_wconf 79' lang='lat' dir='ltr'><strong>geritur</strong></span> <span class='ocrx_word' id='word_1_108' title='bbox 1320 1598 1686 1656; x_wconf 84' lang='lat' dir='ltr'><strong>peccatorum.</strong></span> <span class='ocrx_word' id='word_1_109' title='bbox 1718 1587 1936 1644; x_wconf 85' lang='lat' dir='ltr'><strong>Utrum-</strong></span> 
     </span>
    </p>
   </div>
   <div class='ocr_carea' id='block_1_17' title="bbox 345 1679 1936 1745">
    <p class='ocr_par' dir='ltr' id='par_1_17' title="bbox 345 1679 1936 1745">
     <span class='ocr_line' id='line_1_17' title="bbox 345 1679 1936 1745; baseline 0.005 -19"><span class='ocrx_word' id='word_1_110' title='bbox 345 1692 450 1745; x_wconf 87' lang='lat' dir='ltr'><strong>que</strong></span> <span class='ocrx_word' id='word_1_111' title='bbox 506 1693 636 1733; x_wconf 85' lang='lat' dir='ltr'><strong>vero</strong></span> <span class='ocrx_word' id='word_1_112' title='bbox 687 1680 874 1732; x_wconf 87' lang='lat' dir='ltr'><strong>harum</strong></span> <span class='ocrx_word' id='word_1_113' title='bbox 927 1679 1269 1733; x_wconf 85' lang='lat' dir='ltr'><strong>tristitiarum</strong></span> <span class='ocrx_word' id='word_1_114' title='bbox 1309 1689 1603 1734; x_wconf 81' lang='lat' dir='ltr'><strong>extraneus</strong></span> <span class='ocrx_word' id='word_1_115' title='bbox 1663 1694 1786 1734; x_wconf 86' lang='lat' dir='ltr'><strong>esse</strong></span> <span class='ocrx_word' id='word_1_116' title='bbox 1843 1695 1936 1734; x_wconf 81' lang='lat' dir='ltr'><strong>co-</strong></span> 
     </span>
    </p>
   </div>
   <div class='ocr_carea' id='block_1_18' title="bbox 345 1770 1934 1839">
    <p class='ocr_par' dir='ltr' id='par_1_18' title="bbox 345 1770 1934 1839">
     <span class='ocr_line' id='line_1_18' title="bbox 345 1770 1934 1839; baseline 0.004 -20"><span class='ocrx_word' id='word_1_117' title='bbox 345 1771 646 1835; x_wconf 80' lang='lat' dir='ltr'><strong>gnoscitur,</strong></span> <span class='ocrx_word' id='word_1_118' title='bbox 689 1770 780 1839; x_wconf 87' lang='lat' dir='ltr'><strong>qtti</strong></span> <span class='ocrx_word' id='word_1_119' title='bbox 843 1780 1097 1824; x_wconf 88' lang='lat' dir='ltr'><strong>tentatur.</strong></span> <span class='ocrx_word' id='word_1_120' title='bbox 1129 1771 1198 1824; x_wconf 85' lang='lat' dir='ltr'><strong>Et</strong></span> <span class='ocrx_word' id='word_1_121' title='bbox 1254 1772 1525 1839; x_wconf 88' lang='lat' dir='ltr'><strong>quomodo</strong></span> <span class='ocrx_word' id='word_1_122' title='bbox 1549 1771 1797 1826; x_wconf 87' lang='lat' dir='ltr'><strong>diversus</strong></span> <span class='ocrx_word' id='word_1_123' title='bbox 1838 1772 1934 1827; x_wconf 86' lang='lat' dir='ltr'><strong>de-</strong></span> 
     </span>
    </p>
   </div>
   <div class='ocr_carea' id='block_1_19' title="bbox 2028 581 3602 649">
    <p class='ocr_par' dir='ltr' id='par_1_19' title="bbox 2028 581 3602 649">
     <span class='ocr_line' id='line_1_19' title="bbox 2028 581 3602 649; baseline 0.006 -18"><span class='ocrx_word' id='word_1_124' title='bbox 2028 582 2168 649; x_wconf 92' lang='lat' dir='ltr'><strong>quod</strong></span> <span class='ocrx_word' id='word_1_125' title='bbox 2203 581 2284 635; x_wconf 92' lang='lat' dir='ltr'><strong>vel</strong></span> <span class='ocrx_word' id='word_1_126' title='bbox 2322 581 2484 648; x_wconf 83' lang='lat' dir='ltr'><strong>quale</strong></span> <span class='ocrx_word' id='word_1_127' title='bbox 2537 590 2748 648; x_wconf 78' lang='lat' dir='ltr'><strong>tempus</strong></span> <span class='ocrx_word' id='word_1_128' title='bbox 2782 582 2942 633; x_wconf 90' lang='lat' dir='ltr'><strong>linem</strong></span> <span class='ocrx_word' id='word_1_129' title='bbox 2982 581 3253 649; x_wconf 87' lang='lat' dir='ltr'><strong>acciperet</strong></span> <span class='ocrx_word' id='word_1_130' title='bbox 3295 584 3602 641; x_wconf 85' lang='lat' dir='ltr'><strong>animarum</strong></span> 
     </span>
    </p>
   </div>
   <div class='ocr_carea' id='block_1_20' title="bbox 2031 671 3608 745">
    <p class='ocr_par' dir='ltr' id='par_1_20' title="bbox 2031 671 3608 745">
     <span class='ocr_line' id='line_1_20' title="bbox 2031 671 3608 745; baseline 0.004 -19"><span class='ocrx_word' id='word_1_131' title='bbox 2031 671 2201 735; x_wconf 89' lang='lat' dir='ltr'><strong>salus,</strong></span> <span class='ocrx_word' id='word_1_132' title='bbox 2233 681 2286 725; x_wconf 89' lang='lat' dir='ltr'><strong>et</strong></span> <span class='ocrx_word' id='word_1_133' title='bbox 2327 671 2531 726; x_wconf 85' lang='lat' dir='ltr'><strong>Christi</strong></span> <span class='ocrx_word' id='word_1_134' title='bbox 2563 671 2754 725; x_wconf 87' lang='lat' dir='ltr'><strong>ﬁerent</strong></span> <span class='ocrx_word' id='word_1_135' title='bbox 2789 673 3098 739; x_wconf 85' lang='lat' dir='ltr'><strong>passiones,</strong></span> <span class='ocrx_word' id='word_1_136' title='bbox 3147 683 3204 728; x_wconf 89' lang='lat' dir='ltr'><strong>et</strong></span> <span class='ocrx_word' id='word_1_137' title='bbox 3253 684 3444 743; x_wconf 84' lang='lat' dir='ltr'><strong>postea</strong></span> <span class='ocrx_word' id='word_1_138' title='bbox 3491 678 3608 745; x_wconf 80' lang='lat' dir='ltr'><strong>glo-</strong></span> 
     </span>
    </p>
   </div>
   <div class='ocr_carea' id='block_1_21' title="bbox 2029 763 3608 836">
    <p class='ocr_par' dir='ltr' id='par_1_21' title="bbox 2029 763 3608 836">
     <span class='ocr_line' id='line_1_21' title="bbox 2029 763 3608 836; baseline 0.003 -19"><span class='ocrx_word' id='word_1_139' title='bbox 2029 763 2157 826; x_wconf 73' lang='lat' dir='ltr'><strong>riae;</strong></span> <span class='ocrx_word' id='word_1_140' title='bbox 2191 771 2559 832; x_wconf 76' lang='lat' dir='ltr'><strong>cognoverunt</strong></span> <span class='ocrx_word' id='word_1_141' title='bbox 2578 771 2754 815; x_wconf 89' lang='lat' dir='ltr'><strong>tamen</strong></span> <span class='ocrx_word' id='word_1_142' title='bbox 2774 777 2868 831; x_wconf 90' lang='lat' dir='ltr'><strong>per</strong></span> <span class='ocrx_word' id='word_1_143' title='bbox 2887 763 3284 832; x_wconf 86' lang='lat' dir='ltr'><strong>revelationem,</strong></span> <span class='ocrx_word' id='word_1_144' title='bbox 3305 781 3467 834; x_wconf 88' lang='lat' dir='ltr'><strong>quam</strong></span> <span class='ocrx_word' id='word_1_145' title='bbox 3491 767 3608 836; x_wconf 70' lang='lat' dir='ltr'><strong>(55t</strong></span> 
     </span>
    </p>
   </div>
   <div class='ocr_carea' id='block_1_22' title="bbox 2031 852 3613 927">
    <p class='ocr_par' dir='ltr' id='par_1_22' title="bbox 2031 852 3613 927">
     <span class='ocr_line' id='line_1_22' title="bbox 2031 852 3613 927; baseline 0.004 -21"><span class='ocrx_word' id='word_1_146' title='bbox 2031 869 2138 907; x_wconf 90' lang='lat' dir='ltr'><strong>non</strong></span> <span class='ocrx_word' id='word_1_147' title='bbox 2197 853 2323 915; x_wconf 87' lang='lat' dir='ltr'><strong>sibi,</strong></span> <span class='ocrx_word' id='word_1_148' title='bbox 2381 853 2475 906; x_wconf 88' lang='lat' dir='ltr'><strong>sed</strong></span> <span class='ocrx_word' id='word_1_149' title='bbox 2522 852 2624 916; x_wconf 88' lang='lat' dir='ltr'><strong>eis,</strong></span> <span class='ocrx_word' id='word_1_150' title='bbox 2651 852 2741 921; x_wconf 92' lang='lat' dir='ltr'><strong>qui</strong></span> <span class='ocrx_word' id='word_1_151' title='bbox 2797 863 2917 920; x_wconf 85' lang='lat' dir='ltr'><strong>post</strong></span> <span class='ocrx_word' id='word_1_152' title='bbox 2959 854 3246 908; x_wconf 84' lang='lat' dir='ltr'><strong>adventum</strong></span> <span class='ocrx_word' id='word_1_153' title='bbox 3306 858 3422 927; x_wconf 88' lang='lat' dir='ltr'><strong>ejus</strong></span> <span class='ocrx_word' id='word_1_154' title='bbox 3453 869 3613 913; x_wconf 74' lang='lat' dir='ltr'><strong>erant.</strong></span> 
     </span>
    </p>
   </div>
   <div class='ocr_carea' id='block_1_23' title="bbox 2032 943 3611 1015">
    <p class='ocr_par' dir='ltr' id='par_1_23' title="bbox 2032 943 3611 1015">
     <span class='ocr_line' id='line_1_23' title="bbox 2032 943 3611 1015; baseline 0.003 -16"><span class='ocrx_word' id='word_1_155' title='bbox 2032 945 2219 1009; x_wconf 80' lang='lat' dir='ltr'><strong>futuri,</strong></span> <span class='ocrx_word' id='word_1_156' title='bbox 2248 944 2632 998; x_wconf 82' lang='lat' dir='ltr'><strong>ministrabant</strong></span> <span class='ocrx_word' id='word_1_157' title='bbox 2662 945 2798 997; x_wconf 68' lang='lat' dir='ltr'><strong>haec.</strong></span> <span class='ocrx_word' id='word_1_158' title='bbox 2851 943 2968 997; x_wconf 82' lang='lat' dir='ltr'><strong>Non</strong></span> <span class='ocrx_word' id='word_1_159' title='bbox 3021 960 3150 1015; x_wconf 78' lang='lat' dir='ltr'><strong>ergo</strong></span> <span class='ocrx_word' id='word_1_160' title='bbox 3180 949 3444 1003; x_wconf 86' lang='lat' dir='ltr'><strong>minorem</strong></span> <span class='ocrx_word' id='word_1_161' title='bbox 3483 965 3611 1005; x_wconf 86' lang='lat' dir='ltr'><strong>san-</strong></span> 
     </span>
    </p>
   </div>
   <div class='ocr_carea' id='block_1_24' title="bbox 2033 1035 3607 1107">
    <p class='ocr_par' dir='ltr' id='par_1_24' title="bbox 2033 1035 3607 1107">
     <span class='ocr_line' id='line_1_24' title="bbox 2033 1035 3607 1107; baseline 0.003 -15"><span class='ocrx_word' id='word_1_162' title='bbox 2033 1039 2273 1092; x_wconf 85' lang='lat' dir='ltr'><strong>ctitatem</strong></span> <span class='ocrx_word' id='word_1_163' title='bbox 2296 1052 2482 1090; x_wconf 90' lang='lat' dir='ltr'><strong>eorum</strong></span> <span class='ocrx_word' id='word_1_164' title='bbox 2507 1050 2626 1090; x_wconf 87' lang='lat' dir='ltr'><strong>esse</strong></span> <span class='ocrx_word' id='word_1_165' title='bbox 2649 1035 2938 1090; x_wconf 85' lang='lat' dir='ltr'><strong>dicendum</strong></span> <span class='ocrx_word' id='word_1_166' title='bbox 2962 1047 3046 1093; x_wconf 89' lang='lat' dir='ltr'><strong>est</strong></span> <span class='ocrx_word' id='word_1_167' title='bbox 3065 1078 3080 1103; x_wconf 92' lang='lat'><strong>,</strong></span> <span class='ocrx_word' id='word_1_168' title='bbox 3118 1043 3335 1107; x_wconf 79' lang='lat' dir='ltr'><strong>quando</strong></span> <span class='ocrx_word' id='word_1_169' title='bbox 3371 1043 3607 1097; x_wconf 86' lang='lat' dir='ltr'><strong>divinio-</strong></span> 
     </span>
    </p>
   </div>
   <div class='ocr_carea' id='block_1_25' title="bbox 2035 1127 3610 1196">
    <p class='ocr_par' dir='ltr' id='par_1_25' title="bbox 2035 1127 3610 1196">
     <span class='ocr_line' id='line_1_25' title="bbox 2035 1127 3610 1196; baseline 0.003 -12"><span class='ocrx_word' id='word_1_170' title='bbox 2035 1145 2150 1185; x_wconf 89' lang='lat' dir='ltr'><strong>rem</strong></span> <span class='ocrx_word' id='word_1_171' title='bbox 2184 1127 2302 1182; x_wconf 84' lang='lat' dir='ltr'><strong>Filii</strong></span> <span class='ocrx_word' id='word_1_172' title='bbox 2331 1127 2421 1181; x_wconf 87' lang='lat' dir='ltr'><strong>Dei</strong></span> <span class='ocrx_word' id='word_1_173' title='bbox 2447 1127 2788 1196; x_wconf 77' lang='lat' dir='ltr'><strong>przesentiam</strong></span> <span class='ocrx_word' id='word_1_174' title='bbox 2814 1128 3140 1183; x_wconf 85' lang='lat' dir='ltr'><strong>habuerunt.</strong></span> <span class='ocrx_word' id='word_1_175' title='bbox 3170 1130 3448 1196; x_wconf 82' lang='lat' dir='ltr'><strong>Quomodo</strong></span> <span class='ocrx_word' id='word_1_176' title='bbox 3468 1137 3610 1188; x_wconf 84' lang='lat' dir='ltr'><strong>enim</strong></span> 
     </span>
    </p>
   </div>
   <div class='ocr_carea' id='block_1_26' title="bbox 2037 1219 3610 1289">
    <p class='ocr_par' dir='ltr' id='par_1_26' title="bbox 2037 1219 3610 1289">
     <span class='ocr_line' id='line_1_26' title="bbox 2037 1219 3610 1289; baseline 0.004 -16"><span class='ocrx_word' id='word_1_177' title='bbox 2037 1221 2212 1273; x_wconf 89' lang='lat' dir='ltr'><strong>minor</strong></span> <span class='ocrx_word' id='word_1_178' title='bbox 2258 1219 2489 1288; x_wconf 83' lang='lat' dir='ltr'><strong>alicujus</strong></span> <span class='ocrx_word' id='word_1_179' title='bbox 2518 1233 2706 1273; x_wconf 90' lang='lat' dir='ltr'><strong>eorum</strong></span> <span class='ocrx_word' id='word_1_180' title='bbox 2741 1219 2829 1287; x_wconf 89' lang='lat' dir='ltr'><strong>qui</strong></span> <span class='ocrx_word' id='word_1_181' title='bbox 2866 1231 2988 1289; x_wconf 84' lang='lat' dir='ltr'><strong>post</strong></span> <span class='ocrx_word' id='word_1_182' title='bbox 3015 1221 3306 1277; x_wconf 83' lang='lat' dir='ltr'><strong>adventum</strong></span> <span class='ocrx_word' id='word_1_183' title='bbox 3375 1225 3610 1289; x_wconf 82' lang='lat' dir='ltr'><strong>fuerunt,</strong></span> 
     </span>
    </p>
   </div>
   <div class='ocr_carea' id='block_1_27' title="bbox 2035 1308 3616 1378">
    <p class='ocr_par' dir='ltr' id='par_1_27' title="bbox 2035 1308 3616 1378">
     <span class='ocr_line' id='line_1_27' title="bbox 2035 1308 3616 1378; baseline 0.006 -15"><span class='ocrx_word' id='word_1_184' title='bbox 2035 1311 2304 1366; x_wconf 88' lang='lat' dir='ltr'><strong>videbitur</strong></span> <span class='ocrx_word' id='word_1_185' title='bbox 2362 1310 2659 1372; x_wconf 83' lang='lat' dir='ltr'><strong>Abraham,</strong></span> <span class='ocrx_word' id='word_1_186' title='bbox 2699 1310 2791 1378; x_wconf 86' lang='lat' dir='ltr'><strong>qui</strong></span> <span class='ocrx_word' id='word_1_187' title='bbox 2846 1308 3016 1364; x_wconf 89' lang='lat' dir='ltr'><strong>Deum</strong></span> <span class='ocrx_word' id='word_1_188' title='bbox 3054 1313 3206 1378; x_wconf 82' lang='lat' dir='ltr'><strong>vidit,</strong></span> <span class='ocrx_word' id='word_1_189' title='bbox 3265 1330 3386 1370; x_wconf 88' lang='lat' dir='ltr'><strong>cum</strong></span> <span class='ocrx_word' id='word_1_190' title='bbox 3430 1332 3616 1373; x_wconf 88' lang='lat' dir='ltr'><strong>omnes</strong></span> 
     </span>
    </p>
   </div>
   <div class='ocr_carea' id='block_1_28' title="bbox 2035 1404 3618 1478">
    <p class='ocr_par' dir='ltr' id='par_1_28' title="bbox 2035 1404 3618 1478">
     <span class='ocr_line' id='line_1_28' title="bbox 2035 1404 3618 1478; baseline 0.006 -20"><span class='ocrx_word' id='word_1_191' title='bbox 2035 1405 2245 1473; x_wconf 85' lang='lat' dir='ltr'><strong>utique,</strong></span> <span class='ocrx_word' id='word_1_192' title='bbox 2272 1405 2363 1473; x_wconf 88' lang='lat' dir='ltr'><strong>qui</strong></span> <span class='ocrx_word' id='word_1_193' title='bbox 2401 1405 2696 1458; x_wconf 87' lang='lat' dir='ltr'><strong>secundum</strong></span> <span class='ocrx_word' id='word_1_194' title='bbox 2728 1404 3006 1458; x_wconf 87' lang='lat' dir='ltr'><strong>Christum</strong></span> <span class='ocrx_word' id='word_1_195' title='bbox 3053 1406 3337 1471; x_wconf 86' lang='lat' dir='ltr'><strong>ﬁniuntur,</strong></span> <span class='ocrx_word' id='word_1_196' title='bbox 3395 1409 3448 1462; x_wconf 94' lang='lat' dir='ltr'><strong>in</strong></span> <span class='ocrx_word' id='word_1_197' title='bbox 3501 1411 3618 1478; x_wconf 83' lang='lat' dir='ltr'><strong>ejus</strong></span> 
     </span>
    </p>
   </div>
   <div class='ocr_carea' id='block_1_29' title="bbox 2036 1495 3618 1564">
    <p class='ocr_par' dir='ltr' id='par_1_29' title="bbox 2036 1495 3618 1564">
     <span class='ocr_line' id='line_1_29' title="bbox 2036 1495 3618 1564; baseline 0.004 -14"><span class='ocrx_word' id='word_1_198' title='bbox 2036 1499 2213 1550; x_wconf 89' lang='lat' dir='ltr'><strong>sinum</strong></span> <span class='ocrx_word' id='word_1_199' title='bbox 2271 1496 2726 1564; x_wconf 86' lang='lat' dir='ltr'><strong>proﬁciscuntur?</strong></span> <span class='ocrx_word' id='word_1_200' title='bbox 2784 1495 3065 1562; x_wconf 90' lang='lat' dir='ltr'><strong>Quomodo</strong></span> <span class='ocrx_word' id='word_1_201' title='bbox 3151 1498 3392 1554; x_wconf 88' lang='lat' dir='ltr'><strong>minores</strong></span> <span class='ocrx_word' id='word_1_202' title='bbox 3455 1511 3618 1556; x_wconf 87' lang='lat' dir='ltr'><strong>erunt</strong></span> 
     </span>
    </p>
   </div>
   <div class='ocr_carea' id='block_1_30' title="bbox 2038 1587 3618 1656">
    <p class='ocr_par' dir='ltr' id='par_1_30' title="bbox 2038 1587 3618 1656">
     <span class='ocr_line' id='line_1_30' title="bbox 2038 1587 3618 1656; baseline 0.004 -14"><span class='ocrx_word' id='word_1_203' title='bbox 2038 1587 2250 1656; x_wconf 78' lang='lat' dir='ltr'><strong>Moyses</strong></span> <span class='ocrx_word' id='word_1_204' title='bbox 2291 1598 2347 1640; x_wconf 88' lang='lat' dir='ltr'><strong>et</strong></span> <span class='ocrx_word' id='word_1_205' title='bbox 2386 1588 2530 1641; x_wconf 88' lang='lat' dir='ltr'><strong>Elias</strong></span> <span class='ocrx_word' id='word_1_206' title='bbox 2556 1626 2571 1652; x_wconf 93' lang='lat'><strong>,</strong></span> <span class='ocrx_word' id='word_1_207' title='bbox 2629 1589 2721 1656; x_wconf 87' lang='lat' dir='ltr'><strong>qui</strong></span> <span class='ocrx_word' id='word_1_208' title='bbox 2752 1587 2878 1643; x_wconf 81' lang='lat' dir='ltr'><strong>Jesu</strong></span> <span class='ocrx_word' id='word_1_209' title='bbox 2932 1588 2986 1642; x_wconf 89' lang='lat' dir='ltr'><strong>in</strong></span> <span class='ocrx_word' id='word_1_210' title='bbox 3027 1588 3194 1656; x_wconf 79' lang='lat' dir='ltr'><strong>gloria</strong></span> <span class='ocrx_word' id='word_1_211' title='bbox 3250 1592 3618 1648; x_wconf 81' lang='lat' dir='ltr'><strong>transformati</strong></span> 
     </span>
    </p>
   </div>
   <div class='ocr_carea' id='block_1_31' title="bbox 2039 1681 3620 1750">
    <p class='ocr_par' dir='ltr' id='par_1_31' title="bbox 2039 1681 3620 1750">
     <span class='ocr_line' id='line_1_31' title="bbox 2039 1681 3620 1750; baseline 0.002 -14"><span class='ocrx_word' id='word_1_212' title='bbox 2039 1682 2200 1736; x_wconf 83' lang='lat' dir='ltr'><strong>simul</strong></span> <span class='ocrx_word' id='word_1_213' title='bbox 2243 1691 2642 1750; x_wconf 83' lang='lat' dir='ltr'><strong>apparuerunt,</strong></span> <span class='ocrx_word' id='word_1_214' title='bbox 2675 1681 2803 1735; x_wconf 89' lang='lat' dir='ltr'><strong>licet</strong></span> <span class='ocrx_word' id='word_1_215' title='bbox 2854 1697 2962 1736; x_wconf 91' lang='lat' dir='ltr'><strong>non</strong></span> <span class='ocrx_word' id='word_1_216' title='bbox 3021 1682 3254 1736; x_wconf 77' lang='lat' dir='ltr'><strong>viderint</strong></span> <span class='ocrx_word' id='word_1_217' title='bbox 3284 1685 3620 1739; x_wconf 87' lang='lat' dir='ltr'><strong>sensibiliter</strong></span> 
     </span>
    </p>
   </div>
   <div class='ocr_carea' id='block_1_32' title="bbox 2039 1771 3619 1844">
    <p class='ocr_par' dir='ltr' id='par_1_32' title="bbox 2039 1771 3619 1844">
     <span class='ocr_line' id='line_1_32' title="bbox 2039 1771 3619 1844; baseline 0.001 -16"><span class='ocrx_word' id='word_1_218' title='bbox 2039 1787 2163 1828; x_wconf 86' lang='lat' dir='ltr'><strong>eum</strong></span> <span class='ocrx_word' id='word_1_219' title='bbox 2197 1772 2263 1826; x_wconf 90' lang='lat' dir='ltr'><strong>de</strong></span> <span class='ocrx_word' id='word_1_220' title='bbox 2289 1772 2509 1840; x_wconf 76' lang='lat' dir='ltr'><strong>Virgine</strong></span> <span class='ocrx_word' id='word_1_221' title='bbox 2548 1773 2932 1841; x_wconf 77' lang='lat' dir='ltr'><strong>procreatum?</strong></span> <span class='ocrx_word' id='word_1_222' title='bbox 2961 1771 3075 1827; x_wconf 88' lang='lat' dir='ltr'><strong>Non</strong></span> <span class='ocrx_word' id='word_1_223' title='bbox 3131 1773 3275 1828; x_wconf 90' lang='lat' dir='ltr'><strong>enim</strong></span> <span class='ocrx_word' id='word_1_224' title='bbox 3299 1789 3619 1844; x_wconf 67' lang='lat' dir='ltr'><strong>praeponen-</strong></span> 
     </span>
    </p>
   </div>
   <div class='ocr_carea' id='block_1_33' title="bbox 345 1837 3614 1935">
    <p class='ocr_par' dir='ltr' id='par_1_33' title="bbox 345 1837 3614 1935">
     <span class='ocr_line' id='line_1_33' title="bbox 345 1837 3614 1935; baseline 0.003 -25"><span class='ocrx_word' id='word_1_225' title='bbox 345 1861 673 1914; x_wconf 81' lang='lat' dir='ltr'><strong>certantium</strong></span> <span class='ocrx_word' id='word_1_226' title='bbox 705 1837 1020 1930; x_wconf 80' lang='lat' dir='ltr'><strong>provectus,</strong></span> <span class='ocrx_word' id='word_1_227' title='bbox 1062 1862 1149 1916; x_wconf 90' lang='lat' dir='ltr'><strong>alii</strong></span> <span class='ocrx_word' id='word_1_228' title='bbox 1180 1837 1305 1916; x_wconf 83' lang='lat' dir='ltr'><strong>cum</strong></span> <span class='ocrx_word' id='word_1_229' title='bbox 1353 1861 1536 1916; x_wconf 89' lang='lat' dir='ltr'><strong>labore</strong></span> <span class='ocrx_word' id='word_1_230' title='bbox 1565 1903 1581 1928; x_wconf 92' lang='lat'><strong>,</strong></span> <span class='ocrx_word' id='word_1_231' title='bbox 1611 1877 1731 1932; x_wconf 56' lang='lat' dir='ltr'><strong>qua</strong></span> <span class='ocrx_word' id='word_1_232' title='bbox 1764 1863 1932 1916; x_wconf 89' lang='lat' dir='ltr'><strong>tristi-</strong></span> <span class='ocrx_word' id='word_1_233' title='bbox 1971 1837 2010 1890; x_wconf 74' lang='grc' dir='ltr'><strong>Β</strong></span> <span class='ocrx_word' id='word_1_234' title='bbox 2037 1865 2136 1920; x_wconf 91' lang='lat' dir='ltr'><strong>dus</strong></span> <span class='ocrx_word' id='word_1_235' title='bbox 2161 1873 2242 1919; x_wconf 89' lang='lat' dir='ltr'><strong>est</strong></span> <span class='ocrx_word' id='word_1_236' title='bbox 2277 1837 2498 1932; x_wconf 33' lang='lat' dir='ltr'><strong>eis,vqui</strong></span> <span class='ocrx_word' id='word_1_237' title='bbox 2528 1837 2915 1933; x_wconf 82' lang='lat' dir='ltr'><strong>intelligibilem</strong></span> <span class='ocrx_word' id='word_1_238' title='bbox 2950 1867 3240 1919; x_wconf 81' lang='lat' dir='ltr'><strong>adventum</strong></span> <span class='ocrx_word' id='word_1_239' title='bbox 3267 1837 3382 1935; x_wconf 78' lang='lat' dir='ltr'><strong>ejus</strong></span> <span class='ocrx_word' id='word_1_240' title='bbox 3407 1867 3614 1922; x_wconf 76' lang='lat' dir='ltr'><strong>habite-</strong></span> 
     </span>
    </p>
   </div>
   <div class='ocr_carea' id='block_1_34' title="bbox 349 1953 1936 2022">
    <p class='ocr_par' dir='ltr' id='par_1_34' title="bbox 349 1953 1936 2022">
     <span class='ocr_line' id='line_1_34' title="bbox 349 1953 1936 2022; baseline 0.003 -17"><span class='ocrx_word' id='word_1_241' title='bbox 349 1953 422 2005; x_wconf 88' lang='lat' dir='ltr'><strong>tia</strong></span> <span class='ocrx_word' id='word_1_242' title='bbox 483 1964 730 2019; x_wconf 81' lang='lat' dir='ltr'><strong>vocatur,</strong></span> <span class='ocrx_word' id='word_1_243' title='bbox 786 1955 1116 2009; x_wconf 86' lang='lat' dir='ltr'><strong>tentationes</strong></span> <span class='ocrx_word' id='word_1_244' title='bbox 1172 1954 1384 2022; x_wconf 79' lang='lat' dir='ltr'><strong>ferunt;</strong></span> <span class='ocrx_word' id='word_1_245' title='bbox 1440 1956 1531 2009; x_wconf 85' lang='lat' dir='ltr'><strong>alii</strong></span> <span class='ocrx_word' id='word_1_246' title='bbox 1588 1966 1768 2008; x_wconf 86' lang='lat' dir='ltr'><strong>autem</strong></span> <span class='ocrx_word' id='word_1_247' title='bbox 1820 1955 1936 2010; x_wconf 75' lang='lat' dir='ltr'><strong>sine</strong></span> 
     </span>
    </p>
   </div>
   <div class='ocr_carea' id='block_1_35' title="bbox 349 2045 1933 2110">
    <p class='ocr_par' dir='ltr' id='par_1_35' title="bbox 349 2045 1933 2110">
     <span class='ocr_line' id='line_1_35' title="bbox 349 2045 1933 2110; baseline 0.003 -14"><span class='ocrx_word' id='word_1_248' title='bbox 349 2045 598 2110; x_wconf 82' lang='lat' dir='ltr'><strong>tristitia,</strong></span> <span class='ocrx_word' id='word_1_249' title='bbox 629 2056 684 2100; x_wconf 89' lang='lat' dir='ltr'><strong>et</strong></span> <span class='ocrx_word' id='word_1_250' title='bbox 715 2047 793 2101; x_wconf 90' lang='lat' dir='ltr'><strong>sic</strong></span> <span class='ocrx_word' id='word_1_251' title='bbox 825 2047 1156 2102; x_wconf 83' lang='lat' dir='ltr'><strong>excellenter</strong></span> <span class='ocrx_word' id='word_1_252' title='bbox 1198 2063 1289 2101; x_wconf 90' lang='lat' dir='ltr'><strong>eas</strong></span> <span class='ocrx_word' id='word_1_253' title='bbox 1324 2057 1379 2101; x_wconf 87' lang='lat' dir='ltr'><strong>et</strong></span> <span class='ocrx_word' id='word_1_254' title='bbox 1405 2063 1525 2102; x_wconf 89' lang='lat' dir='ltr'><strong>Cllm</strong></span> <span class='ocrx_word' id='word_1_255' title='bbox 1567 2045 1933 2101; x_wconf 64' lang='lat' dir='ltr'><strong>delectatione</strong></span> 
     </span>
    </p>
   </div>
   <div class='ocr_carea' id='block_1_36' title="bbox 344 2137 1931 2208">
    <p class='ocr_par' dir='ltr' id='par_1_36' title="bbox 344 2137 1931 2208">
     <span class='ocr_line' id='line_1_36' title="bbox 344 2137 1931 2208; baseline 0.002 -19"><span class='ocrx_word' id='word_1_256' title='bbox 344 2137 682 2206; x_wconf 88' lang='lat' dir='ltr'><strong>suscipiunt,</strong></span> <span class='ocrx_word' id='word_1_257' title='bbox 725 2150 781 2190; x_wconf 91' lang='grc' dir='ltr'><strong>ιιι</strong></span> <span class='ocrx_word' id='word_1_258' title='bbox 829 2139 1103 2205; x_wconf 68' lang='grc' dir='ltr'><strong>Ιςιξῑειιιυτ,</strong></span> <span class='ocrx_word' id='word_1_259' title='bbox 1145 2139 1403 2208; x_wconf 90' lang='lat' dir='ltr'><strong>quoniam</strong></span> <span class='ocrx_word' id='word_1_260' title='bbox 1444 2139 1590 2207; x_wconf 76' lang='lat' dir='ltr'><strong>digni</strong></span> <span class='ocrx_word' id='word_1_261' title='bbox 1640 2147 1769 2192; x_wconf 88' lang='lat' dir='ltr'><strong>sunt</strong></span> <span class='ocrx_word' id='word_1_262' title='bbox 1802 2138 1931 2192; x_wconf 88' lang='lat' dir='ltr'><strong>l&#39;acti</strong></span> 
     </span>
    </p>
   </div>
   <div class='ocr_carea' id='block_1_37' title="bbox 344 2228 1930 2298">
    <p class='ocr_par' dir='ltr' id='par_1_37' title="bbox 344 2228 1930 2298">
     <span class='ocr_line' id='line_1_37' title="bbox 344 2228 1930 2298; baseline 0.004 -21"><span class='ocrx_word' id='word_1_263' title='bbox 344 2241 441 2295; x_wconf 83' lang='lat' dir='ltr'><strong>pro</strong></span> <span class='ocrx_word' id='word_1_264' title='bbox 466 2229 680 2280; x_wconf 90' lang='lat' dir='ltr'><strong>nomine</strong></span> <span class='ocrx_word' id='word_1_265' title='bbox 711 2228 916 2284; x_wconf 89' lang='lat' dir='ltr'><strong>Christi</strong></span> <span class='ocrx_word' id='word_1_266' title='bbox 973 2232 1104 2298; x_wconf 89' lang='lat' dir='ltr'><strong>pati.</strong></span> <span class='ocrx_word' id='word_1_267' title='bbox 1139 2229 1208 2284; x_wconf 88' lang='lat' dir='ltr'><strong>Et</strong></span> <span class='ocrx_word' id='word_1_268' title='bbox 1255 2232 1597 2285; x_wconf 87' lang='lat' dir='ltr'><strong>arbitrantur</strong></span> <span class='ocrx_word' id='word_1_269' title='bbox 1630 2246 1690 2285; x_wconf 89' lang='lat' dir='ltr'><strong>se</strong></span> <span class='ocrx_word' id='word_1_270' title='bbox 1726 2231 1930 2284; x_wconf 87' lang='lat' dir='ltr'><strong>incom-</strong></span> 
     </span>
    </p>
   </div>
   <div class='ocr_carea' id='block_1_38' title="bbox 343 2319 1932 2393">
    <p class='ocr_par' dir='ltr' id='par_1_38' title="bbox 343 2319 1932 2393">
     <span class='ocr_line' id='line_1_38' title="bbox 343 2319 1932 2393; baseline 0.006 -24"><span class='ocrx_word' id='word_1_271' title='bbox 343 2319 642 2387; x_wconf 83' lang='lat' dir='ltr'><strong>parabilem</strong></span> <span class='ocrx_word' id='word_1_272' title='bbox 673 2321 898 2391; x_wconf 80' lang='lat' dir='ltr'><strong>gloriam</strong></span> <span class='ocrx_word' id='word_1_273' title='bbox 935 2323 1246 2392; x_wconf 88' lang='lat' dir='ltr'><strong>possidere,</strong></span> <span class='ocrx_word' id='word_1_274' title='bbox 1277 2323 1495 2393; x_wconf 89' lang='lat' dir='ltr'><strong>quando</strong></span> <span class='ocrx_word' id='word_1_275' title='bbox 1528 2322 1736 2378; x_wconf 75' lang='lat' dir='ltr'><strong>Christi</strong></span> <span class='ocrx_word' id='word_1_276' title='bbox 1769 2327 1932 2380; x_wconf 89' lang='lat' dir='ltr'><strong>nomi-</strong></span> 
     </span>
    </p>
   </div>
   <div class='ocr_carea' id='block_1_39' title="bbox 340 2411 790 2466">
    <p class='ocr_par' dir='ltr' id='par_1_39' title="bbox 340 2411 790 2466">
     <span class='ocr_line' id='line_1_39' title="bbox 340 2411 790 2466; baseline 0.004 -2"><span class='ocrx_word' id='word_1_277' title='bbox 340 2426 408 2464; x_wconf 90' lang='lat' dir='ltr'><strong>ne</strong></span> <span class='ocrx_word' id='word_1_278' title='bbox 444 2411 790 2466; x_wconf 88' lang='lat' dir='ltr'><strong>tribulantttr.</strong></span> 
     </span>
    </p>
   </div>
   <div class='ocr_carea' id='block_1_40' title="bbox 414 2501 1936 2577">
    <p class='ocr_par' dir='ltr' id='par_1_40' title="bbox 414 2501 1936 2577">
     <span class='ocr_line' id='line_1_40' title="bbox 414 2501 1936 2577; baseline 0.005 -23"><span class='ocrx_word' id='word_1_279' title='bbox 414 2501 580 2558; x_wconf 74' lang='lat' dir='ltr'><strong>Vens.</strong></span> <span class='ocrx_word' id='word_1_280' title='bbox 625 2505 806 2557; x_wconf 68' lang='grc'><strong>10-12.</strong></span> <span class='ocrx_word' id='word_1_281' title='bbox 840 2523 858 2556; x_wconf 83' lang='grc' dir='ltr'><strong>ι</strong></span> <span class='ocrx_word' id='word_1_282' title='bbox 900 2504 976 2559; x_wconf 90' lang='lat' dir='ltr'><strong>De</strong></span> <span class='ocrx_word' id='word_1_283' title='bbox 1013 2520 1116 2575; x_wconf 90' lang='lat' dir='ltr'><strong>qua</strong></span> <span class='ocrx_word' id='word_1_284' title='bbox 1153 2506 1328 2562; x_wconf 87' lang='lat' dir='ltr'><strong>salute</strong></span> <span class='ocrx_word' id='word_1_285' title='bbox 1357 2510 1739 2577; x_wconf 81' lang='lat' dir='ltr'><strong>exquisierunt</strong></span> <span class='ocrx_word' id='word_1_286' title='bbox 1769 2518 1936 2576; x_wconf 88' lang='lat' dir='ltr'><strong>atque</strong></span> 
     </span>
    </p>
   </div>
   <div class='ocr_carea' id='block_1_41' title="bbox 343 2597 1932 2670">
    <p class='ocr_par' dir='ltr' id='par_1_41' title="bbox 343 2597 1932 2670">
     <span class='ocr_line' id='line_1_41' title="bbox 343 2597 1932 2670; baseline 0.002 -21"><span class='ocrx_word' id='word_1_287' title='bbox 343 2597 570 2649; x_wconf 73' lang='lat' dir='ltr'><strong>Scrutati</strong></span> <span class='ocrx_word' id='word_1_288' title='bbox 599 2607 725 2650; x_wconf 87' lang='lat' dir='ltr'><strong>sunt</strong></span> <span class='ocrx_word' id='word_1_289' title='bbox 764 2599 1059 2668; x_wconf 67' lang='lat' dir='ltr'><strong>prophettc,</strong></span> <span class='ocrx_word' id='word_1_290' title='bbox 1097 2602 1187 2669; x_wconf 85' lang='lat' dir='ltr'><strong>qui</strong></span> <span class='ocrx_word' id='word_1_291' title='bbox 1223 2600 1496 2655; x_wconf 76' lang='lat' dir='ltr'><strong>defutura</strong></span> <span class='ocrx_word' id='word_1_292' title='bbox 1535 2603 1586 2656; x_wconf 92' lang='lat' dir='ltr'><strong>in</strong></span> <span class='ocrx_word' id='word_1_293' title='bbox 1627 2617 1722 2655; x_wconf 91' lang='lat' dir='ltr'><strong>vos</strong></span> <span class='ocrx_word' id='word_1_294' title='bbox 1761 2601 1932 2670; x_wconf 80' lang='lat' dir='ltr'><strong>gratia</strong></span> 
     </span>
    </p>
   </div>
   <div class='ocr_carea' id='block_1_42' title="bbox 349 2689 1934 2764">
    <p class='ocr_par' dir='ltr' id='par_1_42' title="bbox 349 2689 1934 2764">
     <span class='ocr_line' id='line_1_42' title="bbox 349 2689 1934 2764; baseline 0.003 -22"><span class='ocrx_word' id='word_1_295' title='bbox 349 2689 832 2758; x_wconf 84' lang='lat' dir='ltr'><strong>prophetaverunt,</strong></span> <span class='ocrx_word' id='word_1_296' title='bbox 870 2702 1182 2747; x_wconf 88' lang='lat' dir='ltr'><strong>scrutantes</strong></span> <span class='ocrx_word' id='word_1_297' title='bbox 1223 2694 1273 2746; x_wconf 91' lang='lat' dir='ltr'><strong>in</strong></span> <span class='ocrx_word' id='word_1_298' title='bbox 1312 2695 1476 2761; x_wconf 83' lang='lat' dir='ltr'><strong>quod,</strong></span> <span class='ocrx_word' id='word_1_299' title='bbox 1508 2694 1587 2747; x_wconf 74' lang='lat' dir='ltr'><strong>vei</strong></span> <span class='ocrx_word' id='word_1_300' title='bbox 1610 2694 1768 2764; x_wconf 86' lang='lat' dir='ltr'><strong>quale</strong></span> <span class='ocrx_word' id='word_1_301' title='bbox 1796 2703 1934 2746; x_wconf 90' lang='lat' dir='ltr'><strong>tem-</strong></span> 
     </span>
    </p>
   </div>
   <div class='ocr_carea' id='block_1_43' title="bbox 337 2783 1936 2856">
    <p class='ocr_par' dir='ltr' id='par_1_43' title="bbox 337 2783 1936 2856">
     <span class='ocr_line' id='line_1_43' title="bbox 337 2783 1936 2856; baseline 0.003 -22"><span class='ocrx_word' id='word_1_302' title='bbox 337 2798 440 2851; x_wconf 88' lang='lat' dir='ltr'><strong>pus</strong></span> <span class='ocrx_word' id='word_1_303' title='bbox 469 2783 826 2852; x_wconf 79' lang='lat' dir='ltr'><strong>signiﬁcaret,</strong></span> <span class='ocrx_word' id='word_1_304' title='bbox 870 2785 960 2853; x_wconf 89' lang='lat' dir='ltr'><strong>qui</strong></span> <span class='ocrx_word' id='word_1_305' title='bbox 993 2785 1044 2838; x_wconf 91' lang='lat' dir='ltr'><strong>in</strong></span> <span class='ocrx_word' id='word_1_306' title='bbox 1077 2787 1159 2839; x_wconf 85' lang='lat' dir='ltr'><strong>eis</strong></span> <span class='ocrx_word' id='word_1_307' title='bbox 1185 2797 1305 2840; x_wconf 85' lang='lat' dir='ltr'><strong>erat</strong></span> <span class='ocrx_word' id='word_1_308' title='bbox 1332 2787 1466 2856; x_wconf 75' lang='grc'><strong>(53),</strong></span> <span class='ocrx_word' id='word_1_309' title='bbox 1521 2787 1742 2856; x_wconf 88' lang='lat' dir='ltr'><strong>spiritus</strong></span> <span class='ocrx_word' id='word_1_310' title='bbox 1777 2783 1936 2840; x_wconf 82' lang='lat' dir='ltr'><strong>Chri-</strong></span> 
     </span>
    </p>
   </div>
   <div class='ocr_carea' id='block_1_44' title="bbox 335 2873 1932 2947">
    <p class='ocr_par' dir='ltr' id='par_1_44' title="bbox 335 2873 1932 2947">
     <span class='ocr_line' id='line_1_44' title="bbox 335 2873 1932 2947; baseline 0.001 -21"><span class='ocrx_word' id='word_1_311' title='bbox 335 2873 434 2935; x_wconf 88' lang='lat' dir='ltr'><strong>sti,</strong></span> <span class='ocrx_word' id='word_1_312' title='bbox 469 2875 557 2942; x_wconf 92' lang='lat' dir='ltr'><strong>qui</strong></span> <span class='ocrx_word' id='word_1_313' title='bbox 595 2875 991 2941; x_wconf 68' lang='lat' dir='ltr'><strong>praenuntiabat</strong></span> <span class='ocrx_word' id='word_1_314' title='bbox 1015 2876 1127 2947; x_wconf 77' lang='lat'><strong>(53)</strong></span> <span class='ocrx_word' id='word_1_315' title='bbox 1155 2878 1205 2930; x_wconf 92' lang='lat' dir='ltr'><strong>in</strong></span> <span class='ocrx_word' id='word_1_316' title='bbox 1227 2877 1445 2931; x_wconf 86' lang='lat' dir='ltr'><strong>Christo</strong></span> <span class='ocrx_word' id='word_1_317' title='bbox 1467 2877 1596 2930; x_wconf 84' lang='lat' dir='ltr'><strong>Jesu</strong></span> <span class='ocrx_word' id='word_1_318' title='bbox 1628 2877 1932 2942; x_wconf 84' lang='lat' dir='ltr'><strong>passiones,</strong></span> 
     </span>
    </p>
   </div>
   <div class='ocr_carea' id='block_1_45' title="bbox 333 2965 1935 3037">
    <p class='ocr_par' dir='ltr' id='par_1_45' title="bbox 333 2965 1935 3037">
     <span class='ocr_line' id='line_1_45' title="bbox 333 2965 1935 3037; baseline 0.004 -21"><span class='ocrx_word' id='word_1_319' title='bbox 333 2975 527 3029; x_wconf 85' lang='lat' dir='ltr'><strong>etpost</strong></span> <span class='ocrx_word' id='word_1_320' title='bbox 549 2965 662 3020; x_wconf 71' lang='lat' dir='ltr'><strong>lucc</strong></span> <span class='ocrx_word' id='word_1_321' title='bbox 687 2965 800 3035; x_wconf 75' lang='grc'><strong>(55)</strong></span> <span class='ocrx_word' id='word_1_322' title='bbox 832 2966 1036 3035; x_wconf 82' lang='lat' dir='ltr'><strong>glorias</strong></span> <span class='ocrx_word' id='word_1_323' title='bbox 1071 2986 1085 3021; x_wconf 88' lang='lat'>:</span> <span class='ocrx_word' id='word_1_324' title='bbox 1120 2967 1321 3037; x_wconf 83' lang='lat' dir='ltr'><strong>quibus</strong></span> <span class='ocrx_word' id='word_1_325' title='bbox 1350 2967 1642 3023; x_wconf 88' lang='lat' dir='ltr'><strong>revelatum</strong></span> <span class='ocrx_word' id='word_1_326' title='bbox 1667 2968 1935 3037; x_wconf 88' lang='lat' dir='ltr'><strong>est,quod</strong></span> 
     </span>
    </p>
   </div>
   <div class='ocr_carea' id='block_1_46' title="bbox 333 3053 1812 3123">
    <p class='ocr_par' dir='ltr' id='par_1_46' title="bbox 333 3053 1812 3123">
     <span class='ocr_line' id='line_1_46' title="bbox 333 3053 1812 3123; baseline 0.003 -17"><span class='ocrx_word' id='word_1_327' title='bbox 333 3069 446 3108; x_wconf 87' lang='lat' dir='ltr'><strong>non</strong></span> <span class='ocrx_word' id='word_1_328' title='bbox 482 3053 634 3120; x_wconf 80' lang='lat' dir='ltr'><strong>ipsis,</strong></span> <span class='ocrx_word' id='word_1_329' title='bbox 669 3057 820 3109; x_wconf 83' lang='lat' dir='ltr'><strong>vobis</strong></span> <span class='ocrx_word' id='word_1_330' title='bbox 850 3067 1029 3111; x_wconf 90' lang='lat' dir='ltr'><strong>autem</strong></span> <span class='ocrx_word' id='word_1_331' title='bbox 1065 3058 1443 3112; x_wconf 89' lang='lat' dir='ltr'><strong>ministrabant</strong></span> <span class='ocrx_word' id='word_1_332' title='bbox 1483 3059 1617 3123; x_wconf 61' lang='lat' dir='ltr'><strong>haec,</strong></span> <span class='ocrx_word' id='word_1_333' title='bbox 1659 3077 1678 3111; x_wconf 74' lang='grc' dir='ltr'><strong>ι</strong></span> <span class='ocrx_word' id='word_1_334' title='bbox 1713 3058 1812 3118; x_wconf 85' lang='lat' dir='ltr'><strong>rel.</strong></span> 
     </span>
    </p>
   </div>
   <div class='ocr_carea' id='block_1_47' title="bbox 2034 1952 3616 2022">
    <p class='ocr_par' dir='ltr' id='par_1_47' title="bbox 2034 1952 3616 2022">
     <span class='ocr_line' id='line_1_47' title="bbox 2034 1952 3616 2022; baseline -0.002 -13"><span class='ocrx_word' id='word_1_335' title='bbox 2034 1963 2183 2019; x_wconf 89' lang='lat' dir='ltr'><strong>runt,</strong></span> <span class='ocrx_word' id='word_1_336' title='bbox 2221 1954 2331 2016; x_wconf 88' lang='lat' dir='ltr'><strong>ille,</strong></span> <span class='ocrx_word' id='word_1_337' title='bbox 2373 1955 2462 2022; x_wconf 83' lang='lat' dir='ltr'><strong>qui</strong></span> <span class='ocrx_word' id='word_1_338' title='bbox 2527 1968 2650 2006; x_wconf 89' lang='lat' dir='ltr'><strong>eum</strong></span> <span class='ocrx_word' id='word_1_339' title='bbox 2695 1953 2993 2008; x_wconf 87' lang='lat' dir='ltr'><strong>secundum</strong></span> <span class='ocrx_word' id='word_1_340' title='bbox 3035 1968 3254 2007; x_wconf 89' lang='lat' dir='ltr'><strong>carnem</strong></span> <span class='ocrx_word' id='word_1_341' title='bbox 3299 1954 3450 2017; x_wconf 87' lang='lat' dir='ltr'><strong>vidit,</strong></span> <span class='ocrx_word' id='word_1_342' title='bbox 3488 1952 3616 2007; x_wconf 88' lang='lat' dir='ltr'><strong>dum</strong></span> 
     </span>
    </p>
   </div>
   <div class='ocr_carea' id='block_1_48' title="bbox 2036 2043 3610 2111">
    <p class='ocr_par' dir='ltr' id='par_1_48' title="bbox 2036 2043 3610 2111">
     <span class='ocr_line' id='line_1_48' title="bbox 2036 2043 3610 2111; baseline -0.002 -11"><span class='ocrx_word' id='word_1_343' title='bbox 2036 2045 2190 2100; x_wconf 89' lang='lat' dir='ltr'><strong>tnulti</strong></span> <span class='ocrx_word' id='word_1_344' title='bbox 2218 2047 2379 2100; x_wconf 81' lang='lat' dir='ltr'><strong>etiam</strong></span> <span class='ocrx_word' id='word_1_345' title='bbox 2414 2055 2727 2111; x_wconf 83' lang='lat' dir='ltr'><strong>peccatores</strong></span> <span class='ocrx_word' id='word_1_346' title='bbox 2781 2045 2882 2098; x_wconf 90' lang='lat' dir='ltr'><strong>hoc</strong></span> <span class='ocrx_word' id='word_1_347' title='bbox 2922 2043 3175 2098; x_wconf 89' lang='lat' dir='ltr'><strong>viderint.</strong></span> <span class='ocrx_word' id='word_1_348' title='bbox 3224 2044 3376 2110; x_wconf 85' lang='lat' dir='ltr'><strong>Quod</strong></span> <span class='ocrx_word' id='word_1_349' title='bbox 3426 2052 3610 2097; x_wconf 87' lang='lat' dir='ltr'><strong>autem</strong></span> 
     </span>
    </p>
   </div>
   <div class='ocr_carea' id='block_1_49' title="bbox 2040 2133 3612 2206">
    <p class='ocr_par' dir='ltr' id='par_1_49' title="bbox 2040 2133 3612 2206">
     <span class='ocr_line' id='line_1_49' title="bbox 2040 2133 3612 2206; baseline -0.003 -14"><span class='ocrx_word' id='word_1_350' title='bbox 2040 2147 2094 2192; x_wconf 84' lang='lat' dir='ltr'><strong>et</strong></span> <span class='ocrx_word' id='word_1_351' title='bbox 2127 2145 2384 2206; x_wconf 88' lang='lat' dir='ltr'><strong>peccator</strong></span> <span class='ocrx_word' id='word_1_352' title='bbox 2412 2136 2578 2200; x_wconf 86' lang='lat' dir='ltr'><strong>videt,</strong></span> <span class='ocrx_word' id='word_1_353' title='bbox 2609 2135 2774 2189; x_wconf 91' lang='lat' dir='ltr'><strong>multo</strong></span> <span class='ocrx_word' id='word_1_354' title='bbox 2817 2134 3046 2190; x_wconf 80' lang='lat' dir='ltr'><strong>inferius</strong></span> <span class='ocrx_word' id='word_1_355' title='bbox 3080 2143 3160 2188; x_wconf 89' lang='lat' dir='ltr'><strong>est</strong></span> <span class='ocrx_word' id='word_1_356' title='bbox 3199 2133 3308 2197; x_wconf 82' lang='lat' dir='ltr'><strong>illo,</strong></span> <span class='ocrx_word' id='word_1_357' title='bbox 3341 2134 3483 2201; x_wconf 91' lang='lat' dir='ltr'><strong>quod</strong></span> <span class='ocrx_word' id='word_1_358' title='bbox 3518 2148 3612 2187; x_wconf 86' lang='lat' dir='ltr'><strong>ve-</strong></span> 
     </span>
    </p>
   </div>
   <div class='ocr_carea' id='block_1_50' title="bbox 2037 2225 3614 2295">
    <p class='ocr_par' dir='ltr' id='par_1_50' title="bbox 2037 2225 3614 2295">
     <span class='ocr_line' id='line_1_50' title="bbox 2037 2225 3614 2295; baseline -0.001 -14"><span class='ocrx_word' id='word_1_359' title='bbox 2037 2229 2117 2282; x_wconf 88' lang='lat' dir='ltr'><strong>nit</strong></span> <span class='ocrx_word' id='word_1_360' title='bbox 2163 2231 2230 2282; x_wconf 88' lang='lat' dir='ltr'><strong>ad</strong></span> <span class='ocrx_word' id='word_1_361' title='bbox 2282 2227 2426 2282; x_wconf 86' lang='lat' dir='ltr'><strong>solus</strong></span> <span class='ocrx_word' id='word_1_362' title='bbox 2481 2234 2722 2281; x_wconf 89' lang='lat' dir='ltr'><strong>sanctos.</strong></span> <span class='ocrx_word' id='word_1_363' title='bbox 2777 2225 3107 2280; x_wconf 79' lang='lat' dir='ltr'><strong>Pertectiore</strong></span> <span class='ocrx_word' id='word_1_364' title='bbox 3138 2241 3266 2279; x_wconf 87' lang='lat' dir='ltr'><strong>vero</strong></span> <span class='ocrx_word' id='word_1_365' title='bbox 3295 2226 3614 2295; x_wconf 84' lang='lat' dir='ltr'><strong>probatione</strong></span> 
     </span>
    </p>
   </div>
   <div class='ocr_carea' id='block_1_51' title="bbox 2037 2316 3622 2386">
    <p class='ocr_par' dir='ltr' id='par_1_51' title="bbox 2037 2316 3622 2386">
     <span class='ocr_line' id='line_1_51' title="bbox 2037 2316 3622 2386; baseline -0.003 -12"><span class='ocrx_word' id='word_1_366' title='bbox 2037 2321 2139 2376; x_wconf 87' lang='lat' dir='ltr'><strong>hoc</strong></span> <span class='ocrx_word' id='word_1_367' title='bbox 2169 2319 2456 2373; x_wconf 86' lang='lat' dir='ltr'><strong>dicendum</strong></span> <span class='ocrx_word' id='word_1_368' title='bbox 2484 2327 2569 2373; x_wconf 86' lang='lat' dir='ltr'><strong>est</strong></span> <span class='ocrx_word' id='word_1_369' title='bbox 2619 2332 2634 2370; x_wconf 89' lang='lat'><strong>:</strong></span> <span class='ocrx_word' id='word_1_370' title='bbox 2677 2318 2936 2386; x_wconf 83' lang='lat' dir='ltr'><strong>apostolis</strong></span> <span class='ocrx_word' id='word_1_371' title='bbox 2969 2316 3151 2370; x_wconf 86' lang='lat' dir='ltr'><strong>nullus</strong></span> <span class='ocrx_word' id='word_1_372' title='bbox 3180 2327 3265 2370; x_wconf 85' lang='lat' dir='ltr'><strong>est</strong></span> <span class='ocrx_word' id='word_1_373' title='bbox 3291 2316 3487 2370; x_wconf 86' lang='lat' dir='ltr'><strong>celsior</strong></span> <span class='ocrx_word' id='word_1_374' title='bbox 3518 2318 3622 2370; x_wconf 88' lang='lat' dir='ltr'><strong>ﬁde</strong></span> 
     </span>
    </p>
   </div>
   <div class='ocr_carea' id='block_1_52' title="bbox 2036 2407 3623 2479">
    <p class='ocr_par' dir='ltr' id='par_1_52' title="bbox 2036 2407 3623 2479">
     <span class='ocr_line' id='line_1_52' title="bbox 2036 2407 3623 2479; baseline -0.001 -15"><span class='ocrx_word' id='word_1_375' title='bbox 2036 2422 2130 2465; x_wconf 89' lang='lat' dir='ltr'><strong>aut</strong></span> <span class='ocrx_word' id='word_1_376' title='bbox 2189 2410 2603 2465; x_wconf 78' lang='lat' dir='ltr'><strong>conversatione</strong></span> <span class='ocrx_word' id='word_1_377' title='bbox 2651 2411 2796 2462; x_wconf 85' lang='lat' dir='ltr'><strong>inter</strong></span> <span class='ocrx_word' id='word_1_378' title='bbox 2830 2424 2947 2470; x_wconf 84' lang='lat' dir='ltr'><strong>eos,</strong></span> <span class='ocrx_word' id='word_1_379' title='bbox 2986 2409 3079 2477; x_wconf 85' lang='lat' dir='ltr'><strong>qui</strong></span> <span class='ocrx_word' id='word_1_380' title='bbox 3116 2409 3317 2464; x_wconf 79' lang='lat' dir='ltr'><strong>Christi</strong></span> <span class='ocrx_word' id='word_1_381' title='bbox 3382 2407 3623 2479; x_wconf 75' lang='lat' dir='ltr'><strong>Evange-</strong></span> 
     </span>
    </p>
   </div>
   <div class='ocr_carea' id='block_1_53' title="bbox 2037 2496 3621 2568">
    <p class='ocr_par' dir='ltr' id='par_1_53' title="bbox 2037 2496 3621 2568">
     <span class='ocr_line' id='line_1_53' title="bbox 2037 2496 3621 2568; baseline -0.001 -15"><span class='ocrx_word' id='word_1_382' title='bbox 2037 2501 2164 2554; x_wconf 92' lang='lat' dir='ltr'><strong>limn</strong></span> <span class='ocrx_word' id='word_1_383' title='bbox 2193 2508 2319 2555; x_wconf 89' lang='lat' dir='ltr'><strong>sunt</strong></span> <span class='ocrx_word' id='word_1_384' title='bbox 2342 2498 2514 2555; x_wconf 87' lang='lat' dir='ltr'><strong>secuti</strong></span> <span class='ocrx_word' id='word_1_385' title='bbox 2540 2538 2554 2562; x_wconf 94' lang='lat'><strong>,</strong></span> <span class='ocrx_word' id='word_1_386' title='bbox 2583 2499 2676 2552; x_wconf 90' lang='lat' dir='ltr'><strong>sed</strong></span> <span class='ocrx_word' id='word_1_387' title='bbox 2710 2514 2885 2568; x_wconf 83' lang='lat' dir='ltr'><strong>neque</strong></span> <span class='ocrx_word' id='word_1_388' title='bbox 2913 2496 3124 2552; x_wconf 81' lang='lat' dir='ltr'><strong>Joanne</strong></span> <span class='ocrx_word' id='word_1_389' title='bbox 3159 2496 3420 2564; x_wconf 84' lang='lat' dir='ltr'><strong>Baptista.</strong></span> <span class='ocrx_word' id='word_1_390' title='bbox 3459 2498 3621 2552; x_wconf 80' lang='lat' dir='ltr'><strong>Putas</strong></span> 
     </span>
    </p>
   </div>
   <div class='ocr_carea' id='block_1_54' title="bbox 2035 2591 3622 2663">
    <p class='ocr_par' dir='ltr' id='par_1_54' title="bbox 2035 2591 3622 2663">
     <span class='ocr_line' id='line_1_54' title="bbox 2035 2591 3622 2663; baseline -0.003 -15"><span class='ocrx_word' id='word_1_391' title='bbox 2035 2608 2166 2663; x_wconf 77' lang='lat' dir='ltr'><strong>ergo</strong></span> <span class='ocrx_word' id='word_1_392' title='bbox 2220 2592 2363 2661; x_wconf 89' lang='lat' dir='ltr'><strong>quod</strong></span> <span class='ocrx_word' id='word_1_393' title='bbox 2414 2591 2494 2656; x_wconf 90' lang='lat' dir='ltr'><strong>hi,</strong></span> <span class='ocrx_word' id='word_1_394' title='bbox 2521 2605 2660 2661; x_wconf 86' lang='lat' dir='ltr'><strong>quos</strong></span> <span class='ocrx_word' id='word_1_395' title='bbox 2715 2591 3007 2660; x_wconf 77' lang='lat' dir='ltr'><strong>contigerit</strong></span> <span class='ocrx_word' id='word_1_396' title='bbox 3049 2591 3190 2644; x_wconf 75' lang='lat' dir='ltr'><strong>circa</strong></span> <span class='ocrx_word' id='word_1_397' title='bbox 3246 2591 3409 2645; x_wconf 84' lang='lat' dir='ltr'><strong>ﬁnem</strong></span> <span class='ocrx_word' id='word_1_398' title='bbox 3463 2608 3622 2644; x_wconf 88' lang='lat' dir='ltr'><strong>mun-</strong></span> 
     </span>
    </p>
   </div>
   <div class='ocr_carea' id='block_1_55' title="bbox 2037 2683 3614 2752">
    <p class='ocr_par' dir='ltr' id='par_1_55' title="bbox 2037 2683 3614 2752">
     <span class='ocr_line' id='line_1_55' title="bbox 2037 2683 3614 2752; baseline -0.001 -13"><span class='ocrx_word' id='word_1_399' title='bbox 2037 2687 2087 2739; x_wconf 90' lang='lat' dir='ltr'><strong>di</strong></span> <span class='ocrx_word' id='word_1_400' title='bbox 2149 2685 2494 2746; x_wconf 87' lang='lat' dir='ltr'><strong>consistere,</strong></span> <span class='ocrx_word' id='word_1_401' title='bbox 2536 2695 2590 2736; x_wconf 90' lang='lat' dir='ltr'><strong>ct</strong></span> <span class='ocrx_word' id='word_1_402' title='bbox 2646 2683 2881 2736; x_wconf 90' lang='lat' dir='ltr'><strong>viderint</strong></span> <span class='ocrx_word' id='word_1_403' title='bbox 2932 2683 3227 2737; x_wconf 69' lang='lat' dir='ltr'><strong>secundum</strong></span> <span class='ocrx_word' id='word_1_404' title='bbox 3296 2695 3352 2737; x_wconf 88' lang='lat' dir='ltr'><strong>et</strong></span> <span class='ocrx_word' id='word_1_405' title='bbox 3411 2683 3614 2752; x_wconf 78' lang='lat' dir='ltr'><strong>glorio-</strong></span> 
     </span>
    </p>
   </div>
   <div class='ocr_carea' id='block_1_56' title="bbox 2036 2771 3623 2845">
    <p class='ocr_par' dir='ltr' id='par_1_56' title="bbox 2036 2771 3623 2845">
     <span class='ocr_line' id='line_1_56' title="bbox 2036 2771 3623 2845; baseline -0.004 -13"><span class='ocrx_word' id='word_1_406' title='bbox 2036 2793 2152 2832; x_wconf 89' lang='lat' dir='ltr'><strong>sam</strong></span> <span class='ocrx_word' id='word_1_407' title='bbox 2192 2775 2394 2832; x_wconf 89' lang='lat' dir='ltr'><strong>Christi</strong></span> <span class='ocrx_word' id='word_1_408' title='bbox 2432 2775 2796 2845; x_wconf 73' lang='lat' dir='ltr'><strong>pra~sentiam,</strong></span> <span class='ocrx_word' id='word_1_409' title='bbox 2836 2775 3108 2829; x_wconf 77' lang='lat' dir='ltr'><strong>beatiores</strong></span> <span class='ocrx_word' id='word_1_410' title='bbox 3166 2783 3323 2827; x_wconf 86' lang='lat' dir='ltr'><strong>erunt</strong></span> <span class='ocrx_word' id='word_1_411' title='bbox 3383 2771 3623 2843; x_wconf 83' lang='lat' dir='ltr'><strong>Baptista</strong></span> 
     </span>
    </p>
   </div>
   <div class='ocr_carea' id='block_1_57' title="bbox 2037 2865 3624 2938">
    <p class='ocr_par' dir='ltr' id='par_1_57' title="bbox 2037 2865 3624 2938">
     <span class='ocr_line' id='line_1_57' title="bbox 2037 2865 3624 2938; baseline -0.002 -15"><span class='ocrx_word' id='word_1_412' title='bbox 2037 2881 2087 2923; x_wconf 91' lang='lat' dir='ltr'><strong>et</strong></span> <span class='ocrx_word' id='word_1_413' title='bbox 2118 2870 2324 2924; x_wconf 86' lang='lat' dir='ltr'><strong>sanctis</strong></span> <span class='ocrx_word' id='word_1_414' title='bbox 2359 2868 2650 2938; x_wconf 88' lang='lat' dir='ltr'><strong>apostolis?</strong></span> <span class='ocrx_word' id='word_1_415' title='bbox 2692 2868 2886 2922; x_wconf 82' lang='lat' dir='ltr'><strong>Absit!</strong></span> <span class='ocrx_word' id='word_1_416' title='bbox 2945 2865 3122 2920; x_wconf 89' lang='lat' dir='ltr'><strong>nullus</strong></span> <span class='ocrx_word' id='word_1_417' title='bbox 3147 2867 3290 2920; x_wconf 88' lang='lat' dir='ltr'><strong>enim</strong></span> <span class='ocrx_word' id='word_1_418' title='bbox 3325 2867 3404 2919; x_wconf 89' lang='lat' dir='ltr'><strong>sic</strong></span> <span class='ocrx_word' id='word_1_419' title='bbox 3461 2866 3624 2920; x_wconf 82' lang='lat' dir='ltr'><strong>hebes</strong></span> 
     </span>
    </p>
   </div>
   <div class='ocr_carea' id='block_1_58' title="bbox 2037 2959 3623 3032">
    <p class='ocr_par' dir='ltr' id='par_1_58' title="bbox 2037 2959 3623 3032">
     <span class='ocr_line' id='line_1_58' title="bbox 2037 2959 3623 3032; baseline -0.003 -16"><span class='ocrx_word' id='word_1_420' title='bbox 2037 2973 2142 3025; x_wconf 85' lang='lat' dir='ltr'><strong>est,</strong></span> <span class='ocrx_word' id='word_1_421' title='bbox 2173 2963 2438 3032; x_wconf 67' lang='lat' dir='ltr'><strong>praecipue</strong></span> <span class='ocrx_word' id='word_1_422' title='bbox 2461 2976 2583 3015; x_wconf 91' lang='lat' dir='ltr'><strong>cum</strong></span> <span class='ocrx_word' id='word_1_423' title='bbox 2609 2963 2679 3014; x_wconf 76' lang='lat' dir='ltr'><strong>sit</strong></span> <span class='ocrx_word' id='word_1_424' title='bbox 2713 2961 2918 3014; x_wconf 89' lang='lat' dir='ltr'><strong>dictum</strong></span> <span class='ocrx_word' id='word_1_425' title='bbox 2944 3000 2958 3021; x_wconf 94' lang='lat'><strong>,</strong></span> <span class='ocrx_word' id='word_1_426' title='bbox 2986 2962 3130 3028; x_wconf 89' lang='lat' dir='ltr'><strong>quod</strong></span> <span class='ocrx_word' id='word_1_427' title='bbox 3155 2959 3332 3014; x_wconf 87' lang='lat' dir='ltr'><strong>nullus</strong></span> <span class='ocrx_word' id='word_1_428' title='bbox 3359 2961 3410 3013; x_wconf 87' lang='lat' dir='ltr'><strong>in</strong></span> <span class='ocrx_word' id='word_1_429' title='bbox 3432 2960 3623 3012; x_wconf 87' lang='lat' dir='ltr'><strong>huma-</strong></span> 
     </span>
    </p>
   </div>
   <div class='ocr_carea' id='block_1_59' title="bbox 2046 3049 3623 3125">
    <p class='ocr_par' dir='ltr' id='par_1_59' title="bbox 2046 3049 3623 3125">
     <span class='ocr_line' id='line_1_59' title="bbox 2046 3049 3623 3125; baseline -0.003 -17"><span class='ocrx_word' id='word_1_430' title='bbox 2046 3071 2118 3109; x_wconf 93' lang='lat' dir='ltr'><strong>no</strong></span> <span class='ocrx_word' id='word_1_431' title='bbox 2161 3069 2360 3125; x_wconf 76' lang='lat' dir='ltr'><strong>genere</strong></span> <span class='ocrx_word' id='word_1_432' title='bbox 2390 3054 2568 3123; x_wconf 85' lang='lat' dir='ltr'><strong>major</strong></span> <span class='ocrx_word' id='word_1_433' title='bbox 2595 3054 2665 3108; x_wconf 90' lang='lat' dir='ltr'><strong>sit</strong></span> <span class='ocrx_word' id='word_1_434' title='bbox 2705 3052 2949 3120; x_wconf 79' lang='lat' dir='ltr'><strong>Baptista</strong></span> <span class='ocrx_word' id='word_1_435' title='bbox 2983 3049 3211 3106; x_wconf 74' lang='lat' dir='ltr'><strong>Joanne.</strong></span> <span class='ocrx_word' id='word_1_436' title='bbox 3243 3051 3414 3122; x_wconf 77' lang='lat' dir='ltr'><strong>Igitur</strong></span> <span class='ocrx_word' id='word_1_437' title='bbox 3440 3051 3482 3106; x_wconf 87' lang='lat' dir='ltr'><strong>si</strong></span> <span class='ocrx_word' id='word_1_438' title='bbox 3514 3066 3623 3105; x_wconf 88' lang='lat' dir='ltr'><strong>non</strong></span> 
     </span>
    </p>
   </div>
   <div class='ocr_carea' id='block_1_60' title="bbox 416 3144 3625 3244">
    <p class='ocr_par' dir='ltr' id='par_1_60' title="bbox 416 3144 3625 3244">
     <span class='ocr_line' id='line_1_60' title="bbox 416 3144 3625 3244; baseline 0.002 -50"><span class='ocrx_word' id='word_1_439' title='bbox 416 3144 684 3208; x_wconf 87' lang='lat' dir='ltr'><strong>Quoniam</strong></span> <span class='ocrx_word' id='word_1_440' title='bbox 737 3145 955 3210; x_wconf 85' lang='lat' dir='ltr'><strong>quidam</strong></span> <span class='ocrx_word' id='word_1_441' title='bbox 1011 3147 1276 3199; x_wconf 85' lang='lat' dir='ltr'><strong>minorem</strong></span> <span class='ocrx_word' id='word_1_442' title='bbox 1330 3157 1582 3200; x_wconf 85' lang='lat' dir='ltr'><strong>asserunt</strong></span> <span class='ocrx_word' id='word_1_443' title='bbox 1616 3146 1934 3215; x_wconf 87' lang='lat' dir='ltr'><strong>promissiu-</strong></span> <span class='ocrx_word' id='word_1_444' title='bbox 1963 3185 2008 3244; x_wconf 67' lang='grc' dir='ltr'><strong>Ο</strong></span> <span class='ocrx_word' id='word_1_445' title='bbox 2041 3149 2403 3211; x_wconf 80' lang='lat' dir='ltr'><strong>minorantnr,</strong></span> <span class='ocrx_word' id='word_1_446' title='bbox 2431 3147 2521 3216; x_wconf 87' lang='lat' dir='ltr'><strong>qtti</strong></span> <span class='ocrx_word' id='word_1_447' title='bbox 2589 3162 2698 3200; x_wconf 90' lang='lat' dir='ltr'><strong>non</strong></span> <span class='ocrx_word' id='word_1_448' title='bbox 2737 3146 2970 3199; x_wconf 82' lang='lat' dir='ltr'><strong>viderint</strong></span> <span class='ocrx_word' id='word_1_449' title='bbox 3016 3145 3366 3210; x_wconf 83' lang='lat' dir='ltr'><strong>sensibiliter,</strong></span> <span class='ocrx_word' id='word_1_450' title='bbox 3395 3148 3488 3199; x_wconf 81' lang='lat' dir='ltr'><strong>sed</strong></span> <span class='ocrx_word' id='word_1_451' title='bbox 3536 3161 3625 3200; x_wconf 85' lang='lat' dir='ltr'><strong>se-</strong></span> 
     </span>
    </p>
   </div>
   <div class='ocr_carea' id='block_1_61' title="bbox 335 3237 1928 3305">
    <p class='ocr_par' dir='ltr' id='par_1_61' title="bbox 335 3237 1928 3305">
     <span class='ocr_line' id='line_1_61' title="bbox 335 3237 1928 3305; baseline 0.001 -15"><span class='ocrx_word' id='word_1_452' title='bbox 335 3251 468 3290; x_wconf 80' lang='lat' dir='ltr'><strong>nem</strong></span> <span class='ocrx_word' id='word_1_453' title='bbox 522 3245 576 3288; x_wconf 89' lang='lat' dir='ltr'><strong>et</strong></span> <span class='ocrx_word' id='word_1_454' title='bbox 623 3237 851 3290; x_wconf 89' lang='lat' dir='ltr'><strong>salutem</strong></span> <span class='ocrx_word' id='word_1_455' title='bbox 906 3248 1244 3300; x_wconf 88' lang='lat' dir='ltr'><strong>sanctorum,</strong></span> <span class='ocrx_word' id='word_1_456' title='bbox 1299 3237 1391 3305; x_wconf 88' lang='lat' dir='ltr'><strong>qni</strong></span> <span class='ocrx_word' id='word_1_457' title='bbox 1457 3248 1583 3291; x_wconf 87' lang='lat' dir='ltr'><strong>ante</strong></span> <span class='ocrx_word' id='word_1_458' title='bbox 1637 3238 1928 3291; x_wconf 73' lang='lat' dir='ltr'><strong>adventum</strong></span> 
     </span>
    </p>
   </div>
   <div class='ocr_carea' id='block_1_62' title="bbox 336 3323 1930 3394">
    <p class='ocr_par' dir='ltr' id='par_1_62' title="bbox 336 3323 1930 3394">
     <span class='ocr_line' id='line_1_62' title="bbox 336 3323 1930 3394; baseline 0 -15"><span class='ocrx_word' id='word_1_459' title='bbox 336 3323 653 3379; x_wconf 82' lang='lat' dir='ltr'><strong>Satvatoris</strong></span> <span class='ocrx_word' id='word_1_460' title='bbox 703 3323 945 3386; x_wconf 80' lang='lat' dir='ltr'><strong>fuerunt,</strong></span> <span class='ocrx_word' id='word_1_461' title='bbox 981 3323 1360 3378; x_wconf 76' lang='lat' dir='ltr'><strong>existimantes</strong></span> <span class='ocrx_word' id='word_1_462' title='bbox 1410 3325 1530 3394; x_wconf 89' lang='lat' dir='ltr'><strong>plus</strong></span> <span class='ocrx_word' id='word_1_463' title='bbox 1579 3325 1781 3394; x_wconf 90' lang='lat' dir='ltr'><strong>aliquid</strong></span> <span class='ocrx_word' id='word_1_464' title='bbox 1833 3327 1930 3379; x_wconf 86' lang='lat' dir='ltr'><strong>ha-</strong></span> 
     </span>
    </p>
   </div>
   <div class='ocr_carea' id='block_1_63' title="bbox 335 3415 1929 3488">
    <p class='ocr_par' dir='ltr' id='par_1_63' title="bbox 335 3415 1929 3488">
     <span class='ocr_line' id='line_1_63' title="bbox 335 3415 1929 3488; baseline -0.001 -15"><span class='ocrx_word' id='word_1_465' title='bbox 335 3418 524 3473; x_wconf 83' lang='lat' dir='ltr'><strong>Imissc</strong></span> <span class='ocrx_word' id='word_1_466' title='bbox 558 3417 920 3488; x_wconf 83' lang='lat' dir='ltr'><strong>posteriores,</strong></span> <span class='ocrx_word' id='word_1_467' title='bbox 949 3431 1014 3470; x_wconf 92' lang='lat' dir='ltr'><strong>co</strong></span> <span class='ocrx_word' id='word_1_468' title='bbox 1047 3415 1191 3486; x_wconf 91' lang='lat' dir='ltr'><strong>quod</strong></span> <span class='ocrx_word' id='word_1_469' title='bbox 1248 3418 1498 3470; x_wconf 88' lang='lat' dir='ltr'><strong>viderunt</strong></span> <span class='ocrx_word' id='word_1_470' title='bbox 1541 3415 1726 3471; x_wconf 81' lang='lat' dir='ltr'><strong>Jesnm</strong></span> <span class='ocrx_word' id='word_1_471' title='bbox 1752 3419 1929 3472; x_wconf 87' lang='lat' dir='ltr'><strong>sensi-</strong></span> 
     </span>
    </p>
   </div>
   <div class='ocr_carea' id='block_1_64' title="bbox 341 3508 1934 3579">
    <p class='ocr_par' dir='ltr' id='par_1_64' title="bbox 341 3508 1934 3579">
     <span class='ocr_line' id='line_1_64' title="bbox 341 3508 1934 3579; baseline -0.001 -13"><span class='ocrx_word' id='word_1_472' title='bbox 341 3511 563 3576; x_wconf 85' lang='lat' dir='ltr'><strong>biliter,</strong></span> <span class='ocrx_word' id='word_1_473' title='bbox 626 3511 792 3564; x_wconf 88' lang='lat' dir='ltr'><strong>etiam</strong></span> <span class='ocrx_word' id='word_1_474' title='bbox 853 3510 1004 3579; x_wconf 78' lang='lat' dir='ltr'><strong>signa</strong></span> <span class='ocrx_word' id='word_1_475' title='bbox 1062 3508 1227 3564; x_wconf 91' lang='lat' dir='ltr'><strong>abeo</strong></span> <span class='ocrx_word' id='word_1_476' title='bbox 1260 3509 1614 3579; x_wconf 88' lang='lat' dir='ltr'><strong>corporaliter</strong></span> <span class='ocrx_word' id='word_1_477' title='bbox 1646 3508 1819 3572; x_wconf 76' lang='lat' dir='ltr'><strong>facta,</strong></span> <span class='ocrx_word' id='word_1_478' title='bbox 1878 3518 1934 3564; x_wconf 88' lang='lat' dir='ltr'><strong>et</strong></span> 
     </span>
    </p>
   </div>
   <div class='ocr_carea' id='block_1_65' title="bbox 341 3601 1933 3671">
    <p class='ocr_par' dir='ltr' id='par_1_65' title="bbox 341 3601 1933 3671">
     <span class='ocr_line' id='line_1_65' title="bbox 341 3601 1933 3671; baseline -0.001 -13"><span class='ocrx_word' id='word_1_479' title='bbox 341 3605 651 3658; x_wconf 86' lang='lat' dir='ltr'><strong>doctrinam</strong></span> <span class='ocrx_word' id='word_1_480' title='bbox 685 3603 805 3671; x_wconf 87' lang='lat' dir='ltr'><strong>ejus</strong></span> <span class='ocrx_word' id='word_1_481' title='bbox 849 3602 1178 3667; x_wconf 89' lang='lat' dir='ltr'><strong>audierunt,</strong></span> <span class='ocrx_word' id='word_1_482' title='bbox 1235 3601 1628 3657; x_wconf 80' lang='lat' dir='ltr'><strong>ostendendum</strong></span> <span class='ocrx_word' id='word_1_483' title='bbox 1660 3614 1763 3670; x_wconf 81' lang='lat' dir='ltr'><strong>est,</strong></span> <span class='ocrx_word' id='word_1_484' title='bbox 1799 3617 1933 3670; x_wconf 86' lang='lat' dir='ltr'><strong>quo-</strong></span> 
     </span>
    </p>
   </div>
   <div class='ocr_carea' id='block_1_66' title="bbox 345 3694 1933 3765">
    <p class='ocr_par' dir='ltr' id='par_1_66' title="bbox 345 3694 1933 3765">
     <span class='ocr_line' id='line_1_66' title="bbox 345 3694 1933 3765; baseline 0.001 -15"><span class='ocrx_word' id='word_1_485' title='bbox 345 3697 493 3750; x_wconf 86' lang='lat' dir='ltr'><strong>niam</strong></span> <span class='ocrx_word' id='word_1_486' title='bbox 538 3694 843 3763; x_wconf 90' lang='lat' dir='ltr'><strong>hujusmodi</strong></span> <span class='ocrx_word' id='word_1_487' title='bbox 878 3695 1064 3762; x_wconf 92' lang='lat' dir='ltr'><strong>opinio</strong></span> <span class='ocrx_word' id='word_1_488' title='bbox 1097 3694 1231 3750; x_wconf 86' lang='lat' dir='ltr'><strong>l&#39;alsa</strong></span> <span class='ocrx_word' id='word_1_489' title='bbox 1263 3711 1386 3751; x_wconf 85' lang='lat' dir='ltr'><strong>esse</strong></span> <span class='ocrx_word' id='word_1_490' title='bbox 1417 3696 1770 3765; x_wconf 75' lang='lat' dir='ltr'><strong>dignoscitur.</strong></span> <span class='ocrx_word' id='word_1_491' title='bbox 1815 3695 1933 3751; x_wconf 91' lang='lat' dir='ltr'><strong>Duo</strong></span> 
     </span>
    </p>
   </div>
   <div class='ocr_carea' id='block_1_67' title="bbox 343 3785 1931 3857">
    <p class='ocr_par' dir='ltr' id='par_1_67' title="bbox 343 3785 1931 3857">
     <span class='ocr_line' id='line_1_67' title="bbox 343 3785 1931 3857; baseline 0.001 -17"><span class='ocrx_word' id='word_1_492' title='bbox 343 3786 614 3840; x_wconf 87' lang='lat' dir='ltr'><strong>adventus</strong></span> <span class='ocrx_word' id='word_1_493' title='bbox 651 3785 1006 3840; x_wconf 86' lang='lat' dir='ltr'><strong>suntChristi</strong></span> <span class='ocrx_word' id='word_1_494' title='bbox 1048 3804 1062 3840; x_wconf 92' lang='lat'><strong>:</strong></span> <span class='ocrx_word' id='word_1_495' title='bbox 1117 3801 1254 3840; x_wconf 86' lang='lat' dir='ltr'><strong>unus</strong></span> <span class='ocrx_word' id='word_1_496' title='bbox 1301 3785 1521 3855; x_wconf 87' lang='lat' dir='ltr'><strong>quidem</strong></span> <span class='ocrx_word' id='word_1_497' title='bbox 1555 3787 1931 3857; x_wconf 77' lang='lat' dir='ltr'><strong>intelligihilis,</strong></span> 
     </span>
    </p>
   </div>
   <div class='ocr_carea' id='block_1_68' title="bbox 343 3876 1930 3948">
    <p class='ocr_par' dir='ltr' id='par_1_68' title="bbox 343 3876 1930 3948">
     <span class='ocr_line' id='line_1_68' title="bbox 343 3876 1930 3948; baseline -0.001 -16"><span class='ocrx_word' id='word_1_498' title='bbox 343 3876 646 3932; x_wconf 88' lang='lat' dir='ltr'><strong>secundum</strong></span> <span class='ocrx_word' id='word_1_499' title='bbox 674 3893 831 3945; x_wconf 84' lang='lat' dir='ltr'><strong>quem</strong></span> <span class='ocrx_word' id='word_1_500' title='bbox 859 3878 1123 3947; x_wconf 83' lang='lat' dir='ltr'><strong>recipitur</strong></span> <span class='ocrx_word' id='word_1_501' title='bbox 1164 3887 1420 3948; x_wconf 86' lang='lat' dir='ltr'><strong>tauquam</strong></span> <span class='ocrx_word' id='word_1_502' title='bbox 1469 3877 1611 3934; x_wconf 85' lang='lat' dir='ltr'><strong>Deus</strong></span> <span class='ocrx_word' id='word_1_503' title='bbox 1666 3882 1930 3946; x_wconf 86' lang='lat' dir='ltr'><strong>verbum;</strong></span> 
     </span>
    </p>
   </div>
   <div class='ocr_carea' id='block_1_69' title="bbox 343 3969 1932 4038">
    <p class='ocr_par' dir='ltr' id='par_1_69' title="bbox 343 3969 1932 4038">
     <span class='ocr_line' id='line_1_69' title="bbox 343 3969 1932 4038; baseline 0.001 -15"><span class='ocrx_word' id='word_1_504' title='bbox 343 3969 482 4023; x_wconf 88' lang='lat' dir='ltr'><strong>alter</strong></span> <span class='ocrx_word' id='word_1_505' title='bbox 537 3983 666 4024; x_wconf 87' lang='lat' dir='ltr'><strong>vero</strong></span> <span class='ocrx_word' id='word_1_506' title='bbox 715 3971 1009 4033; x_wconf 83' lang='lat' dir='ltr'><strong>sensibilis,</strong></span> <span class='ocrx_word' id='word_1_507' title='bbox 1075 3972 1373 4024; x_wconf 82' lang='lat' dir='ltr'><strong>secundum</strong></span> <span class='ocrx_word' id='word_1_508' title='bbox 1423 3985 1584 4038; x_wconf 89' lang='lat' dir='ltr'><strong>quem</strong></span> <span class='ocrx_word' id='word_1_509' title='bbox 1626 3970 1840 4024; x_wconf 60' lang='lat' dir='ltr'><strong>videtur</strong></span> <span class='ocrx_word' id='word_1_510' title='bbox 1867 3986 1932 4024; x_wconf 82' lang='lat' dir='ltr'><strong>ex</strong></span> 
     </span>
    </p>
   </div>
   <div class='ocr_carea' id='block_1_70' title="bbox 346 4057 1934 4130">
    <p class='ocr_par' dir='ltr' id='par_1_70' title="bbox 346 4057 1934 4130">
     <span class='ocr_line' id='line_1_70' title="bbox 346 4057 1934 4130; baseline 0.001 -18"><span class='ocrx_word' id='word_1_511' title='bbox 346 4057 514 4112; x_wconf 79' lang='lat' dir='ltr'><strong>Maria</strong></span> <span class='ocrx_word' id='word_1_512' title='bbox 555 4074 893 4128; x_wconf 80' lang='lat' dir='ltr'><strong>progressus.</strong></span> <span class='ocrx_word' id='word_1_513' title='bbox 929 4060 1037 4114; x_wconf 90' lang='lat' dir='ltr'><strong>Sed</strong></span> <span class='ocrx_word' id='word_1_514' title='bbox 1075 4059 1309 4114; x_wconf 90' lang='lat' dir='ltr'><strong>divinior</strong></span> <span class='ocrx_word' id='word_1_515' title='bbox 1351 4061 1703 4130; x_wconf 77' lang='lat' dir='ltr'><strong>intelligibilis</strong></span> <span class='ocrx_word' id='word_1_516' title='bbox 1727 4101 1741 4126; x_wconf 96' lang='lat'><strong>,</strong></span> <span class='ocrx_word' id='word_1_517' title='bbox 1773 4077 1934 4128; x_wconf 88' lang='lat' dir='ltr'><strong>quam</strong></span> 
     </span>
    </p>
   </div>
   <div class='ocr_carea' id='block_1_71' title="bbox 341 4150 1932 4221">
    <p class='ocr_par' dir='ltr' id='par_1_71' title="bbox 341 4150 1932 4221">
     <span class='ocr_line' id='line_1_71' title="bbox 341 4150 1932 4221; baseline 0 -16"><span class='ocrx_word' id='word_1_518' title='bbox 341 4150 640 4214; x_wconf 80' lang='lat' dir='ltr'><strong>sensibilis,</strong></span> <span class='ocrx_word' id='word_1_519' title='bbox 674 4152 765 4219; x_wconf 89' lang='lat' dir='ltr'><strong>qui</strong></span> <span class='ocrx_word' id='word_1_520' title='bbox 803 4152 966 4205; x_wconf 87' lang='lat' dir='ltr'><strong>etiam</strong></span> <span class='ocrx_word' id='word_1_521' title='bbox 1000 4151 1183 4221; x_wconf 90' lang='lat' dir='ltr'><strong>pravis</strong></span> <span class='ocrx_word' id='word_1_522' title='bbox 1210 4151 1519 4206; x_wconf 88' lang='lat' dir='ltr'><strong>hominibus</strong></span> <span class='ocrx_word' id='word_1_523' title='bbox 1564 4160 1647 4205; x_wconf 88' lang='lat' dir='ltr'><strong>est</strong></span> <span class='ocrx_word' id='word_1_524' title='bbox 1683 4151 1932 4205; x_wconf 88' lang='lat' dir='ltr'><strong>collatus.</strong></span> 
     </span>
    </p>
   </div>
   <div class='ocr_carea' id='block_1_72' title="bbox 344 4241 1934 4314">
    <p class='ocr_par' dir='ltr' id='par_1_72' title="bbox 344 4241 1934 4314">
     <span class='ocr_line' id='line_1_72' title="bbox 344 4241 1934 4314; baseline 0 -16"><span class='ocrx_word' id='word_1_525' title='bbox 344 4241 612 4298; x_wconf 87' lang='lat' dir='ltr'><strong>Omnibus</strong></span> <span class='ocrx_word' id='word_1_526' title='bbox 653 4243 835 4313; x_wconf 88' lang='lat' dir='ltr'><strong>itaque</strong></span> <span class='ocrx_word' id='word_1_527' title='bbox 883 4245 1112 4308; x_wconf 84' lang='lat' dir='ltr'><strong>sanctis,</strong></span> <span class='ocrx_word' id='word_1_528' title='bbox 1163 4246 1252 4314; x_wconf 92' lang='lat' dir='ltr'><strong>qui</strong></span> <span class='ocrx_word' id='word_1_529' title='bbox 1298 4256 1420 4312; x_wconf 88' lang='lat' dir='ltr'><strong>post</strong></span> <span class='ocrx_word' id='word_1_530' title='bbox 1469 4245 1758 4300; x_wconf 86' lang='lat' dir='ltr'><strong>adventum</strong></span> <span class='ocrx_word' id='word_1_531' title='bbox 1816 4242 1934 4298; x_wconf 79' lang='lat' dir='ltr'><strong>fuc-</strong></span> 
     </span>
    </p>
   </div>
   <div class='ocr_carea' id='block_1_73' title="bbox 348 4338 1936 4408">
    <p class='ocr_par' dir='ltr' id='par_1_73' title="bbox 348 4338 1936 4408">
     <span class='ocr_line' id='line_1_73' title="bbox 348 4338 1936 4408; baseline 0.003 -19"><span class='ocrx_word' id='word_1_532' title='bbox 348 4345 492 4399; x_wconf 85' lang='lat' dir='ltr'><strong>t&#39;uttt,</strong></span> <span class='ocrx_word' id='word_1_533' title='bbox 550 4345 603 4389; x_wconf 87' lang='lat' dir='ltr'><strong>et</strong></span> <span class='ocrx_word' id='word_1_534' title='bbox 653 4347 779 4391; x_wconf 83' lang='lat' dir='ltr'><strong>ante</strong></span> <span class='ocrx_word' id='word_1_535' title='bbox 826 4339 1145 4405; x_wconf 79' lang='lat' dir='ltr'><strong>adventum,</strong></span> <span class='ocrx_word' id='word_1_536' title='bbox 1200 4338 1612 4408; x_wconf 59' lang='lat' dir='ltr'><strong>itttelligibiliter</strong></span> <span class='ocrx_word' id='word_1_537' title='bbox 1642 4338 1936 4393; x_wconf 77' lang='lat' dir='ltr'><strong>adveniens</strong></span> 
     </span>
    </p>
   </div>
   <div class='ocr_carea' id='block_1_74' title="bbox 350 4425 1931 4496">
    <p class='ocr_par' dir='ltr' id='par_1_74' title="bbox 350 4425 1931 4496">
     <span class='ocr_line' id='line_1_74' title="bbox 350 4425 1931 4496; baseline 0.001 -17"><span class='ocrx_word' id='word_1_538' title='bbox 350 4425 439 4479; x_wconf 84' lang='lat' dir='ltr'><strong>Dci</strong></span> <span class='ocrx_word' id='word_1_539' title='bbox 475 4426 720 4489; x_wconf 88' lang='lat' dir='ltr'><strong>verhmn,</strong></span> <span class='ocrx_word' id='word_1_540' title='bbox 775 4429 1125 4495; x_wconf 91' lang='lat' dir='ltr'><strong>proportione</strong></span> <span class='ocrx_word' id='word_1_541' title='bbox 1181 4438 1423 4492; x_wconf 86' lang='lat' dir='ltr'><strong>actuum,</strong></span> <span class='ocrx_word' id='word_1_542' title='bbox 1467 4443 1603 4496; x_wconf 87' lang='lat' dir='ltr'><strong>quos</strong></span> <span class='ocrx_word' id='word_1_543' title='bbox 1638 4429 1931 4496; x_wconf 84' lang='lat' dir='ltr'><strong>unusquis-</strong></span> 
     </span>
    </p>
   </div>
   <div class='ocr_carea' id='block_1_75' title="bbox 2041 3234 3623 3306">
    <p class='ocr_par' dir='ltr' id='par_1_75' title="bbox 2041 3234 3623 3306">
     <span class='ocr_line' id='line_1_75' title="bbox 2041 3234 3623 3306; baseline -0.003 -16"><span class='ocrx_word' id='word_1_544' title='bbox 2041 3240 2277 3292; x_wconf 90' lang='lat' dir='ltr'><strong>cundum</strong></span> <span class='ocrx_word' id='word_1_545' title='bbox 2311 3242 2688 3306; x_wconf 64' lang='lat' dir='ltr'><strong>praesentiam,</strong></span> <span class='ocrx_word' id='word_1_546' title='bbox 2726 3234 2794 3289; x_wconf 88' lang='lat' dir='ltr'><strong>ab</strong></span> <span class='ocrx_word' id='word_1_547' title='bbox 2824 3234 2931 3288; x_wconf 85' lang='lat' dir='ltr'><strong>illis</strong></span> <span class='ocrx_word' id='word_1_548' title='bbox 2962 3234 3054 3304; x_wconf 90' lang='lat' dir='ltr'><strong>qui</strong></span> <span class='ocrx_word' id='word_1_549' title='bbox 3081 3249 3202 3287; x_wconf 86' lang='lat' dir='ltr'><strong>eam</strong></span> <span class='ocrx_word' id='word_1_550' title='bbox 3248 3235 3416 3288; x_wconf 79' lang='lat' dir='ltr'><strong>visuri</strong></span> <span class='ocrx_word' id='word_1_551' title='bbox 3461 3243 3623 3295; x_wconf 90' lang='lat' dir='ltr'><strong>sunt,</strong></span> 
     </span>
    </p>
   </div>
   <div class='ocr_carea' id='block_1_76' title="bbox 2041 3326 3626 3398">
    <p class='ocr_par' dir='ltr' id='par_1_76' title="bbox 2041 3326 3626 3398">
     <span class='ocr_line' id='line_1_76' title="bbox 2041 3326 3626 3398; baseline -0.001 -16"><span class='ocrx_word' id='word_1_552' title='bbox 2041 3344 2218 3398; x_wconf 87' lang='lat' dir='ltr'><strong>neque</strong></span> <span class='ocrx_word' id='word_1_553' title='bbox 2267 3330 2506 3382; x_wconf 77' lang='lat' dir='ltr'><strong>minores</strong></span> <span class='ocrx_word' id='word_1_554' title='bbox 2550 3336 2711 3382; x_wconf 89' lang='lat' dir='ltr'><strong>erunt</strong></span> <span class='ocrx_word' id='word_1_555' title='bbox 2745 3343 2957 3389; x_wconf 86' lang='lat' dir='ltr'><strong>eorum,</strong></span> <span class='ocrx_word' id='word_1_556' title='bbox 3009 3326 3101 3393; x_wconf 90' lang='lat' dir='ltr'><strong>qui</strong></span> <span class='ocrx_word' id='word_1_557' title='bbox 3153 3327 3490 3382; x_wconf 88' lang='lat' dir='ltr'><strong>sensibiliter</strong></span> <span class='ocrx_word' id='word_1_558' title='bbox 3540 3341 3626 3380; x_wconf 82' lang='lat' dir='ltr'><strong>se—</strong></span> 
     </span>
    </p>
   </div>
   <div class='ocr_carea' id='block_1_77' title="bbox 2041 3418 3626 3489">
    <p class='ocr_par' dir='ltr' id='par_1_77' title="bbox 2041 3418 3626 3489">
     <span class='ocr_line' id='line_1_77' title="bbox 2041 3418 3626 3489; baseline -0.001 -15"><span class='ocrx_word' id='word_1_559' title='bbox 2041 3422 2276 3475; x_wconf 91' lang='lat' dir='ltr'><strong>cundum</strong></span> <span class='ocrx_word' id='word_1_560' title='bbox 2318 3419 2670 3489; x_wconf 77' lang='lat' dir='ltr'><strong>Evangelium</strong></span> <span class='ocrx_word' id='word_1_561' title='bbox 2719 3420 3175 3485; x_wconf 84' lang='lat' dir='ltr'><strong>dispensationem</strong></span> <span class='ocrx_word' id='word_1_562' title='bbox 3219 3418 3420 3473; x_wconf 86' lang='lat' dir='ltr'><strong>Christi</strong></span> <span class='ocrx_word' id='word_1_563' title='bbox 3471 3420 3626 3472; x_wconf 83' lang='lat' dir='ltr'><strong>vide-</strong></span> 
     </span>
    </p>
   </div>
   <div class='ocr_carea' id='block_1_78' title="bbox 2042 3507 3626 3576">
    <p class='ocr_par' dir='ltr' id='par_1_78' title="bbox 2042 3507 3626 3576">
     <span class='ocr_line' id='line_1_78' title="bbox 2042 3507 3626 3576; baseline 0 -13"><span class='ocrx_word' id='word_1_564' title='bbox 2042 3521 2170 3564; x_wconf 89' lang='lat' dir='ltr'><strong>runt</strong></span> <span class='ocrx_word' id='word_1_565' title='bbox 2205 3526 2219 3563; x_wconf 88' lang='lat'><strong>:</strong></span> <span class='ocrx_word' id='word_1_566' title='bbox 2255 3507 2562 3563; x_wconf 87' lang='lat' dir='ltr'><strong>necessario</strong></span> <span class='ocrx_word' id='word_1_567' title='bbox 2586 3507 2852 3576; x_wconf 84' lang='lat' dir='ltr'><strong>siquidem</strong></span> <span class='ocrx_word' id='word_1_568' title='bbox 2888 3507 3004 3559; x_wconf 58' lang='lat' dir='ltr'><strong>haec</strong></span> <span class='ocrx_word' id='word_1_569' title='bbox 3037 3507 3271 3559; x_wconf 75' lang='lat' dir='ltr'><strong>diximus</strong></span> <span class='ocrx_word' id='word_1_570' title='bbox 3297 3518 3514 3576; x_wconf 88' lang='lat' dir='ltr'><strong>propter</strong></span> <span class='ocrx_word' id='word_1_571' title='bbox 3531 3523 3626 3563; x_wconf 87' lang='lat' dir='ltr'><strong>eos</strong></span> 
     </span>
    </p>
   </div>
   <div class='ocr_carea' id='block_1_79' title="bbox 2041 3597 3626 3670">
    <p class='ocr_par' dir='ltr' id='par_1_79' title="bbox 2041 3597 3626 3670">
     <span class='ocr_line' id='line_1_79' title="bbox 2041 3597 3626 3670; baseline -0.001 -15"><span class='ocrx_word' id='word_1_572' title='bbox 2041 3600 2130 3670; x_wconf 83' lang='lat' dir='ltr'><strong>qui</strong></span> <span class='ocrx_word' id='word_1_573' title='bbox 2193 3600 2432 3654; x_wconf 87' lang='lat' dir='ltr'><strong>minores</strong></span> <span class='ocrx_word' id='word_1_574' title='bbox 2494 3598 2702 3651; x_wconf 79' lang='lat' dir='ltr'><strong>faciunt</strong></span> <span class='ocrx_word' id='word_1_575' title='bbox 2758 3599 2965 3667; x_wconf 84' lang='lat' dir='ltr'><strong>priscos</strong></span> <span class='ocrx_word' id='word_1_576' title='bbox 3023 3599 3279 3666; x_wconf 79' lang='lat' dir='ltr'><strong>p05teris.</strong></span> <span class='ocrx_word' id='word_1_577' title='bbox 3316 3597 3467 3651; x_wconf 85' lang='lat' dir='ltr'><strong>Multi</strong></span> <span class='ocrx_word' id='word_1_578' title='bbox 3499 3610 3626 3654; x_wconf 89' lang='lat' dir='ltr'><strong>sunt</strong></span> 
     </span>
    </p>
   </div>
   <div class='ocr_carea' id='block_1_80' title="bbox 2041 3690 3624 3758">
    <p class='ocr_par' dir='ltr' id='par_1_80' title="bbox 2041 3690 3624 3758">
     <span class='ocr_line' id='line_1_80' title="bbox 2041 3690 3624 3758; baseline -0.001 -11"><span class='ocrx_word' id='word_1_579' title='bbox 2041 3691 2241 3747; x_wconf 85' lang='lat' dir='ltr'><strong>etenim</strong></span> <span class='ocrx_word' id='word_1_580' title='bbox 2282 3692 2445 3746; x_wconf 84' lang='lat' dir='ltr'><strong>etiam</strong></span> <span class='ocrx_word' id='word_1_581' title='bbox 2489 3690 2888 3751; x_wconf 60' lang='lat' dir='ltr'><strong>ha‘reticorum,</strong></span> <span class='ocrx_word' id='word_1_582' title='bbox 2925 3692 3014 3758; x_wconf 88' lang='lat' dir='ltr'><strong>qui</strong></span> <span class='ocrx_word' id='word_1_583' title='bbox 3052 3692 3150 3744; x_wconf 89' lang='lat' dir='ltr'><strong>hac</strong></span> <span class='ocrx_word' id='word_1_584' title='bbox 3185 3690 3319 3744; x_wconf 80' lang='lat' dir='ltr'><strong>falsa</strong></span> <span class='ocrx_word' id='word_1_585' title='bbox 3351 3692 3624 3745; x_wconf 82' lang='lat' dir='ltr'><strong>sententia</strong></span> 
     </span>
    </p>
   </div>
   <div class='ocr_carea' id='block_1_81' title="bbox 2042 3781 3625 3850">
    <p class='ocr_par' dir='ltr' id='par_1_81' title="bbox 2042 3781 3625 3850">
     <span class='ocr_line' id='line_1_81' title="bbox 2042 3781 3625 3850; baseline -0.001 -12"><span class='ocrx_word' id='word_1_586' title='bbox 2042 3785 2396 3850; x_wconf 89' lang='lat' dir='ltr'><strong>seducuntur,</strong></span> <span class='ocrx_word' id='word_1_587' title='bbox 2421 3783 2747 3838; x_wconf 77' lang='lat' dir='ltr'><strong>desiderium</strong></span> <span class='ocrx_word' id='word_1_588' title='bbox 2782 3783 3044 3842; x_wconf 85' lang='lat' dir='ltr'><strong>habentes</strong></span> <span class='ocrx_word' id='word_1_589' title='bbox 3075 3783 3389 3844; x_wconf 82' lang='lat' dir='ltr'><strong>maximum,</strong></span> <span class='ocrx_word' id='word_1_590' title='bbox 3427 3793 3484 3835; x_wconf 91' lang='lat' dir='ltr'><strong>nt</strong></span> <span class='ocrx_word' id='word_1_591' title='bbox 3514 3781 3625 3836; x_wconf 82' lang='lat' dir='ltr'><strong>Ve-</strong></span> 
     </span>
    </p>
   </div>
   <div class='ocr_carea' id='block_1_82' title="bbox 2046 3874 3624 3946">
    <p class='ocr_par' dir='ltr' id='par_1_82' title="bbox 2046 3874 3624 3946">
     <span class='ocr_line' id='line_1_82' title="bbox 2046 3874 3624 3946; baseline -0.003 -15"><span class='ocrx_word' id='word_1_592' title='bbox 2046 3877 2143 3931; x_wconf 80' lang='lat' dir='ltr'><strong>teri</strong></span> <span class='ocrx_word' id='word_1_593' title='bbox 2174 3879 2429 3946; x_wconf 78' lang='lat' dir='ltr'><strong>derogent</strong></span> <span class='ocrx_word' id='word_1_594' title='bbox 2453 3874 2822 3931; x_wconf 83' lang='lat' dir='ltr'><strong>Testamento.</strong></span> <span class='ocrx_word' id='word_1_595' title='bbox 2853 3875 2959 3929; x_wconf 82' lang='lat' dir='ltr'><strong>Sed</strong></span> <span class='ocrx_word' id='word_1_596' title='bbox 2986 3885 3042 3928; x_wconf 89' lang='lat' dir='ltr'><strong>et</strong></span> <span class='ocrx_word' id='word_1_597' title='bbox 3080 3874 3164 3928; x_wconf 88' lang='lat' dir='ltr'><strong>his</strong></span> <span class='ocrx_word' id='word_1_598' title='bbox 3195 3874 3482 3928; x_wconf 90' lang='lat' dir='ltr'><strong>dicendum</strong></span> <span class='ocrx_word' id='word_1_599' title='bbox 3518 3883 3624 3938; x_wconf 84' lang='lat' dir='ltr'><strong>est,</strong></span> 
     </span>
    </p>
   </div>
   <div class='ocr_carea' id='block_1_83' title="bbox 2043 3963 3626 4034">
    <p class='ocr_par' dir='ltr' id='par_1_83' title="bbox 2043 3963 3626 4034">
     <span class='ocr_line' id='line_1_83' title="bbox 2043 3963 3626 4034; baseline -0.002 -15"><span class='ocrx_word' id='word_1_600' title='bbox 2043 3967 2322 4034; x_wconf 88' lang='lat' dir='ltr'><strong>quoniam,</strong></span> <span class='ocrx_word' id='word_1_601' title='bbox 2356 3977 2412 4019; x_wconf 89' lang='lat' dir='ltr'><strong>et</strong></span> <span class='ocrx_word' id='word_1_602' title='bbox 2439 3967 2484 4020; x_wconf 89' lang='lat' dir='ltr'><strong>si</strong></span> <span class='ocrx_word' id='word_1_603' title='bbox 2525 3982 2626 4018; x_wconf 90' lang='lat' dir='ltr'><strong>non</strong></span> <span class='ocrx_word' id='word_1_604' title='bbox 2661 3966 2910 4019; x_wconf 88' lang='lat' dir='ltr'><strong>viderunt</strong></span> <span class='ocrx_word' id='word_1_605' title='bbox 2945 3973 3037 4018; x_wconf 87' lang='lat' dir='ltr'><strong>ant</strong></span> <span class='ocrx_word' id='word_1_606' title='bbox 3081 3963 3414 4018; x_wconf 89' lang='lat' dir='ltr'><strong>sensibiliter</strong></span> <span class='ocrx_word' id='word_1_607' title='bbox 3441 3963 3626 4016; x_wconf 89' lang='lat' dir='ltr'><strong>audie-</strong></span> 
     </span>
    </p>
   </div>
   <div class='ocr_carea' id='block_1_84' title="bbox 2047 4055 3626 4126">
    <p class='ocr_par' dir='ltr' id='par_1_84' title="bbox 2047 4055 3626 4126">
     <span class='ocr_line' id='line_1_84' title="bbox 2047 4055 3626 4126; baseline -0.001 -15"><span class='ocrx_word' id='word_1_608' title='bbox 2047 4067 2192 4122; x_wconf 89' lang='lat' dir='ltr'><strong>runt,</strong></span> <span class='ocrx_word' id='word_1_609' title='bbox 2229 4072 2349 4126; x_wconf 72' lang='lat' dir='ltr'><strong>qua:</strong></span> <span class='ocrx_word' id='word_1_610' title='bbox 2375 4058 2506 4110; x_wconf 71' lang='lat' dir='ltr'><strong>dixit</strong></span> <span class='ocrx_word' id='word_1_611' title='bbox 2545 4055 2701 4112; x_wconf 85' lang='lat' dir='ltr'><strong>Jesus</strong></span> <span class='ocrx_word' id='word_1_612' title='bbox 2731 4067 2784 4111; x_wconf 93' lang='lat' dir='ltr'><strong>et</strong></span> <span class='ocrx_word' id='word_1_613' title='bbox 2817 4056 2972 4119; x_wconf 79' lang='lat' dir='ltr'><strong>fecit,</strong></span> <span class='ocrx_word' id='word_1_614' title='bbox 3008 4065 3382 4110; x_wconf 85' lang='lat' dir='ltr'><strong>verumtamen</strong></span> <span class='ocrx_word' id='word_1_615' title='bbox 3414 4055 3626 4109; x_wconf 84' lang='lat' dir='ltr'><strong>deside-</strong></span> 
     </span>
    </p>
   </div>
   <div class='ocr_carea' id='block_1_85' title="bbox 2044 4149 3626 4219">
    <p class='ocr_par' dir='ltr' id='par_1_85' title="bbox 2044 4149 3626 4219">
     <span class='ocr_line' id='line_1_85' title="bbox 2044 4149 3626 4219; baseline -0.003 -15"><span class='ocrx_word' id='word_1_616' title='bbox 2044 4151 2180 4204; x_wconf 88' lang='lat' dir='ltr'><strong>rium</strong></span> <span class='ocrx_word' id='word_1_617' title='bbox 2218 4151 2542 4204; x_wconf 88' lang='lat' dir='ltr'><strong>habuerunt.</strong></span> <span class='ocrx_word' id='word_1_618' title='bbox 2589 4169 2607 4201; x_wconf 78' lang='grc' dir='ltr'><strong>ι</strong></span> <span class='ocrx_word' id='word_1_619' title='bbox 2651 4151 2796 4204; x_wconf 82' lang='lat' dir='ltr'><strong>Multi</strong></span> <span class='ocrx_word' id='word_1_620' title='bbox 2833 4170 2851 4202; x_wconf 71' lang='grc' dir='ltr'><strong>ι</strong></span> <span class='ocrx_word' id='word_1_621' title='bbox 2885 4151 3050 4214; x_wconf 90' lang='lat' dir='ltr'><strong>enim,</strong></span> <span class='ocrx_word' id='word_1_622' title='bbox 3086 4150 3281 4219; x_wconf 88' lang='lat' dir='ltr'><strong>inquit,</strong></span> <span class='ocrx_word' id='word_1_623' title='bbox 3318 4149 3626 4217; x_wconf 70' lang='lat' dir='ltr'><strong>«propheta:</strong></span> 
     </span>
    </p>
   </div>
   <div class='ocr_carea' id='block_1_86' title="bbox 2042 4236 3625 4310">
    <p class='ocr_par' dir='ltr' id='par_1_86' title="bbox 2042 4236 3625 4310">
     <span class='ocr_line' id='line_1_86' title="bbox 2042 4236 3625 4310; baseline -0.004 -17"><span class='ocrx_word' id='word_1_624' title='bbox 2042 4252 2093 4293; x_wconf 87' lang='lat' dir='ltr'><strong>et</strong></span> <span class='ocrx_word' id='word_1_625' title='bbox 2116 4240 2246 4310; x_wconf 86' lang='lat' dir='ltr'><strong>justi</strong></span> <span class='ocrx_word' id='word_1_626' title='bbox 2269 4241 2661 4308; x_wconf 86' lang='lat' dir='ltr'><strong>concupierunt</strong></span> <span class='ocrx_word' id='word_1_627' title='bbox 2689 4241 2894 4302; x_wconf 89' lang='lat' dir='ltr'><strong>videre,</strong></span> <span class='ocrx_word' id='word_1_628' title='bbox 2918 4253 3039 4307; x_wconf 75' lang='lat' dir='ltr'><strong>qua:</strong></span> <span class='ocrx_word' id='word_1_629' title='bbox 3069 4239 3288 4299; x_wconf 88' lang='lat' dir='ltr'><strong>videtis,</strong></span> <span class='ocrx_word' id='word_1_630' title='bbox 3323 4247 3377 4290; x_wconf 90' lang='lat' dir='ltr'><strong>et</strong></span> <span class='ocrx_word' id='word_1_631' title='bbox 3407 4250 3514 4290; x_wconf 90' lang='lat' dir='ltr'><strong>non</strong></span> <span class='ocrx_word' id='word_1_632' title='bbox 3545 4236 3625 4286; x_wconf 84' lang='lat' dir='ltr'><strong>vi-</strong></span> 
     </span>
    </p>
   </div>
   <div class='ocr_carea' id='block_1_87' title="bbox 2042 4326 3619 4398">
    <p class='ocr_par' dir='ltr' id='par_1_87' title="bbox 2042 4326 3619 4398">
     <span class='ocr_line' id='line_1_87' title="bbox 2042 4326 3619 4398; baseline -0.004 -16"><span class='ocrx_word' id='word_1_633' title='bbox 2042 4331 2337 4384; x_wconf 82' lang='lat' dir='ltr'><strong>deruntzet</strong></span> <span class='ocrx_word' id='word_1_634' title='bbox 2365 4332 2555 4384; x_wconf 84' lang='lat' dir='ltr'><strong>audire</strong></span> <span class='ocrx_word' id='word_1_635' title='bbox 2579 4344 2697 4398; x_wconf 63' lang='lat' dir='ltr'><strong>qua</strong></span> <span class='ocrx_word' id='word_1_636' title='bbox 2728 4329 2944 4390; x_wconf 85' lang='lat' dir='ltr'><strong>auditis,</strong></span> <span class='ocrx_word' id='word_1_637' title='bbox 2977 4339 3032 4383; x_wconf 89' lang='lat' dir='ltr'><strong>et</strong></span> <span class='ocrx_word' id='word_1_638' title='bbox 3063 4343 3166 4382; x_wconf 92' lang='lat' dir='ltr'><strong>non</strong></span> <span class='ocrx_word' id='word_1_639' title='bbox 3204 4327 3496 4382; x_wconf 82' lang='lat' dir='ltr'><strong>audierunt</strong></span> <span class='ocrx_word' id='word_1_640' title='bbox 3519 4326 3619 4380; x_wconf 71' lang='lat' dir='ltr'><strong>&quot;.a</strong></span> 
     </span>
    </p>
   </div>
   <div class='ocr_carea' id='block_1_88' title="bbox 2047 4420 3625 4494">
    <p class='ocr_par' dir='ltr' id='par_1_88' title="bbox 2047 4420 3625 4494">
     <span class='ocr_line' id='line_1_88' title="bbox 2047 4420 3625 4494; baseline -0.001 -18"><span class='ocrx_word' id='word_1_641' title='bbox 2047 4423 2112 4476; x_wconf 69' lang='lat' dir='ltr'><strong>lit</strong></span> <span class='ocrx_word' id='word_1_642' title='bbox 2145 4425 2211 4477; x_wconf 88' lang='lat' dir='ltr'><strong>de</strong></span> <span class='ocrx_word' id='word_1_643' title='bbox 2239 4421 2421 4494; x_wconf 76' lang='lat' dir='ltr'><strong>Moyse</strong></span> <span class='ocrx_word' id='word_1_644' title='bbox 2446 4423 2644 4478; x_wconf 89' lang='lat' dir='ltr'><strong>dicitur</strong></span> <span class='ocrx_word' id='word_1_645' title='bbox 2678 4441 2692 4479; x_wconf 88' lang='lat'><strong>:</strong></span> <span class='ocrx_word' id='word_1_646' title='bbox 2724 4423 3005 4490; x_wconf 84' lang='lat' dir='ltr'><strong>Quomodo</strong></span> <span class='ocrx_word' id='word_1_647' title='bbox 3061 4421 3351 4477; x_wconf 67' lang='lat' dir='ltr'><strong>matimavit</strong></span> <span class='ocrx_word' id='word_1_648' title='bbox 3389 4420 3625 4489; x_wconf 79' lang='lat' dir='ltr'><strong>majores</strong></span> 
     </span>
    </p>
   </div>
   <div class='ocr_carea' id='block_1_89' title="bbox 346 4514 3625 4598">
    <p class='ocr_par' dir='ltr' id='par_1_89' title="bbox 346 4514 3625 4598">
     <span class='ocr_line' id='line_1_89' title="bbox 346 4514 3625 4598; baseline -0.001 -29"><span class='ocrx_word' id='word_1_649' title='bbox 346 4531 452 4586; x_wconf 86' lang='lat' dir='ltr'><strong>que</strong></span> <span class='ocrx_word' id='word_1_650' title='bbox 488 4516 675 4584; x_wconf 71' lang='lat' dir='ltr'><strong>gessit,</strong></span> <span class='ocrx_word' id='word_1_651' title='bbox 713 4517 1018 4571; x_wconf 88' lang='lat' dir='ltr'><strong>sanctiﬁcat</strong></span> <span class='ocrx_word' id='word_1_652' title='bbox 1047 4516 1159 4589; x_wconf 62' lang='grc'><strong>(54)</strong></span> <span class='ocrx_word' id='word_1_653' title='bbox 1187 4532 1282 4572; x_wconf 91' lang='lat' dir='ltr'><strong>eos</strong></span> <span class='ocrx_word' id='word_1_654' title='bbox 1313 4556 1328 4581; x_wconf 92' lang='lat'><strong>,</strong></span> <span class='ocrx_word' id='word_1_655' title='bbox 1352 4517 1548 4585; x_wconf 83' lang='lat' dir='ltr'><strong>quibus</strong></span> <span class='ocrx_word' id='word_1_656' title='bbox 1580 4516 1928 4584; x_wconf 88' lang='lat' dir='ltr'><strong>semetipsum</strong></span> <span class='ocrx_word' id='word_1_657' title='bbox 1963 4544 2008 4598; x_wconf 71' lang='grc' dir='ltr'><strong>η</strong></span> <span class='ocrx_word' id='word_1_658' title='bbox 2041 4531 2161 4571; x_wconf 84' lang='lat' dir='ltr'><strong>esse</strong></span> <span class='ocrx_word' id='word_1_659' title='bbox 2195 4515 2413 4570; x_wconf 87' lang='lat' dir='ltr'><strong>divitias</strong></span> <span class='ocrx_word' id='word_1_660' title='bbox 2447 4517 2832 4584; x_wconf 88' lang='lat' dir='ltr'><strong>improperium</strong></span> <span class='ocrx_word' id='word_1_661' title='bbox 2859 4518 2972 4585; x_wconf 81' lang='lat'><strong>(56)</strong></span> <span class='ocrx_word' id='word_1_662' title='bbox 3016 4515 3259 4578; x_wconf 88' lang='lat' dir='ltr'><strong>Christi,</strong></span> <span class='ocrx_word' id='word_1_663' title='bbox 3295 4529 3458 4583; x_wconf 86' lang='lat' dir='ltr'><strong>quam</strong></span> <span class='ocrx_word' id='word_1_664' title='bbox 3505 4514 3625 4568; x_wconf 89' lang='lat' dir='ltr'><strong>the-</strong></span> 
     </span>
    </p>
   </div>
   <div class='ocr_carea' id='block_1_90' title="bbox 347 4607 1926 4676">
    <p class='ocr_par' dir='ltr' id='par_1_90' title="bbox 347 4607 1926 4676">
     <span class='ocr_line' id='line_1_90' title="bbox 347 4607 1926 4676; baseline -0.001 -13"><span class='ocrx_word' id='word_1_665' title='bbox 347 4609 600 4663; x_wconf 87' lang='lat' dir='ltr'><strong>deccnter</strong></span> <span class='ocrx_word' id='word_1_666' title='bbox 625 4609 933 4674; x_wconf 88' lang='lat' dir='ltr'><strong>irradiavit,</strong></span> <span class='ocrx_word' id='word_1_667' title='bbox 988 4624 1093 4662; x_wconf 94' lang='lat' dir='ltr'><strong>non</strong></span> <span class='ocrx_word' id='word_1_668' title='bbox 1128 4609 1416 4663; x_wconf 88' lang='lat' dir='ltr'><strong>minoratis</strong></span> <span class='ocrx_word' id='word_1_669' title='bbox 1444 4607 1654 4662; x_wconf 88' lang='lat' dir='ltr'><strong>scilicet</strong></span> <span class='ocrx_word' id='word_1_670' title='bbox 1689 4607 1768 4661; x_wconf 88' lang='lat' dir='ltr'><strong>eis</strong></span> <span class='ocrx_word' id='word_1_671' title='bbox 1804 4624 1926 4676; x_wconf 84' lang='lat' dir='ltr'><strong>pro-</strong></span> 
     </span>
    </p>
   </div>
   <div class='ocr_carea' id='block_1_91' title="bbox 347 4697 1922 4769">
    <p class='ocr_par' dir='ltr' id='par_1_91' title="bbox 347 4697 1922 4769">
     <span class='ocr_line' id='line_1_91' title="bbox 347 4697 1922 4769; baseline 0.004 -20"><span class='ocrx_word' id='word_1_672' title='bbox 347 4711 464 4769; x_wconf 87' lang='lat' dir='ltr'><strong>pter</strong></span> <span class='ocrx_word' id='word_1_673' title='bbox 497 4697 807 4752; x_wconf 87' lang='lat' dir='ltr'><strong>sensibiletn</strong></span> <span class='ocrx_word' id='word_1_674' title='bbox 864 4700 1236 4768; x_wconf 67' lang='lat' dir='ltr'><strong>praesentiam,</strong></span> <span class='ocrx_word' id='word_1_675' title='bbox 1281 4700 1371 4769; x_wconf 91' lang='lat' dir='ltr'><strong>qui</strong></span> <span class='ocrx_word' id='word_1_676' title='bbox 1407 4698 1625 4754; x_wconf 84' lang='lat' dir='ltr'><strong>fuerunt</strong></span> <span class='ocrx_word' id='word_1_677' title='bbox 1651 4710 1777 4752; x_wconf 90' lang='lat' dir='ltr'><strong>ante</strong></span> <span class='ocrx_word' id='word_1_678' title='bbox 1805 4701 1922 4768; x_wconf 84' lang='lat' dir='ltr'><strong>ejus</strong></span> 
     </span>
    </p>
   </div>
   <div class='ocr_carea' id='block_1_92' title="bbox 349 4790 1925 4860">
    <p class='ocr_par' dir='ltr' id='par_1_92' title="bbox 349 4790 1925 4860">
     <span class='ocr_line' id='line_1_92' title="bbox 349 4790 1925 4860; baseline 0.001 -19"><span class='ocrx_word' id='word_1_679' title='bbox 349 4790 666 4856; x_wconf 89' lang='lat' dir='ltr'><strong>adventum;</strong></span> <span class='ocrx_word' id='word_1_680' title='bbox 697 4805 801 4845; x_wconf 93' lang='lat' dir='ltr'><strong>non</strong></span> <span class='ocrx_word' id='word_1_681' title='bbox 841 4791 985 4844; x_wconf 89' lang='lat' dir='ltr'><strong>enim</strong></span> <span class='ocrx_word' id='word_1_682' title='bbox 1041 4801 1263 4860; x_wconf 90' lang='lat' dir='ltr'><strong>propter</strong></span> <span class='ocrx_word' id='word_1_683' title='bbox 1307 4790 1565 4844; x_wconf 90' lang='lat' dir='ltr'><strong>malitiam</strong></span> <span class='ocrx_word' id='word_1_684' title='bbox 1593 4832 1608 4857; x_wconf 90' lang='lat'><strong>,</strong></span> <span class='ocrx_word' id='word_1_685' title='bbox 1664 4791 1754 4844; x_wconf 87' lang='lat' dir='ltr'><strong>sed</strong></span> <span class='ocrx_word' id='word_1_686' title='bbox 1800 4807 1925 4860; x_wconf 88' lang='lat' dir='ltr'><strong>pro-</strong></span> 
     </span>
    </p>
   </div>
   <div class='ocr_carea' id='block_1_93' title="bbox 361 4882 1928 4952">
    <p class='ocr_par' dir='ltr' id='par_1_93' title="bbox 361 4882 1928 4952">
     <span class='ocr_line' id='line_1_93' title="bbox 361 4882 1928 4952; baseline 0.003 -22"><span class='ocrx_word' id='word_1_687' title='bbox 361 4888 478 4944; x_wconf 88' lang='lat' dir='ltr'><strong>pter</strong></span> <span class='ocrx_word' id='word_1_688' title='bbox 514 4883 773 4952; x_wconf 90' lang='lat' dir='ltr'><strong>temporis</strong></span> <span class='ocrx_word' id='word_1_689' title='bbox 809 4882 1185 4937; x_wconf 89' lang='lat' dir='ltr'><strong>diversitatem</strong></span> <span class='ocrx_word' id='word_1_690' title='bbox 1210 4884 1313 4937; x_wconf 91' lang='lat' dir='ltr'><strong>hoc</strong></span> <span class='ocrx_word' id='word_1_691' title='bbox 1342 4883 1573 4937; x_wconf 85' lang='lat' dir='ltr'><strong>adventu</strong></span> <span class='ocrx_word' id='word_1_692' title='bbox 1603 4883 1707 4936; x_wconf 55' lang='lat' dir='ltr'><strong>l‘rui</strong></span> <span class='ocrx_word' id='word_1_693' title='bbox 1741 4882 1928 4952; x_wconf 86' lang='lat' dir='ltr'><strong>nequi-</strong></span> 
     </span>
    </p>
   </div>
   <div class='ocr_carea' id='block_1_94' title="bbox 424 5054 1552 5128">
    <p class='ocr_par' dir='ltr' id='par_1_94' title="bbox 424 5054 1552 5128">
     <span class='ocr_line' id='line_1_94' title="bbox 424 5054 1552 5128; baseline 0.009 -22"><span class='ocrx_word' id='word_1_694' title='bbox 424 5054 466 5086; x_wconf 82' lang='lat'>“</span> <span class='ocrx_word' id='word_1_695' title='bbox 499 5055 536 5108; x_wconf 97' lang='grc' dir='ltr'><strong>1Ι</strong></span> <span class='ocrx_word' id='word_1_696' title='bbox 567 5056 693 5110; x_wconf 86' lang='lat' dir='ltr'><strong>Cor.</strong></span> <span class='ocrx_word' id='word_1_697' title='bbox 731 5075 831 5125; x_wconf 80' lang='lat' dir='ltr'><strong>vit,</strong></span> <span class='ocrx_word' id='word_1_698' title='bbox 870 5061 954 5115; x_wconf 88' lang='lat' dir='ltr'><strong>l0.</strong></span> <span class='ocrx_word' id='word_1_699' title='bbox 1035 5060 1077 5093; x_wconf 80' lang='grc'><strong>¹⁹</strong></span> <span class='ocrx_word' id='word_1_700' title='bbox 1109 5059 1298 5116; x_wconf 81' lang='lat' dir='ltr'><strong>Matth.</strong></span> <span class='ocrx_word' id='word_1_701' title='bbox 1326 5062 1552 5128; x_wconf 76' lang='lat' dir='ltr'><strong>xttt,l7.</strong></span> 
     </span>
    </p>
   </div>
   <div class='ocr_carea' id='block_1_95' title="bbox 427 5191 1924 5266">
    <p class='ocr_par' dir='ltr' id='par_1_95' title="bbox 427 5191 1924 5266">
     <span class='ocr_line' id='line_1_95' title="bbox 427 5191 1924 5266; baseline 0.005 -22"><span class='ocrx_word' id='word_1_702' title='bbox 427 5191 537 5266; x_wconf 59' lang='lat' dir='ltr'><strong>(fit!)</strong></span> <span class='ocrx_word' id='word_1_703' title='bbox 570 5191 707 5266; x_wconf 75' lang='lat' dir='ltr'><strong>_Pro</strong></span> <span class='ocrx_word' id='word_1_704' title='bbox 772 5194 970 5266; x_wconf 70' lang='lat' dir='ltr'><strong>[tenore</strong></span> <span class='ocrx_word' id='word_1_705' title='bbox 1016 5207 1404 5251; x_wconf 80' lang='lat' dir='ltr'><strong>transactorum</strong></span> <span class='ocrx_word' id='word_1_706' title='bbox 1441 5205 1790 5266; x_wconf 84' lang='lat' dir='ltr'><strong>peccatorum.</strong></span> <span class='ocrx_word' id='word_1_707' title='bbox 1869 5200 1924 5252; x_wconf 85' lang='lat' dir='ltr'><strong>Si</strong></span> 
     </span>
    </p>
   </div>
   <div class='ocr_carea' id='block_1_96' title="bbox 356 5261 1926 5332">
    <p class='ocr_par' dir='ltr' id='par_1_96' title="bbox 356 5261 1926 5332">
     <span class='ocr_line' id='line_1_96' title="bbox 356 5261 1926 5332; baseline 0.006 -20"><span class='ocrx_word' id='word_1_708' title='bbox 356 5264 470 5332; x_wconf 80' lang='lat' dir='ltr'><strong>quis</strong></span> <span class='ocrx_word' id='word_1_709' title='bbox 529 5261 812 5316; x_wconf 70' lang='lat' dir='ltr'><strong>oﬂ&#39;cnderit</strong></span> <span class='ocrx_word' id='word_1_710' title='bbox 874 5265 924 5315; x_wconf 90' lang='lat' dir='ltr'><strong>in</strong></span> <span class='ocrx_word' id='word_1_711' title='bbox 967 5268 1114 5319; x_wconf 85' lang='lat' dir='ltr'><strong>verbi</strong></span> <span class='ocrx_word' id='word_1_712' title='bbox 1156 5270 1370 5320; x_wconf 79' lang='lat' dir='ltr'><strong>honoris</strong></span> <span class='ocrx_word' id='word_1_713' title='bbox 1421 5261 1519 5323; x_wconf 83' lang='lat' dir='ltr'><strong>usu</strong></span> <span class='ocrx_word' id='word_1_714' title='bbox 1554 5270 1926 5332; x_wconf 85' lang='lat' dir='ltr'><strong>insolentiori,</strong></span> 
     </span>
    </p>
   </div>
   <div class='ocr_carea' id='block_1_97' title="bbox 354 5333 1925 5409">
    <p class='ocr_par' dir='ltr' id='par_1_97' title="bbox 354 5333 1925 5409">
     <span class='ocr_line' id='line_1_97' title="bbox 354 5333 1925 5409; baseline 0.003 -22"><span class='ocrx_word' id='word_1_715' title='bbox 354 5334 503 5394; x_wconf 81' lang='lat' dir='ltr'><strong>sciat,</strong></span> <span class='ocrx_word' id='word_1_716' title='bbox 548 5333 894 5409; x_wconf 37' lang='lat' dir='ltr'><strong>interpret-em</strong></span> <span class='ocrx_word' id='word_1_717' title='bbox 945 5333 1192 5409; x_wconf 72' lang='lat' dir='ltr'><strong>Latinum</strong></span> <span class='ocrx_word' id='word_1_718' title='bbox 1245 5337 1514 5409; x_wconf 62' lang='lat' dir='ltr'><strong>Graecum,</strong></span> <span class='ocrx_word' id='word_1_719' title='bbox 1562 5341 1681 5392; x_wconf 75' lang='grc' dir='ltr'>ἀντὶ</span> <span class='ocrx_word' id='word_1_720' title='bbox 1728 5341 1925 5409; x_wconf 74' lang='grc' dir='ltr'><strong>τιμῆς,</strong></span> 
     </span>
    </p>
   </div>
   <div class='ocr_carea' id='block_1_98' title="bbox 357 5395 1927 5481">
    <p class='ocr_par' dir='ltr' id='par_1_98' title="bbox 357 5395 1927 5481">
     <span class='ocr_line' id='line_1_98' title="bbox 357 5395 1927 5481; baseline 0.008 -29"><span class='ocrx_word' id='word_1_721' title='bbox 357 5417 631 5481; x_wconf 85' lang='lat' dir='ltr'><strong>perperam</strong></span> <span class='ocrx_word' id='word_1_722' title='bbox 669 5395 986 5457; x_wconf 70' lang='lat' dir='ltr'><strong>retlditlissc.</strong></span> <span class='ocrx_word' id='word_1_723' title='bbox 1008 5403 1116 5456; x_wconf 87' lang='lat' dir='ltr'><strong>lloc</strong></span> <span class='ocrx_word' id='word_1_724' title='bbox 1152 5416 1297 5459; x_wconf 85' lang='lat' dir='ltr'><strong>recte</strong></span> <span class='ocrx_word' id='word_1_725' title='bbox 1324 5395 1634 5462; x_wconf 76' lang='lat' dir='ltr'><strong>observavit</strong></span> <span class='ocrx_word' id='word_1_726' title='bbox 1667 5395 1927 5466; x_wconf 49' lang='lat' dir='ltr'><strong>Mucitc&#39;li;</strong></span> 
     </span>
    </p>
   </div>
   <div class='ocr_carea' id='block_1_99' title="bbox 357 5488 790 5527">
    <p class='ocr_par' dir='ltr' id='par_1_99' title="bbox 357 5488 790 5527">
     <span class='ocr_line' id='line_1_99' title="bbox 357 5488 790 5527; baseline -0.005 -1"><span class='ocrx_word' id='word_1_727' title='bbox 357 5489 584 5527; x_wconf 67' lang='lat' dir='ltr'><strong>IIICH‘J&#39;IIS</strong></span> <span class='ocrx_word' id='word_1_728' title='bbox 621 5488 790 5526; x_wconf 69' lang='lat' dir='ltr'><strong>IDCIIS.</strong></span> 
     </span>
    </p>
   </div>
   <div class='ocr_carea' id='block_1_100' title="bbox 424 5541 1930 5615">
    <p class='ocr_par' dir='ltr' id='par_1_100' title="bbox 424 5541 1930 5615">
     <span class='ocr_line' id='line_1_100' title="bbox 424 5541 1930 5615; baseline 0.009 -25"><span class='ocrx_word' id='word_1_729' title='bbox 424 5541 534 5607; x_wconf 70' lang='grc' dir='ltr'><strong>(ὃὸ)</strong></span> <span class='ocrx_word' id='word_1_730' title='bbox 577 5545 631 5596; x_wconf 95' lang='lat' dir='ltr'><strong>In</strong></span> <span class='ocrx_word' id='word_1_731' title='bbox 680 5544 764 5596; x_wconf 90' lang='lat' dir='ltr'><strong>his</strong></span> <span class='ocrx_word' id='word_1_732' title='bbox 810 5544 989 5597; x_wconf 89' lang='lat' dir='ltr'><strong>versio</strong></span> <span class='ocrx_word' id='word_1_733' title='bbox 1032 5543 1216 5596; x_wconf 81' lang='lat' dir='ltr'><strong>Latina</strong></span> <span class='ocrx_word' id='word_1_734' title='bbox 1271 5558 1298 5595; x_wconf 89' lang='lat' dir='ltr'><strong>a</strong></span> <span class='ocrx_word' id='word_1_735' title='bbox 1341 5543 1590 5614; x_wconf 74' lang='lat' dir='ltr'><strong>Vulgata,</strong></span> <span class='ocrx_word' id='word_1_736' title='bbox 1629 5563 1746 5615; x_wconf 73' lang='lat' dir='ltr'><strong>qua:</strong></span> <span class='ocrx_word' id='word_1_737' title='bbox 1788 5565 1930 5603; x_wconf 87' lang='lat' dir='ltr'><strong>nunc</strong></span> 
     </span>
    </p>
   </div>
   <div class='ocr_carea' id='block_1_101' title="bbox 358 5613 1924 5682">
    <p class='ocr_par' dir='ltr' id='par_1_101' title="bbox 358 5613 1924 5682">
     <span class='ocr_line' id='line_1_101' title="bbox 358 5613 1924 5682; baseline 0.002 -17"><span class='ocrx_word' id='word_1_738' title='bbox 358 5613 598 5674; x_wconf 84' lang='lat' dir='ltr'><strong>habetur,</strong></span> <span class='ocrx_word' id='word_1_739' title='bbox 636 5615 829 5666; x_wconf 88' lang='lat' dir='ltr'><strong>mirum</strong></span> <span class='ocrx_word' id='word_1_740' title='bbox 862 5626 1119 5682; x_wconf 87' lang='lat' dir='ltr'><strong>quantunt</strong></span> <span class='ocrx_word' id='word_1_741' title='bbox 1148 5613 1458 5679; x_wconf 76' lang='lat' dir='ltr'><strong>discrepat,</strong></span> <span class='ocrx_word' id='word_1_742' title='bbox 1506 5613 1666 5682; x_wconf 65' lang='lat' dir='ltr'><strong>atque</strong></span> <span class='ocrx_word' id='word_1_743' title='bbox 1704 5620 1766 5670; x_wconf 85' lang='lat' dir='ltr'><strong>ad</strong></span> <span class='ocrx_word' id='word_1_744' title='bbox 1805 5636 1924 5669; x_wconf 69' lang='lat' dir='ltr'><strong>rur-</strong></span> 
     </span>
    </p>
   </div>
   <div class='ocr_carea' id='block_1_102' title="bbox 359 5685 1921 5751">
    <p class='ocr_par' dir='ltr' id='par_1_102' title="bbox 359 5685 1921 5751">
     <span class='ocr_line' id='line_1_102' title="bbox 359 5685 1921 5751; baseline 0.001 -16"><span class='ocrx_word' id='word_1_745' title='bbox 359 5685 557 5735; x_wconf 84' lang='lat' dir='ltr'><strong>sionem</strong></span> <span class='ocrx_word' id='word_1_746' title='bbox 601 5685 876 5750; x_wconf 85' lang='lat' dir='ltr'><strong>antiquam</strong></span> <span class='ocrx_word' id='word_1_747' title='bbox 914 5685 1130 5751; x_wconf 84' lang='lat' dir='ltr'><strong>propius</strong></span> <span class='ocrx_word' id='word_1_748' title='bbox 1165 5685 1528 5738; x_wconf 74' lang='lat' dir='ltr'><strong>:tcccdit.(lt&#39;r.</strong></span> <span class='ocrx_word' id='word_1_749' title='bbox 1568 5689 1752 5740; x_wconf 78' lang='lat' dir='ltr'><strong>Sabat.</strong></span> <span class='ocrx_word' id='word_1_750' title='bbox 1785 5689 1921 5746; x_wconf 72' lang='lat' dir='ltr'><strong>Bibl,</strong></span> 
     </span>
    </p>
   </div>
   <div class='ocr_carea' id='block_1_103' title="bbox 362 5754 1922 5822">
    <p class='ocr_par' dir='ltr' id='par_1_103' title="bbox 362 5754 1922 5822">
     <span class='ocr_line' id='line_1_103' title="bbox 362 5754 1922 5822; baseline 0.004 -18"><span class='ocrx_word' id='word_1_751' title='bbox 362 5767 501 5822; x_wconf 74' lang='lat' dir='ltr'><strong>sucr.</strong></span> <span class='ocrx_word' id='word_1_752' title='bbox 527 5754 618 5805; x_wconf 76' lang='lat' dir='ltr'><strong>lat.</strong></span> <span class='ocrx_word' id='word_1_753' title='bbox 675 5770 829 5806; x_wconf 65' lang='grc' dir='ltr'><strong>ιρι-δε.</strong></span> <span class='ocrx_word' id='word_1_754' title='bbox 883 5756 1043 5822; x_wconf 79' lang='lat' dir='ltr'><strong>antiq.</strong></span> <span class='ocrx_word' id='word_1_755' title='bbox 1070 5795 1082 5815; x_wconf 90' lang='lat'><strong>,</strong></span> <span class='ocrx_word' id='word_1_756' title='bbox 1125 5764 1254 5806; x_wconf 88' lang='lat' dir='ltr'><strong>tom.</strong></span> <span class='ocrx_word' id='word_1_757' title='bbox 1294 5754 1354 5807; x_wconf 87' lang='lat' dir='ltr'><strong>Ill</strong></span> <span class='ocrx_word' id='word_1_758' title='bbox 1380 5797 1390 5814; x_wconf 81' lang='lat'><strong>,</strong></span> <span class='ocrx_word' id='word_1_759' title='bbox 1429 5773 1479 5822; x_wconf 79' lang='grc' dir='ltr'><strong><em>ν.</em></strong></span> <span class='ocrx_word' id='word_1_760' title='bbox 1510 5758 1630 5811; x_wconf 66' lang='lat' dir='ltr'><strong>Mli.</strong></span> <span class='ocrx_word' id='word_1_761' title='bbox 1669 5759 1776 5810; x_wconf 70' lang='lat' dir='ltr'><strong>llott</strong></span> <span class='ocrx_word' id='word_1_762' title='bbox 1819 5777 1922 5811; x_wconf 87' lang='lat' dir='ltr'><strong>non</strong></span> 
     </span>
    </p>
   </div>
   <div class='ocr_carea' id='block_1_104' title="bbox 365 5821 1924 5899">
    <p class='ocr_par' dir='ltr' id='par_1_104' title="bbox 365 5821 1924 5899">
     <span class='ocr_line' id='line_1_104' title="bbox 365 5821 1924 5899; baseline 0.005 -22"><span class='ocrx_word' id='word_1_763' title='bbox 365 5836 465 5878; x_wconf 79' lang='lat' dir='ltr'><strong>uno</strong></span> <span class='ocrx_word' id='word_1_764' title='bbox 495 5821 547 5877; x_wconf 90' lang='lat' dir='ltr'><strong>in</strong></span> <span class='ocrx_word' id='word_1_765' title='bbox 577 5823 692 5880; x_wconf 79' lang='lat' dir='ltr'><strong>loco</strong></span> <span class='ocrx_word' id='word_1_766' title='bbox 729 5826 926 5882; x_wconf 77' lang='lat' dir='ltr'><strong>factum</strong></span> <span class='ocrx_word' id='word_1_767' title='bbox 959 5821 1078 5882; x_wconf 63' lang='lat' dir='ltr'><strong>case</strong></span> <span class='ocrx_word' id='word_1_768' title='bbox 1114 5826 1360 5882; x_wconf 70' lang='lat' dir='ltr'><strong>Vidimus.</strong></span> <span class='ocrx_word' id='word_1_769' title='bbox 1403 5828 1454 5881; x_wconf 93' lang='lat' dir='ltr'><strong>ln</strong></span> <span class='ocrx_word' id='word_1_770' title='bbox 1495 5846 1596 5899; x_wconf 71' lang='lat' dir='ltr'><strong>qua</strong></span> <span class='ocrx_word' id='word_1_771' title='bbox 1639 5842 1813 5886; x_wconf 77' lang='lat' dir='ltr'><strong>tamen</strong></span> <span class='ocrx_word' id='word_1_772' title='bbox 1869 5847 1924 5885; x_wconf 84' lang='lat' dir='ltr'><strong>te</strong></span> 
     </span>
    </p>
   </div>
   <div class='ocr_carea' id='block_1_105' title="bbox 1631 5061 2093 5130">
    <p class='ocr_par' dir='ltr' id='par_1_105' title="bbox 1631 5061 2093 5130">
     <span class='ocr_line' id='line_1_105' title="bbox 1631 5061 2093 5130; baseline 0 -14"><span class='ocrx_word' id='word_1_773' title='bbox 1631 5061 1674 5092; x_wconf 74' lang='grc' dir='ltr'><strong>’θ</strong></span> <span class='ocrx_word' id='word_1_774' title='bbox 1702 5061 1864 5117; x_wconf 85' lang='lat' dir='ltr'><strong>llebr.</strong></span> <span class='ocrx_word' id='word_1_775' title='bbox 1900 5081 1973 5130; x_wconf 76' lang='grc' dir='ltr'><strong>χι,</strong></span> <span class='ocrx_word' id='word_1_776' title='bbox 2002 5063 2093 5116; x_wconf 74' lang='lat'><strong>‘26.</strong></span> 
     </span>
    </p>
   </div>
   <div class='ocr_carea' id='block_1_106' title="bbox 2018 5761 3263 5831">
    <p class='ocr_par' dir='ltr' id='par_1_106' title="bbox 2018 5761 3263 5831">
     <span class='ocr_line' id='line_1_106' title="bbox 2018 5761 3263 5831; baseline -0.003 -15"><span class='ocrx_word' id='word_1_777' title='bbox 2018 5766 2197 5816; x_wconf 80' lang='lat' dir='ltr'><strong>&#39;ritate</strong></span> <span class='ocrx_word' id='word_1_778' title='bbox 2229 5766 2326 5817; x_wconf 86' lang='lat' dir='ltr'><strong>loci</strong></span> <span class='ocrx_word' id='word_1_779' title='bbox 2359 5764 2410 5816; x_wconf 92' lang='lat' dir='ltr'><strong>in</strong></span> <span class='ocrx_word' id='word_1_780' title='bbox 2445 5765 2539 5831; x_wconf 81' lang='lat' dir='ltr'><strong>Ep.</strong></span> <span class='ocrx_word' id='word_1_781' title='bbox 2586 5764 2650 5816; x_wconf 86' lang='lat' dir='ltr'><strong>ad</strong></span> <span class='ocrx_word' id='word_1_782' title='bbox 2679 5761 2934 5817; x_wconf 61' lang='lat' dir='ltr'><strong>Hebraeos</strong></span> <span class='ocrx_word' id='word_1_783' title='bbox 2970 5777 3045 5821; x_wconf 77' lang='lat' dir='ltr'><strong>vt,</strong></span> <span class='ocrx_word' id='word_1_784' title='bbox 3078 5761 3168 5822; x_wconf 72' lang='lat'><strong>9.6,</strong></span> <span class='ocrx_word' id='word_1_785' title='bbox 3200 5761 3263 5813; x_wconf 87' lang='lat' dir='ltr'><strong>ad</strong></span> 
     </span>
    </p>
   </div>
   <div class='ocr_carea' id='block_1_107' title="bbox 2035 4606 3624 4678">
    <p class='ocr_par' dir='ltr' id='par_1_107' title="bbox 2035 4606 3624 4678">
     <span class='ocr_line' id='line_1_107' title="bbox 2035 4606 3624 4678; baseline 0 -19"><span class='ocrx_word' id='word_1_786' title='bbox 2035 4622 2229 4661; x_wconf 80' lang='lat' dir='ltr'><strong>sauros</strong></span> <span class='ocrx_word' id='word_1_787' title='bbox 2300 4606 2649 4678; x_wconf 68' lang='lat' dir='ltr'><strong>Aigyptiacos</strong></span> <span class='ocrx_word' id='word_1_788' title='bbox 2699 4609 2768 4666; x_wconf 77' lang='grc' dir='ltr'><strong>ὀ.</strong></span> <span class='ocrx_word' id='word_1_789' title='bbox 2819 4608 3029 4662; x_wconf 89' lang='lat' dir='ltr'><strong>Dictum</strong></span> <span class='ocrx_word' id='word_1_790' title='bbox 3086 4619 3170 4662; x_wconf 89' lang='lat' dir='ltr'><strong>est</strong></span> <span class='ocrx_word' id='word_1_791' title='bbox 3222 4617 3402 4661; x_wconf 88' lang='lat' dir='ltr'><strong>autem</strong></span> <span class='ocrx_word' id='word_1_792' title='bbox 3449 4615 3505 4661; x_wconf 94' lang='lat' dir='ltr'><strong>et</strong></span> <span class='ocrx_word' id='word_1_793' title='bbox 3559 4607 3624 4659; x_wconf 90' lang='lat' dir='ltr'><strong>de</strong></span> 
     </span>
    </p>
   </div>
   <div class='ocr_carea' id='block_1_108' title="bbox 2035 4699 3102 4770">
    <p class='ocr_par' dir='ltr' id='par_1_108' title="bbox 2035 4699 3102 4770">
     <span class='ocr_line' id='line_1_108' title="bbox 2035 4699 3102 4770; baseline 0.002 -18"><span class='ocrx_word' id='word_1_794' title='bbox 2035 4699 2194 4764; x_wconf 84' lang='lat' dir='ltr'><strong>Isaia,</strong></span> <span class='ocrx_word' id='word_1_795' title='bbox 2220 4700 2362 4769; x_wconf 90' lang='lat' dir='ltr'><strong>quod</strong></span> <span class='ocrx_word' id='word_1_796' title='bbox 2395 4699 2527 4754; x_wconf 87' lang='lat' dir='ltr'><strong>vidit</strong></span> <span class='ocrx_word' id='word_1_797' title='bbox 2552 4700 2776 4770; x_wconf 81' lang='lat' dir='ltr'><strong>gloriam</strong></span> <span class='ocrx_word' id='word_1_798' title='bbox 2801 4701 3004 4755; x_wconf 81' lang='lat' dir='ltr'><strong>Christi</strong></span> <span class='ocrx_word' id='word_1_799' title='bbox 3033 4701 3102 4754; x_wconf 79' lang='lat'><strong>&quot;.</strong></span> 
     </span>
    </p>
   </div>
   <div class='ocr_carea' id='block_1_109' title="bbox 2112 4788 3619 4861">
    <p class='ocr_par' dir='ltr' id='par_1_109' title="bbox 2112 4788 3619 4861">
     <span class='ocr_line' id='line_1_109' title="bbox 2112 4788 3619 4861; baseline -0.003 -17"><span class='ocrx_word' id='word_1_800' title='bbox 2112 4791 2272 4845; x_wconf 71' lang='lat' dir='ltr'><strong>Vens.</strong></span> <span class='ocrx_word' id='word_1_801' title='bbox 2298 4791 2386 4844; x_wconf 70' lang='lat' dir='ltr'><strong>l2.</strong></span> <span class='ocrx_word' id='word_1_802' title='bbox 2415 4809 2432 4842; x_wconf 79' lang='grc' dir='ltr'><strong>ι</strong></span> <span class='ocrx_word' id='word_1_803' title='bbox 2460 4791 2515 4846; x_wconf 93' lang='lat' dir='ltr'><strong>ln</strong></span> <span class='ocrx_word' id='word_1_804' title='bbox 2548 4808 2708 4861; x_wconf 90' lang='lat' dir='ltr'><strong>quem</strong></span> <span class='ocrx_word' id='word_1_805' title='bbox 2753 4793 3144 4861; x_wconf 91' lang='lat' dir='ltr'><strong>concupiscunt</strong></span> <span class='ocrx_word' id='word_1_806' title='bbox 3190 4790 3365 4859; x_wconf 77' lang='lat' dir='ltr'><strong>angeli</strong></span> <span class='ocrx_word' id='word_1_807' title='bbox 3401 4788 3619 4858; x_wconf 83' lang='lat' dir='ltr'><strong>prospi-</strong></span> 
     </span>
    </p>
   </div>
   <div class='ocr_carea' id='block_1_110' title="bbox 2038 4880 3622 4955">
    <p class='ocr_par' dir='ltr' id='par_1_110' title="bbox 2038 4880 3622 4955">
     <span class='ocr_line' id='line_1_110' title="bbox 2038 4880 3622 4955; baseline -0.003 -19"><span class='ocrx_word' id='word_1_808' title='bbox 2038 4898 2179 4937; x_wconf 86' lang='lat' dir='ltr'><strong>cere.</strong></span> <span class='ocrx_word' id='word_1_809' title='bbox 2203 4902 2220 4934; x_wconf 72' lang='grc' dir='ltr'><strong>ι</strong></span> <span class='ocrx_word' id='word_1_810' title='bbox 2259 4883 2560 4938; x_wconf 78' lang='lat' dir='ltr'><strong>Notandum</strong></span> <span class='ocrx_word' id='word_1_811' title='bbox 2602 4887 2742 4954; x_wconf 89' lang='lat' dir='ltr'><strong>quod</strong></span> <span class='ocrx_word' id='word_1_812' title='bbox 2764 4885 2904 4955; x_wconf 89' lang='lat' dir='ltr'><strong>apud</strong></span> <span class='ocrx_word' id='word_1_813' title='bbox 2925 4883 3166 4944; x_wconf 68' lang='lat' dir='ltr'><strong>Graecos,</strong></span> <span class='ocrx_word' id='word_1_814' title='bbox 3202 4901 3219 4932; x_wconf 78' lang='grc' dir='ltr'><strong>ι</strong></span> <span class='ocrx_word' id='word_1_815' title='bbox 3244 4884 3295 4936; x_wconf 90' lang='lat' dir='ltr'><strong>in</strong></span> <span class='ocrx_word' id='word_1_816' title='bbox 3329 4897 3504 4950; x_wconf 63' lang='lat' dir='ltr'><strong>quae,»</strong></span> <span class='ocrx_word' id='word_1_817' title='bbox 3543 4880 3622 4932; x_wconf 85' lang='lat' dir='ltr'><strong>le-</strong></span> 
     </span>
    </p>
   </div>
   <div class='ocr_carea' id='block_1_111' title="bbox 2169 5061 2641 5126">
    <p class='ocr_par' dir='ltr' id='par_1_111' title="bbox 2169 5061 2641 5126">
     <span class='ocr_line' id='line_1_111' title="bbox 2169 5061 2641 5126; baseline -0.002 -9"><span class='ocrx_word' id='word_1_818' title='bbox 2169 5064 2209 5094; x_wconf 85' lang='grc'><strong>¹¹</strong></span> <span class='ocrx_word' id='word_1_819' title='bbox 2239 5061 2392 5117; x_wconf 81' lang='lat' dir='ltr'><strong>Joan.</strong></span> <span class='ocrx_word' id='word_1_820' title='bbox 2423 5079 2520 5126; x_wconf 81' lang='lat' dir='ltr'><strong>xtt,</strong></span> <span class='ocrx_word' id='word_1_821' title='bbox 2552 5061 2641 5116; x_wconf 74' lang='grc'><strong>41.</strong></span> 
     </span>
    </p>
   </div>
   <div class='ocr_carea' id='block_1_112' title="bbox 2031 5195 3609 5268">
    <p class='ocr_par' dir='ltr' id='par_1_112' title="bbox 2031 5195 3609 5268">
     <span class='ocr_line' id='line_1_112' title="bbox 2031 5195 3609 5268; baseline -0.003 -16"><span class='ocrx_word' id='word_1_822' title='bbox 2031 5200 2132 5254; x_wconf 85' lang='lat' dir='ltr'><strong>sibi</strong></span> <span class='ocrx_word' id='word_1_823' title='bbox 2175 5215 2279 5253; x_wconf 88' lang='lat' dir='ltr'><strong>non</strong></span> <span class='ocrx_word' id='word_1_824' title='bbox 2314 5209 2527 5254; x_wconf 86' lang='lat' dir='ltr'><strong>constat</strong></span> <span class='ocrx_word' id='word_1_825' title='bbox 2574 5210 2796 5264; x_wconf 85' lang='lat' dir='ltr'><strong>auctor,</strong></span> <span class='ocrx_word' id='word_1_826' title='bbox 2832 5201 2946 5254; x_wconf 86' lang='lat' dir='ltr'><strong>sive</strong></span> <span class='ocrx_word' id='word_1_827' title='bbox 2981 5197 3157 5268; x_wconf 88' lang='lat' dir='ltr'><strong>potius</strong></span> <span class='ocrx_word' id='word_1_828' title='bbox 3197 5195 3470 5262; x_wconf 87' lang='lat' dir='ltr'><strong>librarius,</strong></span> <span class='ocrx_word' id='word_1_829' title='bbox 3524 5205 3609 5249; x_wconf 87' lang='lat' dir='ltr'><strong>at-</strong></span> 
     </span>
    </p>
   </div>
   <div class='ocr_carea' id='block_1_113' title="bbox 2034 5270 3618 5341">
    <p class='ocr_par' dir='ltr' id='par_1_113' title="bbox 2034 5270 3618 5341">
     <span class='ocr_line' id='line_1_113' title="bbox 2034 5270 3618 5341; baseline -0.001 -19"><span class='ocrx_word' id='word_1_830' title='bbox 2034 5288 2140 5339; x_wconf 88' lang='lat' dir='ltr'><strong>que</strong></span> <span class='ocrx_word' id='word_1_831' title='bbox 2189 5273 2397 5324; x_wconf 86' lang='lat' dir='ltr'><strong>videtur</strong></span> <span class='ocrx_word' id='word_1_832' title='bbox 2443 5270 2572 5324; x_wconf 88' lang='lat' dir='ltr'><strong>tnilti</strong></span> <span class='ocrx_word' id='word_1_833' title='bbox 2615 5270 2831 5341; x_wconf 88' lang='lat' dir='ltr'><strong>quidem</strong></span> <span class='ocrx_word' id='word_1_834' title='bbox 2891 5279 3094 5324; x_wconf 74' lang='lat' dir='ltr'><strong>textum</strong></span> <span class='ocrx_word' id='word_1_835' title='bbox 3146 5282 3209 5320; x_wconf 82' lang='lat' dir='ltr'><strong>ex</strong></span> <span class='ocrx_word' id='word_1_836' title='bbox 3269 5282 3405 5320; x_wconf 87' lang='lat' dir='ltr'><strong>nova</strong></span> <span class='ocrx_word' id='word_1_837' title='bbox 3447 5277 3618 5336; x_wconf 78' lang='lat' dir='ltr'><strong>atque</strong></span> 
     </span>
    </p>
   </div>
   <div class='ocr_carea' id='block_1_114' title="bbox 2033 5342 3414 5404">
    <p class='ocr_par' dir='ltr' id='par_1_114' title="bbox 2033 5342 3414 5404">
     <span class='ocr_line' id='line_1_114' title="bbox 2033 5342 3414 5404; baseline -0.004 -9"><span class='ocrx_word' id='word_1_838' title='bbox 2033 5344 2254 5404; x_wconf 85' lang='lat' dir='ltr'><strong>antiqua</strong></span> <span class='ocrx_word' id='word_1_839' title='bbox 2290 5344 2532 5394; x_wconf 87' lang='lat' dir='ltr'><strong>versione</strong></span> <span class='ocrx_word' id='word_1_840' title='bbox 2568 5343 2757 5395; x_wconf 84' lang='lat' dir='ltr'><strong>Latina</strong></span> <span class='ocrx_word' id='word_1_841' title='bbox 2788 5342 3006 5396; x_wconf 81' lang='lat' dir='ltr'><strong>mistum</strong></span> <span class='ocrx_word' id='word_1_842' title='bbox 3036 5347 3250 5391; x_wconf 82' lang='lat' dir='ltr'><strong>secutus</strong></span> <span class='ocrx_word' id='word_1_843' title='bbox 3274 5351 3414 5390; x_wconf 89' lang='lat' dir='ltr'><strong>esse.</strong></span> 
     </span>
    </p>
   </div>
   <div class='ocr_carea' id='block_1_115' title="bbox 2107 5405 3610 5477">
    <p class='ocr_par' dir='ltr' id='par_1_115' title="bbox 2107 5405 3610 5477">
     <span class='ocr_line' id='line_1_115' title="bbox 2107 5405 3610 5477; baseline -0.003 -11"><span class='ocrx_word' id='word_1_844' title='bbox 2107 5413 2218 5476; x_wconf 62' lang='grc'><strong>(51)</strong></span> <span class='ocrx_word' id='word_1_845' title='bbox 2264 5412 2334 5465; x_wconf 86' lang='lat' dir='ltr'><strong>Ita</strong></span> <span class='ocrx_word' id='word_1_846' title='bbox 2363 5410 2500 5465; x_wconf 85' lang='lat' dir='ltr'><strong>Gall.</strong></span> <span class='ocrx_word' id='word_1_847' title='bbox 2539 5415 2707 5466; x_wconf 79' lang='lat' dir='ltr'><strong>Antea</strong></span> <span class='ocrx_word' id='word_1_848' title='bbox 2729 5450 2745 5475; x_wconf 91' lang='lat'><strong>,</strong></span> <span class='ocrx_word' id='word_1_849' title='bbox 2779 5409 3137 5476; x_wconf 70' lang='lat' dir='ltr'><strong>sancti/team,</strong></span> <span class='ocrx_word' id='word_1_850' title='bbox 3175 5409 3316 5477; x_wconf 88' lang='lat' dir='ltr'><strong>quod</strong></span> <span class='ocrx_word' id='word_1_851' title='bbox 3349 5405 3476 5462; x_wconf 79' lang='lat' dir='ltr'><strong>ferri</strong></span> <span class='ocrx_word' id='word_1_852' title='bbox 3511 5421 3610 5462; x_wconf 88' lang='lat' dir='ltr'><strong>ne-</strong></span> 
     </span>
    </p>
   </div>
   <div class='ocr_carea' id='block_1_116' title="bbox 2033 5494 2169 5534">
    <p class='ocr_par' dir='ltr' id='par_1_116' title="bbox 2033 5494 2169 5534">
     <span class='ocr_line' id='line_1_116' title="bbox 2033 5494 2169 5534; baseline 0 0"><span class='ocrx_word' id='word_1_853' title='bbox 2033 5494 2169 5534; x_wconf 78' lang='lat' dir='ltr'><strong>null.</strong></span> 
     </span>
    </p>
   </div>
   <div class='ocr_carea' id='block_1_117' title="bbox 2049 5500 3614 5622">
    <p class='ocr_par' dir='ltr' id='par_1_117' title="bbox 2049 5500 3614 5622">
     <span class='ocr_line' id='line_1_117' title="bbox 2049 5500 3614 5622; baseline -0.003 -14"><span class='ocrx_word' id='word_1_854' title='bbox 2049 5500 2216 5622; x_wconf 52' lang='grc' dir='ltr'><strong>μίζὸ)</strong></span> <span class='ocrx_word' id='word_1_855' title='bbox 2261 5553 2566 5622; x_wconf 81' lang='lat' dir='ltr'><strong>[.cgendum</strong></span> <span class='ocrx_word' id='word_1_856' title='bbox 2598 5553 2811 5606; x_wconf 87' lang='lat' dir='ltr'><strong>videtur</strong></span> <span class='ocrx_word' id='word_1_857' title='bbox 2828 5551 3078 5620; x_wconf 76' lang='lat' dir='ltr'><strong>quoniam</strong></span> <span class='ocrx_word' id='word_1_858' title='bbox 3104 5547 3250 5620; x_wconf 77' lang='grc' dir='ltr'><strong>(ὅτι).</strong></span> <span class='ocrx_word' id='word_1_859' title='bbox 3296 5546 3614 5605; x_wconf 83' lang='lat' dir='ltr'><strong>Gallanditts</strong></span> 
     </span>
    </p>
   </div>
   <div class='ocr_carea' id='block_1_118' title="bbox 2037 5623 2851 5689">
    <p class='ocr_par' dir='ltr' id='par_1_118' title="bbox 2037 5623 2851 5689">
     <span class='ocr_line' id='line_1_118' title="bbox 2037 5623 2851 5689; baseline -0.005 -12"><span class='ocrx_word' id='word_1_860' title='bbox 2037 5624 2188 5678; x_wconf 73' lang='lat' dir='ltr'><strong>italtt&#39;l</strong></span> <span class='ocrx_word' id='word_1_861' title='bbox 2225 5667 2235 5683; x_wconf 91' lang='lat'><strong>,</strong></span> <span class='ocrx_word' id='word_1_862' title='bbox 2271 5641 2394 5689; x_wconf 76' lang='lat' dir='ltr'><strong>qua,</strong></span> <span class='ocrx_word' id='word_1_863' title='bbox 2429 5638 2491 5676; x_wconf 83' lang='lat' dir='ltr'><strong>ex</strong></span> <span class='ocrx_word' id='word_1_864' title='bbox 2526 5623 2851 5689; x_wconf 80' lang='lat' dir='ltr'><strong>conjectura.</strong></span> 
     </span>
    </p>
   </div>
   <div class='ocr_carea' id='block_1_119' title="bbox 2112 5690 3611 5761">
    <p class='ocr_par' dir='ltr' id='par_1_119' title="bbox 2112 5690 3611 5761">
     <span class='ocr_line' id='line_1_119' title="bbox 2112 5690 3611 5761; baseline 0.001 -20"><span class='ocrx_word' id='word_1_865' title='bbox 2112 5695 2219 5761; x_wconf 68' lang='lat' dir='ltr'><strong>(Siti)</strong></span> <span class='ocrx_word' id='word_1_866' title='bbox 2265 5696 2372 5747; x_wconf 92' lang='lat' dir='ltr'><strong>lloc</strong></span> <span class='ocrx_word' id='word_1_867' title='bbox 2409 5695 2627 5746; x_wconf 88' lang='lat' dir='ltr'><strong>verbum</strong></span> <span class='ocrx_word' id='word_1_868' title='bbox 2676 5693 2814 5744; x_wconf 86' lang='lat' dir='ltr'><strong>male</strong></span> <span class='ocrx_word' id='word_1_869' title='bbox 2845 5700 3002 5744; x_wconf 85' lang='lat' dir='ltr'><strong>antea</strong></span> <span class='ocrx_word' id='word_1_870' title='bbox 3036 5690 3295 5744; x_wconf 88' lang='lat' dir='ltr'><strong>omissum</strong></span> <span class='ocrx_word' id='word_1_871' title='bbox 3327 5703 3389 5744; x_wconf 73' lang='lat' dir='ltr'><strong>ex</strong></span> <span class='ocrx_word' id='word_1_872' title='bbox 3428 5702 3611 5742; x_wconf 79' lang='lat' dir='ltr'><strong>aucto-</strong></span> 
     </span>
    </p>
   </div>
   <div class='ocr_carea' id='block_1_120' title="bbox 3297 5761 3616 5830">
    <p class='ocr_par' dir='ltr' id='par_1_120' title="bbox 3297 5761 3616 5830">
     <span class='ocr_line' id='line_1_120' title="bbox 3297 5761 3616 5830; baseline 0 -15"><span class='ocrx_word' id='word_1_873' title='bbox 3297 5775 3454 5830; x_wconf 87' lang='lat' dir='ltr'><strong>qucm</strong></span> <span class='ocrx_word' id='word_1_874' title='bbox 3481 5761 3616 5818; x_wconf 83' lang='lat' dir='ltr'><strong>allu-</strong></span> 
     </span>
    </p>
   </div>
   <div class='ocr_carea' id='block_1_121' title="bbox 2036 5831 3240 5906">
    <p class='ocr_par' dir='ltr' id='par_1_121' title="bbox 2036 5831 3240 5906">
     <span class='ocr_line' id='line_1_121' title="bbox 2036 5831 3240 5906; baseline -0.002 -17"><span class='ocrx_word' id='word_1_875' title='bbox 2036 5837 2109 5889; x_wconf 83' lang='lat' dir='ltr'><strong>dit</strong></span> <span class='ocrx_word' id='word_1_876' title='bbox 2139 5837 2392 5906; x_wconf 84' lang='lat' dir='ltr'><strong>scriptor,</strong></span> <span class='ocrx_word' id='word_1_877' title='bbox 2421 5837 2624 5905; x_wconf 86' lang='lat' dir='ltr'><strong>primus</strong></span> <span class='ocrx_word' id='word_1_878' title='bbox 2653 5834 2879 5890; x_wconf 80' lang='lat' dir='ltr'><strong>restituit</strong></span> <span class='ocrx_word' id='word_1_879' title='bbox 2905 5831 3240 5891; x_wconf 83' lang='lat' dir='ltr'><strong>Gallandius.</strong></span> 
     </span>
    </p>
   </div>
  </div>
