4118 6500
471 405 606 461 ιπίο

1720 407 1956 462 ΒΞΒΥΜΙ
1999 403 2462 460 ΑιΕχΑΝυιιιΝι

3611 389 3770 446 I760

463 530 642 590 gatur,
708 532 838 584 non,
876 535 896 570 ι
927 518 980 574 in
1033 533 1193 589 quem
1243 519 1381 591 (57).
1424 536 1445 572 ο
1489 519 1556 574 Ει
1611 519 1690 574 sic
1727 519 2050 590 exponitur:
2080 521 2134 579 Α
2162 527 2249 572 tur
2281 537 2295 574 :
2334 538 2352 570 ι
2380 517 2442 570 Et
2470 518 2680 572 locutus
2719 525 2803 570 est
2852 513 3110 569 Dominus
3141 509 3208 566 ad
3248 507 3486 578 Moysen,
3525 505 3775 559 dicens:

466 629 488 664 ι
515 606 653 660 Εἱδέ
668 609 981 673 τιςὲκλάϐοι
1003 611 1103 681 τὴν
1133 609 1231 682 ζη-
1307 629 1327 662 ι
1356 611 1412 664 Si
1463 610 1586 681 quis
1625 609 2062 673 existimaverit,

461 705 732 775 τουμένην
787 702 892 755 ὑπὸ
940 701 1050 755 τῶν
1090 717 1228 772 προσ

468 795 652 867 φητῶν
695 792 974 864 σωτηρίαν
1004 791 1144 847 κατὰ
1168 793 1230 846 τὸ

457 889 614 952 τέλος
665 884 830 951 εἶναι,
875 885 904 938 ὃ
953 885 1048 939 ἐπὶ
1095 885 1230 938 πᾶσι

463 978 557 1032 καὶ
585 978 815 1048 ἔσχατον
838 975 1063 1049 ὀρεκτὸν
1091 974 1234 1046 (ὀρε-

464 1069 672 1140 κτικὸν)
706 1068 984 1140 τυγχάνει,
999 1066 1100 1119 οὐκ
1122 1066 1231 1118 ἀπ·-

464 1158 723 1228 εμφαίνει
761 1157 891 1227 περὶ
935 1154 1042 1207 τῶν
1063 1152 1234 1215 ἁγίων

466 1249 740 1319 ἀγγέλων,
764 1249 858 1302 καὶ
881 1245 1068 1309 ἁπλῶς
1098 1243 1235 1297 πάν-

467 1357 577 1395 των
606 1341 892 1412 μακαρίων
916 1336 1150 1407 λογικῶν
1174 1336 1235 1390 τὸ

469 1432 834 1507 προκείμενον
942 1429 1192 1485 ἐκλαϐεῖν
1216 1468 1231 1494 ,

473 1529 692 1581 πάντων
761 1524 938 1597 ὄρεξιν
1006 1522 1236 1594 ἑχόντων

1303 701 1585 769 quaesitam
1618 716 1650 755 a
1685 699 1966 770 prophetis
1987 713 2067 752 sa-

1302 793 1466 847 lutem
1499 793 1551 846 in
1580 793 1685 848 fine
1709 805 1830 848 esse
1855 790 2064 859 mundi,

1304 886 1445 955 quod
1461 885 1512 939 in
1527 885 1780 941 omnibus
1791 893 1845 940 et
1860 883 1912 938 in
1928 898 2068 938 sum-

1306 991 1395 1033 mo
1433 984 1516 1032 est
1544 977 1812 1047 appetitu,
1849 975 2067 1048 quando

1307 1067 1478 1138 ipsius
1505 1067 1726 1138 quidem
1761 1083 1927 1125 causa
1959 1069 2066 1123 alia

1306 1168 1501 1214 cuncta
1528 1160 1684 1224 fiunt,
1709 1159 1884 1230 ipsum
1911 1174 2063 1225 vero,

1305 1249 1461 1319 cujus
1507 1265 1672 1304 causa
1718 1249 1918 1304 nullius
1953 1249 2071 1320 agi-

1307 1345 1394 1392 tur
1420 1336 1567 1409 (58);
1605 1352 1710 1392 non
1745 1337 1844 1392 abs
1883 1352 1941 1392 re
1963 1347 2070 1406 est,

1308 1428 1473 1485 etiam
1508 1427 1734 1500 intelligi
1766 1427 1834 1484 de
1865 1430 2071 1486 sanctis

1312 1522 1553 1592 angelis,
1628 1533 1684 1578 et
1753 1521 2075 1593 simpliciter

2169 607 2417 678 Loquere
2439 607 2587 662 omni
2617 603 3026 676 congregationi
3065 601 3296 654 filiorum
3326 596 3493 653 lsrael
3519 605 3575 651 et
3603 595 3776 651 dices

2169 701 2250 756 eis
2284 719 2297 754 :
2327 699 2512 756 Sancti
2548 700 2725 762 eritis,
2767 698 3025 767 quoniam
3076 695 3338 749 Dominus
3392 692 3535 746 Deus
3573 700 3776 745 vester

2171 803 2394 848 sanctus
2434 791 2606 846 est"!
2631 808 2649 841 ι
2687 790 2986 844 Dicendum
3019 798 3200 841 tamen
3235 793 3341 848 est,
3368 782 3513 851 quod
3552 782 3600 836 si
3649 796 3772 837 non

2169 884 2504 939 inveniretur
2535 882 2610 937 ita
2637 881 2898 952 positum,
2932 893 3040 934 non
3079 876 3302 933 omnino
3337 874 3644 930 secundum
3677 874 3774 928 di-

2170 987 2318 1033 ctum
2350 990 2680 1037 sermonem.
2715 971 3027 1044 huiusmodi
3061 971 3204 1026 dicta
3234 983 3633 1038 quaereremus,
3667 968 3774 1022 sed

2173 1067 2604 1139 intelligibiliter,
2646 1068 2774 1122 dum
2805 1066 2991 1121 omnia
3024 1061 3326 1134 spiritualia
3358 1061 3617 1116 divinitus
3643 1061 3774 1116 elo-

2171 1163 2299 1232 quia
2329 1163 2584 1227 doceant,
2619 1159 2875 1230 quoniam
2903 1167 2961 1214 et
2990 1157 3082 1228 qui
3125 1165 3287 1211 vocat
3320 1165 3545 1210 sanctus
3573 1163 3681 1218 est,
3709 1161 3774 1208 et

2171 1255 2263 1324 qui
2306 1261 2590 1319 vocantur,
2620 1261 2680 1306 ut
2731 1249 3161 1315 sanctificentur,
3203 1247 3522 1302 adveniunt.
3551 1243 3774 1316 Requi-

2173 1345 2324 1401 rendl
2361 1359 2490 1401 vero
2522 1350 2649 1400 sunt
2691 1342 2998 1410 Manichaai,
3034 1340 3080 1396 si
3115 1347 3332 1396 creator
3366 1347 3473 1405 est,
3519 1338 3612 1408 qui
3645 1337 3771 1392 hac

2173 1437 2326 1502 dicit,
2355 1436 2628 1508 quomodo
2673 1442 2898 1491 sanctus
2926 1441 3031 1499 est,
3058 1430 3408 1488 sanctiﬁcans
3435 1443 3532 1484 eos
3567 1427 3771 1496 quibus

2173 1528 2291 1585 haec
2324 1529 2564 1584 revelata
2593 1537 2745 1595 sunt,
2775 1525 2866 1596 qui
2893 1524 3102 1581 scilicet
3124 1523 3263 1578 ultra
3293 1537 3416 1576 eum
3449 1528 3598 1586 sunt,
3628 1533 3774 1588 quo-

474 1617 798 1690 παρακύψαι
845 1619 926 1679 εἰς
972 1613 1042 1668 τὰ
1095 1613 1238 1668 κατὰ
1311 1616 1522 1671 cunctis
1572 1615 1751 1671 beatis
1791 1613 2071 1670 rationali-

2177 1637 2296 1676 rum
2325 1635 2426 1676 nec
2450 1621 2742 1692 aliquando
2773 1617 2966 1674 habuit
2993 1613 3322 1672 scientiam?
3354 1612 3412 1668 Si
3443 1625 3574 1667 vero
3601 1609 3776 1666 Pater

473 1711 711 1774 τὸτέλος
745 1708 1068 1780 πράγματα.
1103 1725 1122 1758 ι
1313 1707 1414 1762 bus
1480 1707 1584 1761 hoc
1643 1707 1884 1772 dictum,
1945 1719 2071 1760 cum

2176 1715 2476 1772 Salvatoris
2515 1722 2620 1781 est,
2673 1723 2729 1770 et
2758 1713 2932 1768 Filius
2976 1727 3100 1768 cum
3142 1725 3213 1796 eo
3244 1710 3363 1765 hac
3391 1708 3601 1772 dicens,
3631 1721 3775 1775 quo—

472 1815 662 1856 onmes
729 1800 1023 1868 appetitum
1067 1797 1321 1864 habeant,
1366 1797 1679 1868 prospicere
1734 1811 1799 1852 ea
1845 1811 1967 1866 qua:
2017 1796 2071 1852 in

2178 1810 2340 1866 modo
2377 1809 2676 1880 prophetae,
2706 1822 2814 1863 non
2841 1804 2981 1876 eius,
3011 1803 3105 1859 sed
3157 1801 3250 1858 Dei
3287 1800 3557 1856 creatoris
3583 1798 3776 1856 exsis-

473 1893 583 1949 line
613 1891 792 1946 saeculi
835 1901 959 1946 sunt
985 1889 1212 1961 agenda.
1253 1909 1272 1942 ι

2177 1877 2393 1969 tentes,
2419 1877 2750 1956 desiderium
2802 1898 3113 1954 habuerunt
3164 1892 3464 1965 promereri
3515 1907 3580 1947 ea
3645 1907 3776 1961 qua

547 1981 605 2037 Si
640 1995 766 2036 vero
810 1979 974 2036 alium
1010 1979 1296 2050 quemdam
1323 1989 1523 2036 statum
1561 1978 1811 2033 viderunt
1839 1979 2059 2033 beatum

479 2074 600 2145 (per
633 2090 695 2128 ea
723 2089 843 2144 quae
875 2073 1110 2128 revelata
1155 2081 1284 2127 sunt
1317 2090 1348 2127 a
1379 2080 1573 2128 sancto
1602 2071 1807 2139 Spiritu
1841 2072 1944 2135 eis,
1971 2071 2068 2142 qui

478 2166 832 2237 Evangelium
880 2165 1258 2236 susceperunt)
1315 2173 1513 2235 preter
1553 2179 1678 2220 eum
1735 2166 1827 2235 qui
1889 2164 2096 2220 dictus

481 2266 586 2324 est,
619 2257 908 2312 dicendum
935 2265 1041 2334 est,
1072 2265 1128 2310 et
1167 2256 1578 2325 concupiscere,
1610 2256 1665 2311 in
1701 2271 1824 2311 eum
1851 2258 2067 2328 prospi-

479 2362 607 2403 cere
637 2347 881 2416 angelos,
912 2347 1004 2416 qui
1037 2346 1090 2400 in
1125 2347 1560 2418 transgressione
1600 2348 1832 2418 quadam
1863 2349 2066 2405 inventi

483 2448 632 2495 sunt.
670 2437 805 2493 Nam
837 2438 965 2494 licet
991 2437 1210 2508 quidam
1243 2453 1432 2494 eorum
1469 2440 1622 2508 pravi
1657 2440 1788 2507 sint,
1827 2449 2068 2495 attamen

482 2533 684 2587 detenti
713 2530 1001 2602 supplicio,
1029 2531 1410 2600 resipiscentes
1431 2530 1568 2602 (59),
1589 2531 1732 2587 unde
1754 2532 2074 2588 ceciderunt

481 2623 648 2695 (quod
690 2622 857 2678 etiam
912 2623 1179 2679 studiosis
1214 2623 1525 2679 hominibus
1561 2622 2066 2695 compromittitur),

482 2715 756 2772 habebunt
781 2715 1108 2772 desiderium
1133 2714 1214 2771 vel
1244 2731 1339 2786 per
1367 2714 1640 2771 fenestras
1669 2731 1733 2771 ea
1766 2717 2066 2787 respicere.

480 2807 589 2864 Sed
628 2807 741 2878 (60)
769 2821 898 2862 vero
939 2807 1128 2864 dicunt
1169 2805 1475 2873 Manicluei,
1516 2806 1584 2862 de
1639 2807 1852 2878 angelis
1897 2807 2063 2879 (quos

481 2909 783 2956 creatorem
813 2895 924 2973 [6!]
970 2900 1211 2973 putant),
1243 2902 1350 2956 hoc
1398 2914 1521 2961 esse
1567 2899 1796 2966 dictum,
1833 2901 2069 2956 interro-

483 2992 645 3062 gandi
678 3001 828 3057 sunt,
864 2993 913 3046 si
948 2992 1113 3047 habet
1156 2991 1445 3062 quisquam
1481 3003 1738 3047 naturam
1773 3007 1838 3046 ea
1867 3005 2070 3046 concu-

483 3084 749 3152 piscendi,
779 3099 900 3154 qua:
928 3096 1128 3154 praeter
1163 3095 1412 3139 naturam
1441 3093 1591 3151 sunt,
1631 3093 1688 3137 et
1721 3099 1828 3138 non
1856 3082 1906 3138 ei
1939 3095 2074 3136 con-

481 3176 738 3235 veniunt:
770 3182 826 3230 et
866 3175 912 3229 si
961 3182 1185 3244 propter
1214 3175 1438 3228 multam
1471 3174 1777 3230 fatuitatem
1805 3174 1909 3230 hoc
1937 3188 2072 3229 con-

485 3267 772 3330 cesserint,
801 3280 990 3320 rursus
1016 3265 1388 3336 interrogandi
1419 3275 1569 3332 sunt,
1599 3267 1644 3321 si
1675 3267 1950 3337 appetitus
1978 3265 2068 3320 in-

2170 1992 2429 2064 diligitis?
2472 1990 2576 2059 Qui
2616 1989 2759 2045 ultra
2805 1988 2976 2043 Deum
3019 1999 3208 2042 eorum
3250 1993 3356 2048 est,
3417 1982 3578 2052 huius
3616 1982 3773 2038 noti-

2173 2085 2303 2139 tiam
2339 2097 2446 2138 non
2487 2081 2671 2136 habet.
2695 2079 3036 2147 Quapropter
3062 2083 3277 2144 oportet
3309 2088 3434 2129 eum
3454 2071 3568 2141 (63)
3589 2070 3767 2126 Deum

2171 2175 2557 2247 prophetarum
2591 2180 2646 2228 et
2678 2168 2956 2240 Evangelii
3002 2166 3275 2226 conﬁteri.
3312 2163 3612 2222 secundum
3650 2163 3774 2233 pie-

2172 2266 2300 2322 tatis
2335 2265 2580 2328 verbum,
2619 2279 2742 2320 cum
2773 2261 2906 2318 nihil
2934 2260 3196 2318 occurrit.

2248 2357 2412 2414 Vens.
2450 2357 2541 2411 l7.
2583 2374 2603 2409 ι
2625 2355 2762 2412 Etsi
2801 2354 3018 2410 Patrem
3056 2348 3323 2406 invocatis
3350 2363 3498 2412 eum,
3527 2347 3620 2417 qui
3652 2345 3776 2402 sine

2178 2450 2495 2508 discrimine
2555 2462 2912 2520 personarum
2956 2445 3185 2515 iudicat,
3227 2441 3530 2500 secundum
3577 2442 3775 2497 unius-

2171 2539 2433 2609 cujusque
2460 2554 2618 2610 opus,
2641 2557 2660 2591 ι
2699 2547 2808 2593 etc.

2245 2628 2302 2684 Si
2340 2628 2386 2682 is
2411 2641 2574 2698 quem
2608 2635 2808 2681 vocant
2840 2625 3083 2688 Patrem,
3123 2621 3289 2694 index
3323 2630 3426 2686 est,
3477 2635 3773 2692 personam

2173 2737 2281 2778 non
2310 2721 2588 2791 accipiens
2618 2732 2810 2774 eorum
2856 2717 2946 2787 qui
2993 2715 3309 2786 iudicantur
3342 2719 3411 2767 ab
3449 2726 3538 2776 eo,
3584 2720 3639 2765 et
3677 2727 3769 2766 se-

2172 2813 2408 2870 cundum
2443 2809 2870 2879 uniuscuiusque
2924 2807 3138 2876 iudicat
3189 2806 3482 2867 actionem.
3533 2819 3660 2860 cum
3704 2804 3775 2858 ti-

2174 2918 2328 2960 more
2359 2913 2414 2957 ει
2446 2902 2593 2956 omni
2627 2909 2816 2956 sancta
2855 2899 3274 2954 conversatione
3307 2896 3569 2967 perlicere
3591 2909 3760 2949 omne

2177 3004 2390 3064 tempus
2441 2993 2711 3049 incolatus
2760 2993 2930 3047 nostri
2987 2991 3326 3046 festinemus.
3363 2989 3457 3044 Sic
3485 2989 3630 3042 enim
3663 3001 3762 3056 po-

2179 3083 2408 3139 terimus
2457 3090 2514 3138 et
2557 3080 2771 3137 Patrem
2820 3095 2943 3136 eum
2997 3081 3326 3135 tribuentem
3373 3077 3774 3146 promissiones

2175 3190 2493 3245 agnoscere,
2536 3185 2591 3230 et
2640 3184 2797 3230 extra
2848 3185 3011 3229 omne
3059 3170 3382 3241 supplicium
3422 3181 3770 3236 permanere.

2171 3267 2530 3336 Quaerendum
2551 3275 2637 3324 est
2653 3267 2821 3329 enim.
2839 3266 2883 3320 si
2897 3264 3057 3320 Pater
3074 3263 3282 3332 indicat
3307 3261 3507 3316 nullum
3532 3267 3584 3313 et
3606 3271 3774 3312 omne

485 3355 673 3410 finitus
713 3363 797 3408 est
827 3354 1043 3410 omnis?
1083 3352 1326 3423 Namque
1358 3356 1728 3410 necessarium
1765 3365 1871 3421 est,
1903 3371 2071 3427 appe-
2165 3363 2433 3434 iudicium
2461 3362 2608 3418 dedit
2640 3358 2878 3417 Filio“:
2907 3358 3034 3427 quid
3074 3356 3164 3412 hic
3200 3354 3370 3426 possit
3401 3349 3662 3418 intelligi?

487 3446 642 3500 titum
667 3443 945 3512 compleri,
978 3445 1105 3499 dum
1135 3458 1244 3510 res,
1274 3459 1394 3514 quae
1425 3445 1787 3512 desideratur,
1808 3446 2065 3502 adfuerit.

483 3539 542 3594 Si
583 3553 711 3594 vero
742 3539 846 3593 hoc
889 3537 962 3592 ita
1017 3552 1123 3593 non
1153 3547 1238 3593 est
1265 3537 1320 3593 in
1364 3539 1642 3610 prmdictis
1681 3540 1910 3609 angelis,
1959 3538 2068 3595 erit

484 3631 758 3700 ademptio
773 3643 988 3693 eorum,
1006 3643 1127 3698 quae
1150 3627 1521 3684 manifestavit
1545 3627 1780 3699 Spiritus
1803 3637 2064 3694 sanctus;

482 3722 700 3792 quando
721 3736 1060 3792 nequaquam
1093 3722 1293 3776 habere
1317 3731 1545 3792 possunt
1565 3722 2063 3792 concupiscentiam

489 3829 702 3882 εοηιιη,
738 3830 969 3884 quorum
1002 3815 1069 3868 ad
1103 3815 1220 3869 haec
1251 3823 1444 3868 natura
1481 3823 1606 3884 apta
1639 3815 1956 3885 denegatur.

563 3907 723 3962 Vens.
764 3907 848 3963 15.
891 3925 910 3959 ι
933 3907 1039 3964 Sed
1070 3908 1366 3962 secundum
1401 3921 1549 3970 eum,
1586 3909 1678 3978 qui
1708 3897 2062 3969 vos'vocavit,

484 4010 753 4065 sanctum,
791 4009 846 4054 et
887 4015 984 4054 vos
1023 4000 1198 4056 sancti
1239 3999 1292 4055 in
1323 4000 1470 4054 omni
1520 3999 1932 4055 conversatione
1957 3999 2066 4053 eri-

485 4093 576 4157 tis,
600 4092 724 4162 quia
756 4092 1019 4161 scriptum
1043 4100 1165 4148 est:
1239 4091 1425 4148 Sancti
1453 4091 1626 4157 eritis,
1659 4091 1787 4162 quia
1822 4105 1923 4162 ego
1945 4105 2067 4148 sum

485 4192 726 4238 sanctus.
757 4198 776 4232 I

556 4274 693 4328 Cum
730 4273 896 4339 Deus,
928 4274 1019 4342 qui
1054 4289 1149 4344 per
1179 4273 1529 4345 Evangelium
1557 4273 1804 4330 evocavit
1826 4273 1894 4328 ad
1921 4272 2068 4328 salu-

489 4376 622 4432 tem,
651 4366 720 4421 sit
752 4378 999 4436 sanctus,
1030 4381 1252 4424 necesse
1276 4378 1361 4422 est
1392 4366 1772 4423 obedientibus
1797 4367 2066 4423 vocationi

485 4459 632 4512 omni
671 4461 1083 4516 conversatione
1133 4469 1296 4530 atque
1332 4460 1614 4530 prudentia
1683 4458 1800 4514 fieri
1851 4468 2072 4515 sanctos

486 4550 624 4621 eius,
661 4552 932 4622 praecipue
965 4552 1094 4607 dum
1141 4553 1206 4620 is,
1243 4552 1334 4622 qui
1369 4563 1530 4606 vocat
1575 4552 1643 4606 ad
1689 4551 1824 4612 haec,
1878 4550 2070 4606 invitet

2174 4556 2321 4607 ἐστιν
2354 4553 2383 4606 ὁ
2415 4552 2640 4624 κρίνων,
2675 4550 2811 4604 ἀλλὰ
2843 4549 2940 4604 καὶ

485 4655 541 4699 et
588 4644 792 4699 tribuat
841 4646 1208 4700 sanctitatem.
1266 4645 1358 4699 Ait
1403 4645 1550 4699 enim
1585 4663 1598 4699 :
1635 4643 1920 4710 Quomodo
1968 4659 2070 4712 ego

487 4735 610 4791 fons
641 4736 952 4791 sanctitatis
981 4751 1127 4800 sum,
1162 4750 1258 4804 per
1285 4734 1644 4789 substantiam
1678 4743 1900 4789 sanctus
1925 4735 2071 4790 exsi-

487 4836 659 4891 stcns,
691 4837 786 4877 vos
826 4823 1039 4878 studete
1084 4823 1398 4893 participari
1441 4823 1730 4878 sanctitate
1761 4823 1897 4895 (62),
1935 4840 2072 4895 quos

487 4916 672 4988 diligo,
697 4923 758 4970 ut
789 4914 912 4971 sitis
942 4915 1085 4970 sicut
1105 4924 1161 4972 et
1185 4931 1309 4988 ego.
1335 4915 1402 4969 Et
1422 4916 1548 4971 vide
1569 4917 2066 4987 dispensationem:

486 5024 547 5066 se
567 4997 810 5082 namque
839 5019 1088 5066 sanctum
1139 5025 1266 5066 esse
1309 5010 1479 5077 dixit;
1529 5011 1852 5067 accedentes
1887 5022 2066 5067 autem

408 5167 415 5179 ,
487 5101 556 5156 ad
588 5115 735 5166 eum,
774 5101 912 5168 fieri,
945 5103 1028 5158 vel
1062 5101 1277 5158 futuros
1307 5112 1544 5177 sanctus,
1559 5103 1768 5159 invitat.
1810 5105 2071 5174 Quaeren-

486 5193 613 5248 dum
648 5203 729 5250 est
781 5194 834 5250 in
868 5210 973 5266 qua
995 5195 1177 5251 Veteri
1210 5194 1490 5267 Scriptura
1522 5197 1728 5253 homini
1755 5198 1865 5254 sint
1901 5197 2068 5254 verba

487 5286 684 5356 posita.
723 5287 788 5342 Et
819 5288 1111 5342 notandum
1146 5295 1250 5350 cst.
1283 5289 1542 5358 quoniam
1582 5288 1635 5342 in
1673 5288 1913 5344 Levitico
1937 5288 2072 5358 legi-

558 5379 604 5409 ”
636 5377 811 5434 Levit.
843 5394 938 5443 xx,
983 5377 1078 5433 26.
1153 5379 1200 5412 ⁸³
1244 5377 1400 5434 Joan.
1439 5380 1598 5448 ἢεί
1677 5381 1726 5412 ³⁸
1753 5380 1921 5435 Matth
1974 5395 2054 5445 Ix,
2086 5377 2144 5432 2.

717 5469 842 5544 llaec
870 5486 938 5525 ex
987 5473 1102 5527 suis
1129 5473 1329 5544 adiecit
1358 5473 1718 5544 Epiphanius.

561 5540 677 5611 (58)
717 5539 929 5614 Locum
979 5539 1295 5614 corruptum
1346 5539 1490 5609 esse,
1545 5560 1706 5598 nemo
1753 5558 1859 5598 non
1905 5543 2070 5598 videt.

491 5609 716 5682 Sensus,
763 5612 856 5682 qui
901 5609 1337 5682 debeatni'nesse,
1377 5631 1442 5670 ex
1493 5631 1636 5669 nexu
1683 5614 2074 5669 sententiarum

491 5679 651 5734 facile
702 5679 1040 5753 intelligitur.
1090 5681 1289 5739 Vitium
1339 5684 1391 5738 in
1437 5685 1641 5740 ultimis
1694 5685 1875 5738 verbis
1922 5684 2072 5744 latet.

490 5763 612 5816 q'tte
641 5764 782 5821 nunc
817 5753 890 5806 ita
941 5754 1249 5808 rclinxcritn
1280 5768 1295 5807 :
1323 5754 1496 5820 ipsum
1537 5771 1675 5818 vero,
1723 5755 1874 5821 cujus
1914 5771 2075 5806 causa

493 5820 925 5942 (ωἶικίσκᾷιιηι),
972 5839 1073 5877 non
1113 5823 1254 5878 alius
1291 5839 1450 5878 causa
1488 5827 1680 5896 agitur.
1709 5820 1819 5880 (πει.
1865 5822 2072 5893 l'indic.

493 5902 598 5942 co.
672 5905 735 5942 Of
789 5928 800 5942 .

489 5902 598 5944 εει.
639 5902 703 5942 ιο
723 5902 800 5942 12.

2183 3453 2240 3508 '0
2265 3454 2459 3526 Πατήρ
2485 3454 2634 3507 ἐστιν
2667 3453 2696 3506 ὁ
2732 3468 2936 3522 σημαι-
3008 3448 3064 3504 Si
3095 3450 3236 3504 enim
3285 3445 3525 3506 Patrem.
3559 3442 3648 3513 qui
3697 3441 3775 3496 si-

2169 3545 2414 3615 νόμενος,
2454 3544 2576 3608 πῶς
2605 3544 2802 3615 κριτὴς
2836 3535 2930 3596 οὗ·
3007 3541 3318 3613 gniﬁcatur,
3372 3533 3645 3607 quomodo
3682 3533 3774 3601 iue

2169 3653 2282 3701 τος,
2317 3637 2518 3708 κρίνων
2548 3635 2691 3690 κατὰ
2717 3635 2781 3698 τὸ
2809 3633 2938 3688 ἑκά-

2170 3745 2296 3782 στου
2330 3727 2522 3800 ἔργον;
2567 3728 2625 3780 '0
2666 3726 2773 3798 γὰρ
2823 3728 2940 3781 Πα-

2168 3821 2274 3891 τὴρ
2325 3820 2502 3890 κρίνει
2546 3818 2760 3880 οὐδένα,
2800 3816 2936 3871 ἀλλὰ

2171 3912 2352 3966 πᾶσαν
2385 3912 2567 3981 κρίσιν
2611 3907 2810 3961 δέδωκε
2857 3904 2936 3976 τῷ

2179 4000 2314 4072 Υῑῷ.
2347 4002 2411 4054 El
2447 4001 2505 4054 δὲ
2532 4002 2561 4054 6
2583 3999 2711 4062 Υἱὸς
2735 3999 2932 4070 κρινεῖ,

3011 3634 3112 3688 dex
3157 3632 3350 3697 iste,et
3387 3627 3640 3698 iudicans
3677 3638 3770 3680 se-

3012 3725 3246 3782 cundum
3350 3718 3773 3789 uniuscuiusque

3009 3815 3175 3886 opus?
3204 3813 3362 3869 Pater
3394 3813 3541 3866 enim
3563 3808 3775 3878 iudicat

3008 3911 3331 3974 nullum,sed
3343 3902 3772 3976 omueiudiciutn

3007 4005 3156 4062 dedit
3178 4002 3334 4057 Filio.
3360 4001 3416 4057 Si
3454 4013 3579 4054 vero
3607 3996 3774 4051 Filius

2171 4094 2355 4146 πᾶσαν
2379 4091 2479 4162 τὴν
2511 4090 2696 4162 κρίσιν
2729 4087 2930 4156 λαθὼν,
3001 4096 3208 4166 iudicat
3253 4093 3547 4151 secundum
3587 4091 3775 4145 unius-

2171 4183 2292 4247 πῶς
2365 4182 2556 4255 Πατὴρ
2623 4181 2931 4252 τυγχάνει;

2172 4276 2317 4346 Πρὸς
2337 4275 2374 4330 ἃ
2391 4275 2630 4338 λεκτέον,
2653 4275 2701 4328 sl
2721 4272 2936 4346 Πατρὺς

2173 4367 2269 4420 καὶ
2293 4366 2424 4420 Υῐοῦ
2460 4366 2558 4437 μία
2585 4365 2936 4437 056mg,pr-

2173 4476 2355 4522 νοντος
2379 4459 2472 4513 τοῦ
2494 4457 2652 4524 Υιοῦ,
2681 4460 2709 4511 ὁ
2745 4457 2935 4528 Πατήρ

3007 4191 3267 4259 cuiusque
3281 4201 3435 4257 opus,
3453 4198 3613 4239 omne
3628 4180 3764 4250 judi-

3008 4282 3150 4338 cium
3178 4291 3398 4335 sumens
3425 4315 3442 4338 ,
3499 4274 3774 4344 quomodo

3009 4371 3172 4428 Pater
3185 4365 3435 4424 exsistit?
3457 4365 3560 4419 Pro
3577 4362 3774 4433 quibus

3009 4465 3296 4519 dicendum
3314 4469 3419 4521 est.
3436 4459 3690 4527 quoniam
3717 4464 3774 4510 et

3011 4557 3179 4612 Filius
3236 4553 3425 4610 eadem
3493 4549 3774 4605 divinitate

3016 4659 3122 4713 est,
3155 4647 3438 4719 iudicante
3474 4641 3633 4704 Filio,
3668 4637 3774 4690 Pa-

3015 4747 3098 4793 ter
3130 4746 3214 4792 est
3260 4735 3350 4804 qui
3396 4732 3623 4801 iudicat.
3676 4729 3773 4785 Sic

3011 4839 3066 4884 ει
3095 4828 3264 4884 Filius
3313 4832 3469 4890 pater
3498 4830 3580 4873 est
3614 4821 3773 4889 geni-

3012 4930 3212 4981 torum,
3241 4929 3506 4986 generans
3527 4926 3623 4967 COS
3647 4927 3774 4982 par-

3013 5010 3198 5080 ticipio
3264 5005 3594 5062 sanctitatis.
3659 5005 3775 5059 Sar-

3009 5098 3132 5169 pius
3181 5096 3328 5153 enim
3360 5095 3499 5152 filios
3523 5110 3654 5150 suos
3678 5109 3772 5148 vo-

3010 5189 3158 5243 cavit
3187 5188 3483 5260 apostolos.

2185 5286 2252 5343 Et
2282 5289 2371 5343 alii
2405 5287 2541 5340 dixit
2568 5303 2581 5337 :
2615 5303 2634 5334 ‹
2655 5281 2780 5348 Fili,
2802 5282 3155 5338 remittuntur
3182 5281 3280 5337 tibi
3302 5289 3524 5352 peccata
3557 5281 3765 5340 tua“;s

2171 4647 2200 4698 ὁ
2233 4644 2361 4707 Υἱὸς
2385 4645 2608 4698 δύναται
2649 4642 2830 4715 πατὴρ
2862 4640 2940 4697 εῐ-

2175 4755 2263 4791 ναι
2286 4736 2395 4791 τῶν
2417 4735 2715 4807 γεννητῶν,
2743 4735 2938 4806 γεννή-

2177 4847 2276 4894 σας
2295 4831 2492 4894 αὑτοῦς
2515 4833 2777 4900 μετουσίᾳ
2798 4828 2941 4897 ἁγιό-

2173 4938 2358 4992 τητος.
2395 4918 2663 4981 Πολλάκις
2709 4918 2820 4989 γὰρ
2853 4934 2941 4970 τε·

2178 5013 2304 5068 κνία
2335 5011 2528 5066 ἑαυτοῦ
2560 5011 2657 5065 καὶ
2684 5011 2809 5074 τοὺς
2840 5027 2940 5078 μα-

2178 5103 2348 5174 θητὰς
2381 5102 2657 5158 ἐκάλεσεν.

2257 5467 2771 5542 (59)”Scribendnm
2812 5477 2914 5528 est,
2964 5467 3344 5542 ιέιριεὶςιιιεε.Δ
3367 5463 3518 5542 Hanc
3552 5459 3789 5526 νιοτίεεὶο,

2191 5533 2689 5609 mam'hlingarvllii
2732 5533 3103 5602 conjecturam
3153 5537 3267 5606 ipse
3311 5533 3520 5604 ﬂagitat
3551 5547 3765 5588 sensus.

2254 5611 2365 5678 (60)
2411 5608 2718 5678 Legendum
2747 5610 2982 5672 videtur,
3015 5609 3080 5661 si.

2254 5672 2365 5751 (6|)
2407 5672 2666 5734 OﬂEndor
2711 5679 2764 5733 in
2815 5694 3039 5732 numero
3086 5674 3367 5746 singulari.
3409 5672 3766 5730 Scribeudum

2184 5753 2416 5815 videtur,
2450 5761 2729 5804 creatores.

2255 5822 2368 5886 ((⁵⁸2)
2409 5821 2476 5874 G.
2505 5816 2791 5873 sanctitati.

2256 5892 2369 5962 (ϋό)
2415 5889 2719 5960 Legendqu
2759 5889 2986 5953 videtur,
3020 5886 3280 5944 ctumlcm.
