4118 6418
367 440 496 495 1761

1293 410 1692 474 ΕΝΑΒΒΑΤΙΟ
1730 408 1797 465 IN
1837 397 2227 460 EPISTULAM
2269 397 2287 451 I
2328 393 2388 451 S.
2425 387 2653 445 PETRI.

3473 367 3613 422 I763

367 560 521 618 alteri
559 569 685 612 vero
709 551 823 606 ait:
855 568 872 602 ι
899 531 1052 610 Filia,
1075 543 1208 597 ﬁdes
1240 550 1328 596 tua
1356 549 1405 594 te
1436 538 1637 592 salvam
1686 526 1932 584 fecit‘h
1967 528 2012 592 Α
2042 529 2116 575 tet
2143 531 2238 571 vos
2284 509 2430 568 nasci
2465 505 2720 564 denuo",
2745 519 2764 553 ι
2800 506 2855 555 et
2897 506 3232 568 quaecunque
3263 487 3607 556 reperiuntur

1867 617 1903 618 κέ
2043 611 2093 618 ··
2353 604 2366 616 ·
2431 601 2510 618 ιυ-
2580 594 2770 618 ηηειη-
2803 589 3104 618 --ι-ηηη.η.
3163 599 3267 618 nn“
3305 595 3423 618 n¢..
3461 589 3607 618 πηιη,

370 617 434 708 Et
457 653 593 715 hac,
619 643 836 717 qni(64)
866 636 1135 696 divinitati
1164 635 1506 700 derogantes,
1538 632 1765 695 possunt
1791 617 1940 673 suﬁi-

371 749 575 804 cienter
605 753 865 812 arguere;
900 736 1087 790 dicens
1114 728 1263 784 enim
1295 738 1418 781 esse
1444 721 1679 792 iudicem
1732 719 1944 768 creato-

374 854 508 903 rem,
541 850 648 890 non
671 808 942 886 Vdubitetis
989 823 1234 880 eumdem
1282 825 1491 887 putare,
1521 811 1629 881 -qui
1667 809 1829 863 Pater
1861 808 1946 858 est

374 897 698 985 dilectarum
728 919 954 978 Christi.
987 916 1326 983 Quapropter
1353 923 1457 962 una
1492 902 1751 959 divinitas
1779 897 1944 953 etiam

376 1037 474 1093 per
505 1021 621 1075 hinc
645 1016 831 1077 verba,
863 1027 917 1065 v.
949 1008 1054 1064 23:
1081 1025 1099 1058 ι
1123 1002 1314 1060 Renati
1349 1013 1454 1054 non
1485 1011 1549 1050 ex
1584 992 1793 1049 semine
1825 1001 1948 1042 cor-

379 1081 638 1182 ruptibili,
687 1105 782 1161 sed
825 1094 1250 1167 incorruptibili,
1283 1089 1448 1143 verbo
1477 1084 1571 1140 Dei
1605 1081 1709 1137 vivi
1743 1088 1797 1135 et
1827 1091 1952 1148 pero

379 1202 667 1261 manentis.
689 1216 706 1250 ι
751 1185 1202 1265 Regenerationis
1234 1193 1291 1238 et
1323 1175 1686 1236 restitutionis
1737 1170 1955 1226 nomine

381 1294 649 1366 signiﬁcat
671 1261 1134 1343 introductionem
1167 1271 1468 1330 nativitatis
1494 1275 1614 1338 post
1637 1261 1957 1320 destructio-

384 1400 504 1441 nem
547 1382 738 1452 prisca:
792 1370 1156 1444 generationis
1208 1364 1428 1420 iactam.
1481 1356 1761 1425 Quomodo
1811 1351 1955 1406 enim

385 1491 492 1530 non
516 1449 703 1527 habuit
723 1463 949 1528 destrui,
968 1476 1089 1516 cum
1111 1464 1256 1513 esset
1276 1449 1667 1520 corruptibilis,
1689 1455 1748 1499 ut
1770 1453 1957 1513 postea

388 1568 697 1630 incorrupta
730 1556 977 1619 veniens,
1021 1557 1264 1604 maneret
1296 1556 1534 1608 aeterna;
1583 1551 1806 1594 servans
1841 1549 1963 1604 per—

390 1655 530 1708 fecte
566 1660 621 1703 et
655 1647 774 1702 sine
827 1642 1006 1710 aliqua
1051 1632 1550 1700 circumscriptione
1583 1629 1704 1682 vita:
1743 1642 1838 1682 eos
1872 1623 1965 1694 qui

393 1750 691 1798 nascuntur
720 1751 786 1790 ex
816 1732 914 1787 ea?
950 1730 1045 1784 Est
1078 1727 1222 1781 enim
1255 1723 1425 1793 prima
1459 1721 1736 1786 nativitas,
1769 1732 1967 1772 secun~

391 1835 519 1889 dum
546 1831 736 1891 Adam,
767 1821 1037 1885 mortalis,
1061 1830 1114 1874 et
1138 1818 1257 1871 ideo
1287 1812 1679 1882 corruptibilis,
1703 1806 1972 1880 posterior

2041 611 2128 665 bis
2160 621 2282 662 esse
2323 601 2542 662 similia,
2575 594 2773 666 quibus
2800 589 3126 651 ostenditur,
3163 599 3268 639 non
3304 595 3423 637 esse
3461 589 3618 633 natu-

2044 716 2160 758 ram
2191 699 2386 753 bonam
2421 701 2476 749 et
2517 690 2741 744 malam.

2119 788 2282 844 Vsus.
2312 786 2366 841 4.
2412 802 2431 836 α
2462 781 2542 837 Ad
2589 793 2750 849 quem
2791 773 3107 829 accedentes
3155 767 3388 837 lapidem
3420 763 3622 826 vivum,

2050 882 2117 936 ab
2161 875 2474 934 hominibus
2523 871 2742 942 quidem
2799 864 3168 933 reprobatum,
3211 873 3239 911 a
3289 858 3398 911 Deo
3444 861 3624 907 autem

2051 973 2280 1029 electum
2325 977 2380 1022 et
2409 961 2852 1022 honoriﬁcatum,
2896 963 2952 1010 et
2982 967 3079 1006 vos
3123 960 3376 1018 tanquam
3423 944 3631 1013 lapides

2054 1063 2161 1118 vivi
2191 1054 2533 1116 aadiﬁcamini
2576 1053 2630 1106 in
2681 1049 2902 1103 domum
2942 1040 3295 1112 spiritualem,
3324 1037 3376 1090 in
3403 1033 3514 1105 (68)
3541 1046 3630 1085 sa-

2057 1152 2355 1210 cerdotium
2407 1151 2676 1204 sanctum,
2711 1138 3003 1194 oﬂerentes
3035 1131 3242 1186 hostias
3278 1120 3636 1194 acceptabilcs

2059 1247 2191 1311 Deo,
2221 1258 2317 1314 per
2347 1239 2534 1296 Jesuln
2562 1234 2862 1291 Christum.
2890 1247 2910 1280 ι
2944 1226 3044 1293 Qui
3077 1225 3142 1277 ad
3175 1218 3522 1286 Evangelium
3549 1227 3639 1266 ac-

2061 1345 2367 1397 cesserunt,
2414 1328 2594 1386 renati
2644 1342 2710 1382 ex
2755 1316 3149 1388 incorruptibili
3203 1312 3431 1372 semine,
3473 1319 3640 1376 genus

2062 1431 2294 1486 electum
2324 1436 2490 1485 atque
2516 1421 2802 1490 probatum
2839 1419 2995 1476 sunt;
3028 1405 3192 1462 simul
3221 1413 3274 1457 et
3299 1401 3406 1456 vivi
3442 1397 3644 1467 lapides

2065 1519 2369 1581 constituti,
2423 1505 2848 1582 superzediﬁcati
2898 1499 3098 1556 viventi
3149 1494 3335 1566 lapidi,
3381 1491 3554 1545 electo
3591 1495 3648 1540 ct

2069 1614 2356 1674 honorato,
2385 1606 2738 1662 fundamento
2766 1593 3130 1666 apostolorum
3155 1596 3209 1640 et
3236 1583 3647 1655 prophetarum,

2071 1703 2137 1758 ad
2167 1697 2555 1771 perﬁciendam
2605 1693 2714 1746 Deo
2745 1683 3080 1757 spiritualem
3113 1681 3356 1738 domum,
3384 1674 3449 1726 ad
3483 1683 3647 1739 quant

2072 1793 2474 1862 perducuntur,
2523 1782 2696 1852 magis
2747 1789 2926 1832 autem
2992 1770 3294 1827 oil'eruntnr
3343 1761 3653 1832 spirituales

395 1849 519 1889 dum
546 1849 736 1891 503m,
767 1849 1037 1885 Illurlulla,
1061 1849 1114 1874 cs
1140 1849 1257 1871 lucu
1287 1849 1371 1870 υυι
1389 1849 1679 1882 ιυγιιυιιισ,
1704 1849 1963 1880 γυν.ν..υ.

395 1937 574 1980 antem
604 1938 667 1976 ex
701 1919 890 1990 spiritu
939 1924 993 1971 et
1041 1911 1204 1967 verbo
1256 1923 1472 1978 semper
1503 1905 1718 1959 vivente
1749 1900 1865 1954 Dei.
1903 1898 1973 1953 Et

2099 1883 2281 1948 lostiae,
2324 1882 2389 1936 de
2417 1877 2612 1946 quibus
2645 1873 2846 1928 dictum
2877 1874 2997 1921 est:
3032 1883 3050 1916 ι
3097 1858 3317 1915 lmmola
3351 1856 3460 1910 Dco
3484 1849 3656 1905 sacri-

2099 1978 2107 1990 ·
2149 1977 2162 1990 ο
2283 1975 2321 1990 -κ
2339 1988 2364 1990 η
2384 1969 2534 1990 12-“-
2554 1986 2567 1990 -
2608 1975 2653 1990 ..ι
2682 1964 2872 1990 ειη-...υ
2891 1975 2906 1990 ο
2930 1977 2946 1990 .
2971 1953 3288 1990 Qonriﬁnnm
3327 1942 3654 1990 sacriﬁcium

305 2029 308 2034 '
397 2016 502 2071 hoc
535 2028 665 2082 ergo
698 2010 942 2072 verbum,
982 2003 1126 2075 quod
1157 2016 1254 2072 pro
1287 1997 1495 2054 semine
1526 1996 1764 2066 ponitur,
1797 1992 1977 2045 incor-

400 2120 555 2179 rupta
589 2109 947 2163 demonstrat,
981 2096 1106 2168 quia
1139 2109 1205 2148 ex
1236 2091 1435 2145 virtute
1464 2097 1519 2140 et
1547 2085 1740 2155 spiritu
1767 2082 1817 2137 ei
1847 2096 1977 2136 con-

401 2209 628 2271 gruente
677 2195 874 2249 dicitur
925 2192 1346 2256 incorruptum:
1384 2178 1618 2236 «Omnis
1664 2177 1833 2239 enim,
1885 2171 1977 2244 qui

405 2291 650 2346 nascitur
677 2303 742 2343 ex
782 2285 910 2350 Deo,
947 2288 1225 2352 peccatum
1265 2290 1372 2331 non
1416 2271 1569 2336 facit,
1609 2269 1861 2340 quoniam
1892 2279 1982 2319 se-

405 2402 527 2440 men
564 2381 681 2452 ejus
715 2380 768 2432 in
800 2391 866 2432 eo
901 2380 1106 2437 manet,
1133 2379 1191 2426 et
1223 2382 1330 2423 non
1363 2372 1544 2435 potest
1575 2373 1822 2432 peccare,
1851 2369 1986 2426 quo-

408 2478 552 2532 niam
580 2449 645 2529 ex
694 2473 800 2527 Deo
835 2477 994 2523 natus
1045 2461 1246 2520 est".l
1283 2460 1361 2514 Ad
1405 2457 1509 2512 hoc
1555 2465 1768 2523 quoque
1810 2449 1988 2518 percl-

409 2568 662 2639 piendum
713 2571 796 2619 est
843 2562 1004 2616 etiam
1054 2555 1230 2612 illud:
1263 2550 1424 2606 «Filii
1457 2545 1606 2618 regni
1651 2552 1779 2599 sunt
1805 2552 1990 2596 semen

413 2662 610 2714 bonum
631 2655 731 2708 ".l
765 2651 887 2707 Ilzec
916 2663 1048 2718 ergo
1076 2643 1332 2700 nativitas
1363 2633 1758 2707 incorruptibili
1789 2629 1993 2687 semine

413 2747 683 2808 consistit,
718 2742 884 2796 verbo
910 2739 1002 2794 Dei
1031 2736 1137 2791 vivi
1164 2745 1219 2790 et
1251 2729 1643 2800 permanentis.

415 2841 587 2908 Λόγον
629 2835 808 2900 ζῶντα
859 2829 1017 2893 Θεοῦ,
1076 2825 1173 2881 καὶ
1248 2823 1438 2877 Vivum
1463 2823 2000 2886 veroetpermanens

420 2931 649 3003 μένοντα
666 2927 746 2987 εἰς
771 2923 863 2976 τὸν
895 2919 1066 2974 αἰῶνα
1085 2916 1174 2970 τὸν
1248 2915 1475 2968 verbum
1525 2911 1758 2966 dicimus
1804 2919 2003 2960 secun-

418 2994 775 3088 sbzﬁsltxdv
827 3029 960 3084 φησι
997 3010 1176 3078 λόγον.
1250 3006 1378 3060 dum
1429 2999 1795 3069 evangelicalll
1838 2994 2004 3050 disci-

1253 3097 1478 3168 plinam.

425 3200 542 3254 lloe
581 3211 708 3266 ergo
739 3189 1085 3257 conscriptor
1114 3185 1372 3255 Epistola:
1417 3180 1748 3237 conﬁrmare
1792 3177 2006 3238 volens,

429 3265 725 3359 assumpsit
769 3282 1073 3351 exemplum
1122 3277 1250 3342 feni.
1302 3276 1510 3336 dicens,
1562 3286 1614 3325 v.
1659 3269 1756 3324 24.
1807 3265 2009 3320 «Δτυίι

430 3355 639 3449 i’l-num,
667 3389 722 3435 et
759 3377 856 3432 ﬂos
885 3377 1002 3443 ejus
1035 3370 1259 3434 decidit,
1290 3365 1516 3420 verbum
1561 3370 1744 3415 autem
1797 3355 2010 3410 Domini

433 3447 671 3532 manet.»
711 3470 842 3537 Quae
875 3479 998 3520 cum
1027 3462 1278 3522 dixisset,
1310 3456 1470 3510 verba
1501 3448 1813 3522 prophetica
1842 3447 2012 3500 inter-

435 3577 679 3638 pretatus
711 3570 818 3627 est,
853 3559 1062 3621 dicens,
1095 3569 1148 3606 v.
1183 3551 1255 3605 25
1280 3564 1296 3604 :
1326 3569 1344 3601 ι
1374 3547 1486 3603 Hoc
1538 3552 1620 3600 est
1663 3549 1844 3596 autem
1893 3550 2016 3591 ver—

436 3663 588 3724 bum,
634 3653 776 3724 quod
820 3647 1251 3718 evangelizatum
1293 3649 1376 3696 est
1405 3639 1550 3692 inter
1578 3647 1695 3688 vos.
1727 3648 1746 3682 ι
1787 3627 2018 3684 Secutus

437 3762 521 3808 est
553 3750 660 3822 illic
685 3745 995 3806 Dominum,
1031 3737 1121 3793 ubi
1151 3736 1262 3790 ait:
1293 3751 1312 3785 ι
1338 3729 1514 3786 Verba
1544 3739 1661 3782 mea
1689 3737 1794 3778 non
1843 3730 2022 3774 trans-

442 3813 686 3900 ibunt“.
721 3859 739 3892 ι
785 3837 843 3892 Si
895 3836 1074 3889 vivum
1110 3840 1196 3885 est
1227 3827 1451 3882 verbum
1493 3829 1548 3876 et
1595 3827 1920 3889 permanens
1966 3810 2022 3864 in

443 3939 551 4002 his,
583 3929 877 4006 signiﬁcari
906 3935 1156 3997 putamus
1189 3920 1317 3976 illud
1347 3915 1490 3987 quod
1519 3920 1639 3968 erat
1668 3910 1719 3964 in
1752 3903 2024 3977 principio

445 3997 585 4098 apud
608 3997 858 4088 D'enm”,
885 4020 976 4074 Dei
1005 4016 1236 4072 Verbum
1261 4010 1396 4082 (65).
1423 4001 1753 4076 Requirendi
1778 3997 2024 4055 sunthm-

453 4123 633 4187 retici,
673 4121 818 4174 circa
848 4129 984 4186 quos
1012 4112 1201 4165 dicunt
1227 4104 1344 4160 ﬁeri
1386 4096 1852 4170 regenerationem
1872 4092 1897 4144 ἰ
1927 4088 2031 4143 Pu-

449 4231 606 4273 tasne
637 4215 780 4270 circa
814 4205 1095 4264 terrenos?
1123 4201 1230 4257 Sed
1259 4191 1593 4266 impossibile
1616 4195 1720 4253 est,
1751 4199 1857 4239 non
1885 4182 2030 4236 enim

451 4322 706 4366 naturam
744 4301 902 4358 habet
935 4297 1068 4368 (66),
1119 4291 1413 4348 secundum
1453 4299 1570 4349 eos,
1616 4273 2034 4346 incorruptibile

455 4395 788 4469 suscipiendi
823 4406 1032 4447 semen.
1058 4386 1115 4442 Si
1142 4398 1270 4438 vero
1305 4381 1408 4436 hoc
1435 4371 1770 4446 impossibile
1795 4378 1900 4430 est,
1932 4365 2038 4421 erit

455 4459 637 4568 potius
685 4483 1035 4558 impossibile,
1078 4479 1144 4535 de
1184 4471 1556 4547 spiritualibus
1601 4467 1715 4522 haec
1765 4459 2036 4529 intelligi:

460 4549 584 4642 nam
608 4584 652 4640 si
677 4549 870 4636 animae
889 4587 1073 4631 semen
1101 4584 1199 4640 per
1215 4562 1574 4622 substantiam
1598 4553 1909 4628 spirituales
1929 4549 2038 4621 (67)

463 4689 588 4738 sunt
617 4685 676 4731 ut
709 4672 810 4743 ipsi
841 4667 1050 4730 volunt,
1079 4661 1210 4730 quid
1239 4657 1319 4713 eis
1341 4652 1572 4722 amplius
1600 4643 1882 4718 generatio
1905 4654 2043 4710 pra:-

462 4775 614 4832 bebit
651 4740 872 4824 utilius?
899 4760 1240 4828 QuaprOpter
1292 4751 1358 4804 de
1416 4740 1720 4798 voluntaria
1752 4744 2044 4806 regenera-

469 4872 616 4925 tione
650 4867 753 4922 hoc
780 4855 1099 4929 sapiendum
1125 4857 1228 4913 est,
1247 4851 1307 4898 ut
1333 4839 1546 4912 possint
1570 4844 1896 4905 congruere,
1923 4838 2045 4897 qua:

469 4968 791 5028 sequuntur.
831 4949 923 5006 Sic
949 4945 1093 5002 enim
1124 4939 1324 4996 habet:

539 5019 694 5101 (IMP.
726 5044 790 5108 ll,
820 5057 972 5096 vsas.
1007 5038 1060 5093 l.
1093 5053 1110 5086 ι
1135 5033 1475 5098 Deponentes
1496 5019 1664 5090 igitur
1691 5027 1909 5071 omnem
1935 5023 2050 5063 ma-

474 5141 672 5198 litiam,
723 5144 778 5188 et
830 5145 1044 5186 omnem
1089 5124 1270 5182 dolum
1331 5127 1387 5174 et
1441 5109 1838 5170 simulationes,
1871 5123 1890 5156 I
1952 5099 2051 5155 rel.

475 5231 686 5286 Turbat
717 5226 860 5279 enim
894 5221 1178 5276 haereticos
1217 5214 1381 5270 etiam
1423 5205 1592 5264 illud:
1623 5219 1641 5254 ι
1663 5199 1778 5257 Nisi
1818 5196 1941 5266 quis
1968 5209 2057 5248 re-

481 5332 644 5378 natus
670 5317 832 5374 fuerit
866 5329 934 5369 ex
969 5325 1106 5380 aqua
1136 5317 1191 5362 et
1219 5302 1526 5376 spiritu“;i
1558 5306 1612 5352 et
1639 5291 1768 5350 illud
1797 5304 1812 5344 :
1844 5309 1862 5340 ι
1883 5286 2058 5355 Opor-

555 5460 600 5491 "
627 5457 757 5510 an.
784 5463 880 5506 vn.
918 5443 1006 5499 50.
1082 5439 1169 5493 "l
1197 5436 1355 5510 Joan.
1389 5449 1473 5510 n_l_.
1599 5500 1613 5510 _
1641 5430 1683 5462 "
1707 5422 2051 5510 Maildufi!“

2113 5413 2204 5470 38.
2277 5409 2324 5442 ”
2357 5407 2522 5461 Marc.
2554 5416 2672 5466 xln,
2708 5397 2798 5470 31ζ

2079 1977 2257 2031 licium
2283 1969 2572 2033 laudis";i
2606 1975 2658 2020 et
2682 1964 2907 2018 iterum:
2930 1977 2947 2009 ι
2971 1953 3289 2010 Sacriﬁcate
3327 1942 3654 2000 sacriﬁcium

2072 2067 2296 2140 iustitia:
2313 2066 2376 2119 ³³.
2393 2083 2411 2116 ι
2439 2061 2564 2117 llaec
2580 2071 2712 2113 vero
2739 2064 2863 2110 sunt
2887 2058 3198 2106 sanctorum
3229 2040 3504 2094 orationes
3527 2047 3659 2088 con-

2083 2158 2364 2230 templatio
2403 2167 2458 2211 et
2513 2161 2668 2207 actus
2701 2144 2904 2218 egregii
2935 2139 3123 2202 oblati,
3169 2150 3276 2189 non
3328 2145 3425 2200 per
3456 2128 3656 2193 (ignra-

2086 2217 2558 2318 tum'pomiﬁcem,
2587 2240 2680 2296 sed
2713 2217 2810 2308 per
2839 2231 3199 2290 sacerdotem,
3232 2223 3321 2293 qui
3362 2217 3659 2276 secundum

2085 2340 2328 2394 ordinem
2373 2305 2764 2389 Melchisedech
2809 2326 3095 2396 permanet
3139 2317 3193 2371 ill
3245 2322 3526 2369 aeternum.
3567 2305 3664 2359 llic

2087 2432 2230 2488 enim
2289 2437 2373 2482 est
2427 2425 2610 2486 Jesns,
2663 2433 2909 2476 summus
2960 2410 3244 2471 Pontifex,
3300 2399 3670 2475 pertransiens

2091 2534 2280 2576 omnes
2315 2515 2502 2573 caelos.
2539 2513 2688 2568 Illius
2715 2523 2844 2580 ergo
2874 2517 3158 2577 personam
3188 2498 3328 2570 gerit
3360 2495 3546 2555 homo,
3583 2504 3671 2542 as-

2092 2622 2337 2683 sumptus
2371 2625 2400 2664 a
2437 2607 2532 2662 Dei
2573 2604 2761 2666 verbo,
2819 2599 2960 2652 unde
2997 2609 3102 2648 non
3141 2591 3216 2656 ei,
3257 2587 3353 2642 sed
3395 2598 3491 2652 per
3524 2595 3667 2640 cum,

2094 2708 2207 2763 Deo
2234 2702 2428 2760 bosﬁa:
2469 2699 2723 2753 dicuntur
2769 2689 2973 2751 oil‘erri,
3013 2699 3137 2740 cum
3185 2677 3438 2735 divinitas
3467 2688 3570 2726 una
3602 2670 3675 2743 sit

2100 2760 2276 2854 ista.
2297 2803 2352 2847 et
2381 2790 2524 2854 Filii,
2550 2797 2606 2843 et
2637 2799 2757 2856 qua:
2784 2783 2894 2837 Deo
2919 2777 3070 2832 Patri
3111 2770 3511 2829 sacriﬁcanlur,
3539 2760 3676 2815 οπε-

2103 2900 2296 2946 runtnr
2319 2896 2374 2941 et
2405 2883 2564 2939 Filio.

2180 2980 2338 3037 Vens.
2371 2979 2428 3044 7,
2463 2975 2516 3031 8.
2551 2992 2570 3028 ι
2613 2969 2771 3024 \‘obis
2792 2981 2922 3037 ergo
2945 2964 3121 3018 honor
3147 2951 3532 3012 credentibus:
3561 2959 3668 2998 non

2109 3071 2454 3130 credentibus
2478 3073 2680 3126 autem,
2716 3060 2876 3129 lapis,
2915 3070 3076 3126 quem
3102 3047 3532 3120 reprobavernnt
3557 3037 3689 3092 mdi-

2113 3171 2357 3230 ilcantes,
2380 3162 2470 3216 hic
2503 3159 2677 3213 factus
2699 3162 2780 3209 est
2805 3152 2859 3204 in
2881 3155 3045 3216 caput
3069 3141 3272 3214 anguli,
3288 3147 3344 3194 et
3366 3134 3501 3202 lapis
3515 3129 3686 3184 oﬁ‘en-

2112 3259 2310 3320 sionls,
2342 3222 2396 3309 et
2426 3260 2577 3322 petra
2621 3243 2861 3302 scandali
2897 3238 3032 3311 (69),
3067 3236 3157 3307 qui
3191 3230 3471 3287 oﬂ'enduut
3503 3222 3690 3284 verbo,

2113 3363 2214 3402 nec
2242 3345 2494 3406 credunt,
2522 3342 2574 3394 in
2606 3353 2716 3406 quo
2741 3345 2797 3389 et
2819 3332 2979 3403 positi
3006 3338 3151 3385 sunt.
3189 3345 3209 3377 ι

2185 3437 2338 3493 Sicut
2363 3404 2545 3494 Iesus,
2576 3404 2700 3482 cum
2734 3426 2806 3479 sit
2842 3423 3048 3481 lumen,
3101 3417 3299 3470 iterum
3342 3409 3409 3464 ad
3434 3404 3694 3477 judicium

2115 3529 2269 3586 venit
2294 3528 2348 3581 in
2381 3522 2664 3581 mundum,
2698 3524 2757 3570 ut
2786 3513 3112 3568 illuminaret
3135 3521 3249 3566 eos,
3269 3499 3698 3570 quicrecierant,

2117 3632 2244 3678 ante
2291 3617 2408 3685 ejus
2459 3614 2772 3673 adventum,
2816 3613 2870 3660 ct
2898 3605 3222 3658 excaecaret,
3254 3593 3345 3662 qui
3385 3589 3525 3644 male
3552 3586 3703 3639 vidc-

2123 3716 2252 3771 bant
2273 3711 2322 3743 “
2351 3725 2367 3762 :
2405 3707 2484 3763 sic
2513 3704 2676 3761 etiam
2701 3699 2912 3770 positus
2941 3703 3024 3749 est
3069 3689 3136 3745 ad
3189 3687 3401 3742 ruinam
3433 3690 3490 3735 et
3527 3692 3705 3732 resur-

2125 3803 2424 3878 rectionem
2455 3794 2748 3853 multorum
2777 3790 2830 3844 in
2882 3783 3044 3842 Israel
3085 3782 3151 3847 ³⁵,
3195 3787 3251 3834 et
3297 3773 3543 3831 excitans
3574 3782 3688 3830 eos,

2126 3899 2216 3969 qni
2246 3901 2467 3965 peccato
2509 3890 2850 3946 corruerant,
2897 3888 2953 3934 et
2995 3887 3254 3931 corruere
3301 3867 3511 3924 faciens
3538 3861 3705 3930 quiin

2129 3953 2370 4060 peccatis
2404 3990 2605 4038 statum
2660 3971 3042 4030 ﬁrmissimum
3093 3961 3466 4034 possidebant.
3521 3953 3614 4008 Sic
3655 3960 3712 4005 et

2132 4093 2254 4134 cum
2284 4073 2422 4145 lapis
2449 4071 2659 4126 electus
2686 4074 2740 4121 et
2761 4065 3059 4119 honoratus
3090 4054 3181 4118 sit,
3203 4053 3461 4108 honorem
3493 4048 3710 4114 prmstat

2134 4172 2202 4227 iis
2225 4166 2318 4239 qui
2342 4136 2454 4236 'per
2482 4161 2642 4217 ﬁdem
2675 4151 3175 4225 supertediﬁcantur
3198 4145 3252 4198 ill
3283 4156 3370 4203 eo,
3394 4136 3716 4193 fundamen-

2135 4271 2248 4318 tum
2296 4270 2486 4314 eorum
2532 4247 2972 4307 robustissimum
3025 4239 3378 4294 vehementer
3417 4227 3712 4284 exsistens.

2139 4351 2293 4422 Apud
2327 4362 2440 4410 eos,
2477 4344 2568 4414 qui
2610 4356 2715 4396 non
2749 4336 2999 4400 credunt,
3033 4346 3138 4386 non
3191 4320 3524 4382 honorabilis
3549 4355 3565 4379 ,
3621 4313 3716 4367 sed

2140 4440 2458 4502 oil‘ensionis
2491 4444 2574 4492 est
2601 4433 2760 4503 lapis,
2791 4439 2845 4486 et
2879 4437 3032 4499 petra
3073 4417 3336 4487 scandali,
3364 4427 3485 4468 cum
3515 4406 3721 4465 similes

2072 4552 2118 4611 ι)
2145 4537 2412 4591 exsistant
2438 4520 2882 4583 aediﬁcatoribus,
2903 4515 2992 4587 qui
3029 4512 3392 4580 despexerunt
3431 4516 3580 4558 eum.

2145 4587 2442 4680 recisam
2485 4619 2536 4671 οἱ
2572 4617 2637 4668 ὲκ
2666 4626 2884 4683 περιτοο
2960 4604 3025 4660 Hi
3091 4612 3324 4668 namque
3367 4601 3494 4650 sunt
3523 4587 3727 4644 Scriba

2149 4722 2254 4794 μῆς
2291 4718 2460 4772 πάλαι
2506 4711 2769 4784 πρότερον
2813 4705 2891 4758 οἱ-
2961 4706 3015 4752 ct
3041 4690 3324 4750 Pharisaei.

2148 4809 2504 4883 κοδομοῢντες
2531 4800 2886 4876 Γραμμτεῖς

2151 4906 2248 4961 καὶ
2279 4899 2562 4972 Φαρισαῖοι
2590 4893 2684 4947 καὶ
2701 4891 2890 4960 ἀρχιε-

2157 5002 2291 5074 ρεῖς.

2159 5044 2291 5074 Γ-·ν·

2159 5093 2240 5147 Ad
2266 5092 2370 5144 hoc
2390 5085 2558 5147 enim,
2605 5080 2708 5134 hoc
2734 5083 2840 5138 est,
2871 5069 2936 5124 ad
2962 5081 3070 5123 non
3105 5055 3436 5118 credendum
3469 5059 3523 5103 et
3569 5044 3740 5099 oi'l'en-

2163 5181 2421 5241 dendum,
2442 5177 2495 5230 ill
2527 5189 2592 5228 eo
2623 5135 2836 5240 positos
2853 5161 2986 5220 dicit
3004 5171 3098 5213 eos
3126 5151 3218 5223 qui
3249 5149 3315 5202 ab
3352 5144 3470 5212 ejus
3499 5135 3744 5193 doctrina

2165 5269 2515 5329 dissentiunt.
2557 5235 2652 5318 Est
2694 5265 2872 5314 autem
2897 5249 3118 5324 positio,
3152 5257 3255 5313 qua
3275 5235 3434 5310 positi
3471 5238 3616 5292 sunt,
3645 5241 3740 5279 vo-

2875 5391 2922 5424 ”
2950 5387 3104 5444 Joan.
3135 5398 3172 5446 l,
3196 5380 3248 5434 ί.
3329 5375 3373 5407 ³⁸
3397 5371 3550 5426 Joan.
3583 5380 3668 5430 ill,
3691 5364 3748 5420 δ.

555 5465 600 5491 ’³
628 5465 757 5510 an.
784 5465 880 5506 vn.
918 5465 1006 5499 au.
1085 5465 1128 5471 -ν
1152 5465 1169 5493 ι
1197 5465 1355 5492 συειιι.
1393 5465 1473 5493 ιιι,
1513 5465 1564 5485 υ,
1931 5465 1998 5473 ην

483 5531 530 5563 ⁸⁸
558 5529 687 5586 ibid.
710 5526 765 5580 5.
841 5519 888 5550 "
911 5512 1056 5571 Psal.
1081 5522 1226 5572 uix,
1257 5505 1347 5558 14.
1427 5503 1470 5534 ³³
1494 5500 1636 5555 Psal.
1668 5512 1741 5562 lv,
1777 5496 1830 5549 6.
1905 5491 1950 5523 "
1978 5488 1998 5544 .I

2099 5465 2243 5548 nix,
2274 5479 2364 5535 59.
2445 5477 2488 5508 ³⁵
2513 5465 2736 5534 Luc.ll,
2769 5465 2858 5520 54.

561 5666 676 5748 (σθ)
701 5665 812 5748 ,ΑΨ
837 5647 1390 5748 961°991'3333“:..i‘."
1407 5632 1912 5748 li?..§£:’“’”““‘“‘“'

489 5719 872 5813 quivdt’vinitatt:
899 5730 1204 5813 άξξ⁰99¹ξ⁸⁸³
1233 5724 1377 5778 wn"
1407 5719 1642 5781 Panum.

567 5793 679 5876 i655)
717 5801 900 5876 Qarpit
931 5793 1252 5876 Manichicos

723 5849 1180 5931 lle-crtiusillabent,
1212 5869 1404 5928 nempe
1441 5849 1663 5909 terreni.

982 5971 1032 5982 ...ρ

2239 5618 2354 5690 (67)
2392 5613 2641 5690 Corrigc,
2687 5605 2994 5690 Semela”;
3023 5588 3329 5690 |spiritu-ale.

2396 5666 2592 5773 itared'.
2625 5666 2899 5754 princeps.
2938 5666 3057 5722 Gal.
3097 5672 3167 5716 et.
3547 5721 3558 5732 ⁸

2274 5760 2339 5816 69
2396 5756 2531 5811 (.unl
2557 5746 2846 5807 Gallandlo
2889 5729 3344 5806 interponendum
3377 5733 3479 5788 est,
3511 5723 3556 5776 lll

2396 5723 3344 5811 auin‘éa'llanditrrinterponendum
3377 5733 3479 5788 est,
3511 5723 3608 5811 his.

2261 5858 2263 5866 Α
