4118 6448
568 369 701 423 Ιτϐἶ

561 481 818 552 luutaria,
856 488 1071 550 initiutn
1123 515 1230 556 non
1259 509 1517 567 credendi
1549 531 1764 585 gerens.

546 848 784 910 dendum
819 872 848 912 a
895 868 1206 936 semetipsis
1244 884 1370 931 sunt
1407 880 1591 946 positi,
1620 891 2127 956 cognatiexsisten-

546 948 628 996 tes
657 959 842 1003 eorum
871 954 963 1021 qui
994 959 1171 1013 traditi
1192 973 1318 1017 sunt
1342 969 1409 1020 ad
1430 977 1790 1034 contumelias
1813 987 2124 1051 passionum

541 1040 596 1085 et
623 1039 912 1103 reprohum
936 1058 1173 1103 sensum.
1205 1051 1340 1118 Quia
1378 1061 1521 1114 enim
1546 1079 1834 1132 peccantes
1863 1075 1916 1130 in
1957 1081 2122 1139 multa

537 1126 792 1189 patientia
828 1145 920 1185 eos
939 1141 1193 1203 portabat
1226 1144 1388 1212 Deus,
1421 1126 1834 1217 contemnentes
1872 1166 2120 1240 benigni-

535 1222 698 1270 tatem
733 1229 786 1273 et
820 1220 1288 1294 longanimitatent
1322 1240 1472 1309 ejus;
1509 1257 1628 1313 post
1655 1253 1880 1312 multam
1919 1260 2119 1320 invita-

532 1303 737 1363 tionem
787 1313 1204 1390 doctrinamque
1255 1303 1477 1400 reliquit
1503 1349 1600 1390 eos
1649 1345 1950 1401 secundum
1986 1365 2112 1419 pro-

529 1394 704 1460 priam
745 1414 971 1472 pergere
1019 1413 1350 1471 voluntatem
1369 1394 1393 1482 ;⁹
1429 1427 1653 1491 quando
1706 1431 1842 1489 alios
1893 1394 2111 1507 quidem

528 1488 752 1543 tradidit
797 1495 1008 1553 cmlesti
1064 1503 1268 1561 militia:
1301 1511 1598 1582 deservire,
1645 1519 1780 1578 alios
1813 1537 1994 1583 autem
2019 1533 2110 1586 di-

522 1581 697 1635 versis
739 1591 1202 1658 concupiscentiis
1235 1602 1417 1657 cordis
1454 1607 1537 1661 sui
1582 1610 1648 1664 ad
1684 1613 2101 1685 impudicitiam.

1686 1665 2101 1685 ,___,_-__..,.........

516 1665 691 1725 Nemo
721 1674 772 1728 iu
799 1692 856 1732 se
887 1680 1106 1750 quidem
1148 1691 1396 1760 miretur,
1430 1700 1679 1764 audiens,
1703 1709 1961 1775 quoniam
1999 1730 2101 1770 una

516 1771 604 1812 res
628 1760 748 1817 aliis
784 1768 854 1820 sit
889 1771 955 1823 ad
991 1774 1302 1845 utilitatem,
1351 1782 1475 1841 aliis
1507 1791 1575 1842 ad
1607 1792 1908 1853 laesionem.
1944 1803 2104 1858 Vide-

514 1861 634 1902 mus
656 1853 801 1908 enim
828 1861 1076 1916 eumdem
1103 1865 1282 1921 cibum
1311 1870 1431 1927 aliis
1453 1876 1670 1944 quidem
1698 1887 1950 1954 salutem,
1979 1892 2100 1950 aliis
2133 1891 2176 1945 Β

508 1937 655 1993 ferre
688 1958 898 2002 necem.
935 1949 1080 2007 Idem
1108 1957 1244 2012 odor
1290 1969 1556 2033 unguenti
1595 1971 1718 2028 aliis
1744 1977 1960 2044 quidem
1999 2001 2098 2039 l0-

508 2039 598 2082 cct
629 2042 790 2100 atque
819 2042 1134 2111 mortiﬁcat,
1172 2049 1294 2106 aliis
1317 2056 1558 2122 prodest.
1589 2061 1679 2116 Sic
1705 2039 1775 2120 ct-
1795 2071 2095 2138 spirituali-

521 2129 606 2174 ter
630 2128 1004 2196 accipiendum
1023 2146 1127 2202 est,
1155 2144 1412 2209 quoniam
1445 2155 1672 2219 apostoli
1693 2157 1892 2218 Christi
1917 2164 2090 2225 bonus

501 2211 634 2264 odor
669 2225 814 2279 sunt,
867 2221 990 2276 aliis
1039 2228 1174 2282 odor
1219 2246 1287 2286 ex
1330 2235 1442 2292 vita
1499 2240 1550 2294 in
1599 2244 1803 2314 vitam,
1868 2254 1988 2310 aliis
2020 2274 2087 2312 ex

501 2312 677 2356 morte
703 2305 754 2358 in
793 2321 1026 2366 mortem
1061 2316 1126 2370 ³⁷.
1173 2318 1327 2379 Hunc
1361 2341 1669 2389 sermonem
1723 2344 2082 2415 extendimus,

495 2407 560 2445 eo
580 2397 727 2462 quod
757 2402 900 2456 male
946 2407 1164 2474 quidam
1187 2411 1309 2469 istis
1340 2426 1585 2482 utuntur.

567 2484 732 2544 Vens.
757 2491 810 2548 9.
847 2513 866 2546 ι
911 2495 1018 2554 Vos
1059 2511 1238 2560 autem
1268 2523 1439 2579 genus
1473 2515 1733 2590 electum,
1780 2528 1963 2598 regale
1988 2547 2078 2587 sa-

489 2579 818 2648 cerdotium,
861 2601 995 2652 gens
1037 2605 1249 2663 sancta,
1303 2603 1536 2672 populus
1586 2613 1990 2687 acquisitionis,
2020 2633 2078 2678 ut

487 2669 710 2726 virtutes
730 2683 1064 2739 annuntietis
1093 2686 1173 2743 eis
1208 2689 1344 2762 (70),
1376 2669 1398 2747 ἰ
1431 2707 1538 2754 etc.

555 2759 866 2822 Secundum
898 2780 1135 2830 veterem
1164 2759 1576 2851 dispositionem
1602 2792 1758 2865 legis,
1784 2799 1930 2856 aliud
1955 2815 2072 2860 erat

481 2863 734 2919 rcgnum,
787 2869 842 2914 et
888 2862 1034 2920 aliud
1082 2874 1417 2932 sacerdotale
1470 2896 1664 2949 genus,
1725 2893 2068 2951 sacerdotale

480 2957 714 3015 namque
744 2965 772 3002 a
801 2951 954 3020 Levi,
981 2961 1159 3028 regale
1184 2977 1250 3018 ex
1293 2965 1432 3024 Juda
1471 2989 1670 3041 genere
1717 2986 2060 3041 succedebat.

477 3033 633 3090 Alter
660 3042 803 3096 enim
829 3049 969 3114 apud
1004 3049 1260 3111 llebrzeos
1303 3062 1594 3144 regnabat,
1619 3075 1674 3120 et
1707 3070 1848 3125 alter
1877 3088 2061 3130 sacer-

473 3123 676 3182 dotium
702 3133 1000 3192 obtinebat.

541 3213 670 3270 Post
697 3218 844 3274 illam
882 3225 1064 3289 itaque
1100 3233 1550 3296 constitutionem
1576 3251 1840 3306 successit
1867 3254 2052 3313 Evan-

2175 3213 2438 3300 gentibus,

468 3305 686 3373 gelium,
715 3325 881 3368 unum
915 3327 969 3370 et
992 3325 1238 3381 eumdem
1255 3333 1594 3392 sacerdotem
1615 3355 1904 3416 regemque
1924 3365 2054 3407 con-

466 3397 719 3456 stituens.
775 3406 1026 3467 Christus
1082 3431 1318 3489 namque
1361 3434 1657 3501 utrumque
1681 3446 1785 3492 est.
1819 3439 1899 3494 Ad
1927 3459 2050 3500 eum

464 3504 698 3560 namque
746 3497 951 3556 dictum
1000 3516 1124 3562 est:
1167 3529 1186 3563 ι
1225 3513 1304 3568 Tu
1343 3532 1404 3572 es
1474 3528 1732 3584 sacerdos
1783 3531 1834 3586 in
1889 3546 2049 3592 aeter-

463 3595 590 3634 num
615 3583 698 3648 ⁸⁸ς
738 3607 756 3640 ι
793 3600 847 3645 et
896 3594 1133 3654 iterum:
1174 3622 1192 3654 ι
1250 3606 1360 3677 Ego
1393 3616 1655 3673 suscitari
1691 3636 1819 3678 cum
1861 3643 2044 3699 regem

457 3686 577 3726 cum
596 3675 862 3743 justitia.»
893 3685 1000 3741 Sed
1036 3700 1090 3744 et
1124 3693 1238 3762 ipse
1265 3675 1332 3751 dc
1356 3715 1417 3755 se
1437 3704 1569 3760 dicit
1596 3724 1610 3760 :
1643 3727 1663 3759 ι
1715 3711 1824 3782 Ego
1861 3675 2042 3776 auliem

455 3768 782 3827 constitutus
801 3789 922 3831 sum
945 3795 1040 3836 rex
1071 3783 1139 3837 ab
1159 3801 1227 3841 eo
1256 3787 1470 3854 '°,ahoc
1499 3807 1636 3866 est,¢
1672 3817 1700 3856 a
1729 3803 1859 3861 Deo.
1898 3827 1918 3862 ι
1948 3810 2043 3869 His

1800 411 2034 474 DIDYMI
2073 423 2543 493 ALEXANDRINI

1819 525 1970 584 Sicut
2004 537 2146 590 enim
2177 545 2220 602 Α
2255 562 2353 615 σης

560 577 813 643 mumlus,
849 585 940 653 qui
973 587 1025 641 in
1056 593 1292 663 maligno
1323 605 1532 671 positus
1566 621 1652 666 est
1681 614 1748 679 ³⁸,
1788 635 1892 676 non
1936 640 2002 680 ex
2044 645 2138 682 ua-

555 673 699 731 tura,
740 672 834 725 sed
857 689 922 729 ex
945 681 1197 746 passione
1226 691 1444 758 propria
1496 699 1824 765 positionem
1861 710 2052 767 habuit
2082 717 2135 774 in

551 758 822 831 maligne;
869 767 964 832 ita,
996 780 1052 825 et
1091 775 1158 830 de
1181 780 1378 846 quibus
1404 799 1586 844 sermo
1615 801 1720 859 est,
1754 797 1823 852 ad
1854 817 1958 856 non
2008 821 2132 863 cre-

3703 479 3727 532 1
3743 483 3844 537 764

3091 577 3334 632 extranei
3363 580 3432 635 ab
3470 591 3612 643 omni
3653 598 3842 661 perdi.

3081 662 3230 718 tione
3299 669 3448 737 facti,
3500 685 3830 753 acquisitio,

2960 729 2963 730 ,
3434 729 3445 737 σ
3544 729 3830 753 ηι---υ---νν

2236 729 2298 782 τὸ
2331 737 2452 787 κατ’
2479 737 2756 813 ἐξαίρετον
2780 749 2837 801 ὲν
2882 767 2982 803 πε-
3076 767 3196 821 qua:
3221 758 3357 816 titcx
3391 764 3496 830 his,
3523 773 3614 839 qui
3649 781 3832 834 susci-

2237 825 2450 896 ριουσίᾳ
2489 831 2585 883 καὶ
2618 837 2857 907 κτήματι
2882 841 2971 894 λε-
3075 847 3314 919 piuutur,
3357 871 3462 911 non
3515 864 3607 932 qui
3659 871 3830 940 proji-

2237 906 2550 940 150.-..1.--“

2231 906 2570 982 λογισμένον.
2709 906 2715 907 ί
3070 906 3312 998 ciuntur:

2231 1001 2569 1074 Fugiendum
2595 1027 2677 1070 est
2708 1017 2906 1090 itaque,
2938 1027 3004 1082 de
3049 1035 3259 1088 naturis
3289 1035 3476 1110 loqui,
3515 1053 3661 1116 quod
3704 1056 3819 1114 Ma-

3363 1096 3380 1110 ,
3464 1096 3476 1108 ,
3520 1096 3658 1116 τη..
3704 1096 3819 1114 υ...-

2225 1096 2418 1153 nichtei
2451 1118 2778 1178 proponunt,
2801 1117 3042 1174 dicentes
3076 1117 3272 1182 bonam
3298 1145 3392 1185 seu
3430 1141 3627 1196 malam
3661 1160 3821 1205 natu-

2223 1202 2361 1255 ram,
2412 1195 2576 1252 etiam
2628 1216 2848 1274 propter
2884 1226 3186 1280 praesentes
3239 1236 3436 1293 voces;
3491 1249 3613 1290 nam
3662 1248 3810 1310 quod

2223 1279 2434 1310 οιιηιιω.
2493 1304 2591 1310 ---
2633 1307 2647 1310 -
2807 1309 2811 1310 ν
3063 1308 3072 1310 ‘

2217 1279 2454 1351 eligitur,
2493 1304 2596 1344 non
2623 1307 2687 1348 ex
2725 1309 2940 1368 natura,
2982 1308 3076 1362 sed
3102 1310 3322 1370 virtutis
3371 1334 3600 1382 munere
3629 1336 3807 1400 possi-

2217 1369 2374 1400 ιιι-ιι...-

2215 1369 2394 1430 detur.

2227 1463 2444 1542 Ἐπειδὴ
2471 1472 2527 1526 δὲ
2551 1476 2659 1531 ἀπὸ
2684 1481 2956 1557 διαφόρων

2211 1555 2382 1615 ὲθνῶν
2428 1568 2520 1620 καὶ
2566 1574 2813 1645 νομίμων
2861 1599 2952 1634 κε-

2210 1649 2476 1722 κλήμεθα,
2529 1661 2588 1712 ἐν
2625 1664 2703 1734 τῷ
2748 1668 2950 1725 ἀναλα-

2208 1737 2323 1794 ϐεῖν
2373 1748 2505 1814 μίαν
2553 1754 2799 1828 γνώμην,
2849 1768 2950 1836 μιᾷ

2207 1829 2388 1886 πίστει
2455 1841 2548 1893 καὶ
2626 1845 2946 1929 διδασκαλίᾳ

2207 1926 2590 1997 προσέχοντες,
2611 1936 2677 1990 δι’
2703 1941 2769 2011 ἢν
2797 1945 2941 2022 ψυχὴ

2205 2015 2295 2066 καὶ
2326 2021 2522 2089 καρδία
2554 2027 2672 2097 μία,
2707 2033 2765 2086 ἒν
2785 2036 2939 2106 ἅγιον

2201 2102 2351 2173 ἔθνος
2377 2113 2565 2186 ἐσμὲν,
2588 2123 2681 2176 καὶ
2710 2102 2938 2200 λαὸς-είς

2197 2210 2548 2278 περιποίησιν
2577 2257 2590 2279 ,
2659 2225 2934 2282 τουτέστιν

2193 2293 2274 2356 εἰς
2303 2296 2592 2378 ἀποδοχήν.

2401 551 2678 621 ἀπωλείας
2725 580 2987 636 γεγεννη-

2243 639 2416 706 μένοι.
2469 646 2830 725 Περιποίησις
2876 659 2987 730 γὰρ

3825 1433 3838 1454 θ

3059 1491 3420 1558 ρυωτεηιίιηη
3472 1520 3556 1564 est
3597 1469 3834 1586 autem.‘

3054 1591 3362 1660 quomodo;
3381 1601 3506 1658 dum
3534 1623 3600 1664 ex
3628 1620 3806 1670 omni-

3055 1675 3155 1734 bus
3189 1689 3438 1750 gentibus
3473 1697 3582 1753 sint
3618 1710 3803 1765 vocati
3857 1753 3860 1756 .

3051 1769 3282 1843 ﬁdeles,
3358 1801 3519 1844 unam
3577 1811 3797 1866 gentem

3047 1882 3292 1929 sanctam
3309 1893 3403 1936 eos
3421 1898 3542 1941 esse
3569 1891 3793 1954 dixerit.

3045 1957 3111 2012 Et
3155 1963 3482 2039 dicendum,
3517 1982 3640 2047 quia
3688 1987 3799 2044 for-

3042 2064 3160 2119 san,
3186 2054 3310 2112 licet
3327 2076 3390 2117 ex
3415 2066 3640 2127 diversis
3658 2091 3798 2145 gen-

3047 2142 3186 2200 tibus
3232 2150 3339 2207 sint
3369 2164 3565 2225 vocati,
3603 2142 3790 2227 tamen

3038 2249 3105 2288 eo
3159 2245 3303 2310 quod
3334 2257 3642 2321 respuerint
3663 2279 3791 2317 om-

3038 2343 3162 2386 nem
3205 2343 3524 2415 vanitatem,
3560 2368 3792 2425 propter

2189 2425 2349 2480 quam
2373 2430 2559 2488 gentes
2585 2428 2828 2500 dispersa
2860 2440 3272 2516 vitlehantur,et
3293 2468 3635 2533 snsceperint
3685 2488 3784 2529 vo-

2189 2501 2442 2533 Imm”
2487 2531 2498 2533 _
2840 2530 2851 2533 _

3037 2503 3041 2506 .
3102 2501 3272 2516 νπ-,ν-
3293 2501 3635 2533 υ--υνιρνυιιιιι
3688 2501 3767 2529 ‘0‘

2186 2501 2445 2565 luntatem
2487 2531 2667 2585 unam,
2697 2530 3051 2603 eamdemque
3083 2556 3344 2612 mente-u,
3387 2570 3550 2611 unam
3588 2568 3767 2635 respi.

2186 2597 2388 2635 nianrna
2440 2608 2626 2635 ..εει-ηΔ
2690 2617 2814 2635 κιεμ·
2859 2623 2891 2635 ι·
3139 2634 3148 2635 ί

2181 2597 2389 2656 cientes
2440 2608 2629 2679 utique
2681 2597 3021 2691 disciplinain
3043 2641 3097 2686 et
3125 2634 3283 2693 tidem
3313 2659 3497 2703 unam.

2245 2689 2471 2756 Quando
2491 2703 2670 2759 anima
2691 2719 2747 2764 et
2770 2727 2865 2766 cor
2882 2717 2952 2770 sit
2971 2725 3212 2782 omnium
3244 2737 3598 2804 credentium.
3644 2751 3768 2808 ideo

2177 2791 2282 2833 una
2318 2798 2452 2852 gens
2475 2790 2601 2847 dicti
2628 2811 2748 2853 esse
2775 2817 3093 2868 noscuntur.

2248 2865 2410 2926 Vens.
2442 2876 2524 2933 l0.
2573 2897 2593 2932 ι
2623 2883 2721 2948 Qui
2759 2889 3050 2961 aliquando
3076 2920 3180 2960 non
3205 2915 3464 2982 populus;
3494 2939 3633 2981 nunc
3664 2946 3769 2986 au-

2249 2971 2276 2986 η
2312 2963 2539 2986 ηραν-ιυ-
2585 2969 2621 2986 "
2665 2972 2678 2984 '

3206 2961 3225 2974 τ
3246 2961 3430 2975 ..γ--..υ
3451 2962 3463 2982 ,
3494 2961 3633 2981 ..η-η,
3664 2961 3762 2986 ειυ-

2173 2961 2278 3007 tem
2312 2963 2541 3028 populus
2583 2969 2699 3038 Dei,
2747 2993 2976 3046 quormn
3026 2992 3315 3062 aliquando
3358 3021 3464 3063 uou
3502 3017 3762 3080 misertus

2173 3054 2244 3080 Pal
2297 3063 2438 3080 IIII-mh
2462 3065 2633 3080 “··¹“-“
2745 3067 2754 3077 ’

2167 3054 2268 3107 est,
2297 3063 2438 3106 nunc
2460 3065 2637 3114 autem
2684 3067 2998 3129 miseretur.
3045 3101 3062 3131 ο

2239 3136 2584 3217 lutelligenti,
2623 3162 2880 3226 quoniam
2913 3170 2980 3225 de
3014 3173 3119 3241 his,
3163 3183 3253 3250 qui
3295 3190 3638 3252 crediderunt
3672 3218 3748 3259 ex

2239 3228 2415 3259 ..ιςιηη
2481 3237 2589 3259 Ι----
2820 3255 2831 3259 “

3105 3237 3115 3241 _
3181 3237 3194 3250 _
3672 3237 3748 3259 ω

2479 3237 2595 3296 haec
2619 3255 2925 3324 conscripta
2963 3274 3109 3330 sunt,
3138 3272 3267 3327 nihil
3292 3285 3527 3337 occurrit
3553 3289 3749 3346 adver-

2159 3338 2299 3393 sum,
2349 3338 2604 3400 quoniam
2649 3360 2776 3406 ante
2819 3358 3193 3430 vocationem,
3241 3386 3362 3426 cum
3418 3394 3522 3434 non
3567 3398 3753 3444 essent

2159 3421 2509 3444 ,κληηιη-ηλ
2590 3441 2598 3444 -
2689 3437 2701 3444 ·

3181 3421 3192 3430 ,
3249 3421 3361 3426 ------
3418 3421 3522 3434 νιν·-
3567 3421 3753 3444 κως-ιι

2155 3421 2388 3488 populus
2417 3425 2509 3484 Dei
2550 3441 2605 3486 et
2629 3437 3062 3506 misericordiam
3104 3470 3588 3535 consequerentur.
3619 3492 3753 3531 ero-

2155 3509 2260 3535 nnl:
2287 3527 2312 3535 ιι
2350 3513 2451 3535 “-τ
2487 3534 2494 3535 τ

3274 3509 3588 3535 η..ν.ι......,
3619 3509 3750 3531 υνυ-

2154 3509 2260 3564 cati
2286 3527 2313 3563 a
2348 3513 2459 3570 Deo
2485 3534 2790 3598 venerunt;
2825 3536 2990 3592 multa
3019 3559 3249 3616 namque
3273 3569 3336 3607 ex
3369 3558 3470 3614 hoc
3505 3566 3750 3622 adversi-

2155 3607 2236 3654 tas
2281 3609 2532 3666 consistit
2553 3630 2738 3674 contt-a
2761 3639 2875 3693 eos,
2899 3631 2988 3697 qui
3022 3647 3231 3704 putant,
3265 3645 3378 3701 haec.
3410 3651 3476 3706 de
3513 3655 3745 3716 diversis

2149 3705 2267 3750 esse
2304 3707 2608 3776 conscripta
2651 3720 2881 3776 naturis.
2925 3721 3038 3780 Non
3080 3732 3224 3788 enim
3258 3741 3514 3805 possibile
3542 3761 3648 3814 est,
3671 3754 3742 3808 de

2149 3785 2505 3814 oni-:n..-I:L,,,
2561 3801 2593 3814 ι.
2633 3805 2646 3814 .
2780 3809 2793 3814 -
2869 3811 2883 3814 _

2145 3785 2517 3854 εΡῘΓῘιυειῙῙῢυε
2541 3801 2670 3868 dici.
2702 3809 2828 3876 quia
2860 3811 3080 3874 fuerunt
3106 3785 3397 3894 aliquando
3427 3852 3533 3892 non
3565 3792 3736 3910 pn;)n_

2145 3874 2226 3910 t...
2271 3887 2587 3910 -....:--__.-,
2651 3898 2682 3910 ..
2932 3908 2941 3910 -

1793 3856 1797 3857 ν
1847 3856 1859 3861 -
1898 3856 1914 3862 ν
1948 3856 2043 3869 ----
2613 3856 2623 3857 ί
2657 3856 2670 3868 ν
2708 3856 2828 3876 -.—--
2860 3856 3080 3874 -ισιιυιιι
3106 3856 3397 3894 ειιιμιίιηυυ
3427 3856 3533 3892 nou
3565 3857 3726 3910 pnpn-

453 3856 636 3928 itaque
663 3864 1017 3939 dispensatis,
1046 3882 1416 3937 necessarium
1445 3856 1599 3956 erat;
1621 3893 1896 3965 dispersos
1923 3903 2037 3974 (τι)
2142 3874 2244 3945 lus,
2270 3890 2323 3936 et
2346 3887 2774 3954 misericordiam
2799 3919 2905 3959 non
2930 3908 3212 3983 habent“,
3240 3937 3419 3992 neque
3442 3943 3631 3990 rursus
3657 3940 3726 3993 de

453 3953 520 3993 ah
547 3970 612 3993 an
663 3962 755 3993 nn:
805 3965 963 3993 ..:.....I
992 3984 1082 3993 ω...
1121 3983 1163 3993 Α.
1201 3990 1274 3993 -_,
1375 3981 1387 3993 .
1662 3989 1674 3993 _

449 3953 520 4008 ab
547 3970 634 4021 eo,
663 3962 755 4027 qui
805 3965 963 4021 simul
991 3984 1084 4024 rex
1114 3983 1169 4026 ct
1196 3981 1454 4037 sacerdos
1489 3996 1594 4050 est,
1625 3989 1865 4050 electum
1915 4013 2036 4060 esse

450 4057 618 4110 genus
635 4058 690 4102 ct
709 4054 886 4124 regale
909 4059 1070 4114 sitnul
1096 4071 1262 4134 atque
1288 4073 1646 4131 sacerdotale.

2137 4070 2244 4112 non
2279 4064 2709 4132 misericordiam
2749 4094 3075 4158 consecutis,

2142 3974 2392 4038 terrenis,
2420 3983 2674 4048 quoniam
2704 3989 2772 4045 de
2797 4009 2904 4050 non
2946 4005 3144 4070 populo
3183 3974 3543 4089 popuiiwt'iii,
3578 3974 3633 4076 ei
3661 3974 3729 4078 ιΙὲ

3122 4102 3552 4165 miscricordiam
3589 4130 3721 4170 cou-

448 4154 556 4208 Ύοΰ
631 4163 740 4234 γὰρ
829 4175 1196 4244 γεννήσαντος
1281 4177 1450 4238 Patre
1507 4189 1773 4260 sitiuidcm
1837 4215 2025 4259 eorum
2131 4152 2748 4261 ffiufuniljmma
2797 4191 3034 4250 namque
3061 4202 3164 4241 nec
3206 4196 3458 4261 Domuum
3494 4207 3718 4257 "ec'M'

2130 4245 2416 4301 scrandam
2450 4252 2586 4318 (75),
2613 4275 2734 4315 cum
2763 4268 2980 4326 malitia:
3003 4284 3384 4349 perceptihilcs
3404 4292 3717 4359 spirituales

446 4253 763 4330 ἀμφοτέρας
835 4267 932 4332 τὰς
1016 4272 1194 4344 ἀρχὰς
1275 4281 1567 4348 utrumque
1594 4283 1832 4344 habente
1867 4295 2021 4362 prio-

441 4344 678 4416 ἔχοντος,
721 4357 934 4433 ἀνάγκη
974 4369 1189 4422 mtas-
1272 4366 1508 4434 cipatum
1537 4413 1552 4437 ,
1640 4393 1864 4438 necesse
1925 4401 2020 4444 eos

437 4444 563 4502 τοὺς
591 4442 666 4506 ὡς
693 4447 757 4499 ἐκ
799 4450 1066 4520 βασιλέως
1093 4459 1195 4528 βα-
1269 4465 1528 4532 tauquam
1560 4484 1624 4524 ex
1652 4489 1777 4542 rege
1809 4481 2011 4548 regale,

439 4532 651 4601 σιλέωνς
689 4543 784 4595 καὶ
812 4545 888 4610 ὡς
921 4549 978 4616 ἐξ
998 4553 1190 4626 ἱερέως
1264 4561 1319 4605 et
1347 4565 1604 4626 tauquam
1629 4580 1695 4619 ex
1726 4574 2010 4632 sacerdote
2039 4601 2088 4661 ο

439 4624 734 4661 τηυξ-μη..-
779 4632 910 4661 ,τ-.--
987 4645 1003 4661 ι
1041 4643 1055 4661 ς
1163 4647 1174 4661 ι
1271 4659 1312 4661 __
1603 4655 1616 4661 -
1717 4659 1727 4661 _

438 4624 736 4702 ἱεράτευμα
775 4632 938 4694 εἶναι.
975 4624 1066 4696 me.
1093 4647 1183 4699 καὶ
1261 4659 1382 4700 esse
1423 4655 1761 4714 sacerdotale
1805 4678 1994 4731 genus.

433 4719 585 4786 ἔθνος
623 4728 780 4794 ἅγιον
825 4734 1179 4809 ὑπάρχομεν,
1256 4737 1598 4815 Quapmpter
1642 4769 1776 4823 gens
1805 4774 1991 4821 sancta

432 4810 726 4881 κληθέντες
773 4819 878 4874 ὑπὸ
927 4825 1022 4878 τοῦ
1075 4846 1178 4883 κα-
1253 4826 1526 4899 dicuntur,
1577 4846 1750 4898 vocati
1795 4847 1864 4903 ab
1906 4869 1993 4920 eo,

429 4900 647 4971 λοῦντος
691 4911 850 4979 ἁγίου
895 4915 1049 4984 ὄντος
1083 4924 1177 4976 ἐπὶ
1249 4924 1339 4990 qui
1366 4938 1590 4986 sanctus
1611 4947 1714 5004 est,
1741 4951 1990 5006 utsancti

424 4997 487 5050 τὸ
530 4998 674 5069 ᾶγιοι
711 5004 931 5064 ἔσεσθαι
974 5016 1024 5066 οι
1077 5019 1176 5070 αὐ·
1250 5021 1380 5076 sint.
1437 5025 1499 5081 Hi
1557 5047 1793 5107 namque
1826 5046 1989 5114 super

425 5091 529 5157 τοὶ,
574 5094 711 5164 πρὸς
741 5098 802 5150 τὸ
829 5099 980 5166 ἔθνος
1017 5107 1172 5176 ἅγιον
1247 5112 1368 5180 hoc,
1427 5126 1568 5183 quod
1614 5144 1800 5183 sancta
1851 5154 1983 5183 gen:

2175 4997 2278 5038 ψη
2337 4997 2558 5050 propter
2612 4997 2852 5052 divinam
2909 5004 3166 5070 pietatem
3211 5010 3354 5079 digni
3412 5029 3581 5082 sunt,
3631 5034 3681 5078 ut

2175 5078 2370 5136 lellllll‘,
2394 5073 2518 5141 jure
2547 5083 2853 5143 charissimi
2885 5109 3283 5166 nuncupantur,
3316 5121 3420 5162 non
3444 5126 3508 5165 eo
3539 5119 3681 5183 quod

1702 5091 1719 5107 ι
1774 5091 1784 5093 ⁷
1831 5091 1975 5114 “““Ι”“”’¹

425 5091 529 5157 τοὶ,
574 5094 711 5164 πρὸς
741 5098 802 5150 τὸ
829 5099 980 5166 ἔθνος
1017 5107 1172 5176 ἅγιον
1247 5112 1368 5180 hoc,
1427 5126 1568 5190 quod
1614 5144 1800 5187 sancta
1851 5154 1983 5208 gens

426 5179 841 5253 ὑπάργειν.Καὶ
857 5191 1168 5260 λαόςὲσμεν
1243 5219 1525 5260 vocantur_
1559 5220 1723 5260 ριῖςιηι
1755 5234 1979 5260 mnu-In»

2175 5091 2370 5136 ιυιιιΙΙΓ,
2394 5091 2518 5141 jure
2547 5091 2853 5143 charissimi
2885 5109 3283 5166 nuncupantur,
3316 5121 3420 5162 non
3444 5126 3508 5165 eo
3539 5119 3681 5183 quod

2175 5169 2230 5209 es
2266 5173 2456 5220 natura
2485 5169 2708 5239 fuerint,
2749 5180 2842 5232 scd
2874 5183 3000 5249 quia
3034 5199 3155 5243 esse
3179 5209 3511 5256 meruerunt.
3539 5205 3684 5260 Cou-

1356 5179 1361 5180 ,
1444 5179 1459 5190 ,
1614 5179 1800 5187 ﬂ.--“
2098 5179 2230 5209 tates
2266 5179 2456 5220 natura
2485 5179 2708 5239 t'ucrint,
2749 5180 2842 5232 scd
2874 5183 3000 5249 quia
3034 5199 3155 5243 esse
3179 5209 3511 5256 meruerunt.
3539 5205 3683 5260 Cou-

426 5179 841 5253 ὖπάρῖεινικαὶ
857 5191 1168 5269 λαόςέσμεν
1243 5219 1527 5280 vomitu".
1559 5220 1723 5276 etiam
1754 5234 1982 5298 por-"lus
2091 5247 2326 5318 scriptor
2359 5272 2492 5327 ergo
2528 5264 2686 5330 hujus
2721 5270 2975 5340 Epistulae
3018 5281 3168 5348 dicit,
3200 5292 3454 5356 quoniam
3499 5301 3683 5364 praeci-

426 5274 501 5335 si;
534 5281 904 5353 περιποίησιν,
927 5286 1033 5354 ἔξω
1061 5293 1165 5346 πά·
1237 5305 1615 5364 acquisitionis
1660 5318 1926 5364 exsistunt
1960 5342 1970 5351 -
2090 5352 2191 5364 η..-
2245 5347 2281 5364 μ·
2581 5355 2617 5364 -·

1515 5274 1524 5280 -
1659 5274 1662 5275 ν
1694 5274 1720 5276 νν
1754 5274 1981 5298 l"'l""""

421 5274 501 5335 εἰς
534 5281 904 5353 περιποίησιν,
927 5286 1033 5354 ἔξω
1061 5293 1165 5346 πά·
1237 5305 1615 5372 acquisitionis
1660 5318 1930 5375 exsistunt
1959 5342 1970 5375 :

2186 5274 2326 5318 ῳιοι·
2359 5274 2492 5327 ergo
2528 5274 2686 5330 hujus
2721 5274 2975 5340 Epistulae
3018 5281 3168 5348 dicit,
3200 5292 3454 5356 quoniam
3499 5301 3677 5364 praeci-

2175 5356 2194 5393 )
2234 5347 2375 5403 cirCa
2408 5368 2504 5408 vos
2540 5355 2733 5415 aﬂ'ectu
2765 5373 3130 5444 constringor,
3163 5382 3391 5439 obsecro
3426 5402 3488 5442 ac
3535 5389 3677 5444 iuvi-

2375 4591 2394 4608 Ἰ
2591 4591 2603 4601 _
2784 4591 2801 4594 -
2828 4591 2929 4597 μ---
2959 4591 3104 4604 -..πη
3146 4591 3166 4606 ι
3195 4591 3372 4614 tuan-1
3407 4591 3538 4634 ergo
3558 4591 3701 4624 ειη-νι-

2117 4609 2332 4663 trautur
2373 4614 2741 4682 diversitatem
2786 4643 2995 4694 natura:
3035 4641 3148 4698 hzec
3180 4651 3339 4705 verba
3375 4655 3706 4725 signiﬁcare.

2181 4697 2319 4725 "..__
2393 4708 2408 4725 Ι
2431 4710 2446 4725 ι
2609 4719 2660 4725 ι·-
2755 4723 2763 4725 λ

3133 4697 3142 4698 ,
3193 4697 3339 4705 1-"
3375 4697 3704 4725 υ.,,.....ι....σ.

2181 4697 2340 4756 Vens.
2387 4708 2480 4766 il.
2531 4731 2549 4764 ι
2603 4719 2943 4794 Charissimi,
2979 4733 3207 4795 obsecro
3245 4753 3496 4814 tauquam
3537 4754 3704 4809 adve-

2103 4803 2200 4843 nas
2225 4803 2280 4848 et
2320 4807 2658 4875 peregrinos,
2696 4815 2968 4877 abstinete
3002 4841 3098 4881 vos
3135 4844 3164 4881 a
3202 4835 3507 4892 carnalibus
3546 4841 3693 4896 desi-

2101 4878 2287 4952 deriis.
2317 4905 2434 4958 qua:
2463 4899 2694 4957 militant
2718 4910 2977 4968 adversus
3007 4920 3262 4978 animam.
3295 4942 3313 4976 ν
3350 4934 3456 4982 etc.

2175 4971 2279 5038 Qui
2337 4995 2558 5050 propter
2612 4993 2852 5052 divinam
2909 5004 3166 5070 pietatem
3211 5010 3354 5079 digni
3412 5029 3581 5082 sunt,
3631 5034 3690 5078 ut

489 5461 750 5522 “lJoan.
786 5484 836 5536 v,
871 5473 956 5527 l9.
1037 5478 1080 5509 ³⁷
1105 5479 1140 5535 ΙΙ
1165 5483 1290 5540 Cor.
1331 5505 1389 5553 tt,
1425 5493 1509 5558 lii,
1541 5497 1623 5551 ili.
1697 5501 1742 5532 "
1768 5503 1908 5561 Psal.
1956 5527 2065 5578 civ,
2105 5520 2156 5571 4..
2225 5525 2268 5556 ³⁹
2301 5527 2438 5586 Psal.
2467 5551 2520 5598 tt,
2553 5537 2603 5592 li.

2319 5688 2678 5784 ﬁeribeudum
2719 5705 2951 5768 videtur,
2975 5713 3200 5784 populus
3233 5716 3384 5784 facti.

2754 5753 2951 5768 --------ν
2991 5753 3039 5764 σν
3081 5753 3198 5768 ιιι-κν
3259 5753 3384 5773 "Ir...

2161 5753 2274 5866 ξτες)
2315 5758 2568 5866 fortasse
2597 5770 2689 5830 ita,
2725 5753 3104 5866 ucc‘poptilu's,
3137 5753 3555 5850 nec'miserandi.
3594 5833 3609 5866 ,
3697 5825 3701 5830 τ

2184 5823 2268 5866 7.1}
2331 5829 2642 5866 hilum-nu.”
2668 5841 2783 5866 εἰ..-
2851 5849 2898 5866 --Ι
2925 5850 2934 5858 '
2954 5865 2961 5866 κ
3093 5855 3102 5864 ⁹
3180 5856 3190 5865 '
3293 5858 3304 5866 '

2157 5823 2268 5895 (7-3)
2313 5829 2644 5902 Epiphanius
2668 5823 2972 5906 sincidt’tbio
2999 5823 3239 5924 scripsit,
3258 5858 3383 5914 sint.

3260 5961 3372 5971 ..ο-
