4118 6426
328 365 468 424 1765

1285 360 1690 418 ENARRATIO
1728 363 1793 416 IN
1837 363 2222 420 EPISTOLAM
2268 362 2283 415 1
2325 364 2379 416 S.
2415 361 2634 416 PETltl.

3461 361 3600 416 I766

327 490 408 540 tu,
436 484 494 530 ut
523 474 841 529 abstineatis
865 488 892 526 a
932 473 1243 528 carnalibus
1280 475 1586 536 desideriis,
1621 490 1740 543 qua:
1768 476 1911 528 mili-
1943 480 1990 538 Α
2020 486 2269 545 oporteat
2305 476 2384 528 eis
2432 473 2611 538 subdi,
2647 475 2697 526 id
2732 485 2832 536 est,
2863 481 2922 526 nt
2955 472 3212 526 tributum
3241 471 3477 526 solvatur
3528 483 3610 525 ιιι-

327 579 438 624 tant
463 567 718 621 adversus
755 567 1015 632 animam,
1051 576 1103 618 et
1142 566 1456 619 inimicitias
1490 566 1911 632 multashabent

324 663 582 716 adversus
623 674 766 724 eam,
805 659 1060 726 quoniam
1100 658 1201 712 alia
1254 659 1466 723 animm,
1501 666 1556 712 et
1591 659 1695 711 alia
1729 659 1912 712 carnis

323 752 630 809 substantia
665 761 768 806 est.
812 751 902 805 Illa
936 751 1224 821 siquidem,
1261 751 1571 819 incorrupta
1607 760 1662 804 et
1702 751 1914 803 immor-

326 845 468 908 talis,
525 846 837 912 incorrupta
881 842 1313 912 immortaliaque
1342 842 1645 907 desiderat;
1683 842 1796 896 hzec
1819 858 1914 896 an-

326 943 457 1004 tem,
488 949 610 989 cum
639 934 711 988 sit
741 942 993 1002 corrupta
1037 942 1199 1001 atque
1229 931 1444 994 dill'usa,
1482 933 1662 1000 turpia
1695 940 1750 985 et
1793 931 1901 986 lan-

323 1025 542 1093 guentia
583 1023 942 1092 concupiscit.
999 1021 1110 1077 Hac
1160 1023 1324 1092 igitur
1371 1020 1674 1077 diﬂ'erentia
1733 1021 1914 1076 consi-

324 1125 504 1168 stente
553 1114 700 1168 circa
739 1127 958 1167 carnem
991 1121 1041 1166 et
1089 1112 1324 1166 animam
1358 1113 1661 1176 hominum,
1693 1125 1914 1167 necesse

324 1214 427 1267 est,
465 1216 520 1260 et
551 1206 726 1260 studia
781 1205 1203 1274 uniuscujusque
1250 1204 1568 1259 substantiae
1626 1218 1748 1258 esse
1787 1217 1916 1257 cou-

325 1299 515 1350 traria.
559 1297 690 1363 Quia
730 1312 861 1352 vero
903 1297 1128 1352 alterius
1179 1296 1393 1365 generis
1443 1304 1528 1350 est
1577 1295 1913 1364 alteriusque

323 1389 641 1442 substantiae
671 1387 852 1442 anima
893 1397 1093 1456 praeter
1119 1402 1338 1457 corpus,
1375 1386 1554 1455 palam
1587 1386 1913 1451 advertenti,

325 1482 729 1548 compassiones
771 1495 958 1535 eorum
1011 1491 1175 1549 atque
1223 1481 1522 1536 discordias
1592 1480 1737 1549 (75);
1791 1494 1913 1534 nam

325 1573 550 1640 quando
577 1573 852 1625 subtrahit
880 1585 939 1625 se
972 1571 1153 1626 anima
1176 1585 1205 1624 a
1238 1571 1580 1638 passionibus
1616 1571 1915 1640 corporali-

325 1665 447 1727 bus,
496 1663 695 1716 munda
753 1671 806 1716 et
853 1662 1133 1730 splendida
1192 1671 1568 1728 conservatur,
1621 1663 1914 1718 salubriter

324 1753 669 1820 Operatiooes
694 1751 886 1820 dignas
919 1759 973 1804 et
1008 1766 1138 1820 pure
1167 1751 1475 1822 intelligens
1509 1768 1572 1807 ac
1597 1753 1909 1822 perliciens.

325 1847 650 1901 memoriam
701 1847 906 1901 habens
943 1847 1091 1910 boni,
1135 1847 1364 1915 diligens
1413 1847 1602 1913 Deum,
1638 1857 1691 1902 et
1736 1847 1913 1900 scien-
1946 1827 1987 1881 Β

326 1939 452 1991 tiam
479 1937 596 2004 ejus
637 1937 837 1992 habere
872 1937 1077 1994 volens.
1127 1939 1354 2002 Quando
1401 1954 1530 1993 vero
1563 1939 1744 1993 carnis
1787 1954 1913 2007 pas-

323 2031 499 2085 sionis
566 2030 912 2098 implicatur,
955 2032 1137 2085 omnia
1185 2033 1326 2100 apud
1375 2047 1494 2086 eam
1553 2033 1639 2086 his
1688 2033 1914 2087 adversa

323 2124 708 2193 reperiuntur;
764 2139 883 2192 qua:
933 2125 1288 2188 intellexerit,
1366 2125 1630 2179 oblivioni
1695 2134 1916 2192 repente

323 2217 518 2278 tradit,
561 2232 677 2286 qua:
702 2218 902 2272 dudum
939 2219 1170 2281 sciebat,
1204 2218 1423 2283 amittit,
1457 2233 1700 2272 amorem
1732 2218 1914 2272 libidi-

321 2308 410 2362 nis
453 2306 658 2361 habens
713 2307 892 2376 potius
935 2322 1096 2377 quam
1151 2308 1242 2361 Dei
1304 2308 1670 2373 dilectionem,
1731 2309 1802 2364 ita
1859 2316 1918 2363 ut

322 2415 460 2471 pene
514 2400 580 2453 ad
627 2400 727 2453 hoc
775 2415 943 2467 usque
992 2400 1246 2454 credatur
1293 2402 1596 2467 pervenire,
1649 2410 1916 2470 quatenus

322 2503 432 2544 tota
482 2501 700 2559 putetur
732 2491 974 2546 converti
1022 2493 1076 2547 iu
1121 2508 1365 2547 carnem.
1415 2495 1488 2549 De
1535 2509 1766 2564 quorum
1821 2493 1912 2548 tali

320 2583 521 2637 cHectu
560 2584 612 2637 in
648 2583 929 2652 Scriptura
957 2584 1136 2638 divina
1165 2585 1385 2639 nomina
1423 2585 1729 2654 hujusmodi
1771 2585 1913 2640 refe-

328 2687 557 2739 runtur;
587 2691 818 2731 carneus
851 2678 1017 2738 enim.
1050 2677 1140 2745 qui
1165 2677 1416 2732 venditus
1445 2688 1528 2733 est
1547 2679 1649 2733 sub
1668 2687 1912 2747 peccato,

319 2777 602 2832 vocatur;
658 2766 749 2821 sed
793 2769 957 2820 etiam
998 2768 1073 2822 illi
1124 2770 1214 2837 qui
1273 2770 1621 2825 vehementer
1653 2769 1917 2824 inclinan-

319 2871 416 2912 tur
446 2860 511 2912 ad
551 2873 795 2924 carnem,
824 2867 878 2913 et
922 2871 1110 2914 sancto
1159 2859 1367 2928 Spiritu
1402 2861 1738 2926 desolantur,
1790 2875 1916 2930 pro-

315 2963 511 3022 pterea
573 2966 766 3006 carnes
838 2961 1260 3017 nuncupantur,
1322 2952 1537 3006 dicente
1596 2952 1700 3007 illis
1760 2951 1913 3005 Deo:

318 3062 338 3095 ι
375 3039 495 3095 Non
521 3042 856 3108 permanebit
885 3042 1110 3109 spiritus
1139 3057 1293 3096 meus
1317 3042 1458 3096 inter
1478 3042 1730 3096 homines
1760 3041 1918 3106 istos,

318 3150 384 3191 eo
419 3132 558 3203 quod
596 3146 784 3186 carnes
817 3143 942 3184 sunt
969 3132 1036 3183 ⁸⁸.
1077 3150 1094 3184 ι
1138 3132 1274 3186 Cum
1322 3132 1485 3196 igitur
1515 3134 1719 3197 anima,
1767 3147 1913 3201 prae-
1943 3165 1989 3226 ρ

323 3237 411 3280 ter
434 3232 680 3276 naturam
715 3221 935 3288 degens,
971 3234 1169 3274 carnea
1208 3230 1453 3281 vocetur,
1489 3229 1548 3273 et
1571 3235 1690 3272 Clllll
1720 3233 1916 3274 secun-

323 3319 454 3371 dum
493 3323 744 3366 naturam
786 3322 1054 3378 movetur,
1085 3311 1311 3380 spiritus
1339 3310 1650 3374 invisibilis,
1679 3325 1836 3364 mens
1862 3323 1917 3366 et

324 3405 581 3462 occultus
615 3405 778 3459 homo
823 3405 1044 3468 dicitur,
1095 3413 1334 3471 constat,
1393 3407 1538 3473 quod
1581 3418 1688 3458 non
1735 3413 1821 3458 est
1853 3404 1918 3458 de

329 3499 639 3554 substantia
673 3498 940 3568 corporis,
983 3513 1104 3551 cum
1140 3499 1210 3552 sit
1246 3496 1572 3551 immortalis
1598 3506 1760 3563 atque
1791 3510 1917 3566 per-

326 3596 487 3655 petua
517 3587 633 3656 ejus
679 3599 893 3654 natura,
936 3595 990 3641 et
1021 3588 1234 3657 corpori
1277 3587 1513 3640 humano
1542 3585 1838 3649 adhaereat,
1865 3595 1920 3640 et

301 3670 380 3734 'iu
415 3694 480 3732 eo
513 3680 675 3741 vivat,
713 3689 981 3749 quatenus
1034 3680 1209 3750 possit
1236 3681 1362 3733 data
1411 3677 1722 3734 hominibus
1765 3694 1921 3732 man-

327 3773 455 3826 data
513 3787 756 3836 servare,
800 3783 854 3827 et
906 3773 1206 3826 illuminata
1260 3772 1465 3828 Christi
1510 3771 1712 3826 virtute
1751 3772 1922 3840 possit

329 3865 649 3928 ascendere,
721 3867 996 3932 sequendo
1048 3864 1294 3929 verbum,
1356 3864 1500 3934 quod
1554 3878 1674 3918 eam
1727 3863 1920 3916 invitat

328 3958 628 4026 ascendere
671 3971 767 4024 per
796 3957 1120 4012 mditicatum
1170 3971 1480 4020 ascensum,
1525 3956 1618 4025 qui
1660 3954 1808 4010 ducit
1854 3954 1920 4009 ad

332 4047 554 4104 cmlum.

404 4141 568 4194 Vsus.
606 4141 690 4194 15.
733 4159 751 4192 ι
789 4138 1029 4208 Subjecti
1072 4149 1249 4196 estote
1295 4139 1441 4194 omni
1484 4139 1732 4194 humana
1771 4136 1921 4192 ordio

332 4233 536 4288 nationi
566 4242 784 4302 propter
815 4231 1003 4288 Deum.
1049 4251 1066 4284 ι

405 4325 561 4381 Sicut
585 4325 691 4379 alia
718 4324 856 4379 ﬁunt
882 4335 1102 4395 propter
1135 4324 1300 4380 Deum
1333 4324 1670 4392 frequenter,
1702 4331 1755 4377 et
1791 4336 1922 4390 pro-

333 4427 455 4490 pter
487 4415 654 4481 aliud,
699 4416 952 4472 similiter
991 4427 1048 4470 et
1089 4414 1278 4482 subjici
1324 4413 1657 4484 principibus
1686 4421 1742 4467 et
1771 4422 1923 4480 pote-

2015 583 2120 636 que
2165 567 2425 636 vectigal;
2463 575 2518 620 ut
2551 566 2816 620 libertatis
2861 565 3032 632 pudor
3082 565 3224 630 apud
3257 580 3351 618 eos
3387 563 3599 618 decenti

2010 663 2134 732 jure
2177 670 2446 715 servetur.
2499 658 2588 712 Sic
2634 659 2776 711 enim
2812 658 3056 712 redditur
3092 658 3286 722 honor,
3337 659 3422 712 cui
3470 674 3603 714 cou-

2015 754 2179 823 gruit,
2205 760 2259 806 et
2295 753 2473 815 timor,
2509 750 2597 805 cui
2629 750 2872 804 debetur.
2907 748 3017 803 Hoc
3039 750 3184 802 enim
3211 765 3319 818 prae
3343 751 3601 804 omnibus

2015 845 2194 900 docuit
2227 844 2496 906 Salvator,
2526 843 2715 897 dicens
2750 863 2761 896 :
2799 861 2818 892 ‹
2855 841 3078 910 Oportet
3116 842 3287 902 reddi,
3325 857 3445 910 quae
3475 852 3604 896 sunt

2016 935 2265 997 Caesaris,
2313 935 2536 1002 Caesari,
2579 945 2634 987 et
2677 949 2797 1003 quae
2824 944 2950 987 sunt
2993 933 3106 997 Dei,
3157 933 3266 989 Deo
3297 935 3363 989 δ’.
3389 955 3406 986 ι
3445 934 3603 992 Ordi-

2017 1029 2292 1083 nationem
2323 1042 2450 1081 vero
2478 1027 2772 1080 humanam
2801 1027 2936 1080 dixit
2969 1036 3313 1096 potestatein,
3353 1043 3471 1098 quae
3500 1027 3597 1082 ho-

2017 1119 2222 1172 minum
2257 1117 2611 1186 dispositione
2663 1117 2934 1172 consistit.

2089 1209 2254 1263 Vens.
2301 1209 2386 1272 15,
2433 1208 2520 1262 14.
2563 1226 2582 1259 ι
2621 1208 2751 1263 Sive
2782 1211 2919 1279 regi,
2970 1219 3224 1280 tanquam
3257 1210 3601 1279 prtecellenti,

2016 1302 2130 1355 sive
2163 1301 2412 1365 ducibus,
2453 1311 2712 1368 tanqttam
2764 1300 2832 1355 ab
2862 1317 2925 1358 eo
2974 1304 3176 1363 missis,
3213 1304 3278 1357 ad
3311 1304 3603 1358 vindictam

2017 1393 2450 1460 malefactorum,
2487 1393 2698 1449 laudem
2740 1409 2869 1448 vero
2902 1396 3181 1449 bonorum.
3227 1415 3245 1447 ι

2086 1486 2368 1540 Pramones
2430 1487 2678 1540 veritatis
2729 1501 2945 1540 omnem
3007 1487 3228 1541 malitia:
3262 1489 3605 1543 occasionem

2017 1579 2326 1634 auferentes
2373 1594 2401 1632 a
2455 1579 2633 1643 nobis,
2682 1578 2927 1633 scrilmnt
2972 1587 3238 1648 quatenus
3273 1581 3408 1634 tales
3437 1581 3609 1636 simus

2018 1672 2154 1739 apud
2188 1685 2301 1735 cos,
2333 1671 2423 1738 qui
2480 1672 2531 1723 in
2581 1672 2936 1738 potestatibus
2978 1671 3200 1741 degunt,
3249 1687 3316 1727 ne
3363 1687 3459 1742 per
3511 1687 3609 1727 nos

2020 1761 2368 1830 Evangelium
2401 1770 2495 1814 aut
2543 1761 2791 1815 doctrina
2821 1763 2937 1831 ejus
2972 1764 3323 1832 impediatur,
3361 1766 3609 1820 nolentes

2021 1867 2118 1906 nos
2149 1853 2227 1907 eis
2257 1851 2489 1907 omcium
2519 1854 2712 1908 debitae
2751 1856 3054 1912 devotionis
3083 1853 3383 1923 exsolvere,
3419 1867 3472 1912 et
3516 1873 3610 1912 eo-

2020 1959 2138 2000 rum
2193 1945 2406 1999 actibus
2456 1961 2576 2000 esse
2627 1947 2923 2016 subjectos,
2969 1950 3185 2018 quando
3218 1958 3396 2004 tamen
3447 1952 3608 2006 rectis

2020 2037 2226 2104 legibus
2261 2035 2461 2106 aliquid
2524 2055 2687 2108 agere
2721 2042 3159 2108 comprobantur.
3193 2042 3395 2099 Scribit
3430 2044 3610 2114 itaque

2019 2125 2232 2190 Petrus,
2269 2128 2416 2180 omni
2451 2129 2779 2182 ordinationi
2817 2131 3068 2185 humana:
3099 2132 3488 2202 subjiciendos,
3526 2149 3610 2188 re-

2019 2218 2177 2286 gibus
2214 2219 2453 2287 quidem,
2493 2231 2747 2289 tanquam
2784 2223 3059 2292 egregium
3110 2224 3328 2279 culmen
3361 2225 3611 2280 habenti-

2020 2306 2143 2364 bus.
2171 2307 2400 2362 ducibus
2419 2319 2624 2372 autem,
2657 2319 2915 2379 tanquam
2959 2315 3141 2370 missis
3172 2316 3239 2369 ab
3272 2331 3336 2368 eo
3361 2317 3426 2370 ad
3459 2331 3610 2371 com-

2019 2399 2392 2466 probatiouem
2453 2401 2738 2468 bonorum,
2792 2413 2845 2458 et
2882 2405 3148 2461 malorum
3192 2408 3401 2463 scilicet
3451 2409 3613 2462 ultio-

2021 2504 2166 2543 nem.
2218 2489 2418 2544 Paulus
2471 2500 2650 2545 autent
2689 2513 2701 2546 :
2739 2511 2757 2543 ‹
2814 2493 3025 2561 Omnis,
3066 2516 3086 2548 ι
3135 2497 3330 2566 inquit,
3375 2515 3394 2549 ι
3431 2499 3611 2552 anima

2017 2580 2378 2648 potestatibus
2439 2582 2848 2638 sublimioribus
2895 2585 3108 2639 subdita
3152 2586 3266 2652 sit;
3315 2602 3421 2640 non
3465 2587 3611 2643 enim

2019 2679 2103 2724 est
2140 2681 2379 2738 potestas
2412 2672 2511 2726 nisi
2541 2688 2571 2726 a
2598 2672 2706 2727 Deo
2736 2691 2749 2727 :
2787 2689 2905 2742 qua}
2931 2685 3110 2728 autem
3139 2675 3253 2746 (76)
3284 2691 3347 2730 ex
3379 2677 3490 2730 Deo
3518 2693 3611 2731 or-

2020 2759 2201 2814 dinata
2228 2772 2354 2816 sunt
2385 2762 2464 2824 ⁶³,
2507 2781 2523 2813 ι
2559 2773 2614 2817 et
2653 2763 2886 2833 reliqua.
2925 2763 3024 2818 His
3063 2765 3225 2834 igitur
3256 2767 3616 2821 ordinationi-

2020 2850 2120 2904 bus
2153 2853 2220 2905 ab
2251 2868 2338 2918 eo,
2376 2857 2465 2922 qui
2500 2856 2762 2909 bonorum
2791 2865 2876 2910 est
2917 2871 3104 2920 causa,
3135 2859 3446 2913 constitutis
3476 2859 3616 2928 (ipse

2024 2956 2261 3011 namque
2290 2945 2596 3009 constituit,
2627 2954 2681 2999 et
2712 2945 2982 2998 destruxit
3014 2961 3185 3014 reges,
3210 2946 3362 3014 cujus
3386 2946 3616 3016 Sapien-

2026 3034 2094 3087 tia
2125 3034 2295 3088 dixit:
2326 3053 2344 3085 (
2370 3035 2474 3088 Per
2504 3050 2590 3090 me
2624 3051 2782 3106 reges
2822 3047 3073 3106 regnant,
3107 3050 3160 3090 et
3191 3041 3438 3106 potentes
3473 3040 3614 3093 scri-

2025 3123 2156 3177 bunt
2190 3123 2476 3192 justitiam.
2509 3123 2612 3179 Per
2645 3140 2733 3179 mo
2767 3127 3043 3196 principes
3091 3128 3527 3196 magniﬁcanlur,
3562 3139 3618 3184 et

2021 3217 2237 3284 tyranni
2272 3231 2368 3284 per
2393 3232 2478 3270 me
2501 3219 2897 3291 possideut(77)
2915 3230 3114 3274 terram
3133 3221 3199 3288 “,
3231 3239 3252 3273 ι
3275 3237 3378 3276 non
3409 3232 3619 3291 oportet

2020 3306 2358 3370 conturbari,
2406 3309 2451 3361 si
2489 3312 2710 3375 quando
2745 3311 2880 3366 tinnt
2926 3313 3233 3383 hujusmodi
3262 3313 3511 3381 judices,
3557 3325 3617 3368 ut

2021 3395 2160 3449 male
2186 3397 2440 3464 quiddam
2490 3399 2610 3469 (78)
2665 3402 2888 3466 faciant,
2939 3415 2997 3456 ut
3032 3405 3260 3472 puniant
3290 3407 3481 3472 bonos,
3525 3421 3620 3477 ap-

2020 3485 2248 3552 probent
2297 3496 2476 3540 autem
2519 3498 2574 3541 et
2622 3489 2841 3544 laudent
2891 3492 3266 3548 inobedientcs
3318 3494 3446 3564 legi,
3498 3496 3618 3550 sive

2021 3591 2207 3630 amore
2238 3578 2612 3646 pecuniarum,
2654 3581 2768 3634 sive
2817 3583 2990 3648 gratia
3040 3581 3366 3638 delictorum
3418 3599 3471 3638 tn
3513 3586 3616 3639 ali-

2022 3683 2155 3737 quos
2209 3679 2514 3739 opportune
2578 3687 2686 3726 non
2749 3673 3007 3729 iacientes
3060 3674 3349 3742 judicium,
3403 3677 3609 3734 faciant

2024 3762 2475 3816 transcendentes
2506 3763 2676 3829 legem
2701 3765 2906 3834 absque
2931 3767 3286 3835 providentia:
3308 3769 3609 3834 voluntate,

2023 3866 2128 3921 per
2161 3867 2324 3922 quam
2355 3851 2420 3904 ad
2454 3851 2667 3906 culmen
2702 3855 2872 3908 evecti
2914 3865 3062 3910 sunt.
3098 3855 3162 3909 Et
3197 3872 3304 3912 non
3343 3859 3615 3916 miseran-

2035 3941 2162 3995 dum
2215 3942 2352 4012 (79),
2388 3942 2433 3995 si
2481 3943 2639 3996 aliter
2689 3943 2932 4009 faciant,
2988 3961 3148 4016 quam
3193 3948 3306 4004 vult
3357 3950 3462 4012 ille,
3521 3967 3618 4022 per

2025 4049 2185 4102 quem
2221 4035 2400 4103 adepti
2447 4047 2574 4088 sunt
2607 4045 2958 4104 potestatem;
3004 4055 3128 4094 nam
3169 4056 3306 4111 pene
3339 4043 3477 4112 apud
3503 4058 3619 4098 orn-

2026 4141 2121 4179 ues
2153 4126 2362 4181 invenis
2385 4141 2508 4180 esse
2534 4138 2775 4194 peccata.
2810 4127 2970 4183 Dedit
2997 4131 3152 4185 nobis
3181 4131 3324 4188 Deus
3359 4148 3578 4190 sensum
3601 4175 3616 4196 ,

2026 4225 2082 4269 ut
2117 4227 2366 4282 utamur;
2402 4218 2611 4272 utimur
2638 4235 2705 4273 eo
2741 4221 2880 4275 male
2919 4221 3256 4292 frequenter,
3301 4227 3394 4281 sed
3435 4237 3618 4282 nostra

2027 4309 2322 4363 voluntate.
2367 4309 2522 4376 Quod
2555 4323 2739 4365 autent
2792 4313 2864 4366 ita
2909 4314 2988 4378 lit,
3028 4330 3134 4368 non
3169 4328 3404 4386 oportet,
3449 4328 3509 4373 ut
3557 4321 3620 4374 il-

2027 4399 2158 4465 lum,
2188 4400 2280 4468 qui
2319 4400 2465 4454 dedit
2506 4415 2753 4465 sensum,
2793 4403 3015 4471 culpare
3043 4405 3355 4461 debeamus.
3398 4408 3620 4463 Planta-

334 4508 564 4566 statibus
593 4508 866 4571 humanis,
891 4508 1180 4576 aliquando
1204 4516 1423 4576 propter
1446 4505 1638 4570 Deum,
1677 4504 1919 4572 aliquan-

2035 4491 2111 4545 vit
2142 4491 2192 4545 in
2240 4491 2398 4545 nobis
2431 4491 2692 4560 vigorem,
2741 4502 2800 4546 ut
2834 4495 3142 4565 diligamus,
3175 4509 3234 4554 et
3269 4501 3396 4555 odio
3422 4501 3621 4556 habea-

336 4603 404 4655 do
437 4610 656 4668 propter
704 4598 848 4654 aliud
897 4598 1188 4666 quidquam
1235 4596 1326 4660 ﬁt;
1377 4594 1467 4662 qui
1503 4593 1650 4647 enim
1705 4601 1927 4660 propter

337 4693 624 4748 Dominum
677 4690 926 4744 subditur
963 4690 1063 4751 eis,
1107 4688 1201 4756 qui
1247 4688 1312 4740 ad
1351 4685 1766 4755 principandum
1799 4692 1928 4736 sunt

337 4781 644 4845 constituti,
688 4791 816 4836 tunc
852 4779 1192 4834 solummodo
1235 4780 1316 4832 eis
1349 4777 1623 4845 subjectus
1669 4788 1777 4829 non
1817 4784 1922 4835 cst,

337 4875 554 4942 quando
577 4873 851 4928 contraria
877 4869 1140 4925 voluntati
1177 4868 1269 4924 Dei
1300 4865 1642 4936 prtecipiuut.
1679 4867 1924 4932 Quapro-

349 4974 469 5031 pter
517 4964 680 5017 etiam
714 4964 1084 5018 reluctandutn
1126 4970 1415 5031 estusque
1459 4958 1527 5012 ad
1564 4966 1813 5022 mortem,
1874 4956 1920 5011 si

342 5052 561 5127 quando
583 5055 852 5109 voluerint
876 5066 1030 5111 extra
1053 5054 1326 5110 Christum
1355 5065 1453 5106 nos
1481 5049 1661 5104 facere
1692 5047 1919 5118 aliquid,

341 5144 519 5196 dicere
552 5145 632 5196 vel
664 5159 822 5214 agere
856 5158 1053 5213 praeter
1083 5161 1299 5202 sensum
1333 5153 1426 5198 aut
1473 5142 1785 5199 sanctiones
1833 5155 1923 5194 ec-

341 5235 694 5290 clesiasticas.
750 5235 1063 5291 Mauifestat
1127 5240 1307 5308 itaque
1358 5237 1577 5300 Paulus,
1631 5234 1682 5287 in
1728 5233 1926 5301 quibus

415 5396 458 5426 ⁵ο
499 5395 636 5449 Gen.
688 5410 762 5459 vt,
794 5394 845 5447 5.
949 5395 991 5425 ⁸⁸
1043 5393 1230 5449 Matth.
1278 5412 1425 5461 xxii,
1467 5397 1556 5450 2|.

413 5534 524 5598 (73E)
563 5533 766 5588 Sensus
794 5535 1019 5602 ﬂagitat,
1058 5554 1200 5605 (tque
1233 5538 1518 5589 discordes.

414 5605 522 5671 (70)
582 5606 744 5658 llcrte
789 5607 926 5659 Gall.
963 5608 1191 5676 coujccit
1223 5628 1232 5660 :
1262 5624 1376 5674 qum
1425 5620 1599 5658 autent
1662 5620 1799 5666 sunt.
1851 5625 1915 5660 ιτ

345 5676 450 5730 Dan
487 5677 728 5727 t‘l'lli’ltllﬂ
773 5687 914 5729 sunt.
965 5675 1078 5731 Cir.
1115 5677 1267 5728 Itoni.
1308 5693 1432 5738 xm,
1472 5680 1516 5740 1,
1565 5680 1620 5729 αἱ
1667 5680 1722 5730 δὲ
1760 5676 1915 5732 οὖσαι

349 5746 449 5800 ὑπὸ
483 5743 614 5796 ὗ)εοῦ
669 5747 998 5814 τεταγμέναι
1049 5749 1202 5799 εἰςὶν.
1249 5747 1369 5797 lla-t:
1428 5753 1656 5814 gt-tmiua
1717 5751 1914 5815 lectio;

349 5817 794 5874 outtttcnduntcst
845 5817 1078 5882 ἐξουσῖαι
1131 5818 1242 5871 \‘itl.
1307 5818 1517 5874 (jricsb.
1563 5821 1627 5874 ad
1689 5820 1740 5873 b.
1795 5821 1827 5873 l.

1663 5395 1705 5425 ’δ’
1754 5393 1909 5446 Rom.
1940 5403 2062 5454 xttt,
2117 5388 2164 5440 1.

2033 4596 2172 4644 mus,
2203 4588 2261 4632 ut
2286 4579 2508 4648 quidem
2538 4582 2666 4635 odio
2700 4583 3004 4642 habeamus
3046 4588 3209 4656 mala,
3243 4599 3298 4644 et
3332 4591 3621 4662 diligamus

2030 4672 2192 4725 bona.
2223 4669 2484 4727 Homines
2513 4687 2647 4742 ergo
2684 4690 2715 4729 e
2750 4677 2966 4732 diverso
3003 4681 3317 4737 muneribus
3348 4682 3432 4738 his
3460 4693 3621 4738 utun-

2030 4774 2138 4826 tur,
2175 4778 2280 4817 non
2325 4764 2509 4834 itaque
2565 4764 2727 4832 Deus,
2777 4769 2873 4823 sed
2914 4779 2970 4824 et
3023 4771 3124 4840 ipsi
3171 4782 3296 4827 sunt
3345 4777 3519 4846 magis
3568 4778 3620 4830 itt

2029 4856 2207 4922 culpa.
2239 4854 2589 4925 Quapropter
2617 4859 2766 4913 Omni
2794 4860 3013 4928 querela
3045 4862 3181 4916 liber
3205 4873 3288 4918 est
3314 4865 3476 4930 Deus,
3513 4868 3620 4921 sci-

2029 4948 2154 5002 licet
2193 4949 2273 5002 bis
2315 4949 2452 5019 (80),
2486 4951 2577 5019 qui
2626 4953 2694 5005 ab
2727 4967 2792 5006 co
2839 4954 2905 5006 ad
2950 4955 3363 5023 principandum
3414 4962 3622 5013 consti-

2031 5051 2276 5106 tuuntur,
2331 5043 2540 5112 absque
2586 5045 2705 5114 ejus
2743 5047 3022 5115 proposito
3061 5060 3380 5116 perpetrare
3421 5051 3622 5120 aliquid

2035 5145 2350 5188 noscuntur.
2415 5133 2716 5191 Constituit
2760 5140 2904 5192 enim
2948 5154 3078 5201 eos,
3134 5150 3192 5194 ut
3246 5143 3521 5197 terribiles
3568 5153 3619 5197 et

2036 5226 2298 5282 tualormn
2351 5235 2586 5282 tortores
2616 5242 2832 5294 essent,
2871 5241 2920 5286 et
2977 5233 3288 5288 laudatores
3332 5234 3618 5302 honorum,

2277 5387 2318 5418 "
2361 5385 2520 5440 Prov.
2558 5402 2674 5451 \‘lll,
2721 5389 2808 5453 15,
2858 5390 2944 5443 16.

2094 5537 2205 5606 (77)
2243 5535 2367 5590 "sec
2402 5536 2563 5606 verba
2601 5536 2811 5604 primus
2851 5534 3162 5604 parenthesi
3213 5534 3433 5588 inclusit
3475 5535 3617 5592 Call.

2096 5605 2208 5676 (78)
2251 5609 2390 5660 Ante
2422 5605 2564 5676 Giall.
2598 5606 2836 5675 quidam.

2099 5679 2210 5746 (79)
2256 5677 2420 5730 ltcctc
2451 5675 2589 5730 Gall.
2621 5677 2943 5729 mirandum.

2102 5745 2212 5816 (80)
2254 5747 2390 5799 Gall.
2416 5747 2612 5798 scilicet
2644 5748 2686 5800 si
2720 5748 2790 5800 Iti.
2826 5745 3066 5810 lieclitts,
3098 5746 3295 5803 scilicet
3326 5751 3368 5802 si
3403 5749 3615 5807 ii.Pos-

2029 5831 2111 5873 set
2143 5829 2319 5873 tamen
2354 5816 2481 5870 l‘crri
2525 5817 2623 5873 his.
