4118 6430
486 347 509 399 1
523 345 618 398 767

1763 342 1999 399 DIDYMI
2039 342 2505 399 ALEXANDRINI

3607 333 3760 390 I768

484 473 542 519 et
580 464 906 517 honorantes
928 458 1118 517 bonos.
1149 459 1249 527 Qui
1280 460 1405 515 dum
1439 458 1520 514 usi
1550 457 1749 514 fuerint
1781 461 1882 515 hoc
1903 459 2062 514 modo
2090 464 2137 521 A
2167 475 2264 529 pro
2295 462 2460 526 malo,
2490 470 2581 514 aut
2608 460 2949 514 maledictum
2979 473 3077 529 pro
3094 456 3384 513 maledicto
3406 453 3640 510 reddens
3660 456 3715 487 δ’
3741 470 3757 507 :

490 561 774 622 potestate,
814 567 977 621 quam
1022 552 1286 618 obtinent,
1319 566 1424 606 non
1471 551 1642 605 solum
1675 566 1779 605 non
1829 550 2061 605 oﬂ'endi-

491 661 630 711 mur,
671 644 763 699 sed
793 644 953 698 etiam
1000 642 1370 697 collaudamus
1421 655 1574 705 eum,
1619 643 1708 712 qui
1758 642 2060 696 ordinatum

486 734 694 805 appetit
728 734 1109 803 principatum.
1158 731 1216 785 Si
1259 746 1387 787 vero
1429 732 1758 786 contrarium
1798 732 1853 786 hi
1908 733 2065 801 quid-

491 842 650 896 quam
687 834 894 895 gerant,
924 840 1029 878 non
1061 837 1377 879 accusemus
1406 823 1599 887 Deum,
1625 825 1717 878 sed
1746 825 1923 892 potius
1946 823 2066 877 lon-

491 918 859 987 ganimitatem
892 918 1009 988 ejus
1039 917 1182 972 circa
1223 931 1341 979 eos,
1376 917 1514 971 sicut
1542 915 1687 971 circa
1718 915 1851 971 alios
1890 916 2067 971 homi-

492 1025 610 1076 nes,
644 1010 735 1078 qui
773 1010 1116 1077 delinquunt,
1146 1009 1500 1063 admiremur.

567 1099 728 1152 Vens.
772 1098 861 1163 16,
903 1099 989 1152 17.
1037 1116 1055 1149 ι
1086 1096 1192 1153 Sed
1242 1098 1383 1152 sicut
1419 1097 1558 1151 servi
1595 1094 1712 1163 Dei,
1756 1110 1945 1151 omnes
1973 1095 2069 1150 ho-

493 1198 705 1252 norate,
749 1189 1151 1245 fraternitatem
1191 1188 1416 1259 diligite.
1456 1188 1625 1242 Deum
1660 1188 1863 1252 timete,
1890 1201 2067 1258 regem

494 1281 865 1336 honorilicate.
897 1299 917 1333 ι

564 1373 698 1426 Cum
732 1372 1034 1429 diﬂerentia
1070 1373 1143 1428 sit
1187 1371 1418 1428 ﬁliorum
1450 1372 1543 1428 Dei
1581 1380 1747 1441 atque
1786 1387 2069 1427 servorum

496 1460 635 1530 ejus,
675 1465 847 1518 Servis
874 1464 1114 1533 jnbetur,
1145 1473 1202 1518 ut
1234 1465 1482 1528 timeant,
1525 1464 1665 1519 sicut
1698 1475 1748 1518 et
1783 1465 1896 1532 ipse
1933 1464 2072 1519 Deus

496 1552 683 1605 dicit:
730 1571 748 1603 ι
806 1551 860 1607 Si
920 1553 1180 1608 Dominus
1245 1568 1346 1623 ego
1404 1567 1571 1618 sum,
1631 1551 1721 1606 ubi
1776 1560 1857 1607 est
1913 1552 2075 1606 timor

498 1656 649 1696 meus
688 1640 829 1694 “1's
880 1642 1233 1712 Nequaquam
1289 1644 1558 1709 timorem,
1615 1642 1709 1697 sed
1765 1642 1991 1713 gloriam
2043 1652 2087 1695 a‘

500 1730 624 1785 ﬁliis
655 1732 900 1803 exigens,
935 1749 1056 1789 cum
1102 1734 1276 1789 dicit:
1310 1752 1330 1786 ι
1380 1733 1448 1788 Et
1499 1735 1544 1790 si
1580 1732 1742 1788 Pater
1788 1749 1888 1803 ego
1927 1749 2071 1800 sum,

2165 555 2257 608 sed
2309 567 2482 620 neque
2525 567 2646 606 cum
2692 560 2970 619 pateretur
3016 548 3451 604 comminabatur
3497 545 3603 609 eis,
3657 551 3762 614 qui

2165 642 2323 698 malis
2351 642 2656 697 adiciebant
2684 656 2829 705 eum,
2859 640 3077 694 tradens
3115 652 3233 700 eos,
3266 635 3359 707 qui
3396 635 3765 703 insurgebant

2167 736 2428 788 adversus
2454 748 2601 798 eum,
2644 732 2790 801 juste
2836 731 3098 800 iudicanti
3143 728 3276 795 Deo,
3330 728 3498 782 verbo
3544 727 3768 782 inhabi-

2169 825 2303 880 tanti
2333 826 2386 879 in
2420 823 2751 892 semetipso;
2784 834 2905 874 nam
2948 820 3074 873 licet
3106 819 3284 873 unitas
3312 817 3495 871 divina
3527 816 3601 870 sit
3623 830 3765 869 san-

2169 927 2256 973 cta
2305 926 2361 971 et
2408 915 2680 984 impartita
2720 913 2956 968 hominis
3005 911 3072 966 ad
3102 911 3349 976 verbum,
3380 916 3762 963 verumtamen

2172 1010 2308 1065 alter
2337 1017 2420 1064 est
2452 1007 2762 1062 intellectus
2809 1004 3043 1059 hominis
3074 1003 3361 1071 assumpti,
3408 1008 3458 1054 et
3505 999 3642 1053 alter
3667 1013 3765 1050 as-

2171 1098 2437 1155 sumentis
2485 1111 2608 1151 eum
2641 1094 2806 1149 Verbi
2864 1092 2982 1147 Dei.
3024 1090 3321 1145 Audientes
3360 1104 3486 1143 eum
3518 1106 3533 1140 :
3569 1106 3589 1137 ι
3645 1087 3767 1156 Ego

2172 1199 2227 1244 ct
2256 1188 2415 1244 Pater
2448 1202 2615 1243 unum
2654 1201 2840 1242 sumus
2875 1186 2962 1249 '°;
3006 1202 3025 1236 ι
3063 1192 3119 1239 et
3151 1198 3168 1237 τ
3208 1200 3228 1233 ι
3277 1180 3387 1250 Ego
3422 1180 3473 1233 in
3507 1178 3674 1234 Patre
3708 1190 3769 1231 et

2170 1281 2333 1337 Pater
2355 1281 2408 1335 in
2438 1296 2525 1335 me
2560 1287 2644 1335 est
2673 1279 2752 1344 “;
2804 1296 2824 1329 ι
2855 1287 2911 1332 et
2938 1275 3069 1330 illud
3101 1292 3115 1329 ε
3154 1291 3173 1326 ι
3216 1272 3317 1339 Qui
3359 1272 3505 1326 videt
3537 1287 3648 1336 me,
3675 1272 3769 1323 vi-

2174 1376 2263 1429 det
2292 1384 2344 1426 et
2376 1371 2590 1427 Patrem
2616 1372 2718 1432 “.a
2749 1369 3117 1439 intelligimus,
3150 1366 3316 1435 quod,
3342 1365 3431 1434 qni
3454 1365 3572 1417 haec
3602 1364 3767 1427 dixit,
3808 1390 3813 1396 ν

2174 1464 2483 1530 tmigenitus
2519 1463 2611 1518 Dei
2641 1461 2815 1516 Filius
2861 1468 2965 1514 est.
3023 1458 3088 1512 Et
3135 1471 3328 1512 rursus
3372 1464 3774 1524 cognoscentes

2176 1556 2347 1610 illud:
2389 1574 2408 1606 ι
2460 1552 2616 1608 Nunc
2666 1552 2843 1606 anima
2896 1565 3014 1605 mea
3077 1549 3293 1603 turbata
3328 1557 3413 1602 est
3461 1548 3546 1614 ⁸³;
3582 1568 3602 1599 ι
3645 1556 3702 1601 et
3750 1565 3766 1600 :

2182 1665 2201 1699 ι
2243 1645 2345 1713 Qui
2409 1644 2575 1714 empit
2623 1654 2855 1698 moestus
2889 1653 3013 1695 esse
3053 1648 3110 1693 et
3160 1637 3473 1693 contristari
3506 1637 3583 1704 ”,
3629 1656 3647 1688 ι
3698 1635 3775 1689 de

2181 1741 2420 1802 homine,
2454 1752 2613 1805 quem
2643 1734 2960 1804 assumpsit,
2996 1732 3197 1800 scripta
3229 1728 3521 1784 sentimus.

499 1822 588 1875 ubi
620 1832 703 1878 est
733 1823 899 1894 gloria
939 1841 1055 1880 mea
1091 1826 1177 1880 “‘3
1221 1845 1241 1879 ι
1290 1825 1461 1881 Filius
1503 1825 1646 1879 enim
1677 1824 1945 1896 gloriﬁeat
1976 1824 2076 1878 Pa-
2110 1815 2154 1870 Β
2253 1829 2405 1885 CAP.
2436 1827 2524 1892 lll,
2558 1842 2713 1882 vens.
2750 1825 2804 1881 6.
2844 1843 2863 1876 ι
2905 1824 3075 1894 Cujus
3100 1820 3233 1875 estis
3264 1820 3387 1873 ﬁlia:
3417 1817 3781 1875 benefacien-

502 1920 660 1974 trem,
706 1924 760 1967 et
807 1929 995 1970 servus
1032 1916 1186 1971 timet
1232 1917 1509 1971 dominum
1546 1930 1725 1979 suum,
1772 1917 1911 1969 sicut
1956 1930 2077 1985 pro-

502 2002 662 2070 pheta
703 2003 854 2060 dicit.
892 2004 1028 2071 Quia
1066 2006 1229 2076 igitur
1256 2007 1501 2061 scribens
1528 2007 1642 2061 haac
1665 2005 1901 2061 nondum
1935 2004 2077 2060 ﬁlios

502 2091 698 2160 factos,
724 2096 819 2151 sed
856 2110 1045 2152 servos
1073 2099 1251 2151 adhuc
1276 2097 1447 2161 novit,
1464 2097 1665 2167 quibus
1681 2096 1929 2153 scribens
1946 2093 2081 2168 (80’)

504 2186 615 2239 ait:
653 2204 671 2237 ι
704 2184 853 2242 Sicut
884 2187 1029 2241 servi
1060 2188 1150 2242 Dei
1196 2186 1363 2242 Deum
1401 2187 1606 2242 timete.
1659 2203 1679 2231 δ
1730 2185 2080 2256 Consequens

504 2285 588 2331 est
610 2277 779 2342 enim,
820 2288 876 2332 ut
907 2293 1002 2347 per
1030 2280 1143 2334 haec
1166 2280 1329 2334 verba
1364 2277 1854 2348 diseiplinabiliter,
1880 2289 1935 2332 et
1964 2278 2077 2333 sic-

506 2376 567 2420 ut
610 2370 867 2437 opnrtuit,
903 2385 1112 2434 omnes,
1144 2371 1235 2441 qui
1289 2370 1340 2425 in
1371 2370 1700 2425 sublimitate
1732 2379 1880 2437 sunt,
1912 2369 2082 2425 hono-

508 2468 723 2526 reutur,
760 2471 814 2515 et
852 2461 1146 2533 diligantur
1197 2472 1343 2518 recta
1381 2462 1654 2517 voluntate
1702 2460 2081 2517 fraternitatis.

506 2549 757 2606 Omnium
794 2555 959 2617 enim,
993 2554 1085 2624 qui
1130 2544 1476 2610 laudabiliter
1504 2561 1689 2624 agunt,
1733 2548 1873 2608 Deus
1923 2554 2086 2608 timor

506 2651 563 2696 et
616 2640 1021 2698 fundamentum
1068 2655 1155 2699 est
1199 2644 1333 2717 (8|).
1366 2644 1475 2699 Et:
1529 2664 1548 2697 ι
1600 2641 1769 2697 Deum
1818 2644 2025 2711 timete,
2058 2660 2082 2699 ι

508 2745 880 2791 verumtamen
930 2737 1032 2793 hoc
1073 2737 1354 2811 principali
1408 2738 1601 2793 ordine
1656 2738 2084 2792 conservandum

508 2839 615 2883 est.

586 2919 747 2977 Vens.
773 2922 858 2978 18.
886 2941 903 2974 ι
927 2920 1103 2988 Servi,
1120 2921 1333 2977 obedite
1344 2936 1465 2977 cum
1487 2922 1633 2977 omni
1648 2922 1842 2977 timore
1856 2921 2088 2975 dominis

512 3013 760 3076 vestris,»
780 3023 886 3068 etc.
921 3012 1036 3068 Non
1056 3012 1365 3082 passibilem
1385 3014 1633 3065 timorem
1657 3025 1845 3065 servos
1864 3011 2085 3075 habere,

490 3103 778 3191 'praecipit,
796 3106 937 3173 apud
966 3103 1250 3167 dominos;
1275 3102 1362 3156 hic
1384 3102 1528 3155 enim
1548 3100 1939 3156 irrationabilis
1954 3100 2090 3156 ctad

515 3167 904 3244 irrationabilia
954 3192 1278 3245 constitutus
1326 3200 1455 3251 est;
1505 3190 1599 3245 sed
1636 3205 1781 3256 eum,
1837 3191 1927 3261 qui
1969 3205 2092 3245 cum
2120 3167 2165 3226 (ἶ

516 3280 800 3349 disciplina
824 3290 875 3334 et
904 3290 1048 3336 recta
1082 3282 1289 3336 ratione
1322 3281 1593 3347 consistit,
1623 3282 1780 3351 cujus
1819 3282 2095 3353 proprium

518 3382 603 3428 est
635 3372 956 3426 reverentia.
1006 3371 1107 3439 Qui
1141 3373 1285 3427 enim
1333 3384 1554 3443 propter
1590 3371 1867 3428 Christum
1916 3383 1971 3427 et
2004 3373 2099 3427 do-

519 3464 749 3519 ctrinam
793 3464 911 3532 ejus
938 3463 1106 3520 Deum
1140 3467 1314 3531 timet,
1342 3480 1463 3521 cum
1499 3466 1800 3521 reverentia
1826 3466 1875 3519 ei
1916 3462 2101 3533 subje-

520 3567 639 3612 ctus
671 3565 795 3624 est,
856 3573 981 3613 cum
1033 3557 1145 3623 ille,
1184 3559 1275 3627 qui
1326 3573 1424 3629 per
1466 3558 1689 3612 verbera
1724 3556 1941 3626 aliaque.
1986 3565 2101 3611 tor-

524 3660 703 3705 menta
737 3650 889 3706 timet
922 3650 1114 3715 Deum,
1154 3650 1471 3721 passibilem
1509 3649 1760 3705 timorem
1795 3649 1997 3704 habere
2021 3648 2103 3702 vi-

523 3743 615 3798 det
634 3740 768 3810 (82).
806 3740 917 3796 llac
941 3740 1339 3811 signiﬁcatione
1362 3748 1417 3794 et
1458 3739 1548 3794 hic
1572 3752 1696 3810 post
1722 3741 1826 3795 alia
1857 3742 2021 3797 vertit
2042 3756 2103 3797 se

524 3840 591 3891 ad
625 3835 878 3897 feminas,
920 3833 1108 3889 dicens
1138 3851 1151 3887 :
1186 3831 1644 3887 «Considerantes
1677 3841 1916 3888 vestram
1952 3833 2006 3887 in
2035 3833 2107 3887 ti-

524 3937 676 3977 more
697 3930 903 3977 castam
940 3920 1436 3977 conversationem.
1461 3939 1479 3971 ι
1514 3919 1579 3974 Ει
1610 3920 1923 3991 frequenter
1957 3920 2106 3977 Scri-

526 4026 677 4085 ptura
708 4016 823 4069 h:ec
851 4015 916 4069 de
939 4016 1136 4069 timore
1160 4015 1254 4068 tali
1286 4014 1451 4069 modo
1478 4014 1822 4086 perloquitur
1849 4033 1863 4069 ε

597 4103 759 4161 Vsus.
799 4106 891 4160 23.
949 4124 968 4157 ι
1011 4106 1267 4173 Quicum
1310 4106 1748 4170 malediceretur,
1791 4119 1896 4160 non
1941 4106 2108 4161 male-

525 4198 760 4264 dicebat,
799 4214 919 4253 cum
946 4210 1242 4269 pateretur,
1276 4213 1382 4253 non
1412 4198 1862 4253 comminabatur.
1900 4217 1918 4249 ι

600 4291 900 4347 Ρτίεεριιιεε
942 4293 1192 4362 equidem
1235 4292 1421 4346 laudes
1460 4293 1577 4359 ejus
1603 4301 1751 4355 sunt,
1798 4292 1889 4360 qui
1920 4291 2110 4345 volun‘

531 4384 744 4447 larium,
778 4393 825 4437 et
881 4400 986 4438 non
1031 4383 1439 4441 substantialem
1486 4384 1648 4438 habet
1695 4382 2108 4453 benignitatem,

2186 1930 2286 1986 tes,
2320 1934 2419 1974 nec
2448 1920 2699 1972 timentes
2727 1915 2892 1971 ullam
2918 1913 3408 1984 perturbationem.
3440 1929 3460 1963 ι

2256 2011 2451 2066 Invitat
2479 2009 2729 2074 feminas,
2757 2018 2815 2063 ut
2845 2008 3127 2061 imitentur
3156 2012 3470 2067 sanctas,et
3500 2001 3783 2072 pnecipue

2188 2105 2406 2169 Saram,
2438 2104 2677 2160 suadens
2709 2101 2789 2156 eis
2817 2101 2897 2155 sic
2928 2098 3120 2169 subjici
3150 2098 3304 2164 viris,
3338 2097 3479 2151 sicut
3515 2096 3604 2149 illa
3637 2097 3781 2149 sub-

2187 2200 2301 2255 dita
2342 2208 2461 2253 erat
2492 2196 2767 2251 Abraham
2791 2234 2805 2261 ,
2845 2194 3002 2259 cujus
3039 2201 3095 2247 et
3142 2191 3281 2245 ﬁlias
3311 2205 3404 2245 eas
3436 2190 3608 2245 factas
3644 2188 3787 2243 dicit

2188 2303 2285 2355 per
2303 2286 2651 2356 operationes
2678 2285 2868 2339 bonas.
2905 2282 3061 2337 Sicut
3089 2280 3254 2345 enim,
3282 2280 3372 2348 qui
3406 2278 3610 2333 faciens
3638 2294 3785 2345 opus

2190 2380 2501 2445 Abraham,
2535 2389 2590 2434 et
2620 2378 2826 2432 habens
2857 2374 2972 2443 ejus
3008 2373 3187 2435 ﬁdem.
3232 2373 3373 2427 ﬁlius
3412 2371 3531 2441 ejus
3569 2371 3661 2439 ﬁt,
3703 2372 3783 2425 ita

2192 2472 2330 2527 bona
2343 2470 2603 2525 facientes
2622 2468 2806 2523 tldeles
2827 2467 3065 2529 feminae,
3084 2476 3310 2519 matrem
3332 2464 3535 2518 habent
3557 2460 3782 2518 Saram.

2194 2562 2260 2617 Et
2286 2562 2403 2617 haec
2428 2560 2645 2631 quidem
2677 2559 2744 2615 ad
2774 2569 3003 2613 textum.
3033 2556 3336 2625 Allegorice
3363 2569 3495 2609 vero
3522 2554 3790 2608 conside-

2194 2668 2401 2719 ramus,
2426 2652 2699 2722 quomodo
2724 2649 2950 2719 quilibet
2974 2649 3043 2705 sit
3066 2647 3210 2702 ﬁlius
3229 2644 3503 2700 Abraham
3526 2655 3582 2699 et
3605 2644 3785 2707 Sane,

2194 2747 2299 2801 hoc
2324 2744 2487 2799 modo
2513 2752 2574 2798 ut
2596 2742 2886 2813 Apostolus
2908 2741 3006 2807 ait,
3032 2740 3221 2794 dicens
3250 2755 3264 2792 :
3298 2757 3317 2790 ι
3343 2738 3478 2805 Quia
3503 2737 3785 2790 Abraham

2194 2838 2333 2893 duos
2380 2837 2571 2892 habuit
2618 2836 2791 2900 ﬁlios,
2838 2848 3005 2889 unum
3053 2833 3121 2887 de
3154 2831 3346 2885 ancilla
3373 2871 3388 2894 ,
3421 2840 3475 2884 et
3518 2845 3683 2883 unum
3712 2843 3785 2881 ex

2197 2929 2365 2982 libera
2396 2926 2466 2979 ⁸⁸.
2499 2945 2518 2977 ι
2557 2925 2762 2980 Deinde
2794 2923 3151 2995 spiritualiter
3183 2921 3431 2991 intelligit
3459 2936 3554 2990 per
3584 2918 3789 2972 mulie-

2200 3033 2286 3073 res
2317 3018 2425 3072 duo
2466 3024 2825 3083 testamenta;
2856 3024 2911 3070 et
2950 3024 3072 3087 post
3105 3014 3208 3067 alia
3258 3014 3420 3075 dicit,
3461 3032 3479 3063 ι
3519 3012 3655 3066 Ειιηι
3689 3011 3787 3079 qui

2196 3125 2264 3164 ex
2296 3110 2465 3163 libera
2512 3118 2673 3164 natus
2706 3116 2810 3172 est,
2844 3126 2863 3161 ι
2902 3106 3198 3164 secundum
3248 3104 3503 3175 Spiritum
3534 3112 3789 3156 sanctum

2199 3200 2423 3255 liberam
2457 3199 2666 3264 dicens,
2700 3212 2989 3267 supernam
3033 3193 3333 3251 Jerusalem
3379 3193 3449 3249 ".
3478 3192 3795 3247 Coucordat

2200 3293 2286 3348 his
2330 3292 2511 3347 verbis
2541 3290 2825 3361 prOphetia
2855 3289 3041 3343 dicens
3073 3304 3087 3341 :
3141 3304 3160 3337 ι
3204 3284 3480 3353 Respicite
3511 3282 3791 3337 Abraham

2200 3396 2409 3456 patrem
2425 3395 2689 3448 vestrum,
2704 3394 2759 3438 et
2782 3384 2852 3438 Sa
2863 3398 2996 3447 ram,
3018 3396 3139 3451 qua:
3161 3394 3256 3434 vos
3273 3378 3518 3447 concepit
3536 3376 3603 3429 ⁸⁷.
3618 3395 3636 3427 ι
3664 3375 3788 3430 Non

2202 3478 2347 3534 enim
2383 3477 2642 3547 possibile
2672 3484 2778 3541 est,
2822 3476 2889 3530 ad
2918 3474 3041 3529 illos
3085 3474 3355 3535 homines,
3402 3471 3452 3525 id
3488 3479 3593 3535 est,
3617 3469 3796 3522 Abra-

2205 3573 2329 3627 ham
2356 3582 2410 3625 et
2431 3570 2624 3627 Saram
2652 3570 2768 3625 haec
2794 3568 2984 3623 referri
3010 3566 3323 3620 carnaliter.
3346 3562 3627 3631 Quomodo
3642 3560 3790 3615 enim

2204 3666 2382 3719 adlmc
2436 3664 2753 3731 conciperet
2802 3658 2965 3729 hujus
3017 3658 3294 3727 propheta:
3346 3665 3622 3724 tempore,
3668 3666 3793 3719 qua:

2206 3765 2334 3812 ante
2366 3755 2566 3809 multos
2591 3766 2763 3807 annos
2791 3760 2998 3805 natura:
3029 3748 3267 3802 debitam
3298 3753 3615 3813 susceperat
3641 3757 3791 3797 mor-

2214 3848 2367 3905 tem?
2400 3847 2744 3916 Quapropter
2769 3853 2823 3899 et
2855 3843 2972 3897 haec
3003 3840 3348 3911 percipienda
3383 3851 3509 3891 sunt
3545 3836 3795 3905 proxime

2208 3940 2393 3996 verbis
2431 3938 2675 4008 Apostoli
2710 3934 2946 3991 dicentis
2977 3953 2990 3989 :
3023 3943 3254 3988 matrem
3286 3945 3406 3985 esse
3431 3944 3641 3993 earnm,
3672 3941 3796 3995 quas

2209 4031 2511 4089 secundum
2546 4030 2796 4099 spiritum
2844 4036 3197 4099 generantur,
3236 4040 3341 4077 non
3380 4021 3662 4082 feminam,
3697 4017 3795 4073 sed

2214 4130 2603 4178 testamentum
2640 4135 2837 4175 novum
2882 4128 2939 4174 et
2984 4116 3283 4172 Jerusalem
3318 4128 3439 4169 esse
3480 4126 3796 4180 supernam,

2212 4224 2267 4267 et
2301 4215 2492 4268 invitat
2522 4213 2803 4276 mulieres,
2838 4223 2935 4278 per
2956 4224 3120 4278 opera
3158 4208 3299 4262 bona
3328 4216 3558 4259 matrem
3594 4204 3802 4258 habere

2214 4305 2431 4369 Saram,
2459 4312 2514 4358 et.
2538 4318 2702 4373 super
2722 4303 2906 4358 omnia
2930 4300 3254 4363 consistere,
3286 4312 3387 4352 nee
3413 4295 3616 4351 habere
3640 4296 3802 4348 timo-

2212 4411 2330 4451 rem
2361 4395 2536 4460 illum,
2562 4408 2725 4463 quem
2759 4408 2928 4462 pavor
2954 4391 3221 4460 sequitur,
3246 4400 3301 4444 et
3326 4389 3611 4451 tumultus,
3635 4400 3801 4454 quem

527 4490 620 4544 Ρθτ
648 4492 766 4544 (Ιιιω
796 4478 961 4531 verba
998 4493 1095 4531 "09
1139 4477 1331 4531 Ῐιινίιεη
1371 4476 1439 4529 ad
1470 4476 1681 4529 laudem
1717 4477 1855 4542 eius.
1887 4476 1977 4544 ειυὶ
2016 4490 2112 4527 ηδ·
2141 4501 2188 4555 ῃ
2216 4484 2615 4540 rationabiliter
2645 4480 2885 4552 perfecta
2910 4480 3155 4536 charitas
3186 4478 3351 4532 mittit
3382 4478 3527 4531 foras
3560 4476 3629 4540 ⁸⁸,
3659 4489 3803 4542 quo-

530 4578 705 4622 turam
738 4584 841 4623 non
868 4568 1054 4623 habuit
1081 4572 1148 4623 ad
1177 4569 1533 4638 peccandum,
1572 4567 1728 4637 quasi
1753 4566 2109 4623 substantiale

528 4661 602 4716 sit
626 4661 745 4729 ejus
774 4661 998 4718 bonum.
1033 4660 1187 4716 Unde
1227 4662 1502 4717 hominem
1555 4658 1741 4715 Jesum
1780 4658 1987 4721 laudat.
2014 4658 2107 4729 qui

530 4761 808 4821 peccatum
845 4767 951 4806 non
1000 4750 1151 4812 fecit,
1183 4766 1283 4807 nec
1324 4751 1480 4807 dolus
1511 4752 1764 4806 inventus
1803 4759 1890 4805 est
1935 4752 1989 4804 in
2020 4765 2116 4806 ore

528 4842 648 4910 ejus
678 4841 755 4907 ",
782 4852 837 4898 et
858 4853 1116 4913 expertus
1143 4844 1348 4909 omnia,
1376 4844 1673 4899 secundum
1700 4842 2111 4898 sitnilitudinem

531 4947 794 4999 nostram,
836 4947 1033 5005 praeter
1084 4946 1368 5007 peccatum
1404 4935 1473 4989 ⁵⁷.
1524 4934 1867 5005 Quapropter
1896 4944 1950 4991 et
1979 4951 2115 5005 pra:-

531 5028 702 5081 sentia
717 5028 1006 5083 deeosunt
1029 5030 1394 5100 percipienda,
1422 5029 1512 5099 qui
1535 5029 1662 5084 alibi
1696 5030 1823 5085 dicit
1857 5048 1870 5083 :
1906 5048 1926 5080 ‹
1957 5028 2115 5095 Qua:-

534 5120 654 5175 ritis
681 5135 764 5174 me
784 5121 1166 5191 occidere,'qui
1183 5123 1469 5177 veritatem
1498 5122 1689 5191 loquor
1710 5123 1864 5178 vobis
1883 5122 1950 5177 ⁸⁸.
1968 5142 1984 5173 ι
2007 5121 2108 5188 Qui

534 5228 657 5266 cum
689 5212 1127 5281 malediceretur,
1163 5229 1267 5267 non
1304 5213 1688 5278 maledicebat,
1734 5215 1864 5269 nulli
1916 5214 2116 5267 malum

608 5352 655 5382 “
694 5351 922 5407 Malach.
954 5364 1007 5417 t,
1036 5352 1088 5407 6.
1166 5353 1212 5384 “
1256 5353 1383 5407 ibid.
1460 5353 1505 5383 “
1547 5352 1562 5405 l
1598 5352 1743 5407 Petr.
1804 5369 1874 5415 tt,
1918 5352 2007 5403 22.
2087 5351 2091 5375 ‘

2196 5346 2339 5402 lebr.
2380 5359 2453 5406 IV,

2047 5422 2092 5452 ⁸³
2132 5420 2286 5471 .loan.
2330 5431 2428 5479 xu,
2463 5414 2551 5467 27.

2060 5492 2105 5522 ⁸³
2142 5491 2244 5545 lsa.
2281 5504 2351 5551 Li,
2395 5486 2482 5541 l2.

538 5423 584 5457 "
618 5422 771 5477 Joun.
800 5441 854 5485 κ,
880 5425 971 5479 30.
1068 5425 1110 5455 ⁵¹
1147 5422 1302 5477 Juan.
1340 5439 1447 5487 nv,
1495 5423 1582 5477 10.
1658 5425 1703 5454 ⁸¹
1749 5422 1879 5476 ibid.
1913 5421 1967 5475 9.

538 5493 585 5527 "
623 5494 755 5547 ibid.
795 5495 887 5549 26.
990 5494 1035 5526 "
1072 5494 1176 5549 lsa.
1214 5509 1284 5555 LI,
1312 5495 1368 5548 2.
1444 5493 1490 5526 ⁵⁸
1529 5493 1547 5547 Ι
1579 5492 1737 5550 Joan.
1772 5508 1843 5559 Iv,
1881 5494 1967 5546 18.

610 5602 740 5673 (80⁸)
763 5605 1014 5662 Fortasse
1036 5649 1051 5673 ,
1084 5607 1271 5673 quibus
1298 5606 1509 5671 scribit,
1534 5608 1631 5660 ait.

614 5677 725 5744 (81)
767 5677 941 5732 Locus
987 5678 1128 5735 male
1176 5694 1363 5747 sanus,
1418 5679 1503 5733 cui
1555 5675 1819 5733 medelam
1866 5690 1967 5746 ego
1997 5674 2121 5746 qni-

546 5745 671 5801 dcm
706 5748 907 5803 nescio.

2220 4574 2363 4627 niam
2387 4585 2567 4641 pmnse
2594 4571 2765 4640 magis
2790 4579 2894 4631 est,
2925 4584 3032 4623 non
3061 4568 3175 4623 Dei.
3207 4566 3360 4622 llnnc
3387 4568 3530 4622 enim
3562 4582 3659 4635 per
3680 4579 3803 4617 ont-

2222 4663 2309 4717 nia
2333 4663 2549 4718 divinus
2580 4661 2856 4716 interdicit
2878 4674 3081 4727 sermo,
3112 4658 3308 4715 alicubi
3337 4658 3550 4726 quidem
3579 4657 3763 4709 dicens
3790 4675 3805 4711 :

2226 4777 2247 4809 (
2286 4756 2426 4824 Quid
2452 4763 2557 4821 est,
2582 4764 2641 4809 ut
2665 4755 2859 4809 timeas
2887 4752 3164 4807 hominem
3201 4750 3485 4803 mortalem
3517 4747 3599 4798 ”?
3630 4765 3648 4796 ι
3688 4748 3804 4801 Ali-

2222 4849 2344 4903 cubi
2389 4858 2571 4903 autem
2622 4864 2636 4901 :
2692 4865 2713 4901 ι
2769 4846 2947 4901 Nolite
3004 4847 3199 4898 timere
3236 4855 3349 4903 eos,
3396 4838 3489 4907 qui
3542 4837 3805 4894 occidunt

2221 4956 2420 5009 corpus
2444 4941 2517 5001 “,
2552 4960 2570 4992 ι
2603 4949 2655 4994 et
2688 4940 2791 4992 alia
2824 4938 2907 4991 his
2939 4936 3138 4989 vicina.

2292 5029 2459 5086 Vens.
2499 5032 2587 5086 15.
2630 5048 2648 5080 ι
2681 5028 2965 5083 Dominum
3001 5038 3129 5076 vero
3160 5020 3437 5076 Christum
3466 5020 3806 5085 sanctiﬁcata

2224 5124 2279 5179 in
2308 5124 2566 5178 cordibus
2595 5122 2814 5174 vestris.
2852 5137 2869 5168 ι

2314 5212 2487 5269 Sicuti
2521 5226 2626 5265 non
2660 5209 2775 5279 (85)
2810 5206 3183 5276 magniﬁcatur
3216 5206 3379 5263 Deus.
3410 5220 3513 5257 non
3551 5219 3813 5271 augmen-

2668 5342 2713 5373 ⁸⁸
2750 5340 2905 5394 Jnan.
2957 5356 3051 5393 vttt
3077 5379 3093 5403 ,
3156 5338 3246 5390 40.
3324 5338 3367 5368 ⁸⁸
3404 5337 3420 5388 1
3454 5334 3599 5388 Petr.
3633 5350 3716 5389 ιιι.
3752 5336 3802 5387 ιι.

2634 5413 2678 5444 ’³
2720 5412 2907 5465 Matth.
2938 5426 3085 5471 xxvt,
3142 5410 3230 5462 57.
3306 5408 3351 5439 ⁸⁸
3390 5405 3564 5461 Galat.
3600 5419 3675 5469 IV,
3714 5406 3803 5460 ‘22.

2581 5485 2626 5515 θ’
2653 5484 2841 5538 Matth.
2884 5498 2938 5548 x,
2977 5480 3070 5535 28.

2302 5600 2416 5669 (82)
2457 5597 2767 5669 Legendum
2818 5603 2933 5669 est,
2959 5594 3203 5669 fidet”.

2465 5653 2699 5739 itauedit.
2727 5675 2852 5739 ante
2875 5653 3238 5739 Gallandinm,
3270 5660 3387 5717 sine
3413 5670 3598 5713 sensu.
3627 5653 3808 5711 Veris-

2237 5742 2371 5798 sitna
2402 5737 2483 5797 est
2505 5738 2644 5793 Gall.
2677 5738 3013 5802 conjectura,
3048 5737 3194 5786 dum.
