4118 6424
247 454 384 511 1769

1185 439 1584 497 ENARRATIO
1625 439 1691 495 IN
1732 438 2126 498 EPISTOLAM
2169 438 2188 492 l
2230 437 2291 492 S.
2327 435 2554 490 PETRI.

3371 427 3509 484 I770

243 588 363 632 tum
388 568 782 641 magnitudinis
805 567 852 621 ei
876 568 1102 638 proferri
1126 569 1484 636 signiﬁcatur,
1509 569 1601 622 sed
1627 581 1820 635 neque,
1852 576 1896 632 Α
1928 565 2194 619 bitraules
2235 561 2446 616 actibus
2482 560 2611 612 solis
2644 555 2906 620 incumbi,
2934 567 3054 608 eum
3088 567 3262 621 neque
3294 549 3396 621 ipsi
3430 553 3514 606 in-

239 669 372 722 dum
400 663 758 734 gloriﬁcatur,
788 661 837 713 ei
868 659 1208 715 extrinsecus
1237 661 1448 714 culmen
1476 658 1822 714 sublimitatis

245 757 496 820 atl'ertur,
528 754 607 807 sic
643 766 818 820 neque
853 755 979 805 dum
1017 751 1390 805 sanctiﬁcatur
1442 749 1730 813 Dominus,
1774 749 1822 802 ei

245 848 442 903 titulus
491 845 796 901 sanctitatis
848 852 1096 914 augetur.
1153 840 1309 897 Unde
1361 852 1416 898 et
1468 843 1520 896 iu
1569 841 1825 896 cordibus

243 942 450 998 nostris
479 941 582 994 hoc
613 937 796 992 facere
821 938 1098 1009 jubemur.
1127 935 1182 991 Si
1209 938 1353 992 enim
1376 934 1684 991 sanctitatis
1710 933 1828 1004 ejus

198 1093 205 1106 ι
243 1033 512 1098 integram
540 1032 932 1101 perfectionem
965 1031 1339 1094 habuerimus,
1366 1044 1468 1082 non
1496 1036 1705 1081 tantum
1732 1039 1828 1079 ore

240 1141 365 1180 eum
402 1125 831 1189 sanetiticamus,
859 1124 954 1179 sed
986 1123 1039 1177 in
1088 1122 1348 1178 cordibus
1387 1119 1613 1174 nostris.
1656 1117 1824 1172 Deum

237 1215 386 1268 enim
433 1215 536 1269 hoc
581 1213 812 1268 facimus
861 1211 1137 1266 intellectu
1183 1220 1402 1275 nostro,
1436 1209 1527 1263 Dei
1569 1207 1829 1262 sanctitas

241 1305 418 1376 magis
471 1313 719 1375 augetur.
769 1304 1037 1360 Similiter
1083 1311 1138 1356 et
1183 1302 1272 1371 qui
1325 1300 1636 1368 magniﬁcat
1679 1313 1828 1357 eum.

242 1396 630 1463 magnitudinis
671 1394 788 1462 ejus
841 1393 1184 1463 participium
1255 1390 1482 1462 suscipit
1528 1391 1579 1444 iu
1632 1396 1832 1444 semet-

242 1490 440 1557 ipsum.
489 1488 643 1543 Unde
681 1489 887 1541 dictum
926 1495 1010 1541 cst
1053 1504 1066 1539 :
1111 1504 1128 1537 ι
1162 1485 1468 1555 Magniticat
1501 1482 1678 1537 anima
1710 1495 1828 1534 mea

237 1579 530 1633 Dominum
573 1579 650 1646 “;
695 1599 711 1630 ι
747 1589 796 1632 et
829 1581 1021 1634 iterum
1074 1593 1135 1629 ει
1176 1576 1513 1645 Magniticate
1544 1573 1829 1628 Dominum

251 1687 471 1725 mecum
523 1672 590 1724 θ’.
629 1689 647 1722 ι
684 1670 952 1735 Similiter
983 1678 1035 1721 et
1066 1669 1130 1721 de
1175 1667 1342 1736 gloria
1379 1663 1494 1732 ejus
1541 1663 1831 1716 dicendum

247 1771 361 1815 est.
394 1759 518 1814 llaec
551 1770 732 1814 autem
767 1776 872 1814 non
909 1759 1197 1812 vidcantur
1226 1771 1348 1811 esse
1375 1757 1534 1817 mira,
1561 1753 1834 1809 subtiliter

244 1848 556 1902 advertenti
600 1865 611 1899 :
648 1848 792 1916 quod
829 1846 1028 1900 dicitur
1055 1862 1083 1900 a
1117 1845 1298 1906 nobis,
1347 1845 1484 1898 bona
1525 1857 1626 1895 non
1662 1840 1834 1894 susci-

1926 653 2268 722 Cttlpabilitet‘
2330 650 2568 718 poterint
2620 645 2948 715 apprehendi
3003 644 3069 696 ab
3119 656 3186 696 eo
3239 641 3330 710 qui
3385 641 3506 693 sine

1927 744 2189 799 doctrina:
2219 742 2432 795 ratione
2455 740 2638 792 vivere
2659 725 3011 804 concupiscit.
3038 732 3319 798 Quomodo
3350 729 3512 784 etiam

1929 835 2030 905 ipsi
2064 845 2174 888 tum
2207 831 2495 889 claudendi
2524 838 2668 892 sunt,
2697 827 2825 880 dum
2851 841 2971 878 eum
2999 825 3206 880 ratione
3232 820 3514 876 celebran-

1932 927 2058 982 tur?
2091 926 2245 994 Quod
2277 939 2412 994 ergo
2447 920 2754 992 petulantes
2785 915 3278 972 incxaminabiliter
3310 908 3514 979 aliquid

1929 1019 2114 1074 dicere
2161 1023 2528 1085 praesumunt,
2566 1011 2791 1066 audiant
2845 1007 3182 1076 Scripturain
3238 1011 3511 1063 sanctam,

1932 1125 2092 1180 quam
2131 1109 2247 1165 sine
2284 1106 2566 1162 intellectu
2601 1114 2655 1158 et
2689 1100 3089 1157 examinatione
3123 1095 3292 1149 videri
3324 1107 3514 1163 quem-

1933 1218 2094 1271 quam
2131 1215 2295 1256 nosse
2342 1199 2647 1268 scripturas
2679 1192 2943 1262 culpabile
2989 1191 3159 1260 magis
3191 1198 3295 1243 est.
3330 1189 3518 1242 Scien-

1935 1295 2007 1348 tia
2057 1294 2225 1359 enim,
2275 1292 2470 1360 inquit,
2511 1306 2615 1343 non
2665 1285 3118 1356 intelligentium,
3157 1282 3518 1335 incxaminata

1933 1396 2059 1442 sunt
2087 1386 2271 1451 verba,
2310 1394 2365 1438 ct
2395 1381 2683 1452 disciplina
2716 1380 2832 1432 siue
2869 1375 3190 1445 probatione
3223 1382 3344 1427 erat
3378 1373 3444 1424 σθ.

2007 1478 2172 1532 Vens.
2214 1475 2307 1530 Ἡ.
2357 1493 2375 1526 ι
2429 1473 2529 1538 Qui
2572 1481 2655 1525 est
2705 1470 2757 1523 iu
2807 1471 2997 1523 dextra
3045 1467 3168 1530 Dei,
3217 1463 3523 1534 degluiicns

1937 1583 2192 1634 mortem,
2231 1579 2288 1624 ιιι
2323 1567 2447 1623 vita:
2478 1575 2695 1620 aeternis
2728 1562 2971 1617 hmredes
3004 1558 3364 1621 efﬁcerentur,
3397 1571 3524 1624 pro-

1938 1665 2110 1719 fectus
2144 1663 2195 1716 in
2230 1660 2434 1721 caelos,
2470 1657 2728 1726 subjectis
2759 1654 2862 1712 sibi
2896 1651 3101 1722 angelis
3133 1659 3187 1704 et
3237 1648 3520 1717 potestati-

1939 1758 2040 1811 bus
2074 1765 2129 1809 et
2161 1753 2471 1808 virtutibus.
2511 1769 2529 1801 ι

2016 1847 2170 1902 Sicut
2205 1861 2301 1914 per
2337 1844 2530 1899 Filium
2566 1840 2680 1904 Dei,
2716 1838 2859 1907 quod
2895 1836 3132 1892 Verbum
3163 1843 3246 1891 est
3280 1849 3372 1888 seu
3411 1833 3518 1887 Ra-

245 1943 353 2011 piI,
390 1942 484 1996 θυι]
529 1940 798 1993 ministra.
968 1939 1110 1993 ellilll
1146 1937 1396 1992 SilltIIiICI‘
1429 1933 1832 2004 intelligendum
1869 1937 1908 1992 Β
1942 1941 2037 2003 lio,
2075 1938 2366 1993 esscnliam
2401 1942 2595 1989 cuncta
2633 1927 2916 1986 rationalia
2941 1967 2955 1992 ν
2987 1936 3039 1980 ει
3078 1937 3133 1980 ut
3163 1933 3376 1986 essent,
3416 1923 3512 1976 ha.

244 2042 360 2098 Cal,
401 2041 456 2085 et
494 2030 622 2084 illud
671 2048 682 2083 :
725 2048 743 2084 ι
802 2028 1190 2084 Sanetiﬁcctur
1241 2042 1437 2082 nomen
1491 2036 1636 2081 tuum
1690 2023 1754 2076 ⁸³.
1810 2041 1828 2073 ι

245 2123 638 2178 Sanctificatur
683 2122 826 2178 enim
868 2136 1063 2176 nomen
1113 2119 1243 2183 Dei,
1277 2118 1492 2188 quando
1535 2114 1702 2170 induti
1747 2129 1834 2180 eo,

253 2231 345 2279 ea,
372 2230 491 2284 qum
520 2222 645 2269 sunt
669 2213 996 2278 sanctitatis,
1022 2213 1331 2283 implemus.
1358 2209 1549 2266 Adhuc
1576 2208 1838 2278 accipien-

252 2307 384 2360 dum
421 2316 584 2360 estet
618 2305 746 2360 illud
785 2322 797 2358 :
837 2323 854 2356 ι
899 2305 1065 2360 Deum
1097 2304 1460 2368 sanctiticate,
1494 2311 1548 2356 et
1589 2302 1702 2370 ipse
1736 2301 1839 2356 erit

248 2400 419 2452 timor
455 2407 667 2464 vester;
707 2415 726 2450 ι
767 2404 821 2451 et
853 2399 1047 2452 iterum
1084 2413 1098 2453 :
1136 2415 1153 2446 ί
1196 2395 1250 2448 Si
1283 2396 1332 2448 in
1360 2411 1424 2450 eo
1454 2395 1703 2456 conﬁdis,
1735 2393 1842 2447 erit

244 2493 349 2547 tibi
400 2492 453 2545 in
502 2491 816 2546 sanctitate.
870 2509 888 2543 ι
933 2491 1065 2544 Vide
1112 2489 1413 2558 siquidem,
1465 2487 1737 2556 quomodo
1787 2486 1838 2542 in

245 2582 544 2638 sanctitate
589 2581 701 2650 ipse
735 2581 994 2635 Dominus
1028 2580 1085 2632 ﬁt
1119 2579 1191 2643 ei,
1225 2578 1317 2647 qui
1353 2577 1666 2631 sanctiﬁcat
1693 2590 1837 2630 eum.

247 2677 347 2732 Sic
381 2675 550 2739 enim,
594 2683 652 2727 ut
687 2672 1063 2728 sanetiﬁcatur
1095 2671 1346 2724 Christus
1380 2670 1446 2723 ab
1475 2685 1560 2734 eo,
1594 2668 1684 2737 qui
1721 2668 1842 2720 imi-

249 2775 397 2822 tatur
427 2778 552 2818 eum
583 2779 597 2815 :
627 2764 705 2818 sic
728 2759 1272 2816 animadvertendum
1302 2767 1408 2824 est,
1440 2757 1718 2826 quoniam,
1749 2755 1839 2826 qui

257 2855 604 2911 transcendit
646 2855 960 2909 mandatum
999 2865 1261 2922 pra-scus,
1294 2849 1567 2918 quomodo
1605 2848 1843 2902 maculet

245 2950 556 3012 Christum,
580 2948 670 3016 qui
691 2950 984 3001 contuetur
1009 2959 1134 2999 eum
1161 2956 1276 3007 ore,
1305 2951 1359 2994 et
1385 2951 1545 3012 negat
1567 2940 1841 3008 operibus.

248 3043 348 3098 Sic
397 3043 541 3093 enim
579 3040 645 3091 ad
690 3039 954 3108 quosdam
1000 3035 1170 3089 dicit:
1209 3052 1227 3084 ι
1267 3031 1622 3086 Profanastis’
1648 3047 1844 3085 nomen

249 3145 438 3185 meum
468 3130 518 3182 in
555 3129 806 3198 gentibus
833 3126 900 3177 “.
934 3144 952 3176 ι
990 3123 1095 3177 Per
1125 3139 1220 3178 vos
1255 3123 1401 3176 enim
1439 3121 1848 3189 bIaSpItcmattu’

250 3237 456 3279 nomen
492 3237 692 3282 meum,
725 3235 848 3273 cum
879 3217 1064 3269 vivitis
1098 3218 1151 3268 in
1190 3223 1434 3284 peccato.

328 3315 498 3369 Vsus.
541 3312 629 3366 l5.
666 3329 684 3362 ι
717 3311 897 3365 Parati
923 3323 1138 3376 semper
1163 3307 1230 3358 ad
1263 3305 1670 3373 responsionem
1699 3305 1844 3356 omni

255 3406 504 3482 poscenti
539 3421 632 3460 vos
664 3403 930 3458 rationem
962 3402 1028 3455 de
1065 3401 1169 3454 ﬁde
1201 3406 1255 3453 et
1303 3413 1418 3469 spe,
1451 3412 1570 3467 quae
1605 3398 1656 3450 iu
1697 3398 1851 3451 vobis

255 3511 366 3559 est.
407 3519 425 3552 ι

336 3592 510 3646 Sicuti
559 3590 818 3644 continue
849 3588 958 3659 agi,
1005 3585 1148 3654 quod
1183 3586 1380 3640 bonum
1416 3593 1520 3648 est,
1549 3584 1726 3638 divina
1758 3583 1853 3638 do-

258 3687 438 3743 ctrina
470 3685 607 3746 vult,
637 3681 710 3734 ita
734 3691 788 3734 ct
814 3681 1109 3734 instructos
1135 3693 1254 3732 esse
1286 3676 1470 3731 ﬁdeles
1498 3677 1767 3739 hortatur,
1796 3687 1855 3730 ut

261 3777 442 3850 parati
470 3776 580 3830 sint
617 3775 683 3828 ad
718 3772 1224 3841 comprobationem
1261 3785 1440 3824 rerum
1471 3768 1852 3837 sapiendarum

260 3871 404 3946 (84).
445 3869 578 3934 Quia
631 3869 776 3922 enim
821 3865 999 3930 multi,
1046 3862 1340 3931 Evangeiio
1384 3860 1856 3930 discipliuabiliter

262 3965 648 4029 intendentes,
705 3963 930 4034 exigunt
973 3976 1070 4015 nos
1107 3959 1218 4030 (85)
1272 3957 1700 4012 satisfactionem
1742 3953 1854 4024 spei

266 4064 466 4122 beatae,
501 4072 606 4111 non
630 4064 844 4124 oportet
877 4067 1070 4120 segnes
1093 4066 1234 4114 esse,
1263 4059 1315 4103 et
1340 4051 1404 4102 ad
1429 4047 1854 4102 satisfactionem

264 4151 486 4208 deferre
519 4149 858 4216 requirentes
890 4146 1026 4209 t86),
1064 4145 1157 4197 sed
1186 4145 1358 4212 magis
1383 4157 1502 4196 esse
1529 4149 1858 4211 praeparatos

277 4243 483 4301 Christi
513 4239 828 4308 discipulos,
855 4245 1124 4306 quatenus
1149 4235 1343 4287 volenti
1371 4243 1556 4286 mutuo
1582 4231 1860 4300 percipere

275 4334 577 4394 ratiOnalcs
611 4331 872 4402 pecunias
908 4347 1013 4383 non
1053 4336 1302 4397 negatur,
1335 4343 1438 4379 nou
1473 4325 1617 4377 enim
1647 4323 1711 4377 de
1738 4338 1860 4376 seu-

267 4431 519 4488 sibilibus
554 4424 801 4494 pecuniis
831 4424 934 4476 hoc
964 4420 1228 4499 apostolis
1255 4429 1337 4470 est
1371 4425 1725 4486 praeceptum,
1765 4429 1861 4467 au-

273 4539 393 4580 rum
448 4535 553 4574 non
589 4517 914 4571 habentibus
963 4524 1016 4566 et
1063 4523 1364 4581 argentum.
1416 4509 1495 4562 Ad
1544 4509 1644 4562 hoc
1693 4508 1858 4560 etiam

1942 2031 2173 2086 buerunt
2208 2045 2222 2082 :
2254 2029 2332 2084 sic
2366 2041 2459 2096 per
2491 2039 2613 2080 eum
2659 2022 2901 2076 oumium
2931 2034 3116 2076 eorum
3159 2017 3306 2075 salus
3333 2013 3524 2069 t'tl'ccta

1940 2134 2044 2179 est.
2083 2122 2183 2188 Qui
2227 2120 2369 2175 enim
2423 2135 2532 2176 non
2580 2113 3031 2182 substantialiter,
3071 2110 3167 2166 sed
3207 2107 3527 2178 acquisitire

1941 2217 2288 2272 sanctitatem
2319 2212 2541 2276 habent,
2579 2225 2701 2265 cum
2733 2215 2996 2262 creaturae
3024 2205 3153 2271 sint,
3182 2203 3304 2274 jure
3332 2215 3529 2273 purga-

1945 2311 2017 2366 tio
2049 2308 2189 2363 facta
2228 2316 2311 2363 est
2342 2306 2484 2360 circa
2517 2311 2736 2368 cuneta,
2767 2301 2870 2355 hoc
2894 2298 3054 2352 modo
3083 2295 3334 2352 habentia
3368 2293 3528 2348 boni-

1949 2412 2135 2456 tatem.
2175 2398 2326 2454 Unde
2357 2398 2520 2452 etiam
2554 2393 2771 2449 sublimi
2808 2406 2904 2446 ore
2935 2389 3333 2446 correctionem
3362 2383 3532 2440 susci-

1944 2495 2119 2564 piunt.
2151 2490 2472 2547 I’aciﬁcavit
2501 2487 2644 2542 enim
2683 2484 2840 2540 Jesus
2867 2499 2964 2554 per
2997 2480 3320 2552 sanguinem
3351 2478 3532 2534 crucis

1944 2601 2075 2648 suae,
2113 2598 2233 2654 quze
2269 2583 2320 2637 in
2357 2581 2513 2635 cmlis
2565 2589 2620 2633 et
2659 2591 2779 2648 quae
2820 2575 2872 2629 in
2921 2584 3060 2628 terra
3102 2581 3231 2627 sunt
3261 2571 3327 2635 ⁸⁷,
3372 2584 3534 2624 omne

1945 2677 2145 2734 bellum
2179 2678 2471 2729 destructis
2508 2682 2564 2726 et
2619 2669 2932 2724 tumultum.
2986 2665 3106 2720 Mox
3145 2664 3288 2718 enim
3333 2663 3386 2716 in
3437 2661 3534 2715 dc-

1952 2785 2147 2827 sccnsn
2183 2768 2299 2836 ejus
2336 2777 2390 2822 et
2420 2765 2742 2829 '_nativitate,
2780 2760 2919 2816 facta
2955 2760 3022 2814 de
3061 2757 3281 2828 Virgine
3329 2754 3532 2810 dictum

1948 2875 2029 2921 est
2060 2882 2072 2919 :
2109 2881 2128 2913 ι
2167 2862 2350 2918 Gloria
2390 2861 2440 2914 in
2473 2857 2711 2913 excelsis
2753 2854 2862 2909 Deo
2900 2861 2954 2907 et
2990 2852 3041 2906 in
3077 2859 3220 2905 terra
3262 2861 3364 2916 pax
3402 2845 3468 2899 ⁸⁸.
3510 2863 3531 2896 ι

1949 2956 2309 3012 Concorditer
2362 2963 2542 3006 autem
2583 2961 2636 3005 et
2677 2950 2729 3002 in
2781 2945 3137 3018 prmsentibus
3174 2941 3379 2995 dictum
3421 2949 3530 2998 est,

1951 3049 2097 3121 quia,
2153 3060 2274 3100 cum
2319 3040 2714 3112 resurrexisset
2754 3053 2783 3090 a
2825 3034 3092 3097 mortuis,
3127 3041 3179 3083 et
3217 3029 3426 3083 sederet
3482 3025 3535 3079 in

1953 3117 2200 3204 dextera,
2238 3138 2288 3190 in
2329 3133 2578 3196 excelsis,
2626 3129 2899 3201 profectus
2936 3126 2989 3180 in
3043 3124 3262 3185 emtum,
3305 3117 3539 3186 subjecti

1956 3242 2078 3288 sunt
2109 3229 2286 3296 angeli
2315 3228 2387 3291 ci,
2421 3233 2716 3296 potestates
2747 3232 2911 3291 atque
2938 3218 3185 3272 virtutes.
3218 3213 3371 3267 Sicut
3395 3209 3540 3264 enim

1959 3325 2234 3388 homines,
2273 3321 2610 3373 ab5tinentcs
2643 3331 2671 3367 a
2716 3312 2952 3383 peccatis
2993 3305 3222 3375 subjecti
3269 3312 3434 3357 sunt:
3469 3300 3543 3354 ita

1959 3424 2015 3468 et
2053 3410 2328 3479 superiora
2371 3406 2658 3460 rationalia
2701 3411 2948 3458 correcta
2993 3394 3309 3467 spontaneis
3345 3389 3542 3461 culpis,

1959 3519 2085 3574 quae
2117 3501 2345 3555 forsitan
2377 3499 2702 3558 habuerunt,
2737 3493 2781 3546 ci
2818 3490 3059 3556 subjecta
3090 3496 3238 3549 sunt,
3273 3483 3546 3552 completa

1963 3570 2370 3663 dispensatione
2404 3586 2607 3648 habita,
2647 3598 2748 3652 pro
2775 3579 2948 3635 salute
2977 3583 3316 3631 cunctorum.
3351 3570 3540 3625 Possi-

1961 3687 2068 3742 bile
2097 3694 2180 3739 csl
2209 3692 2412 3744 autem,
2461 3679 2674 3746 aliquos
2716 3670 3019 3742 hujusmodi
3071 3663 3382 3737 spontaneis
3413 3677 3546 3732 pas-

1965 3779 2142 3835 sionis
2195 3772 2564 3832 voluntatibus
2614 3767 2953 3822 abstinentes
2999 3762 3201 3822 dicere,
3252 3757 3380 3828 quia
3438 3770 3544 3809 non

1958 3872 2184 3928 omnino
2221 3867 2452 3921 mutatio
2489 3862 2630 3916 facta
2668 3857 3008 3927 signiﬁcatur
3049 3850 3387 3908 subditorum
3427 3846 3546 3900 ani-

1966 3963 2185 4021 malium
2214 3969 2593 4029 supernorum.
2612 3951 2746 4007 Cum
2776 3947 2865 4001 tali
2888 3944 3180 4007 intellectu,
3207 3954 3327 4009 qua?
3346 3939 3547 4008 scripta

1973 4065 2124 4119 sunt,
2159 4047 2548 4119 suscipiuntur,
2583 4044 2693 4099 Deo
2731 4041 2908 4097 Verbo
2937 4036 3235 4092 exsistente
3263 4030 3400 4086 Filio
3431 4029 3546 4090 Dei,

1965 4150 2142 4206 omnis
2181 4153 2431 4202 creatura
2467 4151 2722 4209 tanquam
2772 4133 2881 4202 regi
2930 4123 3287 4196 omnipotenti
3337 4121 3548 4177 subdita

1969 4252 2070 4297 est.
2130 4238 2198 4292 Et
2249 4235 2506 4306 quoniam
2556 4231 2645 4284 hic
2679 4229 2819 4283 Deus
2869 4221 3102 4277 Verbum
3157 4214 3427 4272 hominem
3464 4226 3552 4264 as-

1972 4332 2227 4401 sumpsit,
2255 4341 2489 4396 eumque
2522 4321 2794 4376 suscitans
2827 4324 2946 4387 post
2978 4318 3206 4367 mortem
3239 4321 3401 4375 super
3427 4319 3548 4358 ont-

1971 4428 2058 4481 nia
2101 4399 2389 4493 principia,
2446 4424 2762 4487 potestates,
2807 4410 3034 4463 virtutes
3061 4415 3116 4460 et
3151 4399 3550 4458 dominationes

1975 4531 2096 4570 esse
2127 4488 2410 4567 constituit
2443 4526 2456 4562 :
2494 4506 2617 4561 huic
2659 4514 2852 4558 omnes
2883 4495 3055 4566 angeli
3111 4492 3224 4553 Dei,
3254 4488 3386 4560 jussi
3424 4501 3548 4542 eum

273 4618 478 4673 I’aulus
519 4613 733 4673 invitat,
777 4609 1071 4662 scribens:
1111 4624 1129 4655 ι
1169 4605 1224 4658 ln
1260 4603 1524 4671 sapientia
1561 4599 1856 4661 ambulate,
1893 4617 1934 4670 ι)
1974 4608 2224 4670 adorare,
2267 4600 2490 4671 subjecti
2525 4606 2671 4660 sunt,
2701 4593 2936 4649 scientes
2966 4603 3085 4642 eunt
3120 4582 3260 4637 uniri
3293 4593 3414 4634 eum
3443 4575 3553 4631 Deo

273 4721 500 4784 propter
521 4721 637 4770 eos,
663 4705 752 4774 qui
789 4703 920 4755 foris
945 4709 1095 4760 sunt,
1122 4697 1378 4760 scientes,
1399 4691 1672 4762 quomodo
1699 4707 1862 4761 opor-

276 4818 389 4862 teat
415 4801 643 4872 singulis
680 4795 1008 4865 respondcre
1039 4792 1128 4852 ⁶⁸;
1171 4806 1190 4841 ι
1227 4788 1357 4842 foris
1396 4788 1583 4839 dicens
1618 4797 1729 4848 eos,
1770 4784 1860 4851 qui

280 4900 530 4952 nondum.
570 4893 758 4948 ﬁdeles
806 4891 1102 4944 essisttmt.
1135 4882 1226 4936 Isti
1273 4893 1504 4946 namque
1552 4877 1860 4945 requirunt,

279 4991 521 5041 volentes
551 4999 850 5055 agnoscere
881 4981 1082 5050 aliquid
1115 4977 1180 5030 de
1204 4990 1321 5044 spe,
1345 4989 1463 5039 quae
1491 4971 1542 5023 in
1578 4969 1731 5022 nobis
1757 4977 1858 5022 est.

280 5079 350 5138 Ιί-
373 5089 575 5146 εμιιιιριι
603 5078 692 5145 qui
719 5079 1010 5146 prmsiderc
1033 5067 1404 5127 ecclesiastico
1428 5063 1743 5133 magisterio
1771 5063 1862 5115 dc-

282 5181 520 5243 putatur,
571 5183 738 5238 super
769 5168 894 5229 hoc,
927 5169 1070 5235 quod
1100 5166 1254 5220 debet
1293 5163 1494 5216 habere
1535 5157 1858 5218 doctrinam,

277 5263 434 5319 debet
483 5263 651 5316 etiam
708 5257 1032 5312 resultantes
1077 5259 1383 5311 obstruere.
1430 5251 1565 5307 Cum
1601 5264 1732 5319 ergo
1781 5249 1862 5302 sic

281 5358 466 5413 invitet
519 5355 702 5434 divina
746 5352 994 5408 doctrina
1047 5351 1339 5418 pra-parari
1392 5347 1606 5401 ﬁdelem
1660 5344 1859 5406 virum,

277 5451 461 5508 nescio
493 5449 642 5506 unde
671 5447 801 5503 moti
833 5445 1054 5516 quidam
1086 5443 1227 5496 sicut
1255 5441 1502 5505 jumcuta
1538 5440 1747 5503 vivunt,
1777 5452 1866 5490 ar-

345 5588 388 5620 ⁶¹
423 5585 564 5644 Luc.
611 5603 648 5650 ι,
696 5583 787 5638 46.
889 5584 932 5614 ⁶²
973 5579 1357 5650 ΡμιιΙηχκλιιι,

274 5665 318 5702 ⁸⁸
351 5643 533 5716 Εεειὶζ
569 5643 680 5722 ni,
721 5657 805 5722 IS,
843 5654 922 5708 l9.
1021 5651 1064 5681 "’
1107 5649 1146 5703 tl
1171 5658 1314 5700 itoss.
1343 5663 1380 5710 I,
1410 5647 1496 5698 id.
1575 5643 1620 5673 “
1665 5643 1795 5696 Luc.

348 5802 459 5876 {85)
499 5801 644 5876 Gall.
694 5797 1095 5868 spei-undarum.
1139 5790 1268 5853 Qllac
1311 5783 1622 5876 coiijectiira
1649 5780 1745 5876 "ab
1776 5779 1856 5876 Iiis

285 5852 988 5943 Qttigzilstztvtinisequuntur,
1024 5852 1271 5931 magnam
1311 5859 1472 5910 liabet
1505 5852 1857 5908 Continendu-

291 5950 502 6001 tionem.

597 6046 870 6106 Parnm.
915 6039 1026 6098 (in.
1081 6031 1378 6094 XXXIX.

1573 5573 1618 5603 ⁸³
1655 5571 1840 5625 Matth.
1884 5585 1956 5634 Vt,
1986 5571 2041 5623 9.

1875 5657 1938 5706 ιι,
1969 5641 2058 5698 II.

1973 4698 2177 4761 Verbo,
2214 4710 2334 4750 cmn
2367 4670 2425 4746 in
2465 4691 2685 4744 dextera
2721 4680 3022 4739 divinitatis
3045 4679 3132 4743 sit,
3170 4684 3224 4729 et
3253 4676 3304 4727 in
3336 4670 3555 4725 nomine

1969 4792 2086 4860 ejus
2125 4804 2230 4843 non
2265 4786 2441 4841 solum
2482 4793 2694 4837 terrena
2735 4787 2788 4832 et
2824 4774 3060 4832 inferna,
3107 4767 3197 4821 sed
3229 4764 3394 4818 etiam
3443 4773 3556 4814 cm-

1971 4851 2125 4937 lestia
2179 4895 2314 4951 genu
2365 4877 2620 4936 ﬂectant,
2665 4881 2720 4924 et
2758 4866 2934 4922 omnis
2969 4863 3150 4931 lingua
3209 4857 3274 4910 ad
3325 4851 3554 4951 gloriam

1971 4973 2063 5026 Dei
2103 4939 2282 5025 Pairis
2308 4967 2493 5021 Jesum
2523 4963 2809 5019 Dominum
2837 4969 2958 5010 esse
2990 4950 3312 5003 conﬁteatur
3333 4942 3400 4994 ".
3420 4939 3554 4993 Cum

1969 5075 2147 5118 autem
2196 5077 2414 5116 omnem
2445 5058 2681 5126 linguam
2717 5051 2909 5109 audis,
2956 5058 3062 5098 non
3097 5042 3332 5094 humana
3379 5032 3553 5086 solum

1969 5161 2134 5212 debes
2179 5166 2466 5208 numerare
2506 5147 2746 5217 eloquia,
2772 5143 2864 5198 sed
2897 5139 3059 5194 etiarn
3087 5145 3273 5187 eorum
3304 5127 3397 5196 qui
3430 5134 3558 5179 sunt

1970 5247 2021 5299 in
2053 5245 2230 5300 caelis.
2265 5243 2432 5300 Dicta:
2481 5238 2626 5293 enim
2669 5243 2794 5290 sunt
2828 5239 2883 5286 et
2921 5228 3132 5281 illorum
3182 5220 3398 5286 linguae,
3431 5227 3552 5266 cum

1973 5341 2046 5392 ait
2077 5356 2090 5391 :
2131 5356 2150 5390 ‹
2185 5337 2242 5392 Si
2277 5333 2476 5406 linguis
2496 5331 2774 5386 hominum
2799 5333 2853 5379 et
2875 5318 3187 5390 angelorum
3215 5310 3404 5378 loquar
3431 5303 3499 5406 1":
3532 5320 3551 5353 ³

2041 5430 2197 5486 CAP.
2244 5429 2333 5495 IV,
2356 5393 2521 5482 ιιειιι.
2557 5422 2645 5476 Π.
2693 5439 2710 5470 ι
2761 5417 2818 5473 Si
2852 5424 3031 5468 autem
3067 5403 3279 5460 initium
3311 5413 3341 5452 a
3375 5393 3556 5457 nobis,

2942 5549 2986 5580 "
3028 5546 3235 5601 Coloss.
3286 5556 3362 5602 iv,
3400 5537 3456 5603 5,
3499 5533 3556 5592 6.

2169 5569 2214 5599 “
2254 5567 2450 5621 Elet'Il.
2504 5576 2692 5620 xxxvi,
2752 5553 2844 5608 ‘22.
2942 5553 2986 5580 "
3028 5553 3235 5601 Coloss.
3286 5556 3403 5602 tv,.

2169 5641 2211 5671 ιιι
2254 5637 2466 5671 υιιίιεηη
2520 5648 2556 5671 n
2621 5631 2702 5671 tu.
2743 5629 2824 5671 tt-
2899 5621 2946 5651 το
2989 5618 3160 5671 ltlor.
3195 5628 3317 5671 xui.
3350 5609 3403 5663 1.

2167 5641 2211 5671 ⁸³
2252 5637 2487 5705 Philipp.
2520 5648 2583 5694 Il,
2621 5631 2706 5695 I0,
2743 5629 2825 5680 II.

2038 5778 2149 5846 (85)
2191 5770 2657 5846 Interponendum
2683 5765 2916 5846 videtur,
2950 5761 3040 5814 rut.

2039 5839 2150 5920 (86)
2197 5839 2471 5905 Fortasse,
2505 5839 2828 5909 nequientes.

3165 5993 3242 6054 56
3317 5997 3322 6000 “
