  <div class='ocr_page' id='page_1' title='image "/cluster/home/n/w/nwhite01/storage/ocr_20150623/39/mdp.39015010572892/891.png"; bbox 0 0 4118 6444; ppageno 0'>
   <div class='ocr_carea' id='block_1_1' title="bbox 557 447 687 505">
    <p class='ocr_par' dir='ltr' id='par_1_1' title="bbox 557 447 687 505">
     <span class='ocr_line' id='line_1_1' title="bbox 557 447 687 505; baseline -0.023 0"><span class='ocrx_word' id='word_1_1' title='bbox 557 447 687 505; x_wconf 66' lang='grc' dir='ltr'><strong>ΠῚΙ</strong></span> 
     </span>
    </p>
   </div>
   <div class='ocr_carea' id='block_1_2' title="bbox 1863 438 2609 497">
    <p class='ocr_par' dir='ltr' id='par_1_2' title="bbox 1863 438 2609 497">
     <span class='ocr_line' id='line_1_2' title="bbox 1863 438 2609 497; baseline 0.001 -1"><span class='ocrx_word' id='word_1_2' title='bbox 1863 439 2097 496; x_wconf 72' lang='lat' dir='ltr'><strong>DIDYMI</strong></span> <span class='ocrx_word' id='word_1_3' title='bbox 2136 438 2609 497; x_wconf 74' lang='lat' dir='ltr'><strong>ALEXANDRINI</strong></span> 
     </span>
    </p>
   </div>
   <div class='ocr_carea' id='block_1_3' title="bbox 3722 444 3875 500">
    <p class='ocr_par' dir='ltr' id='par_1_3' title="bbox 3722 444 3875 500">
     <span class='ocr_line' id='line_1_3' title="bbox 3722 444 3875 500; baseline 0.02 -3"><span class='ocrx_word' id='word_1_4' title='bbox 3722 444 3875 500; x_wconf 67' lang='grc' dir='ltr'>ιττε</span> 
     </span>
    </p>
   </div>
   <div class='ocr_carea' id='block_1_4' title="bbox 551 553 3865 629">
    <p class='ocr_par' dir='ltr' id='par_1_4' title="bbox 551 553 3865 629">
     <span class='ocr_line' id='line_1_4' title="bbox 551 553 3865 629; baseline 0.001 -18"><span class='ocrx_word' id='word_1_5' title='bbox 551 560 674 629; x_wconf 86' lang='lat' dir='ltr'><strong>quis</strong></span> <span class='ocrx_word' id='word_1_6' title='bbox 708 557 833 613; x_wconf 82' lang='lat' dir='ltr'><strong>linis</strong></span> <span class='ocrx_word' id='word_1_7' title='bbox 873 570 1089 625; x_wconf 89' lang='lat' dir='ltr'><strong>eorum,</strong></span> <span class='ocrx_word' id='word_1_8' title='bbox 1123 556 1216 627; x_wconf 93' lang='lat' dir='ltr'><strong>qui</strong></span> <span class='ocrx_word' id='word_1_9' title='bbox 1270 571 1375 613; x_wconf 93' lang='lat' dir='ltr'><strong>non</strong></span> <span class='ocrx_word' id='word_1_10' title='bbox 1428 559 1659 614; x_wconf 85' lang='lat' dir='ltr'><strong>credunt</strong></span> <span class='ocrx_word' id='word_1_11' title='bbox 1699 558 1791 613; x_wconf 87' lang='lat' dir='ltr'><strong>Dei</strong></span> <span class='ocrx_word' id='word_1_12' title='bbox 1824 557 2153 627; x_wconf 72' lang='lat' dir='ltr'><strong>Evangelia?</strong></span> <span class='ocrx_word' id='word_1_13' title='bbox 2181 573 2226 628; x_wconf 76' lang='grc' dir='ltr'><strong>Α</strong></span> <span class='ocrx_word' id='word_1_14' title='bbox 2260 568 2407 623; x_wconf 90' lang='lat' dir='ltr'><strong>runt,</strong></span> <span class='ocrx_word' id='word_1_15' title='bbox 2433 558 2499 613; x_wconf 88' lang='lat' dir='ltr'><strong>ad</strong></span> <span class='ocrx_word' id='word_1_16' title='bbox 2526 555 2983 613; x_wconf 74' lang='lat' dir='ltr'><strong>resurrectionem</strong></span> <span class='ocrx_word' id='word_1_17' title='bbox 3012 554 3134 610; x_wconf 69' lang='lat' dir='ltr'><strong>vitae</strong></span> <span class='ocrx_word' id='word_1_18' title='bbox 3160 553 3530 623; x_wconf 78' lang='lat' dir='ltr'><strong>venientibus,</strong></span> <span class='ocrx_word' id='word_1_19' title='bbox 3557 557 3651 627; x_wconf 87' lang='lat' dir='ltr'><strong>qui</strong></span> <span class='ocrx_word' id='word_1_20' title='bbox 3679 574 3865 629; x_wconf 76' lang='lat' dir='ltr'><strong>prava</strong></span> 
     </span>
    </p>
   </div>
   <div class='ocr_carea' id='block_1_5' title="bbox 458 648 2148 719">
    <p class='ocr_par' dir='ltr' id='par_1_5' title="bbox 458 648 2148 719">
     <span class='ocr_line' id='line_1_5' title="bbox 458 648 2148 719; baseline -0.004 -12"><span class='ocrx_word' id='word_1_21' title='bbox 458 670 463 678; x_wconf 94' lang='grc'>·</span> <span class='ocrx_word' id='word_1_22' title='bbox 549 661 605 707; x_wconf 90' lang='lat' dir='ltr'><strong>et</strong></span> <span class='ocrx_word' id='word_1_23' title='bbox 643 652 688 705; x_wconf 85' lang='lat' dir='ltr'><strong>si</strong></span> <span class='ocrx_word' id='word_1_24' title='bbox 717 649 900 719; x_wconf 88' lang='lat' dir='ltr'><strong>justus</strong></span> <span class='ocrx_word' id='word_1_25' title='bbox 927 649 1145 718; x_wconf 81' lang='lat' dir='ltr'><strong>quidem</strong></span> <span class='ocrx_word' id='word_1_26' title='bbox 1178 649 1261 702; x_wconf 75' lang='lat' dir='ltr'><strong>vix</strong></span> <span class='ocrx_word' id='word_1_27' title='bbox 1296 649 1482 704; x_wconf 81' lang='lat' dir='ltr'><strong>salvus</strong></span> <span class='ocrx_word' id='word_1_28' title='bbox 1509 648 1890 718; x_wconf 72' lang='lat' dir='ltr'><strong>5il,yPCCCttl0l&#39;</strong></span> <span class='ocrx_word' id='word_1_29' title='bbox 1939 657 1994 702; x_wconf 93' lang='lat' dir='ltr'><strong>et</strong></span> <span class='ocrx_word' id='word_1_30' title='bbox 2048 648 2148 701; x_wconf 90' lang='lat' dir='ltr'><strong>im-</strong></span> 
     </span>
    </p>
   </div>
   <div class='ocr_carea' id='block_1_6' title="bbox 552 740 1132 814">
    <p class='ocr_par' dir='ltr' id='par_1_6' title="bbox 552 740 1132 814">
     <span class='ocr_line' id='line_1_6' title="bbox 552 740 1132 814; baseline -0.005 -16"><span class='ocrx_word' id='word_1_31' title='bbox 552 744 674 814; x_wconf 87' lang='lat' dir='ltr'><strong>pius</strong></span> <span class='ocrx_word' id='word_1_32' title='bbox 700 742 788 797; x_wconf 89' lang='lat' dir='ltr'><strong>ubi</strong></span> <span class='ocrx_word' id='word_1_33' title='bbox 820 740 1075 813; x_wconf 83' lang='lat' dir='ltr'><strong>parebit?</strong></span> <span class='ocrx_word' id='word_1_34' title='bbox 1113 761 1132 795; x_wconf 72' lang='grc' dir='ltr'><strong>ο</strong></span> 
     </span>
    </p>
   </div>
   <div class='ocr_carea' id='block_1_7' title="bbox 624 854 1318 927">
    <p class='ocr_par' dir='ltr' id='par_1_7' title="bbox 624 854 1318 927">
     <span class='ocr_line' id='line_1_7' title="bbox 624 854 1318 927; baseline 0 -17"><span class='ocrx_word' id='word_1_35' title='bbox 624 858 747 911; x_wconf 79' lang='grc' dir='ltr'><strong>Ὀτι</strong></span> <span class='ocrx_word' id='word_1_36' title='bbox 790 858 819 910; x_wconf 99' lang='lat'><strong>6</strong></span> <span class='ocrx_word' id='word_1_37' title='bbox 861 856 1054 927; x_wconf 81' lang='grc' dir='ltr'>καιρὸς</span> <span class='ocrx_word' id='word_1_38' title='bbox 1088 855 1183 910; x_wconf 89' lang='grc' dir='ltr'>τοῦ</span> <span class='ocrx_word' id='word_1_39' title='bbox 1225 854 1318 927; x_wconf 74' lang='grc' dir='ltr'><strong>ἄρ-</strong></span> 
     </span>
    </p>
   </div>
   <div class='ocr_carea' id='block_1_8' title="bbox 551 944 1317 1019">
    <p class='ocr_par' dir='ltr' id='par_1_8' title="bbox 551 944 1317 1019">
     <span class='ocr_line' id='line_1_8' title="bbox 551 944 1317 1019; baseline -0.003 -18"><span class='ocrx_word' id='word_1_40' title='bbox 551 946 746 1013; x_wconf 77' lang='grc' dir='ltr'>ξασθαι</span> <span class='ocrx_word' id='word_1_41' title='bbox 779 945 863 1019; x_wconf 82' lang='grc' dir='ltr'><strong>(τὸ</strong></span> <span class='ocrx_word' id='word_1_42' title='bbox 888 949 1066 1018; x_wconf 85' lang='grc' dir='ltr'>κρῖμα</span> <span class='ocrx_word' id='word_1_43' title='bbox 1092 945 1200 1000; x_wconf 84' lang='grc' dir='ltr'><strong>ἀπὸ</strong></span> <span class='ocrx_word' id='word_1_44' title='bbox 1224 944 1317 999; x_wconf 91' lang='grc' dir='ltr'>τοῦ</span> 
     </span>
    </p>
   </div>
   <div class='ocr_carea' id='block_1_9' title="bbox 549 1037 1321 1108">
    <p class='ocr_par' dir='ltr' id='par_1_9' title="bbox 549 1037 1321 1108">
     <span class='ocr_line' id='line_1_9' title="bbox 549 1037 1321 1108; baseline -0.001 -16"><span class='ocrx_word' id='word_1_45' title='bbox 549 1037 708 1108; x_wconf 88' lang='grc' dir='ltr'>Θεοῦ)</span> <span class='ocrx_word' id='word_1_46' title='bbox 727 1078 741 1098; x_wconf 89' lang='grc'><strong>.</strong></span> <span class='ocrx_word' id='word_1_47' title='bbox 784 1037 1060 1092; x_wconf 77' lang='grc' dir='ltr'>τουτέστιν</span> <span class='ocrx_word' id='word_1_48' title='bbox 1101 1037 1321 1092; x_wconf 70' lang='grc' dir='ltr'>ἐνστάν-</span> 
     </span>
    </p>
   </div>
   <div class='ocr_carea' id='block_1_10' title="bbox 548 1128 1318 1200">
    <p class='ocr_par' dir='ltr' id='par_1_10' title="bbox 548 1128 1318 1200">
     <span class='ocr_line' id='line_1_10' title="bbox 548 1128 1318 1200; baseline -0.001 -17"><span class='ocrx_word' id='word_1_49' title='bbox 548 1146 643 1195; x_wconf 86' lang='grc' dir='ltr'><strong>τος</strong></span> <span class='ocrx_word' id='word_1_50' title='bbox 681 1129 777 1183; x_wconf 89' lang='grc' dir='ltr'>τοῦ</span> <span class='ocrx_word' id='word_1_51' title='bbox 819 1128 1045 1200; x_wconf 82' lang='grc' dir='ltr'><strong>καιροῦ,</strong></span> <span class='ocrx_word' id='word_1_52' title='bbox 1091 1128 1184 1184; x_wconf 86' lang='grc' dir='ltr'>τοῦ</span> <span class='ocrx_word' id='word_1_53' title='bbox 1220 1129 1318 1183; x_wconf 88' lang='grc' dir='ltr'>λα-</span> 
     </span>
    </p>
   </div>
   <div class='ocr_carea' id='block_1_11' title="bbox 551 1222 1319 1297">
    <p class='ocr_par' dir='ltr' id='par_1_11' title="bbox 551 1222 1319 1297">
     <span class='ocr_line' id='line_1_11' title="bbox 551 1222 1319 1297; baseline 0 -20"><span class='ocrx_word' id='word_1_54' title='bbox 551 1228 668 1279; x_wconf 74' lang='grc' dir='ltr'>ϐεῖν</span> <span class='ocrx_word' id='word_1_55' title='bbox 695 1223 867 1297; x_wconf 77' lang='grc' dir='ltr'>ἀρχὴν</span> <span class='ocrx_word' id='word_1_56' title='bbox 893 1224 955 1277; x_wconf 87' lang='grc' dir='ltr'>τὸ</span> <span class='ocrx_word' id='word_1_57' title='bbox 989 1240 1008 1275; x_wconf 77' lang='lat' dir='ltr'><strong>r</strong></span> <span class='ocrx_word' id='word_1_58' title='bbox 1050 1223 1145 1278; x_wconf 87' lang='grc' dir='ltr'>τοῦ</span> <span class='ocrx_word' id='word_1_59' title='bbox 1181 1222 1319 1278; x_wconf 91' lang='grc' dir='ltr'>Θεοῦ</span> 
     </span>
    </p>
   </div>
   <div class='ocr_carea' id='block_1_12' title="bbox 551 1313 1322 1389">
    <p class='ocr_par' dir='ltr' id='par_1_12' title="bbox 551 1313 1322 1389">
     <span class='ocr_line' id='line_1_12' title="bbox 551 1313 1322 1389; baseline -0.001 -20"><span class='ocrx_word' id='word_1_60' title='bbox 551 1318 745 1389; x_wconf 82' lang='grc' dir='ltr'>κρῖμα,</span> <span class='ocrx_word' id='word_1_61' title='bbox 767 1315 877 1369; x_wconf 79' lang='grc' dir='ltr'><strong>ἀπὸ</strong></span> <span class='ocrx_word' id='word_1_62' title='bbox 891 1313 983 1368; x_wconf 85' lang='grc' dir='ltr'>τοῦ</span> <span class='ocrx_word' id='word_1_63' title='bbox 1001 1313 1138 1369; x_wconf 85' lang='grc' dir='ltr'>Θεοῦ</span> <span class='ocrx_word' id='word_1_64' title='bbox 1166 1334 1186 1369; x_wconf 77' lang='lat' dir='ltr'><strong>t</strong></span> <span class='ocrx_word' id='word_1_65' title='bbox 1205 1315 1322 1370; x_wconf 79' lang='grc' dir='ltr'>δια-</span> 
     </span>
    </p>
   </div>
   <div class='ocr_carea' id='block_1_13' title="bbox 551 1408 1319 1481">
    <p class='ocr_par' dir='ltr' id='par_1_13' title="bbox 551 1408 1319 1481">
     <span class='ocr_line' id='line_1_13' title="bbox 551 1408 1319 1481; baseline 0.003 -20"><span class='ocrx_word' id='word_1_66' title='bbox 551 1409 700 1464; x_wconf 81' lang='grc' dir='ltr'>σαίνε</span> <span class='ocrx_word' id='word_1_67' title='bbox 710 1427 757 1463; x_wconf 91' lang='grc' dir='ltr'><strong>ιν</strong></span> <span class='ocrx_word' id='word_1_68' title='bbox 777 1408 1024 1481; x_wconf 82' lang='grc' dir='ltr'>ἄρχεται,</span> <span class='ocrx_word' id='word_1_69' title='bbox 1041 1408 1319 1463; x_wconf 78' lang='grc' dir='ltr'><strong>τουτέστιν</strong></span> 
     </span>
    </p>
   </div>
   <div class='ocr_carea' id='block_1_14' title="bbox 549 1504 1319 1575">
    <p class='ocr_par' dir='ltr' id='par_1_14' title="bbox 549 1504 1319 1575">
     <span class='ocr_line' id='line_1_14' title="bbox 549 1504 1319 1575; baseline 0.001 -17"><span class='ocrx_word' id='word_1_70' title='bbox 549 1505 658 1558; x_wconf 80' lang='grc' dir='ltr'><strong>ἀπὸ</strong></span> <span class='ocrx_word' id='word_1_71' title='bbox 733 1504 842 1559; x_wconf 77' lang='grc' dir='ltr'>τῶν</span> <span class='ocrx_word' id='word_1_72' title='bbox 912 1504 1178 1575; x_wconf 80' lang='grc' dir='ltr'><strong>μειζόνων</strong></span> <span class='ocrx_word' id='word_1_73' title='bbox 1238 1506 1319 1569; x_wconf 75' lang='grc' dir='ltr'><strong>είς</strong></span> 
     </span>
    </p>
   </div>
   <div class='ocr_carea' id='block_1_15' title="bbox 550 1596 1318 1670">
    <p class='ocr_par' dir='ltr' id='par_1_15' title="bbox 550 1596 1318 1670">
     <span class='ocr_line' id='line_1_15' title="bbox 550 1596 1318 1670; baseline 0 -19"><span class='ocrx_word' id='word_1_74' title='bbox 550 1596 676 1663; x_wconf 81' lang='grc' dir='ltr'>τοὺς</span> <span class='ocrx_word' id='word_1_75' title='bbox 716 1597 1164 1670; x_wconf 78' lang='grc' dir='ltr'><strong>ὑποδεεστέρους,</strong></span> <span class='ocrx_word' id='word_1_76' title='bbox 1195 1598 1318 1670; x_wconf 71' lang='grc' dir='ltr'>ἦτοι</span> 
     </span>
    </p>
   </div>
   <div class='ocr_carea' id='block_1_16' title="bbox 551 1691 1321 1763">
    <p class='ocr_par' dir='ltr' id='par_1_16' title="bbox 551 1691 1321 1763">
     <span class='ocr_line' id='line_1_16' title="bbox 551 1691 1321 1763; baseline -0.003 -17"><span class='ocrx_word' id='word_1_77' title='bbox 551 1691 662 1747; x_wconf 76' lang='grc' dir='ltr'>ἀπὸ</span> <span class='ocrx_word' id='word_1_78' title='bbox 686 1691 796 1746; x_wconf 86' lang='grc' dir='ltr'><strong>τῶν</strong></span> <span class='ocrx_word' id='word_1_79' title='bbox 829 1691 1039 1747; x_wconf 80' lang='grc' dir='ltr'>πιστῶν</span> <span class='ocrx_word' id='word_1_80' title='bbox 1068 1691 1162 1747; x_wconf 77' lang='grc' dir='ltr'><strong>καὶ</strong></span> <span class='ocrx_word' id='word_1_81' title='bbox 1187 1708 1321 1763; x_wconf 90' lang='grc' dir='ltr'>συμ-</span> 
     </span>
    </p>
   </div>
   <div class='ocr_carea' id='block_1_17' title="bbox 552 1781 1318 1857">
    <p class='ocr_par' dir='ltr' id='par_1_17' title="bbox 552 1781 1318 1857">
     <span class='ocr_line' id='line_1_17' title="bbox 552 1781 1318 1857; baseline 0 -21"><span class='ocrx_word' id='word_1_82' title='bbox 552 1783 904 1857; x_wconf 85' lang='grc' dir='ltr'>πληρούντων</span> <span class='ocrx_word' id='word_1_83' title='bbox 930 1783 1031 1857; x_wconf 76' lang='grc' dir='ltr'>τὴν</span> <span class='ocrx_word' id='word_1_84' title='bbox 1059 1781 1154 1837; x_wconf 89' lang='grc' dir='ltr'>τοῦ</span> <span class='ocrx_word' id='word_1_85' title='bbox 1182 1781 1318 1838; x_wconf 89' lang='grc' dir='ltr'>Θεοῦ</span> 
     </span>
    </p>
   </div>
   <div class='ocr_carea' id='block_1_18' title="bbox 560 1875 1321 1951">
    <p class='ocr_par' dir='ltr' id='par_1_18' title="bbox 560 1875 1321 1951">
     <span class='ocr_line' id='line_1_18' title="bbox 560 1875 1321 1951; baseline -0.003 -18"><span class='ocrx_word' id='word_1_86' title='bbox 560 1875 1006 1951; x_wconf 75' lang='grc' dir='ltr'>ἘκκλησίανΔιὸ</span> <span class='ocrx_word' id='word_1_87' title='bbox 1022 1880 1113 1935; x_wconf 77' lang='grc' dir='ltr'><strong>καὶ</strong></span> <span class='ocrx_word' id='word_1_88' title='bbox 1138 1876 1321 1949; x_wconf 74' lang='grc' dir='ltr'>ἐπιφέ-</span> 
     </span>
    </p>
   </div>
   <div class='ocr_carea' id='block_1_19' title="bbox 553 1967 1317 2042">
    <p class='ocr_par' dir='ltr' id='par_1_19' title="bbox 553 1967 1317 2042">
     <span class='ocr_line' id='line_1_19' title="bbox 553 1967 1317 2042; baseline -0.001 -20"><span class='ocrx_word' id='word_1_89' title='bbox 553 1986 660 2040; x_wconf 85' lang='grc' dir='ltr'><strong>ρει,</strong></span> <span class='ocrx_word' id='word_1_90' title='bbox 689 1970 738 2023; x_wconf 85' lang='grc' dir='ltr'><strong>εί</strong></span> <span class='ocrx_word' id='word_1_91' title='bbox 764 1969 982 2042; x_wconf 82' lang='grc' dir='ltr'>πρῶτον</span> <span class='ocrx_word' id='word_1_92' title='bbox 1016 1969 1109 2040; x_wconf 83' lang='grc' dir='ltr'><strong>ἀφ’</strong></span> <span class='ocrx_word' id='word_1_93' title='bbox 1138 1967 1317 2041; x_wconf 78' lang='grc' dir='ltr'>ἡμῶν,</span> 
     </span>
    </p>
   </div>
   <div class='ocr_carea' id='block_1_20' title="bbox 551 2064 1324 2138">
    <p class='ocr_par' dir='ltr' id='par_1_20' title="bbox 551 2064 1324 2138">
     <span class='ocr_line' id='line_1_20' title="bbox 551 2064 1324 2138; baseline 0.001 -19"><span class='ocrx_word' id='word_1_94' title='bbox 551 2066 722 2121; x_wconf 75' lang='grc' dir='ltr'>ὄντων</span> <span class='ocrx_word' id='word_1_95' title='bbox 744 2065 881 2120; x_wconf 83' lang='grc' dir='ltr'>Θεοῦ</span> <span class='ocrx_word' id='word_1_96' title='bbox 906 2065 1054 2120; x_wconf 81' lang='grc' dir='ltr'>οἴκου</span> <span class='ocrx_word' id='word_1_97' title='bbox 1070 2108 1083 2128; x_wconf 86' lang='grc'><strong>,</strong></span> <span class='ocrx_word' id='word_1_98' title='bbox 1105 2065 1183 2138; x_wconf 78' lang='grc' dir='ltr'><strong>(ἡ)</strong></span> <span class='ocrx_word' id='word_1_99' title='bbox 1216 2064 1324 2131; x_wconf 77' lang='grc' dir='ltr'><strong>ἐξὲο</strong></span> 
     </span>
    </p>
   </div>
   <div class='ocr_carea' id='block_1_21' title="bbox 551 2150 1325 2229">
    <p class='ocr_par' dir='ltr' id='par_1_21' title="bbox 551 2150 1325 2229">
     <span class='ocr_line' id='line_1_21' title="bbox 551 2150 1325 2229; baseline 0.003 -20"><span class='ocrx_word' id='word_1_100' title='bbox 551 2150 713 2222; x_wconf 72' lang='grc' dir='ltr'>τασις</span> <span class='ocrx_word' id='word_1_101' title='bbox 741 2156 852 2211; x_wconf 86' lang='grc' dir='ltr'><strong>τῶν</strong></span> <span class='ocrx_word' id='word_1_102' title='bbox 874 2156 1223 2229; x_wconf 82' lang='grc' dir='ltr'>βεϐιωμένων</span> <span class='ocrx_word' id='word_1_103' title='bbox 1244 2157 1325 2227; x_wconf 85' lang='grc' dir='ltr'><strong>γί-</strong></span> 
     </span>
    </p>
   </div>
   <div class='ocr_carea' id='block_1_22' title="bbox 554 2245 1324 2320">
    <p class='ocr_par' dir='ltr' id='par_1_22' title="bbox 554 2245 1324 2320">
     <span class='ocr_line' id='line_1_22' title="bbox 554 2245 1324 2320; baseline 0 -19"><span class='ocrx_word' id='word_1_104' title='bbox 554 2265 725 2314; x_wconf 76' lang='grc' dir='ltr'>νεται,</span> <span class='ocrx_word' id='word_1_105' title='bbox 748 2247 803 2301; x_wconf 83' lang='grc' dir='ltr'><strong>τί</strong></span> <span class='ocrx_word' id='word_1_106' title='bbox 833 2248 941 2320; x_wconf 82' lang='grc' dir='ltr'><strong>χρὴ</strong></span> <span class='ocrx_word' id='word_1_107' title='bbox 970 2245 1213 2319; x_wconf 78' lang='grc' dir='ltr'>νομίζειν</span> <span class='ocrx_word' id='word_1_108' title='bbox 1236 2248 1324 2301; x_wconf 83' lang='grc' dir='ltr'><strong>τέ-</strong></span> 
     </span>
    </p>
   </div>
   <div class='ocr_carea' id='block_1_23' title="bbox 552 2338 1322 2411">
    <p class='ocr_par' dir='ltr' id='par_1_23' title="bbox 552 2338 1322 2411">
     <span class='ocr_line' id='line_1_23' title="bbox 552 2338 1322 2411; baseline 0 -19"><span class='ocrx_word' id='word_1_109' title='bbox 552 2339 644 2404; x_wconf 87' lang='grc' dir='ltr'><strong>λος</strong></span> <span class='ocrx_word' id='word_1_110' title='bbox 684 2341 800 2403; x_wconf 87' lang='grc' dir='ltr'>τοῖς</span> <span class='ocrx_word' id='word_1_111' title='bbox 843 2338 1178 2411; x_wconf 80' lang='grc' dir='ltr'><strong>ἀπειθήσασι</strong></span> <span class='ocrx_word' id='word_1_112' title='bbox 1228 2338 1322 2392; x_wconf 84' lang='grc' dir='ltr'>τοῦ</span> 
     </span>
    </p>
   </div>
   <div class='ocr_carea' id='block_1_24' title="bbox 554 2428 1325 2501">
    <p class='ocr_par' dir='ltr' id='par_1_24' title="bbox 554 2428 1325 2501">
     <span class='ocr_line' id='line_1_24' title="bbox 554 2428 1325 2501; baseline 0 -17"><span class='ocrx_word' id='word_1_113' title='bbox 554 2428 891 2499; x_wconf 79' lang='grc' dir='ltr'>Εὑαγγελίου</span> <span class='ocrx_word' id='word_1_114' title='bbox 930 2428 1032 2501; x_wconf 86' lang='grc' dir='ltr'><strong>(τῷ</strong></span> <span class='ocrx_word' id='word_1_115' title='bbox 1080 2429 1325 2500; x_wconf 79' lang='grc' dir='ltr'>Εὐαγγε-</span> 
     </span>
    </p>
   </div>
   <div class='ocr_carea' id='block_1_25' title="bbox 554 2522 1320 2595">
    <p class='ocr_par' dir='ltr' id='par_1_25' title="bbox 554 2522 1320 2595">
     <span class='ocr_line' id='line_1_25' title="bbox 554 2522 1320 2595; baseline 0.007 -20"><span class='ocrx_word' id='word_1_116' title='bbox 554 2524 673 2595; x_wconf 81' lang='grc' dir='ltr'>λίῳ)</span> <span class='ocrx_word' id='word_1_117' title='bbox 688 2524 783 2577; x_wconf 90' lang='grc' dir='ltr'>τοῦ</span> <span class='ocrx_word' id='word_1_118' title='bbox 813 2522 951 2577; x_wconf 84' lang='grc' dir='ltr'>Θεοῦ</span> <span class='ocrx_word' id='word_1_119' title='bbox 976 2540 991 2591; x_wconf 90' lang='grc'><strong>;</strong></span> <span class='ocrx_word' id='word_1_120' title='bbox 1024 2554 1092 2565; x_wconf 92' lang='grc'><strong><em>-</em></strong></span> <span class='ocrx_word' id='word_1_121' title='bbox 1112 2555 1182 2563; x_wconf 91' lang='grc'><strong>-</strong></span> <span class='ocrx_word' id='word_1_122' title='bbox 1211 2525 1320 2580; x_wconf 80' lang='grc' dir='ltr'><strong>Φά-</strong></span> 
     </span>
    </p>
   </div>
   <div class='ocr_carea' id='block_1_26' title="bbox 558 2610 1326 2686">
    <p class='ocr_par' dir='ltr' id='par_1_26' title="bbox 558 2610 1326 2686">
     <span class='ocr_line' id='line_1_26' title="bbox 558 2610 1326 2686; baseline 0 -19"><span class='ocrx_word' id='word_1_123' title='bbox 558 2631 703 2668; x_wconf 87' lang='grc' dir='ltr'>σκων</span> <span class='ocrx_word' id='word_1_124' title='bbox 736 2610 830 2670; x_wconf 81' lang='grc' dir='ltr'><strong>οὖν</strong></span> <span class='ocrx_word' id='word_1_125' title='bbox 856 2614 1129 2686; x_wconf 78' lang='grc' dir='ltr'>ἄφευκτον</span> <span class='ocrx_word' id='word_1_126' title='bbox 1157 2616 1326 2671; x_wconf 86' lang='grc' dir='ltr'>ἀπαν-</span> 
     </span>
    </p>
   </div>
   <div class='ocr_carea' id='block_1_27' title="bbox 2250 646 3821 716">
    <p class='ocr_par' dir='ltr' id='par_1_27' title="bbox 2250 646 3821 716">
     <span class='ocr_line' id='line_1_27' title="bbox 2250 646 3821 716; baseline 0.003 -13"><span class='ocrx_word' id='word_1_127' title='bbox 2250 647 2520 713; x_wconf 79' lang='lat' dir='ltr'><strong>l‘ecernnt,</strong></span> <span class='ocrx_word' id='word_1_128' title='bbox 2551 650 2619 703; x_wconf 90' lang='lat' dir='ltr'><strong>ad</strong></span> <span class='ocrx_word' id='word_1_129' title='bbox 2651 649 3103 704; x_wconf 75' lang='lat' dir='ltr'><strong>resurrectionem</strong></span> <span class='ocrx_word' id='word_1_130' title='bbox 3132 646 3320 716; x_wconf 75' lang='lat' dir='ltr'><strong>iudicii</strong></span> <span class='ocrx_word' id='word_1_131' title='bbox 3376 648 3719 705; x_wconf 71' lang='lat' dir='ltr'><strong>suscitantur</strong></span> <span class='ocrx_word' id='word_1_132' title='bbox 3743 650 3821 707; x_wconf 78' lang='grc'><strong>⁷³.</strong></span> 
     </span>
    </p>
   </div>
   <div class='ocr_carea' id='block_1_28' title="bbox 2248 761 3866 835">
    <p class='ocr_par' dir='ltr' id='par_1_28' title="bbox 2248 761 3866 835">
     <span class='ocr_line' id='line_1_28' title="bbox 2248 761 3866 835; baseline 0.003 -19"><span class='ocrx_word' id='word_1_133' title='bbox 2248 762 2420 825; x_wconf 80' lang='grc' dir='ltr'>Μόλις</span> <span class='ocrx_word' id='word_1_134' title='bbox 2481 761 2593 835; x_wconf 82' lang='grc' dir='ltr'><strong>γὰρ</strong></span> <span class='ocrx_word' id='word_1_135' title='bbox 2652 761 2747 816; x_wconf 86' lang='grc' dir='ltr'>τοῦ</span> <span class='ocrx_word' id='word_1_136' title='bbox 2804 761 3013 816; x_wconf 80' lang='grc' dir='ltr'>δικαίου</span> <span class='ocrx_word' id='word_1_137' title='bbox 3090 761 3434 834; x_wconf 81' lang='lat' dir='ltr'><strong>Quapropter</strong></span> <span class='ocrx_word' id='word_1_138' title='bbox 3501 778 3866 835; x_wconf 82' lang='lat' dir='ltr'><strong>nequaquam</strong></span> 
     </span>
    </p>
   </div>
   <div class='ocr_carea' id='block_1_29' title="bbox 1464 852 2660 927">
    <p class='ocr_par' dir='ltr' id='par_1_29' title="bbox 1464 852 2660 926">
     <span class='ocr_line' id='line_1_29' title="bbox 1464 852 2660 926; baseline -0.003 -17"><span class='ocrx_word' id='word_1_139' title='bbox 1464 854 1701 912; x_wconf 79' lang='lat' dir='ltr'><strong>Instante</strong></span> <span class='ocrx_word' id='word_1_140' title='bbox 1726 857 1836 926; x_wconf 78' lang='lat' dir='ltr'><strong>jam</strong></span> <span class='ocrx_word' id='word_1_141' title='bbox 1881 864 2145 925; x_wconf 81' lang='lat' dir='ltr'><strong>tempore,</strong></span> <span class='ocrx_word' id='word_1_142' title='bbox 2220 852 2601 924; x_wconf 69' lang='grc' dir='ltr'>σωζομένου,</span> <span class='ocrx_word' id='word_1_143' title='bbox 2637 872 2660 906; x_wconf 74' lang='grc' dir='ltr'><strong>τ</strong></span> 
     </span>
    </p>
   </div>
   <div class='ocr_carea' id='block_1_30' title="bbox 2253 852 3866 927">
    <p class='ocr_par' dir='ltr' id='par_1_30' title="bbox 2253 852 3866 927">
     <span class='ocr_line' id='line_1_30' title="bbox 2253 852 3866 927; baseline 0.007 -22"><span class='ocrx_word' id='word_1_144' title='bbox 2253 852 2601 924; x_wconf 80' lang='grc' dir='ltr'><strong>σωζομένου,</strong></span> <span class='ocrx_word' id='word_1_145' title='bbox 2637 852 2887 907; x_wconf 83' lang='grc' dir='ltr'><strong>τουτέστι</strong></span> <span class='ocrx_word' id='word_1_146' title='bbox 2915 870 3016 907; x_wconf 82' lang='grc' dir='ltr'><strong>κα·</strong></span> <span class='ocrx_word' id='word_1_147' title='bbox 3088 856 3229 911; x_wconf 88' lang='lat' dir='ltr'><strong>inter</strong></span> <span class='ocrx_word' id='word_1_148' title='bbox 3276 857 3447 912; x_wconf 86' lang='lat' dir='ltr'><strong>bonos</strong></span> <span class='ocrx_word' id='word_1_149' title='bbox 3492 869 3756 927; x_wconf 81' lang='lat' dir='ltr'><strong>peccator</strong></span> <span class='ocrx_word' id='word_1_150' title='bbox 3805 871 3866 917; x_wconf 83' lang='lat' dir='ltr'><strong>et</strong></span> 
     </span>
    </p>
   </div>
   <div class='ocr_carea' id='block_1_31' title="bbox 1393 945 2660 1022">
    <p class='ocr_par' dir='ltr' id='par_1_31' title="bbox 1393 945 2660 1019">
     <span class='ocr_line' id='line_1_31' title="bbox 1393 945 2660 1019; baseline 0 -18"><span class='ocrx_word' id='word_1_151' title='bbox 1393 956 1449 1002; x_wconf 95' lang='lat' dir='ltr'><strong>ut</strong></span> <span class='ocrx_word' id='word_1_152' title='bbox 1502 947 1712 1001; x_wconf 89' lang='lat' dir='ltr'><strong>initium</strong></span> <span class='ocrx_word' id='word_1_153' title='bbox 1768 953 2009 1002; x_wconf 84' lang='lat' dir='ltr'><strong>sumeret</strong></span> <span class='ocrx_word' id='word_1_154' title='bbox 2056 945 2146 1000; x_wconf 87' lang='lat' dir='ltr'><strong>Dei</strong></span> <span class='ocrx_word' id='word_1_155' title='bbox 2253 948 2409 1019; x_wconf 81' lang='grc' dir='ltr'>μάτῳ</span> <span class='ocrx_word' id='word_1_156' title='bbox 2454 949 2551 1003; x_wconf 80' lang='grc' dir='ltr'><strong>καὶ</strong></span> <span class='ocrx_word' id='word_1_157' title='bbox 2612 948 2660 1002; x_wconf 76' lang='grc' dir='ltr'><strong>θ]</strong></span> 
     </span>
    </p>
   </div>
   <div class='ocr_carea' id='block_1_32' title="bbox 2253 945 3861 1022">
    <p class='ocr_par' dir='ltr' id='par_1_32' title="bbox 2253 948 3861 1022">
     <span class='ocr_line' id='line_1_32' title="bbox 2253 948 3861 1022; baseline 0.007 -22"><span class='ocrx_word' id='word_1_158' title='bbox 2253 948 2409 1019; x_wconf 81' lang='grc' dir='ltr'>μάτῳ</span> <span class='ocrx_word' id='word_1_159' title='bbox 2454 949 2551 1003; x_wconf 80' lang='grc' dir='ltr'><strong>καὶ</strong></span> <span class='ocrx_word' id='word_1_160' title='bbox 2612 948 2789 1019; x_wconf 82' lang='grc' dir='ltr'>θλίψει</span> <span class='ocrx_word' id='word_1_161' title='bbox 2842 949 3011 1021; x_wconf 81' lang='grc' dir='ltr'>πολλῇ</span> <span class='ocrx_word' id='word_1_162' title='bbox 3088 950 3286 1022; x_wconf 86' lang='lat' dir='ltr'><strong>impius</strong></span> <span class='ocrx_word' id='word_1_163' title='bbox 3352 953 3669 1022; x_wconf 81' lang='lat' dir='ltr'><strong>apparebit,</strong></span> <span class='ocrx_word' id='word_1_164' title='bbox 3728 969 3861 1011; x_wconf 83' lang='lat' dir='ltr'><strong>cum</strong></span> 
     </span>
    </p>
   </div>
   <div class='ocr_carea' id='block_1_33' title="bbox 1387 1037 2660 1113">
    <p class='ocr_par' dir='ltr' id='par_1_33' title="bbox 1387 1037 2660 1111">
     <span class='ocr_line' id='line_1_33' title="bbox 1387 1037 2660 1111; baseline 0.002 -19"><span class='ocrx_word' id='word_1_165' title='bbox 1387 1039 1684 1111; x_wconf 87' lang='lat' dir='ltr'><strong>judicium,</strong></span> <span class='ocrx_word' id='word_1_166' title='bbox 1738 1038 1930 1109; x_wconf 78' lang='lat' dir='ltr'><strong>incipit</strong></span> <span class='ocrx_word' id='word_1_167' title='bbox 1971 1037 2151 1094; x_wconf 81' lang='lat' dir='ltr'><strong>facere</strong></span> <span class='ocrx_word' id='word_1_168' title='bbox 2250 1040 2660 1108; x_wconf 69' lang='grc' dir='ltr'>ἀγωνιῶντος,ι</span> 
     </span>
    </p>
   </div>
   <div class='ocr_carea' id='block_1_34' title="bbox 2253 1037 3861 1113">
    <p class='ocr_par' dir='ltr' id='par_1_34' title="bbox 2253 1040 3861 1113">
     <span class='ocr_line' id='line_1_34' title="bbox 2253 1040 3861 1113; baseline 0.007 -20"><span class='ocrx_word' id='word_1_169' title='bbox 2253 1040 2614 1108; x_wconf 77' lang='grc' dir='ltr'>ἀγωνιῶντος,</span> <span class='ocrx_word' id='word_1_170' title='bbox 2646 1041 2765 1106; x_wconf 84' lang='grc' dir='ltr'>πῶς</span> <span class='ocrx_word' id='word_1_171' title='bbox 2798 1041 2861 1096; x_wconf 80' lang='grc' dir='ltr'>τὸ</span> <span class='ocrx_word' id='word_1_172' title='bbox 2894 1043 3015 1096; x_wconf 87' lang='grc' dir='ltr'>κατ’</span> <span class='ocrx_word' id='word_1_173' title='bbox 3084 1042 3265 1113; x_wconf 80' lang='lat' dir='ltr'><strong>justus</strong></span> <span class='ocrx_word' id='word_1_174' title='bbox 3313 1043 3403 1098; x_wconf 82' lang='lat' dir='ltr'><strong>vix</strong></span> <span class='ocrx_word' id='word_1_175' title='bbox 3456 1043 3699 1101; x_wconf 85' lang='lat' dir='ltr'><strong>salvetur</strong></span> <span class='ocrx_word' id='word_1_176' title='bbox 3748 1062 3861 1105; x_wconf 67' lang='grc' dir='ltr'><strong>εε-</strong></span> 
     </span>
    </p>
   </div>
   <div class='ocr_carea' id='block_1_35' title="bbox 1394 1128 2660 1206">
    <p class='ocr_par' dir='ltr' id='par_1_35' title="bbox 1394 1128 2660 1198">
     <span class='ocr_line' id='line_1_35' title="bbox 1394 1128 2660 1198; baseline 0.001 -14"><span class='ocrx_word' id='word_1_177' title='bbox 1394 1131 1681 1185; x_wconf 87' lang='lat' dir='ltr'><strong>transitum</strong></span> <span class='ocrx_word' id='word_1_178' title='bbox 1706 1146 1735 1183; x_wconf 77' lang='grc' dir='ltr'><strong>ιι</strong></span> <span class='ocrx_word' id='word_1_179' title='bbox 1757 1129 2053 1198; x_wconf 77' lang='lat' dir='ltr'><strong>majoribus</strong></span> <span class='ocrx_word' id='word_1_180' title='bbox 2081 1128 2148 1182; x_wconf 89' lang='lat' dir='ltr'><strong>ad</strong></span> <span class='ocrx_word' id='word_1_181' title='bbox 2251 1130 2432 1187; x_wconf 71' lang='grc' dir='ltr'>αὐτῶν</span> <span class='ocrx_word' id='word_1_182' title='bbox 2454 1129 2660 1196; x_wconf 73' lang='grc' dir='ltr'>ὲξελεύε</span> 
     </span>
    </p>
   </div>
   <div class='ocr_carea' id='block_1_36' title="bbox 2253 1128 3863 1206">
    <p class='ocr_par' dir='ltr' id='par_1_36' title="bbox 2253 1129 3863 1206">
     <span class='ocr_line' id='line_1_36' title="bbox 2253 1129 3863 1206; baseline 0.005 -21"><span class='ocrx_word' id='word_1_183' title='bbox 2253 1130 2432 1187; x_wconf 70' lang='grc' dir='ltr'>αὐτῶν</span> <span class='ocrx_word' id='word_1_184' title='bbox 2454 1129 2793 1196; x_wconf 65' lang='grc' dir='ltr'>ἐξελεύσεται</span> <span class='ocrx_word' id='word_1_185' title='bbox 2818 1134 3016 1206; x_wconf 83' lang='grc' dir='ltr'>κρῖμα,</span> <span class='ocrx_word' id='word_1_186' title='bbox 3094 1133 3298 1187; x_wconf 86' lang='lat' dir='ltr'><strong>tuando</strong></span> <span class='ocrx_word' id='word_1_187' title='bbox 3362 1141 3421 1188; x_wconf 89' lang='lat' dir='ltr'><strong>et</strong></span> <span class='ocrx_word' id='word_1_188' title='bbox 3490 1134 3863 1200; x_wconf 87' lang='lat' dir='ltr'><strong>decertando.</strong></span> 
     </span>
    </p>
   </div>
   <div class='ocr_carea' id='block_1_37' title="bbox 1393 1222 2660 1297">
    <p class='ocr_par' dir='ltr' id='par_1_37' title="bbox 1393 1222 2658 1295">
     <span class='ocr_line' id='line_1_37' title="bbox 1393 1222 2658 1295; baseline -0.002 -16"><span class='ocrx_word' id='word_1_189' title='bbox 1393 1224 1652 1279; x_wconf 86' lang='lat' dir='ltr'><strong>minores.</strong></span> <span class='ocrx_word' id='word_1_190' title='bbox 1679 1223 2018 1294; x_wconf 84' lang='lat' dir='ltr'><strong>Quapropter</strong></span> <span class='ocrx_word' id='word_1_191' title='bbox 2040 1222 2146 1278; x_wconf 88' lang='lat' dir='ltr'><strong>ait:</strong></span> <span class='ocrx_word' id='word_1_192' title='bbox 2251 1222 2357 1288; x_wconf 71' lang='grc' dir='ltr'>ἕως</span> <span class='ocrx_word' id='word_1_193' title='bbox 2388 1224 2418 1276; x_wconf 88' lang='lat'><strong>6</strong></span> <span class='ocrx_word' id='word_1_194' title='bbox 2464 1222 2658 1295; x_wconf 80' lang='grc' dir='ltr'>κριτὴς</span> 
     </span>
    </p>
   </div>
   <div class='ocr_carea' id='block_1_38' title="bbox 2253 1222 3860 1297">
    <p class='ocr_par' dir='ltr' id='par_1_38' title="bbox 2253 1222 3860 1297">
     <span class='ocr_line' id='line_1_38' title="bbox 2253 1222 3860 1297; baseline 0.005 -22"><span class='ocrx_word' id='word_1_195' title='bbox 2253 1222 2357 1288; x_wconf 72' lang='grc' dir='ltr'>ἕως</span> <span class='ocrx_word' id='word_1_196' title='bbox 2388 1224 2418 1276; x_wconf 91' lang='lat'><strong>6</strong></span> <span class='ocrx_word' id='word_1_197' title='bbox 2464 1222 2658 1295; x_wconf 80' lang='grc' dir='ltr'>κριτὴς</span> <span class='ocrx_word' id='word_1_198' title='bbox 2704 1224 2905 1289; x_wconf 82' lang='grc' dir='ltr'>αὐτοὺς</span> <span class='ocrx_word' id='word_1_199' title='bbox 2940 1224 3018 1280; x_wconf 84' lang='grc' dir='ltr'>δι-</span> <span class='ocrx_word' id='word_1_200' title='bbox 3089 1225 3361 1297; x_wconf 80' lang='lat' dir='ltr'><strong>quomodo</strong></span> <span class='ocrx_word' id='word_1_201' title='bbox 3422 1226 3541 1297; x_wconf 81' lang='lat' dir='ltr'><strong>ejus</strong></span> <span class='ocrx_word' id='word_1_202' title='bbox 3589 1225 3860 1296; x_wconf 81' lang='lat' dir='ltr'><strong>judicium</strong></span> 
     </span>
    </p>
   </div>
   <div class='ocr_carea' id='block_1_39' title="bbox 1396 1295 3861 1391">
    <p class='ocr_par' dir='ltr' id='par_1_39' title="bbox 1396 1295 3861 1391">
     <span class='ocr_line' id='line_1_39' title="bbox 1396 1295 3861 1391; baseline 0.004 -23"><span class='ocrx_word' id='word_1_203' title='bbox 1396 1333 1415 1368; x_wconf 74' lang='grc' dir='ltr'><strong>ι</strong></span> <span class='ocrx_word' id='word_1_204' title='bbox 1482 1313 1721 1385; x_wconf 81' lang='lat' dir='ltr'><strong>Tempus</strong></span> <span class='ocrx_word' id='word_1_205' title='bbox 1789 1312 2150 1369; x_wconf 87' lang='lat' dir='ltr'><strong>inchoationis</strong></span> <span class='ocrx_word' id='word_1_206' title='bbox 2251 1313 2502 1388; x_wconf 76' lang='grc' dir='ltr'>καιὼσῃς</span> <span class='ocrx_word' id='word_1_207' title='bbox 3091 1295 3463 1391; x_wconf 66' lang='lat' dir='ltr'><strong>transigaturl</strong></span> <span class='ocrx_word' id='word_1_208' title='bbox 3531 1295 3668 1379; x_wconf 80' lang='lat' dir='ltr'><strong>Nam</strong></span> <span class='ocrx_word' id='word_1_209' title='bbox 3731 1325 3861 1380; x_wconf 87' lang='lat' dir='ltr'><strong>licet</strong></span> 
     </span>
    </p>
   </div>
   <div class='ocr_carea' id='block_1_40' title="bbox 1385 1404 3857 1480">
    <p class='ocr_par' dir='ltr' id='par_1_40' title="bbox 1385 1404 3857 1480">
     <span class='ocr_line' id='line_1_40' title="bbox 1385 1404 3857 1480; baseline 0.004 -19"><span class='ocrx_word' id='word_1_210' title='bbox 1385 1404 1573 1477; x_wconf 77' lang='lat' dir='ltr'><strong>iudicii</strong></span> <span class='ocrx_word' id='word_1_211' title='bbox 1623 1419 1691 1461; x_wconf 78' lang='lat' dir='ltr'><strong>ex</strong></span> <span class='ocrx_word' id='word_1_212' title='bbox 1738 1405 1899 1463; x_wconf 89' lang='lat' dir='ltr'><strong>domo</strong></span> <span class='ocrx_word' id='word_1_213' title='bbox 1949 1404 2078 1470; x_wconf 87' lang='lat' dir='ltr'><strong>Dei,</strong></span> <span class='ocrx_word' id='word_1_214' title='bbox 2124 1422 2144 1457; x_wconf 76' lang='grc' dir='ltr'><strong>ι</strong></span> <span class='ocrx_word' id='word_1_215' title='bbox 2254 1407 2387 1462; x_wconf 88' lang='lat' dir='ltr'><strong>nihil</strong></span> <span class='ocrx_word' id='word_1_216' title='bbox 2431 1407 2582 1477; x_wconf 88' lang='lat' dir='ltr'><strong>pravi</strong></span> <span class='ocrx_word' id='word_1_217' title='bbox 2625 1407 2726 1464; x_wconf 87' lang='lat' dir='ltr'><strong>sibi</strong></span> <span class='ocrx_word' id='word_1_218' title='bbox 2770 1409 2842 1464; x_wconf 91' lang='lat' dir='ltr'><strong>sit</strong></span> <span class='ocrx_word' id='word_1_219' title='bbox 2906 1410 3180 1480; x_wconf 88' lang='lat' dir='ltr'><strong>conscius,</strong></span> <span class='ocrx_word' id='word_1_220' title='bbox 3232 1424 3607 1471; x_wconf 74' lang='lat' dir='ltr'><strong>verumtamen</strong></span> <span class='ocrx_word' id='word_1_221' title='bbox 3651 1415 3857 1478; x_wconf 81' lang='lat' dir='ltr'><strong>sciens.</strong></span> 
     </span>
    </p>
   </div>
   <div class='ocr_carea' id='block_1_41' title="bbox 1392 1496 3860 1578">
    <p class='ocr_par' dir='ltr' id='par_1_41' title="bbox 1392 1496 3860 1578">
     <span class='ocr_line' id='line_1_41' title="bbox 1392 1496 3860 1578; baseline 0.002 -23"><span class='ocrx_word' id='word_1_222' title='bbox 1392 1499 1497 1555; x_wconf 89' lang='lat' dir='ltr'><strong>hoc</strong></span> <span class='ocrx_word' id='word_1_223' title='bbox 1542 1508 1664 1566; x_wconf 91' lang='lat' dir='ltr'><strong>est,</strong></span> <span class='ocrx_word' id='word_1_224' title='bbox 1716 1512 1748 1554; x_wconf 87' lang='lat' dir='ltr'><strong>a</strong></span> <span class='ocrx_word' id='word_1_225' title='bbox 1809 1496 2054 1554; x_wconf 80' lang='lat' dir='ltr'><strong>ﬁdelibus</strong></span> <span class='ocrx_word' id='word_1_226' title='bbox 2099 1505 2154 1551; x_wconf 90' lang='lat' dir='ltr'><strong>et</strong></span> <span class='ocrx_word' id='word_1_227' title='bbox 2253 1498 2510 1568; x_wconf 85' lang='lat' dir='ltr'><strong>quoniam</strong></span> <span class='ocrx_word' id='word_1_228' title='bbox 2561 1513 2667 1554; x_wconf 87' lang='lat' dir='ltr'><strong>non</strong></span> <span class='ocrx_word' id='word_1_229' title='bbox 2702 1498 2756 1554; x_wconf 91' lang='lat' dir='ltr'><strong>in</strong></span> <span class='ocrx_word' id='word_1_230' title='bbox 2802 1499 2908 1556; x_wconf 88' lang='lat' dir='ltr'><strong>hoc</strong></span> <span class='ocrx_word' id='word_1_231' title='bbox 2946 1499 3303 1570; x_wconf 82' lang='lat' dir='ltr'><strong>justillratur,</strong></span> <span class='ocrx_word' id='word_1_232' title='bbox 3360 1506 3535 1562; x_wconf 90' lang='lat' dir='ltr'><strong>donec</strong></span> <span class='ocrx_word' id='word_1_233' title='bbox 3601 1520 3727 1562; x_wconf 89' lang='lat' dir='ltr'><strong>eum</strong></span> <span class='ocrx_word' id='word_1_234' title='bbox 3766 1508 3860 1578; x_wconf 86' lang='lat' dir='ltr'><strong>ju-</strong></span> 
     </span>
    </p>
   </div>
   <div class='ocr_carea' id='block_1_42' title="bbox 1376 1588 3351 1663">
    <p class='ocr_par' dir='ltr' id='par_1_42' title="bbox 1376 1588 3351 1663">
     <span class='ocr_line' id='line_1_42' title="bbox 1376 1588 3351 1663; baseline 0.001 -13"><span class='ocrx_word' id='word_1_235' title='bbox 1376 1591 1785 1663; x_wconf 83' lang='lat' dir='ltr'><strong>‘compientibus</strong></span> <span class='ocrx_word' id='word_1_236' title='bbox 1802 1589 1895 1645; x_wconf 91' lang='lat' dir='ltr'><strong>Dei</strong></span> <span class='ocrx_word' id='word_1_237' title='bbox 1921 1588 2153 1644; x_wconf 83' lang='lat' dir='ltr'><strong>viventis</strong></span> <span class='ocrx_word' id='word_1_238' title='bbox 2254 1591 2453 1648; x_wconf 87' lang='lat' dir='ltr'><strong>stilicet</strong></span> <span class='ocrx_word' id='word_1_239' title='bbox 2497 1590 2683 1659; x_wconf 81' lang='lat' dir='ltr'><strong>iudex,</strong></span> <span class='ocrx_word' id='word_1_240' title='bbox 2726 1602 2922 1649; x_wconf 57' lang='lat' dir='ltr'><strong>aestuat</strong></span> <span class='ocrx_word' id='word_1_241' title='bbox 2961 1604 3017 1651; x_wconf 92' lang='lat' dir='ltr'><strong>et</strong></span> <span class='ocrx_word' id='word_1_242' title='bbox 3091 1596 3351 1653; x_wconf 89' lang='lat' dir='ltr'><strong>decertat.</strong></span> 
     </span>
    </p>
   </div>
   <div class='ocr_carea' id='block_1_43' title="bbox 1391 1679 2181 1739">
    <p class='ocr_par' dir='ltr' id='par_1_43' title="bbox 1391 1679 2181 1739">
     <span class='ocr_line' id='line_1_43' title="bbox 1391 1679 2181 1739; baseline -0.005 -1"><span class='ocrx_word' id='word_1_243' title='bbox 1391 1682 1711 1739; x_wconf 87' lang='lat' dir='ltr'><strong>Ecclesiam.</strong></span> <span class='ocrx_word' id='word_1_244' title='bbox 1780 1679 1929 1736; x_wconf 72' lang='lat' dir='ltr'><strong>[inde</strong></span> <span class='ocrx_word' id='word_1_245' title='bbox 1984 1680 2150 1737; x_wconf 90' lang='lat' dir='ltr'><strong>etiam</strong></span> <span class='ocrx_word' id='word_1_246' title='bbox 2178 1694 2181 1695; x_wconf 66' lang='lat'><strong><em>&#39;</em></strong></span> 
     </span>
    </p>
   </div>
   <div class='ocr_carea' id='block_1_44' title="bbox 1392 1774 2152 1845">
    <p class='ocr_par' dir='ltr' id='par_1_44' title="bbox 1392 1774 2152 1845">
     <span class='ocr_line' id='line_1_44' title="bbox 1392 1774 2152 1845; baseline -0.007 -14"><span class='ocrx_word' id='word_1_247' title='bbox 1392 1775 1574 1841; x_wconf 78' lang='lat' dir='ltr'><strong>infert,</strong></span> <span class='ocrx_word' id='word_1_248' title='bbox 1609 1775 1652 1830; x_wconf 89' lang='lat' dir='ltr'><strong>si</strong></span> <span class='ocrx_word' id='word_1_249' title='bbox 1700 1774 1934 1845; x_wconf 90' lang='lat' dir='ltr'><strong>primum</strong></span> <span class='ocrx_word' id='word_1_250' title='bbox 1978 1788 2007 1826; x_wconf 89' lang='lat' dir='ltr'><strong>a</strong></span> <span class='ocrx_word' id='word_1_251' title='bbox 2054 1788 2152 1827; x_wconf 88' lang='lat' dir='ltr'><strong>no-</strong></span> 
     </span>
    </p>
   </div>
   <div class='ocr_carea' id='block_1_45' title="bbox 2326 1681 3862 1760">
    <p class='ocr_par' dir='ltr' id='par_1_45' title="bbox 2326 1681 3862 1760">
     <span class='ocr_line' id='line_1_45' title="bbox 2326 1681 3862 1760; baseline 0.007 -26"><span class='ocrx_word' id='word_1_252' title='bbox 2326 1681 2590 1751; x_wconf 73' lang='lat' dir='ltr'><strong>ancstio,</strong></span> <span class='ocrx_word' id='word_1_253' title='bbox 2617 1695 2800 1739; x_wconf 89' lang='lat' dir='ltr'><strong>utrum</strong></span> <span class='ocrx_word' id='word_1_254' title='bbox 2832 1684 2975 1741; x_wconf 89' lang='lat' dir='ltr'><strong>aliud</strong></span> <span class='ocrx_word' id='word_1_255' title='bbox 3009 1686 3371 1758; x_wconf 82' lang='lat' dir='ltr'><strong>sitpeccator.</strong></span> <span class='ocrx_word' id='word_1_256' title='bbox 3387 1700 3441 1745; x_wconf 93' lang='lat' dir='ltr'><strong>et</strong></span> <span class='ocrx_word' id='word_1_257' title='bbox 3458 1689 3604 1745; x_wconf 88' lang='lat' dir='ltr'><strong>aliud</strong></span> <span class='ocrx_word' id='word_1_258' title='bbox 3624 1690 3862 1760; x_wconf 70' lang='lat' dir='ltr'><strong>impius?</strong></span> 
     </span>
    </p>
   </div>
   <div class='ocr_carea' id='block_1_46' title="bbox 2254 1775 3857 1851">
    <p class='ocr_par' dir='ltr' id='par_1_46' title="bbox 2254 1775 3857 1851">
     <span class='ocr_line' id='line_1_46' title="bbox 2254 1775 3857 1851; baseline 0.005 -23"><span class='ocrx_word' id='word_1_259' title='bbox 2254 1775 2392 1843; x_wconf 82' lang='lat' dir='ltr'><strong>Quia</strong></span> <span class='ocrx_word' id='word_1_260' title='bbox 2426 1775 2517 1830; x_wconf 90' lang='lat' dir='ltr'><strong>hic</strong></span> <span class='ocrx_word' id='word_1_261' title='bbox 2550 1776 2706 1841; x_wconf 90' lang='lat' dir='ltr'><strong>dicit,</strong></span> <span class='ocrx_word' id='word_1_262' title='bbox 2742 1777 2885 1832; x_wconf 86' lang='lat' dir='ltr'><strong>sicut</strong></span> <span class='ocrx_word' id='word_1_263' title='bbox 2910 1787 2967 1833; x_wconf 90' lang='lat' dir='ltr'><strong>et</strong></span> <span class='ocrx_word' id='word_1_264' title='bbox 2997 1778 3049 1832; x_wconf 94' lang='lat' dir='ltr'><strong>in</strong></span> <span class='ocrx_word' id='word_1_265' title='bbox 3081 1779 3203 1834; x_wconf 88' lang='lat' dir='ltr'><strong>aliis</strong></span> <span class='ocrx_word' id='word_1_266' title='bbox 3230 1778 3529 1851; x_wconf 72' lang='lat' dir='ltr'><strong>Scriptura:</strong></span> <span class='ocrx_word' id='word_1_267' title='bbox 3566 1781 3723 1849; x_wconf 82' lang='lat' dir='ltr'><strong>locis,</strong></span> <span class='ocrx_word' id='word_1_268' title='bbox 3763 1783 3857 1837; x_wconf 91' lang='lat' dir='ltr'><strong>ubi</strong></span> 
     </span>
    </p>
   </div>
   <div class='ocr_carea' id='block_1_47' title="bbox 1391 1866 3863 1944">
    <p class='ocr_par' dir='ltr' id='par_1_47' title="bbox 1391 1866 3863 1944">
     <span class='ocr_line' id='line_1_47' title="bbox 1391 1866 3863 1944; baseline 0.002 -19"><span class='ocrx_word' id='word_1_269' title='bbox 1391 1869 1496 1936; x_wconf 90' lang='lat' dir='ltr'><strong>bis,</strong></span> <span class='ocrx_word' id='word_1_270' title='bbox 1514 1868 1604 1940; x_wconf 89' lang='lat' dir='ltr'><strong>qui</strong></span> <span class='ocrx_word' id='word_1_271' title='bbox 1625 1883 1813 1924; x_wconf 87' lang='lat' dir='ltr'><strong>sumus</strong></span> <span class='ocrx_word' id='word_1_272' title='bbox 1830 1866 2149 1925; x_wconf 87' lang='lat' dir='ltr'><strong>Deidumus.</strong></span> <span class='ocrx_word' id='word_1_273' title='bbox 2190 1930 2229 1944; x_wconf 77' lang='lat'>_</span> <span class='ocrx_word' id='word_1_274' title='bbox 2256 1868 2378 1923; x_wconf 86' lang='lat' dir='ltr'><strong>ait:</strong></span> <span class='ocrx_word' id='word_1_275' title='bbox 2413 1885 2434 1919; x_wconf 72' lang='grc' dir='ltr'><strong>ι</strong></span> <span class='ocrx_word' id='word_1_276' title='bbox 2465 1866 2589 1923; x_wconf 87' lang='lat' dir='ltr'><strong>Ideo</strong></span> <span class='ocrx_word' id='word_1_277' title='bbox 2633 1883 2737 1923; x_wconf 91' lang='lat' dir='ltr'><strong>non</strong></span> <span class='ocrx_word' id='word_1_278' title='bbox 2768 1876 3070 1940; x_wconf 46' lang='lat' dir='ltr'><strong>;resurgent</strong></span> <span class='ocrx_word' id='word_1_279' title='bbox 3114 1871 3263 1943; x_wconf 89' lang='lat' dir='ltr'><strong>impii</strong></span> <span class='ocrx_word' id='word_1_280' title='bbox 3309 1873 3362 1927; x_wconf 92' lang='lat' dir='ltr'><strong>in</strong></span> <span class='ocrx_word' id='word_1_281' title='bbox 3402 1872 3630 1944; x_wconf 85' lang='lat' dir='ltr'><strong>judicio,</strong></span> <span class='ocrx_word' id='word_1_282' title='bbox 3679 1889 3863 1944; x_wconf 81' lang='lat' dir='ltr'><strong>neque</strong></span> 
     </span>
    </p>
   </div>
   <div class='ocr_carea' id='block_1_48' title="bbox 1393 1930 3865 2037">
    <p class='ocr_par' dir='ltr' id='par_1_48' title="bbox 1393 1930 3865 2037">
     <span class='ocr_line' id='line_1_48' title="bbox 1393 1930 3865 2037; baseline 0.002 -19"><span class='ocrx_word' id='word_1_283' title='bbox 1393 1959 1724 2018; x_wconf 81' lang='lat' dir='ltr'><strong>examinatio</strong></span> <span class='ocrx_word' id='word_1_284' title='bbox 1762 1969 1978 2015; x_wconf 87' lang='lat' dir='ltr'><strong>actuum</strong></span> <span class='ocrx_word' id='word_1_285' title='bbox 2004 1959 2153 2030; x_wconf 76' lang='lat' dir='ltr'><strong>cogi-</strong></span> <span class='ocrx_word' id='word_1_286' title='bbox 2189 1930 2231 1985; x_wconf 70' lang='grc' dir='ltr'><strong><em>Β</em></strong></span> <span class='ocrx_word' id='word_1_287' title='bbox 2256 1968 2577 2029; x_wconf 86' lang='lat' dir='ltr'><strong>peccatores</strong></span> <span class='ocrx_word' id='word_1_288' title='bbox 2621 1958 2675 2014; x_wconf 89' lang='lat' dir='ltr'><strong>in</strong></span> <span class='ocrx_word' id='word_1_289' title='bbox 2709 1958 2944 2017; x_wconf 90' lang='lat' dir='ltr'><strong>concilio</strong></span> <span class='ocrx_word' id='word_1_290' title='bbox 2978 1930 3250 2030; x_wconf 67' lang='lat' dir='ltr'><strong>justoruin</strong></span> <span class='ocrx_word' id='word_1_291' title='bbox 3293 1964 3360 2018; x_wconf 82' lang='lat'><strong>&quot;.</strong></span> <span class='ocrx_word' id='word_1_292' title='bbox 3470 1965 3549 2029; x_wconf 70' lang='lat' dir='ltr'><strong>Ex</strong></span> <span class='ocrx_word' id='word_1_293' title='bbox 3593 1966 3695 2022; x_wconf 88' lang='lat' dir='ltr'><strong>hoc</strong></span> <span class='ocrx_word' id='word_1_294' title='bbox 3734 1930 3865 2037; x_wconf 64' lang='lat' dir='ltr'><strong>qui-</strong></span> 
     </span>
    </p>
   </div>
   <div class='ocr_carea' id='block_1_49' title="bbox 1394 2040 3861 2123">
    <p class='ocr_par' dir='ltr' id='par_1_49' title="bbox 1394 2040 3861 2123">
     <span class='ocr_line' id='line_1_49' title="bbox 1394 2040 3861 2123; baseline 0.002 -13"><span class='ocrx_word' id='word_1_295' title='bbox 1394 2054 1766 2123; x_wconf 87' lang='lat' dir='ltr'><strong>tationumque</strong></span> <span class='ocrx_word' id='word_1_296' title='bbox 1835 2051 1926 2117; x_wconf 88' lang='lat' dir='ltr'><strong>lit,</strong></span> <span class='ocrx_word' id='word_1_297' title='bbox 1990 2062 2150 2121; x_wconf 86' lang='lat' dir='ltr'><strong>quem</strong></span> <span class='ocrx_word' id='word_1_298' title='bbox 2263 2048 2389 2105; x_wconf 89' lang='lat' dir='ltr'><strong>dem</strong></span> <span class='ocrx_word' id='word_1_299' title='bbox 2448 2050 2755 2106; x_wconf 84' lang='lat' dir='ltr'><strong>ostenditur</strong></span> <span class='ocrx_word' id='word_1_300' title='bbox 2786 2040 3103 2108; x_wconf 77' lang='lat' dir='ltr'><strong>differentia</strong></span> <span class='ocrx_word' id='word_1_301' title='bbox 3158 2054 3392 2110; x_wconf 89' lang='lat' dir='ltr'><strong>duorum</strong></span> <span class='ocrx_word' id='word_1_302' title='bbox 3453 2057 3731 2113; x_wconf 88' lang='lat' dir='ltr'><strong>ordinum.</strong></span> <span class='ocrx_word' id='word_1_303' title='bbox 3796 2056 3861 2115; x_wconf 85' lang='lat' dir='ltr'><strong>In</strong></span> 
     </span>
    </p>
   </div>
   <div class='ocr_carea' id='block_1_50' title="bbox 1393 2138 3863 2220">
    <p class='ocr_par' dir='ltr' id='par_1_50' title="bbox 1393 2138 3863 2220">
     <span class='ocr_line' id='line_1_50' title="bbox 1393 2138 3863 2220; baseline 0.004 -26"><span class='ocrx_word' id='word_1_304' title='bbox 1393 2149 1617 2207; x_wconf 63' lang='lat' dir='ltr'><strong>creditis</strong></span> <span class='ocrx_word' id='word_1_305' title='bbox 1682 2148 1970 2204; x_wconf 71' lang='lat' dir='ltr'><strong>terminum</strong></span> <span class='ocrx_word' id='word_1_306' title='bbox 2044 2160 2152 2203; x_wconf 75' lang='lat' dir='ltr'><strong>non</strong></span> <span class='ocrx_word' id='word_1_307' title='bbox 2254 2138 2385 2194; x_wconf 88' lang='lat' dir='ltr'><strong>aliis</strong></span> <span class='ocrx_word' id='word_1_308' title='bbox 2417 2148 2599 2195; x_wconf 90' lang='lat' dir='ltr'><strong>autem</strong></span> <span class='ocrx_word' id='word_1_309' title='bbox 2645 2143 2899 2197; x_wconf 88' lang='lat' dir='ltr'><strong>eumdem</strong></span> <span class='ocrx_word' id='word_1_310' title='bbox 2936 2154 3281 2213; x_wconf 86' lang='lat' dir='ltr'><strong>peccatorem</strong></span> <span class='ocrx_word' id='word_1_311' title='bbox 3328 2146 3460 2202; x_wconf 91' lang='lat' dir='ltr'><strong>dicit</strong></span> <span class='ocrx_word' id='word_1_312' title='bbox 3499 2158 3555 2204; x_wconf 91' lang='lat' dir='ltr'><strong>et</strong></span> <span class='ocrx_word' id='word_1_313' title='bbox 3603 2149 3863 2220; x_wconf 84' lang='lat' dir='ltr'><strong>impium,</strong></span> 
     </span>
    </p>
   </div>
   <div class='ocr_carea' id='block_1_51' title="bbox 1394 2231 3863 2314">
    <p class='ocr_par' dir='ltr' id='par_1_51' title="bbox 1394 2231 3863 2314">
     <span class='ocr_line' id='line_1_51' title="bbox 1394 2231 3863 2314; baseline 0.004 -27"><span class='ocrx_word' id='word_1_314' title='bbox 1394 2245 1741 2302; x_wconf 60' lang='lat' dir='ltr'><strong>credemibus</strong></span> <span class='ocrx_word' id='word_1_315' title='bbox 1781 2244 1872 2299; x_wconf 70' lang='lat' dir='ltr'><strong>Dei</strong></span> <span class='ocrx_word' id='word_1_316' title='bbox 1909 2243 2153 2314; x_wconf 65' lang='lat' dir='ltr'><strong>Evange-</strong></span> <span class='ocrx_word' id='word_1_317' title='bbox 2255 2245 2378 2286; x_wconf 91' lang='lat' dir='ltr'><strong>cum</strong></span> <span class='ocrx_word' id='word_1_318' title='bbox 2409 2231 2483 2288; x_wconf 89' lang='lat' dir='ltr'><strong>ait</strong></span> <span class='ocrx_word' id='word_1_319' title='bbox 2513 2249 2527 2287; x_wconf 91' lang='lat'><strong>:</strong></span> <span class='ocrx_word' id='word_1_320' title='bbox 2569 2249 2589 2284; x_wconf 71' lang='grc' dir='ltr'><strong>ι</strong></span> <span class='ocrx_word' id='word_1_321' title='bbox 2616 2232 2821 2289; x_wconf 89' lang='lat' dir='ltr'><strong>Statuit</strong></span> <span class='ocrx_word' id='word_1_322' title='bbox 2851 2243 3033 2291; x_wconf 93' lang='lat' dir='ltr'><strong>autem</strong></span> <span class='ocrx_word' id='word_1_323' title='bbox 3070 2252 3225 2292; x_wconf 88' lang='lat' dir='ltr'><strong>suam</strong></span> <span class='ocrx_word' id='word_1_324' title='bbox 3253 2239 3580 2295; x_wconf 86' lang='lat' dir='ltr'><strong>charitatem</strong></span> <span class='ocrx_word' id='word_1_325' title='bbox 3610 2241 3664 2295; x_wconf 90' lang='lat' dir='ltr'><strong>in</strong></span> <span class='ocrx_word' id='word_1_326' title='bbox 3698 2244 3863 2298; x_wconf 77' lang='lat' dir='ltr'><strong>nobis</strong></span> 
     </span>
    </p>
   </div>
   <div class='ocr_carea' id='block_1_52' title="bbox 1394 2324 3861 2409">
    <p class='ocr_par' dir='ltr' id='par_1_52' title="bbox 1394 2324 3861 2409">
     <span class='ocr_line' id='line_1_52' title="bbox 1394 2324 3861 2409; baseline -0.002 -15"><span class='ocrx_word' id='word_1_327' title='bbox 1394 2338 1469 2394; x_wconf 91' lang='lat' dir='ltr'><strong>lio</strong></span> <span class='ocrx_word' id='word_1_328' title='bbox 1530 2334 1853 2409; x_wconf 78' lang='lat' dir='ltr'><strong>pervenire?</strong></span> <span class='ocrx_word' id='word_1_329' title='bbox 1899 2335 2004 2391; x_wconf 84' lang='lat' dir='ltr'><strong>Per</strong></span> <span class='ocrx_word' id='word_1_330' title='bbox 2053 2334 2156 2389; x_wconf 85' lang='lat' dir='ltr'><strong>hoc</strong></span> <span class='ocrx_word' id='word_1_331' title='bbox 2258 2324 2424 2389; x_wconf 89' lang='lat' dir='ltr'><strong>Deus,</strong></span> <span class='ocrx_word' id='word_1_332' title='bbox 2448 2324 2600 2395; x_wconf 89' lang='lat' dir='ltr'><strong>quia,</strong></span> <span class='ocrx_word' id='word_1_333' title='bbox 2634 2340 2757 2380; x_wconf 90' lang='lat' dir='ltr'><strong>cum</strong></span> <span class='ocrx_word' id='word_1_334' title='bbox 2793 2337 3108 2397; x_wconf 81' lang='lat' dir='ltr'><strong>peccatores</strong></span> <span class='ocrx_word' id='word_1_335' title='bbox 3143 2344 3413 2399; x_wconf 86' lang='lat' dir='ltr'><strong>essemus,</strong></span> <span class='ocrx_word' id='word_1_336' title='bbox 3460 2331 3861 2405; x_wconf 84' lang='lat' dir='ltr'><strong>Christus&#39;pro</strong></span> 
     </span>
    </p>
   </div>
   <div class='ocr_carea' id='block_1_53' title="bbox 1394 2415 3854 2500">
    <p class='ocr_par' dir='ltr' id='par_1_53' title="bbox 1394 2415 3854 2500">
     <span class='ocr_line' id='line_1_53' title="bbox 1394 2415 3854 2500; baseline -0.004 -11"><span class='ocrx_word' id='word_1_337' title='bbox 1394 2442 1669 2489; x_wconf 86' lang='lat' dir='ltr'><strong>certamen</strong></span> <span class='ocrx_word' id='word_1_338' title='bbox 1712 2429 2048 2500; x_wconf 83' lang='lat' dir='ltr'><strong>multumque.</strong></span> <span class='ocrx_word' id='word_1_339' title='bbox 2084 2427 2154 2482; x_wconf 90' lang='lat' dir='ltr'><strong>ti-</strong></span> <span class='ocrx_word' id='word_1_340' title='bbox 2256 2415 2417 2471; x_wconf 68' lang='grc' dir='ltr'>ηοῑιίε</span> <span class='ocrx_word' id='word_1_341' title='bbox 2445 2426 2694 2472; x_wconf 65' lang='lat' dir='ltr'><strong>mortuus</strong></span> <span class='ocrx_word' id='word_1_342' title='bbox 2722 2425 2808 2474; x_wconf 72' lang='grc' dir='ltr'><strong>εει</strong></span> <span class='ocrx_word' id='word_1_343' title='bbox 2843 2417 2910 2485; x_wconf 74' lang='grc'><strong>⁷⁵,</strong></span> <span class='ocrx_word' id='word_1_344' title='bbox 2939 2426 2994 2473; x_wconf 81' lang='lat' dir='ltr'><strong>et</strong></span> <span class='ocrx_word' id='word_1_345' title='bbox 3026 2435 3150 2475; x_wconf 77' lang='lat' dir='ltr'><strong>mox</strong></span> <span class='ocrx_word' id='word_1_346' title='bbox 3182 2423 3259 2479; x_wconf 87' lang='lat' dir='ltr'><strong>ait</strong></span> <span class='ocrx_word' id='word_1_347' title='bbox 3285 2440 3299 2478; x_wconf 89' lang='lat'><strong>:</strong></span> <span class='ocrx_word' id='word_1_348' title='bbox 3344 2442 3362 2475; x_wconf 72' lang='grc' dir='ltr'><strong>ι</strong></span> <span class='ocrx_word' id='word_1_349' title='bbox 3386 2438 3485 2496; x_wconf 92' lang='lat' dir='ltr'><strong>pro</strong></span> <span class='ocrx_word' id='word_1_350' title='bbox 3541 2425 3722 2497; x_wconf 83' lang='lat' dir='ltr'><strong>impiis</strong></span> <span class='ocrx_word' id='word_1_351' title='bbox 3750 2427 3854 2481; x_wconf 62' lang='grc' dir='ltr'><strong>ὀ..</strong></span> 
     </span>
    </p>
   </div>
   <div class='ocr_carea' id='block_1_54' title="bbox 1399 2521 3003 2597">
    <p class='ocr_par' dir='ltr' id='par_1_54' title="bbox 1399 2521 3003 2597">
     <span class='ocr_line' id='line_1_54' title="bbox 1399 2521 3003 2597; baseline -0.001 -17"><span class='ocrx_word' id='word_1_352' title='bbox 1399 2540 1604 2583; x_wconf 87' lang='lat' dir='ltr'><strong>morem</strong></span> <span class='ocrx_word' id='word_1_353' title='bbox 1664 2523 1911 2581; x_wconf 78' lang='lat' dir='ltr'><strong>ﬁdelibus</strong></span> <span class='ocrx_word' id='word_1_354' title='bbox 1960 2521 2154 2588; x_wconf 80' lang='lat' dir='ltr'><strong>infert,</strong></span> <span class='ocrx_word' id='word_1_355' title='bbox 2263 2529 2421 2583; x_wconf 80' lang='grc' dir='ltr'>Ἐστι</span> <span class='ocrx_word' id='word_1_356' title='bbox 2471 2528 2530 2583; x_wconf 77' lang='grc' dir='ltr'><strong>δὲ</strong></span> <span class='ocrx_word' id='word_1_357' title='bbox 2581 2529 2821 2597; x_wconf 74' lang='grc' dir='ltr'>δίκαιος,</span> <span class='ocrx_word' id='word_1_358' title='bbox 2874 2533 2903 2586; x_wconf 83' lang='grc' dir='ltr'>ὁ</span> <span class='ocrx_word' id='word_1_359' title='bbox 2945 2534 3003 2587; x_wconf 76' lang='grc' dir='ltr'>ὲν</span> 
     </span>
    </p>
   </div>
   <div class='ocr_carea' id='block_1_55' title="bbox 1396 2617 3002 2704">
    <p class='ocr_par' dir='ltr' id='par_1_55' title="bbox 1396 2617 3002 2704">
     <span class='ocr_line' id='line_1_55' title="bbox 1396 2617 3002 2704; baseline 0.003 -29"><span class='ocrx_word' id='word_1_360' title='bbox 1396 2630 1664 2692; x_wconf 84' lang='lat' dir='ltr'><strong>quatenus</strong></span> <span class='ocrx_word' id='word_1_361' title='bbox 1723 2628 1884 2674; x_wconf 87' lang='lat' dir='ltr'><strong>caute</strong></span> <span class='ocrx_word' id='word_1_362' title='bbox 1947 2617 2161 2672; x_wconf 82' lang='lat' dir='ltr'><strong>discant</strong></span> <span class='ocrx_word' id='word_1_363' title='bbox 2260 2621 2459 2695; x_wconf 78' lang='grc' dir='ltr'><strong>πράξει</strong></span> <span class='ocrx_word' id='word_1_364' title='bbox 2516 2622 2654 2676; x_wconf 85' lang='grc' dir='ltr'>Θεοῦ</span> <span class='ocrx_word' id='word_1_365' title='bbox 2709 2623 3002 2704; x_wconf 68' lang='grc' dir='ltr'>καθήκωνο</span> 
     </span>
    </p>
   </div>
   <div class='ocr_carea' id='block_1_56' title="bbox 3085 2534 3858 2610">
    <p class='ocr_par' dir='ltr' id='par_1_56' title="bbox 3085 2534 3858 2610">
     <span class='ocr_line' id='line_1_56' title="bbox 3085 2534 3858 2610; baseline 0.006 -20"><span class='ocrx_word' id='word_1_366' title='bbox 3085 2534 3182 2592; x_wconf 82' lang='lat' dir='ltr'><strong>Est</strong></span> <span class='ocrx_word' id='word_1_367' title='bbox 3282 2537 3539 2608; x_wconf 89' lang='lat' dir='ltr'><strong>equidem</strong></span> <span class='ocrx_word' id='word_1_368' title='bbox 3634 2538 3858 2610; x_wconf 85' lang='lat' dir='ltr'><strong>justus,</strong></span> 
     </span>
    </p>
   </div>
   <div class='ocr_carea' id='block_1_57' title="bbox 3095 2625 3859 2694">
    <p class='ocr_par' dir='ltr' id='par_1_57' title="bbox 3095 2625 3859 2694">
     <span class='ocr_line' id='line_1_57' title="bbox 3095 2625 3859 2694; baseline 0.005 -15"><span class='ocrx_word' id='word_1_369' title='bbox 3095 2625 3186 2694; x_wconf 90' lang='lat' dir='ltr'><strong>qui</strong></span> <span class='ocrx_word' id='word_1_370' title='bbox 3247 2626 3302 2681; x_wconf 90' lang='lat' dir='ltr'><strong>in</strong></span> <span class='ocrx_word' id='word_1_371' title='bbox 3349 2626 3566 2682; x_wconf 88' lang='lat' dir='ltr'><strong>actione</strong></span> <span class='ocrx_word' id='word_1_372' title='bbox 3606 2627 3701 2683; x_wconf 91' lang='lat' dir='ltr'><strong>Dei</strong></span> <span class='ocrx_word' id='word_1_373' title='bbox 3772 2643 3859 2683; x_wconf 79' lang='lat' dir='ltr'><strong>se-</strong></span> 
     </span>
    </p>
   </div>
   <div class='ocr_carea' id='block_1_58' title="bbox 553 2706 2660 2787">
    <p class='ocr_par' dir='ltr' id='par_1_58' title="bbox 553 2706 2660 2786">
     <span class='ocr_line' id='line_1_58' title="bbox 553 2706 2660 2786; baseline 0.002 -25"><span class='ocrx_word' id='word_1_374' title='bbox 553 2706 819 2779; x_wconf 76' lang='grc' dir='ltr'>τήσεσϐαι</span> <span class='ocrx_word' id='word_1_375' title='bbox 870 2710 985 2773; x_wconf 83' lang='grc' dir='ltr'>τοῖς</span> <span class='ocrx_word' id='word_1_376' title='bbox 1034 2708 1320 2775; x_wconf 86' lang='grc' dir='ltr'>’τοιούτοις</span> <span class='ocrx_word' id='word_1_377' title='bbox 1388 2711 1646 2781; x_wconf 77' lang='lat' dir='ltr'><strong>judicent,</strong></span> <span class='ocrx_word' id='word_1_378' title='bbox 1673 2712 1740 2765; x_wconf 86' lang='lat' dir='ltr'><strong>ad</strong></span> <span class='ocrx_word' id='word_1_379' title='bbox 1772 2725 1930 2780; x_wconf 90' lang='lat' dir='ltr'><strong>quem</strong></span> <span class='ocrx_word' id='word_1_380' title='bbox 1960 2709 2161 2763; x_wconf 84' lang='lat' dir='ltr'><strong>habere</strong></span> <span class='ocrx_word' id='word_1_381' title='bbox 2263 2713 2467 2786; x_wconf 75' lang='grc' dir='ltr'>ἀσεϐὴς</span> <span class='ocrx_word' id='word_1_382' title='bbox 2508 2713 2564 2767; x_wconf 81' lang='grc' dir='ltr'><strong>δὲ</strong></span> <span class='ocrx_word' id='word_1_383' title='bbox 2614 2733 2660 2769; x_wconf 76' lang='grc' dir='ltr'>π.</span> 
     </span>
    </p>
   </div>
   <div class='ocr_carea' id='block_1_59' title="bbox 2253 2706 3011 2787">
    <p class='ocr_par' dir='ltr' id='par_1_59' title="bbox 2263 2713 3011 2787">
     <span class='ocr_line' id='line_1_59' title="bbox 2263 2713 3011 2787; baseline 0.007 -21"><span class='ocrx_word' id='word_1_384' title='bbox 2263 2713 2467 2786; x_wconf 74' lang='grc' dir='ltr'>ἀσεϐὴς</span> <span class='ocrx_word' id='word_1_385' title='bbox 2508 2713 2564 2767; x_wconf 80' lang='grc' dir='ltr'><strong>δὲ</strong></span> <span class='ocrx_word' id='word_1_386' title='bbox 2614 2716 2792 2787; x_wconf 82' lang='grc' dir='ltr'>πάντη</span> <span class='ocrx_word' id='word_1_387' title='bbox 2837 2716 2867 2769; x_wconf 92' lang='lat'><strong>6</strong></span> <span class='ocrx_word' id='word_1_388' title='bbox 2904 2716 3011 2782; x_wconf 78' lang='grc' dir='ltr'><strong>ἔξω</strong></span> 
     </span>
    </p>
   </div>
   <div class='ocr_carea' id='block_1_60' title="bbox 557 2799 2660 2881">
    <p class='ocr_par' dir='ltr' id='par_1_60' title="bbox 557 2799 2660 2879">
     <span class='ocr_line' id='line_1_60' title="bbox 557 2799 2660 2879; baseline -0.001 -24"><span class='ocrx_word' id='word_1_389' title='bbox 557 2802 812 2867; x_wconf 84' lang='grc' dir='ltr'>κόλασιν,</span> <span class='ocrx_word' id='word_1_390' title='bbox 845 2804 914 2874; x_wconf 84' lang='grc' dir='ltr'>ἢν</span> <span class='ocrx_word' id='word_1_391' title='bbox 940 2802 1097 2867; x_wconf 82' lang='grc' dir='ltr'>τέλος</span> <span class='ocrx_word' id='word_1_392' title='bbox 1144 2803 1324 2857; x_wconf 77' lang='grc' dir='ltr'>αὐτῶν</span> <span class='ocrx_word' id='word_1_393' title='bbox 1398 2811 1649 2875; x_wconf 87' lang='lat' dir='ltr'><strong>poterunt</strong></span> <span class='ocrx_word' id='word_1_394' title='bbox 1671 2803 1788 2858; x_wconf 87' lang='lat' dir='ltr'><strong>sine</strong></span> <span class='ocrx_word' id='word_1_395' title='bbox 1810 2800 1973 2856; x_wconf 91' lang='lat' dir='ltr'><strong>dubio</strong></span> <span class='ocrx_word' id='word_1_396' title='bbox 1997 2799 2163 2854; x_wconf 75' lang='lat' dir='ltr'><strong>ratio-</strong></span> <span class='ocrx_word' id='word_1_397' title='bbox 2263 2807 2400 2862; x_wconf 80' lang='grc' dir='ltr'>Θεοῦ</span> <span class='ocrx_word' id='word_1_398' title='bbox 2419 2808 2660 2879; x_wconf 70' lang='grc' dir='ltr'><strong>τυγχάνει</strong></span> 
     </span>
    </p>
   </div>
   <div class='ocr_carea' id='block_1_61' title="bbox 2253 2799 3013 2881">
    <p class='ocr_par' dir='ltr' id='par_1_61' title="bbox 2263 2807 3013 2881">
     <span class='ocr_line' id='line_1_61' title="bbox 2263 2807 3013 2881; baseline 0.003 -20"><span class='ocrx_word' id='word_1_399' title='bbox 2263 2807 2400 2862; x_wconf 88' lang='grc' dir='ltr'>Θεοῦ</span> <span class='ocrx_word' id='word_1_400' title='bbox 2419 2808 2727 2879; x_wconf 82' lang='grc' dir='ltr'>τυγχάνων,</span> <span class='ocrx_word' id='word_1_401' title='bbox 2757 2810 3013 2881; x_wconf 87' lang='grc' dir='ltr'>ἁμαρτω·</span> 
     </span>
    </p>
   </div>
   <div class='ocr_carea' id='block_1_62' title="bbox 556 2891 3014 2974">
    <p class='ocr_par' dir='ltr' id='par_1_62' title="bbox 556 2891 3014 2974">
     <span class='ocr_line' id='line_1_62' title="bbox 556 2891 3014 2974; baseline 0.003 -26"><span class='ocrx_word' id='word_1_402' title='bbox 556 2896 831 2967; x_wconf 84' lang='grc' dir='ltr'>ὠνόμασε,</span> <span class='ocrx_word' id='word_1_403' title='bbox 863 2898 1224 2971; x_wconf 80' lang='grc' dir='ltr'>περιγράφων</span> <span class='ocrx_word' id='word_1_404' title='bbox 1261 2899 1328 2970; x_wconf 73' lang='grc' dir='ltr'>ἦν</span> <span class='ocrx_word' id='word_1_405' title='bbox 1403 2912 1545 2953; x_wconf 87' lang='lat' dir='ltr'><strong>nem.</strong></span> <span class='ocrx_word' id='word_1_406' title='bbox 1581 2893 1692 2950; x_wconf 81' lang='lat' dir='ltr'><strong>llos</strong></span> <span class='ocrx_word' id='word_1_407' title='bbox 1734 2908 1864 2964; x_wconf 78' lang='lat' dir='ltr'><strong>ergo</strong></span> <span class='ocrx_word' id='word_1_408' title='bbox 1896 2891 2162 2958; x_wconf 83' lang='lat' dir='ltr'><strong>excitans,</strong></span> <span class='ocrx_word' id='word_1_409' title='bbox 2265 2901 2354 2967; x_wconf 74' lang='grc' dir='ltr'><strong>λος</strong></span> <span class='ocrx_word' id='word_1_410' title='bbox 2415 2902 2473 2955; x_wconf 78' lang='grc' dir='ltr'><strong>δὲ</strong></span> <span class='ocrx_word' id='word_1_411' title='bbox 2530 2903 2558 2954; x_wconf 91' lang='lat'><strong>6</strong></span> <span class='ocrx_word' id='word_1_412' title='bbox 2623 2903 3014 2974; x_wconf 84' lang='grc' dir='ltr'>περιεχόμενος</span> 
     </span>
    </p>
   </div>
   <div class='ocr_carea' id='block_1_63' title="bbox 560 2980 2660 3068">
    <p class='ocr_par' dir='ltr' id='par_1_63' title="bbox 560 2980 2660 3068">
     <span class='ocr_line' id='line_1_63' title="bbox 560 2980 2660 3068; baseline 0 -28"><span class='ocrx_word' id='word_1_413' title='bbox 560 2980 707 3058; x_wconf 75' lang='grc' dir='ltr'>εἶχον</span> <span class='ocrx_word' id='word_1_414' title='bbox 738 2988 1045 3056; x_wconf 78' lang='grc' dir='ltr'>ἀπείθειαν,</span> <span class='ocrx_word' id='word_1_415' title='bbox 1070 2989 1328 3060; x_wconf 82' lang='grc' dir='ltr'>διεγείρει</span> <span class='ocrx_word' id='word_1_416' title='bbox 1403 2991 1471 3045; x_wconf 89' lang='lat' dir='ltr'><strong>ad</strong></span> <span class='ocrx_word' id='word_1_417' title='bbox 1506 2990 1752 3044; x_wconf 83' lang='lat' dir='ltr'><strong>timorem</strong></span> <span class='ocrx_word' id='word_1_418' title='bbox 1796 2987 1913 3056; x_wconf 88' lang='lat' dir='ltr'><strong>ejus</strong></span> <span class='ocrx_word' id='word_1_419' title='bbox 1950 2985 2163 3049; x_wconf 84' lang='lat' dir='ltr'><strong>invitat,</strong></span> <span class='ocrx_word' id='word_1_420' title='bbox 2270 2996 2370 3068; x_wconf 71' lang='grc' dir='ltr'>μὲν</span> <span class='ocrx_word' id='word_1_421' title='bbox 2416 2994 2576 3060; x_wconf 74' lang='grc' dir='ltr'>θεοῦ,</span> <span class='ocrx_word' id='word_1_422' title='bbox 2617 2996 2660 3052; x_wconf 56' lang='grc' dir='ltr'><strong>δέ</strong></span> 
     </span>
    </p>
   </div>
   <div class='ocr_carea' id='block_1_64' title="bbox 2253 2980 3023 3068">
    <p class='ocr_par' dir='ltr' id='par_1_64' title="bbox 2270 2994 3023 3068">
     <span class='ocr_line' id='line_1_64' title="bbox 2270 2994 3023 3068; baseline 0.001 -17"><span class='ocrx_word' id='word_1_423' title='bbox 2270 2996 2370 3068; x_wconf 84' lang='grc' dir='ltr'>μὲν</span> <span class='ocrx_word' id='word_1_424' title='bbox 2416 2994 2576 3060; x_wconf 78' lang='grc' dir='ltr'>Θεοῦ,</span> <span class='ocrx_word' id='word_1_425' title='bbox 2617 2996 2793 3062; x_wconf 73' lang='grc' dir='ltr'>ἄλλως</span> <span class='ocrx_word' id='word_1_426' title='bbox 2829 2996 2887 3051; x_wconf 82' lang='grc' dir='ltr'><strong>δὲ</strong></span> <span class='ocrx_word' id='word_1_427' title='bbox 2920 3015 3023 3052; x_wconf 87' lang='grc' dir='ltr'><strong>κα-</strong></span> 
     </span>
    </p>
   </div>
   <div class='ocr_carea' id='block_1_65' title="bbox 554 3078 2660 3170">
    <p class='ocr_par' dir='ltr' id='par_1_65' title="bbox 554 3078 2660 3169">
     <span class='ocr_line' id='line_1_65' title="bbox 554 3078 2660 3169; baseline 0.002 -35"><span class='ocrx_word' id='word_1_428' title='bbox 554 3081 779 3146; x_wconf 78' lang='grc' dir='ltr'>τούτους</span> <span class='ocrx_word' id='word_1_429' title='bbox 819 3084 900 3147; x_wconf 85' lang='grc' dir='ltr'><strong>είς</strong></span> <span class='ocrx_word' id='word_1_430' title='bbox 947 3082 1134 3151; x_wconf 75' lang='grc' dir='ltr'>φόϐον,</span> <span class='ocrx_word' id='word_1_431' title='bbox 1168 3099 1329 3135; x_wconf 88' lang='grc' dir='ltr'>τουτ-</span> <span class='ocrx_word' id='word_1_432' title='bbox 1404 3083 1612 3149; x_wconf 87' lang='lat' dir='ltr'><strong>dicens;</strong></span> <span class='ocrx_word' id='word_1_433' title='bbox 1636 3095 1741 3135; x_wconf 87' lang='lat' dir='ltr'><strong>non</strong></span> <span class='ocrx_word' id='word_1_434' title='bbox 1770 3078 2056 3135; x_wconf 74' lang='lat' dir='ltr'><strong>credentes</strong></span> <span class='ocrx_word' id='word_1_435' title='bbox 2083 3078 2166 3133; x_wconf 86' lang='lat' dir='ltr'><strong>di-</strong></span> <span class='ocrx_word' id='word_1_436' title='bbox 2266 3094 2555 3169; x_wconf 73' lang='grc' dir='ltr'><strong>ταφρονῶν</strong></span> <span class='ocrx_word' id='word_1_437' title='bbox 2607 3114 2660 3152; x_wconf 72' lang='grc' dir='ltr'>κε</span> 
     </span>
    </p>
   </div>
   <div class='ocr_carea' id='block_1_66' title="bbox 2253 3078 3026 3170">
    <p class='ocr_par' dir='ltr' id='par_1_66' title="bbox 2266 3094 3026 3170">
     <span class='ocr_line' id='line_1_66' title="bbox 2266 3094 3026 3170; baseline 0.007 -21"><span class='ocrx_word' id='word_1_438' title='bbox 2266 3094 2555 3169; x_wconf 83' lang='grc' dir='ltr'>ταφρονῶν</span> <span class='ocrx_word' id='word_1_439' title='bbox 2607 3096 2699 3152; x_wconf 77' lang='grc' dir='ltr'><strong>καὶ</strong></span> <span class='ocrx_word' id='word_1_440' title='bbox 2752 3099 3026 3170; x_wconf 74' lang='grc' dir='ltr'>παραϐαί-</span> 
     </span>
    </p>
   </div>
   <div class='ocr_carea' id='block_1_67' title="bbox 562 3168 2660 3263">
    <p class='ocr_par' dir='ltr' id='par_1_67' title="bbox 562 3168 2660 3248">
     <span class='ocr_line' id='line_1_67' title="bbox 562 3168 2660 3248; baseline -0.001 -18"><span class='ocrx_word' id='word_1_441' title='bbox 562 3176 680 3229; x_wconf 71' lang='grc' dir='ltr'>έστι</span> <span class='ocrx_word' id='word_1_442' title='bbox 716 3177 849 3247; x_wconf 58' lang='grc' dir='ltr'>τοὺς</span> <span class='ocrx_word' id='word_1_443' title='bbox 876 3176 1239 3240; x_wconf 79' lang='grc' dir='ltr'>ἀπειθοῦντας</span> <span class='ocrx_word' id='word_1_444' title='bbox 1264 3179 1331 3248; x_wconf 77' lang='grc' dir='ltr'><strong>τῇ</strong></span> <span class='ocrx_word' id='word_1_445' title='bbox 1409 3173 1545 3225; x_wconf 69' lang='lat' dir='ltr'><strong>vium</strong></span> <span class='ocrx_word' id='word_1_446' title='bbox 1582 3168 1841 3225; x_wconf 66' lang='lat' dir='ltr'><strong>doctrinae</strong></span> <span class='ocrx_word' id='word_1_447' title='bbox 1883 3169 2168 3225; x_wconf 83' lang='lat' dir='ltr'><strong>inevitabi-</strong></span> <span class='ocrx_word' id='word_1_448' title='bbox 2270 3168 2395 3241; x_wconf 60' lang='grc' dir='ltr'><strong>νων</strong></span> <span class='ocrx_word' id='word_1_449' title='bbox 2419 3187 2586 3243; x_wconf 60' lang='grc' dir='ltr'><strong>αὐτοῦ</strong></span> <span class='ocrx_word' id='word_1_450' title='bbox 2629 3206 2660 3243; x_wconf 82' lang='grc' dir='ltr'><strong>τ</strong></span> 
     </span>
    </p>
   </div>
   <div class='ocr_carea' id='block_1_68' title="bbox 2253 3168 3021 3263">
    <p class='ocr_par' dir='ltr' id='par_1_68' title="bbox 2270 3168 3021 3263">
     <span class='ocr_line' id='line_1_68' title="bbox 2270 3168 3021 3263; baseline 0.008 -23"><span class='ocrx_word' id='word_1_451' title='bbox 2270 3168 2395 3241; x_wconf 87' lang='grc' dir='ltr'><strong>νων</strong></span> <span class='ocrx_word' id='word_1_452' title='bbox 2419 3187 2586 3243; x_wconf 77' lang='grc' dir='ltr'>αὑτοῦ</span> <span class='ocrx_word' id='word_1_453' title='bbox 2629 3189 2757 3254; x_wconf 79' lang='grc' dir='ltr'>τοὺς</span> <span class='ocrx_word' id='word_1_454' title='bbox 2803 3168 3021 3263; x_wconf 83' lang='grc' dir='ltr'>νόμους.</span> 
     </span>
    </p>
   </div>
   <div class='ocr_carea' id='block_1_69' title="bbox 561 3260 2660 3358">
    <p class='ocr_par' dir='ltr' id='par_1_69' title="bbox 561 3260 2660 3355">
     <span class='ocr_line' id='line_1_69' title="bbox 561 3260 2660 3355; baseline 0 -36"><span class='ocrx_word' id='word_1_455' title='bbox 561 3266 683 3338; x_wconf 73' lang='grc' dir='ltr'>θείᾳ</span> <span class='ocrx_word' id='word_1_456' title='bbox 708 3267 1054 3341; x_wconf 71' lang='grc' dir='ltr'>διδασκαλίᾳ.</span> <span class='ocrx_word' id='word_1_457' title='bbox 1412 3265 1515 3320; x_wconf 86' lang='lat' dir='ltr'><strong>lem</strong></span> <span class='ocrx_word' id='word_1_458' title='bbox 1560 3272 1910 3333; x_wconf 84' lang='lat' dir='ltr'><strong>suscepturos</strong></span> <span class='ocrx_word' id='word_1_459' title='bbox 1960 3260 2169 3319; x_wconf 87' lang='lat' dir='ltr'><strong>scilicet</strong></span> <span class='ocrx_word' id='word_1_460' title='bbox 2198 3288 2240 3348; x_wconf 68' lang='grc' dir='ltr'>ο</span> <span class='ocrx_word' id='word_1_461' title='bbox 2274 3282 2338 3335; x_wconf 61' lang='grc' dir='ltr'><strong>Εἰ</strong></span> <span class='ocrx_word' id='word_1_462' title='bbox 2369 3282 2428 3337; x_wconf 61' lang='grc' dir='ltr'><strong>δὲ</strong></span> <span class='ocrx_word' id='word_1_463' title='bbox 2469 3282 2660 3355; x_wconf 57' lang='grc' dir='ltr'><strong>ἀσεβὴς</strong></span> 
     </span>
    </p>
   </div>
   <div class='ocr_carea' id='block_1_70' title="bbox 2253 3260 3027 3358">
    <p class='ocr_par' dir='ltr' id='par_1_70' title="bbox 2274 3260 3027 3358">
     <span class='ocr_line' id='line_1_70' title="bbox 2274 3260 3027 3358; baseline 0.008 -23"><span class='ocrx_word' id='word_1_464' title='bbox 2274 3282 2338 3335; x_wconf 78' lang='grc' dir='ltr'><strong>ει</strong></span> <span class='ocrx_word' id='word_1_465' title='bbox 2369 3282 2428 3337; x_wconf 77' lang='grc' dir='ltr'><strong>δὲ</strong></span> <span class='ocrx_word' id='word_1_466' title='bbox 2469 3282 2676 3355; x_wconf 78' lang='grc' dir='ltr'>ἀσεϐὴς</span> <span class='ocrx_word' id='word_1_467' title='bbox 2710 3285 2807 3339; x_wconf 74' lang='grc' dir='ltr'>και</span> <span class='ocrx_word' id='word_1_468' title='bbox 2843 3260 3027 3358; x_wconf 63' lang='grc' dir='ltr'>ἆμαρο</span> 
     </span>
    </p>
   </div>
   <div class='ocr_carea' id='block_1_71' title="bbox 564 3354 2660 3450">
    <p class='ocr_par' dir='ltr' id='par_1_71' title="bbox 564 3354 2660 3441">
     <span class='ocr_line' id='line_1_71' title="bbox 564 3354 2660 3441; baseline -0.001 -29"><span class='ocrx_word' id='word_1_469' title='bbox 564 3359 1030 3431; x_wconf 85' lang='lat' dir='ltr'><strong>nltionem,quam</strong></span> <span class='ocrx_word' id='word_1_470' title='bbox 1082 3361 1243 3415; x_wconf 84' lang='lat' dir='ltr'><strong>linem</strong></span> <span class='ocrx_word' id='word_1_471' title='bbox 1299 3373 1487 3416; x_wconf 90' lang='lat' dir='ltr'><strong>eorum</strong></span> <span class='ocrx_word' id='word_1_472' title='bbox 1548 3355 1882 3422; x_wconf 81' lang='lat' dir='ltr'><strong>nominavit,</strong></span> <span class='ocrx_word' id='word_1_473' title='bbox 1924 3354 2165 3411; x_wconf 83' lang='lat' dir='ltr'><strong>eircum-</strong></span> <span class='ocrx_word' id='word_1_474' title='bbox 2277 3376 2451 3441; x_wconf 67' lang='grc' dir='ltr'><strong>τωλδς</strong></span> <span class='ocrx_word' id='word_1_475' title='bbox 2500 3378 2529 3432; x_wconf 64' lang='grc' dir='ltr'>ὁ</span> <span class='ocrx_word' id='word_1_476' title='bbox 2583 3354 2660 3433; x_wconf 48' lang='grc' dir='ltr'><strong>αὖ</strong></span> 
     </span>
    </p>
   </div>
   <div class='ocr_carea' id='block_1_72' title="bbox 2253 3354 3023 3450">
    <p class='ocr_par' dir='ltr' id='par_1_72' title="bbox 2277 3354 3023 3450">
     <span class='ocr_line' id='line_1_72' title="bbox 2277 3354 3023 3450; baseline 0.005 -20"><span class='ocrx_word' id='word_1_477' title='bbox 2277 3376 2451 3441; x_wconf 60' lang='lat' dir='ltr'><strong>eum;</strong></span> <span class='ocrx_word' id='word_1_478' title='bbox 2500 3378 2529 3432; x_wconf 87' lang='lat'><strong>6</strong></span> <span class='ocrx_word' id='word_1_479' title='bbox 2583 3354 2747 3443; x_wconf 76' lang='grc' dir='ltr'>αῦτὸς</span> <span class='ocrx_word' id='word_1_480' title='bbox 2790 3354 3023 3450; x_wconf 74' lang='grc' dir='ltr'>λέγοιτο,</span> 
     </span>
    </p>
   </div>
   <div class='ocr_carea' id='block_1_73' title="bbox 566 3450 2660 3543">
    <p class='ocr_par' dir='ltr' id='par_1_73' title="bbox 566 3450 2660 3543">
     <span class='ocr_line' id='line_1_73' title="bbox 566 3450 2660 3543; baseline 0.004 -40"><span class='ocrx_word' id='word_1_481' title='bbox 566 3450 894 3507; x_wconf 72' lang='lat' dir='ltr'><strong>scribentem</strong></span> <span class='ocrx_word' id='word_1_482' title='bbox 922 3450 1034 3522; x_wconf 89' lang='lat'><strong>(87)</strong></span> <span class='ocrx_word' id='word_1_483' title='bbox 1086 3451 1517 3508; x_wconf 81' lang='lat' dir='ltr'><strong>incredulitatem</strong></span> <span class='ocrx_word' id='word_1_484' title='bbox 1580 3461 1790 3505; x_wconf 92' lang='lat' dir='ltr'><strong>eorum.</strong></span> <span class='ocrx_word' id='word_1_485' title='bbox 2276 3469 2376 3539; x_wconf 70' lang='grc' dir='ltr'><strong>τὴν</strong></span> <span class='ocrx_word' id='word_1_486' title='bbox 2432 3468 2660 3543; x_wconf 71' lang='grc' dir='ltr'><strong>διαφορά</strong></span> 
     </span>
    </p>
   </div>
   <div class='ocr_carea' id='block_1_74' title="bbox 2253 3450 3024 3543">
    <p class='ocr_par' dir='ltr' id='par_1_74' title="bbox 2276 3468 3024 3543">
     <span class='ocr_line' id='line_1_74' title="bbox 2276 3468 3024 3543; baseline 0.004 -23"><span class='ocrx_word' id='word_1_487' title='bbox 2276 3469 2376 3539; x_wconf 80' lang='grc' dir='ltr'>τὴν</span> <span class='ocrx_word' id='word_1_488' title='bbox 2432 3468 2697 3543; x_wconf 77' lang='grc' dir='ltr'>διαφορὰν</span> <span class='ocrx_word' id='word_1_489' title='bbox 2741 3472 2860 3525; x_wconf 85' lang='grc' dir='ltr'>κατ’</span> <span class='ocrx_word' id='word_1_490' title='bbox 2904 3471 3024 3524; x_wconf 83' lang='grc' dir='ltr'>ὲπί-</span> 
     </span>
    </p>
   </div>
   <div class='ocr_carea' id='block_1_75' title="bbox 647 3562 2660 3636">
    <p class='ocr_par' dir='ltr' id='par_1_75' title="bbox 647 3562 2660 3635">
     <span class='ocr_line' id='line_1_75' title="bbox 647 3562 2660 3635; baseline -0.002 -15"><span class='ocrx_word' id='word_1_491' title='bbox 647 3564 859 3621; x_wconf 88' lang='lat' dir='ltr'><strong>Docens</strong></span> <span class='ocrx_word' id='word_1_492' title='bbox 885 3566 1029 3622; x_wconf 87' lang='lat' dir='ltr'><strong>enim</strong></span> <span class='ocrx_word' id='word_1_493' title='bbox 1051 3566 1168 3623; x_wconf 90' lang='lat' dir='ltr'><strong>istis</strong></span> <span class='ocrx_word' id='word_1_494' title='bbox 1190 3567 1373 3624; x_wconf 84' lang='lat' dir='ltr'><strong>verbis</strong></span> <span class='ocrx_word' id='word_1_495' title='bbox 1398 3575 1454 3621; x_wconf 92' lang='lat' dir='ltr'><strong>et</strong></span> <span class='ocrx_word' id='word_1_496' title='bbox 1480 3565 1727 3621; x_wconf 80' lang='lat' dir='ltr'><strong>excitans</strong></span> <span class='ocrx_word' id='word_1_497' title='bbox 1754 3563 1932 3635; x_wconf 88' lang='lat' dir='ltr'><strong>potius</strong></span> <span class='ocrx_word' id='word_1_498' title='bbox 1957 3577 2052 3618; x_wconf 88' lang='lat' dir='ltr'><strong>eos</strong></span> <span class='ocrx_word' id='word_1_499' title='bbox 2079 3577 2165 3617; x_wconf 86' lang='lat' dir='ltr'><strong>tn-</strong></span> <span class='ocrx_word' id='word_1_500' title='bbox 2274 3578 2424 3616; x_wconf 81' lang='grc' dir='ltr'>νοιαν</span> <span class='ocrx_word' id='word_1_501' title='bbox 2470 3562 2582 3629; x_wconf 73' lang='grc' dir='ltr'>ἕξει</span> <span class='ocrx_word' id='word_1_502' title='bbox 2603 3580 2617 3593; x_wconf 89' lang='grc'><strong>·</strong></span> <span class='ocrx_word' id='word_1_503' title='bbox 2658 3594 2660 3606; x_wconf 66' lang='grc' dir='ltr'><em>ς</em></span> 
     </span>
    </p>
   </div>
   <div class='ocr_carea' id='block_1_76' title="bbox 2253 3562 3024 3636">
    <p class='ocr_par' dir='ltr' id='par_1_76' title="bbox 2274 3562 3024 3636">
     <span class='ocr_line' id='line_1_76' title="bbox 2274 3562 3024 3636; baseline 0.005 -21"><span class='ocrx_word' id='word_1_504' title='bbox 2274 3578 2424 3616; x_wconf 82' lang='grc' dir='ltr'>νοιαν</span> <span class='ocrx_word' id='word_1_505' title='bbox 2470 3562 2617 3629; x_wconf 73' lang='grc' dir='ltr'>ἔξει·</span> <span class='ocrx_word' id='word_1_506' title='bbox 2658 3564 2885 3619; x_wconf 84' lang='grc' dir='ltr'>δυνατὸν</span> <span class='ocrx_word' id='word_1_507' title='bbox 2914 3564 3024 3636; x_wconf 86' lang='grc' dir='ltr'><strong>γὰρ</strong></span> 
     </span>
    </p>
   </div>
   <div class='ocr_carea' id='block_1_77' title="bbox 576 3652 2660 3728">
    <p class='ocr_par' dir='ltr' id='par_1_77' title="bbox 576 3652 2660 3728">
     <span class='ocr_line' id='line_1_77' title="bbox 576 3652 2660 3728; baseline -0.001 -19"><span class='ocrx_word' id='word_1_508' title='bbox 576 3655 742 3725; x_wconf 82' lang='lat' dir='ltr'><strong>quit:</strong></span> <span class='ocrx_word' id='word_1_509' title='bbox 776 3654 917 3711; x_wconf 82' lang='lat' dir='ltr'><strong>Cum</strong></span> <span class='ocrx_word' id='word_1_510' title='bbox 962 3655 1140 3726; x_wconf 70' lang='lat' dir='ltr'><strong>justus</strong></span> <span class='ocrx_word' id='word_1_511' title='bbox 1192 3656 1278 3710; x_wconf 77' lang='lat' dir='ltr'><strong>vix</strong></span> <span class='ocrx_word' id='word_1_512' title='bbox 1323 3667 1382 3711; x_wconf 92' lang='lat' dir='ltr'><strong>et</strong></span> <span class='ocrx_word' id='word_1_513' title='bbox 1430 3658 1554 3709; x_wconf 85' lang='lat' dir='ltr'><strong>cum</strong></span> <span class='ocrx_word' id='word_1_514' title='bbox 1599 3654 1798 3725; x_wconf 88' lang='lat' dir='ltr'><strong>potiori</strong></span> <span class='ocrx_word' id='word_1_515' title='bbox 1854 3652 2157 3708; x_wconf 82' lang='lat' dir='ltr'><strong>certamine</strong></span> <span class='ocrx_word' id='word_1_516' title='bbox 2273 3652 2364 3706; x_wconf 81' lang='grc' dir='ltr'>τὸν</span> <span class='ocrx_word' id='word_1_517' title='bbox 2395 3652 2660 3728; x_wconf 73' lang='grc' dir='ltr'>ἀμαρτάνι</span> 
     </span>
    </p>
   </div>
   <div class='ocr_carea' id='block_1_78' title="bbox 2253 3652 3024 3728">
    <p class='ocr_par' dir='ltr' id='par_1_78' title="bbox 2273 3652 3024 3728">
     <span class='ocr_line' id='line_1_78' title="bbox 2273 3652 3024 3728; baseline 0.003 -22"><span class='ocrx_word' id='word_1_518' title='bbox 2273 3652 2364 3706; x_wconf 80' lang='grc' dir='ltr'>τὸν</span> <span class='ocrx_word' id='word_1_519' title='bbox 2395 3652 2783 3728; x_wconf 80' lang='grc' dir='ltr'>ἁμαρτάνοντα</span> <span class='ocrx_word' id='word_1_520' title='bbox 2818 3654 3024 3717; x_wconf 76' lang='grc' dir='ltr'>εὐθέως</span> 
     </span>
    </p>
   </div>
   <div class='ocr_carea' id='block_1_79' title="bbox 574 3741 2660 3818">
    <p class='ocr_par' dir='ltr' id='par_1_79' title="bbox 574 3742 2660 3818">
     <span class='ocr_line' id='line_1_79' title="bbox 574 3742 2660 3818; baseline -0.001 -16"><span class='ocrx_word' id='word_1_521' title='bbox 574 3756 740 3818; x_wconf 84' lang='lat' dir='ltr'><strong>queat</strong></span> <span class='ocrx_word' id='word_1_522' title='bbox 767 3747 992 3818; x_wconf 85' lang='lat' dir='ltr'><strong>adipisci</strong></span> <span class='ocrx_word' id='word_1_523' title='bbox 1020 3747 1273 3814; x_wconf 86' lang='lat' dir='ltr'><strong>salutem,</strong></span> <span class='ocrx_word' id='word_1_524' title='bbox 1300 3746 1428 3817; x_wconf 87' lang='lat' dir='ltr'><strong>quid</strong></span> <span class='ocrx_word' id='word_1_525' title='bbox 1458 3753 1676 3818; x_wconf 89' lang='lat' dir='ltr'><strong>oportet</strong></span> <span class='ocrx_word' id='word_1_526' title='bbox 1713 3746 1918 3804; x_wconf 86' lang='lat' dir='ltr'><strong>sentire</strong></span> <span class='ocrx_word' id='word_1_527' title='bbox 1957 3746 2025 3799; x_wconf 90' lang='lat' dir='ltr'><strong>de</strong></span> <span class='ocrx_word' id='word_1_528' title='bbox 2058 3744 2159 3798; x_wconf 90' lang='lat' dir='ltr'><strong>im-</strong></span> <span class='ocrx_word' id='word_1_529' title='bbox 2268 3742 2365 3797; x_wconf 73' lang='grc' dir='ltr'><strong>καὶ</strong></span> <span class='ocrx_word' id='word_1_530' title='bbox 2405 3744 2578 3817; x_wconf 78' lang='grc' dir='ltr'>ἀσεϐῆ</span> <span class='ocrx_word' id='word_1_531' title='bbox 2627 3742 2660 3799; x_wconf 78' lang='grc' dir='ltr'>ε’</span> 
     </span>
    </p>
   </div>
   <div class='ocr_carea' id='block_1_80' title="bbox 2253 3741 3017 3818">
    <p class='ocr_par' dir='ltr' id='par_1_80' title="bbox 2268 3741 3017 3817">
     <span class='ocr_line' id='line_1_80' title="bbox 2268 3741 3017 3817; baseline 0.003 -20"><span class='ocrx_word' id='word_1_532' title='bbox 2268 3742 2365 3797; x_wconf 72' lang='grc' dir='ltr'><strong>καὶ</strong></span> <span class='ocrx_word' id='word_1_533' title='bbox 2405 3744 2578 3817; x_wconf 77' lang='grc' dir='ltr'>ἀσεϐῆ</span> <span class='ocrx_word' id='word_1_534' title='bbox 2627 3741 2785 3811; x_wconf 80' lang='grc' dir='ltr'>εἶναι,</span> <span class='ocrx_word' id='word_1_535' title='bbox 2823 3746 2887 3800; x_wconf 76' lang='grc' dir='ltr'>τὸ</span> <span class='ocrx_word' id='word_1_536' title='bbox 2927 3744 3017 3799; x_wconf 69' lang='grc' dir='ltr'><strong>διὰ</strong></span> 
     </span>
    </p>
   </div>
   <div class='ocr_carea' id='block_1_81' title="bbox 563 3836 2660 3912">
    <p class='ocr_par' dir='ltr' id='par_1_81' title="bbox 563 3836 2660 3912">
     <span class='ocr_line' id='line_1_81' title="bbox 563 3836 2660 3912; baseline 0 -21"><span class='ocrx_word' id='word_1_537' title='bbox 563 3836 709 3906; x_wconf 83' lang='lat' dir='ltr'><strong>piis,</strong></span> <span class='ocrx_word' id='word_1_538' title='bbox 755 3837 1049 3908; x_wconf 77' lang='lat' dir='ltr'><strong>quoniam,</strong></span> <span class='ocrx_word' id='word_1_539' title='bbox 1093 3852 1191 3908; x_wconf 86' lang='lat' dir='ltr'><strong>per</strong></span> <span class='ocrx_word' id='word_1_540' title='bbox 1234 3852 1293 3892; x_wconf 77' lang='lat' dir='ltr'><strong>se</strong></span> <span class='ocrx_word' id='word_1_541' title='bbox 1338 3836 1589 3905; x_wconf 85' lang='lat' dir='ltr'><strong>jndicati,</strong></span> <span class='ocrx_word' id='word_1_542' title='bbox 1639 3838 1706 3893; x_wconf 89' lang='lat' dir='ltr'><strong>ad</strong></span> <span class='ocrx_word' id='word_1_543' title='bbox 1738 3836 2003 3907; x_wconf 72' lang='lat' dir='ltr'><strong>judicium</strong></span> <span class='ocrx_word' id='word_1_544' title='bbox 2052 3848 2157 3889; x_wconf 86' lang='lat' dir='ltr'><strong>non</strong></span> <span class='ocrx_word' id='word_1_545' title='bbox 2263 3841 2660 3912; x_wconf 70' lang='grc' dir='ltr'>καταφρονήσει</span> 
     </span>
    </p>
   </div>
   <div class='ocr_carea' id='block_1_82' title="bbox 2253 3836 3019 3912">
    <p class='ocr_par' dir='ltr' id='par_1_82' title="bbox 2263 3840 3019 3912">
     <span class='ocr_line' id='line_1_82' title="bbox 2263 3840 3019 3912; baseline 0.005 -21"><span class='ocrx_word' id='word_1_546' title='bbox 2263 3841 2728 3912; x_wconf 81' lang='grc' dir='ltr'>καταφρονήσεως</span> <span class='ocrx_word' id='word_1_547' title='bbox 2800 3840 3019 3896; x_wconf 79' lang='grc' dir='ltr'>ἀσεόεἷν</span> 
     </span>
    </p>
   </div>
   <div class='ocr_carea' id='block_1_83' title="bbox 569 3926 2528 4001">
    <p class='ocr_par' dir='ltr' id='par_1_83' title="bbox 569 3926 2528 4001">
     <span class='ocr_line' id='line_1_83' title="bbox 569 3926 2528 4001; baseline 0.002 -18"><span class='ocrx_word' id='word_1_548' title='bbox 569 3936 879 4001; x_wconf 75' lang='lat' dir='ltr'><strong>resurgunt,</strong></span> <span class='ocrx_word' id='word_1_549' title='bbox 905 3937 961 3986; x_wconf 88' lang='lat' dir='ltr'><strong>et</strong></span> <span class='ocrx_word' id='word_1_550' title='bbox 988 3930 1055 3986; x_wconf 87' lang='lat' dir='ltr'><strong>de</strong></span> <span class='ocrx_word' id='word_1_551' title='bbox 1080 3929 1479 4000; x_wconf 82' lang='lat' dir='ltr'><strong>peccatoribus,</strong></span> <span class='ocrx_word' id='word_1_552' title='bbox 1511 3930 1605 3998; x_wconf 90' lang='lat' dir='ltr'><strong>qni</strong></span> <span class='ocrx_word' id='word_1_553' title='bbox 1634 3929 1690 3985; x_wconf 90' lang='lat' dir='ltr'><strong>in</strong></span> <span class='ocrx_word' id='word_1_554' title='bbox 1730 3927 1962 3985; x_wconf 86' lang='lat' dir='ltr'><strong>concilio</strong></span> <span class='ocrx_word' id='word_1_555' title='bbox 1979 3926 2157 3998; x_wconf 87' lang='lat' dir='ltr'><strong>justo-</strong></span> <span class='ocrx_word' id='word_1_556' title='bbox 2262 3930 2341 3993; x_wconf 85' lang='grc' dir='ltr'>εἰς</span> <span class='ocrx_word' id='word_1_557' title='bbox 2373 3929 2528 3987; x_wconf 85' lang='grc' dir='ltr'>Θεόν.</span> 
     </span>
    </p>
   </div>
   <div class='ocr_carea' id='block_1_84' title="bbox 563 4022 2151 4095">
    <p class='ocr_par' dir='ltr' id='par_1_84' title="bbox 563 4022 2151 4095">
     <span class='ocr_line' id='line_1_84' title="bbox 563 4022 2151 4095; baseline -0.003 -17"><span class='ocrx_word' id='word_1_558' title='bbox 563 4039 687 4079; x_wconf 87' lang='lat' dir='ltr'><strong>rum</strong></span> <span class='ocrx_word' id='word_1_559' title='bbox 716 4038 824 4080; x_wconf 90' lang='lat' dir='ltr'><strong>non</strong></span> <span class='ocrx_word' id='word_1_560' title='bbox 882 4033 1172 4095; x_wconf 73' lang='lat' dir='ltr'><strong>resurgunt</strong></span> <span class='ocrx_word' id='word_1_561' title='bbox 1198 4023 1287 4077; x_wconf 75' lang='lat' dir='ltr'><strong>&quot;‘i</strong></span> <span class='ocrx_word' id='word_1_562' title='bbox 1314 4022 1411 4079; x_wconf 76' lang='lat' dir='ltr'><strong>llic</strong></span> <span class='ocrx_word' id='word_1_563' title='bbox 1453 4024 1621 4091; x_wconf 91' lang='lat' dir='ltr'><strong>enim,</strong></span> <span class='ocrx_word' id='word_1_564' title='bbox 1654 4030 1757 4093; x_wconf 71' lang='lat' dir='ltr'><strong>qui</strong></span> <span class='ocrx_word' id='word_1_565' title='bbox 1800 4023 1940 4078; x_wconf 86' lang='lat' dir='ltr'><strong>bona</strong></span> <span class='ocrx_word' id='word_1_566' title='bbox 1968 4033 2151 4091; x_wconf 77' lang='lat' dir='ltr'><strong>gesse-</strong></span> 
     </span>
    </p>
   </div>
   <div class='ocr_carea' id='block_1_85' title="bbox 632 4220 2660 4298">
    <p class='ocr_par' dir='ltr' id='par_1_85' title="bbox 632 4220 2660 4298">
     <span class='ocr_line' id='line_1_85' title="bbox 632 4220 2660 4298; baseline -0.006 -11"><span class='ocrx_word' id='word_1_567' title='bbox 632 4230 676 4261; x_wconf 87' lang='lat'>&quot;</span> <span class='ocrx_word' id='word_1_568' title='bbox 717 4228 862 4286; x_wconf 88' lang='lat' dir='ltr'><strong>Psal.</strong></span> <span class='ocrx_word' id='word_1_569' title='bbox 890 4244 928 4298; x_wconf 88' lang='lat' dir='ltr'><strong>I,</strong></span> <span class='ocrx_word' id='word_1_570' title='bbox 958 4230 1011 4285; x_wconf 84' lang='lat'><strong>5.</strong></span> <span class='ocrx_word' id='word_1_571' title='bbox 1088 4230 1134 4262; x_wconf 83' lang='lat'>&quot;</span> <span class='ocrx_word' id='word_1_572' title='bbox 1168 4227 1325 4284; x_wconf 79' lang='lat' dir='ltr'><strong>Joan.</strong></span> <span class='ocrx_word' id='word_1_573' title='bbox 1358 4243 1409 4292; x_wconf 79' lang='grc' dir='ltr'><strong>ιν,</strong></span> <span class='ocrx_word' id='word_1_574' title='bbox 1437 4226 1530 4282; x_wconf 79' lang='lat'><strong>‘29.</strong></span> <span class='ocrx_word' id='word_1_575' title='bbox 1606 4226 1654 4259; x_wconf 81' lang='grc'><strong>⁷³</strong></span> <span class='ocrx_word' id='word_1_576' title='bbox 1684 4224 1833 4291; x_wconf 81' lang='lat' dir='ltr'><strong>Psal.</strong></span> <span class='ocrx_word' id='word_1_577' title='bbox 1862 4240 1900 4289; x_wconf 86' lang='grc' dir='ltr'><strong>ι,</strong></span> <span class='ocrx_word' id='word_1_578' title='bbox 1937 4224 1990 4279; x_wconf 77' lang='lat'><strong>5.</strong></span> <span class='ocrx_word' id='word_1_579' title='bbox 2035 4222 2113 4253; x_wconf 69' lang='grc'><strong>’⁷⁸</strong></span> <span class='ocrx_word' id='word_1_580' title='bbox 2150 4221 2307 4275; x_wconf 82' lang='lat' dir='ltr'><strong>Rom.</strong></span> <span class='ocrx_word' id='word_1_581' title='bbox 2340 4237 2394 4287; x_wconf 84' lang='grc' dir='ltr'><strong>ν,</strong></span> <span class='ocrx_word' id='word_1_582' title='bbox 2429 4220 2486 4284; x_wconf 85' lang='lat'><strong>8,</strong></span> <span class='ocrx_word' id='word_1_583' title='bbox 2525 4222 2578 4277; x_wconf 85' lang='lat'><strong>9.</strong></span> <span class='ocrx_word' id='word_1_584' title='bbox 2655 4224 2660 4235; x_wconf 93' lang='lat'><em>‘</em></span> 
     </span>
    </p>
   </div>
   <div class='ocr_carea' id='block_1_86' title="bbox 2253 4220 2965 4298">
    <p class='ocr_par' dir='ltr' id='par_1_86' title="bbox 2253 4220 2965 4287">
     <span class='ocr_line' id='line_1_86' title="bbox 2253 4220 2965 4287; baseline 0.003 -13"><span class='ocrx_word' id='word_1_585' title='bbox 2253 4236 2307 4275; x_wconf 92' lang='lat' dir='ltr'><strong>n.</strong></span> <span class='ocrx_word' id='word_1_586' title='bbox 2340 4237 2394 4287; x_wconf 82' lang='grc' dir='ltr'><strong>ν,</strong></span> <span class='ocrx_word' id='word_1_587' title='bbox 2429 4220 2486 4284; x_wconf 83' lang='grc'>8,</span> <span class='ocrx_word' id='word_1_588' title='bbox 2525 4222 2578 4277; x_wconf 82' lang='grc'><strong>9.</strong></span> <span class='ocrx_word' id='word_1_589' title='bbox 2655 4222 2701 4254; x_wconf 79' lang='grc'><strong>⁷³</strong></span> <span class='ocrx_word' id='word_1_590' title='bbox 2752 4222 2884 4277; x_wconf 85' lang='lat' dir='ltr'><strong>ibid.</strong></span> <span class='ocrx_word' id='word_1_591' title='bbox 2918 4221 2965 4276; x_wconf 87' lang='grc'><strong>6.</strong></span> 
     </span>
    </p>
   </div>
   <div class='ocr_carea' id='block_1_87' title="bbox 3086 2716 3859 2788">
    <p class='ocr_par' dir='ltr' id='par_1_87' title="bbox 3086 2716 3859 2788">
     <span class='ocr_line' id='line_1_87' title="bbox 3086 2716 3859 2788; baseline -0.003 -17"><span class='ocrx_word' id='word_1_592' title='bbox 3086 2716 3179 2772; x_wconf 90' lang='lat' dir='ltr'><strong>det</strong></span> <span class='ocrx_word' id='word_1_593' title='bbox 3196 2732 3213 2783; x_wconf 85' lang='lat'><strong>;</strong></span> <span class='ocrx_word' id='word_1_594' title='bbox 3238 2727 3417 2788; x_wconf 86' lang='lat' dir='ltr'><strong>potest</strong></span> <span class='ocrx_word' id='word_1_595' title='bbox 3446 2727 3625 2774; x_wconf 88' lang='lat' dir='ltr'><strong>autem</strong></span> <span class='ocrx_word' id='word_1_596' title='bbox 3658 2718 3859 2787; x_wconf 74' lang='lat' dir='ltr'><strong>impius</strong></span> 
     </span>
    </p>
   </div>
   <div class='ocr_carea' id='block_1_88' title="bbox 3086 2809 3858 2879">
    <p class='ocr_par' dir='ltr' id='par_1_88' title="bbox 3086 2809 3858 2879">
     <span class='ocr_line' id='line_1_88' title="bbox 3086 2809 3858 2879; baseline 0.001 -15"><span class='ocrx_word' id='word_1_597' title='bbox 3086 2823 3230 2874; x_wconf 88' lang='lat' dir='ltr'><strong>esse,</strong></span> <span class='ocrx_word' id='word_1_598' title='bbox 3294 2809 3386 2879; x_wconf 89' lang='lat' dir='ltr'><strong>qui</strong></span> <span class='ocrx_word' id='word_1_599' title='bbox 3430 2809 3651 2865; x_wconf 88' lang='lat' dir='ltr'><strong>omnino</strong></span> <span class='ocrx_word' id='word_1_600' title='bbox 3695 2818 3858 2865; x_wconf 78' lang='lat' dir='ltr'><strong>extra</strong></span> 
     </span>
    </p>
   </div>
   <div class='ocr_carea' id='block_1_89' title="bbox 3088 2904 3857 2976">
    <p class='ocr_par' dir='ltr' id='par_1_89' title="bbox 3088 2904 3857 2976">
     <span class='ocr_line' id='line_1_89' title="bbox 3088 2904 3857 2976; baseline -0.001 -17"><span class='ocrx_word' id='word_1_601' title='bbox 3088 2904 3376 2961; x_wconf 89' lang='lat' dir='ltr'><strong>Dominum</strong></span> <span class='ocrx_word' id='word_1_602' title='bbox 3420 2915 3527 2971; x_wconf 87' lang='lat' dir='ltr'><strong>est,</strong></span> <span class='ocrx_word' id='word_1_603' title='bbox 3595 2914 3857 2976; x_wconf 83' lang='lat' dir='ltr'><strong>peccator</strong></span> 
     </span>
    </p>
   </div>
   <div class='ocr_carea' id='block_1_90' title="bbox 3094 2997 3856 3068">
    <p class='ocr_par' dir='ltr' id='par_1_90' title="bbox 3094 2997 3856 3068">
     <span class='ocr_line' id='line_1_90' title="bbox 3094 2997 3856 3068; baseline -0.001 -16"><span class='ocrx_word' id='word_1_604' title='bbox 3094 3006 3297 3064; x_wconf 86' lang='lat' dir='ltr'><strong>autem,</strong></span> <span class='ocrx_word' id='word_1_605' title='bbox 3337 3012 3497 3068; x_wconf 89' lang='lat' dir='ltr'><strong>quem</strong></span> <span class='ocrx_word' id='word_1_606' title='bbox 3531 2997 3673 3054; x_wconf 83' lang='lat' dir='ltr'><strong>Deus</strong></span> <span class='ocrx_word' id='word_1_607' title='bbox 3729 2998 3856 3067; x_wconf 86' lang='lat' dir='ltr'><strong>qni-</strong></span> 
     </span>
    </p>
   </div>
   <div class='ocr_carea' id='block_1_91' title="bbox 3096 3084 3858 3160">
    <p class='ocr_par' dir='ltr' id='par_1_91' title="bbox 3096 3084 3858 3160">
     <span class='ocr_line' id='line_1_91' title="bbox 3096 3084 3858 3160; baseline 0.003 -14"><span class='ocrx_word' id='word_1_608' title='bbox 3096 3090 3220 3148; x_wconf 86' lang='lat' dir='ltr'><strong>ticm</strong></span> <span class='ocrx_word' id='word_1_609' title='bbox 3277 3092 3542 3160; x_wconf 91' lang='lat' dir='ltr'><strong>continet,</strong></span> <span class='ocrx_word' id='word_1_610' title='bbox 3599 3084 3695 3149; x_wconf 79' lang='lat' dir='ltr'><strong>sed</strong></span> <span class='ocrx_word' id='word_1_611' title='bbox 3763 3092 3858 3148; x_wconf 84' lang='lat' dir='ltr'><strong>ille</strong></span> 
     </span>
    </p>
   </div>
   <div class='ocr_carea' id='block_1_92' title="bbox 3100 3186 3850 3252">
    <p class='ocr_par' dir='ltr' id='par_1_92' title="bbox 3100 3186 3850 3252">
     <span class='ocr_line' id='line_1_92' title="bbox 3100 3186 3850 3252; baseline -0.001 -9"><span class='ocrx_word' id='word_1_612' title='bbox 3100 3188 3401 3243; x_wconf 83' lang='lat' dir='ltr'><strong>contemnit</strong></span> <span class='ocrx_word' id='word_1_613' title='bbox 3465 3201 3635 3252; x_wconf 90' lang='lat' dir='ltr'><strong>eum,</strong></span> <span class='ocrx_word' id='word_1_614' title='bbox 3716 3186 3850 3242; x_wconf 88' lang='lat' dir='ltr'><strong>dum</strong></span> 
     </span>
    </p>
   </div>
   <div class='ocr_carea' id='block_1_93' title="bbox 3097 3276 3834 3351">
    <p class='ocr_par' dir='ltr' id='par_1_93' title="bbox 3097 3276 3834 3351">
     <span class='ocr_line' id='line_1_93' title="bbox 3097 3276 3834 3351; baseline -0.004 -16"><span class='ocrx_word' id='word_1_615' title='bbox 3097 3280 3491 3351; x_wconf 82' lang='lat' dir='ltr'><strong>transgreditur</strong></span> <span class='ocrx_word' id='word_1_616' title='bbox 3517 3278 3665 3351; x_wconf 69' lang='lat' dir='ltr'><strong>leges</strong></span> <span class='ocrx_word' id='word_1_617' title='bbox 3694 3276 3834 3348; x_wconf 76' lang='lat' dir='ltr'><strong>eius.</strong></span> 
     </span>
    </p>
   </div>
   <div class='ocr_carea' id='block_1_94' title="bbox 3099 3368 3840 3440">
    <p class='ocr_par' dir='ltr' id='par_1_94' title="bbox 3099 3368 3840 3440">
     <span class='ocr_line' id='line_1_94' title="bbox 3099 3368 3840 3440; baseline -0.001 -16"><span class='ocrx_word' id='word_1_618' title='bbox 3099 3368 3157 3424; x_wconf 89' lang='lat' dir='ltr'><strong>Si</strong></span> <span class='ocrx_word' id='word_1_619' title='bbox 3229 3385 3359 3426; x_wconf 71' lang='lat' dir='ltr'><strong>vero</strong></span> <span class='ocrx_word' id='word_1_620' title='bbox 3424 3368 3715 3440; x_wconf 87' lang='lat' dir='ltr'><strong>aliquando</strong></span> <span class='ocrx_word' id='word_1_621' title='bbox 3784 3368 3840 3424; x_wconf 88' lang='lat' dir='ltr'><strong>in</strong></span> 
     </span>
    </p>
   </div>
   <div class='ocr_carea' id='block_1_95' title="bbox 3100 3462 3834 3531">
    <p class='ocr_par' dir='ltr' id='par_1_95' title="bbox 3100 3462 3834 3531">
     <span class='ocr_line' id='line_1_95' title="bbox 3100 3462 3834 3531; baseline -0.001 -16"><span class='ocrx_word' id='word_1_622' title='bbox 3100 3470 3249 3515; x_wconf 79' lang='lat' dir='ltr'><strong>textu</strong></span> <span class='ocrx_word' id='word_1_623' title='bbox 3294 3462 3434 3515; x_wconf 90' lang='lat' dir='ltr'><strong>idem</strong></span> <span class='ocrx_word' id='word_1_624' title='bbox 3482 3470 3739 3531; x_wconf 84' lang='lat' dir='ltr'><strong>peccator</strong></span> <span class='ocrx_word' id='word_1_625' title='bbox 3778 3470 3834 3517; x_wconf 89' lang='lat' dir='ltr'><strong>et</strong></span> 
     </span>
    </p>
   </div>
   <div class='ocr_carea' id='block_1_96' title="bbox 3096 3551 3835 3624">
    <p class='ocr_par' dir='ltr' id='par_1_96' title="bbox 3096 3551 3835 3624">
     <span class='ocr_line' id='line_1_96' title="bbox 3096 3551 3835 3624; baseline 0.003 -16"><span class='ocrx_word' id='word_1_626' title='bbox 3096 3552 3296 3624; x_wconf 84' lang='lat' dir='ltr'><strong>impius</strong></span> <span class='ocrx_word' id='word_1_627' title='bbox 3324 3554 3648 3621; x_wconf 79' lang='lat' dir='ltr'><strong>inveniatur,</strong></span> <span class='ocrx_word' id='word_1_628' title='bbox 3675 3551 3835 3610; x_wconf 63' lang='lat' dir='ltr'><strong>dile-</strong></span> 
     </span>
    </p>
   </div>
   <div class='ocr_carea' id='block_1_97' title="bbox 3099 3648 3837 3706">
    <p class='ocr_par' dir='ltr' id='par_1_97' title="bbox 3099 3648 3837 3706">
     <span class='ocr_line' id='line_1_97' title="bbox 3099 3648 3837 3706; baseline -0.005 0"><span class='ocrx_word' id='word_1_629' title='bbox 3099 3651 3328 3706; x_wconf 89' lang='lat' dir='ltr'><strong>rentiam</strong></span> <span class='ocrx_word' id='word_1_630' title='bbox 3381 3659 3560 3705; x_wconf 91' lang='lat' dir='ltr'><strong>tamen</strong></span> <span class='ocrx_word' id='word_1_631' title='bbox 3616 3648 3837 3706; x_wconf 89' lang='lat' dir='ltr'><strong>habebit</strong></span> 
     </span>
    </p>
   </div>
   <div class='ocr_carea' id='block_1_98' title="bbox 3096 3739 3838 3798">
    <p class='ocr_par' dir='ltr' id='par_1_98' title="bbox 3096 3739 3838 3798">
     <span class='ocr_line' id='line_1_98' title="bbox 3096 3739 3838 3798; baseline -0.004 0"><span class='ocrx_word' id='word_1_632' title='bbox 3096 3743 3151 3798; x_wconf 91' lang='lat' dir='ltr'><strong>in</strong></span> <span class='ocrx_word' id='word_1_633' title='bbox 3219 3741 3517 3798; x_wconf 85' lang='lat' dir='ltr'><strong>intellectu.</strong></span> <span class='ocrx_word' id='word_1_634' title='bbox 3575 3739 3838 3797; x_wconf 81' lang='lat' dir='ltr'><strong>Possibile</strong></span> 
     </span>
    </p>
   </div>
   <div class='ocr_carea' id='block_1_99' title="bbox 3101 3834 3850 3904">
    <p class='ocr_par' dir='ltr' id='par_1_99' title="bbox 3101 3834 3850 3904">
     <span class='ocr_line' id='line_1_99' title="bbox 3101 3834 3850 3904; baseline -0.003 -14"><span class='ocrx_word' id='word_1_635' title='bbox 3101 3846 3186 3892; x_wconf 86' lang='lat' dir='ltr'><strong>est</strong></span> <span class='ocrx_word' id='word_1_636' title='bbox 3215 3846 3397 3890; x_wconf 91' lang='lat' dir='ltr'><strong>autem</strong></span> <span class='ocrx_word' id='word_1_637' title='bbox 3422 3850 3547 3890; x_wconf 91' lang='lat' dir='ltr'><strong>eum</strong></span> <span class='ocrx_word' id='word_1_638' title='bbox 3592 3834 3682 3904; x_wconf 86' lang='lat' dir='ltr'><strong>qui</strong></span> <span class='ocrx_word' id='word_1_639' title='bbox 3715 3848 3850 3903; x_wconf 39' lang='lat' dir='ltr'><strong>pecs</strong></span> 
     </span>
    </p>
   </div>
   <div class='ocr_carea' id='block_1_100' title="bbox 3092 3928 3848 3999">
    <p class='ocr_par' dir='ltr' id='par_1_100' title="bbox 3092 3928 3848 3999">
     <span class='ocr_line' id='line_1_100' title="bbox 3092 3928 3848 3999; baseline -0.005 -12"><span class='ocrx_word' id='word_1_640' title='bbox 3092 3941 3203 3994; x_wconf 87' lang='lat' dir='ltr'><strong>cat,</strong></span> <span class='ocrx_word' id='word_1_641' title='bbox 3234 3945 3357 3986; x_wconf 80' lang='lat' dir='ltr'><strong>mox</strong></span> <span class='ocrx_word' id='word_1_642' title='bbox 3379 3940 3434 3985; x_wconf 91' lang='lat' dir='ltr'><strong>et</strong></span> <span class='ocrx_word' id='word_1_643' title='bbox 3453 3928 3677 3999; x_wconf 90' lang='lat' dir='ltr'><strong>impium</strong></span> <span class='ocrx_word' id='word_1_644' title='bbox 3701 3941 3848 3992; x_wconf 76' lang='lat' dir='ltr'><strong>esse,</strong></span> 
     </span>
    </p>
   </div>
   <div class='ocr_carea' id='block_1_101' title="bbox 2259 4019 3723 4095">
    <p class='ocr_par' dir='ltr' id='par_1_101' title="bbox 2259 4019 3723 4095">
     <span class='ocr_line' id='line_1_101' title="bbox 2259 4019 3723 4095; baseline -0.001 -21"><span class='ocrx_word' id='word_1_645' title='bbox 2259 4022 2475 4092; x_wconf 86' lang='lat' dir='ltr'><strong>quando</strong></span> <span class='ocrx_word' id='word_1_646' title='bbox 2536 4036 2633 4092; x_wconf 88' lang='lat' dir='ltr'><strong>per</strong></span> <span class='ocrx_word' id='word_1_647' title='bbox 2684 4032 3049 4095; x_wconf 89' lang='lat' dir='ltr'><strong>contemptum</strong></span> <span class='ocrx_word' id='word_1_648' title='bbox 3108 4020 3271 4092; x_wconf 89' lang='lat' dir='ltr'><strong>impie</strong></span> <span class='ocrx_word' id='word_1_649' title='bbox 3300 4020 3409 4093; x_wconf 78' lang='lat' dir='ltr'><strong>agit</strong></span> <span class='ocrx_word' id='word_1_650' title='bbox 3442 4019 3495 4075; x_wconf 91' lang='lat' dir='ltr'><strong>in</strong></span> <span class='ocrx_word' id='word_1_651' title='bbox 3534 4020 3723 4075; x_wconf 89' lang='lat' dir='ltr'><strong>Deum.</strong></span> 
     </span>
    </p>
   </div>
   <div class='ocr_carea' id='block_1_102' title="bbox 624 4380 2793 4489">
    <p class='ocr_par' dir='ltr' id='par_1_102' title="bbox 624 4380 2793 4489">
     <span class='ocr_line' id='line_1_102' title="bbox 624 4380 2793 4489; baseline -0.005 -19"><span class='ocrx_word' id='word_1_652' title='bbox 624 4412 751 4489; x_wconf 59' lang='lat'><strong>(87)</strong></span> <span class='ocrx_word' id='word_1_653' title='bbox 789 4413 867 4470; x_wconf 83' lang='lat' dir='ltr'><strong>Ea</strong></span> <span class='ocrx_word' id='word_1_654' title='bbox 895 4380 1071 4468; x_wconf 60' lang='lat' dir='ltr'><strong>(irasci</strong></span> <span class='ocrx_word' id='word_1_655' title='bbox 1094 4411 1329 4481; x_wconf 76' lang='lat' dir='ltr'><strong>exempli</strong></span> <span class='ocrx_word' id='word_1_656' title='bbox 1351 4412 1676 4466; x_wconf 82' lang='lat' dir='ltr'><strong>auctoritate</strong></span> <span class='ocrx_word' id='word_1_657' title='bbox 1700 4405 2046 4462; x_wconf 81' lang='lat' dir='ltr'><strong>scribendum</strong></span> <span class='ocrx_word' id='word_1_658' title='bbox 2074 4404 2308 4469; x_wconf 80' lang='lat' dir='ltr'><strong>videtur,</strong></span> <span class='ocrx_word' id='word_1_659' title='bbox 2337 4404 2793 4461; x_wconf 67' lang='lat' dir='ltr'><strong>circumscribas.</strong></span> 
     </span>
    </p>
   </div>
   <div class='ocr_carea' id='block_1_103' title="bbox 572 4647 1952 4679">
    <p class='ocr_par' dir='ltr' id='par_1_103' title="bbox 572 4647 1952 4679">
     <span class='ocr_line' id='line_1_103' title="bbox 572 4647 1952 4679; baseline 0 -21"><span class='ocrx_word' id='word_1_660' title='bbox 572 4647 1952 4679; x_wconf 77' lang='lat'><strong>___________________________.___.______._</strong></span> 
     </span>
    </p>
   </div>
   <div class='ocr_carea' id='block_1_104' title="bbox 1966 4642 3838 4658">
    <p class='ocr_par' dir='ltr' id='par_1_104' title="bbox 1966 4642 3838 4658">
     <span class='ocr_line' id='line_1_104' title="bbox 1966 4642 3838 4658; baseline -0.001 -2"><span class='ocrx_word' id='word_1_661' title='bbox 1966 4647 2508 4657; x_wconf 69' lang='lat'><strong>-—-————————-———</strong></span> <span class='ocrx_word' id='word_1_662' title='bbox 2518 4645 3117 4657; x_wconf 64' lang='lat'><strong>——————-—-————-</strong></span> <span class='ocrx_word' id='word_1_663' title='bbox 3127 4642 3838 4658; x_wconf 73' lang='lat'><strong>_———.——-——————</strong></span> 
     </span>
    </p>
   </div>
   <div class='ocr_carea' id='block_1_105' title="bbox 1422 4863 2997 4985">
    <p class='ocr_par' dir='ltr' id='par_1_105' title="bbox 1422 4863 2997 4985">
     <span class='ocr_line' id='line_1_105' title="bbox 1422 4863 2997 4985; baseline -0.006 0"><span class='ocrx_word' id='word_1_664' title='bbox 1422 4866 1951 4985; x_wconf 88' lang='lat' dir='ltr'><strong>DIDYMI</strong></span> <span class='ocrx_word' id='word_1_665' title='bbox 2017 4863 2997 4981; x_wconf 80' lang='lat' dir='ltr'><strong>ALEXANDRlNi</strong></span> 
     </span>
    </p>
   </div>
   <div class='ocr_carea' id='block_1_106' title="bbox 795 5275 3618 5384">
    <p class='ocr_par' dir='ltr' id='par_1_106' title="bbox 795 5275 3618 5384">
     <span class='ocr_line' id='line_1_106' title="bbox 795 5275 3618 5384; baseline -0.005 -1"><span class='ocrx_word' id='word_1_666' title='bbox 795 5287 1476 5384; x_wconf 83' lang='lat' dir='ltr'><strong>EPISTOLAM</strong></span> <span class='ocrx_word' id='word_1_667' title='bbox 1552 5289 1646 5376; x_wconf 90' lang='lat' dir='ltr'><strong>S.</strong></span> <span class='ocrx_word' id='word_1_668' title='bbox 1728 5279 2082 5374; x_wconf 83' lang='lat' dir='ltr'><strong>PETRI</strong></span> <span class='ocrx_word' id='word_1_669' title='bbox 2162 5276 2794 5370; x_wconf 72' lang='lat' dir='ltr'><strong>SECUNDAM</strong></span> <span class='ocrx_word' id='word_1_670' title='bbox 2873 5275 3618 5372; x_wconf 80' lang='lat' dir='ltr'><strong>ENARRATIO.</strong></span> 
     </span>
    </p>
   </div>
   <div class='ocr_carea' id='block_1_107' title="bbox 640 5650 2155 5729">
    <p class='ocr_par' dir='ltr' id='par_1_107' title="bbox 640 5650 2155 5729">
     <span class='ocr_line' id='line_1_107' title="bbox 640 5650 2155 5729; baseline -0.011 -8"><span class='ocrx_word' id='word_1_671' title='bbox 640 5662 796 5720; x_wconf 75' lang='lat' dir='ltr'><strong>CAP.</strong></span> <span class='ocrx_word' id='word_1_672' title='bbox 834 5663 915 5729; x_wconf 87' lang='lat' dir='ltr'><strong>ll,</strong></span> <span class='ocrx_word' id='word_1_673' title='bbox 957 5675 1108 5716; x_wconf 61' lang='grc' dir='ltr'>τελε.</span> <span class='ocrx_word' id='word_1_674' title='bbox 1152 5658 1240 5713; x_wconf 87' lang='lat' dir='ltr'><strong>ll.</strong></span> <span class='ocrx_word' id='word_1_675' title='bbox 1288 5674 1305 5707; x_wconf 76' lang='grc' dir='ltr'><strong>ι</strong></span> <span class='ocrx_word' id='word_1_676' title='bbox 1342 5652 1440 5711; x_wconf 81' lang='lat' dir='ltr'><strong>Ubi</strong></span> <span class='ocrx_word' id='word_1_677' title='bbox 1476 5652 1675 5725; x_wconf 70' lang='lat' dir='ltr'><strong>angeli,</strong></span> <span class='ocrx_word' id='word_1_678' title='bbox 1738 5650 2057 5708; x_wconf 81' lang='lat' dir='ltr'><strong>fortitudine</strong></span> <span class='ocrx_word' id='word_1_679' title='bbox 2098 5656 2155 5704; x_wconf 87' lang='lat' dir='ltr'><strong>et</strong></span> 
     </span>
    </p>
   </div>
   <div class='ocr_carea' id='block_1_108' title="bbox 2334 5648 3849 5723">
    <p class='ocr_par' dir='ltr' id='par_1_108' title="bbox 2334 5648 3849 5723">
     <span class='ocr_line' id='line_1_108' title="bbox 2334 5648 3849 5723; baseline -0.003 -15"><span class='ocrx_word' id='word_1_680' title='bbox 2334 5651 2520 5723; x_wconf 74' lang='lat' dir='ltr'><strong>Angeii</strong></span> <span class='ocrx_word' id='word_1_681' title='bbox 2566 5656 2850 5704; x_wconf 88' lang='lat' dir='ltr'><strong>manentes</strong></span> <span class='ocrx_word' id='word_1_682' title='bbox 2888 5648 2941 5701; x_wconf 92' lang='lat' dir='ltr'><strong>in</strong></span> <span class='ocrx_word' id='word_1_683' title='bbox 2991 5648 3317 5713; x_wconf 84' lang='lat' dir='ltr'><strong>sanctitate,</strong></span> <span class='ocrx_word' id='word_1_684' title='bbox 3368 5664 3534 5722; x_wconf 84' lang='lat' dir='ltr'><strong>quam</strong></span> <span class='ocrx_word' id='word_1_685' title='bbox 3572 5649 3770 5705; x_wconf 85' lang='lat' dir='ltr'><strong>habent</strong></span> <span class='ocrx_word' id='word_1_686' title='bbox 3818 5663 3849 5703; x_wconf 67' lang='grc' dir='ltr'><strong>ε</strong></span> 
     </span>
    </p>
   </div>
   <div class='ocr_carea' id='block_1_109' title="bbox 573 5738 3850 5815">
    <p class='ocr_par' dir='ltr' id='par_1_109' title="bbox 573 5738 3850 5815">
     <span class='ocr_line' id='line_1_109' title="bbox 573 5738 3850 5815; baseline -0.003 -14"><span class='ocrx_word' id='word_1_687' title='bbox 573 5752 774 5807; x_wconf 79' lang='lat' dir='ltr'><strong>virtute</strong></span> <span class='ocrx_word' id='word_1_688' title='bbox 804 5767 926 5807; x_wconf 89' lang='lat' dir='ltr'><strong>cum</strong></span> <span class='ocrx_word' id='word_1_689' title='bbox 966 5752 1077 5806; x_wconf 87' lang='lat' dir='ltr'><strong>sint</strong></span> <span class='ocrx_word' id='word_1_690' title='bbox 1122 5746 1376 5815; x_wconf 79' lang='lat' dir='ltr'><strong>maiores,</strong></span> <span class='ocrx_word' id='word_1_691' title='bbox 1426 5758 1533 5800; x_wconf 91' lang='lat' dir='ltr'><strong>non</strong></span> <span class='ocrx_word' id='word_1_692' title='bbox 1578 5743 1858 5815; x_wconf 81' lang='lat' dir='ltr'><strong>perferunt</strong></span> <span class='ocrx_word' id='word_1_693' title='bbox 1894 5742 2154 5799; x_wconf 82' lang='lat' dir='ltr'><strong>adversus</strong></span> <span class='ocrx_word' id='word_1_694' title='bbox 2267 5744 2396 5811; x_wconf 88' lang='lat' dir='ltr'><strong>Deo,</strong></span> <span class='ocrx_word' id='word_1_695' title='bbox 2425 5752 2553 5799; x_wconf 83' lang='lat' dir='ltr'><strong>sunt</strong></span> <span class='ocrx_word' id='word_1_696' title='bbox 2579 5741 2817 5812; x_wconf 86' lang='lat' dir='ltr'><strong>potiores</strong></span> <span class='ocrx_word' id='word_1_697' title='bbox 2841 5738 3170 5807; x_wconf 84' lang='lat' dir='ltr'><strong>hominibus,</strong></span> <span class='ocrx_word' id='word_1_698' title='bbox 3201 5740 3324 5795; x_wconf 83' lang='lat' dir='ltr'><strong>licet</strong></span> <span class='ocrx_word' id='word_1_699' title='bbox 3351 5741 3682 5796; x_wconf 82' lang='lat' dir='ltr'><strong>excellenter</strong></span> <span class='ocrx_word' id='word_1_700' title='bbox 3705 5738 3850 5793; x_wconf 76' lang='lat' dir='ltr'><strong>beati</strong></span> 
     </span>
    </p>
   </div>
   <div class='ocr_carea' id='block_1_110' title="bbox 571 5835 1391 5905">
    <p class='ocr_par' dir='ltr' id='par_1_110' title="bbox 571 5835 1391 5905">
     <span class='ocr_line' id='line_1_110' title="bbox 571 5835 1391 5905; baseline -0.004 -17"><span class='ocrx_word' id='word_1_701' title='bbox 571 5848 666 5889; x_wconf 85' lang='lat' dir='ltr'><strong>eos</strong></span> <span class='ocrx_word' id='word_1_702' title='bbox 694 5837 1031 5892; x_wconf 75' lang='lat' dir='ltr'><strong>exsecrabile</strong></span> <span class='ocrx_word' id='word_1_703' title='bbox 1059 5835 1342 5905; x_wconf 84' lang='lat' dir='ltr'><strong>judicium.</strong></span> <span class='ocrx_word' id='word_1_704' title='bbox 1369 5849 1391 5885; x_wconf 76' lang='grc' dir='ltr'><strong>ι</strong></span> 
     </span>
    </p>
   </div>
   <div class='ocr_carea' id='block_1_111' title="bbox 2263 5829 3850 5921">
    <p class='ocr_par' dir='ltr' id='par_1_111' title="bbox 2263 5829 3850 5921">
     <span class='ocr_line' id='line_1_111' title="bbox 2263 5829 3850 5921; baseline -0.002 -30"><span class='ocrx_word' id='word_1_705' title='bbox 2263 5835 2374 5891; x_wconf 84' lang='lat' dir='ltr'><strong>sint</strong></span> <span class='ocrx_word' id='word_1_706' title='bbox 2426 5833 2671 5890; x_wconf 87' lang='lat' dir='ltr'><strong>homines</strong></span> <span class='ocrx_word' id='word_1_707' title='bbox 2703 5845 2718 5884; x_wconf 89' lang='lat'><strong>:</strong></span> <span class='ocrx_word' id='word_1_708' title='bbox 2749 5829 2922 5898; x_wconf 65' lang='lat' dir='ltr'><strong>angeli</strong></span> <span class='ocrx_word' id='word_1_709' title='bbox 2967 5830 3232 5901; x_wconf 80' lang='lat' dir='ltr'><strong>siquidem</strong></span> <span class='ocrx_word' id='word_1_710' title='bbox 3279 5833 3592 5891; x_wconf 77' lang='lat' dir='ltr'><strong>custodiunt</strong></span> <span class='ocrx_word' id='word_1_711' title='bbox 3631 5840 3850 5921; x_wconf 72' lang='lat' dir='ltr'><strong>sanctus</strong></span> 
     </span>
    </p>
   </div>
  </div>
