4118 6434
312 514 451 572 1773

1239 509 1636 566 ΕΝΑΙὶΙὶΛΤΙΟ
1677 509 1739 563 IN
1784 509 2174 565 EPISTULA.“
2217 511 2257 566 ll
2300 512 2356 566 ὃ.
2401 511 2632 569 PETRI.

3440 518 3460 571 1
3473 517 3578 573 7'."

309 635 474 699 viros,
509 641 561 685 et
590 645 668 686 eis
705 629 1056 685 auxiliantur.
1088 626 1212 679 dum
1256 627 1502 680 homines
1551 641 1887 694 nequaquam
1919 629 1962 685 Α
1993 628 2137 680 enim
2177 629 2359 684 venire
2403 628 2594 697 judicii
2631 627 2770 683 diem
2808 627 3058 691 latenter,
3109 640 3163 682 ιιι
3206 631 3312 694 fur,
3366 633 3416 686 in
3470 650 3578 703 quo

310 725 520 778 valeant
555 720 760 790 angelis
796 721 1034 788 pra'bere
1069 716 1279 772 solatia.
1311 715 1400 768 Sic
1428 714 1610 782 utique
1645 722 1697 767 et
1732 714 1884 777 illud,

308 818 449 886 quod
497 815 548 867 in
600 812 895 878 Evango-lio
945 811 1011 863 de
1041 808 1250 863 Joanne
1302 809 1499 862 dictum
1544 815 1624 861 est
1658 823 1670 860 :
1710 805 1884 872 «Quia

309 908 484 962 nullus
520 906 658 958 inter
699 915 852 956 natos
893 903 1176 954 mulierum
1207 899 1378 966 major
1407 901 1475 952 sit
1504 913 1570 952 eo
1604 897 1670 963 ⁷⁸,
1701 916 1718 948 ι
1765 914 1884 951 cum

307 1000 481 1069 potior
510 997 598 1051 illo
632 996 954 1058 inveniatur,
986 995 1074 1062 qui
1107 994 1158 1045 in
1186 1008 1348 1062 regno
1378 992 1446 1044 sit
1473 991 1687 1055 minor;
1722 990 1886 1043 inter-

245 1153 249 1159 1
307 1091 503 1158 pretati
539 1097 666 1143 sunt
702 1087 972 1156 Sapientes
1005 1083 1125 1148 viri,
1171 1083 1433 1144 dicentes,
1481 1081 1606 1150 quia
1648 1095 1768 1134 cum
1815 1080 1887 1134 sit

305 1181 574 1252 perfectus
617 1181 760 1232 inter
811 1177 1078 1237 homines,
1139 1174 1284 1228 nullo
1345 1172 1652 1226 mortalium
1710 1171 1885 1224 minor

303 1281 407 1334 εει,
449 1271 684 1340 quando,
729 1270 819 1338 qui
855 1267 1078 1320 inferior
1123 1278 1205 1318 est
1244 1265 1484 1318 omnimn
1528 1276 1883 1330 supernorum

303 1363 670 1423 rationaliuin,
714 1358 881 1425 major
907 1371 985 1411 est
1025 1374 1089 1410 eo
1119 1375 1130 1410 :
1165 1357 1290 1425 quia
1322 1373 1423 1408 non
1465 1356 1635 1409 solum
1670 1354 1884 1407 virtutis

303 1453 651 1520 scientiaeque
711 1449 1012 1501 diﬂ‘erentia
1070 1448 1308 1516 potiores
1360 1455 1484 1499 sunt
1542 1445 1741 1513 angeli,
1788 1444 1883 1499 sed

303 1547 467 1598 etiam
518 1543 657 1612 quod
694 1556 799 1594 non
847 1542 955 1593 sint
1000 1539 1254 1609 gravibus
1290 1547 1342 1590 et
1379 1537 1728 1606 passibilibus
1762 1551 1881 1605 per-

303 1636 440 1706 plexi
478 1636 815 1702 Corporibus.
854 1634 1003 1684 Alter
1041 1646 1166 1684 vero
1198 1631 1413 1699 quidem
1465 1629 1629 1694 dicit,
1683 1645 1883 1697 nequa-

301 1743 464 1797 quam
499 1727 727 1795 mnjores
761 1725 1035 1777 hominum
1086 1722 1304 1791 angelos
1336 1737 1477 1783 esse,
1515 1737 1619 1773 non
1669 1720 1884 1773 fortitu-

301 1820 427 1872 dine
460 1828 514 1870 et
554 1817 772 1879 virinte,
808 1831 871 1867 eo
905 1817 1046 1884 quod
1081 1814 1290 1867 mortali
1343 1813 1450 1865 vita
1502 1813 1696 1881 privati
1734 1820 1878 1864 sunt.

303 1909 452 1966 Unus
485 1911 719 1979 denique
758 1909 981 1979 angelus
1009 1908 1270 1977 percussit
1325 1907 1466 1976 regis
1513 1907 1878 1976 Assyriorum,

301 2005 403 2056 sub
433 2018 538 2056 uno
568 2002 821 2054 momenti
852 2011 1110 2068 tempore,
1147 1999 1468 2060 exercitum,
1495 2009 1711 2053 centum
1740 2009 1882 2051 octo-
1916 1986 1956 2039 Β

304 2095 452 2166 ginta
484 2095 721 2163 quinque
750 2093 915 2146 millia
943 2093 1008 2145 ⁷⁷.
1039 2092 1105 2145 Ει
1131 2093 1269 2145 alter
1299 2107 1433 2160 pene
1467 2107 1680 2145 omnem
1713 2108 1882 2161 popu-

301 2189 410 2242 lum
462 2185 818 2239 Israelitarum
878 2186 1147 2246 vastavit;
1215 2184 1314 2236 nisi
1383 2184 1490 2236 cito
1557 2183 1718 2235 David
1791 2199 1880 2237 rex

297 2294 483 2333 eorum
519 2288 729 2348 rogaret
769 2277 955 2341 Deum,
995 2286 1049 2328 ut
1082 2276 1373 2328 iracundia:
1418 2274 1578 2326 linem
1623 2275 1793 2335 daret,
1831 2285 1884 2328 et

300 2371 588 2426 terminum
623 2369 858 2432 ultionis,
903 2383 1022 2437 quae
1057 2367 1202 2420 illata
1244 2367 1422 2419 luerat
1452 2377 1672 2434 propter
1701 2381 1884 2435 pecca-

300 2472 436 2528 tum,
467 2465 530 2516 de
562 2461 753 2530 populo
785 2470 1067 2514 nuuieralo
1098 2467 1439 2511 contractum
1477 2458 1545 2510 ⁷⁸.

359 2552 519 2608 .CAP.
552 2553 635 2618 Ill,
683 2570 832 2606 rans.
873 2554 924 2608 5.
973 2572 991 2603 ι
1029 2552 1182 2606 Latet
1211 2555 1354 2606 enim
1386 2553 1504 2606 illos
1530 2596 1542 2615 ,
1572 2555 1667 2608 hoc
1700 2554 1883 2606 volen-

300 2653 397 2707 tcs,
432 2647 554 2715 quia
587 2646 705 2698 ρωΙί
751 2655 904 2698 erant
933 2645 1082 2705 o!ini,
1130 2653 1184 2697 et
1225 2655 1363 2697 terra
1394 2661 1455 2697 ex
1493 2661 1626 2714 aqua
1652 2651 1676 2707 ,’
1702 2657 1750 2698 ct
1789 2662 1884 2714 per

297 2751 492 2805 aquam
529 2737 813 2790 constituta
853 2738 1048 2799 verbo,
1083 2745 1135 2787 et
1181 2751 1275 2804 per
1318 2751 1436 2804 qua:
1487 2745 1611 2788 tunc
1653 2739 1882 2788 mundus

299 2844 435 2898 aqua
469 2829 756 2882 inundatos
789 2829 1018 2896 deperiit
1054 2846 1066 2880 :
1103 2829 1192 2896 qui
1233 2844 1373 2880 nttuc
1401 2841 1579 2880 autem
1609 2829 1730 2881 εωιί
1759 2837 1884 2881 sunt

296 2933 351 2975 et
374 2932 540 2982 terra.
570 2923 756 2974 eodem
788 2923 950 2973 verbo
982 2922 1198 2986 repositi
1233 2931 1375 2977 sunt.
1409 2920 1515 2987 igni
1549 2919 1879 2984 reservandi,

300 3010 354 3063 in
407 3011 546 3062 diem
603 3010 789 3078 judicii
852 3020 906 3064 et
962 3010 1280 3078 perditionis
1346 3011 1624 3062 hominum
1687 3010 1880 3079 impio-

299 3117 440 3155 1⁵11111.
485 3121 503 3152 ι

372 3195 550 3247 Multis
583 3194 774 3246 mirum
811 3201 889 3243 est
915 3229 930 3254 ,
969 3201 1023 3244 et
1072 3206 1135 3243 ex
1181 3191 1298 3243 istis
1339 3191 1532 3270 'vcrhis
1590 3193 1881 3258 signiﬁcari

301 3287 599 3338 mundanas
637 3281 998 3334 revolutiOnes
1043 3293 1206 3350 atque
1239 3282 1576 3334 mutationes.
1619 3282 1707 3333 Sic
1737 3284 1878 3334 cnim
1910 3314 1955 3374 Ο

301 3378 501 3431 habent
534 3394 546 3429 :
575 3374 770 3428 cmluni
801 3375 943 3427 enim
977 3384 1091 3426 erat
1127 3375 1254 3426 oliui
1284 3383 1332 3426 ct
1365 3384 1506 3425 terra
1536 3387 1598 3424 ex
1641 3389 1800 3441 aqua,
1829 3385 1881 3426 et

303 3486 394 3538 ger
421 3485 613 3537 aquam
647 3467 939 3521 constituta
971 3466 1132 3519 verbo
1164 3466 1277 3527 Dei,
1329 3481 1423 3532 per
1463 3481 1582 3533 quze
1617 3467 1705 3534 qui
1758 3474 1883 3517 tunc

296 3571 417 3615 erat
467 3561 696 3614 mundus
731 3576 868 3628 aqua
919 3561 1206 3612 innndatus
1248 3557 1507 3625 deperiit;
1563 3558 1651 3625 qui
1705 3568 1880 3610 autem

298 3669 440 3708 nunc
470 3663 597 3707 sunt
635 3653 758 3706 caeli
793 3661 846 3704 et
891 3662 1051 3710 terra,
1091 3651 1253 3702 verbo
1309 3649 1524 3718 repositi
1576 3660 1722 3714 sunt,
1774 3650 1880 3717 igni

298 3741 630 3796 reservandi.
689 3741 753 3793 Et
804 3752 924 3808 post
973 3741 1121 3791 alia:
1159 3739 1376 3790 :Novos
1435 3754 1560 3791 vero
1615 3740 1780 3791 cmlos
1829 3747 1882 3790 et

299 3845 497 3888 terram
541 3848 739 3887 novam
773 3836 1069 3887 secundum
1102 3832 1368 3898 promissa
1396 3832 1564 3899 ipsius
1595 3841 1878 3900 exspecta-

296 3943 436 3981 mus.
468 3946 487 3979 ι
533 3927 696 3979 Αἰιιιιι
738 3926 880 3978 enim
927 3926 1015 3994 qui
1059 3926 1160 3978 hac
1201 3925 1468 3978 sententia
1525 3926 1833 3977 detinentur
1867 3940 1878 3975 :

305 4020 580 4074 Sim-tilum
607 4028 724 4071 erat
760 4018 908 4079 olim,
936 4026 989 4070 et
1025 4028 1165 4069 terra
1197 4017 1399 4084 absque
1428 4015 1599 4078 cmlis,
1634 4027 1685 4069 et
1712 4025 1876 4079 terra,

296 4125 417 4179 quae
443 4125 585 4163 nunc
617 4119 720 4172 est,
763 4118 814 4162 et
846 4118 997 4162 extra
1041 4108 1197 4171 istos,
1232 4112 1321 4176 qui
1374 4123 1516 4162 nunc
1559 4118 1707 4172 sunt,
1756 4111 1878 4161 novi

293 4202 417 4257 caeli
459 4211 512 4254 et
541 4210 684 4254 terra
715 4215 846 4252 nova
887 4207 1068 4253 erunt.
1104 4196 1368 4252 Omnibus
1400 4198 1746 4252 manifestum
1776 4210 1878 4264 est,

298 4307 408 4350 tres
437 4293 664 4347 mundos
712 4308 807 4360 per
834 4291 1231 4345 successionem
1270 4291 1591 4354 consistere,
1622 4292 1877 4360 quoniam

297 4392 556 4459 scriptum
588 4395 669 4440 est
700 4401 713 4436 :
749 4403 766 4434 ι
792 4385 891 4450 Qui
929 4399 1070 4438 nunc
1108 4394 1237 4436 sunt
1269 4382 1392 4436 (εωΙί
1434 4391 1489 4436 et
1519 4391 1663 4435 terra
1690 4385 1876 4437 eodem

296 4484 458 4536 verbo
492 4478 712 4548 I'CpOSili
748 4486 910 4540 sunt;
945 4494 963 4528 ι
1000 4485 1051 4528 et
1077 4473 1305 4528 mutatio
1335 4475 1515 4527 denuo
1544 4474 1740 4528 similis
1769 4475 1876 4527 erit

294 4575 374 4630 eis
400 4575 490 4643 qni
529 4573 626 4626 sub
667 4570 866 4622 diluvio
915 4568 1208 4636 perierant.
1263 4567 1496 4635 Agnovit
1532 4576 1711 4619 autem
1764 4567 1878 4621 haec

1996 721 2114 775 cmli
2166 736 2356 790 magno
2413 723 2613 790 impetu
2671 730 2725 774 et
2773 720 2890 774 sine
2937 720 3196 775 dilatione
3246 724 3576 791 transibunt,

1993 812 2275 866 elementis
2330 813 2512 882 utique.
2564 811 2855 865 tabefactis
2910 811 2978 866 ab
3036 811 3159 880 igne
3218 812 3400 880 illato;
3460 828 3581 885 post

1997 905 2140 972 qttod
2171 903 2322 958 caelis
2358 904 2613 956 radicitus
2665 903 2958 972 amputatis
3009 919 3176 958 novos
3225 905 3426 968 cmlos,
3483 920 3580 958 no-

1994 1009 2226 1064 vamque
2256 1005 2454 1049 terram
2490 995 2752 1057 futuram,
2790 997 2840 1048 in
2867 995 3345 1065 quibusjustitiam
3376 1007 3428 1050 et
3458 1013 3580 1064 pro—

1995 1084 2281 1138 missiones
2325 1087 2414 1139 Dei
2452 1086 2502 1138 in
2541 1100 2636 1138 sua
2667 1085 3004 1139 habitatione
3068 1087 3377 1154 possideant
3423 1086 3575 1154 justi.

1994 1173 2107 1228 Neu
2141 1177 2302 1243 igitur
2330 1175 2712 1244 ignorandum,
2766 1187 3086 1244 pra:senlcm
3117 1176 3414 1247 Epistolaui
3456 1193 3579 1234 esse

1992 1267 2263 1334 falsatam,
2299 1285 2416 1338 quze
2443 1269 2566 1324 licet
2594 1270 2920 1340 publicetttr,
2957 1281 3261 1326 nontamen
3297 1275 3347 1327 iu
3374 1289 3581 1328 canone

1992 1372 2073 1416 est
2115 1361 2248 1433 (89).

2066 1453 2193 1518 Qua,-
2222 1455 2482 1507 hactenus
2511 1456 2739 1523 egimus,
2779 1471 2882 1507 non
2911 1471 2970 1508 ea
3006 1458 3219 1525 quidem
3253 1471 3372 1512 esse
3397 1459 3581 1513 viden-

1995 1557 2101 1609 tur,
2133 1563 2250 1615 qnze
2281 1548 2349 1599 ad
2383 1564 2534 1599 Sacra
2582 1546 2994 1611 Pentecosvalia,
3019 1549 3216 1616 quibus
3249 1549 3360 1603 hmc
3379 1551 3579 1619 scripta

1991 1645 2135 1699 sont,
2189 1636 2387 1688 ducere
2435 1635 2643 1688 animos
2695 1651 2758 1687 ac
2813 1638 2943 1690 satis
2992 1653 3298 1706 pra~parare
3355 1640 3574 1708 proprie

1991 1729 2511 1796 possintzattamen
2583 1743 2684 1780 non
2753 1727 2822 1781 ita
2875 1729 3044 1782 aliena
3103 1739 3250 1793 sunt,
3315 1741 3370 1784 ut
3428 1730 3574 1784 nulla

1990 1834 2212 1888 prorsus
2249 1817 2375 1871 inde
2418 1820 2524 1886 peti
2556 1822 2724 1889 possit
2757 1821 2971 1875 occasio
3001 1821 3066 1875 ad
3099 1822 3455 1877 instituendas
3484 1838 3580 1876 eas

1991 1908 2392 1970 meditationes,
2435 1924 2568 1976 quas
2597 1909 2832 1977 Spiritus
2865 1910 3058 1976 sancti,
3091 1910 3346 1965 Ecclesizc
3373 1912 3424 1966 in
3462 1913 3574 1980 ipsa

1987 2000 2168 2052 statim
2211 1997 2421 2069 origine
2459 2000 2618 2068 largis
2651 2000 2913 2056 imbribus
2946 2002 3151 2068 donati,
3188 2003 3302 2057 laeta
3348 2005 3580 2058 sanctis-

1988 2092 2232 2160 simaque
2259 2092 2515 2145 memoria
2549 2092 2697 2158 quasi
2743 2094 2991 2161 proprias
3031 2094 3128 2147 sibi
3171 2095 3364 2163 poscit.
3399 2096 3476 2150 Ac
3525 2098 3573 2150 si

1987 2183 2069 2236 vel
2105 2183 2336 2236 maxime
2367 2184 2682 2250 concedam,
2724 2184 3127 2239 Enarrationem
3168 2186 3403 2257 Didymi,
3432 2203 3576 2255 prm-

1996 2283 2243 2343 tcrquam
2287 2274 2430 2342 quod
2468 2290 2608 2328 nunc
2637 2283 2838 2330 retento
2884 2276 2994 2330 fere
3040 2277 3308 2332 barbarici
3353 2280 3460 2333 situ
3507 2295 3573 2332 ac

1986 2366 2237 2434 squalore
2291 2367 2428 2419 vieta
2483 2365 2798 2435 sepultaque
2843 2367 3042 2435 jaceat,
3094 2370 3164 2423 ita
3208 2385 3306 2425 suo
3361 2370 3578 2440 ingenio

1986 2467 2355 2528 comparatam
2384 2473 2525 2522 esse,
2577 2468 2634 2511 ut
2671 2459 2798 2528 jure
2854 2469 2944 2515 tuo
2992 2461 3086 2516 tibi
3133 2462 3415 2531 diSpliceat
3465 2461 3579 2516 fere

1989 2559 2120 2609 tota.
2159 2565 2256 2604 nec
2283 2550 2414 2604 satis
2447 2551 2620 2619 possis
2650 2559 2850 2606 nostrae
2888 2553 3065 2608 aetatis
3093 2552 3406 2608 felicitatem
3440 2569 3577 2622 prte-

1985 2641 2188 2700 dieare,
2245 2656 2363 2709 qua:
2421 2645 2484 2694 de
2547 2643 2811 2706 veritate,
2871 2644 3249 2713 simplicitate,
3310 2644 3577 2715 elegantia

1985 2733 2214 2802 denique
2243 2733 2633 2800 interpretandi
2683 2735 2841 2790 unice
2883 2737 2982 2789 sibi
3019 2737 3252 2804 gaudeat
3292 2753 3354 2792 ac
3385 2747 3576 2807 gratu-

1986 2824 2123 2878 letur
2157 2844 2168 2878 :
2207 2836 2382 2880 tamen
2420 2828 2468 2878 in
2497 2827 2596 2880 hoc
2626 2829 2762 2895 ipso,
2803 2829 2946 2897 quod
2984 2828 3367 2900 Didymianum
3403 2844 3576 2900 genus

1988 2918 2420 2986 interpretandi,
2497 2919 2707 2973 scilicet
2782 2919 3135 2987 injucundum
3211 2921 3342 2974 illud
3415 2931 3578 2989 atque

1990 3007 2404 3072 infructuosum,
2456 3009 2689 3064 alienum
2730 3027 2757 3064 a
2806 3021 2856 3065 te
2900 3012 3102 3066 habeas
3157 3027 3218 3066 ac
3280 3019 3347 3066 tze
3371 3012 3422 3065 lii
3467 3012 3576 3082 p'c-

1990 3117 2139 3164 num,
2196 3113 2380 3169 parata
2439 3102 2532 3154 tibi
2573 3112 2652 3156 est
2703 3103 2843 3156 haud
2889 3103 3110 3171 indigna
3164 3105 3577 3159 meditationqu

1988 3207 2115 3244 vere
2166 3191 2619 3246 Pentecoslalium
2688 3194 2904 3247 occasio
2957 3204 3118 3263 atque
3180 3199 3426 3250 materia.
3485 3194 3581 3250 Et-

1988 3283 2152 3336 enim.
2214 3285 2406 3349 quibus
2464 3295 2649 3338 nostra
2709 3301 2817 3354 pra:
2848 3286 2969 3340 aliis
3005 3301 3102 3340 suo
3134 3285 3258 3354 jure
3312 3286 3580 3357 gloriatur

1988 3367 2196 3422 felicior
2225 3381 2375 3430 :etas,
2419 3373 2695 3424 eccuinam
2737 3374 3002 3427 debentur
3048 3375 3173 3427 illa?
3203 3375 3391 3431 Nonne
3419 3393 3580 3431 omne

1987 3460 2125 3525 quod
2166 3458 2358 3511 bonum
2397 3461 2536 3513 inter
2587 3461 2833 3516 homines
2882 3463 3223 3517 Christianos
3258 3467 3486 3519 habetur
3525 3480 3581 3520 et

1989 3551 2319 3620 gloriosum?
2348 3567 2523 3603 nonne
2559 3567 2719 3606 omne
2757 3553 2974 3620 virtutis
3002 3553 3285 3623 laudisque
3332 3557 3574 3610 honesta:

1986 3646 2249 3710 studium,
2301 3647 2587 3714 omnisque
2634 3647 2864 3714 denique
2909 3649 2976 3701 ad
3021 3647 3303 3702 veritatem
3345 3651 3580 3704 alacrior

1985 3752 2340 3804 progressus,
2387 3739 2475 3789 uni
2525 3738 2792 3790 debentur
2844 3738 3064 3806 Spiritui
3116 3752 3328 3804 saneto,
3385 3741 3575 3796 divino

1986 3828 2058 3880 illi
2085 3837 2248 3896 atque
2279 3830 2561 3898 magnifico
2594 3829 2848 3884 Ecclesia:
2885 3832 3119 3895 auctori,
3170 3832 3404 3896 ductori,
3450 3849 3580 3903 pro-

1990 3921 2207 3985 motori,
2254 3921 2406 3989 cujus
2451 3921 2829 3992 largitionibus
2879 3923 3001 3978 inde
3028 3939 3056 3977 a
3094 3924 3266 3991 prima
3309 3925 3572 3979 donorum

1983 4013 2246 4069 ell‘usione
2269 4030 2367 4068 nec
2385 4013 2733 4079 intermissis,
2760 4031 2856 4071 nec
2885 4017 3310 4073 intermittendis
3337 4035 3572 4090 unquam

1983 4107 2035 4160 hi
2073 4107 2172 4174 ipsi
2203 4107 2318 4160 dies
2348 4108 2488 4160 sacri
2525 4106 2829 4161 habentur?
2853 4107 2922 4161 At
2962 4122 3110 4172 vero,
3147 4109 3272 4162 dum
3313 4110 3426 4164 hate
3462 4126 3576 4163 me-

1983 4199 2193 4262 ditaris,
2245 4200 2516 4263 attemlas,
2567 4214 2784 4268 qua-so,
2835 4199 3094 4269 Spiritum
3139 4200 3298 4256 istum
3333 4203 3571 4256 divinum

1985 4292 2184 4344 nemini
2240 4291 2410 4346 invito
2459 4307 2523 4346 ac
2572 4295 2892 4361 repugnanti
2948 4309 3182 4363 unquam
3232 4297 3568 4366 contigisse.

1988 4385 2080 4435 sed
2129 4399 2250 4437 cum
2292 4384 2357 4438 iis
2395 4394 2601 4438 tantum
2666 4385 2981 4440 hominibus
3036 4388 3455 4455 communicari,
3515 4389 3568 4444 in

1982 4473 2154 4542 iisque
2185 4482 2394 4528 tantum
2440 4476 2727 4540 delectari,
2762 4477 2850 4544 qui
2887 4477 3036 4546 puris
3064 4478 3338 4544 cordibus,
3375 4478 3571 4533 studiis

1980 4563 2245 4630 honestis‘,
2303 4565 2591 4620 indefessis
2645 4566 2960 4633 laboribus,
3025 4569 3278 4638 precibus
3336 4569 3573 4639 denique

295 4665 635 4732 conscriptor
661 4661 918 4731 Epistulae
955 4675 1018 4714 ex
1047 4660 1226 4713 verbis
1259 4658 1384 4714 Jesu
1418 4660 1482 4713 de
1528 4674 1875 4714 consumma-
1914 4656 1956 4712 D
1986 4656 2306 4711 ardentibus
2332 4657 2382 4710 id
2411 4670 2590 4726 agant,
2624 4669 2680 4711 ιιι
2711 4659 2854 4729 digni
2888 4661 3211 4725 habeantur,
3241 4661 3562 4730 quibuscum

295 4757 440 4813 tione
471 4755 650 4812 SiIECllli
679 4755 757 4808 sic
785 4753 1024 4822 probatis
1055 4751 1192 4821 (88).
1247 4769 1265 4802 ι
1293 4751 1445 4804 Sicut
1475 4751 1618 4804 enim
1661 4749 1712 4804 in
1761 4749 1877 4805 die-

294 4847 396 4903 bus
425 4849 535 4903 Noe
563 4847 918 4904 comedebant
946 4857 999 4899 et
1023 4845 1278 4899 bibebant
1304 4845 1572 4906 homines,
1601 4843 1878 4897 nubebant

294 4953 348 4996 et
398 4941 585 5011 nuptui
628 4941 916 5003 dabantur,
954 4940 1301 5002 vendebant,
1351 4937 1624 5002 emebant,
1667 4936 1879 5003 planta-

293 5031 441 5098 baut,
484 5033 846 5098 aadiiicabant,
897 5043 1068 5099 usque
1107 5028 1173 5082 ad
1215 5030 1354 5082 diem
1381 5070 1395 5094 ,
1444 5043 1550 5096 qua
1602 5027 1878 5095 ingressus

291 5136 372 5178 est
402 5125 514 5179 Noe
545 5125 598 5178 in
627 5138 836 5188 arcam,
874 5135 929 5178 et
961 5125 1107 5178 venit
1131 5121 1388 5176 diluvium
1415 5130 1468 5173 et
1511 5118 1633 5172 tulit
1661 5119 1868 5184 omnia,

291 5217 370 5272 sic
393 5217 495 5269 erit
515 5216 568 5269 in
595 5214 879 5286 praesentia
905 5213 1025 5268 Filii
1053 5213 1288 5269 hominis
1305 5213 1371 5265 ⁷⁹.
1388 5231 1406 5264 ι
1428 5210 1671 5276 Amplius
1690 5219 1886 5264 autent

291 5309 645 5361 concionatur
702 5306 785 5360 his
846 5305 1067 5371 verbis,
1114 5319 1236 5358 cum
1277 5303 1444 5366 dicit,
1497 5303 1621 5372 igne
1655 5301 1874 5356 solven-

289 5399 410 5452 dam
455 5399 594 5453 lianc
622 5438 636 5462 ,
685 5412 803 5467 quae
854 5411 996 5452 nunc
1042 5397 1354 5465 inspicitur,
1399 5406 1726 5450 creaturam.
1784 5396 1874 5449 Ait

357 5641 402 5670 "
435 5640 563 5696 Luc.
601 5658 697 5706 vn,
731 5641 820 5694 ‘38.

927 5643 969 5674 '"
1006 5642 1067 5696 iV
1097 5642 1224 5711 l’u-g.
1289 5656 1396 5708 vix,
1432 5642 1516 5695 35.

285 5725 358 5777 Iv,
403 5709 490 5766 50.

353 5868 469 5936 (88)
514 5866 676 5920 Ret-le
702 5866 868 5931 Gall.,
893 5869 1136 5936 pro/etis.
1566 5903 1570 5906 -

1987 4747 2225 4813 habitet,
2271 4763 2473 4817 suaque
2517 4749 2656 4803 dona
2709 4752 2912 4821 integra
2967 4754 3351 4808 communicet.
3405 4753 3570 4820 Igitur

1980 4837 2081 4892 hoc
2110 4839 2450 4906 meditemur,
2485 4841 2587 4895 hoc
2617 4843 2939 4898 iuihibamus
2965 4845 3216 4913 penitius,
3251 4845 3392 4913 quod
3449 4861 3572 4916 gra-

1982 4932 2120 4984 viter
2160 4933 2442 4986 admonuit
2495 4932 2694 4988 Paulus
2742 4935 3016 5004 apostolus
3055 4954 3067 4988 :
3101 4937 3192 5006 Μὴ
3231 4934 3452 4989 λυπεῖτε
3506 4936 3572 4990 τὸ

1977 5021 2204 5092 Πνεῦμα
2243 5022 2304 5076 τὸ
2339 5023 2495 5091 ἅγιον
2539 5025 2633 5078 τοῦ
2667 5025 2824 5090 Θεοῦ,
2867 5028 2925 5080 ἐν
2963 5019 3007 5094 ᾧ
3045 5027 3452 5099 ἐσφραγίσθητε
3488 5030 3569 5093 εἰς

1979 5113 2190 5184 ἡμέραν
2222 5113 2680 5184 ἀπολυτρώσεως,
2713 5115 2767 5170 id
2811 5126 2934 5172 est:
2980 5136 2998 5169 ι
3026 5117 3198 5173 Nolite
3243 5120 3570 5174 contristare

1980 5203 2240 5273 Spiritum
2277 5217 2522 5260 sanctum
2566 5208 2674 5274 Dei,
2714 5208 2768 5262 in
2804 5224 2912 5278 quo
2941 5210 3140 5280 signati
3183 5211 3318 5268 estis
3344 5213 3395 5266 in
3423 5213 3567 5268 diem

1981 5295 2365 5366 redemptionis
2392 5297 2456 5350 “.
2494 5317 2510 5349 ι

1599 5642 1643 5674 ⁷⁸
1706 5640 1742 5694 ΙΙ
1775 5641 1883 5714 Reg

1987 5660 2086 5709 rtv,
2154 5647 2214 5700 l6
2269 5663 2388 5718 sqq.
2465 5650 2666 5708 "Luc.
2735 5670 2868 5719 xvii,
2941 5655 3030 5724 26,
3091 5656 3178 5712 ‘27.
3280 5659 3326 5690 “
3369 5655 3569 5728 Ephes.

353 5937 468 6008 (89)
509 5938 864 5994 Conleramur
893 5956 1009 6009 quae
1038 5940 1102 5993 de
1130 5940 1226 5993 hoc
1253 5937 1366 5992 loro
1390 5941 1606 5996 uberius
1633 5939 1852 6009 exposui
1889 5938 2091 6006 Quam.
2136 5962 2195 5997 ac
2246 5943 2398 5999 i'ind.
2442 5948 2543 6001 col.
2580 5949 2742 6009 I576.
