4118 6434
336 407 467 463 ΠἹἹ

1250 398 1644 454 ΕΝΑΙΚΒᾹΤΙΟ
1681 398 1744 452 ΙΝ
1787 395 2177 453 ΕΡΙὸΪΟΙΛΜ
2220 399 2234 451 I
2277 398 2334 452 S.
2371 397 2671 454 JUANNIS.

3447 397 3580 453 17ῗὲ

328 520 511 576 simul.
554 520 687 572 Nam
724 519 1013 586 aliquando
1047 515 1397 585 intelligibilis
1429 515 1688 582 inspectio
1733 515 1896 566 visio-
1928 521 1967 575 Α
2001 515 2168 582 quitia
2226 523 2308 584 est
2361 514 2412 567 in
2465 513 2592 579 Deo,
2635 515 2757 583 jure
2828 515 3031 570 dictum
3063 523 3176 580 est,
3213 513 3388 570 nullas
3431 525 3580 569 tene-

331 613 413 666 nis
437 626 565 665 voce
586 610 938 680 signiﬁcatur,
964 618 1014 660 ut
1038 617 1120 661 est
1141 608 1264 660 illud
1289 626 1300 659 :
1331 606 1459 672 «Qui
1485 606 1624 658 videt
1645 605 1901 672 me,videt

333 711 388 758 et
433 701 648 756 Patrem
678 701 748 761 ",
779 719 799 752 ι
836 715 940 753 nou
977 701 1099 766 quia
1123 697 1335 752 Patrem
1381 697 1502 764 quis
1529 697 1698 752 oculis
1721 712 1775 750 cu
1790 695 1901 749 ruis

333 795 489 856 vidit,
528 792 770 861 quisquis
793 791 937 844 enim
964 800 1046 845 est
1073 804 1138 842 ex
1170 788 1299 854 Deo,
1339 789 1426 843 liie
1459 789 1602 842 videt
1626 788 1791 841 Deum
1833 786 1900 840 ‘°.

398 883 562 936 Vens.
589 881 643 935 2.
680 900 699 932 ι
738 881 800 934 Et
832 883 936 934 vita
973 880 1145 950 palam
1183 880 1321 932 facta
1351 890 1456 944 est,
1492 889 1548 934 et
1587 880 1820 934 vidimus
1846 890 1903 934 et

330 984 591 1028 testamur
623 983 676 1027 et
723 975 1035 1026 nuntiantes
1073 971 1222 1026 vobis
1254 973 1415 1026 vitam
1457 981 1736 1032 aeternam.
1782 985 1904 1041 quae

326 1073 445 1119 erat
472 1064 609 1134 apud
643 1063 878 1126 l’atrem,
920 1080 938 1113 ι
971 1072 1078 1117 ειε.

405 1155 600 1222 Vitam,
627 1171 743 1223 qut-.e
765 1166 883 1208 erat
909 1154 960 1207 in
988 1152 1166 1216 l'atre,
1207 1153 1379 1220 palam
1410 1151 1610 1206 factam
1646 1153 1800 1208 nobis
1825 1154 1904 1208 vi-

329 1249 528 1311 dimus,
555 1247 649 1302 ait.
669 1245 1043 1315 Congruenter
1065 1247 1265 1299 dietqu
1293 1254 1376 1298 cst
1399 1261 1416 1295 ι
1446 1245 1677 1299 vidimus
1700 1263 1718 1296 ι
1749 1259 1898 1310 eam;

327 1352 380 1395 et
407 1338 687 1392 audientes
722 1337 787 1390 de
819 1337 1008 1390 eadem
1061 1337 1161 1389 bac
1193 1336 1367 1405 palam
1398 1335 1536 1389 facta
1583 1336 1714 1398 vita,
1753 1335 1902 1390 testi-

329 1432 566 1485 monium
597 1429 938 1499 perliibentes
974 1447 992 1479 ι
1024 1428 1407 1481 annuutiamus
1439 1445 1457 1478 ι
1500 1435 1554 1480 et
1602 1446 1620 1478 ι
1661 1427 1836 1494 vobis,
1878 1445 1898 1480 ι

325 1535 462 1591 quos
487 1533 823 1587 consequens
851 1526 934 1572 est
981 1517 1164 1570 videte
1207 1531 1324 1568 eam
1363 1522 1702 1578 manentem;
1736 1513 1903 1584 siqui-

323 1613 446 1665 dem
466 1609 770 1664 dill‘erentia
802 1606 1011 1661 videndi
1039 1616 1090 1659 et
1113 1604 1500 1673 conspiciendi.
1527 1602 1651 1658 llaec
1679 1604 1903 1658 dicenda

326 1714 486 1758 sunt:
534 1701 685 1768 Quod
738 1701 869 1753 vidit
915 1697 1130 1766 aliquis.
1175 1696 1428 1750 nuntiare
1476 1697 1675 1764 poterit
1721 1695 1901 1762 alteri,

326 1810 449 1848 cum
484 1794 551 1846 de
600 1792 932 1861 inspectione
978 1804 1083 1842 non
1118 1787 1339 1841 omnino
1392 1787 1561 1856 possit
1616 1787 1719 1842 llOC
1759 1788 1896 1842 ﬁeri.

2004 606 2127 658 bras
2162 605 2212 658 in
2242 620 2305 659 eo
2339 619 2478 662 esse.

2005 694 2270 750 Possibilc
2297 705 2400 760 est,
2432 712 2533 749 non
2568 695 2771 765 probis
2803 699 3170 753 tantummodo
3195 699 3392 753 dictum
3426 712 3580 752 esse:

2009 805 2027 836 ι
2070 786 2329 841 Tenebra:
2357 788 2408 841 in
2435 801 2500 843 eo
2534 803 2640 840 non
2673 799 2798 842 sunt
2833 788 2968 842 ulla.
2999 807 3018 840 ι
3053 788 3189 843 Sunt
3222 790 3365 844 enim
3391 789 3578 858 (dicta)

2005 877 2071 932 de
2127 878 2336 932 cunctis
2384 879 2666 950 speciebus
2719 878 3072 948 ignorationis
3119 890 3279 950 atque
3341 880 3578 933 malitias.

2005 967 2139 1034 Quia
2167 970 2309 1022 enim
2345 969 2548 1024 malitia
2580 970 2634 1023 in
2671 970 2782 1025 Deo
2811 986 2916 1026 non
2960 980 3064 1038 est,
3108 980 3322 1025 constat
3369 985 3435 1026 ex
3490 985 3580 1033 eo,

2005 1058 2146 1126 quod
2186 1057 2386 1112 dictum
2409 1066 2528 1114 est:
2559 1056 2787 1115 «Fidelis
2810 1060 2948 1115 Deus
2966 1059 3064 1126 ",i
3104 1069 3178 1124 et,
3205 1058 3351 1112 «Νυιι
3385 1068 3466 1113 εει
3498 1060 3580 1112 iu-

2001 1149 2209 1218 justitia
2257 1149 2399 1217 apud
2453 1150 2618 1203 Deum
2652 1153 2721 1216 ",
2762 1169 2780 1202 ι
2844 1161 2898 1206 ει
2954 1153 3182 1206 iterum:
3221 1170 3238 1204 ι
3282 1150 3419 1217 Quid
3453 1168 3582 1221 ergo

2005 1237 2247 1293 dicemus
2269 1238 2292 1292 ἲ
2314 1235 2575 1306 iujustitla
2610 1241 2748 1308 apud
2773 1239 2984 1296 Deum?
3009 1239 3163 1295 Absit
3198 1241 3265 1294 ".
3307 1259 3326 1292 ο
3363 1241 3441 1294 Ad
3484 1241 3584 1296 hoc

2006 1328 2410 1398 percipiendum
2464 1339 2548 1384 est
2605 1330 2767 1386 etiam
2820 1329 2970 1395 illud,
3027 1331 3167 1401 quod
3215 1331 3416 1386 dictum
3461 1339 3580 1388 est:

2012 1440 2030 1472 ι
2069 1419 2264 1475 Rectus
2309 1428 2395 1476 est
2447 1420 2703 1476 Dominus
2745 1421 2908 1487 Deus,
2941 1432 2996 1478 et
3030 1437 3133 1476 non
3178 1430 3262 1478 est
3323 1422 3583 1493 injustitia

2008 1512 2147 1582 apud
2187 1527 2308 1566 eum
2339 1511 2406 1565 “.
2441 1530 2460 1564 ι
2500 1511 2634 1578 Quia
2667 1526 2794 1568 vero
2820 1528 2918 1568 nec
2955 1513 3258 1581 ignorantia
3299 1513 3350 1567 in
3384 1529 3448 1568 eo
3485 1523 3583 1581 est,

2007 1603 2318 1660 manifestat
2351 1603 2581 1671 Daniel,
2614 1605 2681 1659 de
2728 1619 2793 1660 eo
2831 1606 3047 1660 dicens:
3085 1623 3102 1657 ι
3157 1605 3260 1673 Qui
3310 1609 3584 1674 cognoscit
3617 1599 3620 1604 ’

2007 1715 2126 1769 quae
2169 1701 2223 1755 in
2281 1700 2518 1755 tenebris
2548 1709 2694 1765 sunt,
2739 1711 2792 1754 et
2839 1700 2929 1754 lux
2976 1715 3100 1756 cum
3148 1716 3214 1756 eo
3248 1710 3331 1756 est
3359 1701 3428 1766 ",
3466 1721 3483 1753 ι
3531 1711 3586 1755 ει

2010 1793 2169 1848 illud:
2207 1811 2225 1845 ι
2267 1790 2612 1850 Occultorum
2649 1793 2859 1863 agnitor
2900 1791 3062 1860 Deus,
3101 1808 3432 1864 cognoscens
3464 1809 3584 1849 om-

326 1884 492 1938 anta
521 1883 691 1945 enim,
738 1897 856 1947 qua
905 1878 1140 1950 perfecte
1186 1878 1424 1947 inspecta
1475 1888 1892 1946 cognoscuntur,

2009 1883 2112 1949 nia,
2133 1893 2422 1954 antequam
2445 1885 2573 1938 ﬁant
2593 1883 2718 1938 π’.»
2750 1882 2804 1939 Si
2827 1883 2972 1938 enim
2994 1884 3150 1938 habet
3174 1884 3461 1940 scientiam
3491 1903 3585 1942 oc-

327 1992 456 2030 v0ce
515 1975 808 2045 signiﬁcari
865 1990 970 2027 non
1043 1982 1312 2041 possunt,
1383 1971 1511 2024 dum
1565 1987 1661 2039 per
1717 1970 1894 2024 erudi-

328 2070 525 2121 tionem
587 2067 910 2121 ineliabilem
972 2075 1407 2133 cognoscuntur,
1457 2071 1510 2117 et
1561 2072 1687 2118 ειιιιι
1752 2064 1897 2118 vocis

327 2161 650 2213 imlicatioue
691 2159 801 2229 (96)
841 2155 1129 2213 mortalis:
1175 2171 1278 2208 non
1334 2155 1476 2208 enim
1525 2155 1648 2207 licet
1695 2154 1895 2208 homini

327 2253 469 2320 loqui
500 2253 630 2316 lene,
675 2251 776 2305 lioc
816 2257 897 2302 est
934 2247 1280 2316 impOssibile.
1339 2246 1451 2300 llnc
1493 2262 1620 2316 ergo
1655 2247 1898 2302 animad-

326 2341 640 2397 vertendum
695 2351 798 2407 est,
848 2340 972 2408 quia
1032 2339 1398 2393 testimonium
1440 2338 1783 2406 perbibentes
1843 2346 1898 2392 et

324 2435 448 2488 vita:
496 2433 614 2500 ejus
668 2450 772 2486 non
824 2432 1203 2486 commendant
1253 2447 1315 2483 ea
1359 2429 1425 2484 de
1463 2431 1657 2499 quibus
1692 2440 1896 2484 testan-

325 2536 444 2587 tur;
495 2526 588 2578 scd
638 2524 956 2591 semetipsos
1002 2522 1171 2591 ipsius
1216 2521 1509 2575 testimonii
1557 2520 1898 2576 confeSsione

321 2617 632 2672 nielioranl.
667 2616 903 2683 Denique
934 2615 1150 2683 pietatis
1181 2613 1398 2668 athleta:
1425 2613 1559 2684 (97),
1591 2629 1727 2683 quos
1763 2630 1896 2668 con-

318 2711 551 2762 suetudo
578 2707 813 2761 fraterna
846 2718 1108 2777 martyres
1134 2717 1309 2768 vocat,
1342 2705 1391 2758 id
1416 2715 1498 2760 est
1546 2714 1721 2769 testes,
1753 2707 1901 2760 vide-

321 2811 464 2859 mus,
491 2797 614 2864 quia
638 2798 956 2864 semetipsos
971 2796 1220 2864 equidem
1245 2807 1594 2861 ornaverunt,
1614 2798 1758 2866 quod
1796 2813 1894 2851 au-

323 2897 432 2940 tem
453 2886 504 2939 itt
527 2901 624 2939 suo
656 2885 916 2954 martyrio
941 2883 1054 2954 (98)
1088 2883 1298 2937 veritati
1327 2883 1527 2952 aliquid
1559 2885 1897 2941 addiderant.

401 2978 558 3031 VEBS.
587 2977 642 3030 5.
677 2995 695 3028 ι
737 2975 801 3029 Et
833 2977 946 3030 hmc
987 2984 1069 3030 est
1097 2974 1464 3039 annuntiatio,
1502 2991 1665 3043 quam
1695 2979 1903 3032 audivi-

317 3082 445 3122 mus
475 3068 540 3119 ab
573 3083 659 3130 eo,
690 3076 744 3119 ct
789 3066 1089 3119 indicamus
1121 3065 1292 3128 vobis,
1325 3065 1578 3133 quoniam
1630 3066 1770 3122 Deus
1805 3068 1896 3122 lux

319 3171 429 3221 est,
466 3176 486 3209 ι
519 3169 620 3212 etc.

382 3251 504 3303 'l'z‘
528 3247 690 3301 αὑτοῦ
713 3245 805 3298 τοῦ
834 3246 1081 3315 Σωτῆρος
1223 3247 1306 3301 Ab
1336 3247 1450 3316 ipso
1487 3248 1766 3303 Salvatore
1807 3265 1908 3303 an-

321 3343 528 3412 ταύτην
565 3341 661 3411 τὴν
699 3338 958 3407 ἀγγελίαν
993 3355 1082 3406 γε·
1156 3339 1546 3394 nnuliationem
1634 3339 1912 3406 discipulis

323 3435 559 3505 νομένην
598 3435 728 3504 ἡμῖν
742 3475 757 3499 ,
787 3429 1050 3502 δηλοῦσαν
1065 3471 1079 3495 ,

323 3530 401 3591 ὡς
436 3527 550 3596 φῶς
573 3528 834 3597 ὑπάρχων
865 3527 894 3578 ὁ
927 3523 1081 3588 Θεὸς,

321 3622 581 3692 οὐδεμίαν
620 3622 834 3674 σκοτίαν
872 3619 984 3688 ἔχει
1027 3620 1083 3670 ἐν

322 3717 504 3786 ἐαυτῷ
525 3733 538 3748 ·
583 3717 790 3786 ταύτην
827 3715 920 3768 καὶ
954 3714 1084 3784 ὑμῖν

326 3808 729 3879 προσφέρομεν,
761 3808 847 3861 ἵνα
868 3807 965 3876 τὴν
993 3807 1087 3858 αὺ-

322 3898 568 3968 ςὴνὺμῖν
596 3899 770 3968 (ἡμῖν)
797 3898 924 3966 περὶ
949 3894 1085 3948 Θεοῦ

324 3991 502 4058 δόξαν,
527 4009 545 4040 ι
570 3991 642 4052 ὡς
661 3990 813 4052 ὄντος
835 3989 1032 4058 φωτὸς,
1055 4006 1074 4039 ι

326 4086 512 4154 ἔχητε.
527 4081 647 4144 Φῶς
666 4081 721 4133 δέ
748 4083 892 4132 ἐστιν
907 4081 934 4132 ὁ
950 4080 1082 4141 Θεὸς

326 4176 538 4248 νοητὸν,
560 4175 746 4228 ἀΐδιον.
789 4174 954 4227 Οὐδὲν
975 4172 1084 4242 γὰρ

325 4269 586 4342 αἰσθητὸν
649 4269 737 4322 ἀεὶ
800 4268 1081 4337 ὑπάρχει·

324 4365 500 4435 τούτῳ
535 4362 612 4433 τῷ
653 4363 791 4432 φωτὶ
831 4360 1086 4423 ἐναντίως

328 4457 548 4529 νοητέον
584 4456 684 4528 τὴν
738 4453 980 4517 σκοτίαν,
1020 4453 1085 4506 ᾶ-

328 4568 512 4620 γνοιαν
530 4550 622 4601 καὶ
635 4547 752 4612 ἕξιν
767 4547 997 4618 (είρονός
1009 4564 1086 4600 τι.-

326 4662 415 4708 νος
433 4643 568 4714 (ἕξιν
584 4641 880 4712 χειρίστην)
899 4635 1080 4693 οὖσαν.

340 4738 495 4790 Ἐττε)⁵
517 4731 612 4790 οὖν
644 4734 923 4804 οὐδέτερον
977 4731 1085 4785 τῶν

326 4831 482 4885 εἰδῶν
530 4831 627 4900 τῆς
679 4830 916 4892 σκοτίας,
961 4825 1084 4880 οὔτε

330 4923 555 4986 ἄγνοια,
609 4921 731 4974 οὔτε
779 4919 977 4978 κακία,
1025 4920 1082 4972 ἐν

330 5012 449 5081 Θεῷ
472 5015 637 5074 ἐστιν,
673 5014 894 5077 εἰκότως
919 5013 1085 5083 εἴρη-

333 5119 441 5162 ται,
485 5102 749 5172 μηδεμίαν
781 5105 996 5157 σκοτίαν
1029 5106 1086 5156 ὲν

333 5193 478 5264 αὐτῷ
499 5190 654 5248 εἶναι..
849 5179 860 5189 ’

398 5357 442 5387 ⁸⁸
471 5355 625 5411 Juan.
671 5372 747 5414 γι.
781 5356 868 5410 Mi.

979 5359 1023 5391 “
1053 5356 1202 5411 Joan.
1255 5375 1365 5416 ειν,
1403 5358 1455 5411 9.

1156 3428 1348 3482 lactant
1392 3429 1644 3498 scripsit,
1674 3445 1778 3498 qua
1814 3431 1910 3485 deo

1156 3519 1411 3588 claratur,
1452 3521 1578 3590 quia
1615 3537 1734 3574 cum
1777 3521 1914 3576 Deus

1159 3613 1245 3666 lux
1291 3612 1382 3678 sit,
1434 3612 1610 3665 nullas
1662 3613 1913 3670 tenebras

1160 3704 1318 3758 habet
1345 3705 1396 3757 in
1423 3705 1732 3774 semetipso.
1766 3705 1914 3761 Hanc

1159 3797 1626 3851 annuntiationem
1693 3807 1751 3853 et
1820 3813 1916 3853 vo-

1163 3892 1266 3956 bis,
1297 3892 1488 3961 inquit,
1523 3893 1818 3961 oll'crimus,
1861 3904 1919 3950 ut

1151 3987 1421 4051 eamdem,
1473 4004 1636 4056 quam
1682 4005 1802 4053 nos,
1850 3991 1916 4045 de

1159 4078 1266 4133 Deo
1291 4081 1614 4133 sententiam
1653 4081 1915 4148 habeatis,

1164 4190 1183 4222 ι
1211 4172 1464 4240 quoniam
1487 4171 1628 4227 Deus
1651 4173 1736 4227 lux
1763 4183 1865 4228 est.
1891 4192 1910 4224 ι

1161 4265 1272 4320 Lux
1293 4282 1421 4324 vero
1449 4277 1530 4322 est
1559 4268 1698 4322 Deus
1721 4268 1916 4324 intelli-

1157 4357 1336 4428 gibilis
1405 4371 1569 4427 atque
1635 4371 1913 4429 perpetua.

1159 4435 1302 4524 Nihil
1329 4451 1472 4506 enim
1493 4451 1747 4505 sensibile
1777 4466 1916 4504 sem-

1999 1976 2268 2031 cultorum
2334 1984 2494 2044 atque
2547 1976 2948 2031 tenebrosornm
2978 1985 3032 2029 et
3081 1975 3318 2030 omnium
3363 1992 3481 2044 quae
3508 1977 3586 2030 l'a-

2000 2068 2188 2123 cienda
2233 2075 2382 2132 sunt,
2425 2067 2578 2136 cujus
2618 2049 2842 2123 ulterius
2885 2068 2988 2121 erit
3027 2068 3286 2137 ignarus?
3325 2067 3439 2120 Non
3491 2069 3586 2122 lia-

2000 2158 2087 2214 bet
2128 2159 2291 2226 igitur
2331 2147 2767 2213 communionem
2809 2158 2923 2211 liaze
2958 2157 3046 2211 lux
3083 2156 3204 2210 cu'm
3251 2158 3587 2225 ignoratione

2001 2249 2432 2318 intelligibilium.
2479 2248 2631 2305 Unde
2671 2251 2931 2319 scriptum
2967 2261 3082 2305 est:
3123 2269 3142 2301 ι
3179 2250 3310 2316 Qua:
3349 2266 3588 2306 commu-

2001 2342 2090 2396 nio
2117 2341 2219 2396 luci
2250 2341 2324 2395 ad
2354 2341 2600 2397 tenebras
2621 2341 2700 2394 "?
2726 2362 2746 2394 ι

2000 2429 2063 2481 El
2112 2428 2168 2480 δὲ
2221 2427 2435 2500 εἴρηταί
2497 2445 2620 2491 που,
2682 2429 2762 2481 ὅτι
2840 2429 2895 2482 Si
2923 2429 3361 2484 voluntltzereticl
3388 2430 3587 2491 dicere,

2000 2526 2190 2588 σκότος
2269 2525 2592 2596 ἀποκρυφὴν
2666 2525 2767 2577 αὺ-
2843 2533 2900 2574 ut
2931 2523 3188 2592 derogent
3239 2524 3445 2585 deitati,
3479 2524 3591 2576 dis-

1998 2619 2093 2673 τοῦ
2121 2619 2219 2690 (l),
2251 2619 2438 2682 σκότος
2472 2622 2528 2672 ὲν
2555 2618 2766 2682 τούτοις
2837 2615 3061 2669 cordare
3153 2616 3432 2682 praesentia
3521 2614 3588 2668 ad

1999 2710 2213 2780 λέγεται
2255 2711 2288 2781 ή
2326 2712 2384 2764 ὲν
2417 2708 2764 2781 ἀκαταληψίᾳ
2839 2707 2988 2770 illud,
3028 2708 3171 2776 quod
3218 2707 3418 2761 dictqu
3465 2718 3585 2762 est:

2001 2783 2772 2872 dadpz:a.'A7vouv6‘emuIrr
2844 2818 2860 2849 ι
2899 2798 3086 2853 l'osnit
3117 2797 3363 2852 tenebras
3396 2800 3593 2853 latibu-

2001 2891 2371 2950 δυνατὸνεῖναι
2387 2893 2484 2965 τὴν
2500 2895 2768 2961 ἀσάφειαν
2841 2892 3030 2958 lum",
3061 2911 3079 2942 ι
3105 2875 3203 2945 hoc
3230 2903 3310 2945 est
3332 2892 3503 2957 Deus;
3537 2904 3593 2946 et
3651 2931 3657 2946 .

2003 2990 2067 3041 οὑ
2106 2989 2212 3059 μὴν
2251 2987 2348 3040 τοῦ
2375 2987 2545 3050 Θεοῦ,
2589 2987 2767 3055 φωτὸς
2842 2984 3008 3039 illud:
3058 3004 3075 3037 ι
3117 2983 3340 3037 Intravit
3383 2983 3592 3054 Moyses

2005 3079 2176 3142 ΰντος.
2841 3076 2893 3131 in
2921 3080 3135 3140 nubem,
3164 3077 3249 3130 ubi
3271 3090 3387 3130 erat
3415 3077 3593 3140 Domi-

2011 3185 2110 3223 tms
2135 3169 2212 3223 ⁹⁸;
2258 3187 2276 3220 ι
2311 3168 2486 3224 sciant
2555 3165 2806 3222 tenebras
2840 3167 2892 3220 itt
2926 3166 3010 3220 Itis
3041 3167 3346 3235 signilicare
3384 3167 3591 3220 incom-

2016 3259 2498 3326 prebensibilitatis
2544 3257 2661 3325 ejus
2723 3257 3136 3312 obscuritatem.
3191 3257 3318 3311 l‘oss
3341 3257 3446 3311 bile
3514 3267 3597 3311 est

2015 3364 2246 3417 namque
2297 3364 2392 3418 per
2451 3350 2810 3419 ignorantiam
2846 3359 3084 3402 nostram
3142 3351 3409 3403 rationum
3459 3350 3597 3404 lianc

2017 3442 2130 3495 lieri
2167 3440 2320 3496 nobis
2353 3440 2758 3503 obscuritatem,
2798 3455 2903 3492 non
2963 3441 3014 3492 in
3053 3439 3181 3501 Deo,
3231 3441 3320 3508 qui
3370 3441 3458 3494 lux
3488 3451 3592 3498 est.

2014 3534 2148 3604 Ipsis
2195 3547 2407 3601 quoque
2461 3532 2804 3586 sermonibus
2856 3531 3246 3584 advertendum
3295 3541 3409 3597 est,
3465 3536 3594 3603 quia

2017 3628 2157 3682 idem
2185 3625 2455 3695 signiﬁcat
2496 3626 2567 3688 id,
2615 3623 2756 3692 quod
2796 3623 3000 3677 dictmn
3033 3632 3136 3685 εει,
3187 3622 3240 3675 ἱιι
3276 3625 3510 3680 tenebris
3539 3637 3594 3682 et

2017 3721 2157 3775 nube
2182 3735 2276 3775 seu
2315 3718 2546 3788 caligine
2582 3717 2751 3771 Deum
2781 3731 2920 3777 esse,
2961 3723 3011 3768 et
3041 3713 3321 3769 latibu!um
3356 3733 3511 3771 suum
3541 3718 3594 3772 in

2017 3812 2256 3866 tenebris
2287 3811 2547 3880 posuisse,
2575 3810 2715 3878 quod
2744 3807 3144 3877 significaretur
3169 3822 3234 3860 ex
3269 3807 3349 3860 bis
3381 3808 3590 3862 verbis:

2023 3923 2042 3956 ι
2075 3904 2140 3958 Ει
2169 3902 2403 3958 tenebre
2444 3902 2498 3955 in
2531 3915 2596 3955 eo
2633 3914 2739 3953 nou
2774 3906 2902 3952 sunt
2943 3898 3082 3954 ullie.
3126 3916 3144 3950 ι
3179 3895 3236 3950 ιιι
3281 3898 3398 3965 ipso
3434 3897 3595 3968 igitur

2019 4010 2123 4048 no
2155 4001 2282 4048 sunt
2315 3991 2574 4056 tenebrae,
2601 3990 2727 4061 quia
2773 4004 2944 4059 neque
2979 3999 3184 4044 naturae
3236 3990 3351 4058 ejus
3386 3999 3468 4044 est
3497 3991 3595 4046 has

2018 4086 2247 4141 habere:
2276 4085 2390 4154 ipse
2422 4098 2549 4138 vero
2579 4083 2629 4136 in
2658 4082 2896 4137 tenebris
2925 4094 2979 4135 et
3018 4080 3248 4152 caligine
3286 4098 3409 4136 esse
3441 4083 3591 4137 vide-

2017 4187 2105 4234 tur
2145 4179 2326 4242 nobis,
2363 4176 2548 4246 utique
2597 4173 3138 4244 comprehensionem
3177 4175 3296 4243 ejus
3343 4189 3450 4229 nou
3499 4175 3596 4230 lia-

2018 4269 2286 4333 bentibus,
2317 4267 2469 4337 cujus
2495 4265 2812 4322 substantia:
2847 4279 2968 4320 esse
3000 4274 3273 4318 noscatur.

2089 4360 2255 4415 Vens.
2296 4359 2350 4413 8.
2394 4378 2413 4412 ι
2449 4359 2506 4413 Si
2535 4358 2829 4413 dixerimus
2867 4357 3184 4412 societatem
3227 4358 3425 4414 habere
3468 4375 3592 4414 cum

2017 4470 2102 4520 eo,
2135 4465 2186 4508 ει
2219 4455 2270 4508 in
2298 4453 2536 4509 tenebris
2565 4451 2928 4516 ambulamus,
2960 4452 3280 4515 mentimur,
3310 4461 3362 4504 et
3386 4468 3490 4505 non
3517 4453 3596 4505 fa-

1159 4554 1254 4608 per
1285 4551 1482 4594 manet.
1511 4539 1643 4594 lluic
1671 4541 1772 4593 luci
1797 4558 1918 4596 eon-
1947 4569 1993 4628 υ
2021 4547 2194 4600 cimus
2224 4546 2526 4609 veritatem,
2566 4561 2583 4594 ι
2614 4549 2668 4596 ει
2697 4541 2918 4611 reliqua.

1158 4630 1351 4685 trarias
1373 4645 1494 4685 esse
1528 4632 1799 4697 tenebras,
1832 4633 1911 4684 in-

1159 4722 1501 4793 telligendum
1529 4731 1636 4784 est,
1675 4739 1795 4791 qua:
1836 4733 1912 4778 te-

1159 4822 1339 4874 nebrae
1383 4819 1632 4888 ignorant
1669 4834 1819 4884 eum,
1855 4831 1912 4874 et

1157 4914 1368 4967 habitus
1421 4911 1716 4968 deteriores
1763 4921 1907 4966 sunt.

1156 5005 1290 5072 Quia
1328 5019 1456 5076 ergo
1491 5016 1677 5058 neutra
1702 5004 1909 5072 species

1161 5103 1522 5166 tenebrarum,
1556 5103 1656 5154 hoc
1677 5111 1776 5162 est,
1809 5116 1910 5156 nec

1161 5195 1484 5267 ignorantia,
1514 5192 1654 5248 nulla
1681 5193 1791 5263 (99)
1817 5209 1909 5248 ne-

1532 5359 1573 5389 "
1607 5357 1620 5410 Ι
1651 5357 1773 5410 Cor.
1809 5371 1846 5422 I,
1878 5355 1930 5406 9.

2091 4635 2354 4702 Quoniam
2398 4648 2520 4688 cum
2569 4635 2708 4687 Deus
2752 4631 2844 4686 lux
2893 4631 2985 4696 sit,
3029 4631 3144 4686 sine
3186 4630 3595 4702 participatione

2017 4728 2256 4783 Omnium
2300 4725 2644 4779 tenebrarum
2677 4733 2782 4786 est,
2823 4735 2878 4777 et
2923 4722 3125 4776 nullam
3157 4726 3589 4777 communionem

2019 4838 2141 4876 cum
2170 4821 2249 4874 eis
2284 4817 2464 4880 habet,
2495 4817 2586 4887 qui
2619 4832 2681 4870 ex
2718 4817 2832 4885 ejus
2862 4815 3196 4868 illumittatur
3227 4815 3364 4880 luce,
3398 4818 3590 4867 ambu-

2019 4917 2093 4969 lat
2120 4915 2170 4968 iu
2192 4913 2390 4966 lumine
2414 4911 2711 4965 secundum
2740 4908 2898 4962 verba
2939 4906 3107 4976 ipsius
3142 4904 3465 4970 Salvatoris,
3505 4904 3590 4957 di-

2021 5007 2229 5064 centis:
2271 5022 2290 5056 ι
2324 5005 2500 5057 Donec
2521 5003 2698 5056 lumen
2731 5001 2961 5063 habetis,
2989 4998 3262 5052 ambulate
3289 4999 3340 5050 in
3369 4998 3590 5062 lumine,

2018 5114 2085 5154 ne
2128 5112 2223 5153 vos
2270 5095 2504 5150 tenebrze
2548 5092 3013 5161 comprehendant
3057 5091 3134 5154 ’9;
3183 5107 3202 5140 ο
3257 5099 3310 5142 ει
3351 5088 3543 5145 iterum
3572 5103 3590 5140 :

2021 5211 2040 5242 ι
2077 5191 2188 5261 Ego
2219 5204 2336 5243 sum
2372 5185 2456 5238 lux
2493 5183 2674 5236 mundi
2701 5200 2716 5248 ;
2741 5183 2831 5250 qui
2861 5197 2947 5237 mc
2976 5181 3235 5250 sequitur,
3270 5193 3322 5231 ut
3342 5195 3372 5231 ιι
3402 5178 3595 5230 ambu-

2007 5353 2052 5382 "
2086 5349 2240 5404 Joan.
2280 5363 2373 5412 vu,
2405 5347 2493 5400 18.
2569 5344 2614 5375 ’³
2650 5342 2805 5396 Rom.
2847 5355 2922 5402 Ix,
2959 5340 3038 5392 ll.
3091 5339 3147 5412 _"
3178 5336 3319 5391 l’sal.
3357 5351 3464 5412 xci.

327 5429 372 5459 π
409 5406 542 5480 uni.
573 5406 747 5489 "129;:
792 5406 876 5458 λε’·
902 5406 1304 5491 ο.ιιι.ἰιῖι,ἰ·ἔ.’
1327 5406 1384 5458 ’δ’
1407 5406 1846 5494 ιιαυτξνῇιλῗ
1883 5427 1898 5456 ι

2009 5423 2094 5476 sal.
2120 5436 2251 5485 xvtt,
2275 5406 2371 5472 1⁸2(
2430 5417 2476 5449 ³⁸
2501 5417 2670 5470 EyoJ.
2709 5430 2795 5476 xx,
2829 5412 2918 5464 2|.
2997 5412 3039 5441 ’θ
3081 5407 3237 5463 Joau.
3268 5406 3588 5473 χιι,ρόε›,56.

400 5607 507 5676 (96)
540 5604 646 5660 1)το
669 5608 1002 5668 iudicatioue,
1034 5607 1171 5676 quod
1198 5605 1462 5658 (ἶειΙΙιιιιιΙιὶ
1497 5612 1601 5666 εει,
1636 5607 1893 5673 scriptum

330 5689 482 5733 antea
519 5677 982 5748 fuitjudicatiouc.
1011 5680 1066 5732 ln
1089 5677 1272 5732 eodem
1297 5687 1566 5730 commate
1603 5683 1722 5741 pust
1755 5686 1893 5737 ειιιιι,

332 5762 547 5816 repone,
582 5764 756 5812 super.

401 5817 513 5884 (97)
541 5816 752 5882 Melius,
781 5819 1018 5872 athletas.

2080 5599 2193 5672 (98)
2214 5598 2388 5652 Nexus
2413 5595 2799 5672 sententiarum
2821 5592 3018 5672 tingi-tat
3044 5603 3101 5645 ut
3126 5591 3438 5659 interponas
3463 5606 3586 5644 non.

2079 5664 2191 5738 (99)
2224 5669 2384 5722 Ilecle
2408 5667 2740 5722 Gallantlius,
2784 5679 2870 5714 unc
2896 5664 3021 5738 ulla,

2081 5729 2425 5807 (lillespn-it
2471 5739 2643 5788 locum
2682 5738 2764 5788 l's.
2807 5748 2933 5794 λιιι,
2973 5733 3054 5792 ll,
3091 5734 3181 5783 zz".
3211 5730 3357 5783 ἔθετο)
3402 5729 3589 5791 σκότος

2014 5809 2336 5881 ἁπτικρνφὴν
2367 5808 2549 5862 αὑτοῦ.
