4118 6432
542 433 685 493 1Ἶί9

1777 412 2016 470 DlDYMl
2054 403 2524 467 ALEXANDRINI

3674 373 3830 433 i780

542 551 626 609 lat
652 552 705 606 in
731 544 988 612 tenebris,
1023 542 1117 599 sed
1137 539 1359 597 habebit
1383 536 1559 591 lucem
1589 532 1709 588 vitae
1734 532 1775 586 '.
1806 551 1826 583 ι
1866 527 2120 598 Quisquis
2150 576 2156 588 ,

2264 523 2535 581 ινώσκειν,
2579 512 2849 612 ῳφανιροῦ
2888 511 2978 612 ὅγε
3048 524 3178 596 ειυς,
3231 515 3486 575 mandata
3534 510 3658 581 ejus
3709 523 3833 564 non

550 645 693 700 enim
752 637 1025 711 peccando
1076 635 1135 688 in
1170 629 1409 688 tenebris
1451 623 1732 680 ambulans
1783 621 2004 686 dixerit,
2062 632 2122 674 se

2221 632 2315 679 τος
2372 616 2438 668 ὲκ
2510 608 2605 664 τοῦ
2674 604 2973 678 προκειμὲ-

3051 627 3295 676 servans,
3337 622 3461 664 eum
3510 617 3573 659 se
3613 600 3834 656 habere

1034 725 1233 781 habere
1262 735 1359 791 per
1387 716 1727 789 participium
1754 714 1893 784 apud
1934 710 2125 776 Deum,

2261 722 2338 758 ουρ
2372 703 2509 772 Φησὶ
2544 699 2670 770 γάρ’
2720 697 2819 750 Ἐν
2846 693 2982 748 τούσ
3054 703 3357 763 conﬁrmat.
3390 693 3632 764 Utraque
3668 689 3832 746 enirn

554 835 609 881 et
638 831 816 880 mente
847 834 951 875 non
983 828 1104 873 esse
1128 810 1437 872 tenebrosa,
1472 806 1753 870 mentitur,
1783 818 1890 857 non
1921 800 2125 856 faciens

557 918 864 973 veritatem.
895 909 952 965 Si
981 907 1124 963 enim
1159 900 1361 957 veritas
1393 899 1552 953 rebus
1579 896 1710 964 ipsis
1750 892 2129 948 manifestatur

558 1024 658 1081 per
680 1020 776 1062 eos
803 1018 831 1057 a
867 998 1061 1070 quibus
1103 993 1304 1063 agitur,
1338 989 1391 1043 id
1421 995 1504 1041 est
1537 984 1699 1040 rebus
1742 982 1893 1053 ipsis,
1926 979 2131 1034 fallitur

559 1071 652 1170 qui
688 1108 790 1149 non
819 1089 946 1144 facit
976 1100 1060 1148 ea,
1089 1083 1213 1136 licet
1236 1092 1370 1150 pura
1404 1075 1550 1131 verbi
1583 1072 1881 1144 prolatione
1904 1071 2047 1124 dicat
2068 1081 2128 1121 se

561 1183 805 1248 conﬁteri
840 1176 1142 1233 veritatem.

630 1268 782 1327 CAP.
811 1264 877 1331 ll,
898 1277 1051 1317 VEnS.
1082 1261 1136 1327 5,
1157 1258 1211 1314 4.
1243 1276 1261 1310 ι
1293 1256 1348 1311 1η
1378 1257 1481 1311 hoc
1502 1254 1725 1320 scimus,
1750 1249 2005 1322 quoniam
2036 1261 2129 1302 co-

558 1363 1013 1438 gnovimuseum,
1039 1356 1081 1409 si
1108 1352 1359 1408 mandata
1387 1349 1505 1421 ejus
1527 1358 1832 1402 servamus.
1863 1340 1965 1408 Qui
1992 1336 2127 1394 dicit

560 1474 619 1515 se
648 1470 770 1512 eum
804 1451 964 1517 scire,
1000 1458 1055 1503 et
1086 1445 1337 1502 mandata
1372 1442 1488 1513 ejus
1530 1454 1635 1495 non
1663 1443 1866 1500 servat,
1904 1430 2134 1488 mendax

594 1559 662 1614 Si,
696 1565 716 1600 ι
751 1555 859 1601 etc.

594 1559 662 1614 st,
696 1565 716 1600 ι
751 1559 859 1601 etc.

558 1567 590 1606 θ
628 1640 703 1693 Τὸ
716 1635 1001 1708 γινώσκειν
1021 1633 1079 1686 ὲν
1095 1632 1163 1701 τῇ
1179 1627 1316 1699 Γρα-
1456 1619 1671 1679 Scieudi
1692 1633 1785 1675 seu
1804 1608 2147 1687 cognosceti—

562 1739 637 1808 φῇ
690 1705 925 1805 μᾶλισέα
972 1728 1075 1781 οὑκ
1123 1725 1211 1779 ἀεὶ
1255 1722 1317 1775 τὸ
1389 1717 1440 1772 di
1463 1729 1644 1771 sermo
1664 1714 1717 1767 in
1747 1710 2027 1778 Scriptura
2060 1705 2138 1758 (11ο

559 1803 886 1883 έτξῐσὲασθαι
944 1819 1130 1892 δηλοῖ,
1185 1813 1321 1870 ἀλλὰ
1394 1807 1516 1861 vina
1553 1803 1842 1875 przecipne,
1866 1813 1973 1853 non
1999 1812 2138 1851 sem-

2225 812 2308 860 τῳ
2347 793 2723 866 γινώσκομεν
2745 829 2760 855 ,
2824 802 2983 840 τουτ-
3057 798 3173 852 hate
3202 784 3564 861 signiﬁcantia
3599 797 3667 837 ex
3691 795 3838 851 pra:-

2227 886 2416 949 έστιν.
2468 879 2843 951 ἐπιστάμεθα.
2896 876 2988 931 ὅτι
3060 885 3303 944 sentibus
3366 879 3661 935 iudicatur.
3735 873 3838 930 an

2236 976 2585 1048 ἐγνώκαμεν
2622 972 2831 1030 αὐτὸν,
2868 971 2993 1023 ὲνω-
3064 977 3244 1033 enim:
3306 971 3372 1029 1η
3443 968 3540 1022 hoc
3601 966 3835 1027 scimus,

2229 1067 2577 1138 θέντεςαὺτῷ
2595 1065 2689 1120 καὶ
2707 1063 2996 1137 τηροῦντες
3066 1068 3172 1123 hoc
3211 1073 3317 1126 est,
3363 1059 3612 1116 notitiam
3662 1055 3837 1111 habeo

2229 1161 2394 1217 αὐτοῦ
2417 1158 2772 1224 τὰςὲντολάςε
2811 1154 2994 1225 ὐγὰρ
3069 1171 3209 1224 mus,
3265 1161 3322 1208 et
3377 1149 3658 1219 sequitur.
3701 1160 3839 1214 quo-

2234 1252 2311 1326 μὴ
2332 1252 2517 1324 τηρῶν
2544 1248 2734 1312 αὐτὰς,
2765 1245 2993 1317 φανερός
3068 1250 3214 1303 niam
3266 1242 3603 1314 cognovimus
3660 1251 3784 1290 sunt
3815 1273 3834 1297 ,

2232 1351 2382 1402 ἐστιν
2420 1346 2524 1413 ἔξω
2577 1344 2678 1414 τῆς
2741 1341 2992 1412 γνώσεως
3066 1342 3120 1395 id
3148 1347 3250 1404 est,
3292 1334 3427 1389 uniti
3462 1342 3518 1386 et
3547 1329 3837 1384 adhaercn-
3910 1362 3925 1375 .

2233 1443 2541 1515 τυγχάνων.
3071 1445 3153 1486 tes
3194 1430 3269 1495 ei,
3317 1436 3373 1483 et
3418 1426 3534 1495 ejus
3577 1421 3838 1477 mandata

2241 1513 2543 1590 servantes.
2592 1528 2725 1585 Nam
2784 1525 2874 1597 qui
2919 1537 3025 1579 non
3098 1527 3282 1577 servat
3345 1530 3445 1582 ea,
3503 1513 3679 1585 palam
3750 1517 3842 1568 est

2238 1626 2384 1698 quod
2413 1641 2441 1681 a
2467 1622 2691 1681 scientia
2721 1619 2812 1674 Dei
2853 1618 3064 1672 videtur
3087 1623 3402 1669 extraneus.

2326 1716 2418 1775 Sic
2435 1716 2579 1772 enim
2600 1712 2908 1768 sacerdotes
2924 1709 3016 1763 ﬁlii
3048 1705 3112 1760 11ι
3129 1705 3164 1759 li
3194 1702 3504 1759 nescierunt
3526 1696 3842 1761 Dominum,

2260 1824 2600 1882 nequaquam
2635 1805 2888 1861 mandata
2919 1800 3039 1872 ejus
3074 1804 3375 1860 servantes,
3410 1792 3536 1846 licet
3565 1788 3838 1844 haberent

563 1919 659 1973 καὶ
681 1916 743 1970 τὸ
767 1911 962 1985 πεῖράν
987 1866 1133 1971 έινοξ
1167 1908 1329 1976 ὲσχη-
1400 1913 1495 1969 per
1525 1866 1771 1951 notitiam
1803 1887 2145 1953 manifestat,

2261 1903 2554 1972 simplicem
2598 1897 2715 1966 ejus
2752 1889 3312 1964 comprehensionem,
3353 1898 3474 1941 cum
3517 1866 3845 1936 sacerdotes

564 2012 723 2068 κέναι
760 2008 858 2064 καὶ
893 2002 1135 2077 ἡνῶσθαι
1155 1997 1322 2069 αὐτῷ.
1400 1994 1503 2049 nisi
1522 1989 1956 2061 experimentum
1982 1983 2153 2037 alicu-

968 2108 978 2114 ·
1397 2086 1486 2156 jus
1519 2084 1720 2151 habere
1762 2078 1864 2143 rei,
1894 2085 1951 2131 et
1979 2073 2144 2137 uniri,

577 2207 833 2264 tanquam
862 2190 914 2245 in
948 2202 1035 2252 co,
1067 2183 1158 2254 qui
1196 2196 1302 2235 non
1350 2177 1507 2231 scivit
1548 2176 1851 2242 peccaturo,
1887 2175 1947 2218 ut
1990 2162 2149 2217 illud:

577 2307 597 2340 ι
632 2254 916 2353 Nunquam
967 2291 1063 2332 vos
1110 2271 1300 2343 agnovi
1330 2308 1346 2333 ,
1407 2262 1642 2336 operarii
1698 2256 2002 2329 iniquitatis
2044 2254 2087 2308 '.
2129 2270 2149 2303 ι

577 2345 868 2435 l‘eccatinn
896 2372 1041 2427 enim
1069 2364 1320 2430 nescivit,
1347 2374 1452 2416 non
1491 2355 1634 2426 quod
1656 2368 1763 2409 non
1788 2349 1973 2406 habuit
2004 2345 2155 2402 noti-

574 2473 704 2526 tiam
731 2467 859 2538 quiil
892 2470 1035 2518 esset
1061 2450 1363 2530 peccatum,
1396 2451 1490 2506 sed
1540 2447 1663 2517 quia
1692 2461 1798 2499 non
1829 2442 1956 2497 fecit
1985 2437 2149 2503 illud;

584 2568 868 2631 peccatum
899 2529 1132 2620 namque
1156 2561 1260 2600 non
1294 2542 1422 2596 fecit
1447 2539 1491 2603 ³,
1520 2538 1644 2592 licet
1666 2540 1919 2602 expertus
1948 2529 2017 2584 sit
2036 2542 2154 2582 om-

570 2629 659 2704 nia
696 2646 990 2704 secundum
1036 2632 1443 2695 similitudinem
1483 2629 1749 2699 {nostram
1796 2630 1995 2692 praeter
2030 2631 2157 2687 pec-

572 2751 754 2797 catum
780 2739 823 2789 ⁶.
850 2731 1155 2790 Secundum
1184 2727 1326 2780 hanc
1363 2717 1768 2777 similitudinem
1802 2709 1903 2784 (2)]
1938 2708 2030 2780 qui
2058 2721 2155 2761 cu-

571 2823 1093 2886 studitmandatum,
1122 2832 1229 2872 non
1259 2811 1535 2885 cognoscit
1554 2809 1773 2861 verbum
1805 2797 2152 2871 malignnm'.

579 2920 717 2974 Dicit
742 2925 918 2971 autem
949 2913 1063 2980 ipse
1099 2905 1259 2961 Jesus
1299 2898 1565 2972 cperariis
1598 2892 1934 2963 iniquitatis:
1962 2906 1981 2940 ι
2006 2888 2157 2941 Nun-

572 3025 734 3081 quam
764 3020 860 3061 vos
909 3000 1127 3072 agnovi,
1173 3016 1191 3049 ι
1229 2992 1541 3051 OStcndens,
1582 2984 1837 3055 quoniam
1879 2991 2154 3048 nunquam

574 3066 695 3159 cum
724 3115 793 3155 eo
826 3091 1130 3166 participati
1158 3096 1305 3152 sunt,
1337 3083 1532 3152 quibus
1560 3080 1663 3131 hoc
1690 3074 1993 3128 dicebatur.
2036 3066 2151 3121 Hoc

582 3195 741 3248 modo
777 3157 1007 3252 namque
1025 3157 1404 3246 accipiendum
1434 3177 1517 3223 est
1548 3177 1602 3221 et
1639 3162 1799 3218 illud:
1824 3180 1841 3211 ι
1875 3157 2026 3212 Tunc
2062 3171 2158 3209 au-

2255 1969 2439 2051 essent
2466 1992 2534 2049 ¹⁰.
2565 1987 2661 2044 His
2699 1987 2774 2042 ita
2819 1979 3217 2042 manifestatis,
3257 1975 3350 2046 qui
3398 1972 3511 2028 vult
3548 1969 3845 2027 scientiam

2256 2085 2455 2141 habere
2502 2079 2621 2144 Dei,
2676 2082 2832 2131 vacet
2875 2074 2943 2127 ab
2995 2068 3270 2132 omnibus,
3311 2077 3408 2134 per
3444 2075 3563 2131 qua:
3612 2057 3848 2112 minime

2256 2175 2506 2232 mandata
2554 2170 2647 2227 Dei
2705 2172 3010 2223 servantur.
3055 2160 3178 2214 llarc
3220 2157 3369 2212 enim
3411 2162 3539 2210 sunt
3585 2148 3849 2218 nequitia

2257 2265 2674 2332 materialesque
2703 2258 3007 2329 passiones.
3037 2252 3193 2307 Sicut
3223 2248 3392 2311 enim,
3430 2244 3681 2299 nesciens
3712 2254 3844 2309 pce-

2256 2369 2438 2415 catum
2467 2356 2627 2412 Jesus
2654 2364 2829 2422 neque
2867 2345 3110 2418 operatio
3155 2340 3478 2411 iniquitatis,
3515 2332 3851 2405 plenitudini

2257 2464 2361 2505 non
2390 2448 2672 2503 l'raudatur
2703 2443 2802 2512 (4),
2831 2453 2954 2496 cum
2994 2436 3072 2491 sit
3101 2433 3363 2505 sapientia
3390 2441 3446 2484 et
3473 2427 3676 2483 veritas
3718 2424 3843 2489 Dei,
3870 2480 3885 2490 ,

2260 2539 2357 2603 ita,
2391 2537 2639 2592 nesciens
2668 2529 2857 2602 jndicii
2897 2527 3063 2593 diem,
3102 2539 3209 2578 non
3240 2520 3535 2583 minuitur;
3573 2516 3698 2587 quia
3749 2529 3853 2570 ne-

2258 2645 2385 2700 quc,
2414 2626 2632 2698 quando
2668 2621 2866 2678 dicitur
2891 2617 3033 2671 Dens
3055 2614 3111 2668 in
3151 2610 3451 2682 Scripturis
3482 2607 3686 2663 sanctis
3709 2605 3856 2659 obli-

2258 2721 2391 2775 visci
2423 2729 2475 2773 et
2508 2715 2776 2787 paenitere
2802 2722 2858 2768 et
2884 2710 3069 2776 irasci,
3096 2707 3379 2764 divinitate
3402 2704 3684 2757 minuitur.
3725 2700 3853 2766 Quo

2258 2811 2406 2867 enim
2458 2809 2617 2864 modo
2651 2806 2739 2861 illa
2767 2807 3097 2876 panduntur,
3132 2801 3321 2857 eodem
3355 2807 3411 2853 et
3455 2797 3599 2867 quod
3634 2795 3851 2849 dictum

2258 2910 2343 2956 est
2372 2901 2438 2954 de
2476 2897 2662 2969 judicii
2705 2894 3041 2967 ignoratione
3093 2905 3181 2949 res
3218 2887 3679 2956 obliviscitur(3):
3706 2886 3864 2940 sicut

2262 2991 2435 3056 enim,
2473 3003 2593 3043 cum
2620 2986 2765 3044 Deus
2796 2987 2944 3043 solus
2974 2987 3044 3042 sit
3084 2984 3303 3056 sapiens
3342 2991 3398 3039 et
3424 2979 3707 3037 scientiam
3744 2977 3859 3032 ha-

2264 3081 2389 3137 beat
2412 3081 2680 3145 omnium,
2704 3077 2903 3133 oblivio
2928 3077 3199 3149 passibilis
3221 3085 3276 3132 et
3299 3072 3613 3146 ptenitentia
3637 3081 3733 3126 aut
3750 3070 3865 3125 ali-

2267 3173 2394 3243 quid
2420 3172 2729 3243 bnjusmudi
2765 3170 2817 3226 in
2847 3185 2911 3225 eo
2945 3182 3287 3239 nequaquam
3313 3165 3546 3226 exsistit,
3582 3179 3706 3216 cum
3746 3163 3865 3217 uti-

583 3230 740 3248 .........
777 3230 1005 3252 .._..--,_-

582 3298 688 3339 tem
748 3278 1139 3345 COgIIOSCCIlICS
1185 3267 1374 3326 Deum,
1431 3259 1602 3330 magis
1652 3265 1830 3310 autem
1882 3250 2081 3319 cogniti
2130 3265 2156 3300 a

2270 3278 2375 3331 que
2409 3264 2474 3316 de
2505 3276 2570 3316 eo
2614 3262 2866 3329 dispensa
2905 3230 3046 3313 vitae.
3072 3230 3157 3329 (6)-
3181 3257 3455 3311 dicantur.
3484 3253 3559 3307 Ita
3602 3266 3736 3322 ergo
3761 3267 3866 3306 sa-

597 3374 705 3427 Deo
731 3370 776 3437 ⁶,
804 3342 842 3420 ι-
857 3375 911 3421 et
933 3363 1060 3418 illud
1088 3377 1102 3414 :
1145 3377 1164 3411 ι
1191 3355 1349 3411 Novit
1376 3353 1634 3409 Dominus
1657 3349 1746 3418 Qui
1773 3346 1887 3414 ejus
1916 3352 2042 3398 sunt
2061 3342 2103 3396 '.
2138 3358 2157 3393 ι

589 3466 723 3537 Quia
751 3435 876 3517 vero
902 3467 958 3513 et
988 3469 1084 3525 pro
1114 3464 1272 3506 nosse
1301 3447 1379 3521 [et
1412 3447 1614 3499 dictum
1647 3454 1767 3496 esse
1798 3435 1899 3510 (5)]
1931 3435 2162 3506 positum

586 3524 670 3614 ὧι
695 3552 899 3612 sciendi
932 3524 1178 3611 verbum,
1207 3549 1392 3613 aperte
1430 3536 1642 3589 videtur
1672 3548 1737 3586 ex
1781 3545 1847 3585 eo
1889 3528 2032 3598 quod
2076 3524 2169 3580 di-

587 3660 733 3705 ctum
791 3652 913 3701 est:
945 3659 964 3693 ι
1008 3636 1275 3705 Quoniam
1334 3627 1560 3701 cognovi
1616 3630 1835 3696 peCcata
1893 3628 2095 3675 vestra.
2140 3632 2158 3665 I

598 3744 738 3797 Deus
761 3738 906 3793 enim
935 3732 1034 3787 scit
1068 3736 1310 3798 pecrata,
1338 3721 1463 3791 quia
1498 3717 1711 3771 illorum
1740 3711 1899 3768 habet
1926 3708 2067 3778 apud
2106 3718 2168 3762 se

582 3824 854 3889 notitiam.
902 3823 1015 3880 lluc
1062 3829 1282 3889 quoque
1319 3811 1476 3867 modo
1518 3804 1839 3863 sumendum
1881 3809 1967 3857 est
1999 3798 2165 3855 etiam

584 3927 748 3985 illud:
789 3942 807 3976 ι
844 3919 953 3974 Vos
988 3919 1119 3973 estis
1152 3912 1509 3984 justitlcantcs
1553 3919 1650 3960 vos
1681 3903 1828 3971 ipsos
1853 3912 2036 3953 coram
2071 3896 2169 3951 ho-

592 4010 850 4075 minibus,
894 4006 1035 4059 Dcns
1060 3983 1239 4056 autem
1282 3994 1563 4066 cognoscit
1588 3993 1750 4047 corda
1786 3996 1985 4043 vestra.
2024 4003 2044 4037 »
2084 3983 2170 4039 Sl-

593 4105 734 4159 milis
762 4102 926 4156 etiam
958 4094 1199 4150 veritatis
1227 4100 1312 4145 est
1340 4098 1394 4143 et
1420 4087 1579 4141 illud:
1613 4103 1631 4137 (
1659 4082 1851 4137 Sciens
1881 4089 2059 4134 autem
2081 4076 2170 4132 Je-

588 4213 683 4251 sus
714 4192 973 4248 malitiam
1004 4201 1190 4242 eorum
1220 4183 1263 4248 ⁸,
1306 4199 1325 4233 ι
1362 4189 1417 4235 et
1466 4177 1622 4233 illud:
1671 4192 1691 4227 ι
1742 4172 1933 4229 Sciens
1964 4170 2171 4241 cogita-

590 4290 766 4344 tiones
787 4283 1036 4339 eorutn'.
1077 4297 1095 4332 ι
1130 4277 1226 4333 llis
1261 4276 1332 4330 ila
1362 4272 1654 4336 distinctis,

584 4408 615 4460 6
661 4403 835 4471 λέγων
906 4393 1000 4451 οὖν
1049 4389 1345 4463 ἐγνωκέναι
1418 4385 1506 4457 qui
1536 4383 1665 4439 dicit
1686 4397 1744 4437 se
1765 4380 1903 4436 scire
1929 4378 2093 4433 Dcuan
2118 4382 2174 4430 et

586 4494 677 4544 τὸν
705 4488 869 4554 Θεδν,
911 4485 969 4537 ὲν
1020 4479 1099 4551 τῷ
1146 4481 1345 4533 ἀνακε·
1420 4479 1725 4551 copulatum
1768 4475 1838 4538 ei,
1884 4482 1939 4527 et
1971 4470 2172 4524 habere

588 4585 825 4661 χρᾶσθαι
884 4577 1029 4650 αὐτῷ
1074 4577 1170 4631 καὶ
1221 4588 1347 4643 μετ-

592 4684 733 4750 έχειν
801 4669 967 4728 αὐτοῦ
998 4710 1013 4733 ,
1083 4667 1347 4735 ἑπόμενον

592 4768 903 4838 ἀναγκαίως
920 4764 1031 4836 ἔχει
1049 4803 1062 4827 ,
1078 4761 1137 4814 τὸ
1158 4759 1346 4832 τηρεῖν

594 4837 758 4919 abso?»
809 4858 906 4923 τὰς
957 4852 1213 4916 ἐντολάς*
1269 4849 1350 4903 διὸ
1421 4846 1722 4907 custodiat;
1763 4840 2018 4911 quoniam
2074 4837 2177 4891 hoc

596 4957 688 5009 mi
733 4949 1076 5022 ἀντιστρέφει
1116 4944 1352 5016 ἑκάτερα.
1422 4951 1637 5008 tlttounc
1689 4934 2021 5002 reciprOCnm
2050 4936 2173 4992 rest,

595 5048 665 5103 τὰ
777 5016 1152 5114 σημαινόμξνα
1257 5032 1350 5086 τοῦ
1424 5032 1549 5084 dum
1591 5026 1810 5082 omnino
1855 5020 2176 5085 mentiatur,

1424 4757 1521 4819 bit,
1562 4764 1619 4808 ut
1661 4763 1715 4807 ct
1762 4749 1879 4819 ejus
1925 4746 2175 4801 mandata

2271 3353 2474 3422 pientia
2516 3361 2572 3405 et
2607 3351 2835 3405 veritate
2867 3349 2960 3404 Dei
2995 3348 3353 3420 ignorantiam
3393 3359 3498 3400 non
3536 3343 3865 3412 recipiente,

2272 3455 2495 3514 propter
2520 3442 2807 3512 quamdam
2840 3441 3129 3495 utilitatem
3169 3439 3382 3504 horum,
3411 3445 3465 3491 et
3496 3436 3636 3491 diem
3657 3435 3866 3505 jndicii

2272 3536 2472 3590 dicitur
2511 3534 2787 3604 ignorare,
2825 3546 3063 3599 quorum
3102 3528 3310 3600 singula
3350 3537 3539 3596 aperte
3581 3535 3869 3580 ιιιυιιειη-

2279 3626 2503 3686 buntur,
2531 3639 2652 3678 cum
2682 3622 2746 3676 de
2775 3622 2861 3676 his
2893 3620 3052 3676 fuerit
3083 3618 3294 3675 dicendi
3328 3618 3689 3689 proliositum.

2348 3716 2510 3770 Vnus.
2536 3715 2590 3769 5.
2628 3732 2647 3767 ε
2683 3712 2784 3780 Qui
2810 3712 3041 3767 custodit
3067 3713 3290 3766 verbum
3331 3709 3469 3779 ejus,
3503 3721 3629 3762 vere
3671 3707 3723 3760 in
3752 3705 3866 3761 hoc

2276 3806 2518 3863 charitas
2542 3804 2632 3858 Dei
2665 3802 2902 3873 perlecta
2929 3813 3032 3856 est.
3069 3820 3089 3854 ι
3126 3800 3192 3855 Et
3219 3799 3445 3870 reliqua.

2356 3919 2456 3987 Qui
2483 3933 2631 3982 vere,
2669 3932 2736 3973 ex
2781 3926 2888 3971 tota
2925 3915 3105 3970 anima
3156 3925 3210 3969 et
3239 3927 3305 3968 ex
3332 3919 3447 3966 toto
3479 3908 3644 3965 corde
3683 3907 3869 3979 diligit

2275 4013 2467 4077 Deum,
2512 4011 2632 4081 ejus
2660 4009 2872 4079 imperii
2901 4008 3065 4063 verba
3121 4003 3379 4071 custodit,
3429 4012 3484 4057 et
3509 4016 3571 4058 re
3605 3997 3721 4071 ipsa
3759 4015 3865 4055 co-

2276 4104 2563 4177 gnoscitur
2589 4100 2932 4156 dilectionem
2964 4098 3054 4154 Dei
3092 4097 3317 4162 habere,
3352 4110 3417 4150 ex
3454 4108 3561 4164 qua
3598 4089 3887 4161 reproba-.

2280 4207 2368 4252 tur
2391 4197 2507 4251 haec
2546 4193 2707 4249 modo
2731 4206 2917 4247 causa.
2953 4190 3054 4257 Qui
3085 4188 3227 4243 Deus
3275 4202 3399 4243 cum
3425 4190 3544 4256 ejus
3569 4192 3876 4240 servantur

2277 4291 2442 4348 verba
2476 4290 2721 4361 diligitur
2758 4286 2857 4360 (7),
2902 4295 2958 4355 et
3016 4288 3277 4355 probatur
3327 4297 3450 4339 eum
3506 4278 3725 4341 habere.
3767 4277 3873 4347 qni

2280 4386 2399 4454 ejus
2432 4379 2782 4453 cognoscitur
2835 4375 3089 4432 mandata
3148 4368 3393 4430 servare.
3426 4370 3580 4441 Quod
3614 4384 3744 4425 vero
3775 4369 3835 4424 di
3859 4403 3877 4413 -

2282 4475 2446 4529 lectio
2478 4487 2642 4528 causa
2679 4478 2763 4527 est
2788 4466 3186 4539 ejusservandi
3229 4465 3503 4531 mandata,
3540 4460 3876 4517 manifesta-

1422 4571 1761 4643 partieipiuin
1808 4567 1946 4637 ejus,
1993 4575 2177 4615 neces-
2212 4587 2253 4643 ι)
2285 4574 2378 4621 tur
2406 4581 2473 4621 ex
2505 4579 2587 4626 eo.
2620 4562 2764 4631 quod
2798 4562 3004 4615 dictum
3046 4570 3131 4615 est
3160 4573 3175 4611 :
3212 4576 3229 4609 ι
3268 4556 3324 4611 Si
3374 4557 3497 4627 quis
3548 4568 3632 4610 me
3666 4552 3876 4622 diligit,

1421 4666 1564 4720 sario
1589 4669 1986 4729 consequenter
2013 4654 2177 4709 habeo
2284 4671 2403 4713 mea
2434 4654 2682 4710 mandata
2709 4651 2948 4708 servabit
2975 4650 3039 4717 υ,
3071 4668 3090 4702 ι
3128 4658 3182 4705 et
3206 4664 3273 4702 cx
3304 4647 3396 4703 illo
3423 4664 3440 4705 :
3464 4650 3495 4698 ὀ
3534 4646 3592 4702 Si
3621 4644 3744 4715 quis
3775 4644 3870 4697 di-

2285 4749 2422 4820 ligit,
2459 4746 2681 4801 verbum
2720 4757 2898 4799 meum
2927 4741 3185 4807 custodit,
3220 4750 3274 4796 et
3304 4739 3463 4793 Pater
3496 4751 3647 4792 meus
3679 4735 3876 4806 diliget

2286 4853 2407 4893 eum
2444 4836 2509 4887 ⁸⁸.
2551 4852 2570 4886 ι
2613 4833 2710 4887 llis
2746 4833 2929 4902 itaque
2990 4836 3357 4886 consonanter
3409 4826 3700 4878 dicendum
3751 4834 3865 4890 est,

2288 4927 2462 4996 legem
2490 4934 2543 4979 et
2568 4924 2861 4994 prophetas
2914 4921 3150 4991 pendere
3183 4930 3282 4987 per
3315 4914 3567 4968 mandata
3611 4912 3877 4969 dilectio.

2296 5016 2469 5071 nis”.
2500 5017 2636 5083 Quia
2666 5030 2793 5067 vero
2837 5029 2868 5067 e
2910 5013 3122 5065 diverso
3170 5007 3440 5062 sententia
3489 5005 3555 5061 ad
3598 5021 3698 5060 nos
3731 5021 3877 5061 cou-

673 5146 867 5212 ‘Joan.
897 5168 1017 5216 vui,
1048 5152 1134 5204 l2.
1172 5149 1191 5179 ⁸
1213 5147 1341 5200 Luc.
1364 5140 1690 5216 xm,27._f-l
1722 5140 1944 5216 l‘etr.__n,
1968 5133 2058 5188 22.
2134 5135 2157 5163 ⁸
2179 5130 2339 5185 llebr.
2366 5147 2439 5196 Iv,
2463 5129 2548 5185 15.
2621 5130 2643 5161 ⁸
2668 5128 2825 5216 Prol;
2847 5141 2957 5185 χιε.
2981 5122 3084 5188 16;
3119 5122 3299 5177 Eccle.
3323 5137 3398 5188 vr,
3422 5121 3476 5177 5.
3521 5122 3541 5154 ⁸
3564 5119 3683 5176 Gal.
3712 5135 3763 5174 Iv
3809 5119 3873 5174 9-

1990 5209 2000 5216 .
2197 5201 2267 5216 [ιν
2368 5202 2411 5216 ι.
2445 5202 2458 5216 ι
2493 5203 2528 5216 ιι
2580 5215 2591 5216 γ
2628 5206 2688 5216 -_-
2847 5211 2938 5216 -,-.-
3044 5193 3083 5216 ιι
3130 5193 3250 5216 Ι-Α-.
3314 5209 3403 5216 ...η
3468 5191 3530 5216 ΔΕ
3660 5193 3702 5216 Il
3735 5191 3845 5216 :I.:.I

599 5231 618 5261 "
654 5228 694 5281 ll
736 5226 877 5280 Tim.
927 5211 1116 5284 11,19.
1206 5218 1228 5249 ⁸
1264 5216 1428 5269 Marc.
1460 5228 1554 5278 xu,
1595 5211 1680 5264 15.

600 5301 694 5356 25.
794 5294 838 5327 ⁸³
876 5291 1063 5347 Matth.
1114 5304 1242 5351 χχιι,
1271 5287 1363 5342 40.

676 5412 754 5483 (2)
780 5408 926 5474 Haec,
955 5423 984 5460 a
1013 5402 1353 5483 Bibliotlu'cis
1393 5396 1702 5482 Coloniensi
1736 5404 1790 5447 et
1835 5389 2177 5483 Lugdunensi

603 5461 885 5556 pci'pcl‘attt
914 5461 1149 5540 'omiSsa,
1196 5491 1258 5528 ex
1298 5470 1589 5526 l’arisicnsi
1642 5464 1916 5519 revocavit
1959 5461 2181 5515 Gallan-

607 5570 745 5608 tiillS.

680 5624 758 5689 (3)
799 5618 924 5673 Haec
956 5615 1182 5672 delenda
1216 5627 1431 5689 censeo.

588 5682 596 5693 ”
800 5671 1023 5751 Locum,
1059 5700 1217 5757 quem
1252 5676 1686 5757 llCtLGitiiilnliillS
1721 5672 1951 5753 sanavit,
1986 5671 2056 5725 ita
2092 5686 2182 5727 re-

612 5745 761 5813 stiini
786 5774 940 5825 posse
970 5745 1302 5825 putaverint:
1335 5750 1373 5804 S
1397 5760 1480 5801 rut
1499 5748 1635 5802 enim
1656 5745 1890 5825 nesciens
1912 5751 2179 5808 peccatum

611 5827 766 5884 Jews
787 5812 845 5877 'et
878 5812 1223 5888 ope-rationem
1264 5820 1571 5889 iniquitatis,
1613 5815 1934 5884 plenitudine
1964 5812 2177 5868 (divini-

615 5899 759 5956 tatis)
793 5912 891 5949 non
925 5894 1223 5946 fraudator.

1793 5210 1815 5240 '
1852 5197 2040 5259 Matth.
2066 5217 2164 5266 xu,
2197 5201 2289 5255 25.
2368 5202 2412 5234 ⁸⁸
2444 5202 2462 5253 1
2493 5203 2715 5268 llrg.‘tt,
2744 5197 2817 5250 22
2844 5211 2963 5265 sqq.

3044 5193 3084 5224 “
3120 5193 3276 5250 Joan.
3314 5209 3427 5258 xlv,
3467 5191 3554 5247 15.
3660 5193 3702 5222 ¹²
3734 5191 3875 5244 ibid.

2352 5386 2431 5459 (5)
2463 5383 2748 5459 Locusita
2795 5379 3191 5459 restituendus:
3233 5375 3351 5441 Quo
3389 5373 3528 5459 enim
3578 5368 3879 5459 modu‘t'lla

2282 5440 2593 5526 paiid'uiuur
2626 5456 2689 5507 de
2720 5453 2914 5526 judicii
2948 5440 3294 5526 ignoratione,
3326 5444 3502 5497 eodem
3538 5452 3585 5494 et
3618 5441 3756 5509 quod
3785 5440 3878 5492 dr-

2283 5520 2420 5580 ctum
2448 5539 2544 5589 est,
2586 5543 2663 5578 res
2704 5520 3026 5577 eburis-citur
3057 5520 3266 5581 (Duos).

2354 5595 2410 5668 (6
2418 5608 2433 5661 )
2465 5596 2792 5663 ιιι-κυιιιΙιιιιι,
2822 5596 3170 5657 dispensutire
3200 5581 3627 5668 (οξξςονομικῶς).

2474 5648 2685 5733 qua
2710 5648 3058 5735 rejirobtitttr.
3080 5698 3093 5711 .
3124 5700 3137 5713 .
3164 5697 3178 5709 .
3206 5648 3481 5723 ’Δίιὲυἰιιὶικ
3528 5648 3778 5735 “arctam.
3797 5648 3880 5703 le-

2290 5719 2494 5806 guntur
2524 5719 2607 5789 vei
2634 5719 2774 5800 apud
2813 5731 3180 5786 Gallandinin.
3208 5719 3373 5806 scnSn
3408 5734 3617 5776 carent.
3647 5719 3872 5785 Cunjeci

2290 5797 2539 5874 Equidem
2572 5820 2586 5853 :
2620 5797 2685 5857 ac
2712 5820 2815 5871 qua
2842 5818 2895 5853 re
2925 5803 3181 5874 probatur
3200 5797 3310 5849 Iure
3345 5797 3498 5845 modo
3528 5808 3717 5854 causa,
3744 5805 3875 5859 quia

2294 5868 2454 5942 mm,
2486 5891 2601 5927 cum
2621 5868 2747 5942 .je'ta
2780 5889 2963 5926 suum
2993 5886 3053 5922 ur
3078 5869 3251 5930 rubii,
3281 5868 3541 5933 diligitur.
