4118 6424
279 393 411 444 τῖκι

1219 383 1617 440 ΕΝΑῐιιιΑτιο
1655 383 1720 437 lN
1764 383 2151 440 EPISTOLAM
2193 388 2207 442 I
2251 387 2307 442 S.
2351 384 2656 441 JUANNIS.

3389 386 3527 442 £782

271 522 427 562 versa
463 505 752 559 accusabili
789 505 1019 559 ostendit
1049 518 1266 557 causam
1295 501 1635 572 probatione,
1671 500 1844 555 mani-
1875 503 1920 560 Α
1951 513 2080 554 vens
2130 501 2242 572 (l2)
2290 505 2362 556 ait
2394 522 2406 556 :
2447 522 2466 553 ι
2503 501 2716 564 Omnia,
2751 515 3082 570 quaecunque
3122 500 3304 566 vultis,
3352 510 3407 555 nt
3441 503 3515 556 fa-

274 603 407 656 teste
457 607 791 652 monstratur
847 612 912 651 ex
971 612 1056 660 eo,
1094 596 1233 665 quod
1269 596 1470 649 dictum
1507 603 1589 649 est
1622 609 1636 648 :
1669 613 1686 646 ι
1745 592 1845 661 Qui

275 692 438 746 habet
467 691 717 746 mandata
756 705 872 744 mea
917 699 971 743 et
1015 700 1198 744 servat
1228 705 1314 754 ea,
1372 690 1460 742 hic
1491 697 1598 752 est,
1631 687 1722 758 qui
1763 701 1848 740 me

271 782 447 852 diligit
493 781 560 846 “,
623 800 642 835 ι
682 781 844 836 simul
898 789 952 833 et
990 794 1054 833 ex
1092 779 1343 849 prasenti
1394 792 1669 841 sermone,
1705 776 1848 845 quod

274 873 479 925 dictum
514 879 633 926 est:
663 888 681 921 ι
719 870 818 937 Qui
862 869 1097 925 custodit
1134 867 1568 937 verbum.ejus,
1642 867 1694 920 in
1748 867 1850 920 hoc

273 963 512 1016 charitas
559 961 653 1016 Dei
685 961 936 1030 perfecta
992 971 1094 1019 est.
1128 980 1147 1014 ι
1183 959 1324 1016 Vere
1354 961 1651 1032 perfectam
1715 961 1849 1016 dile-

274 1056 506 1110 ctionem
558 1055 764 1119 dicens,
822 1069 916 1122 per
957 1069 1120 1124 quam
1175 1053 1310 1108 nihil
1365 1054 1633 1107 malorum
1683 1063 1850 1123 atque

275 1149 542 1202 tallaclum
576 1162 758 1202 rerum
795 1148 918 1218 quis
954 1146 1021 1201 ab
1071 1148 1172 1201 hac
1197 1146 1484 1202 dilectione
1515 1146 1715 1214 poterit
1760 1162 1847 1202 se-

272 1240 480 1310 gregari
515 1239 610 1309 (8).

346 1331 508 1386 γης.
535 1331 590 1384 7.
643 1350 660 1382 ι
707 1329 1065 1396 Charissimi,
1121 1345 1228 1384 non
1285 1344 1485 1384 novum
1539 1331 1846 1384 mandatum

272 1425 453 1477 scribo
485 1423 660 1489 vobis,
693 1423 787 1476 sed
842 1421 1155 1476 mandatum
1184 1430 1357 1490 vetus,
1408 1422 1552 1492 quod
1586 1422 1848 1477 habuistis

202 1583 210 1591 _
272 1517 338 1568 ab
377 1515 558 1580 initio,
588 1533 606 1566 ι
643 1523 754 1568 etc.

341 1605 476 1672 Quia
518 1605 658 1662 forte
685 1607 1021 1674 derogabant
1048 1605 1212 1674 aliqui
1238 1603 1582 1674 evangelista:
1610 1603 1687 1674 (9)
1723 1612 1849 1657 tunc

279 1697 560 1760 doctrinae,
619 1707 875 1764 tanquam
936 1697 1049 1750 heri
1081 1706 1136 1750 et
1165 1711 1336 1765 nuper
1379 1696 1628 1761 inceptat,
1667 1695 1844 1758 docet,

271 1787 396 1853 quia
423 1785 737 1840 mandatum
767 1785 980 1851 scribit,
1011 1801 1115 1839 non
1149 1793 1278 1840 tunc
1314 1783 1568 1853 primitus
1608 1781 1847 1837 homini-

271 1880 370 1932 bus
391 1878 597 1942 datum,
628 1876 722 1931 sed
757 1887 930 1950 vetus,
949 1876 1168 1945 etquod
1199 1876 1500 1946 antiquitus
1521 1873 1844 1928 habuerunt.

270 1967 512 2020 Priscum
552 1981 785 2034 namque
815 1967 1128 2019 mandatum
1164 1975 1248 2019 est
1296 1982 1309 2018 :
1365 1982 1383 2014 ι
1427 1963 1626 2034 Diliges
1666 1963 1847 2018 Domi-

271 2076 398 2113 num
428 2062 591 2113 Deum
623 2069 769 2111 tuum
797 2060 932 2121 “,et
957 2059 1284 2128 proximum,
1311 2058 1522 2112 sicutte
1552 2058 1720 2126 ipsum
1741 2057 1839 2120 ¹⁶;›

269 2149 524 2217 quoniam
562 2149 805 2200 auditum
848 2146 1026 2200 fuerat
1073 2147 1176 2200 hoc
1223 2147 1531 2200 mandatum
1569 2147 1695 2201 olim
1727 2158 1780 2201 et
1815 2161 1842 2200 a

271 2242 431 2310 longo
464 2242 572 2309 jam
604 2252 866 2310 tempore,
896 2243 1173 2312 sapienter
1196 2243 1476 2312 antiquum
1519 2251 1574 2296 et
1621 2240 1673 2294 in
1703 2241 1845 2297 noti-

272 2333 401 2386 tiam
439 2333 713 2386 hominum
740 2335 852 2402 jam
879 2337 1090 2389 veniSse
1121 2334 1464 2404 prmdicatur.

271 2424 434 2485 Ἴσως
468 2425 584 2494 ἐρεῖ
607 2441 709 2486 τις·
742 2424 868 2487 ΙΙῶς
895 2420 1007 2478 οἷόν
1088 2425 1295 2480 Poterit
1322 2436 1500 2479 autem
1531 2423 1645 2496 (ιθ)
1685 2423 1844 2478 aliter

267 2531 329 2566 τε
371 2517 485 2568 ἐστὶ
511 2519 650 2568 νοεῖν
687 2517 782 2586 τὴν
803 2534 1008 2588 γραφο-

271 2606 441 2678 μένην
490 2609 616 2678 περὶ
665 2609 884 2678 ἀγάπης
925 2611 1007 2660 ἐν·

267 2699 428 2770 στολὴν
488 2699 581 2751 ἀπ’
641 2699 813 2770 ἀρχῆς
867 2695 1008 2752 εἶναι

269 2794 363 2844 καὶ
392 2791 654 2860 ἢκοῦσθαι
681 2787 1008 2856 τούτοις,οἶς

265 2885 298 2952 ή
369 2882 658 2953 Ἐπιστολὴ
690 2883 960 2953 γράφεται
991 2901 1006 2948 ;

264 2977 368 3048 [Εἰ
420 2981 517 3047 μὲν
568 2981 675 3051 γὰρ
734 2982 1008 3044 Ἰουδαίοις

261 3075 442 3126 ταῦτα
495 3075 714 3143 γράψει,
782 3076 1008 3140 εἰκότως

259 3165 361 3235 τὴν
389 3168 515 3236 περὶ
543 3168 765 3236 ἀγάπης
792 3166 1008 3236 ἐντολὴν

259 3255 322 3304 οὐ
391 3254 581 3324 καινὴν
637 3251 774 3308 εἶναι
830 3274 1008 3327 φησι,

261 3348 435 3400 πάλαι
469 3348 578 3418 γὰρ
601 3349 768 3418 αὐτὴν
789 3349 878 3401 διὰ
901 3351 1009 3404 τῶν

261 3435 563 3506 προφητῶν
639 3439 1010 3508 ἐπηγγείλατο

262 3525 311 3596 (Ι
330 3527 430 3600 1).]
452 3530 513 3580 El
539 3529 596 3582 δὲ
625 3530 724 3584 οὐκ
771 3531 1012 3586 Ἰουδαῖοι

260 3612 429 3689 ἦσαν,
479 3620 556 3683 ὡς
609 3621 909 3692 παρίστησι
953 3625 1013 3678 τὸ

263 3709 423 3772 τέλος
493 3712 596 3782 τῆς
657 3715 1015 3786 Ἐπιστολῆς,

269 3803 475 3871 μήποτ’
509 3800 602 3857 οὖν
657 3807 844 3878 ἐντολὴ
911 3826 1017 3861 πα-

261 3890 396 3946 λαιὰ
414 3895 505 3947 καὶ
527 3898 622 3949 ἀπ’
638 3896 815 3967 ἀρχῆς
840 3898 1018 3970 ὑπάρ-

268 3998 445 4051 χουσα
521 3987 615 4039 καὶ
684 3988 817 4042 ἀκου
826 3989 1012 4044 σθεῖσα

261 4077 435 4130 πᾶσιν
489 4079 797 4146 ἀνθρώποις
863 4084 1011 4137 ἐστὶν

261 4168 295 4234 ἡ
329 4169 472 4222 κατὰ
506 4171 604 4234 τὰς
643 4171 881 4241 φυσικὰς
921 4176 1009 4226 ὲν-

259 4262 414 4326 νοίας
489 4263 676 4335 φιλικὴ
743 4267 1006 4334 διάθεσις,

263 4350 476 4418 Πάντες
505 4357 612 4428 γὰρ
645 4358 806 4426 φύσει
824 4360 931 4430 ἥμε
943 4377 1011 4431 ρα

259 4444 358 4494 καὶ
389 4447 686 4501 κοινωνικὰ
711 4449 825 4512 ζῶα
855 4449 1008 4516 ὄντες

258 4533 525 4601 ἀγαπῶσι
556 4539 680 4605 τοὺς
703 4541 951 4612 πλησίον.

1082 2519 1264 2572 dicere
1301 2533 1317 2572 :
1348 2517 1627 2584 Quomodo
1671 2520 1842 2586 possit

1084 2610 1309 2678 intelligi
1350 2610 1451 2662 hoc
1501 2610 1834 2676 mandatum,

1081 2702 1222 2767 quod
1251 2700 1514 2754 scribitur
1549 2701 1615 2755 de
1658 2701 1838 2756 chari~

1086 2799 1194 2844 tate
1259 2791 1512 2859 proximi,
1570 2791 1636 2845 ab
1684 2792 1838 2847 initio

1082 2897 1223 2947 esse,
1269 2893 1323 2936 ct
1360 2883 1428 2935 ab
1476 2882 1595 2947 eis,
1641 2885 1840 2952 quibus

1085 2988 1226 3026 nunc
1291 2973 1502 3039 scribit,
1548 2975 1839 3027 auditum?

1083 3078 1204 3114 cum
1236 3077 1340 3115 non
1371 3060 1565 3128 Judaei,
1603 3064 1696 3118 sed
1717 3080 1840 3134 gen-

1088 3153 1215 3206 tiles
1237 3163 1440 3214 essent,
1479 3155 1623 3208 sicut
1651 3164 1839 3209 osten-

1083 3244 1163 3297 du
1203 3243 1326 3298 linis
1385 3245 1675 3312 Epistolw;
1737 3230 1908 3301 hocc

1082 3335 1228 3387 enim
1279 3347 1533 3389 sermone
1573 3336 1837 3389 termina-

1091 3436 1178 3479 tur
1210 3441 1223 3477 :
1254 3444 1271 3477 ι
1323 3425 1523 3488 Filioli,
1570 3428 1842 3483 custodite

1088 3532 1181 3570 vos
1242 3517 1309 3570 ab
1363 3517 1538 3572 idolis.
1594 3537 1612 3570 ι
1687 3517 1840 3575 Unde

1086 3607 1538 3664 considerandum
1600 3620 1711 3675 est,
1776 3627 1840 3667 ne

1090 3699 1228 3753 forte
1292 3710 1444 3756 vetus
1525 3704 1837 3758 mandatum

1089 3793 1235 3848 dicat
1278 3805 1332 3849 et
1379 3796 1448 3850 ab
1500 3797 1653 3852 initio
1698 3800 1839 3852 exsi-

1090 3889 1417 3958 slens,quod
1444 3891 1607 3943 etiam
1635 3891 1700 3944 ab
1727 3905 1842 3945 om-

1094 3983 1250 4037 nibus
1286 3983 1598 4040 horninibus
1625 3995 1708 4039 est
1743 4002 1840 4039 au-

1083 4075 1278 4141 ditum,
1337 4077 1388 4131 id
1439 4087 1556 4144 est,
1609 4079 1841 4136 amabile

1085 4172 1339 4228 cﬂectum
1388 4191 1486 4245 per
1537 4179 1838 4234 naturalem

1083 4266 1428 4322 accedentem
1451 4283 1692 4324 sensum.
1713 4269 1840 4326 Om-

1085 4372 1182 4412 nes
1232 4360 1378 4412 cnim
1436 4361 1686 4417 homines
1715 4380 1838 4419 cum

1082 4452 1192 4505 sint
1210 4454 1534 4509 naturaliter
1559 4469 1837 4514 mansueta

1951 594 2099 648 ciant
2134 594 2282 649 vobis
2316 596 2579 658 homines,
2642 603 2697 648 et
2748 608 2841 647 vos
2894 594 3054 648 facite
3113 594 3363 649 similiter
3394 594 3459 648 ιτ.
3504 612 3524 646 ι

1959 684 2092 738 Cum
2134 687 2285 751 dicit,
2341 694 2495 739 vetus
2547 699 2666 738 esse
2721 685 3054 747 mandatum,
3121 685 3359 738 ostendit
3423 699 3527 738 non

1956 776 2105 840 illud,
2154 778 2294 847 quod
2336 778 2452 846 ejus
2489 777 2594 830 alio
2634 791 2693 830 se
2726 776 3046 830 succedente
3092 775 3226 846 (l3),
3263 777 3402 830 sicut
3448 785 3530 830 est

1959 871 2251 926 secundum
2307 872 2542 926 litteram
2600 878 2978 925 testamentum
3008 870 3160 939 legis.
3195 869 3324 936 Quae
3365 870 3530 938 igitur

1953 965 2051 1019 ista
2092 974 2218 1019 sunt
2248 964 2468 1020 vetera?
2497 963 2611 1017 Non
2659 970 2876 1032 propter
2911 971 3144 1032 tempus,
3185 973 3236 1015 et
3277 962 3418 1029 quod
3448 961 3528 1015 eis

1951 1056 2018 1110 ab
2063 1055 2183 1111 aliis
2231 1055 2575 1116 succedatur,
2609 1064 2790 1108 vetera
2828 1053 2907 1107 sic
2935 1053 3208 1114 dicuntur.
3257 1053 3349 1108 sed
3382 1053 3524 1122 quod
3569 1065 3584 1088 ι

1953 1148 2173 1217 antiqua
2216 1147 2325 1201 sint
2367 1157 2422 1201 et
2469 1161 2574 1198 non
2613 1143 2772 1197 modo
2812 1143 2987 1212 primo
3041 1153 3239 1212 empta.
3274 1144 3353 1198 Ad
3388 1145 3526 1197 hanc

1950 1239 2397 1309 signiﬁcationem
2440 1236 2754 1291 referendus
2777 1247 2861 1291 est
2895 1244 2948 1289 et
2972 1235 3241 1304 Antiquus
3277 1234 3484 1289 dierum
3511 1277 3526 1298 ,

1949 1331 2038 1400 qui
2069 1328 2346 1400 propheta
2391 1336 2725 1382 monstratus
2764 1337 2847 1381 est
2877 1326 2944 1380 ’⁸.
3001 1327 3108 1381 Sed
3159 1336 3214 1380 et
3265 1325 3376 1394 jam
3422 1326 3527 1392 his,

1949 1419 2039 1490 qui
2081 1419 2193 1489 (14)
2217 1419 2555 1489 propositmn
2586 1417 2749 1471 habet
2775 1414 3186 1470 cominendandi
3218 1422 3526 1482 pra-sentio.

1951 1514 2016 1564 de
2046 1510 2342 1588 dilectione
2367 1509 2622 1579 proximi,
2658 1509 2960 1578 antiquitus
2991 1523 3019 1559 a
3047 1506 3246 1578 Moysis
3271 1507 3528 1576 tempori-

1952 1603 2050 1656 bus
2085 1602 2394 1657 inchoatmu
2432 1603 2585 1664 dicit,
2621 1617 2741 1654 cum
2773 1600 3087 1654 mandatmn
3109 1613 3157 1653 et
3192 1610 3413 1669 propter
3440 1617 3530 1651 an-

1956 1693 2276 1761 tiquitatem,
2315 1709 2419 1747 non
2456 1703 2676 1763 propter
2705 1693 3106 1748 successionem
3147 1702 3300 1746 vetus
3338 1692 3530 1746 fuisset

1951 1782 2177 1838 dictum.
2204 1783 2322 1838 Non
2363 1785 2507 1840 enim
2542 1785 2723 1840 omnia
2780 1784 3052 1852 mandata,
3085 1800 3204 1852 qua:
3229 1783 3280 1837 in
3305 1783 3525 1852 antiqua

1879 1856 1920 1909 Β
1953 1871 2236 1944 Scriptura
2269 1877 2604 1942 referuntur,
2635 1876 3034 1944 praeterierunt,
3085 1875 3206 1931 aliis
3233 1875 3525 1929 succeden-

1948 1968 2114 2023 tibus.
2156 1966 2382 2038 Semper
2414 1969 2614 2023 etenim
2651 1972 2890 2033 man‘ent,
2923 1969 3080 2023 sicuti
3106 1982 3361 2036 prtesens,
3388 1968 3528 2021 etde

1950 2063 2152 2116 honore
2185 2072 2496 2132 parentum,
2531 2071 2586 2116 ct
2619 2060 2926 2129 huiusmodi
2990 2060 3245 2113 mandata
3301 2057 3524 2118 similia,

1947 2154 2072 2207 du'm
2104 2153 2387 2222 ﬁgurativa
2431 2153 2794 2218 solummodo,
2822 2163 2876 2208 et
2909 2169 3028 2222 quae
3058 2161 3183 2206 sunt
3219 2151 3525 2204 futurorum

1947 2245 2150 2299 umbra:
2183 2245 2531 2300 transierunt.

2020 2335 2186 2391 Vens.
2223 2336 2310 2403 15,
2342 2337 2431 2392 16.
2479 2357 2497 2389 ι
2539 2337 2714 2392 Nolite
2743 2337 2968 2407 diligere
3015 2336 3294 2400 mttndum,
3331 2353 3431 2390 nec
3463 2351 3528 2391 ea

1945 2443 2063 2498 qua:
2098 2437 2222 2482 sunt
2255 2429 2307 2482 in
2343 2427 2562 2482 mundo.
2606 2427 2663 2482 Si
2721 2429 2844 2496 quis
2879 2428 3055 2498 diligit
3105 2430 3385 2491 mundum,
3419 2443 3526 2481 non

1943 2533 2029 2575 est
2065 2521 2306 2575 charitas
2334 2520 2510 2574 Patris
2542 2522 2593 2574 in
2619 2536 2703 2575 eo.
2741 2520 3010 2587 Quoniam
3056 2535 3238 2586 omne,
3275 2522 3419 2590 quod
3444 2529 3529 2576 est

1945 2610 1997 2664 in
2033 2610 2250 2676 mundo,
2281 2610 2712 2680 coneripiscentia
2743 2611 2925 2664 carnis
2965 2621 3067 2675 est,
3106 2630 3124 2662 ι
3154 2621 3258 2665 ctc.

2015 2699 2282 2765 Quoniam
2315 2699 2566 2753 amicitiae
2603 2710 2726 2753 sunt.
2759 2715 2886 2769 erga
2931 2702 3117 2762 Deum,
3158 2701 3229 2755 ita
3277 2711 3328 2755 ut
3359 2741 3372 2764 ,
3432 2703 3527 2770 qui

1948 2790 2184 2845 voluerit
2213 2805 2335 2845 esse
2385 2791 2591 2856 mtmdi,
2641 2793 2892 2846 inimicus
2926 2793 3286 2846 constituatur
3335 2794 3424 2848 Ι)ρί
3459 2794 3523 2856 ¹⁹,

1946 2895 2290 2946 consequens
2322 2890 2403 2934 est
2431 2896 2582 2950 ergo,
2608 2882 2698 2951 qui
2739 2883 2969 2937 voluerit
3005 2885 3213 2938 amicus
3249 2900 3368 2937 esse
3406 2884 3522 2948 Dei,

1945 2973 2102 3026 itaut
2137 2973 2333 3027 habeat
2368 2975 2420 3026 in
2459 2975 2749 3044 semetipso
2779 2976 3104 3030 charitatem
3141 2977 3277 3044 ejus,
3308 2979 3523 3032 recedat

1944 3077 1976 3116 a
1996 3063 2260 3117 charitate
2290 3065 2496 3127 mundi,
2518 3075 2570 3117 et
2593 3079 2713 3132 quac
2738 3067 2790 3119 in
2821 3082 2885 3121 eo
2916 3076 3060 3121 sunt.

1954 3185 2021 3193 —
2048 3151 2183 3208 Εἶτα
2220 3156 2295 3226 μὴ
2339 3156 2448 3227 (15)
2501 3158 2696 3228 νομίσῃ
2771 3157 2846 3213 Ne
2877 3161 3000 3228 quis
3031 3171 3208 3216 autem
3244 3173 3422 3232 putet,
3457 3182 3525 3221 ex

1941 3266 2024 3310 τις
2067 3250 2129 3301 τὸ
2189 3250 2475 3322 σύστημα,
2529 3253 2590 3304 τὸ
2635 3252 2695 3315 ἐξ
2769 3270 2833 3308 eo
2861 3257 3000 3324 quod
3039 3257 3196 3322 dixit,
3243 3263 3523 3326 mundum,

1916 3341 2174 3411 ,οὐρανοῦ
2204 3344 2299 3394 καὶ
2469 3346 2572 3415 γῆς
2599 3347 2693 3398 καὶ

1941 3437 2051 3489 τῶν
2093 3437 2150 3490 ἐν
2191 3438 2376 3501 αὐτοῖς
2420 3439 2690 3506 παρίστα-

1945 3536 2068 3591 σθαι
2131 3536 2404 3601 ἐνταῦθα,
2468 3539 2531 3592 ἐκ
2591 3540 2691 3610 τῆς

1944 3634 2150 3703 κόσμου
2189 3634 2374 3704 φωνῆς
2415 3635 2692 3705 ἡρμήνευ-

1946 3745 2026 3792 σε,
2050 3728 2174 3780 τίνα
2195 3728 2264 3782 τὰ
2292 3730 2349 3781 ἐν
2380 3729 2530 3800 αὑτῷ
2558 3747 2688 3798 τυγ-

1944 3825 2116 3895 χάνει,
2155 3826 2240 3879 ἵνα
2271 3827 2554 3898 ἑπομένως
2598 3831 2690 3882 καὶ

1945 3918 2098 3971 αὐτοὶ
2158 3919 2269 3989 (16)
2333 3920 2680 3990 ἐκλάὸωμεν.

1948 4010 2102 4062 Ἔστι
2127 4010 2303 4063 τοίνυν
2332 4011 2402 4065 τὰ
2447 4013 2505 4065 ὲν
2539 4011 2686 4085 αὐτῷ

1943 4101 2198 4173 ἐμπαθὴς
2228 4103 2323 4154 καὶ
2366 4102 2526 4174 ὑλικὴ
2569 4105 2687 4158 διὰ-

1945 4192 2112 4256 θεσις,
2181 4211 2248 4263 cr,
2258 4195 2564 4266 μαινομένη
2621 4197 2688 4249 δι’

1943 4281 2241 4352 ἐπιθυμίας
2297 4285 2535 4356 σαρκὸς,
2592 4287 2690 4358 τῆς

1946 4392 2007 4428 στ
2016 4377 2383 4447 ρατευομὲνης
2419 4377 2564 4430 κατὰ
2590 4379 2688 4449 τῆς

1943 4468 2119 4538 ψυχῆς
2148 4497 2219 4508 —-
2248 4471 2342 4522 καὶ
2393 4470 2689 4542 ὀφθαλμῶν

1082 4555 1138 4599 et
1188 4549 1494 4602 communia
1549 4553 1834 4620 animalia,
1870 4579 1916 4638 η
1945 4559 2148 4629 ὄρεξις.

1078 4637 1310 4706 diligunt
1343 4642 1644 4708 proximos.

266 4713 420 4774 Unde
460 4722 710 4778 Salvator
758 4726 824 4778 ad
883 4726 1024 4780 lnmc
1075 4730 1380 4783 naturalem
1441 4734 1691 4790 allectum
1726 4754 1837 4792 mo-

336 4857 378 4887 ”
403 4859 560 4913 Joan.
587 4877 699 4924 HV,
725 4861 816 4917 2|.

258 4935 336 4987 ιν.
384 4929 434 4980 ι.
518 4933 584 4962 ⁵³⁸
609 4933 768 4988 Prov.
797 4949 868 4999 vt,
898 4933 988 4988 25.

897 4864 938 4894 ⁸⁵
967 4865 1118 4918 Deut.
1155 4881 1225 4930 vr,
1269 4867 1320 4920 5.

332 5079 410 5164 (8)
439 5083 861 5164 Ita_G:il_landius
888 5091 1312 5164 exconjectura.
1365 5093 1619 5164 angaris
1664 5099 1823 5153 lectio

256 5161 446 5232 aperte
480 5156 749 5232 falsahtcc
775 5169 877 5223 est,
906 5156 1175 5232 [alludunt
1200 5180 1339 5232 eum,
1369 5156 1544 5232 quiuab
1569 5167 1666 5220 hac
1694 5170 1827 5223 dile-

253 5221 650 5294 ctioneipoleria
679 5221 959 5294 segregari.
1004 5231 1109 5286 Nec
1142 5243 1320 5287 tamen

1401 5236 1471 5293 al.
1508 5238 1636 5292 mil-ti
1666 5241 1825 5294 satis-

253 5284 407 5375 fecit:
438 5284 702 5375 ’Yidcntnr
732 5284 908 5375 aliqua
938 5284 1608 5375 «ἔδει,εἶεέᾷἙὲεέίόἀὶἱὲἔξ

327 5357 406 5424 (9)
435 5360 602 5437 Cave,
641 5381 706 5418 ne
734 5357 982 5437 Basnagii
1033 5357 1272 5425 errorem
1299 5357 1822 5437 erressvo'c’abnlum

247 5431 627 5506 evangelium,
691 5431 1077 5506 nominativmn
1135 5439 1390 5504 pluralem
1456 5431 1828 5506 essetemet‘e

247 5502 532 5581 opinantis
567 5505 924 5581 atquelocum
959 5502 1198 5559 nostrum
1222 5509 1345 5581 inde
1382 5515 1618 5581 graviter
1648 5502 1823 5574 inore;

245 5569 448 5658 parntis.
482 5569 768 5655 Sententia
800 5575 956 5656 plana
997 5586 1097 5658 est,
1146 5579 1302 5632 modo
1339 5569 1823 5658 tc‘ileasp'etioiripé-

239 5628 547 5715 (isttynesse
575 5628 867 5714 genitivum
914 5628 1260 5715 singularem.

462 5703 748 5782 Eacidisse
781 5703 1031 5778 videtur,"
1047 5718 1252 5782 aliquis.
1279 5718 1390 5774 Cfr.
1425 5723 1581 5775 verln
1615 5727 1822 5782 (licetur.

315 5773 425 5862 ιιι)
463 5781 634 5840 [lucis
664 5786 865 5838 intlusa
896 5773 1142 5840 omisisse
1177 5773 1387 5844 videtur
1413 5773 1820 5862 ειῖιὶιιέιιίιιέῖἷιῖζ’ἐέξ

242 5847 520 5909 \el‘mone.

1404 4869 1447 4900 ¹⁶
1477 4869 1649 4925 Levit.
1690 4889 1799 4935 xu,
1833 4875 1913 4931 18.

2769 3349 3174 3404 universitatem
3255 3353 3378 3407 (ξωιί
3473 3368 3528 3409 et

2779 3445 2936 3491 terra:
2971 3450 3024 3492 ct
3051 3457 3168 3507 qua:
3191 3443 3241 3494 in
3273 3445 3351 3498 eis
3373 3460 3526 3511 sunt,

2766 3526 3035 3593 imlic.iri,
3138 3532 3526 3600 interpretatus

2763 3632 2846 3675 est
2902 3641 2964 3678 ea
3024 3640 3142 3692 qua:
3199 3627 3250 3680 in
3323 3632 3523 3685 mundo

2765 3723 2930 3778 sunt,
2991 3726 3048 3767 nt
3119 3716 3522 3788 consequenter

2763 3810 2926 3863 etiam
2954 3827 3074 3865 eum
3100 3813 3399 3884 intelligch
3429 3833 3522 3868 va-

2765 3902 2923 3957 leam.
2978 3904 3074 3959 Est
3116 3908 3278 3978 igitur
3341 3910 3391 3962 in
3454 3925 3521 3965 oo

2763 3997 3033 4066 passibilis
3053 4010 3108 4054 et
3139 4001 3522 4058 intellectualis

2766 4089 2996 4147 allectus
3020 4103 3074 4148 et
3106 4097 3398 4164 appetitus,
3428 4102 3519 4168 qui

2767 4199 2862 4253 per
2903 4189 3087 4243 carnis
3127 4193 3520 4263 concupiscen-

2769 4279 2896 4334 tiam
2951 4283 3187 4340 militare
3260 4290 3521 4346 adversus

2763 4373 2997 4429 animam
3034 4377 3370 4447 designatur.

1945 4650 2145 4705 Contra
2213 4670 2372 4722 quant
2433 4655 2732 4712 admonitio
2797 4662 3084 4731 prtehetur,
3143 4667 3221 4722 sic
3283 4670 3516 4724 dicens:

1951 4742 2096 4799 «Non
2121 4755 2171 4800 te
2198 4747 2379 4802 vincat
2403 4751 2838 4820 concupiscentia
2865 4754 3283 4824 pulchritudinis
3306 4763 3426 4814 ιν.»
3455 4763 3522 4817 Ει

2000 4880 2042 4910 ’⁷
2077 4878 2267 4934 Matth.
2301 4898 2388 4958 vn,
2423 4884 2508 4938 12.

2621 4887 2660 4918 ’⁸
2691 4887 2821 4946 Dan.
2848 4906 2940 4956 vn,
2967 4894 3020 4958 9,
3059 4895 3138 4958 15,
3165 4896 3252 4948 22.

3335 4901 3376 4931 ¹⁹
3397 4899 3517 4959 Jac.

2231 5124 2467 5193 monens.
2487 5113 2697 5193 _Ta'ncn
2721 5118 2954 5182 vulgaris
2983 5120 3142 5176 lectio
3165 5124 3291 5177 ferri
3316 5138 3516 5193 potest.

1992 5176 2116 5254 _H5_)
2149 5176 2430 5254 Gallandio
2487 5181 2625 5235 haud
2677 5176 2840 5240 sanus
2898 5204 3019 5245 esse
3077 5176 3232 5248 locus
3275 5176 3510 5254 νῆιέιὶῖὲξ

1933 5242 2369 5331 Mt'mchmeierus
2403 5266 2592 5331 “ineius
2647 5270 2742 5321 pro
2777 5262 2889 5331 ejus

1933 5316 2357 5397 persuasitlere.
2495 5316 2688 5390 legitur
2729 5316 2866 5397 quod
2913 5316 3162 5385 vetuslex:
3197 5316 3514 5393 aliaade

1933 5385 2109 5462 (lente,
2146 5386 2229 5462 v_e_l
2260 5387 2366 5440 alio
2397 5391 2448 5442 in
2479 5408 2531 5443 se
2548 5385 2896 5460 'succedeule,
2931 5414 3123 5454 sensus
3151 5385 3450 5462 bonus

2163 5455 2428 5542 "F'ortasse
2459 5462 2555 5542 ita,
2587 5466 2676 5542 sed
2705 5468 2859 5542 eligor
2883 5455 2988 5542 vltis,
3015 5455 3224 5542 quibus.

2007 5525 2120 5604 (ιδ)
2163 5526 2300 5579 "Ira
2340 5528 2425 5604 μή
2459 5534 2578 5584 cod.
2642 5533 2701 5587 D.
2750 5536 2879 5599 Qua:
2910 5525 3068 5592 lectio
3096 5541 3161 5594 ad
3189 5525 3512 5603 versionem

1932 5591 2181 5688 {inlinitur
2227 5591 2446 5664 propius
2510 5591 3161 5688 accedit."M_ox_prosit—

1935 5661 2352 5743 legendum’est’,
2378 5684 2442 5722 ex
2477 5671 2662 5739 ejusdc
2682 5690 2712 5725 n
2744 5661 3514 5758 codicis-

1932 5733 2045 5784 τοῦ.

2013 5804 2126 5885 (lli)
2157 5805 2214 5888 Si
2255 5809 2559 5864 versionem
2594 5810 2847 5871 Latinam.
2868 5819 3132 5888 sequeris,
3166 5828 3522 5886 scribendum

1933 5883 2014 5927 est
2041 5875 2220 5930 αὐτόν.
