4118 6448
637 419 776 475 1785

1879 413 2036 470 DlDY
2047 415 2114 470 Ml
2154 415 2629 475 ALEXANDRINI

3769 433 3889 488 178l

639 533 741 589 alia
794 529 1087 594 sententia,
1121 541 1243 599 quae
1296 527 1470 582 dicit:
1508 545 1528 579 ι
1566 525 1756 582 Omnis
1789 527 1881 595 qui
1917 525 2054 580 vidit
2100 540 2215 579 mu-
2247 532 2292 588 Α
2323 532 2675 599 respiciendi,
2705 547 2827 586 ctnn
2866 533 3055 602 utique
3082 535 3149 588 ab
3191 548 3378 588 earum
3413 536 3693 594 voluntate
3729 557 3892 599 reces-

636 629 822 680 Iierem
861 623 926 677 ad
981 619 1470 691 concupiscendam
1527 633 1672 682 eam,
1728 617 1840 688 jam
1869 615 2212 671 adnlteratus

636 725 720 773 ιιει
753 733 871 772 eam
910 718 963 771 in
1005 716 1167 771 corde
1200 729 1298 770 suo
1325 713 1391 766 ’°.
1425 731 1443 764 ›
1482 711 1561 766 Ad
1594 712 1707 766 h:rc
1732 721 1908 764 autem
1939 709 2216 764 oculorum

630 809 1070 881 concupiscentia
1107 817 1190 862 est
1217 820 1397 869 omne,
1422 803 1566 874 quod
1604 819 1702 872 per
1731 811 2008 872 aspectum
2033 802 2100 855 ad
2134 801 2218 854 di-

634 905 922 959 lectionem
977 897 1406 956 irrationabilem
1466 910 1638 966 usque
1671 894 1940 965 perducit.
1997 894 2078 948 Ab
2113 891 2217 946 hac

638 999 802 1066 igitur
847 994 1134 1049 dilectione
1161 1004 1259 1046 nos
1305 989 1558 1044 convenit
1603 987 1898 1050 abstinuere,
1950 984 2221 1053 scientes,

636 1093 760 1160 quia
789 1086 913 1143 talis
956 1083 1187 1139 mundus
1221 1083 1414 1137 transit
1446 1095 1565 1133 cum
1606 1076 2039 1146 concupiscentia
2093 1087 2212 1140 sua,

638 1195 762 1235 cum
792 1179 978 1246 utique
1015 1171 1327 1243 temporalis
1353 1171 1602 1232 exsistat.
1649 1179 1702 1224 et
1732 1181 1760 1221 a
1798 1167 1954 1222 nobis
1977 1166 2215 1220 cltarita-

637 1283 744 1328 tem
775 1269 1026 1339 accipiat.
1070 1267 1161 1321 Dei
1191 1278 1313 1319 cum
1346 1262 1549 1318 sanctis
1575 1259 1824 1314 voluntas
1848 1271 2067 1326 semper
2099 1271 2214 1311 ma-

635 1377 772 1416 nens
824 1360 995 1428 virtus
1046 1367 1147 1411 est.
1205 1351 1281 1409 De
1314 1368 1420 1424 qua
1454 1352 1716 1421 scriptum
1770 1358 1892 1404 est:
1933 1365 1952 1400 ι
1991 1346 2212 1424 .lustitia

633 1453 961 1510 immortalis
1008 1462 1092 1507 est
1122 1451 1206 1512 ²⁸;
1252 1465 1270 1500 ι
1313 1455 1368 1503 et
1400 1446 1594 1500 iterum
1640 1458 1656 1499 ι
1711 1461 1728 1494 ι
1765 1441 1983 1498 Justitia
2029 1441 2148 1509 ejus
2187 1458 2206 1491 ι

630 1545 762 1618 (ιιοε
803 1553 887 1599 εει
914 1543 1012 1596 viri
1045 1541 1185 1596 beati
1219 1553 1316 1608 per
1364 1533 1750 1606 reverentiam)
1781 1552 1798 1584 ι
1831 1541 2110 1602 permanet
2155 1530 2210 1584 in

633 1639 893 1696 smculum
929 1635 1108 1690 sazculi
1154 1635 1220 1688 ".
1273 1651 1292 1685 ι
1349 1630 1487 1696 Quia
1518 1628 1610 1684 Dei
1664 1639 1794 1681 vero
1851 1625 2096 1679 voluntas
2146 1623 2210 1691 in

631 1732 845 1787 actione
904 1727 1175 1791 consistit,
1224 1724 1496 1778 indicatur
1552 1734 1648 1788 per
1703 1718 1824 1785 hoc,
1885 1715 2026 1786 quod
2087 1716 2209 1768 ait:

635 1843 656 1877 ι
694 1823 808 1876 Non
839 1820 1018 1875 omnis
1046 1819 1134 1887 qui
1170 1816 1302 1871 dicit
1325 1813 1458 1868 mihi
1491 1827 1507 1864 :
1545 1809 1794 1867 Domine.
1844 1806 2091 1872 Domine,
2128 1805 2210 1860 in-

2323 626 2514 689 seriut,
2550 633 2603 680 et
2637 627 2702 679 ad
2724 625 2920 695 impios
2949 641 3143 682 sensus
3167 629 3499 682 accesserint
3525 646 3537 681 :
3569 633 3746 700 palam
3775 635 3886 689 facti

2321 722 2446 768 sunt
2479 715 2624 768 enim
2655 719 2968 772 recedentes
3006 718 3074 771 ab
3104 719 3380 785 unctione,
3413 733 3576 788 quam
3631 723 3890 780 habebant

2320 819 2349 859 a
2377 816 2566 861 sancto
2592 807 2817 876 Spiritu,
2857 823 2922 863 eo
2955 808 3206 864 videlicet
3237 819 3597 875 ostentantes,
3623 817 3766 884 quod
3793 819 3889 872 sint

2317 897 2659 954 Antichristi.
2691 899 3097 957 Ctiristianismi
3134 903 3446 974 quicunque
3495 915 3621 959 sunt
3675 910 3886 976 partici-

2320 1005 2434 1059 pes.
2477 990 2677 1046 Christi
2714 993 2766 1046 in
2789 992 2870 1047 eis
2900 1007 3180 1063 pennanet
3202 995 3406 1062 unctio,
3433 996 3482 1049 id
3512 1007 3619 1062 est,
3657 1001 3883 1054 chrisma

2318 1097 2347 1136 a
2385 1092 2572 1138 sancto
2602 1085 2989 1154 percipientes,
3023 1094 3086 1142 ut
3131 1087 3345 1156 possint
3400 1088 3691 1143 scientiam
3727 1093 3881 1161 spiri-

2319 1177 2541 1231 tualium
2595 1178 2796 1233 habere
2842 1189 3203 1248 cunctorum;
3258 1180 3386 1235 dum
3440 1181 3520 1236 illi
3572 1183 3686 1237 sint
3742 1184 3882 1239 Anti-

2318 1269 2532 1335 christi,
2565 1270 2659 1340 qui
2694 1271 2762 1324 ab
2786 1271 3031 1326 Ecclesia
3075 1273 3376 1328 Salvatoris
3412 1275 3802 1338 abscesserint,
3832 1289 3881 1330 ut

2316 1363 2478 1415 etiam
2510 1364 2801 1433 praesidere
2842 1365 3132 1418 videantur
3176 1368 3494 1423 lmrcsibus.
3525 1369 3690 1424 Recte
3730 1372 3879 1439 siqui-

2317 1455 2439 1507 dem
2486 1453 2707 1518 di-citur,
2753 1455 2894 1524 quod
2929 1455 2995 1509 de
3024 1455 3156 1512 solis
3185 1457 3266 1512 eis
3300 1458 3370 1511 sit
3421 1457 3720 1513 indicatum
3771 1462 3876 1527 hoc,

2315 1545 2458 1614 quod
2499 1546 2594 1611 ait,
2631 1565 2650 1597 ι
2692 1545 2769 1600 Ex
2814 1546 2967 1601 nobis
3018 1547 3273 1602 exierunt
3303 1563 3317 1601 ε
3355 1567 3372 1600 ι
3405 1549 3531 1617 quia
3567 1564 3735 1618 prave
3768 1566 3878 1605 sen-

2317 1637 2532 1702 tientes,
2570 1637 2861 1693 noluerunt
2908 1651 3029 1693 esse
3085 1638 3388 1703 nobiscum,
3449 1652 3672 1710 propter
3722 1642 3873 1711 ipsam

2315 1729 2500 1798 utique
2534 1727 2684 1785 falsa:
2717 1731 2962 1786 scientia:
3001 1733 3336 1786 voluntatem
3393 1747 3424 1785 a
3460 1733 3617 1787 nobis
3649 1733 3877 1788 alienati.

2315 1821 2451 1888 Quia
2507 1835 2636 1876 vero
2691 1835 2794 1876 nou
2849 1823 2914 1876 de
2965 1824 3216 1878 omnibus
3275 1821 3411 1878 false
3439 1825 3764 1880 docentibus
3794 1826 3884 1879 hoc

633 1911 820 1966 troibit
862 1909 916 1963 in
942 1921 1160 1978 regnum
1190 1903 1476 1967 caelorum,
1509 1900 1603 1954 sed
1651 1898 1741 1967 qui
1784 1897 1912 1952 facit
1959 1895 2214 1985 voluntaf
2248 1880 2290 1934 Β
2317 1915 2574 1984 ερτίρπυηι
2623 1923 2724 1978 est,
2762 1916 2974 1970 οηηειίε
3027 1915 3203 1985 palam
3258 1925 3363 1972 est.
3413 1915 3530 1970 Non
3587 1917 3733 1971 enim
3762 1917 3883 1973 alios

631 2012 739 2057 tem
773 2000 948 2054 Patris
981 1997 1085 2051 mei
1117 1996 1184 2050 ”.
1228 2013 1246 2047 ι
1283 1993 1385 2048 Per
1415 1993 1516 2046 hoc
1547 1996 1934 2058 reprzesentata
1973 1983 2212 2058 generali

631 2102 687 2149 et
716 2091 916 2147 actuali
946 2090 1171 2154 virtute,
1216 2100 1406 2141 earmn
1457 2083 1664 2154 species
1711 2080 2026 2150 agnoscitur
2063 2086 2119 2133 et
2145 2091 2211 2132 ex

631 2199 720 2251 eo,
743 2183 884 2253 quod
911 2181 1112 2235 dictum
1153 2187 1233 2233 est
1262 2193 1274 2230 :
1305 2193 1325 2226 ι
1357 2174 1540 2229 Inveni
1582 2172 1770 2237 David,
1807 2171 1983 2224 virum
2015 2183 2212 2224 secun-

630 2279 758 2332 dum
825 2291 921 2330 cor
978 2288 1197 2333 meum,
1272 2269 1363 2337 qui
1447 2266 1576 2320 facit
1647 2277 1836 2318 omnes
1897 2261 2211 2314 voluntates

632 2384 782 2425 meas
807 2367 872 2422 ".
912 2386 930 2419 ι

632 2457 867 2512 Δυνατδν
905 2457 962 2510 δὲ
999 2457 1059 2508 ὲκ
1105 2453 1212 2507 τῶν
1242 2468 1377 2523 προ-

630 2547 904 2618 κειμένων
939 2543 1264 2610 ἐκδέξασθαι
1282 2543 1378 2594 καὶ

635 2641 764 2712 περὶ
789 2639 882 2692 τοῦ
913 2635 1112 2709 ὁρατοῦ
1144 2635 1376 2704 κόσμου,

629 2733 732 2789 οὐκ
759 2731 840 2785 ἔτι
863 2729 1229 2800 ἀγαπωμένου
1274 2726 1380 2780 ὑπὸ

630 2824 740 2880 τῶν
791 2820 1254 2896 ὑπεραναῆἁντων
1295 2817 1374 2889 τῷ

632 2917 854 2972 σκοπεῖν
877 2915 1060 2969 οὐκέτι
1095 2913 1163 2966 τὰ
1203 2911 1371 2981 πρόσ-

632 3029 824 3084 καιρα,
885 3010 1021 3062 ἀλλὰ
1050 3008 1121 3061 τὰ
1151 3006 1365 3060 αἰώνια.

634 3104 744 3157 Καὶ
784 3101 907 3154 ἐπεὶ
945 3101 993 3151 οἱ
1039 3101 1096 3150 ὲν
1122 3095 1269 3165 αὑτῷ
1312 3097 1373 3149 τὸ

635 3191 920 3262 φιλοζωεῖν
993 3189 1374 3261 προτιθέμενοι

632 3286 932 3358 διατρίϐειν
950 3283 1266 3354 παθητςκῶς
1285 3299 1378 3352 μεσ-

633 3380 1037 3454 ταχειρῑζονται
1086 3379 1155 3432 τὰ
1190 3381 1378 3449 αἰσθη-

633 3478 726 3541 τὰ,
766 3475 1027 3541 εἰκότως,
1097 3472 1381 3538 ἀλαζονεία

637 3571 753 3646 βίου
843 3572 937 3627 καὶ
1014 3570 1216 3641 σαρκὸς
1286 3569 1378 3621 καὶ

632 3665 932 3739 ὀφθαλμῶν
949 3663 1213 3735 ἐπιθυμία
1232 3662 1376 3735 εἴρη-

634 3780 725 3815 ται
759 3756 896 3814 εἶναι
942 3759 998 3812 ὲν
1052 3756 1200 3826 αὑτῷ
1236 3756 1372 3826 (l7),

635 3845 710 3904 ὧν
730 3850 946 3902 πάντων
975 3849 1002 3900 ὁ
1018 3846 1375 3919 ὑπερφρονῶν

635 3937 1373 4014 ὑπερκόσμιοςὲσται,ποιιῖ›ν

632 4039 693 4090 τὸ
748 4037 963 4108 Οὲλημα
1001 4034 1095 4089 τοῦ
1137 4032 1273 4090 Θεοῦ
1314 4033 1374 4087 τὸ

636 4128 796 4198 μένον
844 4125 951 4189 ἀεὶ,
1002 4125 1097 4178 καὶ
1137 4123 1368 4194 ἀγαπῶν

631 4226 720 4278 τὸν
753 4224 907 4280 Θεόν.

1449 2446 1715 2504 Possibilc
1751 2455 1834 2501 est
1863 2460 1930 2500 ex
1968 2458 2209 2514 praesen-

1451 2543 1595 2597 tibus
1685 2540 1865 2595 verbis
1942 2538 2206 2592 visibilem

1451 2633 1713 2688 mundum
1743 2629 1989 2700 intelligi,
2019 2629 2071 2683 id
2100 2637 2205 2693 est,

1453 2745 1559 2784 non
1595 2743 1716 2784 esse
1759 2727 2086 2798 diligendum
2137 2726 2206 2779 ab

1446 2824 1658 2894 e'is,qui
1679 2822 1835 2877 valde
1863 2819 2202 2893 prmcellunt,

1449 2919 1574 2973 dum
1657 2916 2005 2972 considerant
2096 2930 2201 2968 non

1443 3011 1753 3081 przesentia,
1775 3009 1868 3063 sed
1889 3016 2092 3060 acterna
2113 3023 2127 3073 ;
2149 3014 2204 3060 et

1445 3101 1724 3170 quoniam,
1761 3100 1850 3169 qui
1906 3099 2110 3153 habent
2148 3099 2200 3152 in

2316 2009 2681 2063 Antichristos
2717 2008 2898 2062 vocari
2934 2009 3106 2064 moris
3144 2017 3248 2072 est,
3279 2023 3440 2078 quam
3471 2024 3588 2074 eos,
3626 2012 3720 2078 qui
3762 2011 3884 2065 falsa

2315 2103 2380 2157 de
2401 2099 2618 2157 Christo
2651 2103 2876 2166 docent;
2923 2102 3104 2156 mundi
3139 2102 3347 2157 scilicet
3390 2088 3732 2174 sapientibus
3788 2118 3884 2157 non

2313 2195 2368 2248 in
2393 2191 2493 2248 hac
2511 2193 2910 2262 significatione
2928 2195 3204 2262 subjectis.
3226 2195 3552 2264 Requirendi
3582 2207 3711 2249 sunt
3731 2197 3886 2251 etiam

2311 2299 2377 2339 ει
2408 2285 2510 2340 hoc
2541 2285 2724 2348 verbo,
2752 2285 2805 2338 hi
2847 2285 2937 2354 qui
2970 2285 3341 2339 diversitatem
3371 2295 3689 2339 naturarum
3728 2286 3882 2340 intro~

2311 2375 2509 2430 ducere
2537 2374 2852 2429 moliuntur.
2893 2373 3032 2440 Quid
3093 2384 3271 2429 autem
3309 2374 3362 2428 in
3392 2376 3516 2438 hoc,
3551 2375 3643 2428 ubi
3694 2375 3884 2429 dictum

2309 2475 2413 2531 est,
2452 2485 2470 2519 ι
2516 2466 2594 2520 Ex
2626 2466 2785 2522 nobis
2815 2466 3100 2520 exierunt?
3134 2485 3154 2518 ι
3193 2465 3472 2533 Quomodo
3505 2467 3653 2521 enim
3697 2467 3884 2523 terreni

2309 2575 2336 2614 a
2365 2559 2742 2630 spiritualibus
2774 2568 2900 2613 sunt
2929 2558 3156 2627 egressi,
3182 2573 3306 2612 cum
3339 2573 3556 2627 semper
3595 2562 3884 2614 secundum

2308 2669 2402 2708 eos
2426 2653 2720 2722 longinquo
2760 2650 3079 2714 consistant,
3118 2659 3346 2720 prepter
3373 2651 3744 2706 diversitatem
3765 2651 3886 2706 sub-

2305 2743 2556 2799 stantiaz‘!
2575 2744 2842 2814 quomodo
2863 2751 3044 2797 autem
3072 2743 3232 2796 etiam
3265 2758 3583 2812 permanere
3609 2751 3890 2812 potuerunt

2308 2835 2609 2899 nobiscum,
2633 2835 2830 2889 terreni
2849 2833 3056 2889 scilicet
3077 2833 3575 2889 exsistenteshlum
3604 2850 3701 2889 nec
3727 2849 3892 2905 quan-

2308 2928 2691 2995 tulmncunque
2721 2925 2881 2981 simul
2904 2927 3118 2979 valeant
3153 2941 3272 2981 esse
3301 2929 3517 2981 virtutis
3572 2927 3886 2996 iususcepti-

2303 3018 2441 3073 biles
2492 3028 2548 3073 et
2603 3017 2700 3084 illi,
2759 3018 2851 3087 qui
2903 3031 3022 3071 eam
3081 3019 3282 3073 habere
3322 3029 3643 3072 noscuntur.
3706 3017 3894 3090 Igitur,

2305 3111 2431 3165 licet
2465 3111 2695 3178 figurate
2733 3109 2876 3164 dicta
2916 3112 3024 3165 sint
3075 3111 3209 3172 hare.
3254 3121 3490 3165 attamen
3533 3111 3896 3164 voluntariam

1447 3193 1564 3260 eius
1592 3207 1779 3247 amore
1821 3191 2035 3245 νίνθηιιί
2067 3205 2199 3261 Ρτο·
2227 3225 2270 3283 C
2310 3205 2686 3260 necessitatem
2717 3204 3028 3268 ostemlunt,
3066 3218 3094 3254 a
3117 3217 3345 3271 quorum
3379 3211 3433 3256 et
3466 3202 3894 3266 cohabitatiouc,

1450 3287 1704 3357 positum,
1763 3286 2086 3357 passibiliter
2145 3287 2201 3341 in

1455 3385 1615 3440 rebus
1658 3384 2063 3440 insensibilibus
2106 3385 2206 3438 ba;

1451 3479 1629 3535 ltitare
1659 3480 2018 3544 contendunt,
2059 3494 2133 3533 ret
2153 3487 2205 3533 te

1449 3573 1703 3642 superbia
1733 3571 1914 3627 saeculi
1943 3580 1996 3627 et
2023 3571 2205 3627 carnis

1449 3677 1612 3738 atque
1663 3668 1946 3722 oculorum
2001 3682 2202 3722 concu-

1450 3759 1710 3830 piscentia
1753 3774 1874 3814 esse
1922 3759 2120 3812 dicitur
2151 3758 2204 3811 in

1448 3856 1547 3910 eis.
1619 3854 1944 3923 Quicunque
2021 3853 2203 3908 omnia

1446 3948 1769 4011 contemnit,
1829 3961 1994 4016 supra
2046 3959 2201 3998 mun-

1447 4043 1573 4097 dum
1609 4042 1733 4107 crit,
1765 4040 1993 4109 diligens
2023 4037 2191 4094 Deum

1442 4146 1496 4189 et
1587 4134 1788 4190 faciens
1865 4133 2199 4188 voluntatem

1442 4229 1582 4296 ejus,
1642 4227 1734 4297 qui
1801 4235 2084 4295 permanet
2153 4224 2204 4278 in

1443 4331 1728 4374 aeternum.

700 4413 862 4467 Vsus.
908 4412 996 4476 18,
1042 4411 1126 4466 l9.
1178 4429 1196 4461 ι
1249 4409 1449 4476 Filioli,
1507 4411 1802 4464 novissima
1837 4409 1969 4463 hora
2014 4417 2116 4474 est,
2153 4417 2208 4463 et

626 4506 767 4558 sicut
803 4503 1052 4564 audistis,
1079 4504 1336 4572 quoniam
1358 4501 1731 4556 Antichristus
1764 4501 1931 4555 venit.
1967 4500 2032 4553 Et.
2063 4515 2204 4555 nunc

2307 3311 2425 3367 qua:
2453 3305 2631 3364 p0test
2660 3308 2781 3350 esse
2814 3293 2970 3349 malis
3002 3294 3130 3348 viris
3155 3308 3277 3347 cum
3308 3293 3482 3358 bonis,
3505 3292 3897 3358 abscesserint,

2307 3388 2432 3443 dum
2469 3387 2602 3441 vitio
2632 3402 2729 3442 suo
2783 3386 2920 3440 tales
2970 3386 3079 3440 sint
3123 3383 3276 3441 facti.
3333 3384 3449 3439 Non
3487 3385 3652 3454 igitur
3680 3396 3901 3456 oportet

2309 3479 2530 3550 intelligi
2564 3478 3010 3533 contrarietatem
3065 3477 3167 3530 hoc
3202 3475 3367 3530 verbo
3405 3477 3701 3548 signiﬁcari
3739 3489 3897 3531 natu-

2310 3567 2489 3626 i'arum
2517 3587 2532 3636 ;
2563 3585 2687 3624 nam
2723 3568 2768 3624 si
2805 3569 3102 3624 secundum
3157 3568 3299 3622 idem
3355 3584 3422 3623 ex
3455 3570 3613 3623 nobis
3645 3567 3894 3634 fuerunt,

2308 3663 2390 3718 vel
2431 3678 2535 3716 non
2566 3661 2805 3725 fuerunt,
2864 3661 3134 3731 oppositio
3180 3660 3304 3729 jure
3352 3671 3719 3716 monstratur.
3754 3661 3892 3728 Quia

2309 3766 2437 3806 vero
2469 3752 2760 3806 secundum
2785 3751 2926 3804 aliud
2952 3752 3080 3819 quid
3104 3766 3169 3804 ex
3203 3750 3360 3806 nobis
3393 3761 3540 3817 sunt,
3573 3753 3895 3808 accedentes

2309 3843 2374 3895 ad
2401 3842 2736 3912 Scripturam
2768 3842 3032 3896 divinitus
3061 3842 3400 3911 inspiratam,
3419 3844 3720 3898 secundum
3755 3843 3896 3897 aliud

2308 3947 2436 3986 vero
2462 3948 2566 3986 non
2595 3948 2658 3986 ex
2702 3933 2856 3988 nobis
2895 3943 3043 3999 sunt,
3081 3935 3246 3987 alium
3291 3943 3484 4003 prater
3512 3947 3760 3988 nostrum
3796 3938 3894 3988 ha-

2305 4024 2496 4080 bentes
2530 4039 2772 4093 sensum,
2805 4025 2979 4095 palam
3029 4036 3111 4080 est
3141 4040 3206 4080 ex
3238 4040 3323 4091 eo,
3371 4027 3514 4096 quod
3555 4038 3893 4096 unguentum

2307 4117 2542 4173 habeant
2573 4136 2600 4172 a
2627 4129 2818 4174 sancto
2847 4119 2924 4184 hi,
2953 4134 2980 4172 a
3015 4120 3210 4188 quibus
3253 4131 3592 4175 recesserunt
3654 4121 3811 4184 mali,
3842 4132 3896 4175 nl

2310 4211 2489 4265 sciant
2540 4212 2720 4265 omnia
2770 4211 3022 4283 dOgtnata
3073 4210 3332 4267 Ecclesia:
3373 4220 3522 4267 recta
3576 4213 3894 4280 complecti.

2306 4302 2658 4370 Consequens
2692 4312 2775 4357 est
2801 4303 2971 4367 enim,
3001 4303 3168 4373 quod,
3196 4302 3286 4372 qui
3321 4305 3638 4370 semetipsos
3661 4304 3896 4374 etillegio

2309 4393 2545 4447 fidelium
2602 4403 2978 4462 segregarunt,
3029 4392 3350 4448 Antichristi
3395 4403 3542 4449 sunt.
3602 4392 3896 4458 Quomodo

2308 4485 2452 4540 enim
2503 4501 2608 4539 non
2658 4496 2784 4541 sunt
2812 4486 3162 4549 Antichristi,
3197 4486 3288 4554 qui
3341 4487 3610 4539 contraria
3646 4492 3894 4554 sapiunt,

623 4609 802 4652 autem
831 4596 1144 4650 Antichristi
1176 4595 1324 4647 multi
1354 4593 1478 4648 facti
1533 4603 1678 4646 sunt.
1725 4589 1876 4646 Unde
1926 4592 2200 4661 dignosci-

2311 4591 2467 4646 quam
2507 4577 2706 4632 Christi
2728 4578 3016 4632 comitetur
3042 4577 3324 4632 Ecclesia?

626 4703 768 4751 unus,
795 4688 920 4756 quia
961 4685 1255 4739 novissima
1287 4686 1419 4738 hora
1457 4693 1562 4738 est.
1613 4683 1688 4736 Ex
1726 4683 1882 4738 nobis
1917 4685 2194 4748 exierunt,

621 4780 715 4830 sed
754 4792 856 4829 non
885 4783 1039 4829 erant
1084 4789 1148 4828 ex
1203 4775 1382 4831 nobis.
1416 4772 1522 4828 Sed
1555 4774 1597 4828 si
1645 4773 1876 4828 fuissent
1921 4791 1985 4830 ex
2019 4775 2195 4842 nobis.

621 4869 1050 4940 permansisscnt
1074 4868 1258 4938 utique
1293 4867 1593 4931 nobiscum,
1630 4884 1649 4919 ι
1678 4875 1787 4921 etc.

693 4961 808 5014 Non
840 4961 905 5014 de
926 4959 1200 5025 omnibus,
1230 4959 1322 5028 qui
1370 4958 1611 5013 fallacem
1641 4959 1944 5014 doctrinam
1970 4958 2189 5022 habent,

621 5055 734 5108 iure
770 5053 1098 5115 scribuntur,
1121 5054 1215 5106 sed
1238 5052 1303 5106 tle
1333 5051 1462 5106 solis
1484 5051 1884 5107 declinantibus
1909 5053 1974 5104 ad
2005 5051 2195 5105 falsam

622 5156 848 5203 sectam.
886 5155 1005 5212 post
1057 5144 1466 5198 instructionem
1499 5143 1893 5212 evangelicatn,
1948 5141 2037 5209 qui
2076 5148 2200 5192 tan-

617 5248 874 5303 qnamex
921 5231 1251 5288 Christianis
1301 5230 1429 5287 facti
1481 5244 1784 5288 noscuntur
1831 5230 2147 5286 Antichristi
2186 5248 2198 5285 :

617 5326 873 5393 quoniam
914 5335 1177 5398 quantum
1216 5328 1280 5379 ad
1312 5326 1414 5380 hoc
1441 5365 1455 5389 ,
1503 5327 1648 5394 quod
1675 5324 1979 5393 aliquando
2014 5336 2203 5376 susce-

620 5427 814 5490 perunt
837 5419 1134 5473 doctrinam
1159 5417 1360 5473 Christi
1382 5434 1446 5472 ex
1479 5419 1753 5488 discipulis
1785 5415 2010 5478 Christi,
2039 5423 2193 5470 extra

618 5529 712 5567 ros
745 5513 870 5566 facti
898 5523 1046 5571 sunt.
1078 5511 1341 5580 eligentes
1376 5510 1660 5564 fallacibus
1697 5510 1881 5562 inesse
1909 5506 2190 5562 doetrinis.

617 5610 959 5674 Quapropter
1008 5604 1133 5659 licet
1167 5605 1490 5660 annuntient
1532 5605 1874 5672 Scripturas,
1930 5618 2031 5654 non
2067 5605 2191 5654 sunt

2385 4669 2545 4724 Vens.
2571 4669 2662 4724 29.
2703 4689 2720 4722 ι
2761 4669 2816 4724 Si
2842 4669 3013 4736 scitis,
3041 4672 3296 4740 quoniam
3322 4669 3501 4738 justus
3530 4678 3635 4730 est,
3666 4671 3892 4736 scitote,

2309 4763 2566 4830 quoniam
2597 4773 2650 4817 et
2670 4763 2872 4828 omnis,
2910 4763 2999 4833 qui
3034 4764 3163 4817 facit
3201 4762 3498 4830 justitiam,
3535 4776 3601 4815 ex
3628 4777 3694 4816 eo
3726 4774 3893 4819 natus

2305 4864 2406 4907 est.
2438 4872 2456 4904 ι

2383 4943 2440 4996 '0
2467 4943 2761 5013 διειληᾳῦς
2785 4986 2800 5010 ,
2848 4947 3010 5016 φησιν
3041 4985 3057 5009 ,
3223 4943 3324 5010 Qui
3398 4944 3884 5013 disciplinabililer

2305 5042 2746 5113 ὲπιστημονικῶς
2766 5044 2889 5114 περὶ
2902 5042 3058 5105 Θεοῦ,
3137 5039 3525 5092 animadvertit
3549 5040 3613 5094 de
3637 5041 3770 5104 Deo,
3801 5044 3892 5110 qtti

2314 5136 2391 5193 ὡς
2425 5137 2577 5200 ὄντος
2609 5139 2728 5189 κατ’
2751 5138 2939 5188 οὐσίαν
2970 5135 3051 5188 δι·
3135 5130 3892 5202 subslanlialilerjustusest.

2314 5231 2473 5284 καίοι)
2503 5269 2518 5295 ,
2580 5230 2782 5293 εὐθέως
2852 5231 3054 5297 γνῶσιν
3132 5241 3259 5280 mox
3291 5225 3413 5289 scit,
3440 5225 3697 5295 quoniam
3721 5242 3789 5280 ex
3826 5243 3896 5280 ιιο

2309 5325 2442 5390 ἕξει,
2465 5324 2539 5387 ὡς
2561 5325 2816 5391 γεννᾶται
2842 5327 2904 5378 ὲκ
2931 5325 3056 5379 τοὺ·
3127 5333 3444 5395 generatur,
3484 5323 3576 5392 qui
3611 5321 3892 5390 justitiam

2307 5429 2439 5478 του,
2476 5414 2504 5468 ὁ
2553 5413 2652 5486 τὴν
2699 5413 3052 5488 δικαιοσύνην
3132 5419 3252 5490 cjns
3282 5418 3408 5473 facit
3447 5438 3458 5472 :

2309 5523 2376 5558 αν
2391 5523 2482 5559 τθυ
2520 5523 2711 5560 ποιων·

2303 5603 2442 5656 sicut
2500 5601 2582 5667 is,
2637 5601 2728 5670 qui
2793 5601 2900 5656 scit
2954 5617 3076 5655 cum
3124 5610 3413 5667 sanctum,
3478 5601 3649 5669 magis
3697 5593 3897 5657 autetn'

692 5762 735 5794 ³ο
771 5759 957 5814 Matth.
985 5778 1034 5827 ν,
1066 5762 1153 5815 9.8.
1221 5765 1262 5795 ’³
1303 5763 1426 5832 Sap.
1459 5781 1493 5828 ι,
1540 5762 1621 5816 15.
1705 5764 1748 5793 ²²
1783 5761 1919 5814 ΡμίιΙ.
1948 5777 2059 5826 cxl,
2088 5760 2136 5817 9.

2311 5760 2475 5818 tlllllll.
2508 5778 2599 5830 t'tl,
2634 5763 2721 5817 21.
2803 5766 2845 5797 ⁸³
2883 5764 3002 5821 Act.
3039 5765 3274 5830 xut,2‘2.

681 5871 796 5946 (l7)
822 5873 971 5932 Patet
998 5863 1336 5934 scribendum
1365 5897 1478 5939 esse
1500 5880 1702 5942 αᾶτοῐς-
