4118 6442
409 401 547 458 i785

411 515 839 572 sanctimoniunr
909 515 1208 581 exsistere,

405 609 798 673 sanctiﬁcetur,
841 620 990 664 certe
1037 610 1215 664 sciens
1247 611 1416 675 illud,
1459 610 1602 679 quod
1646 611 1760 664 ait:
1797 629 1815 662 ι
1849 609 1990 664 San-

406 702 478 756 cti
534 701 731 764 eritis,
789 701 1043 769 quoniam
1098 716 1198 771 ego
1252 712 1474 756 sanctus
1521 718 1639 756 surn
1692 704 1758 756 η.
1801 721 1818 754 ι
1852 701 1996 756 Bene

407 804 587 848 autem
630 794 834 847 dictum
879 804 994 856 est,
1034 811 1053 844 ι
1084 795 1173 862 qui
1215 794 1376 859 facit;
1418 813 1436 846 ι
1467 810 1571 847 non
1618 795 1762 847 enirrt
1811 793 1992 848 dixit:

407 888 498 957 qrti
553 887 719 951 fecit,
776 886 899 940 vel:
946 888 1039 958 qui
1096 887 1342 942 facturus
1395 888 1692 956 justitiam.
1750 886 1996 956 Operan-

409 991 517 1034 tem
569 982 714 1035 enim
766 981 1035 1050 justitiam
1093 981 1443 1035 commendat
1496 963 1882 1045 virtus,'cum
1927 981 1998 1036 sit

412 1074 622 1128 scilicet
686 1073 932 1129 actualis.
990 1072 1179 1127 Nullus
1255 1073 1441 1142 itaque
1493 1082 1782 1140 antequam
1832 1073 1996 1126 faciat

407 1185 528 1240 qute
585 1169 802 1222 virtutis
869 1177 1031 1229 sunt,
1095 1166 1269 1233 justus
1327 1174 1443 1230 est,
1510 1168 1602 1219 sed
1645 1181 1819 1234 neque
1867 1165 1994 1218 dum

407 1260 710 1314 cessaverit
766 1259 980 1325 onerari
1044 1273 1186 1312 eam.
1235 1257 1388 1322 Quod
1442 1271 1569 1308 vero
1621 1257 1760 1309 Deus
1813 1256 1996 1325 justus

406 1360 524 1417 est,
577 1366 640 1404 ex
691 1349 873 1403 multis
917 1350 1052 1402 valet
1083 1349 1328 1418 agnosci.
1366 1347 1578 1418 Moyses
1606 1349 1790 1412 enim,
1823 1349 1996 1402 «San-

407 1455 548 1504 ctus,
609 1443 804 1510 inquit,
867 1451 916 1492 et
957 1439 1132 1508 justus
1169 1441 1560 1495 “inominus.
1610 1442 1760 1495 Sicut
1812 1452 1863 1496 et
1900 1456 1996 1510 per

415 1536 761 1590 Psalmistam
833 1535 1076 1588 dicitur:
1116 1553 1133 1584 ι
1168 1533 1353 1588 Justus
1407 1534 1689 1595 Dominus,
1720 1545 1774 1587 et
1829 1534 1990 1602 justi-

413 1628 542 1679 tiam
591 1625 779 1680 dilexit
815 1627 880 1678 ".
926 1645 944 1676 ι
981 1624 1084 1677 I-te
1131 1623 1242 1692 (t8)
1288 1625 1412 1676 item
1463 1625 1622 1678 Pater
1672 1622 1992 1680 Satvatoris.

411 1717 554 1772 Dicit
602 1718 747 1770 enim
811 1718 875 1769 ad
931 1716 1166 1781 Detur-,t
1206 1717 1370 1770 Pater
1418 1718 1596 1786 juste,
1655 1718 1889 1774 mundus
1946 1729 1997 1772 te

409 1826 514 1863 non
575 1811 831 1876 cognovit
871 1809 938 1864 ".
987 1827 1004 1860 ι
1048 1810 1182 1862 Cum
1249 1824 1380 1878 ergo
1439 1809 1597 1877 hujus
1656 1811 1728 1864 sit
1791 1810 1990 1874 Filius,

1291 399 1721 456 ENARRATIO
1762 399 1824 453 IN
1868 399 2253 457 EPISTULA.“
2296 367 2406 459 IS.
2446 402 2750 459 roausrs.

1279 520 1445 571 tradit
1509 519 1860 588 semetipsum
1929 528 1990 573 ut
2023 525 2068 580 Α
2101 530 2258 586 ptura

3537 401 3676 458 1786

2298 539 2310 573 :
2352 539 2366 571 r
2414 521 2635 574 Animas
2666 530 2877 577 vestras
2933 528 3233 590 purgantes
3291 520 3357 574 ad
3408 521 3676 574 obedien-

2101 614 2228 665 tiam
2275 613 2541 665 veritatis.
2580 633 2596 662 ι
2625 614 2822 668 Οιιειιίι
2872 615 3018 668 enirn
3068 613 3316 676 veritati,
3359 613 3448 680 qui
3499 614 3680 667 scien-

2101 704 2229 757 tiam
2283 705 2373 757 Dei
2425 706 2538 778 (2|)
2591 707 2735 761 inse
2783 708 3105 775 prmcipuam
3137 707 3320 760 habet.
3373 705 3526 761 Unde
3557 721 3682 774 per-

2101 813 2224 851 raro
2277 798 2586 866 lmjusmodi
2635 801 2920 867 reperitur.
2961 819 2979 851 (
3011 799 3142 865 Quis
3193 799 3336 852 enim
3363 839 3376 862 ,
3412 817 3431 849 ι
3461 798 3635 866 inquit
3662 835 3679 862 ,

2104 909 2123 941 ι
2154 890 2495 959 gloriabitur,
2543 900 2755 944 castum
2814 891 3013 943 habere
3061 891 3205 944 eor?
3257 891 3320 944 Et
3363 891 3487 958 quis
3538 891 3675 942 ﬁdu-

2097 984 2235 1036 ciatu
2277 983 2526 1044 habebit,
2565 986 2822 1035 mundum
2857 998 2914 1036 se
2950 998 3068 1036 esse
3116 989 3144 1035 a
3197 985 3463 1051 peccato?
3493 1003 3510 1034 ι
3543 985 3677 1036 Dum

2099 1081 2167 1134 sit
2229 1081 2460 1132 mundus
2509 1094 2534 1130 ιι
2586 1085 2848 1146 peccato,
2901 1077 3022 1144 quis
3075 1077 3283 1130 actibus
3338 1085 3519 1128 castus
3566 1071 3681 1127 clli-

2099 1172 2296 1226 citttr?
2349 1168 2436 1224 Sic
2489 1171 2630 1222 eui.n
2685 1181 2738 1223 et
2782 1187 2800 1218 ι
2831 1169 3045 1237 eloquia
3100 1169 3311 1221 Domini
3371 1178 3518 1221 casta
3563 1169 3609 1200 ⁴⁰
3653 1186 3673 1219 ι

2098 1271 2221 1316 sunt
2257 1263 2434 1323 dicta,
2471 1259 2832 1312 ('tlstiﬁca‘ltlia
2870 1274 2995 1321 eos,
3047 1261 3137 1327 qui
3184 1259 3476 1312 secundum
3521 1275 3583 1310 ea
3624 1266 3682 1312 et

2100 1355 2429 1407 intellectum
2463 1362 2516 1407 et
2551 1367 2687 1420 Opus
2722 1351 2944 1404 habent.
2977 1349 3114 1416 Quia
3154 1366 3281 1404 vero
3316 1359 3440 1402 sunt
3487 1365 3679 1417 prove-

2099 1455 2218 1500 ctus
2264 1446 2400 1515 apud
2451 1461 2584 1506 eos,
2630 1444 2720 1514 qui
2765 1443 2855 1496 ﬁlii
2913 1444 3004 1498 Dei
3046 1442 3214 1505 ﬁunt,
3256 1443 3430 1512 palam
3465 1452 3546 1496 est
3587 1444 3681 1496 ad-

2100 1540 2327 1592 vertenti
2362 1537 2668 1606 Scripturas
2705 1549 2948 1592 sanctas.
3012 1537 3102 1588 Ait
3153 1537 3296 1590 enim
3354 1537 3442 1589 hic
3494 1537 3684 1589 doctor

2100 1630 2152 1682 in
2188 1628 2477 1697 Evangelio
2504 1643 2624 1689 suo,
2657 1628 3011 1696 suscipientes
3040 1626 3222 1680 Jesum
3262 1625 3279 1695 (
3308 1625 3407 1678 hoc
3441 1636 3523 1677 est
3556 1626 3681 1677 dutrr

2098 1723 2318 1774 credunt
2371 1721 2420 1774 ir:
2470 1733 2583 1774 «sca;
2628 1718 2894 1789 nomine)
2940 1725 3262 1787 potestatem
3299 1716 3551 1784 accipere
3588 1713 3680 1768 Dei

2101 1812 2240 1868 ﬁlios
2291 1812 2404 1866 ﬁeri
2461 1813 2528 1865 ".
2583 1811 2684 1878 Qui
2744 1821 2954 1863 tantnnr
3006 1812 3144 1865 hanc
3198 1818 3521 1878 potestatem
3581 1808 3679 1860 ha-

409 1911 668 1970 tanquam
718 1900 860 1954 Deus
893 1915 955 1953 ex
1000 1899 1142 1962 Deo,
1179 1911 1229 1953 et.
1271 1909 1494 1956 sanctus
1541 1917 1608 1956 ex
1653 1913 1884 1964 sancto,
1924 1905 1998 1957 ita
2027 1881 2072 1936 Β
2103 1907 2229 1967 bet,
2281 1903 2518 1967 vir-tute,
2566 1915 2618 1957 et
2677 1904 2914 1955 nomium
2967 1901 3318 1969 operatione,
3382 1898 3524 1951 titius
3573 1906 3680 1952 est.

410 2006 493 2046 est
544 2005 598 2046 et
648 1993 827 2061 justus
856 2007 920 2044 ex
967 1992 1135 2061 justo.
1191 1991 1296 2046 Nec
1339 2003 1603 2064 repugnat
1657 1994 1739 2048 his
1785 1996 1994 2061 verbis,

407 2085 549 2155 quod
599 2086 818 2148 dicitur,
865 2099 988 2137 eum
1033 2099 1157 2138 esse
1202 2085 1492 2152 justitiam.
1537 2087 1672 2152 Quia
1715 2090 1857 2141 enim
1907 2105 2001 2158 per

401 2179 764 2234 Substantiam
793 2217 808 2242 ,
863 2178 964 2231 hoc
1007 2189 1125 2242 est,
1175 2179 1372 2233 dicitur
1407 2193 1526 2232 esse
1572 2178 1784 2245 justitia
1837 2181 1998 2234 simul

406 2281 460 2325 et
513 2270 730 2340 justus,
789 2270 1006 2338 quando
1071 2269 1148 2334 is,
1211 2272 1301 2339 qui
1361 2287 1455 2340 per
1517 2273 1996 2342 participationem

404 2361 579 2430 justus
628 2372 710 2416 est
738 2377 1060 2431 ,rrnuquam
1108 2364 1324 2431 proprie
1364 2366 1577 2430 iustitia
1631 2375 1997 2434 nuneupatur,

408 2455 510 2508 nisi
577 2451 718 2507 forte
781 2454 954 2522 ipsnrn
1017 2455 1294 2518 habitum.
1364 2474 1461 2528 pro
1524 2473 1626 2523 eo,
1689 2460 1778 2527 qui
1839 2461 2000 2514 habet

406 2561 562 2609 eum,
618 2546 856 2613 quilibeL
906 2547 1189 2616 intelligat.
1247 2549 1368 2612 Quo
1430 2551 1593 2604 verbo
1646 2552 1807 2604 etiam
1858 2551 1998 2618 Apo-

406 2636 579 2691 stolns
635 2654 763 2691 usus
818 2648 935 2703 est,
997 2641 1187 2695 dicens
1245 2642 1430 2696 ﬁdeles
1491 2643 1609 2698 ﬁeri
1673 2644 1722 2696 itt
1779 2643 1998 2697 Christo

403 2730 664 2798 justitiam
698 2749 710 2784 :
748 2749 764 2780 ι
803 2731 956 2796 Eum,
1008 2734 1224 2800 inquit,
1278 2735 1366 2796 qui
1415 2744 1697 2803 peccatum
1755 2750 1859 2787 non
1901 2749 1998 2788 no-

408 2823 520 2886 vit,
581 2833 863 2890 peccaturo
923 2840 1019 2893 pro
1073 2825 1228 2879 nobis
1285 2826 1450 2892 fecit,
1487 2836 1546 2879 ut
1599 2840 1694 2880 nos
1755 2837 1999 2880 eSsemus

408 2916 621 2986 jztstitia
657 2915 746 2967 Dei
793 2916 844 2967 irt
883 2929 948 2968 eo
979 2917 1044 2970 ".
1085 2937 1103 2968 ι

475 3007 630 3062 CAP.
672 3006 771 3069 Ill,
807 3023 961 3060 vene.
1005 3008 1060 3061 2.
1109 3027 1128 3059 ι
1159 3008 1516 3074 Charissimi,
1574 3027 1716 3064 nunc
1760 3010 1851 3064 ﬁlii
1901 3010 1998 3066 Dei

407 3114 593 3152 sumus
623 3141 636 3164 ,
669 3109 723 3151 et
761 3101 1000 3150 nondum
1035 3099 1441 3152 manifestatum
1471 3110 1586 3164 est,
1621 3103 1762 3170 quod
1790 3118 1997 3157 sumus.

2101 1999 2178 2052 Cn
2205 2017 2232 2049 ιι
2266 2008 2447 2051 autem
2481 2000 2617 2050 bene
2647 1997 2819 2047 utitur
2864 1994 2963 2047 hac
3006 2002 3305 2060 potestate,
3352 1989 3513 2043 etiam
3550 2004 3686 2057 ope-

2104 2091 2312 2144 ratione
2363 2089 2419 2142 ﬁt
2471 2089 2650 2152 tilius,
2697 2087 2847 2150 cnjns
2887 2101 2945 2138 se
2988 2086 3140 2152 prius
3183 2082 3556 2136 tautumrnodo
3591 2079 3685 2134 vi-

2101 2183 2333 2235 debatur
2381 2180 2582 2233 habere
2631 2177 2921 2240 virtutem,
2969 2189 3309 2242 nequaquam
3358 2180 3682 2240 exspectans

2101 2276 2326 2328 credere
2385 2271 2436 2324 in
2489 2271 2603 2324 solo
2655 2268 2860 2323 Christi
2917 2266 3207 2329 vocabulo,
3258 2265 3351 2320 sed
3405 2265 3568 2317 etiam
3627 2265 3680 2316 itt

2102 2367 2218 2434 ipso
2253 2385 2264 2420 :
2302 2384 2320 2416 ι
2353 2361 2575 2425 Omnis,
2608 2381 2626 2413 ι
2661 2361 2871 2429 inquit,
2910 2377 2927 2410 ι
2959 2361 3052 2428 qui
3103 2358 3312 2420 credit,
3359 2372 3486 2424 quta
3526 2353 3687 2410 Jesus

2101 2470 2183 2514 est
2238 2459 2489 2512 Christus
2521 2495 2534 2516 ,
2588 2471 2653 2507 ex
2712 2455 2819 2506 Deo
2875 2463 3034 2506 natus
3089 2462 3173 2504 est
3223 2451 3287 2504 ³¹.
3329 2469 3346 2501 ι
3384 2451 3686 2503 Assumens

2101 2552 2245 2607 enim
2300 2565 2425 2604 cum
2481 2548 2586 2601 hoc
2644 2546 2838 2599 aﬁ‘ecttr
2889 2545 3051 2597 etiam
3103 2543 3404 2597 custoiiam
3460 2542 3684 2593 manda-

2103 2653 2319 2704 tornm,
2390 2641 2569 2708 potius
2631 2639 2772 2691 tilius
2828 2637 3138 2705 atl0ptatur.
3198 2634 3298 2700 Qui
3359 2635 3500 2687 enim
3559 2631 3686 2684 facit

2094 2737 2397 2809 justitiam,
2433 2750 2498 2788 ex
2535 2734 2642 2785 Deo
2675 2743 2836 2784 natus
2869 2740 2951 2783 est
2998 2729 3064 2781 ³³.
3103 2727 3167 2780 Ει
3217 2726 3306 2794 qui
3359 2725 3534 2791 diligit
3582 2723 3683 2776 irri-

2102 2832 2270 2883 micos
2305 2844 2468 2890 suos,
2509 2835 2565 2880 et
2602 2835 2723 2878 orat
2757 2841 2853 2890 pro
2897 2820 3354 2890 persequentibus
3403 2834 3493 2882 se,
3542 2818 3685 2869 lilius

2101 2923 2161 2976 ﬁt
2213 2920 2454 2975 caelestis
2509 2918 2704 2971 Patris.
2757 2917 2921 2983 lgitur
2975 2915 3019 2974 si
3075 2914 3126 2966 in
3181 2913 3282 2966 hoc
3333 2909 3569 2971 smculo,
3625 2909 3679 2960 in

2103 3013 2246 3082 quod
2306 3011 2417 3081 (22)
2469 3026 2533 3064 ex
2589 3019 2740 3078 parte
2797 3008 3213 3075 cognoscimus,
3275 3012 3328 3057 et.
3386 3002 3526 3071 quod
3585 3000 3684 3052 ho-

2105 3119 2231 3158 num
2281 3111 2367 3157 est
2408 3102 2650 3171 agimus,
2707 3108 2890 3152 tantus
2929 3105 3012 3151 est
3059 3096 3290 3148 ﬁliorum
3344 3092 3437 3146 Dei
3489 3105 3686 3162 prove-

412 3189 631 3244 Scimus
668 3189 962 3256 quoniam,
1001 3203 1123 3242 cum
1165 3189 1512 3258 apparuerit,
1547 3191 1754 3245 similes
1796 3194 1844 3245 ei
1892 3196 2000 3246 eri-
2027 3227 2069 3278 ε
2103 3204 2262 3256 ctus,
2321 3194 2463 3260 quod
2515 3198 2730 3260 oportet
2783 3187 2932 3241 credi
2988 3195 3107 3256 post
3167 3185 3282 3239 lure
3341 3184 3391 3236 in
3454 3179 3687 3235 futuro?

412 3296 528 3333 tuus
549 3318 564 3341 ,
603 3297 620 3329 ι
648 3288 754 3331 etc.

480 3369 584 3425 l‘er
629 3385 691 3424 ea
737 3384 857 3437 qum
884 3368 1110 3434 scribit,
1142 3368 1343 3422 excitat
1395 3369 1701 3434 auditores,
1740 3378 1798 3422 trt
1837 3386 1998 3440 agno-

411 3471 567 3516 scant
616 3460 802 3532 quales
848 3477 913 3515 ex
970 3459 1080 3515 Deo
1129 3461 1238 3515 sint
1291 3461 1448 3526 facti,
1491 3460 1716 3514 dicens:
1771 3460 1816 3514 0
1864 3477 1996 3515 con-

413 3554 596 3608 ﬁxteles
654 3553 872 3617 nostri,
933 3552 1078 3622 digni
1142 3552 1474 3606 cxsistentes
1531 3561 1590 3604 ut
1649 3552 1994 3622 diligamini,

414 3645 506 3698 tlii
569 3645 658 3698 Dei
721 3661 942 3707 sumus,
996 3643 1108 3712 jam
1165 3659 1193 3697 a
1242 3643 1496 3712 prresenti
1547 3644 1801 3700 saeculo:
1852 3646 1998 3714 quod

412 3738 670 3791 smculunr
728 3738 1034 3806 significat,
1096 3752 1161 3791 eo
1209 3740 1352 3806 quod
1410 3753 1551 3790 nune
1600 3737 1734 3792 tales
1787 3738 1995 3802 sirrrus,

413 3829 540 3881 dum
597 3837 812 3881 constat
874 3829 927 3881 in
984 3828 1178 3892 nobis,
1235 3827 1395 3882 sicuti
1470 3829 1730 3897 possibile
1796 3839 1879 3882 est
1943 3830 1996 3884 in

414 3922 666 3992 pncscuti
721 3923 873 3989 vita,
931 3922 1165 3974 liliorttm
1219 3921 1460 3989 adoptio.
1521 3919 1674 3975 Sicut
1728 3922 1874 3976 enim
1931 3937 1996 3978 ex

415 4023 570 4084 parte
618 4013 1034 4083 cognoscimus,
1084 4023 1137 4067 et
1182 4015 1374 4066 arrhas
1421 4013 1662 4082 Spiritus
1713 4030 1856 4069 nunc
1901 4016 2000 4069 ha-

417 4110 640 4170 bemus,
693 4108 771 4161 sic
813 4120 863 4162 et
911 4107 1228 4176 particulam
1267 4106 1380 4177 (19)
1423 4105 1520 4176 (ιιι
1559 4107 1630 4161 ita
1669 4107 1890 4173 dicant)
1939 4106 2000 4160 ﬁ-

418 4197 613 4252 liorum
652 4199 998 4268 adaptionetn
1044 4201 1453 4270 possideamus,
1498 4199 1624 4252 dum
1671 4199 1738 4254 ad
1783 4199 1996 4270 plenum

417 4306 535 4344 eam
584 4292 635 4344 in
687 4291 870 4346 futuro
920 4292 1305 4360 percipiamus.
1358 4291 1603 4344 Nondum
1649 4307 1776 4345 vero
1822 4293 1999 4345 mani-

419 4383 614 4437 festum
671 4395 792 4446 est,
850 4386 960 4456 (9.0)
1018 4386 1191 4440 virtus
1236 4393 1291 4438 et
1343 4385 1589 4453 Operatio
1639 4385 1757 4453 ejus
1803 4395 1995 4454 aperta

416 4477 528 4529 sit:
587 4477 870 4538 attamen,
933 4477 1057 4530 licet
1115 4477 1187 4528 ita
1241 4490 1298 4530 se
1339 4491 1442 4529 res
1497 4475 1733 4539 haheat,
1792 4477 1998 4530 scimus

417 4567 575 4634 quia,
634 4583 757 4620 cum
815 4569 1168 4636 apparuerit,
1221 4568 1362 4636 quod
1419 4567 1584 4620 futuri
1641 4582 1873 4631 sumus,
1925 4569 2000 4621 si-
2035 4560 2076 4613 Ι)

418 4661 573 4714 tniles
617 4662 970 4714 tthllthlltlll‘
1015 4659 1160 4713 l’atri
1209 4669 1430 4724 nostro,
1480 4659 1646 4713 visuri
1689 4673 1851 4720 eum.
1887 4659 1998 4714 sie-

419 4752 495 4806 uti
542 4763 660 4815 est,
715 4752 816 4807 hoc
859 4762 943 4806 est
981 4751 1221 4822 perfecte
1261 4760 1314 4805 et
1356 4750 1726 4806 inditl'erenter
1759 4754 2002 4809 videntes

415 4861 562 4900 eum.
617 4845 749 4898 Dtrm
807 4862 935 4916 ergo
979 4845 1048 4898 sit
1092 4844 1458 4912 exspectatio,
1504 4853 1558 4896 et
1605 4853 1786 4912 speret
1835 4861 2002 4901 unus-

417 4940 680 5007 quisque,
716 4939 948 4993 similem
986 4954 1043 4993 se
1095 4937 1212 4992 fore
1253 4937 1393 5000 Deo,
1447 4945 1502 4988 ιιι
1545 4937 1876 4992 excellenter
1919 4941 1999 4993 vi-

417 5032 542 5081 deat
591 5046 750 5094 eurrr,
805 5035 1070 5088 castilicet
1130 5031 1522 5099 semetipsum,
1570 5031 1730 5084 sicuti
1779 5042 1859 5085 est
1906 5047 2000 5086 ca-

419 5126 533 5172 stus
585 5120 707 5184 tlle,
764 5137 922 5189 quem
968 5135 1154 5194 sperat
1205 5123 1509 5192 inspicere,
1558 5121 1789 5175 mundus
1838 5125 2001 5178 corde

420 5211 752 5266 consistens.
785 5215 1065 5269 Castiﬁcat
1103 5228 1282 5271 autem
1321 5230 1380 5271 se
1427 5216 1692 5284 quisque,
1744 5226 1899 5270 actus
1949 5225 2004 5271 et

421 5307 743 5373 sapientiam
799 5307 1180 5376 irtcnlpabilem
1233 5311 1460 5362 habens.
1514 5309 1604 5362 Ait
1653 5307 1797 5363 enim
1853 5307 2002 5362 Scri-

492 5420 538 5450 "
582 5419 751 5473 Levit.
799 5435 849 5472 xt
877 5459 890 5480 ,
921 5419 1010 5473 43.
1088 5419 1133 5450 ³⁸
1177 5419 1326 5472 Dettt.
1370 5435 1557 5480 χχιιι.
1589 5422 1641 5474 4.

422 5506 501 5553 xl,
533 5489 583 5542 7.
689 5491 731 5520 ³⁸
772 5489 927 5544 Joan.
965 5506 1003 5556 ι,
1034 5489 1121 5543 12.
1199 5489 1244 5520 ³¹
1285 5489 1300 5542 Ι
1335 5487 1495 5543 Joau.
1537 5505 1588 5553 v,
1625 5493 1674 5544 Ι.

492 5585 603 5646 (18)
645 5583 856 5640 Justus.
893 5584 966 5637 Ita
997 5582 1314 5638 Gallandius
1353 5582 1606 5651 (ortjecit,
1636 5593 1801 5640 recte.

494 5657 608 5718 (I‘Ji
652 5655 936 5718 Fortasse,
978 5653 1355 5722 particulatim.

491 5724 604 5858 ξρο)
647 5725 989 5779 Inscrcndnm
1020 5734 1144 5777 ante
1175 5724 1333 5776 virtus
1366 5724 1573 5778 videtur
1603 5725 1746 5781 licet.

517 5797 606 5858 2|)
651 5795 758 5848 lloe
789 5795 1056 5850 Gallandii
1090 5794 1408 5858 est.Antea,
1433 5797 1499 5849 ei;
1540 5797 1731 5852 Verius

517 5797 606 5864 at)
651 5795 758 5848 iloe
789 5795 1056 5850 Gallaudii
1090 5794 1408 5862 est.Antna,
1433 5797 1499 5849 ei;
1540 5797 1731 5852 Verius
1765 5794 1996 5852 Minch-

425 5868 658 5924 meierus
686 5883 837 5923 meus
865 5867 1086 5935 cottjecit
1116 5905 1128 5931 ,
1161 5864 1294 5932 ejus.

1722 5421 1764 5451 ’⁷
1810 5419 1952 5475 Psal.
1987 5436 2054 5484 χ,
2090 5418 2142 5473 8.

1753 5490 1798 5522 ³³
1840 5491 1856 5544 l
1885 5490 2042 5546 Joan.
2078 5505 2114 5544 tt
2136 5530 2150 5555 ,
2183 5489 2274 5544 29.

2105 3285 2215 3353 Ego
2262 3284 2526 3351 siquidem
2585 3299 2690 3334 non
2754 3280 2926 3334 habeo
2969 3278 3122 3346 'quotl
3187 3277 3401 3339 dicam,
3459 3273 3550 3328 sed
3604 3287 3690 3326 se-

2104 3388 2242 3442 quor
2276 3387 2432 3435 eum,
2469 3372 2560 3438 qui
2599 3371 2770 3422 dixit:
2801 3387 2819 3419 ι
2849 3369 3097 3421 Nerulum
3139 3366 3544 3420 manifestatum
3582 3373 3687 3425 est,

2081 3448 2246 3534 .quod
2283 3463 2446 3516 futuri
2483 3477 2671 3518 sumus
2701 3479 2715 3514 :
2751 3461 3004 3530 quoniam
3042 3474 3164 3512 cum
3219 3457 3562 3527 apparuerit,
3611 3458 3688 3509 si-

2103 3556 2260 3610 rtriles
2304 3555 2382 3618 ei,
2431 3554 2518 3621 qui
2568 3552 2783 3621 genuit,
2836 3551 3057 3602 erimus.
3091 3548 3289 3601 illanc
3342 3546 3524 3611 itaque
3569 3561 3690 3614 per-

2103 3647 2392 3702 fectionem
2444 3644 2744 3698 habendam
2791 3641 3089 3710 putandum
3126 3648 3210 3692 est
3253 3639 3304 3690 in
3354 3637 3535 3691 futuro
3569 3647 3689 3704 post

2102 3741 2325 3802 omnia,
2379 3738 2504 3792 dum
2560 3737 2701 3790 sicut
2752 3734 2914 3788 Pater
2967 3741 3021 3785 et
3073 3731 3244 3786 Filius
3300 3747 3463 3783 unuur
3522 3738 3686 3794 sunt,

2103 3848 2268 3887 unum
2326 3839 2487 3884 erunt
2539 3829 2592 3882 in
2646 3827 2802 3880 Patre
2851 3837 2905 3880 et
2953 3825 3120 3890 Filio,
3179 3824 3269 3892 qui
3323 3823 3460 3876 hanc
3513 3822 3690 3891 perfe-

2104 3927 2343 3982 ctionem
2400 3931 2759 3992 exspectant,
2828 3919 3036 3973 similes
3091 3918 3237 3972 Patri
3295 3915 3540 3984 Filioque
3603 3915 3688 3967 fu-

2106 4019 2211 4073 turi
2261 4016 2673 4087 participatioue
2724 4012 3026 4066 Trinitatis.
3081 4010 3211 4076 Qua:
3254 4024 3383 4062 vero
3434 4009 3690 4076 ignoran-

2105 4119 2188 4165 tes
2235 4109 2439 4179 aliqui,
2494 4105 2929 4173 magnitudinem-
2973 4103 3283 4156 intellectus
3326 4102 3391 4155 de
3437 4099 3581 4167 Deo,
3633 4105 3692 4154 et

2105 4218 2414 4258 mensuram
2465 4200 2690 4269 spiritus
2739 4197 3070 4251 excellentes
3105 4195 3218 4266 (25)
3251 4193 3530 4256 scientiae,
3577 4191 3686 4247 sic~

2105 4295 2180 4348 uti
2213 4304 2294 4348 est
2328 4293 2416 4348 Dei
2449 4291 2750 4347 substantia
2779 4331 2793 4355 ,
2844 4287 3154 4356 increpandi
3187 4296 3316 4341 sunt
3348 4285 3512 4354 impie
3540 4284 3693 4355 cogi.

2109 4398 2302 4441 tantes.
2351 4384 2467 4439 Non
2512 4386 2686 4449 enim,
2733 4383 2876 4452 quod
2927 4393 3148 4450 putant,
3196 4383 3297 4434 hoc
3349 4382 3547 4434 iudicat
3596 4381 3680 4448 id,

2105 4481 2246 4546 qrrod
2277 4479 2504 4533 dicimus
2525 4518 2540 4543 ,
2578 4477 2812 4531 videmus
2859 4491 2976 4529 eum
2998 4475 3158 4529 sicuti
3189 4486 3264 4528 est
3297 4475 3532 4543 Spiritus
3559 4491 3691 4530 san-

2109 4576 2219 4638 cti,
2251 4582 2306 4628 et
2339 4571 2666 4627 assimilatos
2705 4570 2752 4623 ei
2794 4569 3038 4622 notitiam
3081 4569 3197 4637 ejus
3242 4567 3446 4622 habere
3489 4584 3686 4638 posse,

2110 4674 2394 4734 postquam
2445 4678 2550 4716 non
2601 4671 2781 4730 potest
2827 4659 2997 4713 altera
3049 4659 3393 4713 conversatio
3439 4662 3688 4728 reperiri,

2109 4755 2426 4823 Huiusmodi
2466 4753 2926 4822 contemplatione
2963 4751 3142 4804 futura
3165 4793 3180 4818 ,
3212 4752 3532 4820 cunctisque
3566 4767 3692 4820 pero

2109 4847 2451 4903 venientibus
2489 4847 2554 4898 ad
2598 4845 2882 4898 scientiam
2920 4841 3274 4910 plenitttdinis
3320 4842 3561 4906 Christi,
3597 4842 3690 4902 Dei

2113 4941 2297 4994 omnia
2335 4939 2386 4992 in
2423 4938 2678 4991 omnibus
2721 4936 2884 4999 facti,
2932 4937 3057 4987 dum
3112 4933 3214 4986 hoc
3243 4933 3543 4998 exstiterit,
3584 4950 3691 4990 non

2112 5029 2290 5086 differt
2335 5045 2364 5083 a
2415 5029 2558 5092 Deo,
2608 5036 2874 5096 quatenus
2919 5025 3059 5078 alter
3105 5024 3155 5077 itt
3209 5022 3402 5093 angelo
3457 5024 3557 5088 sit,
3605 5025 3686 5078 al.

2114 5131 2192 5175 ter
2227 5121 2339 5193 (24)
2381 5121 2431 5174 in
2471 5120 2707 5174 homine.
2746 5117 2994 5172 Cessabit
3030 5113 3174 5168 enim
3225 5122 3337 5166 tum
3383 5113 3692 5181 Irnjusmodi

2111 5212 2442 5275 diﬂerentia,
2493 5212 2746 5264 omnibus
2795 5207 3074 5262 trahendis
3117 5205 3182 5260 ad
3224 5220 3385 5258 unam
3433 5207 3694 5261 similitu-

2109 5305 2330 5368 dinem,
2383 5319 2502 5372 qua:
2557 5303 2622 5355 ad
2680 5300 2846 5355 Dentri
2903 5298 3143 5368 perlecta
3195 5297 3321 5353 erit.
3373 5296 3506 5352 Cum
3565 5313 3693 5352 vero

2250 5420 2294 5450 ’³
2334 5416 2492 5472 Joan.
2526 5433 2656 5481 xvtt,
2687 5415 2780 5470 25.
2859 5413 2905 5444 ¹⁹
2944 5412 2985 5466 ll
3021 5413 3146 5468 Cor.
3189 5411 3354 5475 v,2l.
3453 5409 3497 5442 ⁸⁸
3541 5410 3690 5470 Ρειιι.

2179 5586 2291 5652 (22)
2333 5583 2637 5654 Legendttm
2669 5588 2750 5633 est
2772 5621 2786 5644 ,
2822 5581 2874 5634 in
2905 5597 3026 5651 quo.

2178 5658 2290 5720 (‘25)
2332 5655 2644 5710 Gallandins
2663 5691 2676 5711 ,
2704 5654 3022 5705 exc-edentes.

2179 5659 2269 5720 (‘25
2332 5659 2644 5710 Gallandins
2663 5691 2676 5711 ,
2704 5659 3022 5705 exc-edentes.

2179 5659 2294 5795 (ﬁt;
2335 5727 2468 5798 l_‘nto
2523 5724 2605 5777 bis
2647 5722 2992 5778 scribendum
3037 5738 3194 5788 esse,
3241 5721 3451 5789 altera,
3497 5737 3692 5798 nempe

2109 5796 2495 5866 contetrtplutio.
