4118 6448
505 364 642 417 1787

1760 365 1991 422 DlDYMl
2029 364 2488 422 ALEXANDIHM

3612 357 3764 416 5738

501 483 689 535 dicunt
726 480 1024 535 lneruditi:
1062 479 1118 534 Si
1158 497 1262 538 non
1302 490 1385 537 est
1424 491 1629 537 natura:
1671 465 2074 546 creaturarum,
2106 483 2154 543 Α
2185 479 2414 543 habent,
2465 495 2583 550 qua:
2630 489 2715 536 est
2764 481 3008 547 factura,
3062 480 3187 534 dum
3235 493 3387 534 mens
3437 490 3628 532 eorum
3679 478 3761 534 sit

503 585 560 626 ut
611 573 845 626 habeam
895 572 1180 629 scientiam
1233 573 1550 628 substantia:
1601 573 1729 640 Dei,
1779 574 1914 628 falso
1954 590 2074 628 ere-

441 670 450 679 '
503 666 637 718 dunt
670 679 895 728 omnes,
933 664 1214 730 dicentes,
1251 680 1310 718 se
1356 665 1684 720 intellectum
1721 667 1919 720 habere
1958 667 2069 720 Dei.

500 756 651 823 Quod
702 773 805 810 non
861 758 1136 824 sapienter
1190 759 1410 823 dicunt,
1463 757 1556 810 sed
1605 757 1758 811 valde
1814 757 2073 811 fallaciter

498 855 552 900 et
608 848 872 916 captiose.
939 847 1055 902 Non
1107 856 1192 902 est
1243 849 1387 901 enim
1444 849 1780 916 impossibile
1828 848 2069 916 ejusdem

503 941 577 992 rei
635 954 858 994 veraces
912 940 1393 1010 contemplationes
1439 941 1682 994 diversas
1732 955 1884 1004 esse,
1940 955 2072 1009 qua-

499 1044 614 1082 rum
666 1031 883 1100 ponitur
933 1030 1037 1082 alia
1089 1030 1305 1098 quidem
1360 1031 1412 1084 in
1445 1044 1556 1095 ‘eo,
1602 1031 1740 1102 quod
1794 1041 1911 1096 est,
1965 1032 2068 1086 alia

500 1136 660 1184 vero,
708 1120 833 1190 quid
877 1129 994 1181 est,
1045 1120 1150 1173 alia
1199 1131 1410 1187 autem,
1451 1137 1546 1174 cur
1589 1131 1694 1176 est.
1753 1121 1934 1175 Tertia
1991 1123 2068 1176 si-

497 1212 717 1279 quidem
771 1225 876 1264 non
927 1211 986 1264 fit
1033 1211 1180 1265 circa
1227 1211 1425 1277 Deum,
1477 1227 1582 1266 non
1639 1213 1922 1268 habentem
1963 1215 2069 1267 uti-

496 1318 606 1371 que
670 1317 888 1357 causam
955 1313 1175 1372 propter
1231 1320 1349 1372 quas
1407 1305 1520 1374 (9.5)
1583 1317 1686 1358 est.
1749 1305 1885 1358 Sunt
1940 1320 2070 1375 ergo

494 1393 614 1446 aliae
674 1392 828 1456 dua},
885 1408 1114 1461 quarum
1175 1394 1280 1448 alia
1337 1395 1551 1464 quidem
1617 1396 1788 1464 posita
1855 1396 1908 1449 in
1963 1412 2064 1461 eo,

491 1484 634 1553 quod
674 1495 786 1550 est,
837 1486 1112 1549 ostendit,
1149 1487 1271 1556 quia
1317 1502 1382 1540 ex
1434 1487 1634 1541 divinis
1681 1486 1980 1556 Scripturis
2016 1495 2070 1541 et

495 1574 833 1629 naturalibus
881 1576 1254 1648 intelligentiis
1294 1579 1360 1631 de
1405 1593 1470 1631 eo
1514 1588 1740 1632 tractam
1788 1579 1904 1650 (‘26)
1935 1619 1950 1642 ,
1999 1594 2064 1632 ex

496 1670 865 1738 magnitudine
917 1681 970 1725 et
1025 1671 1426 1742 pulcln-itudiue
1489 1683 1863 1728 creaturarum
1917 1666 2107 1740 ejus,

494 1769 551 1812 ut
601 1771 684 1814 est
739 1763 999 1831 possibile
1045 1764 1477 1832 contemplantes
1534 1781 1678 1819 etnu.
1741 1764 1876 1819 lluic
1931 1781 2064 1819 con-

2179 572 2341 627 faeta.
2387 573 2510 628 llaec
2552 571 3020 642 disciplinabililer
3065 572 3271 643 magis,
3314 585 3421 625 non
3465 569 3759 638 disciplina

2175 675 2280 719 est.
2318 665 2466 720 Licet
2513 679 2642 736 ergo
2675 664 2878 732 Filius,
2923 666 3101 720 sciens
3142 664 3265 734 quis
3305 672 3389 719 est
3429 661 3615 722 Pater,
3662 676 3758 716 re-

2174 757 2314 810 velet
2357 774 2480 812 eum
2527 759 2725 828 quibus
2771 759 3032 824 voluerit,
3077 759 3147 813 ita
3199 767 3374 812 tamen
3423 758 3526 811 hoc
3569 757 3751 826 palam

2175 847 2339 914 facit,
2385 849 2528 903 sicut
2568 849 2674 905 illis
2721 851 2868 904 novit
2905 865 3026 905 esse
3072 849 3355 918 possibile.
3406 848 3756 916 Quapropter

2173 937 2334 990 etiam
2397 939 2463 992 de
2516 937 2676 994 Patre
2732 941 3004 996 revelante
3061 939 3252 994 Filium
3313 949 3440 992 sunt
3480 938 3752 1000 dicenda,

2172 1030 2272 1082 etsi
2330 1030 2461 1083 mira
2484 1070 2513 1104 ,_
2551 1040 2604 1084 et
2665 1031 2823 1086 Pater
2877 1031 3056 1099 specie
3121 1031 3338 1084 videtur
3394 1044 3558 1093 esse,
3623 1044 3753 1097 qua:

2175 1122 2320 1176 dicta
2380 1132 2540 1186 sunt,
2601 1121 2750 1176 brevi
2809 1123 3006 1177 indicio
3061 1121 3458 1176 animadvertat
3507 1135 3534 1172 a
3590 1120 3753 1174 nobis

2177 1213 2397 1268 inventa
2462 1214 2597 1284 (ὅθ).
2655 1216 2890 1268 Dicimus
2937 1213 3236 1269 scientiam
3287 1227 3441 1274 esse,
3500 1211 3748 1279 discipli-

2173 1321 2296 1358 nam
2369 1322 2528 1374 esse,
2604 1317 2658 1360 et
2728 1305 3235 1375 indiscipliuabiletn
3301 1305 3570 1358 habitum.
3639 1304 3748 1357 Cui

2145 1397 2386 1465 quidem
2437 1398 2627 1453 damus
2676 1397 2846 1465 majus
2889 1407 2944 1452 et
2987 1397 3206 1462 minus,
3257 1412 3362 1449 non
3412 1405 3592 1469 autem
3645 1396 3752 1448 hoc

2171 1504 2388 1558 quoque
2447 1489 2744 1556 disciplinae
2811 1490 3178 1544 concedimus.
3247 1487 3366 1543 Non
3427 1489 3572 1542 enim
3639 1487 3749 1539 alia

2170 1583 2412 1650 quaedam
2450 1591 2644 1652 praeter
2676 1582 2960 1648 scientiam
3005 1581 3306 1645 exsistens,
3353 1579 3612 1633 virtutem
3662 1579 3750 1631 iu-

2173 1673 2446 1744 telligendi
2506 1674 2688 1728 habet.
2752 1671 2868 1742 Ipsa
2930 1673 3074 1727 enim
3137 1687 3298 1742 posse
3346 1671 3576 1729 scientia
3629 1680 3753 1732 est,

2173 1783 2296 1820 eum
2359 1755 2522 1821 mensi
2567 1765 3021 1835 diseiplinabilis,
3084 1765 3185 1820 hoc
3241 1773 3370 1828 est,
3432 1765 3582 1833 ejus,
3648 1763 3747 1832 qui

494 1826 752 1908 eordans-
774 1854 936 1907 etiam
969 1826 1280 1930 Apostolus
1328 1858 1556 1920 scribit,
1609 1858 1858 1924 primitus
1906 1875 2069 1928 opor-
2098 1826 2144 1882 Β
2174 1857 2470 1927 disciplina:
2511 1873 2678 1928 capax
2706 1826 2837 1923 'est,
2885 1826 3122 1910 alterum
3158 1826 3400 1911 habitum
3433 1826 3756 1925 disciplina-

496 1952 610 1996 tere
674 1946 932 2008 credere.
992 1948 1339 2003 accedentem
1404 1951 1470 2002 ad
1539 1951 1704 2004 Deum
1755 1949 1819 2004 “.
1885 1952 2067 2005 Altera

492 2049 666 2099 vero,
721 2052 824 2104 qua
876 2039 1157 2107 qua-ritur,
1216 2041 1343 2110 quid
1393 2051 1510 2102 est,
1562 2058 1684 2095 ctnn
1734 2042 1802 2097 sit
1845 2043 2068 2112 inappe-

493 2125 661 2182 tibilis
733 2131 1048 2197 creaturis,
1128 2133 1182 2186 in
1250 2132 1361 2186 sola
1439 2131 1707 2187 Trinitate
1778 2136 2068 2200 consistit,

493 2218 699 2273 sciente
750 2219 941 2282 Patre,
997 2224 1138 2290 quod
1187 2234 1271 2277 est
1322 2223 1529 2288 Filius,
1585 2233 1638 2278 et
1692 2224 1870 2294 Filio,
1925 2229 2067 2297 quod

495 2320 578 2364 est
627 2310 808 2377 l'ater,
859 2329 982 2367 eum
1026 2315 1356 2383 evangelista
1405 2317 1552 2371 dicat
1603 2318 1938 2374 Salvatorem
1989 2322 2067 2374 di-

496 2404 642 2459 xisse
691 2405 737 2436 "
770 2424 782 2459 :
819 2425 836 2456 ι
868 2405 1038 2461 Nemo
1079 2410 1267 2473 novit,
1300 2410 1422 2478 quis
1467 2419 1549 2464 est
1591 2411 1789 2476 Filius,
1835 2413 1936 2467 nisi
1969 2413 2071 2467 Pa-

494 2505 598 2560 ter,
650 2508 703 2552 et
747 2500 869 2568 quis
917 2511 1001 2555 est
1044 2501 1207 2556 Pater
1248 2514 1452 2569 noster,
1495 2505 1595 2560 nisi
1646 2505 1816 2561 Filius
1867 2507 2010 2577 (97),
2045 2527 2065 2561 ι

493 2587 754 2655 adjiciens
784 2607 797 2643 :
832 2608 850 2641 ι
875 2601 930 2645 et
963 2592 1049 2645 cui
1104 2592 1331 2646 voluerit
1363 2592 1532 2646 Filius
1582 2595 1844 2650 revelare.
1879 2615 1897 2648 ι
1929 2595 2070 2649 (Ion-

491 2680 704 2746 sidera,
745 2697 809 2735 ne
847 2683 896 2736 in
950 2699 1188 2753 praeceps
1237 2686 1402 2738 ruas!
1452 2685 1672 2740 Revelat
1719 2687 1862 2740 enim
1905 2688 1970 2742 de
2011 2703 2070 2743 se

491 2781 548 2826 et
588 2773 653 2826 de
696 2771 855 2828 Patre
908 2775 1156 2828 natitiam
1215 2775 1296 2829 his
1339 2775 1535 2845 quibus
1583 2785 1836 2846 apparet,
1883 2786 2068 2832 osten-

491 2863 627 2917 dens
657 2873 711 2918 et
759 2865 935 2933 palam
990 2865 1192 2920 faciens
1233 2868 1586 2937 semetipsum
1637 2868 1791 2923 cordi
1834 2870 2068 2934 mentis,

493 2966 549 3005 ut
579 2969 698 3008 eam
750 2956 990 3012 videntes
1037 2959 1546 3028 contemplationem
1595 2959 1828 3014 habeant
1870 2960 2066 3015 Patris.

493 3046 548 3100 Si
604 3063 731 3102 vero
782 3049 1184 3118 permanserint
1237 3050 1631 3103 contendentes
1675 3058 1837 3118 atque
1886 3050 2068 3104 dicen-

2171 1949 2331 2004 biletn
2371 1949 2600 2015 habeat,
2637 1950 2842 2018 absque
2874 1949 3177 2003 substantia
3212 1963 3330 2003 sua.
3381 1947 3457 2002 Ex
3496 1948 3580 2002 his
3612 1948 3744 2016 qui-

2172 2041 2299 2097 libet
2335 2043 2550 2097 iudiciis
2593 2041 2841 2096 eruditus
2887 2040 3288 2111 quodammodo
3328 2040 3602 2107 cognoscit
3648 2036 3756 2091 dif-

2172 2133 2458 2188 ferentiam
2497 2133 2738 2188 scientia:
2781 2133 2910 2197 Dei,
2940 2147 3101 2199 quam
3140 2131 3300 2185 habet
3329 2131 3398 2184 de
3429 2129 3749 2197 semetipso,

2171 2237 2224 2281 et
2256 2240 2417 2294 quam
2453 2226 2632 2294 aliquo
2667 2226 2826 2279 modo
2858 2225 3134 2293 percipere
3169 2231 3432 2276 creatum
3465 2229 3714 2289 possunt.

2243 2319 2405 2373 Vens.
2437 2318 2489 2372 6.
2533 2337 2550 2369 ι
2587 2315 2776 2372 Omnis
2799 2359 2814 2384 ,
2847 2319 2936 2386 qui
2971 2326 3154 2370 manet
3183 2317 3234 2368 in
3264 2329 3362 2380 eo,
3399 2329 3501 2368 nou
3537 2321 3755 2382 peccat.

2171 2412 2394 2477 Omnis,
2439 2410 2530 2480 qui
2584 2420 2809 2478 peccat,
2863 2423 2967 2462 non
3017 2407 3151 2462 vidit
3191 2422 3348 2472 eum,
3401 2420 3499 2460 nec
3541 2419 3757 2475 cogno-

2170 2505 2246 2557 vit
2300 2519 2420 2556 enm
2449 2542 2463 2564 ,
2503 2520 2522 2553 ι
2553 2510 2658 2556 etc.

2243 2595 2397 2650 Sicut
2453 2596 2535 2658 is,
2589 2593 2680 2663 qui
2736 2592 2788 2646 in
2832 2591 3033 2646 virtute
3082 2599 3140 2645 et
3192 2589 3479 2661 disciplina
3530 2598 3754 2656 manet,

2170 2704 2276 2744 non
2331 2694 2520 2756 peccat
2565 2698 2665 2737 nec
2713 2682 2966 2752 ignorat:
3017 2681 3089 2734 ita
3135 2681 3440 2734 consistens
3488 2678 3542 2732 in
3585 2678 3749 2732 Chri-

2170 2791 2289 2846 sto,
2330 2793 2450 2848 qnae
2491 2776 2703 2846 justitia
2745 2784 2828 2829 est
2871 2783 2925 2827 et
2973 2771 3372 2835 sanctificatio,
3431 2786 3535 2824 non
3581 2770 3753 2823 delin-

2171 2873 2307 2940 quit.
2361 2867 2642 2935 Quomodo
2697 2866 2878 2927 enim,
2913 2863 3018 2932 .qui
3065 2879 3189 2916 cum
3227 2861 3436 2930 jttstitia
3485 2871 3603 2927 est,
3665 2863 3747 2914 in-

2165 2956 2436 3027 justitiam
2469 2969 2630 3024 agere
2663 2961 2875 3022 potest,
2910 2963 3002 3005 aut
3049 2967 3171 3004 cum
3219 2951 3582 3004 sanctimonia
3627 2952 3744 3020 pol-

2172 3048 2430 3102 lutionetn
2477 3044 2741 3100 habebit?
2780 3043 2932 3110 Quod
2977 3059 3102 3098 cum
3152 3043 3222 3097 ita
3257 3043 3360 3106 sit,
3405 3042 3618 3105 Omnis,
3655 3041 3746 3107 qui

494 3151 600 3204 tes,
654 3139 793 3193 hanc
859 3140 1144 3194 scientiam
1204 3139 1296 3192 Dei
1351 3141 1646 3193 secundum
1707 3141 2067 3196 substantiam
2097 3164 2139 3219 ρ
2175 3147 2390 3209 peceat,
2429 3136 2602 3194 factus
2637 3148 2932 3192 extraneos
2961 3137 3161 3193 Christi
3187 3179 3202 3200 ,
3239 3154 3346 3191 non
3381 3136 3542 3190 habet
3571 3136 3747 3202 parti-

450 3227 732 3283 'revelare
791 3227 990 3282 Filium
1051 3230 1261 3298 dignis,
1309 3247 1428 3299 qua:
1484 3231 1596 3302 (‘28)
1660 3232 1805 3302 ipse,
1857 3243 1911 3288 et
1959 3233 2065 3288 Pa-

492 3329 596 3377 ter.
645 3329 699 3372 et
746 3330 969 3373 sanctus
1015 3321 1173 3375 habet
1225 3321 1496 3390 Spiritus,
1546 3324 1636 3394 qui
1694 3337 2068 3394 pi-rscrtttalttr

488 3412 654 3466 etiant
708 3411 972 3479 profunda
1029 3413 1119 3468 Dei
1170 3415 1238 3481 ",
1288 3417 1508 3470 audiant
1558 3426 1766 3471 naturtc
1812 3418 2066 3472 differen-

492 3505 643 3558 tiam.
698 3505 863 3574 Igitur
911 3505 1194 3562 Trinitatis
1237 3507 1464 3562 scientia
1525 3510 1900 3564 substantialis
1945 3521 2066 3576 est,

490 3605 862 3651 creaturarum
909 3613 1036 3652 vero
1081 3599 1306 3654 allectus
1340 3601 1556 3666 quidam
1597 3601 1896 3669 suscipiens
1949 3617 2064 3656 ma-

491 3690 573 3756 gis
622 3688 734 3760 (29)
769 3701 821 3743 et
861 3689 1054 3745 minus.
1100 3691 1164 3744 Et
1215 3690 1542 3761 impossibile
1585 3703 1667 3746 est
1707 3693 1896 3748 eadem
1943 3709 2065 3762 per-

489 3780 674 3834 venire
739 3780 792 3833 in
844 3782 922 3835 eis
977 3797 1097 3850 qua:
1148 3781 1601 3847 substantialiter,
1637 3792 1689 3837 et
1737 3783 1790 3837 in
1837 3785 1916 3839 eis
1948 3801 2067 3854 qua:

489 3886 585 3940 per
640 3871 902 3940 aﬂ'eetmn
942 3883 1086 3926 sunt.
1151 3873 1282 3927 Cum
1342 3874 1485 3928 enim
1552 3875 1724 3929 bonus
1783 3873 1925 3930 Dens
1985 3892 2067 3932 se-

490 3965 728 4017 cundum
805 3964 1162 4018 substantiam
1225 3966 1344 4029 sit,
1415 3965 1506 4034 qui
1575 3967 1761 4034 utique
1824 3969 2063 4022 omnium

489 4072 651 4110 causa
720 4066 836 4120 est,
899 4057 950 4111 hi
1019 4056 1110 4124 qui
1172 4057 1296 4110 facti
1369 4066 1495 4110 sunt
1564 4055 1686 4110 boni
1747 4067 1801 4112 et
1858 4058 2063 4122 sancti,

492 4146 584 4199 Dei
641 4147 1054 4216 participatione
1109 4158 1231 4200 sunt
1289 4149 1460 4213 tales,
1519 4148 1589 4202 ita
1645 4158 1703 4202 ut
1759 4151 1922 4205 multa
1992 4151 2060 4206 sit

490 4238 794 4294 diui-rentia
837 4239 957 4293 boni
1002 4240 1090 4294 Dei
1139 4249 1194 4293 et
1239 4240 1391 4294 b-mm
1437 4250 1743 4296 creaturae:
1782 4243 1870 4297 ille
1909 4259 2062 4296 nam-

491 4345 600 4398 que
655 4347 761 4385 non
828 4346 892 4386 ea
959 4331 1177 4399 aliquo,
1249 4334 1341 4386 sed
1397 4332 1697 4386 substantia
1764 4334 1888 4388 talis
1947 4345 2063 4398 est,

491 4425 584 4478 sed
635 4439 810 4492 neque
859 4425 1065 4481 factura
1122 4426 1264 4480 tali~'.
1307 4424 1586 4480 Creaturai
1629 4442 1760 4482 vero
1803 4443 1868 4482 ex
1919 4426 2060 4490 Deo,

2171 3233 2369 3300 cipiunt
2416 3247 2516 3286 nec
2563 3233 2876 3287 societatem
2926 3232 3085 3300 ejus;
3127 3247 3250 3284 nam
3289 3246 3411 3283 cum
3442 3227 3608 3290 dicit,
3641 3243 3747 3280 non

2171 3325 2305 3378 videt
2345 3341 2497 3388 eum,
2544 3324 2848 3395 signiﬁcat,
2884 3323 3024 3392 quod
3073 3322 3416 3391 participium
3449 3337 3550 3374 non
3585 3320 3750 3374 habet

2171 3411 2310 3480 ejus.
2345 3409 2442 3465 Cui
2488 3427 2572 3465 res
2602 3426 2941 3480 consequens
2983 3421 3102 3477 est,
3135 3420 3190 3464 ut
3237 3425 3410 3479 nt‘qUe
3463 3409 3749 3463 scientiam

2169 3501 2288 3571 ejus
2323 3501 2590 3556 iuternam
2625 3501 2824 3556 habere
2856 3500 3107 3554 videatur
3137 3519 3150 3553 :
3181 3501 3306 3554 dmn
3343 3500 3419 3564 is,
3452 3501 3542 3568 qui
3574 3499 3625 3551 in
3656 3513 3746 3552 su-

2171 3593 2388 3662 perlicie
2419 3593 2820 3662 perceptionem
2872 3590 2962 3644 Dei
3018 3589 3212 3653 habet,
3262 3603 3490 3658 peccare
3541 3588 3743 3655 possit,

2171 3685 2358 3754 quales
2386 3695 2542 3740 erant
2575 3685 2667 3738 filii
2700 3683 2846 3747 lleli,
2881 3683 3213 3737 sacerdotes.
3249 3680 3356 3735 Sed
3386 3690 3442 3734 et
3471 3679 3559 3732 alii
3595 3678 3746 3731 simio

2173 3780 2298 3834 liter
2349 3780 2699 3842 sacerdotes,
2743 3777 2870 3848 qui,
2917 3791 3038 3831 cum
3088 3775 3418 3844 putabantur
3460 3769 3745 3826 scientiam

2171 3872 2262 3927 Dei
2300 3869 2499 3925 habere
2524 3911 2540 3936 ,
2574 3872 2867 3938 peceahant
2890 3908 2905 3933 ,
2937 3877 2990 3922 et
3019 3877 3304 3937 peccantes
3332 3863 3533 3920 efﬁcaci
3565 3863 3745 3917 scien-

2172 3965 2241 4019 tia
2296 3964 2666 4034 privabantur,
2717 3961 3088 4030 imaginariam
3144 3957 3516 4012 tantummodo
3568 3955 3746 4008 scien-

2173 4057 2303 4110 tiam
2351 4055 2611 4109 habentes
2652 4053 2789 4123 ejus.
2841 4053 2994 4108 Sicut
3037 4051 3180 4105 enim
3217 4051 3306 4120 qni
3343 4047 3743 4119 perceptionem

2171 4150 2335 4204 habet
2383 4149 2436 4202 in
2483 4147 2770 4218 superficie
2819 4145 2974 4211 boni,
3026 4145 3136 4215 agit
3188 4144 3362 4203 male,
3403 4158 3526 4194 cum
3569 4139 3747 4193 uultus

2171 4239 2309 4294 male
2338 4253 2504 4308 agens
2538 4232 2733 4291 Habeat
2761 4236 3208 4306 disciplinabilem
3238 4233 3562 4287 intellectum
3595 4230 3743 4284 boni.

2169 4331 2302 4384 Nam
2353 4331 2396 4384 si
2443 4339 2624 4382 nosset
2665 4329 2946 4383 utilitatem
2994 4329 3152 4391 boni,
3201 4327 3420 4396 eligeret
3453 4324 3741 4392 participa-

2171 4424 2370 4477 tionem
2422 4422 2575 4492 ejus,
2623 4434 2680 4476 ut
2722 4437 2816 4490 per
2857 4421 2975 4489 ejus
3020 4419 3269 4474 effectum
3311 4419 3594 4472 utilitatem
3629 4414 3748 4483 ejus

490 4525 545 4571 ct
579 4531 685 4571 non
736 4534 801 4571 ex
844 4518 1152 4588 semetTpsis
1187 4526 1314 4571 sunt
1351 4519 1523 4571 boum.
1572 4517 1632 4571 Et
1660 4527 1908 4572 creatura
1945 4519 2065 4588 qui-
2099 4497 2140 4551 θ
2175 4517 2520 4584 acquireret,
2567 4514 2911 4584 intelligendo
2955 4523 3010 4568 et
3063 4513 3302 4581 agendo,
3352 4511 3493 4579 quod
3547 4511 3745 4564 bonum

489 4609 612 4664 dem
646 4610 783 4663 bona
815 4618 932 4675 est,
970 4597 1061 4663 ille.
1094 4623 1223 4663 vero
1255 4625 1372 4662 eum
1409 4610 1582 4665 bonus
1621 4610 1727 4677 sit,
1763 4611 1934 4667 bonos
1969 4631 2065 4672 nos

489 4697 640 4753 facit.
677 4697 802 4752 llarc
836 4699 1022 4750 eadem
1058 4698 1278 4752 ditenda
1315 4711 1437 4753 sunt
1471 4708 1524 4754 et
1565 4699 1632 4755 de
1679 4712 1863 4756 saneto
1903 4714 1957 4760 et
1996 4708 2061 4762 de

489 4789 740 4843 omnibus
800 4788 992 4853 rebus,
1047 4789 1243 4858 quibus
1292 4790 1430 4843 Dens
1485 4789 1916 4849 substantialiler
1967 4810 2068 4854 est.

491 4881 766 4935 Creaturte
799 4895 926 4933 vero
952 4879 1362 4950 participatione
1396 4880 1485 4936 Dei
1514 4893 1639 4936 sunt
1677 4885 1826 4939 tales.
1863 4885 1958 4942 llis
1990 4891 2064 4945 ita

489 4971 800 5038 declaratis,
843 4969 1004 5026 etiam
1044 4975 1110 5028 dc
1153 4974 1378 5027 scientia
1425 4989 1605 5028 sermo
1641 4973 1920 5036 faciendus
1960 4992 2060 5038 est.

490 5067 624 5118 Cum
680 5065 819 5121 Deus
870 5083 1022 5122 mens
1072 5069 1170 5132 sit,
1223 5068 1496 5122 intellectu
1556 5073 1788 5126 naturali
1838 5084 1893 5128 et
1939 5077 2066 5130 sub-

479 5159 732 5212 .stautiali
785 5161 932 5212 navit
972 5175 1032 5214 ea
1085 5176 1204 5228 qua:
1255 5162 1422 5216 novit.
1469 5164 1747 5219 L‘reaturze
1794 5181 1952 5230 vero,
2000 5168 2064 5220 li-

490 5260 576 5306 eet
623 5251 886 5314 habeant,
926 5261 982 5304 ut
1025 5252 1132 5305 sint
1184 5268 1362 5317 meus,
1400 5265 1637 5307 attamen
1679 5266 1732 5308 et
1778 5257 2060 5311 scientiam

563 5371 609 5401 ”
652 5371 807 5425 llt-br.
845 5387 930 5435 xl,
963 5371 1016 5425 6.
1093 5370 1138 5403 ³⁸
1177 5370 1330 5425 Joan.
1366 5388 1456 5439 XI,
1489 5371 1578 5426 97.

563 5462 679 5530 (‘25)
720 5463 935 5531 Repone
959 5481 1135 5532 quam.

566 5533 677 5598 (ἳίίι
718 5532 892 5586 Locus
925 5535 1064 5587 haud
1097 5534 1257 5588 dubie
1291 5535 1422 5586 vitio
1469 5534 1671 5587 lah-irat
1719 5534 1899 5586 nescio
1929 5549 2057 5602 quo.

494 5601 633 5664 Quid
667 5602 712 5654 si
750 5619 976 5670 reponas
1007 5620 1104 5671 pro
1131 5605 1277 5672 quia,
1317 5607 1580 5664 notitiam,
1629 5621 1748 5654 ιιιιικ
1802 5622 1814 5655 :
1847 5601 2067 5656 (mrtem-

493 5672 674 5736 plundi
705 5688 818 5723 eum
844 5674 868 5724 .’
899 5673 990 5727 Vel
1036 5676 1106 5726 ila
1145 5691 1156 5727 :
1194 5678 1415 5727 ostendit
1451 5675 1690 5725 notitiam
1711 5715 1723 5735 ,
1752 5676 1875 5742 quia
1920 5675 2064 5741 (ὅτι)

533 5776 548 5792 .
595 5777 606 5790 .
654 5777 666 5789 .
711 5779 723 5791 .
767 5753 972 5802 tracta.
1018 5782 1031 5796 .
1077 5783 1090 5796 .
1137 5785 1150 5797 .
1198 5783 1209 5794 .
1252 5743 1655 5808 contemplandi.

567 5808 681 5876 (Ἥ)
721 5809 853 5863 Mile
897 5813 1213 5867 Gallandius
1244 5854 1258 5879 ,
1300 5811 1362 5866 1ιί
1400 5814 1487 5880 qui
1536 5825 1606 5867 rs!
1658 5811 1814 5866 I’utcr
1867 5826 2061 5880 noatcr,

1657 5373 1700 5404 ³⁸
1742 5373 1760 5426 Ι
1793 5374 1916 5426 Cor.
1953 5389 2020 5438 II,
2061 5372 2145 5428 10.

2172 4619 2275 4665 est.
2332 4607 2550 4678 Itaque,
2611 4609 2703 4678 qui
2747 4607 3032 4662 scientiam
3084 4605 3244 4661 habet
3291 4603 3422 4670 Dei,
3473 4602 3748 4672 sapienter

2171 4701 2524 4771 participatur
2568 4714 2633 4755 eo
2673 4700 2764 4769 qui
2799 4707 2881 4753 est
2914 4699 3117 4761 bonus,
3145 4697 3360 4766 justus,
3401 4706 3655 4756 sanctus,
3688 4701 3749 4746 et

2187 4794 2319 4849 nihil
2353 4795 2461 4862 agit
2490 4792 2633 4864 quod
2671 4794 2754 4847 his
2792 4793 2951 4846 rebus
2980 4793 3265 4846 adversum
3290 4799 3391 4844 est.
3429 4788 3528 4852 Qui
3567 4797 3746 4840 autem

2175 4889 2513 4943 sensibilium
2549 4903 2734 4942 rerum
2761 4887 3043 4941 scientiam
3083 4885 3271 4945 habet,
3309 4879 3650 4934 solummodo
3684 4881 3750 4934 ll—

2170 4996 2356 5052 gnram
2390 4981 2590 5050 speciei
2627 4994 2806 5034 rerum
2853 4975 3183 5032 sensibilium
3219 4970 3466 5041 percipit.
3521 4968 3630 5024 Nec
3663 4979 3746 5026 ta-

2169 5091 2290 5126 tneu
2325 5085 2582 5142 operatur
2609 5072 2899 5125 secundum
2924 5081 3065 5120 eam.
3097 5064 3348 5118 Sentiens
3376 5063 3521 5118 enim
3545 5062 3746 5130 aliquis

2166 5165 2382 5234 ignem,
2422 5175 2477 5218 et
2524 5180 2675 5232 aqme
2725 5160 3126 5230 perceptionem
3172 5159 3411 5224 habens,
3445 5173 3551 5212 non
3598 5157 3744 5220 urit,

2166 5273 2272 5311 non
2310 5257 2561 5310 calefacit
2584 5293 2599 5318 ,
2637 5268 2739 5305 non
2777 5253 3052 5306 humectat
3079 5271 3092 5306 :
3124 5251 3250 5306 dum
3282 5252 3468 5318 utique
3502 5249 3742 5319 discipli-

2175 5464 2273 5516 niai
2307 5458 2522 5514 Filius?
2907 5487 2914 5492 ι

2243 5533 2354 5595 (28)
2399 5528 2782 5599 Reponcudum
2821 5531 3055 5593 videtur,
3086 5544 3264 5598 quam.

2241 5602 2354 5671 (29)
2395 5600 2645 5671 Fortasse
2685 5602 2880 5671 majus.

2241 5664 2353 5735 (50)
2397 5669 2566 5726 Locus
2605 5664 2887 5725 (iallabdin
2927 5679 2981 5722 et
3018 5667 3283 5720 obscurus
3317 5676 3367 5718 et
3406 5665 3625 5718 Itttttiltts
3659 5664 3741 5716 Vi—

2169 5739 2579 5863 deturkabsque
2608 5757 2705 5811 ope
2740 5742 2892 5794 codd.
2927 5755 3054 5794 mss.
3090 5739 3228 5792 haud
3264 5735 3418 5792 facile
3451 5737 3743 5791 restituen—

2169 5817 2284 5863 dus.
2405 5824 2507 5863 t'tt'.

2169 5817 2284 5868 dus.
2326 5813 2367 5863 ιι
2405 5824 2507 5865 t'tt‘.
