4118 6424
304 409 327 466 Ι
340 406 441 465 789

1224 402 1627 459 ENARRATIO
1668 402 1733 458 IN
1775 400 2167 459 EPISTOLAM
2207 400 2317 457 IS.
2357 397 2668 456 JOANNIS.

3456 398 3592 456 {790

304 537 430 577 nam
486 519 784 588 intellexit,
829 534 934 574 non
982 520 1215 591 speciem
1255 520 1372 590 ejus
1420 521 1711 589 habuerit,
1768 537 1887 577 cum
1922 528 1961 584 Α
1997 518 2092 575 llis
2125 533 2423 590 cuugrumn
2450 516 2616 570 etiam
2640 556 2656 578 ,
2682 529 2802 584 quae
2835 515 2901 570 de
2930 515 3139 571 Anania
3176 515 3323 571 dicta
3359 533 3594 572 noscun-

303 614 422 669 hac
449 611 733 682 disciplina
765 611 969 681 aliquid
995 610 1252 667 sensibile
1281 627 1389 667 non
1417 614 1519 677 sit,
1553 622 1613 667 ut
1641 622 1898 683 operetur

304 703 615 760 secundum
642 716 785 758 eam.
826 700 1042 757 Praebet
1073 704 1218 758 enim
1259 704 1606 771 operatioues
1646 705 1899 774 proprias

304 795 358 852 ei
377 834 394 861 ,
419 796 512 865 qui
541 795 772 866 percipit
799 809 943 861 eam.
967 793 1103 850 Cum
1135 796 1250 851 haec
1276 796 1472 851 divisio
1498 797 1851 852 scientiarum
1877 837 1892 861 ,

310 888 569 959 quoniam
602 889 802 942 bonum
834 887 1096 942 sensibile
1124 902 1228 941 non
1262 897 1345 942 est
1368 928 1382 950 ,
1414 888 1508 941 sed
1542 887 1900 956 intelligibilis

304 978 540 1036 essentia
582 978 727 1034 Deus
766 989 887 1046 est,
932 978 1023 1048 qui
1066 989 1152 1034 est
1194 979 1246 1033 in
1295 978 1473 1043 bono,
1506 979 1632 1033 dum
1667 980 1898 1049 partici-

311 1080 473 1143 patur
502 1070 644 1136 Deo,
691 1085 796 1125 non
829 1079 1055 1139 peccat,
1084 1070 1303 1140 quando
1354 1071 1468 1141 ipsa
1512 1070 1740 1124 scientia
1774 1086 1899 1125 mox

315 1164 470 1234 agit,
508 1173 568 1218 ut
603 1164 976 1233 operationem
1011 1162 1240 1230 haheat,
1273 1177 1397 1233 quae
1436 1162 1769 1216 intellectum
1810 1176 1902 1216 ve-

314 1272 435 1311 rum
486 1256 749 1312 bonitatis
784 1254 1057 1310 habuerit.
1089 1255 1215 1309 Haec
1244 1266 1376 1325 ergo
1409 1255 1612 1324 scripta
1646 1264 1771 1308 sunt
1806 1268 1898 1308 se-

308 1348 548 1403 cundum
602 1348 916 1401 continuam
969 1348 1416 1415 congruentiam,
1475 1361 1707 1416 quorum
1759 1346 1903 1400 reci»

328 1439 709 1510 precationes,
738 1438 1051 1509 quicunque
1080 1440 1271 1504 novit,
1311 1441 1449 1495 bene
1477 1440 1632 1509 agit;
1684 1453 1808 1493 nam
1855 1438 1901 1493 si

311 1532 526 1599 omnis,
572 1530 665 1602 qui
721 1532 774 1586 in
824 1531 935 1586 Deo
980 1541 1098 1599 est,
1146 1546 1487 1600 consequens
1541 1542 1623 1584 est
1685 1538 1742 1583 ut
1785 1545 1891 1584 non

326 1634 549 1694 peccet,
579 1624 793 1689 omnis,
823 1624 919 1692 qui
952 1632 1176 1692 peccat,
1205 1637 1543 1694 consequens
1594 1624 1698 1678 erit
1739 1631 1797 1676 ut
1849 1622 1902 1676 in

254 1784 262 1791 _
326 1717 437 1771 Deo
468 1730 572 1769 non
596 1714 686 1768 sit.
720 1712 832 1768 Hoc
864 1714 1080 1783 quidem
1110 1714 1342 1784 primum
1388 1724 1505 1779 est,
1549 1714 1718 1768 altera
1768 1729 1900 1769 vero

319 1806 479 1873 hujus
512 1804 645 1859 dicti
690 1806 1041 1875 congruentia
1091 1815 1220 1861 est:
1265 1806 1515 1876 quisquis
1561 1807 1725 1860 habet
1768 1821 1895 1874 pec-

319 1896 495 1953 candi
519 1896 856 1967 propositum
878 1937 894 1963 ,
930 1896 1150 1951 habebit
1177 1897 1626 1967 consequentiam
1661 1911 1769 1951 non
1817 1897 1900 1951 vi-

2021 1893 2089 1946 ἔτι
2152 1891 2304 1956 ὄντος
2363 1894 2428 1945 ὲκ
2481 1891 2731 1945 διαὸόλου
2752 1931 2767 1957 ,

325 1990 488 2045 dendi
520 2005 622 2044 nec
655 1988 1015 2058 cognoscendi
1045 1988 1212 2044 Deum
1235 2031 1251 2056 ,
1274 1988 1427 2056 cujus
1455 1990 1632 2044 denuo
1662 1990 1901 2057 recipro-

317 2081 463 2136 catio
490 2095 614 2135 cum
659 2078 1004 2148 oppositione
1039 2088 1378 2150 generatur;
1422 2082 1496 2134 ita
1547 2081 1762 2147 omnis,
1813 2081 1902 2149 qui

315 2174 467 2228 novit
499 2184 554 2229 et
583 2174 718 2227 vidit
748 2188 873 2228 eum
898 2213 913 2237 ,
947 2187 1052 2226 non
1084 2183 1295 2242 peccat.
1346 2172 1405 2228 lu
1447 2173 1546 2227 hac
1574 2187 1703 2242 ergo
1732 2174 1907 2228 conti-

317 2280 424 2321 nua
474 2264 832 2335 congruentia
888 2262 1233 2333 significatur
1281 2264 1522 2319 eruditio
1568 2266 1734 2319 trina.
1787 2265 1909 2321 Pri-

316 2372 467 2411 mum
503 2371 625 2411 cum
662 2356 862 2410 dicitur
890 2354 1200 2410 differentia
1234 2356 1447 2409 videndi
1477 2354 1545 2409 ad
1573 2371 1909 2427 cognoscen-

319 2448 446 2504 dum
475 2490 491 2516 ,
542 2448 728 2503 dicens
760 2448 833 2502 ita
866 2462 971 2502 non
1001 2461 1164 2516 posse
1190 2447 1335 2501 scire
1369 2448 1537 2501 Deum
1561 2489 1576 2513 ,
1607 2450 1699 2519 qui
1740 2449 1906 2505 disci-

320 2540 633 2611 plinabilem
680 2553 785 2592 non
831 2539 998 2593 habet
1032 2536 1411 2603 intellectum,
1439 2538 1534 2593 sed
1584 2555 1686 2595 nec
1727 2541 1915 2596 videre

319 2645 485 2693 eum,
532 2631 624 2699 qui
678 2646 743 2684 eo
791 2637 1049 2698 expertus
1100 2643 1206 2682 non
1255 2637 1358 2683 est.
1409 2630 1584 2697 Super
1636 2632 1722 2685 illa
1771 2647 1904 2688 vero

329 2722 497 2776 etiam
531 2723 633 2776 hoc
664 2722 954 2776 dtcendutn
984 2732 1099 2785 est,
1130 2720 1221 2790 qui
1252 2736 1316 2773 t-x
1346 2722 1605 2789 operibus
1634 2722 1751 2791 ejus
1778 2739 1910 2779 seu-

330 2814 540 2869 sibilius
587 2813 842 2882 percipit,
892 2812 1027 2866 vidit
1075 2828 1235 2877 eum,
1283 2815 1556 2868 revelante
1590 2802 1744 2870 Filio.
1802 2814 1909 2869 Sed

325 2905 490 2959 etiam
521 2905 615 2973 qui
644 2905 886 2957 divinam
915 2904 1218 2958 doctrinam
1259 2906 1407 2958 novit
1434 2945 1449 2971 ,
1483 2905 1768 2960 scientiam
1801 2906 1920 2975 ejus

325 2994 490 3049 habet
524 2993 662 3064 (3|).

405 3084 565 3139 Vens.
599 3084 653 3138 8.
703 3102 722 3135 ι
762 3083 862 3149 Qui
903 3082 1032 3137 facit
1072 3096 1392 3151 peccatum,
1440 3084 1531 3139 ex‘
1562 3085 1780 3142 diabolo
1816 3097 1923 3153 est,

329 3176 457 3247 quia
494 3178 563 3229 ab
603 3175 756 3229 initio
793 3174 1044 3229 diabolus
1073 3184 1280 3243 peccat.
1317 3177 1371 3229 In
1405 3177 1509 3231 hoc
1542 3179 1797 3247 apparuit
1830 3178 1924 3233 Fi—

332 3268 441 3324 lius
469 3267 585 3330 Dei,
614 3275 675 3319 ut
702 3265 876 3319 solut
899 3279 1061 3334 opera
1095 3265 1318 3319 diaboli.
1358 3282 1378 3315 ι

412 3356 633 3429 Ἐπειδὴ
660 3356 771 3428 γὰρ
810 3356 915 3427 πρὸ
955 3355 1093 3409 πάν-
1237 3354 1504 3422 Quoniam
1553 3370 1664 3425 prae
1715 3356 1931 3411 cunctis

330 3449 613 3520 των-(52),
646 3448 880 3521 τραπεὶς
922 3446 1091 3499 652d:—
1166 3445 1414 3501 diabolus
1470 3460 1663 3500 versus
1720 3454 1803 3501 est
1861 3446 1928 3500 ad

332 3542 486 3606 σολος
524 3544 583 3595 ὲν
626 3540 704 3611 τῷ
755 3538 1092 3610 ἁμαρτάνειν
1165 3538 1520 3608 peccandum,
1548 3553 1613 3593 ex
1646 3552 1711 3594 eo
1735 3552 1930 3593 nomen

332 3637 575 3705 γέγονεν,
601 3634 662 3698 te
682 3630 848 3687 αὐτοῦ
875 3648 1096 3702 χρημα-
1167 3631 1352 3685 habet.
1427 3627 1447 3703 [
1475 3629 1731 3685 Diabolus
1802 3643 1934 3700 ergo

332 3729 472 3794 τιζει
504 3728 612 3791 πᾶς
637 3727 667 3779 ὁ
702 3724 1097 3797 ἁμαρτητικιῖκ
1167 3722 1362 3779 Graeco
1384 3721 1647 3776 vocabulo
1664 3720 1930 3789 seductor,

335 3820 597 3894 ἐνεργῶν.
1168 3829 1263 3871 seu
1301 3823 1613 3877 accusator,
1654 3812 1742 3867 vel
1779 3815 1936 3867 dero-

336 3923 490 3983 gutor
518 3911 790 3982 significat
826 3908 995 3982 (53).]
1036 3907 1101 3962 Et
1172 3905 1371 3970 omnis,
1401 3905 1491 3974 qui
1527 3914 1785 3975 operatur
1813 3917 1938 3974 pec-

338 4014 553 4069 catum,
583 4014 759 4074 potest
787 4004 873 4058 tali
908 3999 1165 4073 appellari
1197 3997 1481 4054 vocabulo.

343 4096 607 4154 l'ussilﬁle
632 4096 778 4151 enim
809 4097 932 4159 hoc,
966 4092 1108 4163 quod
1149 4092 1227 4146 ait
1258 4092 1325 4146 ab
1358 4090 1516 4145 initio
1555 4103 1787 4161 peccare
1819 4087 1937 4145 dia-

344 4187 547 4251 bolum,
575 4187 738 4240 etiam
775 4186 854 4239 sic
889 4180 1115 4253 intelligi
1148 4194 1165 4233 :
1496 4200 1499 4201 ν

341 4274 913 4348 -προάρχεταιγὰρ
941 4274 999 4326 sv
1025 4271 1105 4342 τῷ
1176 4269 1301 4339 quia
1360 4266 1507 4324 omni
1570 4264 1795 4321 homine
1855 4261 1940 4319 fa-

342 4367 737 4442 ἁμαρτάνοντι,
767 4366 835 4420 δι’
866 4363 1104 4436 iamme
1178 4362 1356 4418 ciente
1399 4368 1704 4431 peccatum,
1752 4357 1940 4412 diabo-

344 4461 442 4535 λὴν
482 4459 594 4531 (54)
622 4457 901 4529 λογισμῶν
941 4474 1110 4528 πονη-
1179 4452 1286 4518 lus,
1334 4467 1430 4521 per
1480 4466 1603 4506 eum
1655 4450 1724 4506 ab
1786 4447 1940 4503 initio

349 4553 479 4626 ρῶν,
502 4552 577 4616 ὡς
600 4551 694 4605 ἐπὶ
718 4548 816 4604 τοῦ
846 4549 1039 4605 Ἰούδα.
1183 4550 1392 4606 habens
1453 4548 1811 4619 principatum
1883 4547 1936 4602 in

347 4662 435 4716 eo,
471 4645 563 4717 qui
617 4650 835 4715 peccat,
874 4656 973 4713 per
1036 4641 1406 4697 submissiones
1474 4642 1735 4697 malarum
1791 4638 1939 4710 cogi-

276 4768 305 4791 ς
352 4740 649 4803 talionum,
697 4736 840 4791 sicut
882 4734 935 4789 iu
971 4733 1109 4790 Juda
1163 4734 1361 4790 factum
1419 4740 1571 4797 tum,
1608 4747 1730 4787 cum
1761 4730 1941 4786 misis-

351 4839 436 4886 set
458 4826 703 4885 diabolus
742 4827 795 4881 itt
839 4840 936 4881 cor
971 4825 1110 4894 ejus,
1186 4832 1246 4878 ut
1281 4824 1517 4879 tradere:
1546 4820 1834 4878 Dominum
1872 4819 1939 4886 ³⁷,

352 4920 564 4975 initimn
619 4922 674 4975 in
720 4935 786 4975 eo
818 4917 1077 4987 peccandi
1109 4915 1228 4972 fuit.

423 5010 467 5044 ³⁷
500 5010 655 5065 Joan.
692 5027 809 5074 xm,
835 5011 890 5065 2.

429 5108 545 5175 ('5!)
584 5106 714 5169 llis,
747 5122 866 5173 quae
914 5108 1177 5163 hactenus
1220 5105 1285 5161 ad
1330 5119 1548 5159 versum
1590 5102 1624 5158 6
1666 5104 1941 5173 disputata

359 5187 506 5243 sunt,
549 5191 852 5242 congruere
895 5176 1008 5231 fere
1047 5180 1317 5242 videntur,
1354 5192 1475 5246 qua:
1512 5176 1563 5228 in
1610 5175 1833 5246 scholiis
1878 5178 1945 5231 ad

358 5252 606 5299 ciuitatem
666 5260 882 5297 versum
938 5249 1224 5313 leguntur,
1280 5246 1601 5303 brevissima
1654 5245 1943 5314 quidem-:

360 5317 467 5378 Ἱόὖ
517 5317 628 5387 γὰρ
660 5314 815 5387 κοιτᾲΔ
843 5315 1293 5387 Δμηδένακιιτρὸπον
1336 5315 1500 5371 αὐτοῦ
1541 5315 1947 5387 χωριζομένου,

363 5389 479 5451 πῶς
520 5384 764 5458 ἁμαρτία
791 5384 1317 5458 senescis-993:“;
1370 5387 1429 5439 ὐ
1471 5384 1947 5458 stfapapjde,

362 5454 673 5531 φησὶν.ῴῄ
696 5454 963 5531 ὲῲρακεν,
1003 5454 1123 5531 οὑδξ
1152 5454 1391 5531 ἔγνωκεν
1416 5456 1592 5531 ,αὐτόν
1610 5454 1636 5486 ·’
1654 5454 1819 5531 τοῦτο
1841 5457 1951 5527 γάρ

363 5524 479 5583 {in
508 5524 711 5599 γνῶάις
744 5524 1142 5599 ὲξπιστημονικὴ
1169 5525 1263 5578 καὶ
1289 5526 1590 5590 ἐνδιάθετος
1618 5524 1949 5599 κατανόησιξ

361 5597 528 5664 8.105,
557 5599 618 5653 τὸ
648 5597 725 5668 μὴ
757 5597 1110 5668 ἁμαρτάνειν.

438 5670 550 5737 ιῦἓι
607 5664 728 5736 Πρὸ
764 5664 1005 5721 πάντων
1068 5664 1416 5722 scribendum
1487 5683 1553 5723 ex
1621 5669 1948 5724 auctoritate

366 5743 488 5795 ctttl.
525 5740 583 5795 Ι).

447 5813 557 5879 (53)
590 5812 718 5878 Qua!
752 5810 960 5863 uncinis
1003 5807 1353 5879 scclusintns,
1391 5825 1451 5861 αι
1503 5811 1641 5863 haud
1680 5812 1841 5864 dubie
1883 5813 1950 5863 ab

375 5884 676 5952 interprete
732 5882 922 5937 Latitto
969 5878 1272 5951 t'aplitandt
1331 5898 1491 5935 causa
1545 5882 1753 5951 adjecta
1801 5894 1944 5937 sunt.

2006 622 2114 666 tur.
2154 610 2288 666 Cum
2327 610 2478 680 prius
2508 609 2654 662 enim
2684 606 3007 677 complesset
3040 607 3290 664 diabolus
3329 623 3424 664 cor
3450 608 3588 678 ejus,

2013 712 2202 774 postea
2240 701 2511 774 peccavit,
2550 700 2667 768 ipse
2712 700 3033 769 contingens
3085 700 3152 756 de
3194 699 3371 771 pretio
3402 703 3589 770 praedii

2008 795 2153 865 quod
2193 794 2549 855 vendiderat,
2580 792 2874 847 occasione
2921 791 3313 847 benefaciendi.
3349 792 3595 862 Respon-

2003 888 2129 943 deat
2157 886 2359 956 aliquis
2402 886 2453 939 iu
2486 885 2590 938 hoc
2624 883 2764 949 loco,
2796 884 3007 948 dicens,
3050 884 3179 954 quid
3211 883 3449 940 efficeret
3479 886 3596 938 dia-

2006 981 2161 1035 bolus
2203 980 2255 1033 in
2292 978 2674 1047 peccatoribus
2696 1016 2713 1042 ,
2750 992 2873 1030 cum
2905 976 3006 1045 ipsi
3041 977 3192 1045 prius
3225 976 3592 1047 peccaverint,

2006 1072 2198 1127 dantes
2238 1070 2290 1125 ei
2332 1069 2548 1125 locum?
2585 1069 2880 1125 Dicendum
2927 1079 3046 1133 est,
3084 1068 3223 1123 idem
3256 1083 3377 1123 esse
3418 1069 3596 1124 facere

2011 1175 2325 1234 peccatum,
2363 1162 2507 1232 quod
2543 1176 2793 1232 peccare,
2828 1177 2950 1215 cum
2991 1163 3154 1215 datur
3179 1162 3395 1217 diabolo
3424 1161 3594 1216 locus.

2007 1254 2108 1308 Dat
2136 1254 2281 1307 enim
2310 1253 2358 1306 ei
2392 1253 2567 1307 locum
2591 1252 3060 1322 concupiscentia,
3085 1268 3270 1323 quam,
3301 1253 3478 1321 fragili
3506 1268 3596 1308 co.

2007 1343 2268 1414 gitatione
2298 1342 2611 1410 subjectus,
2645 1351 2930 1413 postquam
2966 1344 3425 1412 susceperit'eum
3460 1342 3597 1414 (55),

2008 1436 2296 1490 actualiter
2348 1437 2557 1505 peragit
2610 1444 2917 1505 peceatum.
2962 1433 3076 1489 Hoc
3127 1435 3273 1488 enim
3327 1435 3605 1505 significat

2005 1527 2149 1594 quod
2182 1527 2387 1579 dictum
2420 1537 2500 1579 cst
2533 1544 2546 1578 :
2581 1543 2599 1577 ι
2636 1525 2736 1591 Qui
2769 1524 2895 1579 facit
2926 1534 3226 1594 peccatum.
3259 1543 3278 1575 ι

2008 1612 2085 1671 Εὖ
2155 1616 2214 1669 δὲ
2279 1616 2372 1669 καὶ
2444 1616 2506 1669 τὸ
2557 1617 2766 1678 εἰπεῖν,
2842 1614 3497 1685 Benesiquidemdictum
3521 1625 3607 1673 est

2007 1704 2200 1768 ποιῶν,
2228 1706 2344 1759 ἀλλ’
2379 1706 2442 1758 οὐ
2465 1747 2478 1766 ,
2511 1707 2764 1777 ποιήσας·
2839 1707 2932 1778 qui
2970 1707 3134 1774 facit,
3196 1724 3325 1772 non,
3379 1709 3473 1779 qui
3530 1708 3608 1763 fe-

2008 1797 2105 1854 τοῦ
2184 1799 2618 1869 μετανοήσαντος
2673 1798 2773 1850 οὐκ
2843 1804 2941 1865 cit,
2970 1817 3092 1854 cum
3122 1801 3167 1856 si
3192 1801 3304 1869 (36)
3331 1804 3607 1870 pcenitcns

2844 1896 3005 1951 fuerit
3039 1908 3162 1965 post
3203 1907 3455 1966 petcata,
3491 1895 3605 1967 jam

2006 1987 2143 2043 ἀλλὰ
2191 1987 2353 2058 μόνον
2398 1987 2494 2041 τοῦ
2539 1989 2767 2059 ὲνεργή-
2842 1989 2913 2046 sit
2940 2003 3006 2043 ex
3033 1989 3271 2053 diabolo,
3299 1991 3392 2043 sed
3420 1989 3509 2044 ille
3535 1991 3623 2069 sit.

2008 2098 2203 2146 σαντος
2249 2081 2364 2149 (57)
2421 2079 2592 2152 αὐτὴν
2657 2079 2768 2153 (38)
2843 2098 2907 2138 ex
2963 2099 3029 2137 eo
3083 2083 3179 2153 qui
3234 2095 3491 2153 operatur
3539 2087 3605 2139 ad

2007 2170 2111 2224 ἔτι.
2846 2183 3146 2243 peceatum.

2014 2259 2071 2314 Si
2101 2261 2245 2314 enim
2272 2260 2444 2313 etiam
2475 2260 2681 2326 peccati
2713 2275 2905 2315 servus
2931 2263 3123 2330 estqui
3153 2260 3284 2317 facit
3307 2272 3608 2334 peccatum,

2012 2368 2119 2408 non
2145 2352 2306 2406 etiam
2335 2353 2428 2421 qui
2463 2351 2616 2407 fecit.
2646 2351 2838 2407 Omnis
2864 2354 3009 2407 enim
3035 2355 3125 2423 qui
3160 2353 3608 2425 facitpeccatmn,

2013 2460 2207 2500 servus
2230 2455 2314 2499 est
2340 2446 2577 2512 peccati.
2616 2444 2957 2517 Quapropter
2994 2446 3308 2514 increpandi
3339 2462 3465 2501 sunt
3500 2449 3611 2502 hae-

2016 2537 2196 2600 retici,
2229 2536 2496 2597 dicentes.
2536 2551 2630 2590 eos
2663 2536 2752 2604 qui
2788 2546 3014 2605 peccant
3039 2578 3053 2602 ,
3095 2538 3417 2594 naturaliter
3445 2540 3618 2596 malos

2016 2645 2083 2685 ex
2115 2628 2334 2683 diabolo
2363 2643 2508 2694 esse,
2535 2637 2589 2683 et
2618 2630 2731 2698 (39)
2776 2628 3205 2683 substantialiler
3234 2645 3356 2683 esse
3389 2631 3612 2685 malum.

2021 2721 2275 2777 Diabolus
2316 2722 2464 2775 enim
2512 2735 2620 2775 non
2671 2704 3126 2786 substantialiter,
3159 2722 3253 2776 sed
3299 2721 3617 2776 voluntariae

2019 2814 2354 2883 operationis
2382 2813 2651 2867 lndicittm
2683 2823 2788 2866 est.
2825 2813 3005 2868 Posila
3028 2822 3110 2867 est
3134 2822 3314 2867 autem
3344 2823 3399 2868 et
3425 2828 3616 2879 causa,

2022 2914 2245 2974 propter
2285 2921 2448 2974 quam
2503 2920 2569 2959 ex
2616 2919 2682 2959 eo
2738 2917 2866 2959 sunt
2908 2913 3259 2975 peccatores,
3309 2905 3483 2976 palam
3543 2905 3623 2973 fa-

2025 2995 2200 3059 ciens,
2224 3011 2329 3049 non
2367 2996 2724 3049 substantiam
2760 2995 2897 3064 ejus,
2931 2997 3025 3051 sed
3061 2998 3457 3066 Operationeut.
3489 2997 3623 3052 Pec-

2028 3099 2161 3138 c:tre
2191 3099 2427 3155 namque
2456 3086 2705 3154 operatio
2735 3097 2839 3151 est,
2880 3087 3057 3140 nullus
3083 3097 3264 3141 autem
3302 3088 3627 3143 naturaliter

2032 3175 2136 3229 hoc
2170 3190 2355 3245 agens.
2391 3177 2558 3245 Igitur
2585 3192 2815 3245 peccare
2843 3178 3206 3232 voluntarium
3240 3189 3343 3234 est.
3385 3179 3626 3233 Destrui-

1952 3242 1995 3298 δ
2035 3278 2122 3321 tur
2145 3279 2323 3321 autem
2355 3269 2586 3323 scientia
2622 3270 2891 3338 ejusmodi
2926 3271 3202 3325 hominum
3235 3272 3397 3325 etiam
3435 3287 3499 3325 ex
3543 3272 3627 3327 his

2032 3373 2153 3426 qme
2186 3371 2513 3428 sequuntur.
2543 3362 2633 3414 Ait
2664 3363 2808 3415 enim
2846 3381 2859 3417 :
2898 3382 2917 3414 ι
2956 3363 3010 3417 In
3042 3364 3143 3418 hoc
3174 3367 3425 3433 apparuit
3456 3364 3627 3421 Filius

2035 3449 2154 3513 Dei,
2184 3460 2242 3504 ut
2282 3450 2460 3505 solvat
2496 3466 2659 3520 opera
2694 3451 2917 3507 diaboli.
2958 3473 2977 3506 ι
3015 3455 3193 3523 Opera
3236 3472 3469 3524 namque
3509 3459 3627 3513 dia-

2032 3538 2140 3594 boli
2187 3548 2314 3595 sunt
2346 3555 2448 3605 ea,
2485 3555 2604 3609 qua:
2660 3541 2876 3595 Satanae
2922 3542 3199 3597 voluntate
3247 3546 3625 3613 perficiuntur.

2039 3630 2385 3701 Quapropter
2431 3630 2597 3685 etiam
2640 3632 2756 3686 haec
2812 3632 3093 3687 solvuntur
3120 3673 3136 3698 ,
3184 3634 3310 3689 dum
3356 3637 3400 3690 si
3446 3648 3631 3694 essent

2037 3721 2495 3785 suhstautialiter,
2526 3721 2660 3776 solvi
2699 3738 2803 3775 non
2847 3732 3102 3791 possent,
3140 3734 3191 3777 et
3234 3725 3471 3780 maxime
3500 3742 3624 3783 cum

2038 3812 2137 3881 ipsi
2166 3814 2369 3880 dicant,
2397 3814 2521 3868 tnali
2551 3823 2797 3868 naturam
2828 3816 3143 3885 ingenitam.
3172 3814 3278 3871 Se'd
3304 3818 3418 3887 (60)
3446 3828 3628 3874 autem

2039 3904 2304 3975 ingenita,
2336 3914 2392 3960 et
2418 3906 2537 3961 sine
2564 3907 2869 3976 perditione
2888 3916 2991 3960 est.
3024 3907 3158 3961 Dutn
3189 3924 3317 3963 vero
3348 3909 3633 3966 solvantur

2038 4013 2208 4068 opera
2249 3998 2486 4063 diaboli,
2513 3999 2679 4070 igitur
2709 3999 3014 4053 voluntaria
3053 4011 3182 4053 sunt
3214 4002 3347 4067 haec,
3383 4018 3490 4056 non
3524 4003 3632 4058 uti-

2039 4106 2145 4161 que
2196 4091 2582 4146 involuntaria.
2626 4092 2778 4159 Quod
2827 4100 3006 4146 autem
3044 4093 3141 4158 ait,
3191 4093 3510 4163 apparuisse
3538 4091 3633 4149 Fi-

2039 4183 2170 4239 lium
2214 4175 2305 4239 Dei
2347 4200 2445 4256 per
2488 4185 2955 4251 incarnationem,
3005 4185 3107 4239 hoc
3145 4184 3502 4243 factumesse
3546 4188 3629 4242 di-

2040 4276 2273 4331 cendum
2301 4287 2406 4345 est,
2436 4280 2655 4349 quando
2680 4279 2732 4332 iu
2756 4293 2923 4333 carne
2955 4278 3235 4348 apparuit,
3260 4288 3315 4335 et
3347 4279 3400 4333 in
3428 4295 3492 4337 ea
3518 4296 3635 4336 ma-

2042 4367 2330 4425 nifestatus
2356 4380 2461 4425 est.

2117 4462 2275 4518 Vsus.
2305 4462 2358 4527 9,
2396 4461 2479 4515 10.
2522 4480 2540 4514 ι
2581 4461 2789 4527 Omnis,
2826 4463 2916 4534 qui
2952 4471 3109 4518 natus
3134 4472 3309 4519 estex
3343 4464 3471 4526 Deo.
3503 4480 3634 4535 pec-

2045 4561 2224 4607 catum
2255 4569 2362 4609 non
2396 4551 2523 4608 facit
2547 4595 2562 4617 ,
2589 4554 2715 4623 quia
2756 4565 3003 4609 sanctum
3052 4554 3165 4627 (Η)
3202 4554 3325 4622 ejus
3355 4566 3537 4610 manet
3580 4558 3635 4612 in

2046 4659 2134 4712 eo,
2170 4656 2225 4699 et
2257 4662 2361 4701 non
2409 4657 2592 4718 potest
2625 4661 2871 4717 peccare,
2921 4649 3180 4717 quoniam
3224 4664 3287 4704 ex
3334 4649 3441 4704 Deo
3478 4662 3637 4705 natus

2047 4747 2152 4793 cst.
2188 4740 2242 4793 In
2294 4740 2396 4796 hoc
2441 4742 2867 4797 manifestantur
2902 4742 2998 4796 ﬁlii
3036 4743 3125 4796 Dei
3152 4752 3205 4798 et
3233 4743 3325 4797 filii
3351 4743 3571 4797 diahuli.
3613 4761 3632 4794 ι

2124 4830 2396 4900 ilaeretici,
2432 4835 2523 4903 qui
2575 4848 2672 4903 per
2712 4836 2893 4888 omnia
2954 4835 3212 4891 falluntur
3249 4837 3301 4890 in
3356 4838 3635 4901 omnibus,

2053 4922 2219 4978 etiam
2255 4940 2351 4993 per
2380 4926 2524 4980 hunc
2561 4940 2868 4981 sermonem
2915 4927 3101 4981 volunt
3134 4927 3400 4998 derogare
3436 4928 3634 4982 divini-

2122 5106 2236 5178 (54)
2275 5107 2577 5164 Matthteius
2603 5107 2879 5179 ὐποὸολήν
2911 5104 3166 5177 conjecit,
3196 5120 3315 5175 qua:
3346 5106 3505 5159 lectio
3532 5105 3635 5161 La-

2054 5179 2164 5231 tina
2193 5181 2441 5233 versione
2466 5180 2841 5234 confirmatur.

2126 5249 2238 5319 (55)
2283 5248 2485 5319 Nempe
2514 5250 2810 5304 diabolum.

2128 5314 2241 5391 ('56)
2282 5320 2335 5374 In
2388 5314 2523 5375 Bibl.
2567 5331 2616 5391 et
2658 5320 2846 5376 Colon.
2897 5328 2952 5375 et
2996 5316 3241 5391 Lugdun.
3293 5314 3499 5391 legitur
3532 5315 3630 5391 it_a,

2054 5386 2172 5442 cum
2206 5386 2248 5443 is
2279 5393 2551 5460 paenitens.
2578 5389 2828 5446 Gallantl.
2861 5386 3131 5459 reposuit,
3160 5402 3278 5460 cum
3328 5387 3371 5438 is
3416 5388 3522 5453 qui.
3556 5386 3635 5460 lix

2056 5462 2245 5515 Gra‘co
2271 5456 2747 5531 exetnplorectius
2774 5456 2968 5531 opinor
2996 5458 3357 5531 restituimus,
3385 5470 3503 5509 cum
3526 5456 3599 5513 si.

2298 5530 2699 5617 ’[ξνεργοῦντος,
2734 5527 2879 5617 recte
2912 5531 3031 5616 cod.
3074 5527 3138 5581 D.

2129 5601 2239 5668 (58)
2277 5601 2501 5667 Λύτήν,
2537 5617 2727 5669 nempe
2768 5601 3062 5672 ἁμαρτίαν.

2131 5673 2241 5739 (δτι)
2282 5673 2629 5726 Inseretrduut
2666 5668 2968 5740 putaverint
2997 5668 3292 5727 diabolum.

2131 5743 2242 5809 (40)
2277 5744 2611 5806 Gullzttttfitts,
2637 5745 2703 5803 si,
2737 5754 2899 5796 recte.

2129 5814 2236 5885 (ll)
2279 5814 2419 5867 Bene
2450 5811 2638 5867 Gallan
2663 5816 2784 5880 tius,
2820 5828 3014 5869 sentcn.
