4118 6428
558 381 583 435 ί
597 379 692 440 791

1835 371 2072 427 pluvut
2113 353 2582 429 aasxaxouléu

3691 367 3846 427 HQ!

562 509 679 555 tati.
711 496 984 560 dicentes,
1015 491 1354 546 nativitatem
1401 503 1522 559 qua
1552 503 1616 542 es
1664 489 1845 542 ninndi
1891 497 2136 542 creatore

2238 487 2376 550 ζῶον
2422 487 2730 557 ἐπιστήμην
2760 483 2881 537 τινὰ
2921 484 2995 556 μὴ
3069 485 3329 537 bilitatcm
3354 481 3848 552 signiﬁcauth

563 593 640 653 lit,
680 586 1034 656 peccatricem
1069 598 1212 646 esse,
1241 584 1364 637 dum
1389 597 1451 634 ea
1485 580 1737 634 nativitas
1775 594 1896 648 qua:
1920 594 1987 632 ex
2027 579 2136 632 Deo

562 679 693 734 Novi
735 675 1069 733 Testamenti
1093 713 1109 738 ,
1142 689 1252 728 non
1287 672 1453 740 possit
1487 671 1586 724 hoc
1620 687 1781 739 agere
1810 687 1823 723 :
1867 681 1958 729 et,
1993 671 2138 723 sicut

559 778 752 840 putant
785 771 918 838 ipsi,
955 766 1168 821 Veteris
1211 763 1544 818 Testamenti
1590 764 1750 815 verba
1785 761 2134 822 concludunt,

559 862 650 916 ubi
687 862 949 929 scriptum
980 869 1068 912 est
1109 873 1124 910 :
1182 875 1200 908 ι
1250 856 1414 908 Filios
1449 855 1606 920 geniti
1647 863 1697 906 ct
1745 851 2002 916 cxaltavi,
2038 852 2136 920 ipsi

559 969 690 1008 vero
723 969 806 1006 me
833 960 1153 1020 spreverunt
1180 949 1256 1012 '3;
1287 965 1304 997 ι
1340 956 1393 1001 et.
1427 947 1552 999 illml
1587 963 1600 998 :
1641 963 1659 995 ι
1699 946 1860 998 υιιιιιιι
1921 947 2012 1012 qui
2041 958 2136 1010 ge~

563 1046 679 1096 nuit
710 1053 760 1096 te
784 1038 1120 1107 dereliquisti
1147 1037 1210 1087 ”.
1246 1055 1265 1086 ι
1302 1036 1506 1100 Quibus
1536 1033 1770 1086 inferunt
1809 1033 2020 1096 verbis,
2058 1032 2141 1087 di-

561 1143 750 1190 centes
794 1151 806 1186 :
840 1131 931 1194 Si,
969 1129 1058 1203 qui
1103 1136 1398 1181 nascuntur
1431 1142 1497 1179 ex
1530 1127 1724 1194 opiticc
1760 1125 1977 1190 mundi,
2012 1138 2140 1193 pec~

562 1236 720 1284 cant.
760 1225 846 1278 hic
889 1238 1019 1276 vero
1065 1222 1286 1281 dicitur,
1325 1237 1343 1268 ε
1383 1219 1594 1281 «tinnis,
1641 1217 1731 1284 qui
1765 1225 1848 1269 est
1882 1231 1946 1269 ex
2005 1214 2138 1278 Deo,

562 1323 840 1381 peceatum
890 1326 994 1365 non
1045 1309 1214 1372 facit;
1262 1325 1280 1357 ι
1323 1322 1446 1361 cum
1497 1306 1590 1358 lilii
1631 1304 1940 1359 differentes
1992 1305 2136 1370 sint,

565 1406 781 1471 quando
812 1403 900 1456 alii
936 1400 1152 1470 quidem
1182 1409 1440 1468 peccant,
1476 1399 1564 1451 alii
1601 1415 1726 1452 vero
1756 1412 2137 1466 nequaquam;

563 1510 782 1548 neci-sse
813 1503 895 1550 est
920 1494 1106 1551 etiam.
1135 1501 1323 1562 patres
1351 1505 1538 1545 eorum
1575 1493 1817 1544 diversos
1843 1504 1983 1543 esse.
2020 1487 2143 1541 Ilazc

559 1599 739 1640 autem
793 1587 1014 1657 sapiunt
1065 1585 1310 1650 indocte,
1358 1599 1424 1638 eo
1471 1583 1614 1651 quod
1675 1596 1780 1636 non
1839 1580 2145 1649 intelligunt

561 1677 857 1745 Scriptum
888 1675 1070 1730 verba.
1097 1671 1212 1728 Non
1241 1673 1386 1728 enim
1423 1674 1682 1741 scriptum
1705 1682 1789 1726 est
1823 1689 1838 1725 :
1875 1688 1896 1722 ι
1928 1661 2139 1736 Omnis,

2241 580 2385 652 ἔχειν
2409 621 2424 642 ,
2447 581 2562 635 ἀλλ’
2588 582 2669 634 ὅτι
2703 579 2999 648 δυνάμενος
3075 577 3298 631 tuealetn
3323 616 3338 642 ,
3366 574 3671 629 secundum
3694 582 3846 643 Quod

2239 678 2299 730 οὐ
2332 677 2578 748 βούλεται
2611 676 2962 747 ἁμαρτάνειν.
3073 667 3326 728 άίοἱιιιιιε,
3356 680 3461 719 ιιοη
3498 678 3660 733 posse
3699 665 3849 718 irra-

2244 768 2498 821 tionabile
2569 766 2767 820 animal
2842 763 3180 834 disciplinam
3232 768 3327 812 aut
3395 755 3601 825 aliquid
3653 755 3846 811 sitnlle

2243 859 2537 926 possidere.

2320 945 2415 999 llis
2441 947 2600 1001 dictis
2637 944 2906 1014 sequitur,
2937 941 3079 1013 quod
3131 939 3404 994 manifesti
3441 948 3568 992 sunt
3603 939 3705 993 lilii
3741 939 3838 994 Dei

2243 1047 2299 1091 et
2328 1038 2420 1090 lilii
2458 1037 2682 1091 diaboli.
2716 1037 2773 1093 Si
2807 1037 2951 1091 enim
2985 1033 3187 1095 munis,
3231 1031 3324 1100 qui
3364 1031 3495 1083 facit
3523 1042 3839 1098 peccatum,

2245 1144 2309 1181 ex
2345 1127 2558 1180 diabolo
2586 1136 2689 1191 est,
2717 1138 2769 1183 et
2793 1127 2859 1192 is,
2883 1127 2975 1195 qui
3005 1126 3074 1178 ita
3105 1124 3236 1194 agit,
3272 1120 3674 1186 manifestatur,
3703 1122 3834 1189 quia

2244 1219 2387 1273 tilius
2418 1217 2614 1272 diaboli
2661 1228 2743 1271 est
2778 1237 2790 1270 :
2843 1218 2982 1273 sicut
3031 1216 3248 1286 Elymus
3285 1228 3496 1283 magus,
3527 1229 3650 1266 cum
3685 1223 3838 1267 esset

2246 1311 2436 1379 plenus
2475 1311 2622 1364 omni
2663 1311 2786 1365 dolo
2828 1323 2880 1364 et
2915 1309 3062 1364 omni
3115 1305 3437 1378 iniquitate,
3476 1305 3701 1375 agnitus
3751 1315 3834 1360 eat

2246 1402 2386 1455 filius
2416 1416 2536 1456 esse
2561 1400 2764 1456 diaboli
2797 1399 2869 1458 ‘°.
2909 1400 2974 1453 Et
3009 1399 3266 1468 quoniam
3297 1396 3504 1460 omnis,
3534 1396 3632 1465 qui
3672 1405 3834 1449 natus

2245 1500 2328 1548 est
2355 1508 2418 1546 ex
2453 1492 2586 1555 Deo,
2615 1503 2892 1562 peccatum
2929 1507 3036 1546 non
3068 1490 3195 1546 facit
3215 1530 3232 1556 ,
3257 1504 3384 1544 cum
3418 1487 3619 1542 habeat
3651 1489 3708 1541 in
3747 1502 3834 1542 se-

2225 1581 2480 1653 .metipso
2505 1581 2598 1635 Dei
2637 1596 2818 1637 semen
2842 1621 2858 1643 .
2897 1581 2990 1649 qui
3043 1581 3117 1635 ita
3157 1594 3262 1636 non
3298 1587 3526 1648 peccat,
3562 1577 3839 1632 invenitur

2246 1680 2435 1739 aperte
2466 1672 2606 1726 titius
2633 1688 2758 1728 esse
2787 1671 2906 1727 Dei.

556 1766 645 1834 qui
680 1773 841 1818 natus
866 1773 1038 1820 estex
1084 1765 1210 1830 Deo,
1261 1782 1280 1815 υ
1320 1779 1423 1817 non
1459 1763 1722 1830 peccabit,
1769 1762 1860 1816 sed
1898 1780 1916 1812 ι
1948 1776 2138 1828 pecea-

559 1865 668 1909 tum
695 1872 803 1910 non
830 1856 977 1922 facit,
1017 1874 1034 1908 ι
1087 1869 1207 1909 cum
1251 1856 1434 1924 utique
1474 1869 1579 1908 non
1629 1854 1790 1908 faciat
1827 1863 2130 1922 peccatum,

559 1947 648 2015 qui
675 1948 973 2003 secundum
995 1946 1266 2018 justitiam
1298 1955 1580 2016 operatur.
1615 1944 1714 1998 llic
1738 1944 1882 1998 enim
1913 1952 2014 2008 est,
2041 1943 2131 2013 qui

557 2054 623 2092 cx
653 2039 762 2093 Deo
795 2053 954 2094 natus
978 2047 1080 2104 est,
1108 2039 1319 2092 habens
1351 2038 1685 2092 nativitatem
1716 2035 1856 2106 ejus,
1883 2037 1934 2090 in
1961 2050 2130 2105 quan-

559 2140 668 2181 tmn
717 2130 842 2182 facit
889 2128 1186 2196 justitiam,
1231 2137 1284 2182 et
1318 2127 1440 2180 ideo
1490 2137 1770 2196 peccatum
1825 2141 1929 2180 non
1979 2124 2131 2192 facit,

553 2218 812 2284 quoniam
847 2233 950 2270 non
979 2227 1154 2285 potest
1180 2230 1426 2285 peccare,
1445 2216 1539 2284 qui
1566 2216 1779 2271 videtur
1803 2217 2005 2272 habere
2027 2217 2131 2272 vir-

556 2313 746 2360 tutem.
809 2307 878 2360 Et
915 2306 1044 2361 illud
1081 2305 1198 2374 (42)
1252 2306 1558 2374 siquidem,
1599 2320 1734 2376 quos
1785 2306 2132 2363 introducunt

561 2395 696 2451 lilios
727 2407 1078 2465 peccatores,
1113 2413 1235 2452 cum
1275 2397 1542 2466 justitiam
1585 2397 1866 2462 facerent,
1909 2413 2134 2468 peccare

555 2501 660 2540 non
701 2497 1026 2556 potuerunt,
1084 2498 1209 2544 tunc
1267 2490 1455 2559 utique
1501 2500 1781 2559 peccatum
1837 2489 2132 2558 facientes,

555 2592 679 2632 cum
710 2579 1047 2649 reliquerunt
1088 2582 1412 2650 genitorem,
1441 2593 1498 2638 et
1526 2593 1850 2652 spreverunt
1879 2599 2001 2640 eum
2041 2586 2133 2655 qui

551 2669 811 2727 exaltavit
838 2671 975 2728 illos.
1021 2671 1136 2728 Hoc
1162 2673 1362 2728 etenim
1393 2674 1473 2729 eis
1500 2675 1702 2741 evenit,
1734 2676 1988 2745 quoniam
2015 2690 2134 2732 cea-

468 2760 475 2768 '
550 2774 806 2817 saverant
821 2765 1086 2834 justitiam
1111 2766 1348 2835 operari.
1369 2764 1711 2836 Quapropter
1731 2767 2002 2822 contraria
2026 2782 2132 2824 non

551 2864 677 2907 sunt
709 2856 868 2910 verba
894 2898 906 2922 ,
939 2873 1060 2927 quae
1086 2867 1385 2926 posuerunt
1415 2857 1485 2913 de
1522 2857 1838 2914 diversitate
1864 2859 2131 2926 ﬁliorum;

555 2958 727 3011 neque
755 2946 897 2999 enim
933 2948 1307 3012 demonstrant
1339 2955 1541 3016 patres.

551 3031 654 3086 Καὶ
703 3035 804 3106 τὴν
853 3036 1032 3089 αἰτίαν
1085 3037 1307 3107 προστί-

550 3121 674 3191 Θησι
697 3123 792 3175 τοῦ
885 3123 961 3194 μὴ
1048 3123 1307 3178 δύνασθαι

548 3217 919 3284 ἁμαρτάνειν,
979 3218 1173 3284 λέγων,
1227 3220 1307 3273 ὅτι

552 3307 772 3376 σπέρμα
817 3305 980 3358 αὑτοῦ
1031 3308 1214 3378 μένει·
1257 3309 1308 3362 τί

547 3396 605 3450 δέ
667 3399 781 3451 ἐστι
833 3397 894 3452 τὸ
947 3400 1167 3471 σπέρμα
1213 3403 1307 3456 τοῦ

547 3491 684 3544 θεοῦ
724 3534 738 3559 ,
795 3493 826 3564 ἢ
887 3495 920 3566 ἡ
993 3495 1087 3550 τοῦ
1147 3498 1305 3566 ἁγίου

553 3581 693 3635 Πνεύ
702 3601 872 3654 ματος
926 3588 1272 3659 ἐπιφοίτησις
1290 3629 1305 3654 ,

547 3675 617 3729 δι’
635 3671 702 3747 ἦς
717 3677 1154 3750 άνεγεννήθημεν
1172 3682 1306 3753 (45);

548 3796 618 3806 -
653 3767 726 3820 Τὸ
787 3767 902 3833 οὖν,
962 3773 1022 3824 οὐ
1083 3772 1308 3828 δύναται

548 3858 913 3929 ἁμαρτάνειν,
946 3864 1139 3932 φησιν.
1187 3865 1310 3918 ἀντὶ

549 3951 663 4015 τοῦ,
689 3952 1046 4006 ἀνακόλουθον
1077 3956 1189 4008 ἐστι
1215 3957 1308 4011 καὶ

549 4042 911 4114 ἀνάρμοστον.
953 4046 1026 4098 Οὐ
1073 4048 1181 4117 γὰρ
1221 4048 1309 4100 ὲν-

547 4132 761 4205 δὲχεται
792 4137 882 4189 τὸν
924 4138 1024 4206 τὴν
1062 4155 1308 4208 πνευμα-

550 4227 708 4297 τικὴν
755 4230 1089 4297 φυλάττοντα
1113 4231 1306 4304 γέννη-

553 4335 637 4370 σιν
668 4319 761 4373 καὶ
804 4322 1176 4390 πνευματικὰς
1214 4323 1308 4376 καὶ

552 4409 796 4480 καθαρὰς
848 4412 1075 4484 πράξεις
1117 4416 1305 4487 ἐπιτη-

548 4499 789 4567 δεύοντα,
817 4506 935 4557 κατ⁹
962 4505 1122 4558 αὐτὸν
1147 4507 1308 4576 (κατὰ

547 4595 782 4656 ταυτὸν)
815 4597 908 4649 καὶ
956 4597 1312 4667 ἁμαρτάνειν.

621 4686 732 4738 Καὶ
767 4686 876 4756 γὰρ
914 4687 1196 4754 λέγοντες,
1233 4690 1308 4760 μὴ

544 4777 754 4832 ἀδικεῖν
814 4779 903 4832 τὸν
963 4778 1310 4852 δικαιοσύνην

1380 3033 1656 3102 Denique,
1706 3034 1831 3103 quia
1867 3049 1971 3088 non
2007 3049 2133 3102 pos-

1381 3123 1452 3176 sit
1479 3137 1738 3191 peccare,
1775 3125 1864 3192 qui
1911 3139 1976 3178 ex
2024 3123 2067 3178 D

1381 3223 1541 3268 natus
1572 3224 1693 3278 est,
1724 3213 1886 3269 etiam
1915 3231 2135 3272 causam

1381 3305 1519 3361 dixit
1558 3308 1698 3363 idem
1723 3349 1738 3372 ,
1781 3309 1905 3377 quia
1951 3327 2136 3366 semen

1381 3397 1499 3467 ejus
1539 3399 1593 3454 in
1638 3403 1704 3456 e'o
1739 3412 1941 3468 manet,
1996 3405 2137 3473 quod

1381 3490 1640 3548 divinitus
1694 3495 1858 3548 venit.
1895 3493 2007 3548 lloc
2052 3508 2140 3549 se-

1383 3597 1504 3636 men
1537 3593 1630 3638 aut
1663 3586 1834 3641 virtus
1875 3597 1994 3654 est,
2045 3597 2141 3642 aut

1381 3677 1602 3743 spiritus
1633 3678 1862 3733 liliorum
1893 3681 2140 3752 adoptio-

1383 3768 1488 3820 nis.
1516 3767 1583 3821 Et
1615 3769 1659 3823 si
1700 3781 1985 3839 propterea
2020 3786 2140 3842 pec-

1382 3874 1509 3914 care
1547 3862 1767 3931 nequit,
1807 3864 2138 3931 possibilitas

1383 3953 1496 4008 bzec
1549 3954 1810 4008 naturalis
1865 3970 1973 4010 non
2034 3966 2136 4011 est.

1383 4044 1488 4098 Sed
1515 4054 1734 4114 propter
1753 4046 1990 4116 aliquam
2018 4062 2143 4102 cau-

1381 4150 1496 4188 sam
1582 4135 1807 4193 facultas
1879 4139 2137 4209 peccandi

1381 4231 1651 4299 prohibita
1716 4241 1831 4295 est,
1882 4233 1982 4286 hoc
2031 4239 2136 4298 est,

1383 4332 1600 4394 propter
1650 4321 1743 4378 Dei
1780 4337 1964 4379 semen
1999 4321 2135 4394 (μ).

1453 4688 1704 4746 Dicentes
1745 4699 1962 4757 autem,
2005 4695 2133 4764 quia

1382 4796 1502 4835 cum
1535 4783 1804 4837 contraria
1834 4787 1994 4842 simul
2029 4804 2134 4843 non

2249 1760 2322 1818 Εὖ
2361 1763 2418 1817 δὲ
2469 1764 2651 1818 καὶτὸ
2674 1764 2870 1829 εἰπεῖν,
2899 1784 2916 1818 ι
2941 1765 3003 1819 ἁ-
3075 1741 3198 1820 ideo
3247 1771 3427 1816 autem
3475 1775 3575 1830 ego
3613 1759 3789 1828 adieci
3823 1777 3836 1812 :

2243 1856 2478 1927 μαρτίαν
2511 1854 2575 1910 οὐ
2595 1858 2758 1921 ποιεῖ,
2786 1878 2804 1911 a
2824 1857 2910 1915 ἵνα
2927 1858 3000 1932 μή

2234 1964 2319 2010 τις
2355 1945 2643 2019 σοφίσηται
2674 1945 2869 2014 λέγων,
2909 1948 2998 2002 τέ·-

2235 2058 2338 2094 κνα
2393 2039 2529 2096 Θεοῦ
2563 2043 2711 2112 ἡμᾶς
2750 2041 2998 2096 τίθεσθαι

2236 2132 2445 2196 πάντας
2504 2134 2634 2197 τοὺς
2692 2133 2767 2205 μὴ
2813 2134 2998 2207 ἁμαρ-

2234 2227 2515 2290 τάνοντας.
2547 2226 2630 2280 Τὰ
2675 2225 2785 2297 γὰρ
2823 2227 3000 2298 βρέφη

2236 2317 2512 2389 ἁμαρτίαν
2539 2317 2599 2370 οὐ
2631 2316 2908 2382 ποιοῦντα,
2936 2319 2999 2372 οὐ

2235 2410 2430 2481 ῥητέον
2468 2409 2633 2464 τέκνα
2661 2409 2796 2464 Θεοῦ
2835 2410 2996 2465 εἶναι.

2247 2501 2337 2567 Ἐξ
2363 2501 2578 2573 ἡλικίας
2603 2502 2733 2574 γάρ,
2757 2501 2872 2556 ἁλλ’
2896 2501 3000 2556 οὐκ

2233 2595 2438 2665 ἀρετῆς
2471 2593 2772 2648 κωλύονται
2799 2593 2894 2648 τοῦ
2921 2593 2998 2666 μὴ

2230 2687 2350 2757 ἅμα
2359 2687 2593 2758 ρτάνειν.
2649 2686 2834 2758 Φαμὲν
2889 2687 2999 2740 τοί-

2235 2795 2350 2844 νυν,
2405 2780 2506 2849 οὐχ
2564 2778 2734 2848 ὑγιῶς
2783 2777 3000 2847 λέγεται

2235 2871 2365 2941 περὶ
2399 2870 2634 2941 βρεφῶν,
2678 2871 2759 2924 ὃτι
2812 2870 3000 2942 ἁμαρ-

2234 2964 2357 3016 τίαν
2402 2963 2461 3014 οὐ
2497 2965 2660 3018 ποιεῖ.
2692 2963 2766 3017 Οὐ
2803 2963 3000 3016 ταυτὸν

2235 3051 2346 3124 γὰρ
2371 3051 2432 3106 τὸ
2458 3051 2532 3123 μὴ
2563 3052 2898 3122 ἁμαρτάνειν
2921 3050 3000 3122 τῷ

2071 3139 2133 3179 eo
2165 3159 2208 3218 ο
2243 3144 2379 3216 (τοῦ)
2410 3145 2484 3215 μὴ
2507 3146 2681 3197 ποιεῖν
2703 3143 2997 3216 ἁμαρτίαν.

2241 3232 2314 3286 Τὸ
2352 3233 2448 3303 μὲν
2502 3231 2612 3303 γὰρ
2643 3231 2752 3286 ἀπὸ
2789 3231 3001 3301 φύσεως

2240 3324 2404 3382 ἔοικε.
2431 3323 2494 3377 τὸ
2524 3323 2582 3376 δὲ
2611 3324 2677 3376 ὲκ
2704 3321 2998 3385 διαθέσεως

2239 3421 2475 3490 ὑπάρχει

3079 1870 3098 1906 ι
3135 1853 3227 1923 qui
3256 1853 3328 1907 ita
3349 1868 3456 1907 non
3487 1859 3700 1922 peccat,
3728 1868 3751 1902 ο
3773 1865 3841 1905 ne

3069 1944 3194 2014 quis
3256 1957 3357 1997 nos
3414 1942 3840 2005 circumveniat,

3071 2035 3280 2098 dicens,
3322 2032 3460 2088 filios
3499 2033 3595 2088 Dei
3629 2048 3732 2088 nos
3759 2033 3845 2089 di-

3069 2143 3195 2186 cere
3218 2143 3322 2186 nou
3363 2137 3675 2199 peccantes.
3709 2126 3844 2182 Par-

3068 2219 3225 2275 vulos
3246 2221 3390 2275 enim
3423 2227 3708 2289 peccatum
3726 2234 3842 2274 non

3071 2312 3359 2377 facientes,
3402 2311 3697 2367 dicendum
3733 2326 3846 2365 non

3071 2411 3175 2468 est,
3213 2403 3356 2459 ﬁlios
3390 2400 3487 2458 Dei
3512 2416 3657 2458 esse.
3681 2400 3845 2457 Eta—

3075 2504 3125 2550 te
3169 2509 3405 2563 namque
3459 2493 3844 2565 prohibentur,

3072 2601 3178 2643 non
3209 2586 3430 2651 virtute,
3469 2599 3720 2655 peccare,
3784 2595 3844 2638 ut

3072 2694 3180 2737 non
3207 2678 3353 2734 aliud
3376 2678 3678 2747 quidquam
3697 2675 3845 2729 dica-

3072 2786 3214 2836 mus,
3249 2778 3559 2826 asserentes
3603 2782 3707 2819 non
3747 2780 3840 2818 sa-

3073 2863 3298 2919 lubriter
3324 2859 3519 2930 exponi
3551 2858 3618 2913 de
3656 2855 3838 2911 infan-

3073 2956 3236 3019 tibus,
3283 2953 3375 3023 qui
3412 2959 3697 3021 peccatum
3756 2946 3843 3000 fa-

3073 3049 3240 3102 ciunt.
3262 3045 3378 3100 Non
3406 3043 3550 3098 enim
3582 3042 3725 3096 idem
3749 3049 3839 3094 est

3073 3151 3300 3211 peccare
3319 3138 3455 3212 (46),
3474 3144 3526 3192 et
3551 3144 3840 3203 peccatum

3075 3252 3182 3291 non
3214 3233 3416 3294 facere,
3449 3227 3577 3284 illud
3601 3241 3844 3296 namque

3073 3336 3204 3380 tetas
3225 3321 3498 3394 prohibet,
3521 3321 3625 3375 hoc
3652 3328 3838 3372 autem

3075 3415 3249 3470 virtus
3270 3412 3508 3482 expellit.

2315 3513 2476 3566 Vsus.
2522 3512 2606 3566 l0.
2642 3527 2661 3562 ι
2711 3509 2922 3574 Omnis,
2944 3508 3035 3577 qni
3080 3521 3185 3561 non
3233 3503 3362 3559 facit
3387 3503 3678 3574 justitiam,
3717 3516 3829 3556 non

2239 3614 2323 3658 est
2349 3604 2413 3658 de
2447 3602 2580 3667 Deo,
2616 3611 2671 3656 et
2711 3601 2801 3670 qui
2832 3614 2940 3655 non
2967 3599 3146 3669 diligit
3177 3589 3399 3651 fratrem
3430 3610 3612 3649 suum.
3655 3613 3674 3644 ι

2311 3695 2600 3762 Quoniam,
2637 3694 2730 3764 qui
2764 3693 2896 3749 facit
2920 3691 3214 3760 justitiam,
3251 3702 3319 3744 ex
3366 3689 3477 3743 Deo
3507 3699 3669 3742 natus
3725 3695 3831 3749 est,

2239 3802 2582 3858 consequens
2609 3796 2694 3841 est
2723 3795 2803 3851 ut,
2843 3785 2935 3855 qui
2961 3784 3032 3838 ita
3069 3792 3226 3838 natus
3246 3790 3350 3846 est,
3378 3781 3569 3851 diligat
3612 3778 3830 3833 fratres.

2242 3879 2344 3946 Qui
2377 3893 2484 3932 non
2516 3878 2682 3933 habet
2705 3875 2996 3944 justitiam,
3022 3891 3129 3931 non
3154 3873 3405 3929 faciendo
3426 3887 3572 3938 eam,
3606 3880 3664 3926 et
3707 3869 3834 3923 odio

550 4868 774 4940 ἔχοντα,
848 4872 948 4925 οὐκ
1008 4873 1308 4944 ἀδυναμίαν
1380 4874 1680 4939 exsistant,
1711 4892 1819 4931 non
1854 4890 2029 4948 potest
2056 4881 2138 4935 in-

551 4963 789 5033 φυσικὴν
829 4963 1130 5035 δηλοῦμεν,
1183 4965 1306 5019 καθ’
1373 4964 1638 5031 justitiam
1671 4970 1870 5038 facere,
1896 4975 1986 5042 qui
2013 4974 2134 5041 jus-

549 5052 618 5123 ἠν
671 5051 930 5124 λέγομεν,
995 5057 1057 5108 τὸ
1116 5056 1308 5125 ἄλογον
1383 5059 1554 5113 titiam
1589 5061 1778 5126 habet,
1812 5081 1920 5118 non
1962 5068 2136 5135 possi-

660 5168 834 5226 "lsa.
871 5187 910 5238 ι,
939 5171 995 5226 2.
1074 5172 1120 5204 ³⁵
1151 5172 1307 5228 Deut.
1344 5192 1516 5241 xxxii,
1550 5178 1631 5232 l8.
1710 5179 1755 5211 “
1780 5180 1900 5236 Act.
1934 5183 2223 5248 xm,8—lt.

646 5306 734 5376 42)
779 5307 1082 5377 Legendum
1118 5326 1238 5364 esse
1274 5328 1470 5368 censeo
1500 5315 1596 5368 illi.

647 5377 735 5448 45)
775 5380 831 5451 in
862 5381 1082 5451 sclioliis
1127 5381 1241 5434 haec
1290 5395 1548 5448 praterea
1581 5385 1789 5449 adjecta
1821 5387 2071 5451 leguntur
2113 5407 2128 5444 :

2244 3971 2489 4026 habendo
2514 3970 2738 4024 fratrem
2770 3983 2950 4032 suum,
2979 3981 3046 4021 ex
3095 3965 3208 4021 Deo
3245 3974 3406 4020 natus
3431 3978 3537 4018 nou
3569 3971 3672 4019 est.
3724 3977 3833 4015 non

2241 4062 2425 4133 aliquo
2457 4062 2572 4132 (47)
2603 4060 2784 4124 modo,
2827 4060 2932 4114 nisi
2977 4059 3104 4129 quia
3151 4067 3315 4114 natus
3355 4072 3424 4112 ex
3461 4069 3528 4111 eo
3570 4069 3677 4109 non
3719 4063 3831 4107 est.

2242 4153 2356 4209 Non
2377 4155 2519 4208 enim
2554 4151 2876 4222 respiciendi
2924 4161 3053 4206 sunt
3082 4149 3158 4205 illi
3198 4151 3290 4219 qui
3326 4149 3535 4213 dicunt,
3564 4161 3671 4200 non
3711 4158 3835 4198 esse

2241 4243 2373 4300 istos
2411 4259 2479 4299 ex
2504 4244 2630 4306 Deo,
2654 4253 2873 4313 pr0pter
2903 4251 3172 4297 terrenam
3205 4251 3474 4294 naturam.

2312 4334 2476 4390 Vens.
2507 4335 2596 4399 il,
2622 4334 2710 4391 η.
2751 4355 2768 4386 ι
2793 4333 3059 4401 Quoniam
3087 4332 3190 4387 hoc
3214 4339 3298 4385 est
3325 4329 3660 4391 mandatum,
3682 4327 3831 4396 quod

2242 4427 2470 4483 audistis
2503 4427 2572 4482 ab
2614 4427 2768 4481 initio
2799 4435 2856 4481 ut
2886 4426 3174 4496 diligamus
3223 4423 3478 4487 invicem,
3518 4436 3622 4475 non
3683 4421 3831 4474 sicut

2165 4493 2218 4554 Ῑ)
2241 4521 2396 4586 Cain,
2424 4520 2516 4590 qui
2553 4534 2618 4574 ex
2644 4519 2879 4590 maligno
2905 4493 3045 4585 erat,
3079 4528 3135 4574 et
3167 4516 3369 4573 occidit
3390 4515 3610 4569 fratrem
3639 4526 3831 4576 suum,

2241 4611 2369 4681 quia
2427 4625 2592 4680 opera
2651 4609 2768 4679 ejus
2845 4611 3081 4681 maligna
3144 4618 3342 4676 erant,
3401 4606 3587 4662 fratris
3640 4615 3831 4660 autem

2236 4703 2402 4774 justa.
2441 4721 2462 4755 a

2314 4796 2585 4863 Quoniam
2637 4799 2952 4851 mandatum
2986 4794 3057 4849 ab
3096 4793 3252 4849 initio
3281 4792 3564 4855 habemus,
3594 4800 3651 4844 ut
3683 4792 3828 4845 invi-

2244 4897 2361 4938 cem
2388 4883 2696 4952 diligamus,
2743 4899 2846 4938 non
2907 4891 3121 4952 oportet
3159 4882 3337 4936 odisse
3383 4879 3628 4942 fratrem,
3665 4897 3736 4936 ne
3769 4882 3828 4936 in

2245 4977 2483 5047 maligno
2525 4978 2822 5032 secundmn
2870 4977 3002 5031 Cain
3034 4989 3153 5028 esse
3188 4974 3545 5043 reperiantur,
3581 4977 3674 5042 qui
3711 4976 3829 5029 fra-

2247 5078 2384 5125 trem
2411 5069 2614 5124 occidit
2641 5083 2821 5124 suum.
2855 5068 2958 5122 Iste
2997 5080 3229 5136 namque
3267 5065 3495 5137 peremit
3520 5067 3676 5132 Abel,
3711 5068 3827 5122 fra-

2232 5321 2499 5385 intcgram
2537 5314 2888 5386 Epiphanius.

2304 5389 2417 5458 (46)
2455 5387 2529 5440 Ex
2565 5385 2888 5441 auctoritate
2915 5385 3089 5441 Graeci
3118 5387 3347 5455 exempli
3407 5387 3815 5458 rescribendum

547 5445 1372 5532 'Hrtao'bx‘dei‘matat-ﬁpév,
1401 5455 1449 5506 εἰ
1483 5455 1558 5526 μὴ
1588 5445 1674 5508 διὰ
1703 5457 1812 5509 τῶν
1838 5445 2132 5528 αἰσχίστων

2238 5445 2334 5532 ξεί,
2361 5445 2461 5512 non
2498 5473 2730 5526 peccare,
2780 5458 2921 5527 quod
2971 5459 3052 5512 vel
3100 5459 3212 5528 ipse
3240 5445 3430 5512 sensus
3466 5456 3707 5524 ﬂagitare
3733 5458 3811 5514 vi.

549 5519 801 5589 πράξεων
833 5518 895 5572 λυ
906 5520 1090 5589 πῶμεν
1130 5518 1278 5576 αὐτό.

621 5587 744 5666 (μ)
778 5588 849 5666 Ibi
887 5587 1350 5666 interpretationis
1385 5593 1593 5666 Didymi
1621 5598 1997 5666 compendium
2023 5598 2123 5652 alt-

546 5657 915 5731 quod__fo_risse
947 5657 1156 5731 videtur
1182 5657 1539 5731 Epiphanius.

592 5723 824 5798 _(.i5)_|n
852 5730 1072 5786 scboliis
1103 5723 1495 5786 sententiarum
1532 5735 1721 5798 series,
1769 5747 1825 5789 ut
1878 5737 1927 5789 in
1974 5746 2125 5791 catc-

549 5794 636 5851 uis
680 5794 836 5861 r{‘lct,
878 5798 1154 5867 aliquanto
1187 5805 1406 5857 turbata
1442 5807 1671 5862 videtur.
1709 5794 1837 5860 liam
1886 5810 2124 5862 servavit

2229 5529 2404 5584 detur.

2305 5598 2416 5666 (Π)
2450 5598 2762 5652 Gallandius
2804 5617 2816 5652 :
2852 5615 2869 5647 ι
2897 5596 3106 5650 Mallem
3138 5614 3238 5649 non
3262 5598 3366 5650 alia
3393 5613 3516 5664 quo.
3542 5614 3558 5644 ι
3599 5599 3651 5648 \t
3677 5597 3813 5650 roti-

2231 5671 2344 5718 na-ri
2369 5679 2563 5730 potest.
2593 5683 2711 5735 qua:
2743 5671 3002 5734 impressa
3029 5675 3110 5718 est
3151 5668 3344 5729 lectio;
3391 5667 3471 5719 vel
3495 5668 3637 5719 cnim
3669 5667 3813 5733 apud

2229 5738 2336 5790 (lic:
2359 5752 2542 5792 ron-'m
2572 5739 2780 5806 ru’iquia
2824 5754 2920 5803 pro
2947 5740 3083 5806 alius
3134 5742 3244 5802 quia
3278 5749 3585 5806 usurpatur.
3622 5735 3680 5789 ιδ.
3733 5735 3814 5793 De

2231 5809 2355 5871 offic.
2398 5823 2436 5860 l.
2474 5807 2523 5871 7,
2555 5805 2628 5859 De
2663 5819 2797 5859 urat.
2836 5823 2892 5870 It,
2932 5805 3020 5858 5'2.
