4118 6426
321 492 455 543 1735

1206 485 1608 541 ΕΝΑΠΕᾹΤΙΟ
1655 485 1719 540 ΙΝ
1761 486 2154 541 ΕΡΙΞΤΟΙΑΜ
2201 486 2214 538 Ι
2256 487 2312 539 S.
2356 485 2661 539 JtiANNlS.

3449 485 3582 542 ιτρι

315 615 451 657 trem
476 618 654 656 suum.
699 601 828 668 Qua!
877 617 1002 654 vero
1051 616 1210 654 causa
1244 603 1408 654 fuerit
1454 601 1736 654 occidendi
1785 601 1890 653 l'ra-
1923 619 1964 667 Α
1995 601 2262 665 Quoniam
2317 599 2465 650 multi
2513 597 2997 667 pseudopropbelm
3041 598 3356 666 prodierunt
3389 598 3440 654 in
3483 604 3583 658 hoc

313 704 475 757 trem,
502 692 854 758 signiﬁcavit:
897 691 1059 755 thia
1084 707 1245 758 opera
1279 690 1416 758 ejus,
1451 709 1467 740 ι
1494 691 1686 758 iuqttit,
1721 708 1739 740 ι
1773 705 1884 742 ma-

313 785 454 852 ligna
510 793 686 846 erant,
746 783 926 836 fratris
971 784 1336 852 autemjusta.
1382 802 1400 834 ι
1444 783 1578 836 Cum
1616 784 1759 834 enim
1803 797 1886 834 re-

311 879 580 947 spexisset
630 878 772 934 Dens
817 895 982 948 super
1010 880 1139 932 Abel
1185 889 1238 932 et
1273 878 1383 949 (48)
1421 893 1664 939 munera,
1728 893 1889 944 super

312 968 443 1022 Cain
476 978 654 1022 autem
696 978 749 1022 et
772 969 1098 1022 oblationem
1131 969 1246 1035 eius
1270 985 1378 1021 non
1409 968 1675 1033 respexit;
1706 975 1760 1018 et
1789 967 1889 1019 hac

313 1072 476 1111 causa
513 1073 804 1126 percussus
837 1059 1036 1111 invidia
1081 1059 1213 1112 Cuilt
1263 1067 1491 1110 mortem
1527 1065 1784 1124 cperatus
1807 1066 1891 1109 est

313 1150 572 1204 adversus
594 1152 865 1219 proprium
893 1152 1133 1202 fratrem.
1155 1148 1514 1216 Quapropter,
1539 1147 1663 1200 licet
1680 1149 1891 1199 dicatur

313 1254 378 1294 ex
411 1241 646 1309 maligno
695 1255 814 1294 esse
865 1251 1089 1309 propter
1137 1255 1298 1306 opera
1334 1250 1461 1292 tunc
1511 1238 1669 1303 mala,
1710 1247 1888 1291 tmnen

316 1348 420 1387 non
478 1331 798 1386 naturaliter
841 1342 928 1385 est
990 1332 1040 1385 in
1099 1331 1208 1384 illo.
1263 1329 1363 1382 Per
1411 1330 1553 1382 hunc
1587 1341 1890 1382 sermonem

313 1424 571 1487 ostendit,
599 1424 724 1491 quia
756 1423 824 1476 sit
882 1423 1147 1476 homicida
1180 1422 1333 1483 Cain,
1368 1421 1575 1484 dicens,
1610 1435 1732 1473 eum
1768 1433 1892 1486 per-

316 1515 515 1568 emisse
543 1515 820 1583 proprium
854 1513 1099 1567 fratrem.
1148 1513 1282 1566 Nam
1313 1523 1367 1566 et
1424 1515 1474 1566 in
1508 1513 1646 1566 libro
1671 1511 1762 1580 qui
1799 1510 1894 1562 Le-

313 1606 610 1673 progetmis
664 1606 774 1676 (£9)
826 1605 1146 1673 appellatur,
1202 1607 1272 1658 ita
1317 1605 1531 1673 legitur,
1586 1605 1712 1672 quia
1761 1603 1891 1656 Cain

315 1695 494 1764 lapide
525 1707 617 1749 aut
675 1697 818 1766 ligno
867 1697 1195 1765 percusserit
1245 1697 1400 1759 Abel,
1446 1695 1586 1749 unde
1634 1698 1894 1763 deputan-

315 1785 442 1840 tlnm
478 1804 580 1840 non
609 1797 710 1851 est,
751 1789 1099 1856 percussione
1142 1787 1244 1840 dici
1270 1787 1604 1842 solummodo
1632 1786 1746 1839 fieri
1778 1784 1894 1838 vul-

315 1890 435 1936 nus,
471 1878 562 1928 sed
594 1877 838 1931 absolute
860 1893 1073 1931 onmem
1106 1878 1337 1949 plagam,
1365 1893 1485 1946 quae
1512 1877 1892 1932 lacerationem

315 1965 444 2021 facit
477 1969 528 2020 in
571 1983 821 2038 corpore.

387 2059 554 2114 Vens.
586 2060 676 2124 15,
711 2061 796 2114 14.
837 2080 855 2111 ι
895 2061 1069 2115 Nolite
1096 2059 1302 2121 mirari,
1340 2058 1557 2119 fratres,
1590 2059 1634 2112 si
1658 2057 1771 2111 odit
1800 2071 1894 2110 vos

316 2157 570 2205 mundus.
604 2152 710 2206 Nos
732 2153 956 2216 scimus,
986 2153 1243 2221 quoniam
1266 2151 1612 2204 transivimus
1639 2151 1704 2204 de
1725 2158 1895 2203 morte

315 2245 381 2297 ad
407 2245 592 2309 vitam,
620 2245 742 2314 quia
773 2245 1046 2314 diligimus
1071 2245 1287 2298 fratres.
1336 2264 1354 2295 ι

386 2334 500 2389 Non
532 2347 616 2390 est
656 2338 981 2403 mirandum,
1019 2339 1062 2391 si
1097 2338 1246 2406 pravi
1306 2336 1570 2397 homines,
1601 2333 1690 2403 qui
1723 2333 1896 2386 nomi-

314 2437 512 2480 nantur
570 2430 823 2494 mutulos,
867 2430 993 2482 odio
1040 2429 1236 2482 habent
1289 2444 1406 2490 eos,
1459 2429 1550 2496 qui
1597 2429 1894 2481 secundum

312 2517 587 2573 Christum
608 2522 909 2587 pievivunt.
936 2520 1088 2574 Tunc
1115 2523 1255 2574 enim
1276 2523 1445 2592 magis
1467 2529 1609 2575 esset
1629 2520 1894 2583 mirabile,

314 2609 359 2662 si
394 2609 679 2680 diligerent
709 2626 822 2665 eos.
861 2613 1200 2682 Quapropter
1232 2624 1284 2667 et
1313 2617 1355 2666 si
1382 2630 1478 2667 nos
1505 2614 1615 2667 odit
1643 2613 1894 2673 mundus,

317 2693 550 2752 Ioannes
585 2699 778 2768 inquit,
815 2711 1186 2754 verumtamen
1222 2702 1693 2770 disciplinabiliter
1741 2702 1891 2754 novi-

318 2803 455 2848 mus.
482 2790 624 2857 quod
659 2791 1026 2859 relinquentes
1058 2803 1306 2854 mortem,
1343 2794 1393 2846 in
1421 2795 1524 2846 vita
1552 2809 1758 2855 sumus,
1788 2791 1896 2844 fra-

317 2891 524 2936 ternam
561 2883 882 2936 charitatem
922 2884 1181 2936 habentes
1212 2885 1261 2935 in
1305 2895 1546 2951 pectore.
1582 2883 1807 2938 Mortem
1843 2892 1897 2935 et

316 2976 480 3028 vitam
531 2975 582 3028 in
634 2976 735 3036 his,
767 2992 871 3029 non
920 2976 1028 3037 illa,
1077 2991 1196 3044 qua:
1225 2977 1586 3029 communiter
1624 2975 1894 3036 dicuntur,

314 3066 597 3136 percipere
619 3067 899 3130 debemus,
937 3068 1136 3134 quibus
1162 3069 1325 3120 etiam
1359 3067 1751 3120 irrationabilia
1780 3065 1898 3118 ani-

317 3157 941 3224 malia'participantur,
985 3157 1077 3208 sed
1116 3159 1280 3208 vitam
1331 3167 1611 3220 aeternam,
1655 3171 1776 3222 qum
1830 3170 1896 3206 ex

318 3251 422 3301 lide
451 3248 748 3300 Salvatoris
773 3257 825 3298 et
854 3248 1051 3298 virtute
1078 3257 1388 3315 generatur,
1412 3256 1463 3299 et
1491 3249 1817 3299 contrariam
1847 3247 1895 3298 ei

319 3349 571 3403 mortem,
599 3348 914 3407 sequentem
949 3354 1070 3391 mox
1103 3348 1464 3406 pecc:itorem,
1498 3339 1774 3405 quoniam,
1804 3338 1895 3405 qui

318 3434 370 3485 ln
399 3433 498 3486 hac
530 3443 701 3484 morte
742 3443 844 3493 est,
887 3447 990 3484 non
1040 3433 1199 3484 habet
1236 3431 1329 3485 Dei
1381 3429 1716 3490 memoriam,
1770 3428 1899 3496 quia

315 3538 418 3579 nec
453 3524 689 3592 respexit
719 3523 1106 3592 intelligibilem
1133 3521 1328 3577 lucent.
1365 3539 1383 3571 ι
1421 3518 1536 3573 Non
1562 3529 1644 3573 est
1682 3522 1850 3583 enim,
1874 3538 1893 3570 ι

317 3613 512 3682 inquit,
561 3631 580 3665 ι
614 3616 665 3668 in
709 3627 899 3679 morte,
935 3613 1026 3683 qui
1057 3629 1261 3667 memor
1286 3615 1356 3667 sit
1393 3614 1466 3666 tui
1497 3613 1565 3643 “‘
1605 3631 1666 3666 ιι
1702 3621 1755 3665 et
1795 3612 1900 3664 ite-

319 3721 437 3761 rum
471 3721 485 3758 :
531 3724 550 3756 ι
592 3705 839 3760 lllumina
896 3707 1083 3761 oculos
1136 3721 1306 3772 meos,
1341 3723 1406 3760 ne
1434 3720 1670 3774 unquam
1704 3704 1902 3758 obdor-

317 3799 483 3855 miam
521 3800 572 3853 in
626 3811 798 3854 morte
819 3799 885 3852 ⁸¹.
942 3819 961 3851 ι
1004 3801 1392 3853 Discedendum
1422 3799 1492 3852 ab
1529 3814 1592 3852 ea
1631 3809 1714 3852 est
1767 3799 1899 3868 jam,

318 3905 425 3945 non
483 3892 789 3959 peccando,
838 3907 937 3945 nec
983 3891 1307 3945 oblivionem
1357 3889 1603 3944 habendo
1659 3889 1786 3953 Dei,
1847 3897 1903 3940 ιιι

320 3991 660 4037 transeamus
710 3984 776 4035 ad
817 3987 1004 4045 vinnn,
1037 3999 1156 4052 qnze
1194 3983 1353 4035 morti
1386 3983 1601 4035 videtur
1628 3996 1748 4034 esse
1773 3997 1904 4034 cou-

317 4075 506 4129 traria.
540 4074 675 4129 Nam
704 4091 826 4145 quae
856 4075 1072 4128 deducit
1102 4088 1202 4127 nas
1221 4076 1288 4127 ad
1306 4074 1622 4128 charitatem
1654 4071 1901 4137 fratrum,

318 4169 597 4237 sequenda
632 4178 734 4221 est.

397 4261 558 4315 Vsus.
604 4260 693 4314 Η.
741 4276 760 4311 ι
793 4259 892 4326 Qui
938 4275 1042 4313 non
1067 4258 1256 4328 diligit,
1294 4267 1572 4326 permanet
1596 4257 1645 4310 in
1673 4268 1899 4311 morte.»

394 4354 657 4420 Quoniam
692 4354 781 4424 qui
813 4353 979 4421 diligit
1013 4352 1208 4404 fratres
1264 4351 1559 4403 secundum
1606 4349 1797 4409 Deum,
1837 4350 1904 4401 ad

320 4450 488 4504 vitam
512 4462 575 4502 ex
631 4458 801 4502 morte
831 4447 1057 4512 transit;
1105 4448 1195 4513 qni
1234 4460 1336 4497 non
1367 4444 1528 4497 habet
1558 4443 1696 4495 hanc
1726 4443 1906 4496 chari-

321 4551 512 4604 tatem,
541 4549 824 4608 permanet
855 4539 905 4591 in
935 4547 1130 4590 morte.
1166 4537 1318 4589 Sicut
1344 4545 1460 4588 erat
1481 4543 1690 4586 mortua
1725 4532 1903 4594 vidua,

1990 692 2206 745 Sa-cnlo.

1992 784 2204 851 ’Ὁνπερ
2243 782 2350 851 γὰρ
2397 779 2598 850 τρόπον
2647 779 2754 849 πρὸ

1990 879 2089 947 τῆς
2110 876 2346 947 Χριστοῦ
2369 875 2675 946 παρουσίας
2698 876 2755 926 ἐν

1990 972 2056 1038 τῇ
2123 966 2350 1036 Ἰουδαίᾳ.
2401 967 2571 1019 ὄντων
2621 965 2754 1018 Θεοῦ

1993 1061 2288 1132 προφητῶν
2317 1060 2609 1129 ἐτύγχανον
2634 1059 2758 1111 πολ-

1991 1156 2072 1209 λοὶ
2087 1155 2500 1227 ὑποκρινόμενοι
2512 1155 2610 1223 τὴν
2628 1171 2757 1224 προ-

1993 1250 2241 1321 φητείαν,
2275 1248 2351 1311 ὡς
2387 1247 2578 1317 χρείαν
2616 1244 2756 1299 εἶναι

1993 1345 2344 1414 ἐξεταστικῆς
2360 1386 2374 1407 ,
2431 1345 2576 1408 τινὲς
2647 1344 2757 1396 τῶν

1991 1436 2276 1504 λεγόντων,
2289 1435 2432 1488 Τάδε
2454 1435 2616 1505 λέγει
2638 1437 2749 1488 Κύ-

1987 1550 2141 1602 ριος,
2173 1530 2400 1601 Πνεῦμα
2457 1531 2613 1598 ἅγιον
2662 1531 2757 1582 καὶ

1994 1625 2130 1678 Θεοῦ
2165 1625 2322 1693 λόγον
2356 1620 2519 1694 εἶχον,
2550 1625 2644 1676 καί
2677 1642 2754 1676 τι-

1995 1736 2083 1782 νες
2113 1718 2218 1772 ὑπὸ
2249 1715 2486 1788 πονηροῦ
2516 1716 2758 1786 πνεύμα-

1993 1828 2086 1874 τος
2126 1811 2456 1880 κινούμενοι,
2503 1810 2596 1862 τοῦ
2630 1809 2760 1878 ψεύ-

1995 1902 2116 1964 δους
2131 1897 2269 1971 ἦσαν
2288 1900 2592 1972 προφῆται·
2619 1899 2760 1952 οὕτω

1997 1993 2092 2046 καὶ
2127 1992 2267 2062 μετὰ
2296 1993 2394 2062 τὴν
2442 1991 2757 2061 ἐπιδημίαν,

1996 2085 2104 2138 τῶν
2148 2084 2465 2138 ἀποστόλων
2521 2085 2578 2135 ἐν
2624 2083 2760 2153 Χρι-

1999 2177 2108 2248 στῷ
2139 2176 2444 2230 λαλούντων
2470 2175 2564 2228 καὶ
2589 2173 2760 2227 Πνεῦ-

2001 2289 2076 2340 μα
2109 2270 2262 2338 ἆγιον
2301 2269 2553 2338 ἐχόντων,
2605 2267 2633 2319 ὃ
2681 2266 2764 2318 δέη

1996 2363 2166 2415 δωκεν
2217 2363 2245 2413 ὁ
2304 2361 2528 2432 Κύριος,
2585 2359 2767 2411 πολλοὶ

1997 2451 2421 2522 ψευδαπόστολοι
2490 2450 2756 2519 προεκλήο

1999 2543 2170 2615 θησαν
2189 2543 2298 2612 (51)
2325 2542 2428 2594 ὑπὸ
2459 2541 2551 2594 τοῦ
2583 2540 2764 2592 διαϐό-

1997 2634 2124 2696 λου,
2176 2632 2596 2703 ὑποκρινόμενοι
2664 2629 2762 2700 τὴν

1998 2721 2357 2792 εὐαγγελικὴν
2386 2721 2758 2773 διδασκαλίαν.

2010 2816 2336 2883 Ἀναγκαῖον
2379 2809 2470 2866 οὖν
2531 2812 2673 2881 ἔχειν
2703 2813 2760 2863 ὲ-

2000 2910 2150 2961 κεϊνο
2183 2906 2243 2958 τὸ
2259 2907 2504 2977 χάρισμα
2521 2906 2581 2958 τὸ
2598 2922 2760 2958 πνευ-

2005 2998 2251 3071 ματικὸν,
2287 3001 2452 3068 ἡγουν
2473 2997 2564 3050 τοῦ
2605 2997 2762 3064 ἁγίου

2003 3089 2343 3162 Πειεὺματος,
2379 3093 2408 3146 ὃ
2453 3089 2765 3158 ὠνόμασται

1999 3169 2271 3252 διὰκρισιξ
2306 3179 2655 3249 πνευμάτων,
2683 3177 2768 3229 ἵνα

1926 3306 1968 3358 C
2001 3274 2314 3342 ἐπιστήμην
2369 3271 2580 3340 ἔχωμεν
2620 3271 2766 3323 δοκι-

2007 3364 2199 3434 μάζειν
2215 3363 2281 3415 re
2303 3362 2609 3431 πνεύματα,
2627 3361 2767 3413 ὥστε

2002 3453 2081 3524 τῷ
2113 3453 2209 3524 μὲν
2254 3453 2553 3514 πιστεύειν,
2603 3451 2678 3520 τῷ
2713 3451 2768 3503 δὲ

2005 3544 2384 3599 ἀνθίστασθαι.

2827 778 3290 845 Quemadmodum
3330 791 3454 836 ante
3484 783 3582 837 ad-

2830 883 3046 925 ventum
3081 872 3309 935 Christi,
3342 890 3464 926 cum
3497 889 3584 928 es-

2829 976 2951 1019 sent
2999 967 3051 1019 in
3098 965 3280 1021 Judaea
3338 967 3428 1021 Dei
3465 984 3588 1037 pro-

2831 1061 3026 1128 phetm,
3047 1059 3196 1112 tnulti
3228 1061 3581 1126 exsistebant,

2833 1152 3096 1221 fingentes
3151 1167 3209 1206 se
3241 1153 3436 1208 habere
3466 1172 3588 1224 pro-

2830 1245 3102 1313 phetiam,
3164 1256 3218 1298 et
3280 1261 3414 1314 npus
3476 1257 3589 1298 erat

2829 1335 3178 1389 examinahili
3257 1336 3580 1402 disciplina,

2831 1429 3086 1498 quoniam
3137 1428 3356 1496 quidam
3402 1442 3588 1480 eorum

2831 1522 3077 1575 dicentes
3112 1537 3126 1572 :
3157 1519 3286 1572 Ηωσ
3321 1521 3446 1571 dicit
3479 1517 3589 1573 Do-

2831 1613 3028 1675 minus,
3057 1610 3319 1678 Spiritum
3340 1618 3589 1662 sanctum

2831 1714 2885 1758 et
2921 1703 3012 1757 Dei
3049 1702 3273 1755 verbum
3296 1701 3589 1764 habebant,

2832 1807 2885 1851 et
2902 1795 3119 1864 quidam
3145 1792 3334 1862 Spiritu
3356 1791 3591 1857 maligno

2836 1891 2962 1942 moti
2991 1894 3168 1946 erant,
3200 1884 3473 1952 prophetae
3498 1881 3590 1932 lal-

2834 1978 3036 2039 sitalis;
3073 1976 3151 2028 sic
3167 1984 3221 2027 et
3245 1986 3365 2042 post
3387 1973 3591 2024 adven-

2835 2081 2946 2123 tum
2984 2066 3182 2122 Christi
3225 2064 3481 2132 apostolis
3537 2062 3589 2116 in

2834 2163 3054 2218 Clnisto
3124 2157 3467 2226 loquentibus
3532 2161 3586 2208 et

2838 2256 3098 2326 Spiritum
3115 2262 3360 2304 sanctum
3388 2248 3595 2302 haben-

2843 2351 3002 2410 tibus,
3040 2357 3202 2412 quem
3233 2340 3377 2393 dedit
3415 2335 3594 2401 Iesus,

2838 2457 2958 2494 cum
2997 2437 3382 2493 resurrexisset
3406 2447 3434 2484 a
3461 2444 3595 2484 mor-

2840 2535 2945 2587 tuis
2990 2539 3045 2584 et
3088 2527 3388 2598 largissime
3430 2521 3591 2576 minia

2835 2623 3048 2685 stravit,
3068 2628 3375 2685 assumptus
3403 2615 3457 2668 in
3485 2627 3595 2668 ρω-

2835 2720 2900 2772 lis
2931 2714 3066 2786 (59.),
3095 2710 3244 2765 multi
3297 2707 3412 2761 falsi
3461 2720 3594 2772 apo-

2836 2807 2958 2864 stoli
2987 2821 3016 2858 a
3053 2800 3266 2856 diabolo
3318 2805 3443 2852 sunt
3471 2805 3596 2862 pro-

2833 2899 2999 2960 ducti,
3033 2895 3293 2963 fingentes
3322 2885 3594 2954 evangeli-

2836 3005 2953 3041 cam
2981 3001 3039 3040 se
3056 2984 3255 3036 habere
3269 2977 3593 3032 doctrinam.

2837 3080 3173 3148 Quapropter
3229 3067 3594 3125 necessarium

2840 3180 2924 3226 est
2962 3167 3091 3223 illud
3126 3163 3294 3218 sancti
3359 3157 3596 3226 Spiritus

2842 3267 3064 3325 donum,
3122 3256 3264 3325 quod
3309 3251 3596 3322 spirituum

2843 3355 3098 3409 discretio
3140 3352 3506 3412 nuncupatur,
3540 3346 3599 3389 ιιι

2844 3444 3182 3513 disciplinam
3279 3436 3596 3488 habeamus,

2844 3549 2940 3602 per
2967 3546 3126 3601 quam
3168 3527 3457 3596 probemus
3490 3519 3600 3586 api-

2839 3627 2998 3687 ritus,
3031 3632 3088 3673 ut
3115 3617 3201 3670 alii
3235 3615 3450 3683 quidem
3479 3624 3598 3664 cre-

2839 3715 3050 3776 damus,
3075 3707 3164 3763 alii
3186 3706 3524 3760 resistamus.

2007 3814 2141 3870 Cum
2194 3814 2376 3882 itaque
2418 3810 2740 3866 reddidisset
2792 3819 3032 3867 causam,
3063 3797 3316 3868 quoniam
3349 3798 3597 3861 oporteat

2007 3907 2222 3978 probari
2257 3906 2500 3973 spiritus,
2529 3913 2583 3956 et
2614 3917 2717 3954 non
2759 3897 3011 3953 omnibus
3053 3890 3224 3952 credi,
3271 3885 3472 3978 intulit,
3513 3882 3595 3936 di-

2015 3976 2173 4063 cens,
2203 3996 2403 4049 multos
2435 3994 2599 4047 falsos
2627 3991 2915 4061 prophetas
2940 3987 2993 4039 in
3019 3983 3276 4037 mundum
3305 3976 3592 4046 prodiisse.

2008 4089 2075 4142 Et
2110 4087 2329 4156 quidem
2363 4083 2955 4156 pseudoprophetarum
3014 4072 3297 4146 pluraliter
3336 4068 3596 4132 edixisse,

2010 4195 2114 4234 non
2143 4179 2501 4232 admiremur.
2537 4175 2638 4242 Qui
2663 4188 2792 4228 vero
2815 4174 2976 4225 etiam
3019 4167 3112 4222 Dei
3148 4163 3380 4234 Spiritus
3407 4161 3478 4214 ita
3505 4160 3596 4212 de-

2010 4269 2331 4332 nominavit,
2368 4282 2490 4322 cum
2521 4264 2824 4332 adjeclinne
2854 4256 3142 4312 universali
3180 4256 3432 4308 dicenszt
3460 4247 3593 4304 0m-

2010 4362 2092 4416 nis
2144 4361 2391 4429 Spiritus,
2448 4357 2538 4426 qni
2575 4356 2863 4410 confitetur
2888 4351 3069 4405 Jesum
3097 4346 3396 4408 Christum,
3438 4360 3456 4393 ι
3495 4355 3594 4394 nec

2011 4468 2113 4505 non
2138 4462 2195 4505 et
2225 4450 2352 4502 illud
2379 4467 2393 4502 :
2438 4467 2456 4500 ι
2477 4449 2718 4516 Spiritus
2746 4444 3129 4514 prepbetarum
3162 4435 3438 4508 prophetis
3465 4434 3592 4488 sub-

2003 4541 2128 4612 jecti
2166 4551 2293 4595 sunt
2327 4540 2372 4572 “
2401 4558 2413 4592 :
2447 4558 2465 4591 ι
2502 4551 2839 4606 consequens
2858 4546 2941 4588 est
2971 4535 3172 4595 dicere,
3205 4528 3345 4598 quod
3381 4540 3518 4578 unus
3539 4534 3592 4575 et

319 4648 442 4704 qua:
475 4633 525 4687 itt
573 4631 782 4685 deliciis
809 4631 1036 4700 degebat
1063 4628 1129 4693 θ’,
1155 4628 1279 4680 licet
1312 4642 1650 4679 communem
1675 4625 1899 4677 haberet
1933 4642 1976 4699 ι)
2007 4635 2146 4687 mpm
2196 4633 2431 4702 Spiritus
2474 4632 2587 4693 Dei,
2625 4640 2706 4684 est
2750 4629 2892 4682 patri
2932 4627 3124 4679 unicus
3157 4633 3210 4677 ct
3272 4620 3446 4674 Filio:
3499 4616 3591 4686 qui

319 4729 510 4782 vitam.
537 4725 636 4792 Qui
669 4725 810 4778 enim
843 4726 920 4776 sic
945 4721 1096 4785 vivit,
1134 4734 1321 4773 necess
1342 4720 1439 4770 ιι·ίο
1461 4716 1572 4787 (50)
1605 4717 1768 4768 abibit
1795 4732 1902 4769 me-

323 4821 491 4872 moria
527 4819 639 4871 Du-i.
685 4815 778 4869 llis
807 4819 875 4868 ita
912 4812 1288 4873 manifestans,
1336 4810 1379 4862 si
1419 4812 1540 4877 quis
1584 4825 1688 4862 non
1743 4809 1905 4862 habet

322 4909 572 4978 ﬁguram,
603 4925 705 4978 qua
740 4909 1062 4962 charitatem
1099 4905 1343 4972 designat
1371 4901 1577 4966 fratris,
1630 4903 1680 4954 in
1733 4912 1906 4955 morte

321 5013 424 5065 t-st,
469 5003 607 5056 sicut
648 5019 678 5056 e
709 5004 922 5055 diverso
955 4997 1139 5070 procul
1171 4997 1344 5054 abest,
1387 4996 1475 5062 qui
1522 4995 1774 5046 virtutem
1806 4995 1904 5047 ha-

323 5093 437 5159 bet,
482 5095 776 5148 secundum
809 5112 970 5162 quam
1017 5109 1122 5148 non
1173 5099 1383 5162 reputat
1433 5088 1634 5158 aliquid
1684 5089 1902 5152 malum,

323 5195 424 5233 nec
455 5182 698 5248 proximo
735 5182 932 5234 malum
979 5182 1108 5237 facit

391 5272 547 5327 CAP.
604 5273 689 5331 IV.
725 5289 872 5327 \‘tztts.
910 5275 961 5332 1.
993 5275 1046 5328 2.
1093 5294 1112 5326 ι
1159 5276 1498 5340 Cbarissimi,
1552 5272 1713 5327 nolite
1759 5269 1904 5325 omni

321 5363 530 5432 spiritu'
553 5364 900 5428 credere,sed
920 5365 1142 5432 probate
1162 5369 1405 5435 spiritus,
1431 5369 1473 5420 si
1499 5385 1560 5421 ex
1588 5368 1694 5420 Deo
1718 5376 1898 5420 sunt.»

397 5475 465 5509 *θ’
499 5477 638 5530 Psal.
661 5491 734 5540 vt,
758 5477 810 5527 0.
892 5476 932 5505 "
974 5475 1114 5530 l‘sal.
1148 5477 1317 5537 χιιμί.
1395 5481 1439 5509 δ’
1470 5480 1484 5532 Ι
1521 5479 1661 5534 Tim.
1693 5495 1740 5541 ι’,
1777 5481 1829 5533 6.

393 5592 508 5660 (48)
533 5593 720 5647 Omisit
753 5593 870 5646 Gal.
899 5603 1060 5646 recte.

395 5661 509 5733 (t9)
542 5664 968 5716 Iiescrilusndum
1005 5675 1083 5734 est
1120 5663 1500 5732 Leptogrnesis.
1535 5665 1605 5718 De
1632 5682 1740 5734 qno
1765 5665 1903 5721 libro

323 5735 658 5803 apocryphn,
686 5734 775 5806 qui
809 5745 970 5785 ettatn
1001 5733 1170 5804 λεπτὴ
1199 5735 1433 5802 γένεσις,
1465 5738 1532 5790 τὰ
1560 5733 1729 5789 λεπτὰ
1754 5738 1904 5806 γενέ-

325 5820 485 5877 σεως,
517 5803 898 5877 μικρογένεσις
934 5803 1172 5877 vetantur,
1207 5822 1249 5877 ει
1294 5809 1413 5877 quis
1445 5810 1593 5877 plura
1641 5803 1778 5858 scire
1807 5822 1906 5877 ςιιτ

325 5874 460 6000 ἵζει,
498 5872 708 5926 evntiat
750 5873 798 5926 .I.
832 5878 892 5959 lt.
936 5872 1166 5955 Fabricii
1209 5873 1416 5930 Cadius
1446 5872 1898 5947 'pseutlepigraplti

359 5967 396 6000 '.
429 5941 493 6000 Τ.
528 5943 628 5999 Vol.
650 5943 686 6000 Ι.
712 5961 763 6000 ιι.
789 5944 1048 6000 861-8ὺ4.

429 5941 493 6000 T.
528 5943 628 5999 γυι.
650 5943 686 6009 l,
711 5961 763 6015 ιι.
789 5944 1048 6000 εει-θυι.

2002 4725 2281 4792 pluraliter
2316 4724 2645 4786 nominatur,
2679 4722 2730 4774 in
2763 4719 2994 4773 diversis
3027 4713 3369 4773 describitur,
3401 4709 3491 4777 qui
3528 4724 3596 4762 eo

2003 4817 2414 4885 participantur,
2471 4815 2629 4884 quale
2680 4823 2763 4866 est
2815 4811 3040 4877 Spiritus
3087 4809 3234 4869 Elim,
3269 4815 3321 4856 et
3369 4801 3594 4870 spiritus

2004 4903 2430 4971 ttniuscnjusque
2481 4912 2814 4964 sanctorum,
2854 4900 2922 4951 ita
2960 4906 3015 4949 ut
3041 4897 3170 4950 tanti
3211 4895 3433 4961 spiritus
3471 4903 3593 4942 eSse

2006 4995 2312 5057 videantur,
2347 4996 2535 5063 quanti
2561 5003 2704 5058 sunt,
2735 4993 2827 5062 qui
2863 5005 2928 5044 eo
2956 4989 3370 5059 participantur.
3407 4983 3589 5036 l‘ossi-

2013 5087 2118 5140 bile
2141 5096 2224 5140 est
2263 5089 2428 5151 enim,
2462 5095 2515 5140 ct
2552 5085 2973 5152 uniuscujusque
2996 5079 3134 5133 sacri
3171 5074 3409 5130 doctoris
3432 5072 3590 5126 disci-

2009 5181 2208 5250 plinam
2235 5181 2484 5248 spiritum
2518 5183 2633 5246 ejus
2668 5178 2792 5231 dici.
2825 5176 2915 5230 Sic
2938 5173 3081 5228 enim
3116 5163 3589 5236 intelligiturquod

2009 5272 2210 5325 dictum
2242 5279 2344 5335 est,
2375 5279 2432 5322 nt
2464 5286 2569 5322 non
2602 5269 2745 5323 omni
2773 5264 2986 5335 spiritui
3012 5264 3282 5321 credatur,
3321 5263 3588 5326 quatenus

2008 5377 2072 5416 ea
2096 5378 2215 5430 qua:
2246 5362 2838 5432 psemlopropbetarum
2867 5367 3014 5423 sunt,
3055 5354 3426 5412 adversentur,
3457 5360 3590 5402 con-

1908 5477 1956 5509 "
1997 5477 2170 5533 lCor.
2205 5493 2313 5544 xsv,
2348 5476 2438 5530 59..

2086 5597 2198 5668 (50)
2235 5598 2430 5652 Decsse
2452 5595 2662 5649 videtur
2682 5596 2748 5668 ei.
2922 5660 2963 5668 __
2994 5659 3044 5668 Δ,
3360 5667 3364 5668 ν

2085 5650 2200 5739 (δί)
2237 5650 2424 5739 verius
2450 5668 2500 5719 in
2529 5668 2650 5739 cod.
2687 5665 2746 5716 ιι.
2778 5659 3212 5734 προεϐλήθησαν,
3261 5667 3378 5724 qua
3429 5650 3587 5707 lcetio

2014 5737 2208 5791 Latina
2245 5738 2493 5790 versione
2520 5737 2800 5802 probatur.
2849 5805 2856 5806 ί
2994 5801 3086 5806 μ-
3190 5797 3200 5806 _
3272 5795 3283 5806 ,
3312 5795 3323 5806 _
3363 5802 3374 5806 _
3469 5789 3508 5806 ,,
3548 5789 3558 5806 ,

2088 5789 2202 5876 (5‘2)
2229 5789 2602 5877 Atnplilicasse
2630 5805 2950 5858 sententiam
2993 5797 3204 5870 Didymi
3239 5795 3448 5851 videtur
3468 5789 3588 5857 Egi-

2009 5879 2256 5947 phanius,
