4118 6476
499 477 643 534 1795

1743 473 1972 530 DlDY.\ll
2015 469 2486 526 ALEXANDRINI

3629 464 3775 522 l796

497 595 797 651 sentiamus
845 592 944 657 eis,
998 607 1134 662 quos
1163 606 1256 660 per
1298 593 1669 663 probationem
1703 608 1767 646 ex
1805 594 1913 648 Deo
1963 607 2082 646 esse
2114 597 2155 652 Λ
2185 589 2460 644 Christum
2494 599 2757 641 consensu
2788 584 2996 653 integro
3027 593 3080 638 et
3110 597 3256 646 vero,
3287 582 3339 636 in
3379 597 3543 637 carne
3583 583 3778 636 venis-

497 687 868 756 cognovimus.
898 684 1011 739 Non
1045 697 1125 740 est
1154 688 1335 752 itaqtte
1367 686 1692 749 mirandum,
1721 687 1766 740 si
1798 685 1913 738 falsi
1948 700 2076 753 apo-

498 778 619 833 stoli
670 778 745 842 hi,
780 778 870 848 qui
909 777 1368 834 transformamur
1413 780 1464 831 in
1519 778 1798 832 ministros
1851 777 2076 839 Christi,

501 870 618 923 falsi
650 871 924 938 prophetae
946 878 1072 922 sunt
1103 869 1254 932 dicti,
1287 870 1502 937 quando
1523 870 1690 922 etiam
1720 869 1820 936 ipsi
1851 870 2076 938 apostoli

500 959 812 1029 frequenter
843 959 894 1013 in
923 958 1274 1012 Testamento
1300 958 1450 1013 Novo
1481 961 1756 1028 propheta:
1792 960 2078 1014 norninan-

503 1061 618 1106 tur:
659 1053 800 1105 sicut
836 1053 890 1103 in
944 1050 1180 1120 Epistola
1235 1051 1299 1103 ad
1345 1050 1654 1105 Corinthios
1690 1051 1977 1115 invenitur,
2027 1051 2078 1102 in

468 1159 612 1212 qua
639 1144 862 1212 legimus
893 1160 904 1194 :
949 1160 965 1192 ι
1015 1142 1080 1194 Ει
1111 1141 1333 1209 spiritus
1374 1144 1756 1210 prophetarum
1806 1142 2082 1210 prophetis

501 1232 748 1287 subditus
769 1242 871 1293 est,
916 1250 934 1282 ι
974 1248 1092 1284 cum
1135 1232 1202 1285 de
1228 1232 1486 1299 apostolis
1515 1234 1745 1298 diceret;
1769 1241 1823 1285 et
1857 1233 1908 1286 in
1937 1232 2080 1300 Apo-

502 1325 706 1395 calypsi
738 1325 1051 1392 frequenter
1081 1322 1316 1378 Joannes
1349 1325 1608 1393 propheta
1646 1326 1973 1378 nominatur.

573 1415 734 1469 Vens.
765 1415 821 1478 2,
851 1416 903 1472 5.
935 1433 953 1466 ι
991 1415 1125 1469 llinc
1149 1416 1492 1484 cognoscitur
1520 1416 1752 1484 Spiritus
1785 1416 1912 1471 Dei:
1951 1415 2083 1471 Om-

503 1506 588 1560 nis
623 1509 844 1574 spiritus
874 1507 963 1574 qni
992 1506 1290 1561 conﬁtetur
1313 1505 1496 1561 Jesutn
1529 1506 1806 1563 Christum
1845 1508 1895 1560 in
1920 1522 2085 1562 carne

504 1594 740 1655 venisse,
767 1610 830 1647 cx
879 1595 985 1649 Deo
1009 1605 1113 1660 est,
1139 1605 1193 1651 et
1222 1596 1400 1650 omnis
1433 1596 1657 1665 spiritus
1687 1599 1776 1666 qui
1810 1606 1967 1668 negat
1996 1596 2088 1653 Je-

505 1698 648 1746 sntn,
673 1699 734 1735 ex
769 1683 876 1736 Deo
906 1701 1010 1738 non
1041 1693 1141 1747 est,
1173 1696 1225 1738 et
1253 1685 1340 1738 hic
1367 1695 1449 1739 est
1477 1687 1864 1752 Antichristns,
1923 1682 2093 1758 quem

504 1770 752 1830 audistis,
799 1772 922 1838 quia
980 1783 1238 1826 venturus
1293 1784 1395 1827 est.
1461 1775 1522 1828 Et
1579 1791 1719 1830 nunc
1772 1777 1823 1830 in
1892 1778 2087 1833 smeulo

502 1872 605 1916 est.
647 1880 664 1912 ι

2181 695 2259 744 εε,
2293 681 2478 734 dicens
2530 679 2786 746 sapiendo
2813 687 2866 730 et
2917 677 3139 745 agendo,
3178 689 3296 743 quae
3332 674 3384 727 in
3423 673 3777 728 humanitate

2182 770 2386 833 docuit,
2422 771 2641 835 insuper
2698 776 2752 820 et
2804 765 3040 820 imitator
3086 764 3202 831 ejus
3225 763 3444 818 eﬁ'ectns
3473 772 3575 827 est,
3628 777 3778 833 pra:-

2184 871 2334 916 sente
2359 861 2661 913 imitatione
2710 873 2960 926 superna:
2995 857 3445 918 conversationis,
3481 855 3572 908 hic
3605 853 3786 924 spiri-

2183 955 2296 1004 tn‘m
2329 950 2491 1003 habet
2514 965 2578 1004 ex
2619 950 2747 1015 Deo,
2789 948 3021 1002 maxime
3049 947 3093 1001 si
3130 955 3386 1014 sequatur
3408 943 3657 1014 vestigia,
3681 958 3780 998 ve-

2184 1043 2338 1096 nieus
2359 1057 2532 1110 usque
2549 1042 2615 1095 ad
2651 1043 2773 1104 hoc,
2799 1051 2858 1094 ut
2878 1041 3236 1109 compatiatur
3259 1051 3314 1093 et
3343 1038 3697 1109 cruciﬁgatur
3720 1051 3783 1093 et

2184 1134 2575 1187 commorialur
2603 1133 2649 1186 ei
2675 1151 2689 1197 ;
2715 1149 2835 1186 cum
2861 1133 3082 1201 spiritus
3101 1132 3307 1186 erroris
3332 1147 3362 1184 e
3385 1130 3608 1187 diverso
3629 1119 3782 1186 ἐου-

2186 1227 2366 1289 sistat,
2395 1226 2521 1280 licet
2546 1225 2703 1279 labiis
2738 1225 3065 1278 conﬁteatur
3095 1221 3280 1292 .lesum
3313 1223 3366 1277 in
3397 1233 3567 1278 carne
3592 1225 3781 1278 venis-

2186 1332 2285 1383 se;
2323 1332 2526 1387 negans
2572 1317 2717 1370 enim
2770 1316 3046 1379 virtutem,
3117 1331 3222 1384 qua
3252 1313 3402 1384 ﬁngit
3431 1329 3552 1370 esse
3602 1316 3780 1384 pium,

2185 1409 2437 1479 operibus
2477 1410 2680 1478 respuit
2721 1407 2926 1471 Jesum,
2977 1415 3030 1461 et
3083 1407 3207 1461 licet
3275 1407 3599 1461 conﬁteatur
3650 1421 3780 1463 eunt

2189 1500 2244 1554 in
2273 1515 2435 1555 carne
2458 1500 2691 1555 venisse.
2748 1497 3009 1552 Veniente
3063 1512 3297 1566 namque
3355 1514 3421 1554 eo
3447 1513 3694 1568 quaerere
3721 1509 3784 1553 et

2188 1591 2401 1646 salvare
2431 1593 2572 1661 quod
2607 1593 2864 1660 perierat,
2929 1601 2983 1644 et
3023 1589 3209 1645 tollere
3244 1592 3429 1646 mundi
3467 1602 3781 1661 peceatum,

2188 1696 2310 1734 cum
2338 1681 2453 1749 ipse
2497 1683 2548 1735 in
2598 1681 2900 1750 perditione
2956 1691 3010 1735 et
3039 1691 3261 1752 peccato
3287 1683 3575 1746 consistat,
3614 1685 3786 1740 rebus

2195 1770 2326 1839 ipsis
2355 1780 2534 1839 negat,
2574 1772 2864 1824 adventum
2916 1770 3033 1840 ejus
3087 1772 3138 1823 in
3178 1787 3342 1826 carne
3373 1772 3601 1827 factum.
3639 1773 3784 1829 Sunt

2189 1873 2367 1915 autem
2399 1861 2614 1928 quidam
2651 1861 2914 1924 haeretici,
2940 1861 3030 1930 qui
3067 1875 3239 1929 neque
3271 1876 3441 1930 usque
3471 1863 3536 1917 ad
3564 1878 3786 1919 sermo-

575 1953 707 2006 Ctnn
749 1955 994 2017 dixisset,
1026 1957 1170 2011 omni
1199 1958 1410 2026 spiritui
1447 1976 1549 2014 non
1578 1977 1701 2017 esse
1731 1964 2084 2028 credendum,

2193 1969 2312 2007 neut
2353 1952 2716 2018 consentiunt,
2773 1954 2822 2006 in
2858 1967 3025 2007 carne
3063 1954 3280 2007 venisse
3319 1953 3524 2022 Jesum,
3567 1955 3660 2009 sed
3687 1967 3792 2009 aut

504 2055 796 2116 antequam
821 2048 890 2101 ab
923 2048 1102 2116 aliquo
1142 2051 1399 2117 probatus
1426 2067 1549 2107 esse
1581 2064 1836 2110 noscatur
1867 2072 1929 2111 ex
1955 2057 2091 2123 Deo,‘

504 2138 651 2191 dedit
676 2140 839 2192 etiam
885 2140 1122 2208 signum,
1157 2145 1298 2208 quod
1328 2143 1372 2198 si
1404 2144 1473 2198 ab
1496 2146 1677 2214 aliquo
1701 2149 1893 2217 spiritu
1922 2150 2085 2216 desit,

505 2224 594 2278 ille
621 2225 804 2292 utique
831 2228 1054 2289 erroris,
1088 2243 1191 2282 non
1224 2240 1308 2284 est
1340 2230 1455 2284 Dei.
1518 2231 1633 2289 Hoc
1671 2251 1800 2305 ergo
1831 2238 2085 2294 indicium

506 2315 666 2385 hujus
702 2318 840 2371 tnodi
877 2319 950 2371 rei
985 2318 1172 2373 dicunt
1199 2335 1354 2376 esse:
1385 2343 1403 2375 r
1435 2323 1646 2393 Omnis,
1673 2329 1906 2398 i-inquit,
1933 2350 1951 2382 ι
1979 2334 2088 2401 Spi-

507 2409 644 2462 ritus
671 2409 760 2476 qui
783 2409 1072 2465 conﬁtetur
1103 2413 1314 2470 Domini
1346 2416 1599 2474 Verbum.
1641 2439 1660 2472 ι
1714 2421 1814 2488 Qui
1847 2439 1968 2478 cum
1997 2441 2086 2480 cs-

505 2510 590 2555 set
620 2502 668 2555 in
702 2501 869 2556 {urina
905 2503 1019 2569 Dei,
1056 2507 1284 2562 formam
1318 2512 1620 2581 suscipiens
1643 2516 1807 2578 servi,
1843 2517 1893 2569 in
1925 2532 2090 2571 carne

506 2596 675 2660 venit,
713 2595 784 2649 ita
809 2606 865 2649 ut
899 2608 1264 2666 appareretet
1304 2609 1580 2670 pateretur
1605 2604 1656 2657 in
1683 2619 1744 2658 ea
1784 2619 1878 2674 pro
1910 2606 2089 2670 nobis,

507 2689 800 2742 secundum
864 2691 1007 2758 quod
1062 2691 1263 2744 dictum
1320 2706 1401 2747 εει
1455 2713 1469 2748 :
1521 2713 1540 2745 ι
1601 2695 1976 2750 Manilestatur
2037 2698 2088 2752 in

508 2792 676 2832 carne
704 2778 774 2844 “,
812 2798 830 2831 ι
858 2791 910 2833 ει
940 2780 1064 2834 illttd
1097 2799 1110 2834 :
1151 2800 1168 2832 ι
1217 2781 1434 2837 Christo
1475 2799 1632 2852 passo
1667 2802 1762 2852 pro
1821 2791 1975 2841 nobis
2037 2789 2088 2842 in

507 2882 673 2922 carne
701 2869 767 2924 ⁸⁸.
808 2888 825 2920 i
867 2869 966 2936 Qui
1007 2887 1132 2940 ergo
1165 2872 1233 2925 ita
1266 2875 1573 2938 conﬁtetur,
1606 2892 1668 2928 es
1698 2876 1805 2930 Deo
1829 2886 1932 2942 est,
1964 2876 2088 2929 dum

508 2958 969 3028 dispensationem
1003 2978 1127 3018 vere
1153 2964 1353 3019 factam
1379 2967 1811 3021 doctrinabiliter
1833 2970 2086 3023 fateatur.

512 3050 568 3103 Si
606 3052 726 3120 quis
758 3068 884 3109 vero
921 3055 1078 3108 solvit
1109 3054 1315 3118 Iesum,
1347 3069 1400 3111 et
1437 3074 1628 3127 purum
1664 3059 1830 3113 Deum
1869 3061 2088 3113 verbum

507 3151 660 3193 cura
687 3155 902 3195 carnem
927 3156 1048 3195 esse
1077 3152 1246 3210 putat,
1275 3154 1328 3196 et
1349 3160 1456 3196 non
1495 3160 1618 3198 vere
1642 3147 1910 3199 hominem
1940 3148 2088 3214 dicit,

510 3241 564 3282 et
589 3231 840 3283 universa
872 3231 1291 3298 dispensntiouis
1319 3233 1434 3298 ejus
1476 3231 1616 3288 facta
1662 3250 1758 3304 pro
1803 3238 2089 3306 phantasia

2191 2061 2395 2115 corpus
2423 2044 2646 2100 caeleste
2685 2061 2806 2099 eunt
2838 2045 3102 2099 detulisse
3139 2056 3352 2114 putant,
3388 2058 3481 2100 aut
3508 2056 3657 2102 certe
3689 2063 3816 2101 tis--

2191 2154 2295 2208 que
2318 2139 2383 2192 ad
2414 2139 2755 2208 phantasiam
2780 2137 3056 2192 hominem
3084 2137 3398 2204 apparuisse
3431 2139 3784 2193 conﬁrmant.

2192 2229 2426 2285 Possunt
2455 2231 2620 2299 igitur
2659 2230 2773 2283 haec
2802 2231 2965 2283 etiam
3023 2230 3384 2297 spiritualiter
3410 2230 3522 2300 (55)
3557 2234 3787 2297 esponi.

2195 2322 2463 2389 Queniatn
2500 2323 2644 2393 enini
2686 2337 2872 2376 verum
2921 2331 3004 2375 est
3040 2320 3190 2383 illud,
3216 2321 3358 2388 quod
3387 2321 3562 2375 dicit:
3598 2340 3616 2371 ‹
3653 2320 3793 2373 Vivo

2193 2430 2314 2484 ego,
2347 2415 2458 2482 jam
2519 2429 2623 2467 non
2657 2427 2780 2482 ego,
2814 2414 2944 2466 vivit
2978 2422 3155 2488 autem
3185 2414 3237 2466 in
3294 2429 3379 2466 tne
3409 2413 3659 2466 Christus
3681 2412 3787 2474 ",-

2195 2519 2252 2561 ttt
2289 2522 2503 2576 semper
2535 2504 3161 2560 mortiticationemJesu
3199 2508 3252 2559 in
3285 2521 3385 2560 suo
3425 2521 3658 2575 corpore
3679 2508 3778 2561 cir-

2192 2595 2464 2651 Ctunl‘erre
2493 2596 2757 2661 videatur,
2787 2595 3131 2649 manifestata
3161 2595 3214 2649 in
3249 2597 3461 2651 mortali
3489 2612 3654 2653 carne
3686 2613 3788 2652 sua

2193 2686 2302 2738 vita
2355 2685 2494 2753 ejus,
2535 2699 2696 2753 quem
2751 2684 3063 2747 conﬁtetur,
3088 2686 3341 2752 ostendit,
3391 2686 3442 2740 itt
3479 2703 3584 2756 qua
3608 2703 3782 2743 carne

2192 2779 2405 2833 venerit
2431 2776 2612 2838 Jesus,
2646 2792 2766 2831 cuin
2805 2777 2856 2829 in
2894 2777 3104 2830 diversa
3147 2779 3562 2833 conversatione
3594 2780 3664 2834 sit
3687 2795 3791 2846 po-

2193 2871 2347 2942 situs.
2386 2873 2474 2938 qui
2500 2869 2658 2922 solvit
2685 2878 2734 2922 et
2760 2868 2996 2935 sejungit
3025 2885 3052 2921 ει
3089 2871 3382 2938 semetipso
3407 2869 3611 2926 Jesum.
3638 2870 3790 2938 Qua-

2194 2961 2259 3014 lis
2293 2967 2375 3012 est
2407 2959 2496 3026 qui
2524 2967 2681 3024 negat
2719 2974 2862 3011 eunt.
2899 2958 2998 3024 Qui
3064 2960 3209 3013 enim
3237 2961 3524 3014 conﬁtetur
3573 2961 3788 3025 Jcsutn,

2194 3049 2354 3103 habet
2383 3063 2505 3102 eum
2541 3048 2592 3099 in
2649 3048 2964 3116 semetipso,
3016 3059 3071 3102 et
3105 3049 3378 3104 exsistens
3412 3051 3464 3102 in
3493 3065 3556 3102 eo
3584 3065 3788 3102 secun-

2195 3141 2318 3192 dum
2341 3142 2481 3208 quod
2515 3139 2774 3207 scriptum
2809 3149 2890 3192 est
2916 3153 2930 3192 :
2952 3157 2988 3190 .t
3020 3138 3280 3207 Quisquis
3307 3141 3585 3194 confessus
3622 3141 3793 3194 fuerit

2196 3249 2302 3295 tne,
2352 3231 2654 3286 conﬁtebor
2707 3239 2760 3285 et
2799 3247 2922 3285 eum
2982 3247 3165 3286 coram
3199 3232 3356 3287 Patre
3389 3248 3507 3286 tneo
3533 3233 3598 3287 δ’.
3628 3253 3645 3284 ι
3681 3233 3788 3300 Qui

511 3317 817 3384 conﬁrmat,
847 3334 968 3373 cum
1015 3318 1321 3388 huiusmodi
1357 3323 1577 3392 spiritus
1619 3326 1844 3394 erroris,
1873 3345 1938 3383 ex
1986 3329 2089 3384 Deo

2197 3341 2328 3380 vero
2357 3335 2535 3396 negat,
2564 3340 2630 3379 ex
2679 3325 2932 3378 omnibus
2958 3333 3278 3394 segregatus
3304 3335 3388 3379 est
3434 3325 3509 3379 De
3537 3341 3602 3380 eo
3632 3341 3793 3379 nani-

511 3422 616 3461 non
650 3418 753 3462 est.
783 3409 891 3464 Sed
926 3410 1058 3464 dicit
1086 3410 1298 3481 aliquis,
1324 3414 1522 3468 Inultos
1550 3415 1928 3471 ha-reticorunt
1960 3434 2093 3472 con-

511 3499 650 3552 ﬁtcri
682 3500 800 3566 ejus
835 3502 1177 3570 praesentiam
1206 3503 1570 3570 incantatam,
1603 3507 1788 3576 quales
1809 3518 1935 3562 sunt
1970 3510 2092 3564 novi

511 3596 784 3664 propheta:
838 3598 902 3649 de
939 3596 1166 3668 Phrygia
1216 3600 1594 3668 procedentes.
1633 3602 1727 3657 llis
1759 3605 2089 3672 responden-

507 3687 634 3740 dum
667 3698 770 3750 est,
800 3687 923 3757 quia
978 3689 1112 3742 sirttl
1170 3689 1346 3744 nullus
1394 3691 1526 3745 dicit
1570 3691 1856 3747 Dominum
1905 3694 2088 3750 Jesum

511 3781 613 3834 nisi
649 3783 699 3832 in
726 3781 931 3849 Spiritu
964 3795 1156 3836 sancto
1187 3783 1254 3850 “,
1300 3801 1403 3839 non
1438 3786 1781 3840 vocitandnin
1813 3788 1949 3860 (55).
1983 3789 2094 3845 Νεε

511 3881 904 3937 consequenter
945 3873 1220 3929 tlteinoues
1260 3886 1313 3928 et
1350 3877 1596 3931 homines
1640 3877 1813 3942 ﬁctos,
1847 3895 1946 3935 nec
1988 3897 2092 3936 non

509 3971 563 4012 et
615 3961 900 4017 haereticos
965 3962 1210 4019 dicamus
1247 3966 1510 4036 Spiritum
1566 3968 1766 4024 habere
1820 3983 2090 4036 sanctum,

509 4053 653 4122 quod
697 4054 1162 4132 estiucongruum
1197 4059 1331 4112 satis
1358 4069 1412 4113 et
1443 4060 1662 4128 itnpitnn
1691 4047 1713 4114 ε’
1745 4077 1869 4116 nant
1906 4065 1950 4117 si
1987 4080 2091 4120 non

510 4158 642 4200 voce
666 4149 858 4213 solum,
891 4149 984 4203 sed
1023 4150 1186 4204 etiam
1215 4152 1472 4220 operibus
1504 4163 1557 4206 et
1588 4152 1778 4209 aﬂ'ectn
1812 4171 1958 4219 vero,
1986 4173 2092 4211 non

511 4233 635 4288 dolo
659 4235 1140 4302 DominumJesum
1177 4240 1323 4294 dicat
1353 4240 1572 4310 aliquis,
1606 4243 1692 4297 hic
1721 4259 1846 4300 vere
1877 4247 1928 4301 in
1964 4247 2092 4317 Spi-

514 4327 617 4381 ritu
641 4338 828 4384 sancto
853 4331 1100 4384 eumdem
1145 4332 1426 4387 Dominum
1456 4335 1766 4390 conﬁtetur.
1800 4336 1949 4393 Sicut
1975 4341 2088 4410 qui-

514 4421 614 4473 bus
660 4420 793 4475 dixit
839 4420 1045 4476 Jesns:
1104 4441 1122 4475 ι
1158 4421 1264 4478 Vos
1301 4439 1386 4477 tne
1439 4427 1646 4480 vocatis
1685 4425 1996 4498 Magistrum
2039 4440 2097 4484 et

516 4511 822 4580 Dominum,
848 4529 901 4570 et
941 4515 1075 4571 bene
1114 4517 1333 4572 facitis:
1367 4532 1486 4570 sum
1516 4521 1714 4573 etenim
1764 4530 1944 4576 vester
1981 4521 2095 4576 Ma-

514 4603 682 4670 gister
709 4604 773 4666 ",
817 4622 834 4654 ι
880 4604 970 4672 qui
1010 4605 1282 4674 suscipitis
1326 4606 1623 4660 doctrinam
1662 4623 1834 4662 meam
1889 4621 1943 4664 et
1993 4613 2092 4667 do-

518 4692 1004 4756 tuiniurn,servitis
1032 4693 1175 4746 enim
1237 4694 1512 4749 voluntate
1558 4711 1837 4766 germana,
1888 4698 2094 4756 facien-

517 4790 596 4834 tes
629 4797 747 4848 quae
779 4780 919 4846 dico,
980 4779 1216 4850 impletis
1265 4782 1596 4857 voluntatem
1632 4781 1808 4838 Patris
1850 4786 1978 4852 mei,
2003 4788 2093 4857 qui

515 4871 568 4925 in
605 4872 744 4927 (mlo
793 4881 896 4936 est,
932 4874 1074 4928 sicut
1132 4889 1250 4943 ego.
1282 4872 1396 4929 Non
1434 4853 1635 4930 habent
1680 4874 1938 4946 Spiritqu
1973 4853 2097 4934 san-

513 4974 687 5027 ctum,
723 4965 813 5035 qui
855 4965 1044 5020 dicunt
1100 4965 1383 5020 Dontiunm
1415 4964 1622 5033 .lesum,
1666 4978 1721 5023 et
1759 4987 1863 5025 non
1894 4972 2100 5028 faciunt

511 5070 634 5126 quae
681 5059 944 5126 praecipit,
979 5075 1100 5114 cum
1149 5059 1336 5128 procul
1393 5061 1461 5115 ab
1488 5075 1552 5116 eo
1599 5063 1708 5118 sint
1753 5066 1936 5131 corde,
1973 5068 2102 5121 solis

515 5164 638 5204 cum
677 5151 832 5206 labiis
866 5153 1216 5207 honorantes.
1249 5152 1474 5217 Quando
1497 5154 1609 5226 (5i)
1643 5155 1716 5210 illi
1747 5150 1944 5212 habent
1975 5159 2098 5229 Spi-

517 5242 680 5295 ritutn
704 5255 973 5311 sanctum,
1004 5245 1096 5314 qui
1125 5246 1379 5314 operibus
1407 5256 1462 5300 ει
1513 5245 1709 5304 εσεειυ
1770 5260 1964 5306 vocant
1992 5248 2099 5306 Do-

516 5334 719 5388 minum
749 5333 930 5390 Jesum
965 5351 981 5390 :
1028 5337 1100 5392 ita
1130 5338 1220 5406 qui
1261 5338 1547 5394 conﬁtetur
1585 5339 1867 5394 Dominum
1914 5340 2096 5396 .Iesum

585 5450 669 5504 “l
699 5452 836 5505 Tim.
885 5471 965 5511 Ill.
1007 5455 1086 5509 l6.

519 5521 562 5554 ⁸ο
593 5523 724 5576 ibi-l.
753 5525 839 5578 55.

587 5642 701 5710 (55)
735 5643 1035 5713 Legenduin
1070 5656 1172 5706 est.
1204 5657 1566 5702 racetamum.

591 5713 708 5783 (iii)
731 5712 1043 5768 Callandius
1101 5722 1380 5783 quommlo.
1413 5728 1577 5770 recte.

591 5782 705 5849 (55)
733 5783 868 5837 Gall.
904 5788 1215 5851 specialiter.
1247 5787 1445 5841 Vereor
1475 5796 1673 5848 tamen.
1705 5801 1771 5841 ne
1794 5787 1892 5842 hoc
1915 5801 1977 5841 es
2008 5799 2097 5839 ero

522 5865 647 5906 rore
671 5855 959 5922 typollteln:
1002 5859 1189 5925 magis.
1225 5873 1384 5925 quam
1419 5871 1482 5908 ett
1528 5859 1838 5926 conjectura
1877 5858 2104 5914 editoris

522 5932 702 5974 ortuut
740 5936 824 5975 sit.

1168 5456 1210 5486 "
1237 5457 1250 5509 Ι
1281 5455 1425 5511 Petr.
1464 5473 1536 5520 tv,
1564 5458 1611 5510 l.

2203 3431 2310 3486 que
2335 3417 2476 3486 quod
2507 3416 2637 3469 dicit
2667 3433 2678 3468 :
2718 3434 2735 3466 ι
2765 3413 3085 3483 Quicunque
3131 3416 3408 3483 negaverit
3442 3431 3545 3475 me.
3582 3415 3792 3484 negabo

2193 3518 2248 3561 et
2275 3522 2373 3576 ego
2397 3522 2518 3560 euut
2556 3524 2569 3560 :
2603 3525 2621 3557 ι
2671 3507 2756 3560 hic
2786 3505 3084 3574 propositio
3127 3520 3230 3559 non
3283 3507 3602 3571 assumitur,
3646 3508 3792 3560 sicut

2199 3599 2272 3652 ait
2293 3600 2361 3653 ibi
2385 3617 2398 3652 ε
2426 3617 2443 3650 ι
2467 3597 2777 3652 Conﬁtebor
2798 3606 2848 3650 et
2880 3612 2979 3664 ego
3002 3613 3122 3651 eum
3153 3613 3336 3652 coram
3366 3597 3521 3653 Patre
3539 3600 3738 3654 meo".
3764 3616 3783 3648 ι

2197 3690 2523 3757 Figuraliter
2551 3693 2730 3760 itaque
2759 3689 2886 3743 dicit
2918 3689 2982 3743 de
3017 3689 3374 3751 Antichrislo,
3407 3706 3570 3761 quem
3604 3691 3792 3746 venire

2194 3782 2515 3843 audivimus,
2549 3782 2672 3850 quia
2698 3779 2807 3850 jam
2841 3780 2893 3832 in
2936 3781 3134 3834 inttndo
3159 3789 3266 3846 est,
3297 3780 3400 3836 hoc
3422 3792 3530 3846 est,

2197 3871 2545 3945 προώδευσαν
2576 3873 2685 3944 γὰρ
2711 3873 2877 3927 αὑτοῦ
2900 3872 2955 3926 αἱ

2193 3969 2455 4037 αἱρέσεις,
2505 3967 2622 4038 (56)
2671 3985 2954 4039 χαρακτη-

2197 4060 2435 4131 ριστικὸν
2464 4058 2524 4111 τὸ
2555 4058 2642 4110 διὰ
2659 4058 2958 4130 ψευδοπρο-

2196 4153 2382 4224 φητῶν
2467 4154 2558 4206 καὶ
2632 4156 2957 4225 πνευμάτων

2194 4244 2342 4297 λύειν
2385 4245 2475 4298 τὸν
2512 4245 2738 4314 Ἰησοῦν,
2783 4247 2840 4299 ὲν
2881 4246 2960 4317 τῷ

2200 4336 2274 4406 μὴ
2325 4334 2607 4405 ὁμολογεῖν
2674 4335 2837 4389 αὐτὸν
2901 4338 2958 4389 ὲν

2197 4428 2363 4500 σαρκὶ
2385 4427 2722 4497 ἐληλυθέναι.
2743 4427 2850 4482 Τοῦ
2867 4428 2957 4483 λέ-

2197 4534 2316 4585 γειν
2348 4517 2481 4586 (57),
2511 4517 2609 4570 καὶ
2643 4517 2778 4582 νῦν,
2813 4537 2957 4592 πρα-

3029 3887 3127 3942 per
3176 3874 3674 3945 pseudoprophetas
3732 3884 3789 3930 et

3030 3969 3252 4036 spiritus
3339 3976 3608 4034 errorum,
3694 3983 3793 4038 per

3031 4074 3168 4129 quos
3187 4062 3414 4142 solvitur
3430 4061 3608 4126 Iesus.
3623 4077 3792 4132 quan.

3033 4155 3100 4208 do
3164 4169 3269 4208 non
3301 4157 3628 4210 coalltentur
3663 4170 3790 4209 eum

3033 4249 3085 4300 in
3139 4248 3306 4302 carn'e
3367 4247 3598 4302 venisse.
3631 4248 3785 4314 Quod

3033 4350 3210 4394 autem
3253 4341 3328 4394 ait
3355 4357 3512 4404 nunc,
3548 4354 3642 4410 per
3686 4340 3791 4394 hoc

3033 4432 3174 4500 quod
3199 4431 3377 4500 agitur
3405 4431 3474 4486 ab
3500 4431 3604 4486 illis
3633 4431 3790 4485 intel-

3034 4524 3311 4596 ligendum
3341 4536 3442 4582 est.

1692 5457 1737 5488 "
1764 5455 1929 5514 lCor.
1956 5473 2052 5522 xu,
2079 5457 2132 5511 5.

2203 4608 2408 4671 κτικῶς
2441 4609 2757 4661 ἀκουστέον.

2269 4699 2430 4752 Vsus.
2455 4700 2508 4750 6.
2538 4717 2554 4748 ι
2578 4697 2676 4764 Qui
2705 4701 2985 4770 cognoscit
3011 4700 3201 4765 Deum,
3228 4700 3378 4754 audit
3410 4716 3536 4768 nos;
3565 4699 3654 4770 qui
3680 4715 3790 4756 non

2197 4800 2282 4844 εει
2317 4806 2382 4844 ex
2421 4789 2548 4854 Deo,
2581 4807 2684 4845 non
2709 4807 2810 4846 nos
2841 4794 3010 4848 audit.
3037 4812 3056 4847 ι

2272 4880 2328 4936 Si
2382 4883 2678 4937 secundum
2731 4883 2966 4940 litteram
3000 4885 3221 4939 verbum
3268 4881 3518 4936 audiendi
3553 4884 3792 4953 percipi-

2204 4988 2346 5034 mus.
2381 4988 2489 5026 non
2522 4975 2734 5028 videtur
2763 4990 2886 5030 esse
2907 4991 3113 5038 verum,
3137 4973 3278 5042 quod
3301 4974 3504 5027 dictum
3529 4985 3635 5039 est,
3659 4976 3788 5030 dum

2203 5080 2414 5129 omnes,
2441 5067 2593 5136 parvi
2626 5077 2678 5122 et
2725 5067 2950 5121 studiosi
2991 5065 3265 5130 similiter,
3327 5081 3513 5121 vocem
3564 5067 3800 5124 audiant

2206 5159 2548 5226 exponentis.
2579 5158 2731 5213 Unde
2756 5159 2972 5227 quidam
3017 5174 3113 5228 pro
3149 5159 3498 5231 intelligentia
3529 5161 3641 5216 hare
3665 5175 3790 5231 per-

2202 5250 2428 5318 cipiunt,
2461 5251 2511 5302 id
2541 5260 2647 5313 est,
2685 5258 2739 5303 ut
2765 5252 3224 5325 _consentiamus,
3251 5260 3326 5317 et,
3360 5267 3482 5322 qute
3510 5253 3785 5316 dicuntur,

2201 5342 2485 5396 audientes
2509 5340 2770 5396 faciamus
2821 5359 2832 5395 :
2868 5345 2957 5410 qui
2992 5345 3223 5415 ignorat,
3286 5361 3405 5416 qua:
3461 5346 3642 5406 faciat,
3678 5361 3786 5398 non

2211 5459 2254 5489 δ’
2279 5456 2434 5514 Joan.
2463 5473 2594 5522 χιιι,
2630 5460 2709 5513 15.
2789 5460 2833 5492 ⁸⁸
2858 5462 3030 5517 Galat.
3066 5479 3122 5524 ll,
3159 5463 3247 5518 20.
3325 5463 3368 5495 δ’
3391 5463 3577 5518 Matth.
3614 5479 3665 5526 tt,
3691 5459 3783 5517 '59.

2210 5711 2238 5736 τ
2277 5647 2391 5718 (56)
2417 5649 2720 5704 Μ.ιιι1ι;εἰιιι
2773 5656 2917 5704 recte
2947 5648 3396 5717 interponendun‘t
3423 5659 3542 5718 esse
3575 5650 3785 5707 censet,

2202 5736 2386 5856 ων(⁸57)
2418 5789 2491 5842 Τὸ
2524 5790 2703 5858 λέγειν
2733 5789 3014 5843 verissima
3037 5799 3118 5843 est
3149 5785 3402 5842 Mattltteii
3448 5781 3780 5851 conjectura,

2213 5857 2422 5913 Latinis
2452 5857 2626 5913 verbis
2654 5862 3022 5930 comprobata.
