4118 6420
326 481 464 535 i797

1221 481 1622 536 ENABRATIU
1668 485 1729 536 IN
1774 481 2161 537 EPISTOLAM
2204 479 2221 532 Ι
2264 481 2320 534 S.
2360 476 2666 532 JOANMS.

3460 469 3597 526 9’98

323 600 491 652 antiit.
526 600 625 664 Qui
653 608 735 652 est
761 613 824 652 ex
863 598 990 665 Deo,
1022 600 1167 653 audit
1201 614 1314 659 eos,
1342 601 1433 667 qui
1468 600 1578 651 lucc
1610 601 1813 658 dicunt.
1851 608 1900 651 et
1943 604 1981 655 Α
2014 594 2279 648 srendens
2306 592 2485 646 omnia
2521 590 2733 643 bonitas
2775 588 3124 654 obsequatur.
3184 583 3317 648 Quid
3366 590 3451 639 est
3498 600 3597 636 au-

322 690 578 758 operibus
604 704 861 745 exercere
893 691 1244 745 contendunt.
1274 689 1513 746 Positum
1538 699 1620 743 est
1646 692 1789 743 cnim
1815 706 1911 758 pro

323 781 645 851 intelligere,
709 782 916 846 audire,
961 783 1049 835 ubi
1107 783 1229 836 ait:
1280 780 1474 849 Legem
1526 796 1632 833 non
1686 780 1909 839 auditis,

322 872 424 927 hoc
448 883 553 936 est,
593 888 697 927 nou
724 872 1040 943 intelligitis,
1073 885 1128 927 et
1160 872 1286 925 illud
1332 888 1345 924 :
1383 889 1401 922 (
1425 870 1530 937 Qtti
1562 870 1724 923 habet
1752 884 1913 922 aures

320 964 598 1027 audiendi,
627 965 815 1018 audiat
844 965 910 1030 ",
940 984 973 1017 ι,
1000 965 1100 1018 hoc
1145 974 1248 1027 est,
1289 962 1611 1025 consentiat,
1653 969 1708 1013 et
1735 960 1862 1013 illud
1896 978 1907 1012 :

324 1074 343 1106 ι
375 1054 489 1109 Non
529 1056 730 1110 audivit
783 1056 1011 1125 pepulns
1061 1071 1213 1110 meus
1260 1070 1443 1109 vorem
1487 1069 1658 1107 meam
1690 1054 1757 1118 ⁵³,
1790 1071 1809 1103 ι
1859 1063 1911 1107 ει

327 1145 459 1200 illud
501 1164 514 1200 :
560 1166 578 1198 ι
611 1146 667 1201 Si
717 1147 942 1216 populus
975 1149 1238 1201 audiisset
1293 1162 1379 1202 me
1402 1146 1468 1201 ".
1491 1165 1511 1198 ι
1580 1144 1730 1200 llnde
1762 1159 1910 1208 qua:-

322 1238 432 1291 stio
460 1240 721 1303 nascitur,
768 1249 948 1292 utrmn
1008 1239 1062 1292 in
1096 1234 1277 1295 verbis
1308 1237 1683 1306 signiﬁcativis
1716 1237 1906 1291 eadem

320 1329 458 1399 ipsa,
498 1347 564 1384 an
595 1330 823 1385 alterum
866 1346 1054 1386 eorum
1086 1342 1304 1399 Oportet
1336 1331 1587 1402 intelligi,
1615 1329 1776 1399 quale
1800 1338 1905 1393 est,

318 1423 410 1476 ubi
436 1422 636 1476 dicitur
661 1440 674 1477 :
721 1440 740 1473 ι
770 1422 911 1478 Oves
941 1438 1073 1477 mea!
1103 1439 1288 1477 vocem
1323 1438 1497 1477 meam
1553 1421 1856 1476 audiunt“.
1880 1440 1899 1474 ι

391 1510 556 1567 Vens.
607 1513 664 1578 7,
721 1513 775 1567 8.
850 1514 1241 1578 «Charissimi,
1307 1513 1594 1581 diligamus
1652 1514 1903 1579 invicem,

315 1601 573 1671 quoniam
638 1602 880 1657 cbaritas
920 1618 985 1656 ex
1022 1603 1132 1657 Deo
1168 1610 1273 1656 est.
1307 1602 1373 1656 Et
1401 1604 1577 1656 omnis
1605 1603 1694 1671 qui
1729 1602 1901 1670 diligit

314 1692 541 1748 fratrem
597 1707 779 1758 somn,
846 1708 910 1747 ex
969 1693 1078 1746 Deo
1135 1704 1296 1748 natus
1356 1705 1462 1757 est,
1521 1703 1575 1749 ct
1625 1696 1903 1765 cognoscit

314 1783 483 1838 Deum
525 1804 538 1839 :

312 1874 552 1931 charitas
590 1890 694 1932 est.
723 1897 742 1930 ι

594 1786 686 1855 qui
747 1801 851 1840 non
892 1785 1088 1856 diligit,

1145 1786 1362 1856 ignorat
1394 1787 1582 1855 Deum,
1610 1789 1735 1865 quia
1761 1787 1902 1843 Deus

2021 696 2127 738 tem
2162 699 2227 736 cx
2270 682 2378 736 Deo
2416 680 2712 752 generari?
2753 677 3089 734 Generaliter
3131 678 3274 730 enim
3316 678 3419 731 hoc
3447 677 3594 729 oumi

2014 774 2072 828 se
2098 775 2327 828 invicem
2365 773 2605 841 diligenti
2658 769 2957 838 proveniet,
3004 776 3061 820 ut
3105 765 3247 821 ﬁlius
3289 766 3379 820 Dei
3437 780 3599 821 voce-

2020 877 2127 929 tur,
2156 867 2241 918 cui
2276 867 2464 928 etiam,
2494 874 2552 915 ιιι
2575 877 2800 932 peccare
2832 860 3025 930 possit,
3073 874 3177 912 non
3226 858 3406 920 inerit,
3453 858 3596 926 quod

2014 971 2200 1013 semen
2248 956 2447 1010 habeat
2494 956 2544 1008 iu
2596 952 2890 1020 semetipso
2933 950 3237 1020 generautis
3267 948 3462 1002 Patris.
3493 949 3596 1003 Se-

2014 1049 2198 1118 quitur
2241 1046 2407 1099 etiam
2453 1058 2599 1107 ειιιιι,
2655 1042 2744 1111 qui
2778 1057 2847 1096 ex
2890 1038 3002 1094 Deo
3035 1048 3189 1092 natus
3224 1046 3325 1101 est,
3364 1047 3423 1091 ut
3450 1040 3589 1093 sciat

2012 1141 2311 1209 genitorem
2380 1138 2545 1190 Deum
2621 1148 2742 1189 esse
2823 1132 3167 1187 eharilalem.
3242 1148 3258 1181 t
3300 1130 3590 1198 Propterea

2008 1229 2176 1291 enim,
2208 1246 2227 1279 ι
2284 1225 2455 1295 inquit
2481 1266 2497 1289 ,
2562 1241 2581 1276 ι
2612 1224 2856 1279 ειιειίιίιε
2892 1238 2956 1275 ex
2996 1220 3106 1275 Deo
3140 1230 3242 1286 est,
3280 1230 3334 1275 et
3367 1220 3456 1288 qui
3495 1220 3593 1273 ba-

2009 1316 2102 1372 bet
2134 1318 2295 1380 hanc,
2324 1324 2483 1370 natus
2514 1331 2581 1368 ex
2617 1313 2729 1367 Deo
2758 1320 2841 1367 est
2874 1321 2928 1366 et
2958 1313 3232 1380 cognoscit
3267 1326 3391 1365 cum
3419 1326 3434 1362 :
3466 1325 3595 1378 quo-

2008 1408 2154 1462 niam
2183 1407 2299 1472 ipse
2329 1409 2422 1477 qui
2454 1404 2640 1475 genuit
2666 1413 2720 1458 et
2752 1402 3120 1473 cognoscitur,
3154 1400 3398 1456 charitas
3433 1412 3536 1454 est.
3569 1418 3589 1451 ι

2008 1496 2097 1554 Sic
2140 1498 2251 1570 (60)
2289 1499 2432 1552 enim
2481 1511 2644 1550 causa
2695 1503 2805 1560 est,
2855 1501 2913 1546 ut
2960 1493 3236 1560 sapientes
3284 1502 3340 1547 et
3379 1490 3509 1560 justi
3543 1501 3598 1544 et

2006 1590 2184 1644 sancti
2214 1590 2409 1652 simus,
2448 1586 2626 1641 factus
2657 1585 2815 1640 nobis
2836 1583 3084 1639 Christus
3112 1599 3139 1635 a
3169 1582 3279 1637 Deo
3304 1581 3598 1652 sapientia,

2001 1680 2234 1751 iustitia,
2286 1678 2731 1740 sanetimonium,
2788 1672 2865 1729 ita
2908 1690 3073 1731 causa
3119 1682 3241 1740 est,
3298 1673 3593 1727 alterutros

2002 1771 2282 1842 diligendi,
2316 1769 2457 1840 quod
2509 1767 2651 1823 Deus
2678 1768 2918 1822 charitas
2968 1776 3070 1823 est.
3101 1765 3177 1821 Eo
3208 1777 3441 1832 namque
3468 1778 3596 1830 par-

2008 1861 2222 1931 ticipari
2257 1860 2553 1915 secundum
2588 1858 2731 1928 quod
2762 1858 3003 1912 charitas
3025 1865 3129 1922 est,
3154 1855 3428 1918 habemus
3462 1854 3591 1907 eba-

316 1967 528 2037 Ὥσπερ
561 1969 616 2023 δὲ
672 1969 925 2044 ἔγκλημα
978 1972 1074 2025 καὶ
1148 1970 1317 2025 Siculi
1345 1971 1549 2025 crimen
1602 1981 1656 2027 et
1690 1974 1901 2043 vitupe-

2008 1950 2226 2005 ritatem
2272 1963 2338 2003 ex
2383 1962 2474 2011 eo,
2521 1956 2576 2002 et
2610 1946 2884 2015 diligimus
2926 1946 3183 2000 invicem.
3218 1943 3275 1997 In
3313 1943 3593 2011 sequenti-

309 2060 478 2130 ψόγον
501 2062 657 2134 φέρει
681 2064 744 2117 τὸ
782 2064 856 2135 μὴ
885 2063 1071 2135 αἱρου-

311 2156 459 2229 μένῳ
514 2157 577 2211 τὸ
615 2156 828 2229 αἱρετὸν
861 2157 954 2210 καὶ
985 2172 1074 2226 φι-

308 2244 487 2300 λοῦντι
514 2246 576 2301 τὸ
608 2246 863 2319 φιλητόν·
898 2244 1073 2309 οὕτως

305 2337 528 2393 ἔπαινον
560 2341 838 2412 περιποιεῖ
874 2341 985 2403 τοῖς
1010 2341 1069 2394 ἁ-

303 2429 524 2497 γαπῶσι
572 2431 701 2495 τοὺς
739 2430 925 2496 ἀξίους
974 2428 1068 2484 τοῦ

300 2523 622 2591 ἀγαπᾶσθαι
660 2523 738 2595 τῷ
763 2519 903 2576 εἶναι
932 2524 1070 2593 ἀγα-

302 2614 532 2686 πητούς.
600 2615 738 2669 Πότε
798 2616 855 2669 δὲ
912 2616 1067 2671 τοῦτο

300 2708 649 2781 ὑπαρχθῆναι
708 2708 964 2776 δυνατὸν,
1028 2710 1062 2783 ἢ

299 2802 388 2854 ἓτε
421 2802 613 2873 αἴρειὸ
638 2802 839 2874 Σωτὴρ
872 2804 970 2875 τὴν
1000 2806 1063 2858 ἁ-

305 2893 541 2965 μαρτίαν
582 2893 678 2946 τοῦ
717 2893 945 2965 κόσμου,
979 2896 1066 2948 ἵνα

298 2983 485 3056 δειχθῇ
532 2988 561 3038 ὁ
608 2984 913 3056 ἄνθρωπος,
953 2981 1065 3050 οἷος

300 3078 410 3131 ὑπὸ
464 3077 606 3130 Θεοῦ
671 3078 881 3146 γέγονε,
940 3078 1062 3130 καθ’

297 3179 562 3247 ὁμοίωσιν
590 3177 679 3228 καὶ
708 3175 892 3228 εἰκόνα
926 3175 1063 3227 ὑπο-

296 3267 529 3336 δειχθεὶς
552 3265 646 3319 τοῦ
673 3264 1058 3336 πεποιηκότος.

300 3357 459 3413 Οὕτω
507 3357 615 3429 γὰρ
651 3357 986 3429 φανερωοεὶς
1035 3357 1063 3410 ὁ

299 3448 606 3521 ἄνθρωπος,
631 3448 793 3513 εὐθὺς
815 3447 890 3502 ὢν
921 3449 1061 3518 ἀγα-

300 3546 473 3618 πητὸς
508 3548 601 3601 καὶ
624 3546 775 3612 ἄξιος
803 3547 897 3600 τοῦ
924 3547 1064 3615 ἀγα-

301 3637 511 3691 πᾶσθαι
556 3637 838 3708 τυγχάνει.
910 3637 1064 3691 Ἐπεὶ

299 3734 479 3788 τοίνυν
508 3734 539 3787 ό
581 3733 910 3798 ἀποσταλεὶς
951 3734 1065 3787 Σω-

298 3826 407 3899 τὴρ
455 3823 536 3897 τῷ
584 3826 796 3897 κόσμῳ.
850 3827 1062 3899 ἀγᾲπῃ.

298 3920 367 3991 τῇ
394 3919 531 3991 πρὸς
563 3918 632 3973 τὰ
660 3918 855 3974 ἑαυτοῦ
898 3920 1061 3989 ποιή-

302 4029 449 4083 ματα
478 4016 573 4065 καὶ
592 4012 686 4064 τοῦ
705 4009 941 4083 Πατρὸς,
972 4010 1066 4063 ἐπὶ

298 4103 566 4169 ἀναδείξει
588 4103 681 4157 τοῦ
704 4101 933 4166 κάλλους
956 4102 1064 4155 τῶν

300 4198 424 4256 κατ’
458 4197 643 4250 εἰκόνα
670 4194 807 4249 θεοῦ
835 4195 1060 4267 γεγονό-

298 4314 429 4351 των.
463 4296 527 4349 0i
572 4293 779 4366 ταύτης
824 4294 924 4365 τῆς
959 4293 1061 4347 δω-

300 4390 433 4462 ρεᾶς
449 4388 811 4458 τυγχάνοντες
834 4386 1058 4456 ἀγαπη-

298 4482 384 4536 τοὶ
404 4481 781 4551 τυγχάνουσιν,
812 4478 934 4533 ὅθεν
968 4481 1062 4533 ἀλ-

297 4573 497 4645 λήλους
547 4572 856 4642 ἀγαπῶσιν.
910 4573 1063 4643 Ἔχει

298 4667 410 4740 γὰρ
438 4666 670 4730 ἕκαστος
710 4668 805 4720 καὶ
833 4666 894 4720 τὸ
923 4666 1065 4734 ἀγα-

299 4760 533 4831 πητικὸς
598 4756 736 4814 εἶναι
758 4801 773 4826 ,
845 4759 1062 4833 ἐντολὴν

300 4853 439 4922 ἔχων
458 4853 549 4907 τοῦ
569 4855 787 4926 ἀγαπᾷν
808 4853 898 4908 τὸν
927 4853 1063 4926 πλη-

305 4944 439 4997 σιον.

301 5034 396 5099 sit,
431 5043 485 5088 et
520 5046 576 5088 ut
606 5037 826 5107 diligere
866 5043 1053 5109 possit,

301 5125 377 5180 rit
417 5128 722 5196 proximum
774 5131 1051 5200 diligendi.

1149 2065 1411 2121 rationem
1450 2063 1635 2129 habet,
1670 2067 1760 2134 qui
1795 2081 1902 2119 non

1144 2157 1313 2228 eligit,
1381 2159 1524 2227 quod
1594 2159 1901 2229 eligendum

1144 2258 1247 2314 est,
1301 2258 1356 2304 et
1413 2265 1517 2305 non
1558 2261 1706 2305 amat
1759 2252 1900 2318 quod

1144 2342 1435 2396 amandum
1460 2353 1564 2405 est,
1585 2345 1656 2397 ita
1687 2344 1898 2400 laudem

1142 2436 1473 2504 conquirunt
1500 2436 1784 2506 diligentes
1813 2438 1898 2491 tli-

1140 2542 1297 2598 gnos,
1329 2537 1384 2583 et
1422 2545 1516 2585 eos
1545 2531 1635 2601 qui
1672 2530 1901 2600 diligen-

1140 2626 1191 2682 di
1234 2636 1381 2682 sunt.
1436 2626 1661 2694 Quando
1716 2639 1897 2684 autem

1140 2720 1256 2776 haec
1280 2719 1452 2791 magis
1488 2722 1775 2790 provenire
1806 2725 1899 2790 po-

1142 2821 1393 2878 tuerunt‘,
1468 2815 1686 2883 quando
1779 2816 1897 2869 tulit

1141 2905 1396 2959 Salvator
1424 2913 1706 2973 peccatum
1741 2920 1897 2959 mun-

1138 2996 1212 3061 di,
1278 3004 1334 3052 et
1366 2996 1478 3069 (58)
1517 2999 1898 3056 ostenderetur

1139 3088 1321 3155 homo,
1391 3093 1566 3159 qualis
1604 3107 1632 3149 ε
1690 3093 1799 3149 1)εο
1829 3096 1899 3150 sit

1136 3174 1338 3243 factus,
1362 3196 1457 3249 per
1480 3183 1894 3238 similitudinem

1136 3280 1189 3326 et
1220 3272 1511 3343 imaginem
1548 3273 1889 3331 demonstra—

1138 3371 1225 3417 tur
1278 3365 1351 3428 ei,
1407 3365 1497 3433 qui
1557 3364 1683 3420 fecit
1750 3383 1896 3420 eum.

1140 3456 1283 3510 Dum'
1308 3455 1431 3510 talis
1462 3459 1605 3510 enim
1636 3472 1899 3526 apparue-

1143 3549 1211 3603 rit
1256 3549 1441 3615 homo,
1487 3565 1606 3603 mox
1668 3550 1899 3606 dilectus

1138 3641 1441 3706 Exsisleus,
1517 3645 1576 3697 lit
1642 3642 1900 3698 divinitus

1142 3730 1280 3802 (59),
1324 3743 1383 3788 ιιι
1422 3735 1712 3804 diligatur;
1770 3736 1898 3803 quia

1140 3823 1393 3880 Salvator
1439 3825 1636 3881 missus
1659 3826 1709 3878 in
1743 3842 1900 3879 mun-

1138 3916 1312 3982 dum,
1384 3930 1483 3985 per
1550 3917 1894 3972 dilectionem

1139 4004 1338 4072 Patris,
1362 4009 1427 4061 ad
1458 4019 1736 4065 creaturas
1771 4025 1897 4067 suas

1140 4101 1319 4167 venit,
1386 4110 1447 4155 ut
1520 4104 1895 4159 remissionem

1137 4195 1456 4250 concederet
1530 4207 1894 4269 peccatorum,

1134 4298 1189 4343 et
1211 4289 1522 4344 ostenderet
1548 4288 1901 4357 pulchritudi-

1136 4398 1259 4439 nem
1312 4397 1529 4449 eorum,
1585 4397 1723 4454 quos
1774 4383 1900 4439 fecit

1136 4475 1201 4531 ad
1230 4477 1519 4548 imaginem
1551 4488 1606 4530 et
1636 4477 1897 4531 similitu-

1137 4570 1315 4624 dinem
1355 4569 1467 4623 Dei.
1528 4558 1629 4636 Qui
1676 4570 1779 4626 hoc
1806 4572 1900 4627 do-

2011 2040 2112 2096 bus
2165 2051 2344 2095 autem
2398 2054 2638 2109 congrue
2687 2038 2851 2092 etiam
2904 2030 3155 2092 Salvator
3205 2034 3446 2090 cbaritas
3475 2050 3595 2088 esse

2013 2140 2370 2187 monstratur.
2412 2128 2507 2183 Ait
2545 2128 2715 2196 enim,
2761 2128 2816 2184 in
2861 2128 2997 2183 Filio
3029 2128 3119 2197 qui
3164 2126 3362 2180 missus
3384 2133 3466 2178 est
3498 2139 3595 2193 pro

2014 2222 2192 2277 salute
2230 2232 2438 2287 nostra,
2486 2219 2605 2290 ejus
2647 2220 2968 2275 charitatem
3014 2219 3301 2283 exsistere,
3346 2216 3425 2270 sic
3454 2216 3592 2269 scri-

2010 2314 2185 2368 bens:
2217 2331 2236 2364 ι
2262 2309 2321 2366 In
2367 2312 2469 2367 hoc
2501 2320 2585 2367 est
2614 2312 2874 2366 charitas.
2903 2329 2922 2363 ι
2959 2309 3125 2377 Quasi
3172 2308 3369 2376 aliquis
3405 2316 3590 2361 osten—

2008 2406 2143 2459 dens
2187 2403 2395 2467 Iesum,
2450 2404 2680 2469 diceret,
2727 2403 2777 2456 in
2825 2404 2929 2458 hoc
2970 2411 3054 2458 est
3103 2401 3199 2456 Dei
3248 2398 3509 2464 Verbum,
3540 2399 3593 2451 in

2014 2495 2117 2550 hoc
2143 2508 2227 2550 est
2249 2496 2455 2550 veritas
2480 2503 2535 2548 et
2567 2494 2829 2561 sapientia
2859 2494 2972 2548 Dei.

2007 2586 2264 2639 Οὐκοῦνό
2297 2584 2486 2648 ειπὼν,
2521 2585 2585 2638 '0
2621 2583 2765 2649 Θεὸς
2839 2584 3177 2653 Quapropter
3193 2581 3592 2636 charitatcmcx

2004 2677 2204 2748 ἀγάπη
2248 2677 2439 2741 ἐστὶν,
2464 2671 2618 2739 οὗτος
2659 2674 2766 2728 πά-
2838 2676 3126 2737 cbaritate,
3181 2674 3348 2727 Deum
3391 2687 3452 2724 ex
3490 2670 3597 2727 Deo

2004 2767 2085 2821 λιν
2105 2763 2246 2821 οἶδεν
2273 2766 2493 2837 ἀγάπην
2519 2766 2583 2818 ὲκ
2603 2764 2760 2829 Θεοῦ,
2837 2762 2999 2816 Patre
3031 2760 3367 2814 Salvatorem
3390 2756 3597 2812 sentire

2003 2860 2194 2930 ἥντινα
2238 2858 2339 2911 οὐκ
2398 2858 2567 2930 ἄλλην
2625 2852 2765 2910 εἶναι
2839 2854 3115 2908 debemus.

2004 2949 2306 3020 νομιστέον,
2345 2950 2378 3020 ἢ
2418 2950 2511 3002 τὸν
2561 2930 2865 3016 Μονογενῆ,
2897 2943 3088 3014 ὥσπερ
3128 2941 3260 2995 Θεὸν
3320 2943 3386 2996 ὲκ
3422 2940 3580 3007 θεοῦ,

2006 3039 2150 3094 οὕτω
2180 3042 2275 3094 καὶ
2303 3041 2524 3111 ἀγάπην
2547 3039 2605 3106 ἐξ
2629 3040 2872 3108 ἀγάπης,
2899 3036 3050 3089 ὄντα.

2004 3132 2145 3186 Ante
2203 3132 2420 3201 paulum
2478 3148 2715 3199 namque
2769 3129 3033 3184 deliniunt
3066 3125 3204 3197 (6|),
3241 3142 3349 3180 non
3379 3125 3598 3180 dill‘erre

2010 3222 2065 3275 in
2108 3223 2240 3287 Deo,
2297 3233 2355 3276 ut
2394 3227 2575 3294 justus
2606 3235 2660 3277 et
2687 3223 2897 3291 justitia
2924 3221 3159 3277 dicatur.
3190 3218 3395 3286 Quibus
3427 3233 3596 3287 copu-

1927 3320 1973 3379 C
2010 3313 2226 3366 laudum
2281 3324 2385 3376 est,
2441 3331 2547 3367 non
2597 3314 2837 3378 diﬂ'erre,
2901 3321 2960 3367 ut
3013 3312 3244 3382 diligens
3281 3321 3336 3365 et
3372 3309 3593 3364 dilectio

2006 3403 2149 3457 idem
2176 3418 2297 3459 esse
2330 3405 2565 3458 dicatur.
2601 3405 2757 3458 Sicut
2804 3405 2972 3467 enim,
3009 3419 3132 3458 cum
3180 3401 3583 3456 transnomina-

2006 3502 2093 3546 tur
2144 3508 2171 3546 a
2215 3492 2446 3561 justitia,
2493 3495 2673 3562 justus
2719 3506 2973 3561 vocatur;
3007 3495 3131 3548 non
3187 3495 3330 3548 enim
3373 3493 3585 3561 justitia

2001 3585 2383 3655 participatnr,
2411 3588 2502 3639 sed
2531 3588 2643 3655 ipse
2679 3587 2781 3640 hoc
2811 3595 2932 3651 est;
2981 3584 3052 3636 ita
3086 3599 3207 3637 cum
3238 3583 3469 3653 diligens
3503 3584 3586 3637 di-

2001 3674 2166 3742 citur,
2214 3691 2318 3730 non
2358 3676 2486 3746 quia
2536 3678 2751 3731 dilectio
2797 3676 2889 3738 sit,
2942 3675 3012 3727 ita
3054 3682 3300 3727 vocatur.
3348 3671 3592 3740 Quapro-

2001 3775 2146 3837 pter,
2174 3782 2295 3837 quae
2331 3768 2404 3821 ita
2433 3777 2559 3821 sunt
2593 3768 2766 3837 posita
2796 3767 2864 3821 de
2890 3765 2999 3819 Deo
3030 3764 3086 3818 in
3123 3765 3444 3834 Scriptnris,
3476 3765 3595 3817 uni-

2001 3872 2157 3920 voce,
2214 3872 2320 3911 non
2367 3857 2859 3910 transnominative
2896 3854 3176 3919 dicuntur,
3210 3864 3264 3909 et
3303 3853 3433 3907 illud
3470 3853 3592 3905 uni-

1998 3962 2194 4003 vocum
2230 3948 2283 4001 in
2320 3947 2414 4002 tali
2460 3947 2829 4018 appellatione
2870 3946 3190 4000 sumendum
3222 3952 3327 4010 est,
3358 3957 3590 4014 quorum

2000 4054 2104 4095 una
2141 4039 2359 4109 quidem
2391 4039 2549 4103 ratio,
2587 4037 2681 4091 sed
2715 4036 2931 4091 nomina
2964 4034 3122 4105 plura
3156 4044 3305 4089 sunt.

2073 4131 2234 4189 Vens.
2273 4130 2361 4187 12.
2402 4150 2420 4182 ι
2443 4130 2611 4186 Deum
2647 4144 2805 4183 nemo
2831 4130 2963 4184 vidit
2996 4143 3251 4198 unquam.
3281 4144 3301 4180 ι

2078 4225 2215 4279 Cum
2262 4221 2551 4278 invisibilis
2594 4222 2666 4277 sit
2700 4221 2866 4289 Deus,
2898 4219 3074 4275 nullus
3102 4234 3224 4273 eum
3249 4217 3577 4274 sensibiliter

2000 4314 2139 4370 vidit
2172 4330 2435 4384 unquam,
2466 4314 2686 4385 quando
2731 4328 2840 4367 non
2887 4320 3066 4380 potest
3111 4311 3291 4366 videre
3336 4319 3588 4380 aspectus

1998 4408 2301 4477 corporalis
2359 4405 2747 4477 incorporalia.
2801 4403 2910 4460 Sed
2951 4404 3207 4474 quoniam
3247 4403 3585 4458 divinitatem

2000 4508 2253 4567 separant
2303 4498 2522 4569 quidam
2568 4498 2807 4553 ltzeretici
2857 4497 3121 4560 dicentes,
3162 4494 3385 4550 Veteres
3435 4493 3586 4550 Scri-

2002 4601 2177 4660 ptura:
2210 4589 2378 4646 Deum
2413 4589 2681 4645 visibilem
2715 4603 2838 4645 esse
2864 4587 3175 4653 ostendunt,
3199 4601 3262 4642 eo
3293 4584 3437 4657 quod
3463 4586 3584 4656 qni-

1141 4683 1265 4721 uutu
1320 4680 1755 4737 promerueruut,
1823 4671 1896 4726 tli-

2004 4681 2130 4736 dam
2160 4696 2290 4737 eum
2327 4681 2531 4736 vidisse
2565 4680 2893 4746 referantur,
2937 4695 3090 4734 novae
3121 4689 3300 4734 autem
3339 4676 3587 4732 invisibi-

1137 4759 1259 4815 Iccti
1291 4773 1435 4825 sunt,
1476 4761 1616 4814 umle
1662 4762 1894 4819 invicem

1135 4855 1384 4925 diligunt.
1479 4854 1655 4910 liabet
1746 4861 1890 4913 enim

1135 4948 1527 5019 unusquisque,
1557 4958 1614 5002 ut
1662 4948 1890 5007 dilectus

1131 5043 1256 5097 dum
1302 5028 1613 5097 mandatum
1666 5059 1890 5113 accepe-

297 5215 438 5271 Cum
490 5219 602 5272 haec
644 5219 826 5289 itaque
858 5223 1088 5280 dixisset
1117 5226 1208 5280 hic
1239 5225 1452 5289 doctor,
1479 5224 1709 5294 amplius
1740 5225 1888 5279 esci-

297 5316 450 5375 tans,
492 5311 556 5365 ad
586 5326 759 5379 eaque
801 5313 1036 5368 inritans
1079 5316 1218 5382 illos,
1251 5317 1447 5385 quibus
1482 5316 1693 5382 scribit,
1732 5316 1879 5369 intu-

295 5398 391 5466 lit,
423 5403 611 5458 dicens
646 5417 660 5456 :
704 5422 722 5453 ι
746 5402 1014 5470 Quoniam
1060 5406 1300 5461 cbaritas
1341 5421 1409 5461 ex
1453 5406 1566 5461 Deo
1592 5419 1697 5462 est.
1730 5427 1748 5461 ι
1787 5406 1890 5462 Ρο-

296 5492 414 5548 tius
462 5496 528 5548 ad
579 5495 808 5550 invicem
852 5510 953 5552 nos
983 5495 1209 5567 diligere
1240 5497 1580 5565 festinemus,
1633 5510 1692 5554 ut
1736 5510 1888 5556 tran«

2004 4772 2132 4839 lem,
2165 4782 2388 4843 propter
2434 4781 2753 4843 przesetttetn
2793 4785 3131 4837 sermonem,
3177 4779 3231 4826 et
3277 4769 3406 4825 illud
3442 4770 3588 4840 quod

2000 4863 2053 4919 iu
2094 4864 2385 4935 Evangelio
2417 4866 2680 4935 scriptum
2715 4873 2839 4918 est:
2873 4881 2890 4914 ι
2924 4862 3094 4917 Deum
3126 4876 3284 4917 nemo
3314 4861 3449 4915 vidit
3486 4877 3580 4915 uu-

1996 4955 2244 5025 quam",
2279 4975 2297 5007 ι
2336 4955 2643 5025 requirendi
2677 4963 2825 5018 sunt,
2856 4967 3019 5022 quam
3067 4952 3245 5007 dicant
3292 4964 3413 5007 esse
3461 4951 3587 5006 sub-

1994 5048 2251 5102 stantiam
2290 5046 2428 5117 ejus,
2469 5061 2574 5117 qua
2616 5053 2806 5115 putant
2840 5043 3010 5098 Deum
3043 5057 3163 5098 esse
3199 5041 3485 5097 visibilem.
3522 5042 3585 5095 Ει

1987 5139 2031 5195 si
2082 5154 2186 5195 non
2226 5147 2567 5210 pervertatur
2601 5153 2631 5191 a
2672 5153 2732 5192 se
2781 5128 3173 5201 menseorutn,
3221 5147 3421 5202 corpus
3448 5147 3573 5187 eum

2000 5230 2200 5296 dicent,
2229 5244 2350 5285 eum
2379 5228 2525 5284 nulla
2550 5228 2655 5283 alia
2686 5226 2990 5284 substantia
3023 5224 3358 5281 sensibiliter
3392 5222 3578 5278 videa-

2003 5331 2109 5388 tur,
2139 5322 2242 5376 nisi
2271 5322 2537 5393 corporis.
2572 5321 2821 5390 Dumque
2852 5318 2954 5374 hoc
2985 5317 3376 5381 concesserint,
3408 5318 3583 5370 consi-

1993 5413 2208 5481 derent,
2233 5428 2354 5483 qua:
2386 5415 2680 5485 incongrua
2709 5423 2765 5467 et
2801 5411 3079 5482 impietate
3108 5408 3420 5480 plenissima
3452 5409 3581 5462 sub-

2000 5516 2313 5576 sequantur.
2340 5507 2572 5562 Umniuo
2597 5518 2831 5573 namque
2858 5513 2913 5557 et
2942 5499 3350 5571 incorruptibile
3376 5498 3482 5554 erit
3513 5507 3569 5554 et

374 5631 417 5663 "
445 5631 632 5688 Matth.
659 5649 731 5699 ιι,
769 5634 855 5689 15.
933 5633 979 5666 ⁸⁸
1015 5631 1127 5690 Jer.
1160 5650 1253 5701 vu,
1277 5634 1366 5689 28.
1444 5635 1488 5667 ⁸³
1514 5636 1656 5690 Psal.
1692 5653 1852 5702 Lux,
1889 5640 1901 5691 l

2051 5638 2355 5709 “Joan:x,
2384 5640 2474 5694 27.
2533 5637 2600 5687 .⁸⁸
2626 5635 2783 5693 Joan.
2833 5652 2874 5703 I,
2906 5636 2991 5692 t8.

378 5771 492 5842 (58)
531 5768 817 5847 Ut'Latina
847 5772 1054 5830 Griecis
1100 5776 1480 5847 resliondeant,
1514 5777 1631 5847 lege
1656 5788 1730 5830 ut.
1768 5777 1885 5834 Mox

301 5837 589 5918 [egeniltntt
618 5853 725 5918 est,
749 5845 1162 5918 demonstratae,
1189 5837 1562 5918 Ὅποδειχθὲίς.

379 5912 491 5986 (59)
524 5911 626 5968 Pro
672 5914 918 5970 divinitus
970 5915 1250 5987 legendum
1308 5911 1659 5991 estndiguus.
1721 5919 1888 5991 llujus

1999 5781 2329 5845 conjectura:
2356 5779 2513 5836 ﬁdem
2553 5777 2710 5835 nobis
2746 5775 2876 5832 facit
2898 5773 3176 5845 exemplar
3199 5770 3470 5830 Grtecum.

2069 5851 2181 5923 (60)
2221 5850 2637 5923 Legettdutuest
2666 5850 2824 5923 sient.

2070 5916 2181 5992 (6i)
2220 5916 2658 5991 An'tleﬁttit'imm
2678 5921 2702 5975 ἱ)
2723 5916 2973 5972 Galland.
