4118 6438
505 455 647 512 1'}le

1771 449 2004 505 DIDYMI
2042 427 2512 503 ALEXANDm-S't

3643 437 3796 494 1800

439 549 442 552 ’
491 569 787 632 divisibile,
825 576 876 620 et
923 574 1015 619 aut
1061 564 1420 618 iuanint’atum
1471 572 1558 615 aut
1603 560 1924 615 animatum.
1982 561 2087 614 ttc-
2118 563 2159 618 Α
2193 557 2351 608 det-te
2382 570 2525 614 ein».
2568 552 2656 620 qui
2700 565 2804 604 non
2845 560 3060 619 peccat;
3107 549 3307 604 alicubi
3347 559 3529 604 autem
3561 550 3785 616 dicens.

492 669 655 731 pente
703 667 883 711 autem
936 664 990 710 et
1038 656 1436 722 inconsequens
1476 651 1599 717 erit,
1637 660 1688 703 ιιι
1724 651 2080 730 ipanimatum

495 768 600 806 non
658 749 948 820 intelligat,
993 762 1057 802 eo
1101 746 1243 815 quod
1294 759 1468 814 neque
1514 744 1734 799 sentiat.
1766 744 2081 795 Animatum

496 858 625 896 vero
658 851 716 896 ut
761 841 852 907 sit,
897 839 1260 910 compositum
1293 848 1346 890 et
1379 852 1484 890 non
1512 837 1628 890 sine
1658 835 1923 903 principio
1957 834 2082 890 erit.

497 933 612 987 Non
636 933 780 986 enim
819 940 904 986 est
942 932 1061 985 sine
1107 929 1375 998 principio
1423 929 1567 996 quod
1619 927 1964 995 componitur
2015 925 2084 978 de

497 1025 856 1094 simplicibus.
891 1022 1202 1090 Composita
1235 1030 1362 1090 sunt
1399 1031 1600 1084 autem,
1639 1029 1693 1072 et
1722 1019 1774 1072 in
1806 1016 2076 1085 principio

495 1093 818 1183 ejusianima
851 1123 905 1166 et
936 1126 1157 1180 corpus.
1208 1093 1284 1164 Ex
1330 1109 1413 1164 his
1439 1111 1584 1163 enim
1618 1107 1918 1161 animatum
1955 1122 2087 1162 con-

497 1214 628 1259 Stat.
661 1203 729 1257 Et
758 1219 881 1257 eum
914 1219 1018 1256 non
1053 1202 1346 1257 habuerint
1379 1199 1544 1270 aliqui
1585 1201 1929 1266 solutionem,
1968 1211 2089 1256 tan-

499 1299 571 1352 tls
613 1297 821 1351 scilicet
852 1295 1163 1364 incongruis
1192 1293 1674 1363 subsequentibus,
1709 1309 1900 1349 rursus
1923 1294 2090 1348 inter-

498 1403 767 1459 rogemus,
807 1389 945 1442 unde
987 1386 1274 1451 afﬁrmem,
1310 1388 1485 1442 visum
1531 1388 1599 1441 ab
1627 1387 1903 1456 aliquibus
1935 1401 2090 1440 crea-

501 1495 697 1536 torem.
727 1480 838 1535 Etsi
872 1480 1090 1550 qnidem
1126 1479 1345 1550 Moysen
1378 1479 1723 1550 protulerint,
1757 1481 1935 1535 sciant
1959 1478 2086 1548 quia

497 1586 858 1645 prmterquam
904 1574 1046 1644 quod
1082 1574 1169 1627 ditt
1226 1575 1458 1643 rogavit,
1501 1573 1937 1641 intelligibiliter,
1981 1587 2088 1626 non

501 1669 831 1724 sensibiliter
875 1669 924 1722 ei
977 1667 1121 1720 Deus
1167 1669 1439 1736 apparuit.
1502 1666 1800 1721 Dicendum
1857 1664 2125 1733 namque

496 1770 597 1819 est,
621 1758 746 1828 quia
791 1757 984 1812 faciem
1015 1771 1120 1810 non
1150 1755 1300 1819 vidit,
1330 1755 1422 1809 sed
1450 1767 1722 1824 postrema
1751 1756 1841 1809 Dei
1870 1756 1936 1808 ⁸⁸.
1959 1754 2093 1810 Haec

496 1859 675 1902 autem
733 1857 860 1902 sunt
914 1857 1196 1912 creaturae,
1252 1861 1479 1915 quarum
1532 1847 1914 1917 generationes
1963 1861 2092 1900 con-

2191 648 2290 701 hoc
2332 658 2435 710 est,
2470 647 2521 698 in
2553 644 2805 712 ιιι-περιιιί
2849 656 3100 696 sermone
3130 659 3142 695 :
3187 661 3204 692 ι
3237 642 3402 695 Deum
3439 655 3598 696 nemo
3641 643 3786 697 vidit

2197 755 2455 808 unquam.
2488 757 2505 789 ι
2545 735 2619 790 Ne
2645 751 2774 789 vero
2806 733 3111 802 hnjusmodi
3152 734 3470 788 seduetione
3502 733 3789 794 fallamur.

2187 833 2326 886 sicut
2362 830 2624 894 lueretici,
2661 844 2757 898 per
2803 829 2854 881 id
2892 829 3035 896 quod
3069 827 3358 880 univocum
3395 835 3500 891 est,
3533 826 3790 880 dividen-

2187 925 2288 975 dus
2326 931 2410 976 est
2451 935 2630 974 sermo
2681 919 2894 973 ridendi
2941 927 2996 972 et
3032 916 3375 986 inspiciendi,
3430 925 3486 970 et
3532 917 3790 985 qumdam

2189 1015 2294 1069 alia
2348 1029 2467 1083 quae
2521 1012 2719 1066 similia
2774 1011 2937 1066 verba
2994 1011 3359 1080 reperiuntur,
3414 1009 3468 1064 in
3530 1009 3581 1063 id
3639 1010 3788 1078 quod

2189 1117 2368 1161 mente
2419 1106 2765 1173 conspicitur,
2834 1113 2889 1158 et
2937 1105 3082 1172 quod
3140 1114 3359 1172 aspectu
3409 1102 3645 1156 videtur.
3691 1101 3789 1156 Sic

2193 1201 2338 1255 enim
2387 1198 2724 1265 disciplinam
2781 1198 3070 1260 habemus,
3121 1195 3358 1250 scientes
3386 1196 3660 1264 quomodo
3697 1195 3784 1248 vi-

2190 1293 2346 1348 detur
2399 1291 2562 1356 Deus,
2609 1300 2658 1342 et
2698 1289 2971 1358 quomodo
3019 1287 3305 1342 invisibilis
3352 1297 3457 1350 est,
3499 1288 3641 1353 quod
3678 1302 3785 1340 non

2193 1383 2394 1437 frustra
2427 1380 2730 1450 oppositum
2768 1388 2872 1444 est,
2910 1394 3084 1446 reque
3129 1378 3237 1443 hic,
3284 1391 3461 1446 neque
3510 1377 3562 1430 in
3606 1375 3790 1429 Evan-

2191 1475 2349 1544 gelio,
2376 1475 2517 1542 quod
2555 1472 2760 1525 dictum
2817 1481 2901 1524 est
2947 1485 3204 1536 unquam.
3253 1468 3385 1522 Nam
3429 1479 3485 1521 ct
3530 1470 3600 1522 ibi
3647 1471 3787 1524 scri-

2193 1578 2340 1636 ptum
2370 1573 2454 1620 est
2484 1583 2496 1618 :
2541 1583 2557 1614 t
2591 1563 2756 1616 Dctnn
2790 1579 2949 1618 nemo
2978 1562 3111 1615 vidit
3138 1577 3401 1630 unquam.
3432 1579 3451 1612 ι
3484 1561 3786 1616 Dicendum

2196 1674 2431 1724 namque
2453 1667 2554 1721 est,
2582 1657 2724 1710 hunc
2753 1670 3080 1716 sermonem,
3117 1653 3168 1707 id
3194 1661 3297 1715 est,
3325 1668 3585 1722 unquam,
3613 1651 3786 1721 signi-

2196 1749 2358 1802 ficare
2392 1759 2600 1816 tempus
2634 1747 2848 1816 aliquod
2881 1757 3087 1800 certum
3119 1763 3130 1798 :
3161 1745 3288 1812 quia
3312 1745 3496 1799 videre
3533 1742 3781 1812 discipli-

2197 1841 2445 1894 nabiliter
2488 1841 2650 1892 Deum
2687 1838 2966 1907 proveniet
3005 1839 3086 1890 eis
3119 1837 3208 1904 qni
3247 1847 3459 1904 tempus
3494 1835 3785 1888 mundum-

500 1941 742 2011 scripsit.
781 1938 906 1994 ﬂare
938 1953 1172 2008 namque
1197 1950 1467 2009 postrema
1499 1949 1552 1992 et
1584 1947 1705 2008 post
1736 1938 1902 1993 Deum
1939 1950 2087 1991 sunt.
2123 1944 2164 2000 Β
2194 1946 2300 2001 unc
2353 1931 2767 1984 transcendunt.
2803 1928 3177 1998 lntelligibiles
3206 1928 3410 1983 etenim
3437 1928 3791 1996 operationcs

507 2033 565 2088 Si
600 2048 737 2112 fergo
769 2033 884 2086 lttec
915 2033 1071 2094 vidit,
1122 2043 1177 2085 ut
1210 2047 1276 2086 ex
1312 2031 1681 2099 magnitudine
1710 2039 1760 2085 et
1785 2029 2087 2098 pulchritu-

500 2126 626 2178 dine
669 2140 877 2187 eorum,
925 2123 1326 2192 prapinquitate
1367 2139 1578 2188 eorum,
1621 2135 1924 2178 creatorem
1964 2139 2089 2177 eon-

500 2217 873 2283 templaretur,
925 2231 1028 2268 non
1074 2230 1172 2283 per
1221 2209 1522 2284 aspectum,
1580 2217 1672 2269 sed
1724 2223 1904 2270 mente
1953 2231 2088 2270 con-

500 2307 680 2374 Spexit
722 2321 864 2360 eum.
901 2305 957 2359 Si
995 2319 1123 2359 vero
1159 2290 1350 2360 Isaiam
1393 2306 1444 2358 in
1477 2308 1709 2360 medium
1744 2307 1882 2360 forte
1915 2308 2082 2362 dedu-

499 2401 702 2464 xerint,
752 2401 998 2454 dicentes
1029 2413 1150 2454 eum
1184 2399 1385 2454 vidisse
1415 2400 1608 2468 Deum,
1649 2413 1704 2455 et
1745 2401 1834 2455 ille
1869 2400 2088 2456 obvela-

503 2503 615 2544 tum
662 2490 797 2544 vidit
852 2491 1043 2556 Deum,
1095 2491 1268 2545 sacris
1307 2490 1631 2546 animalibus
1663 2491 1966 2546 velantibus
1989 2493 2088 2548 alis

500 2581 616 2634 suis
662 2593 766 2632 non
811 2579 986 2632 solum
1053 2579 1269 2646 faciem,
1319 2580 1412 2633 sed
1460 2580 1619 2632 etiam
1657 2580 1818 2649 pedes
1854 2581 2090 2636 sedentis

500 2671 552 2725 in
579 2671 773 2726 throno
794 2671 840 2703 "
875 2671 1010 2742 (62).
1050 2670 1156 2725 Sed
1186 2671 1647 2732 cumlsaimdicta.
1672 2675 1839 2727 multa
1869 2676 2088 2744 exposi-

500 2761 644 2815 tione
681 2773 894 2832 egeant,
960 2763 1139 2816 hocin
1167 2771 1376 2830 tempus
1409 2764 1554 2816 aliud
1593 2763 1907 2820 differamus
1947 2767 2085 2838 (65).

503 2851 631 2917 Sed,
665 2854 934 2923 inquiunt,
963 2856 1223 2922 scriptum
1255 2865 1335 2908 est
1364 2857 1680 2924 apparuisse
1706 2858 1874 2911 Deum
1909 2861 2083 2915 Abra-

499 2945 621 2998 ham
666 2947 711 2978 ⁵⁸
756 2956 810 3001 et
858 2948 1005 3001 Isaac
1034 2948 1081 2979 ”
1126 2957 1183 3002 et
1229 2947 1487 3002 Jocob“.
1559 2951 1665 3005 Sed
1735 2967 1912 3021 neque
1962 2955 2082 3016 hoc,

498 3037 656 3090 sicuti
692 3049 902 3106 putant,
949 3040 1164 3093 modum
1210 3041 1512 3104 (orporalis
1547 3054 1800 3110 aspectus
1831 3045 2084 3100 insinuat.

502 3125 618 3178 Non
676 3129 820 3180 enim
872 3129 1074 3181 dictum
1126 3141 1230 3194 est,
1275 3131 1416 3183 sicut
1461 3133 1783 3198 patriarcha:
1837 3135 2088 3190 viderunt

500 3232 644 3278 eunt,
671 3217 763 3269 sed
795 3217 909 3286 ipse
945 3217 1196 3271 Salvator
1239 3221 1318 3274 eis
1350 3223 1619 3291 apparuit,
1667 3225 1811 3279 sicut
1849 3227 1991 3282 dixit
2020 3229 2086 3282 de

2192 2033 2402 2092 tempus
2434 2038 2595 2088 ontne
2648 2022 3055 2076 transcendunt.
3110 2020 3204 2074 llis
3238 2034 3366 2090 ergo
3412 2018 3788 2074 inhaerendum

2188 2127 2294 2180 est,
2364 2132 2429 2170 ne
2473 2114 2804 2168 scnsihiliter
2847 2115 3028 2168 videre
3069 2114 3315 2166 dicamur
3347 2110 3552 2176 Deum;
3589 2119 3788 2180 quate-

2191 2224 2312 2275 nus,
2348 2209 2490 2278 quod
2525 2217 2608 2261 est
2646 2207 2975 2277 praecipuum
3022 2205 3503 2278 incorporabiliutn
3532 2205 3793 2260 substan-

2192 2299 2411 2361 tiarnm,
2442 2298 2807 2353 communiter
2841 2298 3122 2352 habemus.
3213 2349 3217 2352 .

2265 2393 2425 2447 Vens.
2486 2391 2573 2445 l5.
2635 2390 2996 2460 «Quicunque
3033 2388 3338 2444 -confessus
3399 2390 3600 2457 fuerit,
3657 2391 3789 2461 quia

2188 2490 2347 2546 JeStts
2379 2499 2461 2545 est
2505 2489 2674 2544 Filius
2715 2487 2832 2552 Dei,
2868 2489 3010 2542 Deus
3058 2487 3112 2541 in
3155 2500 3219 2541 eo
3243 2494 3546 2557 permanet,
3576 2496 3630 2540 et
3669 2487 3791 2557 ipse

2190 2584 2243 2638 in
2268 2597 2355 2637 eo.
2386 2602 2404 2634 ι

2261 2677 2320 2730 In
2369 2673 2676 2744 Evangeliis
2727 2671 2922 2744 legitur
2952 2689 2965 2726 :
3000 2689 3017 2722 t
3052 2669 3310 2742 Quisquis
3345 2671 3632 2744 confessus
3665 2669 3787 2725 fue-

2189 2769 2261 2824 rit
2309 2783 2414 2832 tue,
2468 2775 2523 2822 et
2569 2781 2669 2836 ego
2717 2765 3015 2819 confitebor
3055 2777 3179 2820 eum
3233 2762 3299 2817 “.
3333 2740 3512 2841 {Quo
3573 2763 3783 2817 intelle-

2190 2871 2278 2916 ctu
2315 2860 2428 2932 (66)
2467 2873 2681 2929 quoque
2704 2859 2928 2912 dicenda
2967 2869 3113 2912 sunt.
3154 2857 3270 2912 Non
3303 2861 3447 2912 enim
3484 2858 3624 2913 Deus
3653 2874 3781 2930 per-

2191 2963 2375 3006 manet
2410 2952 2461 3004 itt
2489 2966 2576 3011 eo,
2609 2950 2700 3019 qui
2732 2964 2861 3002 voce
2903 2951 3278 3005 tantummodo
3307 2951 3619 3014 confitetur,
3652 2951 3782 3018 quia

2188 3043 2346 3099 Jesns
2389 3054 2472 3098 est
2521 3042 2691 3097 Filius
2741 3042 2855 3106 Dei,
2888 3052 2944 3096 et
2978 3043 3234 3113 operibus
3263 3059 3386 3097 eum
3417 3054 3597 3111 negat.
3639 3040 3786 3108 Quae

2190 3146 2410 3208 propter
2459 3135 2575 3189 hmc
2629 3133 2902 3188 confessio
2952 3144 3201 3203 Oportet,
3258 3143 3317 3188 ut
3371 3133 3654 3202 conjuncta
3712 3134 3788 3188 sit

2189 3228 2354 3282 rectis
2381 3224 2722 3298 dogmatibus
2754 3234 2807 3279 et
2839 3225 2994 3279 bonis
3026 3224 3302 3294 operibus.
3352 3222 3445 3279 Sic
3473 3224 3616 3278 enim
3655 3225 3784 3293 qui-

503 3304 612 3358 Deo
645 3304 778 3374 (64),
815 3307 956 3374 chi
982 3310 1218 3363 custodit
1261 3315 1512 3366 mandata
1553 3332 1693 3382 mra,
1728 3320 2008 3374 ostendam
2036 3321 2087 3376 ei
2115 3293 2158 3351 α
2195 3319 2323 3373 libet
2378 3293 2572 3372 Filium
2621 3316 2712 3371 Dei
2762 3293 3075 3370 confitendo
3121 3315 3330 3379 Jesum,
3389 3315 3441 3370 in
3493 3317 3624 3375 Deo.
3691 3331 3788 3384 per

501 3413 588 3450 me
617 3398 690 3462 ⁶¹ς
722 3417 741 3450 ι
801 3415 921 3453 nam
976 3401 1020 3454 sl
1073 3412 1385 3471 propterea,
1440 3409 1580 3474 quod
1619 3412 1868 3479 apparuit
1913 3415 2087 3468 Abra-

502 3489 628 3543 ham
683 3500 737 3544 et
787 3492 1044 3563 reliquis,
1107 3497 1338 3552 visibilis
1389 3499 1530 3555 Dens
1587 3515 1688 3566 est,
1735 3515 1791 3558 et
1838 3506 2090 3562 Salvator

498 3585 788 3638 ostendens
833 3589 1180 3658 semetipsum
1223 3593 1383 3659 digno
1414 3593 1549 3658 viro,
1592 3597 1696 3650 erit
1732 3597 1960 3654 visibilis
2003 3616 2088 3656 se-

504 3677 741 3728 cundum
781 3676 1121 3732 divinitatem
1148 3722 1163 3746 ,
1220 3697 1322 3734 non
1371 3683 1514 3737 enim
1563 3685 1629 3739 de
1660 3689 1929 3756 corporali
1968 3704 2091 3758 per-

505 3767 757 3834 ceptione
801 3768 963 3837 dicit,
1017 3774 1304 3830 ostendere
1355 3780 1702 3848 settn-tipsum
1756 3783 1875 3835 viro
1920 3781 2086 3848 fideli,

511 3857 636 3911 dum
687 3858 950 3914 visionem
993 3863 1110 3932 ejus
1155 3865 1389 3919 habeant
1439 3871 1734 3924 secundum
1781 3871 1882 3926 hoc
1927 3873 2087 3926 etiam

501 3946 770 4005 infideles.
819 3950 913 4008 His
941 3956 1121 4025 itaque
1149 3958 1352 4026 apertis
1376 3961 1782 4028 probationibus
1809 3967 2089 4019 destruen-

510 4038 655 4094 tibus
715 4041 958 4098 fallacias
1008 4059 1193 4099 eorum
1238 4050 1327 4116 qui
1371 4050 1640 4104 divinitati
1687 4056 1949 4124 derogare
1993 4071 2090 4111 no-

502 4141 753 4198 scunlur,
775 4132 916 4187 idem
947 4135 1051 4190 erit
1076 4134 1220 4192 Deus
1244 4138 1376 4193 Novi
1405 4151 1460 4194 et
1492 4141 1700 4198 Veteris
1730 4144 2087 4210 'l'estamenti,

503 4220 790 4278 invisibilis
831 4227 1105 4285 exsistens
1141 4234 1402 4296 essentia,
1440 4250 1560 4289 cum
1601 4237 1668 4290 sit
1710 4238 2086 4308 inrorpnreus,

501 4323 557 4369 et
600 4316 886 4384 splendido
937 4320 1212 4377 intellectu
1262 4327 1712 4396 ι·οιιιριιιιι1;ιιι(1ιιε
1760 4331 1827 4382 ab
1873 4331 1952 4382 eis
1997 4333 2087 4398 qui

504 4410 705 4462 mundo
753 4421 878 4464 sunt
923 4415 1087 4468 corde
1137 4416 1284 4488 (65),
1328 4418 1716 4474 beatitudinem
1763 4422 1939 4484 illam,
1984 4438 2087 4493 qua

503 4498 736 4556 dicimus
770 4519 782 4556 :
821 4523 838 4555 ι
864 4503 1012 4560 Beati
1063 4513 1263 4562 mundo
1312 4513 1496 4574 corde,
1537 4515 1665 4582 quia
1701 4515 1798 4583 ipsi
1833 4516 2088 4568 valebunt

2195 3411 2627 3482 participationis
2672 3409 2789 3480 ejus
2835 3409 3050 3462 modum
3101 3409 3364 3472 manebit,
3413 3418 3470 3462 ut
3517 3417 3571 3462 et
3623 3409 3785 3471 Deus.

2193 3519 2301 3574 quo
2340 3502 2719 3572 participatur,
2767 3501 2818 3555 in
2851 3515 2917 3555 eo
2952 3510 3290 3568 permaneat.
3325 3500 3462 3566 Quia
3495 3516 3623 3554 Vero
3655 3515 3778 3551 con-

2195 3595 2498 3650 funduntur
2543 3593 2708 3663 aliqui
2769 3608 2835 3648 ex
2879 3592 3188 3648 nominibus
3228 3589 3354 3648 Jesu
3395 3592 3620 3654 Cltristi,
3680 3607 3787 3644 non

2192 3696 2610 3759 perscrutantes
2641 3687 2977 3755 Scripturas,
3018 3684 3092 3737 ita
3131 3696 3187 3738 ut
3224 3684 3276 3737 in
3314 3683 3613 3737 maximum
3649 3681 3788 3736 inci-

2194 3780 2330 3835 dant
2385 3779 2799 3834 detrimentum.
2857 3777 3128 3832 Arbitrati
3187 3791 3424 3846 namque
3477 3785 3625 3840 sunt,
3679 3790 3788 3827 non

2194 3873 2592 3944 distiuguentes
2624 3871 3032 3939 Scripturarum
3078 3885 3322 3934 sensum,
3368 3868 3496 3938 quia
3540 3866 3684 3936 quod
3720 3883 3785 3920 ex

2194 3965 2362 4020 Maria
2404 3967 2702 4020 secundum
2746 3979 2971 4018 carnem
3017 3963 3303 4032 processit,
3349 3971 3404 4016 et
3433 3961 3612 4031 angeli
3659 3975 3790 4014 voce

2191 4059 2349 4114 Jesus
2404 4072 2598 4112 nomen
2646 4057 2872 4126 accepit.
2919 4057 3053 4109 [tem
3095 4056 3238 4126 quod
3291 4055 3406 4125 ipse
3434 4054 3634 4122 estqui
3663 4069 3788 4107 cum

2194 4152 2248 4206 itt
2279 4153 2448 4207 forma
2481 4151 2574 4205 Dei
2613 4159 2755 4203 esset
2787 4147 3094 4218 unigenitns
3130 4149 3219 4203 Dei
3260 4149 3449 4211 Filius,
3492 4165 3596 4199 non
3643 4148 3793 4215 rapi-

2195 4259 2317 4297 nam
2364 4243 2662 4296 arbitratns
2701 4253 2782 4296 est
2809 4241 2876 4306 ⁸⁸,
2907 4251 3043 4307 etc.,
3077 4242 3215 4294 idem
3244 4255 3405 4306 esse;
3439 4239 3559 4292 ideo
3605 4238 3792 4290 diu-n—

2194 4337 2318 4390 dum
2370 4347 2476 4395 est,
2528 4335 2654 4402 quia
2703 4333 2829 4388 licet
2861 4334 3131 4403 prmcipua
3166 4334 3345 4386 unitas
3394 4331 3533 4386 facta
3585 4333 3653 4384 sit
3693 4330 3788 4383 Dei

2195 4425 2358 4480 Verbi
2393 4427 2458 4480 ad
2493 4426 2789 4488 hominem,
2832 4441 2991 4494 quem
3024 4423 3166 4479 Deus
3202 4425 3528 4495 assumpsit;
3571 4439 3789 4476 verunt-

2195 4525 2374 4569 tamen
2407 4515 2644 4568 essentia
2671 4515 2829 4567 γει-ω
2861 4531 2964 4568 non
2997 4525 3079 4568 est
3111 4514 3161 4568 in
3193 4513 3468 4568 hominem
3495 4529 3788 4569 conversa.

505 4589 792 4697 Daunum)
815 4598 1236 4668 etapostolicam
1267 4601 1666 4670 invitationem,
1700 4621 1802 4673 qua
1831 4608 2084 4674 jubctur:
2126 4643 2166 4697 υ
2197 4608 2303 4662 Nec
2336 4625 2528 4661 rursus
2559 4609 2721 4661 honto
2755 4607 2931 4661 factus
2967 4617 3068 4672 est,
3101 4609 3242 4678 quod
3276 4618 3359 4662 est
3393 4608 3484 4661 Dei
3522 4605 3786 4669 Verbum,

509 4699 529 4733 ι
564 4682 855 4740 Sectamini
911 4703 1100 4757 pacem
1145 4701 1198 4744 et
1245 4695 1684 4752 sanctimoniam.
1729 4711 1924 4768 pra-ter
1964 4718 2083 4769 qua-

502 4791 662 4830 nemo
702 4778 835 4834 vidit
882 4778 1171 4838 Dominum
1203 4785 1266 4838 ".
1297 4805 1315 4836 ι
1362 4785 1510 4840 llanc
1545 4788 1727 4857 itaque
1777 4792 2084 4847 tlislttzclin-

504 4883 626 4922 nem
670 4871 914 4928 continet
942 4884 994 4928 et
1025 4883 1204 4932 textus
1239 4878 1397 4948 hujus
1437 4878 1686 4945 Epistolas
1729 4884 1925 4948 alicubi
1961 4887 2085 4954 qui-

502 4963 624 5017 dem
669 4965 895 5024 dicens:
938 4988 956 5020 ι
989 4968 1201 5038 Omnis,
1247 4975 1336 5042 qui
1378 4986 1587 5044 peccat.
1629 4993 1733 5032 non
1772 4981 1899 5033 vidit
1938 4997 2085 5046 cum,

500 5068 602 5109 nec
636 5059 887 5128 cognovit
929 5077 1051 5115 cum
1079 5081 1093 5118 :
1121 5084 1138 5116 ι
1191 5074 1446 5137 tanquam
1491 5081 1854 5138 cognoscente
1901 5081 1953 5124 et
2006 5071 2084 5124 \‘i-

572 5197 622 5230 “
653 5197 1037 5273 l-Ixod._xxgttu.
1068 5202 1139 5258 20
1172 5217 1290 5273 sqq.

505 5267 602 5330 15;
639 5286 801 5332 xxxv,
832 5271 886 5335 7,
914 5272 967 5336 9;
997 5267 1251 5335 xurtt.3.

504 5337 632 5410 lipp.
665 5357 720 5401 ll,
755 5340 805 5398 6.

1374 5207 1552 5276 ⁸⁷1⁸³.
1587 5223 1661 5266 VI.
1692 5210 1711 5260 1
1746 5223 1866 5276 sqq.

1343 5276 1383 5306 “
1419 5275 1574 5332 Joan.
1605 5294 1714 5344 XIV,
1748 5275 1839 5332 2|.

576 5505 696 5578 (62)
736 5505 828 5578 llis
853 5506 1048 5559 similia
1083 5507 1261 5576 aliqua
1287 5524 1348 5564 ex
1383 5519 1537 5578 parte
1564 5510 1614 5562 iu
1645 5510 1852 5562 scholia
1877 5511 2087 5576 (Ira-co,

507 5590 560 5640 p.
597 5576 724 5638 2:26,
755 5577 884 5637 227,
911 5576 1412 5646 deprehenduntnr.
1449 5580 1582 5633 Cum
1614 5596 1742 5634 vero
1767 5580 1945 5634 verbis
1973 5596 2094 5635 sen-

509 5648 908 5718 tentiarumque
940 5649 1279 5714 etpositione
1311 5649 1470 5702 nimis
1499 5652 1640 5703 inter
1669 5665 1727 5703 se
1757 5653 2086 5718 disctepent,

511 5715 655 5792 nolui
705 5716 894 5771 (ἐι-πω
932 5734 1225 5788 apponere,
1278 5736 1346 5774 ne
1390 5721 1566 5775 aliena
1613 5721 1825 5776 viderer
1865 5715 2090 5792 Didymo

510 5785 719 5836 Villtiit'a
731 5802 803 5836 re.

517 5855 697 5934 miti-3)
739 5854 967 5934 Scripsit
997 5873 1127 5926 ergo
1159 5873 1274 5926 pou
1303 5860 1440 5915 hanc
1475 5862 1877 5934 enarrationem
1917 5877 2093 5916 tomus

517 5922 636 5976 illos
667 5925 720 5978 in
753 5922 942 5978 Isaiam
980 5922 1408 5998 xrt'tt,'quoruttt
1447 5932 1771 5988 mentionem
1807 5934 1932 5990 fecit
1972 5935 2092 5989 llic-

1949 5208 1995 5239 ³⁸
2025 5208 2159 5258 ficu.
2195 5224 2287 5271 ιιι,
2323 5208 2621 5268 7;x\'tt.1.

1941 5279 1984 5310 θ’
2013 5277 2196 5332 Matth.
2238 5295 2290 5342 v,
2325 5285 2378 5332 8.
2458 5278 2501 5307 ⁸³
2534 5276 2693 5330 llehr.
2736 5292 2837 5357 xtl,-
2868 5276 2950 5332 Ν.
3027 5275 3075 5306 ⁸⁸
3108 5276 3298 5332 Matth.
3324 5293 3378 5344 Χ,
3405 5279 3494 5332 32.
3574 5278 3619 5310 “
3655 5275 3786 5333 l‘hi;

2147 4737 2156 4754 ι
2196 4702 2322 4754 licet
2375 4701 2516 4753 Dens
2542 4702 2631 4763 sit,
2667 4700 2845 4753 factus
2875 4701 2941 4752 ab
2971 4710 3147 4762 co,_nt
3181 4700 3395 4764 habeat,
3430 4700 3584 4754 sicuti
3615 4702 3786 4768 possi-

2197 4792 2302 4846 bile
2328 4803 2434 4853 est,
2462 4793 2756 4862 perfectam
2788 4791 3326 4847 intranscendibilem
3353 4791 3630 4844 deitatem.
3653 4790 3788 4856 Qua-

2197 4897 2444 4955 propter,
2493 4886 2620 4939 licct
2655 4885 2840 4938 unitas
2876 4887 2946 4938 ita
2983 4885 3052 4938 sit
3087 4883 3252 4945 facta,
3304 4892 3480 4934 tamen
3527 4885 3788 4948 pra'dit-ta

2196 4978 2444 5040 nomina,
2497 4977 2792 5046 aliquando
2832 4977 3049 5044 quidem
3094 4989 3239 5038 eum,
3287 4973 3376 5040 qui
3411 4971 3586 5026 factus
3613 4987 3693 5028 est
3725 4992 3786 5028 ex

2199 5071 2410 5122 semine
2451 5070 2616 5124 David
2665 5069 2959 5124 secundum
3011 5080 3231 5119 carnem
3285 5064 3422 5136 (66⁸)
3452 5089 3462 5121 ;
3497 5066 3789 5135 aliquant'o

2698 5207 2742 5238 "
2771 5205 2904 5259 Gen.
2936 5218 3084 5276 xxvi,
3105 5204 3157 5264 Ξ,
3188 5206 3276 5260 Ἠ.
3355 5208 3398 5238 ⁶⁶
3424 5207 3559 5261 Gen.
3591 5224 3786 5276 xvvtn,

2204 5524 2461 5578 ronytnus
2493 5509 2544 5560 in
2584 5507 2844 5578 Cntalogo
2881 5513 3060 5576 script.
3085 5516 3215 5572 εει-Ι,

2271 5581 2386 5650 (64)
2420 5581 2561 5633 Gall.
2595 5583 2658 5632 de
2688 5597 2769 5633 eo.

2273 5651 2384 5720 (65)
2429 5651 2624 5704 ncesse
2657 5651 2836 5718 aliqua
2874 5652 3147 5719 perspexit
3179 5651 3525 5706 Callaudith‘.
3561 5653 3615 5704 Si
3653 5653 3787 5716 legi-

2202 5731 2320 5776 lnr:
2351 5723 2630 5774 sectnulnm
2652 5721 2941 5792 beatmtdm
2976 5739 3021 5772 ιιι
3049 5723 3460 5792 (μακαρισμὸν).
3486 5724 3635 5788 plana
3661 5735 3786 5777 sunt

2203 5793 2405 5845 omnia.
2436 5792 2515 5855 Qu
2538 5807 2605 5842 ιιιι
2634 5791 2995 5854 conjecturam
3020 5791 3186 5848 tlebeo
3217 5791 3614 5847 Munchtnccro
3645 5807 3784 5845 tneo.

2282 5865 2394 5921 (μθ)
2441 5865 2638 5914 ncesse
2669 5861 2878 5913 videtur
2901 5863 3030 5915 Iurc.

2281 5935 2417 6000 (66⁸)
2459 5931 2613 5986 Deest
2640 5929 2961 6000 :igniﬁrmtt.
