4118 6458
375 409 505 470 1801

1315 398 1711 460 ENARRATID
1755 399 1823 456 IN
1861 397 2246 456 EPISTULA-al
2290 401 2310 454 ι
2349 394 2407 457 S.
2445 399 2749 458 JOANNIS.

3503 403 3646 462 1802

372 546 508 588 vero
553 529 890 601 unigenitum
928 527 1023 584 Dei
1050 526 1268 592 Filium,
1301 529 1392 597 qui
1419 535 1503 583 est
1530 527 1672 582 Deus
1699 527 1950 581 substan-

2061 524 2268 595 ἐκείνην
2299 526 2397 597 τὴν
2417 524 2626 587 πῖστιν,
2723 520 2818 574 καὶ
2893 521 2960 577 tis
2991 534 3156 592 opera
3217 519 3640 591 conjunguntur,

375 624 577 679 tialiter
613 631 1058 693 reprmsentatus,
1091 624 1235 678 sicut
1273 621 1516 690 exempla
1550 619 1821 690 proposita
1854 631 1950 686 pa-

387 717 672 773 tefaciunt.
748 717 939 773 Dicens
983 717 1126 771 enim
1173 715 1460 784 Apostolus
1513 712 1705 766 alicubi
1735 711 1805 741 “'
1835 709 1956 779 qui-

371 811 492 864 dem
524 817 792 862 mortuum
826 816 879 860 et
911 807 1176 876 sepultum
1211 805 1514 871 Christum,
1559 804 1753 858 alicubi
1777 803 1824 837 “
1857 819 1955 857 au-

377 913 484 956 tem
519 901 797 955 Christum
834 900 925 953 Dei
957 900 1278 968 sapientiam
1308 907 1361 951 et
1388 897 1480 951 Dei
1515 898 1767 950 virtutem
1811 909 1954 959 esse,

371 1001 557 1063 aperte
581 995 759 1056 docet,
791 997 916 1062 quia
952 993 1053 1046 hoc
1097 1006 1320 1054 nomen,
1352 991 1404 1044 id
1433 999 1536 1057 est,
1572 991 1825 1044 Christus
1854 1003 1954 1058 po-

373 1089 512 1142 situs
555 1087 609 1141 in
656 1087 893 1147 homine,
944 1085 1034 1154 qui
1081 1094 1328 1139 mortuus
1376 1093 1459 1137 est
1492 1092 1547 1136 et
1585 1082 1859 1150 sepultus;
1902 1089 1956 1134 et

374 1194 566 1232 rursus
614 1177 739 1231 alibi
791 1177 842 1229 in
890 1175 1003 1230 Deo
1048 1174 1246 1237 Verbo,
1293 1173 1382 1243 qui
1417 1173 1508 1227 Dei
1543 1172 1732 1235 virtus,
1765 1177 1818 1227 et
1860 1171 1952 1226 Dei

371 1270 658 1338 sapientia.
700 1268 780 1322 Ad
823 1269 938 1322 haec
979 1277 1157 1320 autem
1205 1267 1448 1320 scribens
1475 1271 1543 1318 ε’(
1567 1263 1733 1318 Nobis
1770 1271 1951 1316 autem

371 1375 511 1413 unus
546 1359 806 1412 Dominus
858 1357 1016 1411 Jesus
1054 1358 1322 1418 Christus,
1365 1371 1461 1425 per
1488 1370 1646 1423 quem
1681 1355 1861 1410 omnia
1897 1365 1954 1409 et.

372 1466 472 1506 nos
500 1467 596 1520 per
621 1451 794 1520 ipsum
825 1451 894 1515 ",
930 1469 950 1502 ι
992 1450 1044 1504 in
1072 1449 1384 1504 Creatorem
1408 1449 1628 1502 verbum
1652 1450 1766 1502 haec
1788 1450 1950 1503 verba

371 1543 549 1611 ponit.
582 1541 696 1595 Non
722 1542 864 1596 enim
898 1555 994 1609 per
1016 1557 1162 1604 eum,
1190 1541 1281 1609 qui
1313 1540 1606 1594 secundum
1639 1554 1857 1593 carnem
1883 1553 1951 1594 ex

371 1633 578 1686 semine
622 1631 788 1686 David
816 1632 988 1686 factus
1027 1640 1134 1696 est,
1172 1632 1349 1685 omnis
1379 1640 1627 1684 creatura
1659 1629 1712 1682 in
1751 1643 1816 1684 eo
1845 1640 1950 1696 est,

372 1723 427 1777 in
461 1737 568 1792 quo
595 1723 846 1778 universa
885 1722 1212 1786 consistunt,
1253 1731 1308 1775 et
1344 1721 1435 1790 qui
1470 1731 1554 1776 est
1588 1730 1712 1775 ante
1746 1722 1948 1776 omnia.

373 1811 584 1866 Rursus
612 1820 790 1864 autem
822 1819 874 1864 et
906 1811 959 1864 in
991 1809 1098 1864 alio
1123 1808 1259 1872 loco,
1285 1809 1374 1862 ubi
1399 1808 1509 1862 ait:
1541 1826 1560 1859 ι
1585 1807 1779 1862 Mortui
1806 1807 1948 1862 enim

371 1904 530 1967 estis,
560 1912 614 1958 et
644 1903 754 1957 vita
799 1911 980 1957 vestra
1014 1901 1331 1957 abscondita
1363 1910 1446 1956 est
1480 1915 1602 1956 cum
1634 1901 1853 1956 Christo
1895 1900 1948 1954 in

375 1996 490 2051 Deo
533 2015 546 2050 :
586 2010 705 2050 cum
731 1995 1040 2065 apparuerit
1083 1993 1335 2050 Christus
1377 1996 1486 2048 vita
1532 2002 1711 2048 vestra
1746 1993 1812 2060 ⁸⁸,
1838 2013 1856 2046 ι
1899 2002 1954 2047 ει

371 2087 621 2157 reliqua:
655 2087 931 2142 Christum
976 2086 1111 2140 dicit
1169 2085 1517 2157 Unigenitum
1572 2087 1666 2141 Dei
1716 2100 1838 2140 esse
1874 2087 1955 2140 vi-

372 2189 508 2244 tam,
554 2178 648 2234 sed
682 2178 847 2234 etiam
897 2177 1175 2234 Christum
1224 2178 1576 2241 manifestat,‘
1609 2193 1731 2232 eum
1784 2178 1950 2231 vitam

371 2267 604 2324 celatum
657 2269 915 2334 hominis,
962 2269 1086 2338 quia
1131 2278 1439 2337 assumptus
1489 2271 1556 2323 ab
1590 2284 1655 2324 eo
1686 2277 1790 2324 est.
1826 2267 1953 2322 Plu-

373 2361 515 2416 rima
551 2360 856 2430 hujusmodi
910 2363 962 2415 in
1010 2360 1215 2415 sanctis
1263 2359 1572 2430 Evangeliis
1614 2359 1950 2426 referuntur,

371 2463 494 2518 qua:
520 2450 890 2516 manifestam,
944 2451 1069 2519 quia
1101 2449 1228 2505 Jesu
1263 2464 1456 2504 nomen
1488 2451 1737 2520 congruit
1761 2449 1833 2516 ei,
1861 2451 1951 2521 qui

372 2540 608 2595 lassatus
653 2548 736 2595 est
781 2555 848 2595 ex
902 2540 1094 2594 itinere
1123 2540 1167 2570 “
1190 2549 1244 2594 et
1297 2541 1348 2593 in
1389 2539 1638 2608 sepulcro
1686 2541 1954 2607 repositus

371 2637 453 2681 est
475 2625 544 2692 ⁷⁸,
571 2627 643 2680 ita
673 2636 732 2680 ut
756 2625 926 2680 Maria
962 2627 1169 2682 diceret
1207 2626 1275 2682 de
1318 2626 1429 2682 Deo
1459 2628 1609 2699 (67):
1643 2646 1662 2680 ι
1692 2628 1956 2683 Tulerunt

371 2715 659 2771 Dominum
684 2731 884 2782 meum,
917 2725 972 2771 et
1000 2717 1183 2772 nescio
1214 2717 1302 2770 ubi
1333 2727 1631 2786 posuerunt
1655 2732 1778 2773 cum
1825 2719 1893 2774 '“.
1927 2736 1948 2769 ι

371 2807 449 2862 Βε
497 2823 565 2863 eo
639 2808 815 2879 angeli
866 2808 1181 2864 mulieribus
1223 2809 1605 2864 accedentibus
1654 2809 1721 2865 ad
1769 2809 1953 2881 sepul-

373 2915 550 2967 crum,
616 2902 910 2955 dixerunt:
947 2899 1175 2955 (Iesum
1228 2901 1490 2970 quaeritis,
1549 2917 1655 2957 non
1708 2913 1792 2958 est
1842 2903 1952 2968 hic,

374 2994 672 3046 resurrexit
704 3005 732 3044 a
757 2993 985 3046 mortuis
1007 2993 1106 3044 ".9
1129 2992 1415 3063 Cumergo
1437 2992 1552 3047 haec
1578 2993 1850 3049 distinctio
1878 2993 1952 3048 ita

373 3091 656 3145 servetur;
704 3085 1061 3137 dubitandum
1111 3099 1218 3138 non
1262 3096 1349 3138 est
1397 3085 1538 3155 apud
1586 3084 1791 3153 ﬁdeles,
1830 3086 1954 3156 quia

2054 1833 2142 1876 τα,
2171 1819 2391 1888 ἀγαπᾷν
2426 1818 2508 1871 δεῖ
2569 1820 2664 1872 καὶ
2703 1820 2812 1890 πρὸ

2059 617 2126 670 τὰ
2148 617 2287 671 κατὰ
2319 618 2416 687 τὴν
2451 615 2651 688 ἀρετὴν
2681 615 2817 685 ἔργα.
2888 617 3037 671 nasci
3067 614 3264 670 dicitur
3296 627 3360 668 ex
3395 611 3525 667 Deo.

2061 712 2432 776 συνέζευκται.

2059 806 2233 873 Quam
2291 806 2450 860 ﬁdem
2482 805 2644 860 etiam
2691 801 2966 858 Abraham
2991 797 3217 859 habens,
3254 802 3535 864 reputatus
3560 800 3644 847 est

2059 897 2201 952 inter
2221 896 2417 964 justas.
2449 895 2756 950 Secundum
2787 893 2929 946 hanc
2959 887 3400 957 signiﬁcationem
3435 884 3638 939 dictum

2058 999 2142 1044 est
2177 989 2305 1044 illud
2341 1006 2354 1042 :
2391 1007 2410 1040 ι
2439 987 2628 1042 Virum
2664 993 2844 1039 autem
2891 980 3098 1036 ﬁdelem
3143 978 3294 1032 labor
3319 987 3401 1032 est
3425 976 3640 1031 iuveni-

2057 1097 2118 1137 re
2148 1081 2218 1134 τι.
2247 1099 2264 1132 ι
2312 1081 2506 1134 Raram
2539 1079 2726 1147 utique
2775 1072 3140 1128 inventionem
3175 1069 3334 1139 hujus
3368 1069 3507 1122 modi
3538 1068 3638 1121 ha-

2057 1172 2185 1226 bere
2223 1181 2420 1241 potest,
2467 1185 2588 1224 cum
2645 1168 2797 1222 multi
2828 1175 2961 1220 sunt
2995 1173 3192 1235 praeter
3226 1176 3388 1230 opera
3430 1159 3638 1223 fideles,

2058 1275 2325 1320 mortuam
2361 1267 2624 1320 habentes
2657 1263 2837 1327 ﬁdem,
2875 1274 2993 1328 qua:
3046 1257 3269 1312 omnino
3306 1271 3411 1310 non
3460 1265 3545 1309 est
3574 1256 3638 1308 ﬁ-

2057 1360 2172 1413 des.
2199 1359 2304 1425 Qui
2341 1373 2470 1428 ergo
2501 1359 2573 1411 ita
2629 1355 2819 1420 credit,
2851 1361 2909 1406 ut
2942 1360 3194 1406 nascatur
3223 1364 3290 1404 ex
3318 1349 3450 1414 Deo,
3477 1347 3641 1402 habet

2058 1452 2226 1505 vitam
2261 1459 2542 1505 mternam.

2053 1543 2118 1595 El
2186 1542 2250 1613 δὴ
2308 1542 2566 1610 γεννᾶταὶ
2622 1557 2706 1604 τις
2749 1541 2814 1592 ἐκ
2889 1535 2946 1591 Si
2985 1550 3114 1606 ergo
3157 1534 3404 1588 nascitur
3450 1532 3643 1602 aliquis

2053 1636 2210 1700 Θεοῦ,
2247 1636 2526 1707 κατορθῶν
2556 1636 2626 1690 τὰ
2663 1636 2815 1705 εἰρη-

2887 1645 2950 1684 ex
2985 1631 3114 1695 Deo,
3143 1629 3352 1699 agendo
3377 1643 3497 1697 qua:
3518 1637 3645 1682 sunt

2885 1723 3162 1791 praedicta,
3217 1736 3339 1775 cum
3389 1721 3459 1774 sit
3487 1734 3644 1774 acce-

2885 1812 3121 1882 ptabilis,
3176 1821 3233 1868 et
3280 1813 3394 1882 ipse
3419 1811 3644 1879 diligen-

2887 1906 2988 1960 dus
3041 1912 3144 1970 est,
3213 1913 3269 1958 et
3298 1914 3423 1958 ante
3458 1903 3638 1958 omnia

2889 1993 3048 2049 debet
3075 1995 3191 2065 ipse
3223 1993 3445 2064 diligere
3489 1993 3640 2062 geni-

2791 2140 2795 2144 .
2890 2096 3084 2144 torem.

2057 2173 2154 2231 His
2180 2189 2308 2246 ergo
2356 2176 2739 2232 monitionibus
2781 2177 2970 2233 invitat
2995 2181 3283 2251 Apostolus
3353 2182 3418 2236 ad
3487 2194 3640 2235 amo-

2065 2281 2180 2321 rem
2242 2267 2618 2324 fraternitatis.
2697 2269 3036 2340 Quapropter
3091 2274 3254 2328 etiam
3323 2281 3638 2341 competen-

2060 2366 2145 2412 ter
2179 2357 2383 2412 indicat
2411 2359 2835 2429 magnitudinem
2868 2361 3172 2424 charitatis,
3200 2372 3254 2416 et
3295 2361 3646 2432 pulchritudi-

2058 2463 2183 2503 nem
2236 2463 2423 2504 eorum
2487 2451 2577 2519 qui
2611 2449 2870 2521 diligendi
2928 2459 3075 2516 sunt,
3113 2452 3319 2516 dicens,
3355 2453 3479 2522 quia
3511 2467 3640 2520 ιιι-οσ-

2058 2539 2236 2609 prium
2273 2538 2448 2604 situt,
2485 2540 2574 2608 qui
2609 2539 2785 2609 diligit
2822 2540 3012 2607 Deum,
3068 2543 3252 2613 diligat
3285 2544 3448 2598 etiam
3495 2557 3642 2605 eum,

2059 2630 2148 2698 qui
2172 2638 2332 2685 natus
2353 2643 2416 2684 ex
2434 2644 2501 2684 eo
2529 2640 2631 2685 est.
2664 2629 2847 2685 Potest
2866 2631 3030 2686 etiam
3059 2632 3160 2688 hoc
3187 2635 3345 2689 modo
3371 2633 3472 2688 iste
3494 2633 3646 2688 locus

2059 2722 2278 2791 exponi,
2311 2723 2435 2790 quia
2469 2721 2584 2777 haec
2605 2733 2828 2792 prepter
2863 2737 2958 2780 eos
2977 2725 3074 2794 qui
3121 2733 3278 2780 erant
3316 2725 3406 2779 illo
3433 2734 3643 2794 tempo—

2059 2828 2135 2875 re,
2164 2827 2289 2868 cum
2319 2813 2434 2869 haec
2468 2813 2704 2884 Epistola
2755 2815 3104 2878 scriberetur,
3145 2816 3255 2869 sint
3285 2815 3450 2870 dicta.
3519 2816 3646 2870 Dis-

2059 2904 2375 2974 pensatione
2423 2919 2658 2974 namque
2703 2906 2974 2976 completa
3012 2903 3310 2960 secundum
3337 2904 3646 2974 evangelica

2063 2996 2249 3062 verba,
2296 3007 2350 3051 et
2395 3006 2676 3066 assumpto
2705 2996 2983 3053 Salvatore
3018 2997 3073 3051 in
3103 2997 3280 3059 caelis,
3306 2997 3649 3064 quarebatur

2062 3097 2212 3154 tunc,
2235 3089 2281 3143 si
2307 3088 2462 3144 Jesns
2491 3089 2606 3158 ipse
2650 3099 2794 3144 esset
2820 3087 3073 3144 Christus
3095 3088 3184 3158 qui
3207 3087 3644 3156 exspectabatur,

2057 1728 2214 1796 μένα,
2250 1729 2521 1798 ἀποδοχῆς
2550 1728 2698 1791 ἄξιον
2726 1726 2814 1779 ὅν·

2057 1910 2221 1964 αὐτοῦ
2245 1911 2338 1964 τὸν
2365 1913 2703 1984 γεννήσαντα
2721 1915 2816 1966 αὐ-

2056 2002 2166 2054 τόν.

374 3173 533 3229 Jesus
581 3174 748 3268 Filius
788 3175 880 3229 Dei
912 3176 1004 3228 sit.
1047 3174 1202 3268 Sicut
1235 3184 1414 3230 autem
1449 3177 1668 3231 nomina
1696 3178 1952 3240 hominis,
1985 3212 2026 3268 ο
2062 3178 2264 3234 Judaeis
2309 3180 2497 3250 utique
2540 3179 2950 3242 resultantibus,
2980 3189 3034 3233 et
3060 3179 3309 3232 ﬁdelibus
3346 3178 3651 3232 conﬁtenti-

374 3265 430 3320 id
481 3274 588 3329 est,
641 3264 838 3330 Jesus,
892 3273 947 3317 et
994 3264 1223 3332 similia,
1281 3265 1572 3335 aliquando
1637 3266 1806 3320 Deum
1861 3282 1954 3320 vo-

374 3369 498 3409 cum
527 3354 638 3424 (68)
671 3353 1000 3424 signiﬁcant,
1053 3355 1122 3408 ita
1169 3365 1224 3409 et
1273 3355 1435 3409 homo
1479 3355 1690 3410 Domini
1729 3365 1958 3409 vocatur

375 3455 433 3501 et
461 3446 557 3500 Dei
584 3445 774 3501 Filius.
803 3445 895 3501 Ait
922 3447 1066 3501 enim
1097 3463 1112 3501 :
1148 3464 1167 3497 ι
1197 3446 1347 3513 Quod
1387 3448 1440 3500 in
1475 3456 1528 3502 te
1557 3456 1812 3502 nascetur
1833 3460 1956 3500 san-

377 3554 546 3608 curm,
577 3542 867 3597 vocabitur
888 3541 1058 3596 Filius
1089 3541 1181 3596 Dei
1215 3539 1317 3594 vivi
1348 3539 1419 3594 ⁷³.
1447 3559 1464 3591 ι

449 3629 603 3684 ΟΜ).
637 3628 703 3694 ν,
729 3644 882 3687 vsas.
923 3629 976 3684 1.
1024 3647 1044 3680 t
1072 3627 1259 3684 Omnis
1288 3628 1379 3698 qui
1415 3629 1608 3695 credit,
1648 3629 1774 3698 quia
1802 3629 1958 3686 Jesus

377 3720 630 3776 Christus
659 3735 726 3774 ex
761 3721 874 3776 Deo
915 3731 1077 3776 natus
1102 3729 1204 3786 est,
1239 3729 1295 3774 et
1326 3719 1502 3774 omnis
1535 3720 1626 3790 qui
1652 3722 1824 3791 diiigit
1845 3719 1957 3777 Ce-

378 3812 632 3877 nitorcm,
670 3813 842 3882 diligit
872 3827 994 3867 eum
1032 3813 1124 3882 qui
1153 3820 1310 3866 natus
1340 3823 1422 3866 est
1451 3827 1516 3866 ex
1557 3826 1640 3866 eo.
1679 3831 1696 3863 ι

448 3931 520 3944 ——
565 3904 660 3956 Ἐκ
712 3902 806 3956 τοῦ
849 3903 984 3957 Θεοῦ
1016 3920 1138 3972 γεν-
1280 3902 1380 3969 Qui
1411 3916 1476 3957 ex
1517 3901 1625 3957 Deo
1643 3913 1958 3969 nascuntur,

380 3995 579 4050 νῶνται
613 3998 678 4049 ἐκ
706 3995 800 4049 τοῦ
840 3995 1137 4066 κατορθοῦν
1210 3993 1552 4062 adimplendo
1583 4011 1703 4065 quae
1746 3997 1962 4051 virtutis

379 4090 604 4161 ἀρετὴν,
625 4091 1035 4154 πιστεύσαντες,
1057 4091 1139 4144 ὃτι
1211 4097 1358 4153 sunt,
1383 4088 1684 4158 huiusmodi
1714 4090 1867 4144 ﬁunt.

393 4185 599 4254 Ἰησοῦς
637 4187 784 4238 ἐστιν
818 4188 846 4238 ὁ
882 4185 1135 4255 Χριστός.

382 4276 479 4332 llis
511 4279 689 4344 itaque
712 4277 962 4347 proxime
991 4278 1193 4331 dictum
1224 4288 1309 4334 est
1349 4279 1512 4334 etiam
1544 4281 1672 4336 illud
1702 4297 1716 4335 :
1743 4281 1843 4348 Qui
1881 4281 1960 4335 fa-

383 4370 456 4423 cit
487 4369 776 4438 justitiam,
819 4378 872 4423 et
930 4369 1106 4439 diligit
1141 4370 1390 4425 inimicos
1421 4387 1568 4437 suos,
1601 4382 1656 4427 et
1713 4384 1834 4428 orat
1865 4389 1963 4442 pro

381 4462 482 4526 eis,
519 4463 610 4516 liet
633 4461 800 4516 Filius
826 4460 1004 4517 Patris
1035 4461 1272 4517 cmlestis
1292 4479 1355 4517 ex
1387 4477 1452 4518 eo
1483 4476 1660 4520 natus.
1687 4465 1818 4520 Cum
1850 4467 1964 4521 lucc

384 4554 460 4608 ita
492 4554 620 4618 sint,
679 4561 732 4608 et
769 4554 859 4623 qui
919 4555 1159 4608 nascitur
1194 4569 1260 4611 ex
1296 4555 1425 4622 Deo,
1475 4558 1700 4613 credens
1745 4559 1954 4628 utique,

2063 4553 2202 4608 εἶναι
2235 4570 2420 4624 φησιν,
2465 4553 2667 4613 αἵτινες
2695 4550 2827 4602 ἀνα-

383 4645 508 4714 quia
530 4643 685 4699 Jesus
715 4654 799 4698 est
824 4643 1094 4709 Christus,

383 4739 448 4792 οὐ
475 4738 582 4809 γὰρ
615 4741 642 4791 ὁ
666 4737 826 4809 ψιλὴν
866 4739 1137 4807 συγκατὰ-
1210 4755 1315 4796 non
1369 4740 1535 4796 solam
1567 4743 1959 4798 confessionem

386 4830 536 4884 θεσιν
581 4831 720 4901 ἔχων
754 4832 882 4902 περὶ
922 4832 1022 4902 τῆς
1043 4832 1136 4884 τοῦ
1210 4833 1369 4902 hujus
1445 4835 1510 4888 de
1590 4837 1960 4906 assumptione

385 4925 622 4994 Χριστοῦ
666 4925 964 4996 διαλήψεως
1000 4926 1136 4995 (69),
1209 4927 1433 4991 Christi,
1469 4928 1561 4982 sed
1591 4928 1736 4982 illam
1775 4929 1959 4994 ﬁdem,

387 5020 639 5083 γεννᾶται
700 5021 764 5072 ὲκ
823 5020 979 5086 Θεοῦ,
1023 5021 1136 5074 ἀλλ’
1210 5022 1503 5077 secundum
1530 5037 1688 5092 quam
1717 5023 1764 5077 ei
1797 5024 1964 5077 virtu-

463 5177 526 5209 ⁸⁵·
557 5177 712 5234 Rom.
745 5195 854 5242 xw,
882 5180 938 5232 9.
1012 5179 1240 5233 ⁸⁸1601⁸·
1266 5194 1304 5243 Ι,
1339 5178 1429 5232 24-

392 5249 437 5281 '"
463 5246 621 5302 Joan.
652 5265 744 5316 xx,
777 5251 862 5303 15.

393 5526 425 5578 d
463 5454 574 5527 (67)
635 5455 701 5510 Et
733 5455 992 5510 facillima
1045 5465 1099 5510 et
1135 5455 1412 5509 verissima
1466 5465 1550 5509 est
1601 5456 1914 5526 conjectura
1944 5493 1960 5522 ,

429 5543 455 5578 ε
487 5545 567 5578 ιο.

429 5543 455 5578 ε
487 5545 567 5579 ιο.

463 5597 576 5664 (68)
601 5599 681 5650 An
722 5597 882 5649 Deum
898 5593 1158 5664 Verbum?

465 5661 577 5736 (69)
610 5667 786 5719 Malim
812 5667 910 5736 τῆς
937 5666 1064 5736 περὶ
1086 5663 1178 5717 τοῦ
1210 5661 1446 5736 Χριστοῦ
1478 5663 1800 5733 διαλήψεως.
1832 5664 1961 5717 Διά-

395 5735 566 5805 ληψιν
597 5739 647 5791 Ιι.
674 5737 710 5790 l.
769 5737 838 5788 ita
869 5735 1117 5803 accipio,
1173 5745 1227 5787 ut
1253 5735 1322 5805 sit
1345 5750 1542 5798 sermo,
1578 5737 1868 5800 disputatio
1902 5750 1967 5788 ac

396 5802 623 5862 enuntio
654 5807 839 5861 notitia
873 5807 938 5859 de
967 5802 1182 5859 Christo
1221 5806 1273 5858 in
1301 5802 1523 5859 Litteris
1549 5806 1718 5864 sacris
1749 5807 1959 5861 tradita.

674 5924 946 5985 Ριτιιοι..
982 5921 1097 5981 Gtt.
1131 5921 1444 5986 XXXIX.

1509 5181 1551 5210 "
1577 5179 1592 5232 l
1618 5179 1742 5234 Cor.
1773 5195 1890 5242 vni,
1925 5180 1976 5233 6.
2055 5180 2099 5211 ⁸⁸
2131 5179 2246 5233 Col.
2279 5193 2363 5240 tu,
2388 5179 2442 5232 5.

935 5251 980 5280 ⁷³
1017 5249 1202 5305 Matth.
1241 5265 1431 5314 xxviii,
1461 5249 1515 5316 5,
1541 5251 1593 5303 6.
1669 5248 1868 5304 "Luc.
1902 5269 1941 5316 ι,
1985 5252 2076 5306 55.

2060 3275 2163 3328 bus
2185 3273 2370 3328 Jesum
2396 3287 2517 3328 esse
2536 3272 2834 3337 Christum,
2867 3272 2959 3340 qui
2988 3270 3425 3338 exspectabatur.
3457 3268 3651 3336 llujus-

2062 3364 2212 3419 modi
2237 3378 2367 3432 ergo
2391 3365 2633 3418 hominis
2683 3364 3060 3418 credulitatem
3114 3362 3374 3426 indicans,
3435 3370 3652 3430 propter

2060 3453 2225 3509 ﬁdem
2253 3469 2416 3521 quam
2457 3453 2669 3518 habuit,
2693 3468 2758 3508 ex
2785 3453 2896 3507 Deo
2920 3469 3042 3507 eum
3071 3462 3256 3506 natum
3289 3453 3540 3507 asseruit.

2133 3543 2297 3596 Vens.
2317 3542 2431 3596 3-5.
2465 3539 2618 3597 «llaec
2643 3551 2727 3596 cst
2749 3541 2893 3595 enim
2918 3541 3156 3596 charitas
3174 3540 3289 3605 Dei,
3316 3551 3372 3594 ut
3399 3542 3650 3595 mandata

2061 3632 2178 3702 ejus
2203 3648 2487 3688 servemus
2548 3654 2558 3686 :
2593 3641 2648 3687 et
2683 3633 2936 3686 mandata
2969 3632 3089 3699 ejus
3135 3633 3322 3699 gravia
3349 3645 3453 3685 non
3490 3643 3642 3698 sunt,

2062 3726 2189 3796 quia
2214 3738 2377 3779 οιιιιιε
2398 3723 2538 3794 quod
2569 3733 2752 3778 natum
2773 3731 2856 3778 est
2879 3737 2946 3776 ex
2973 3723 3100 3785 Deo,
3137 3721 3301 3775 vincit
3336 3721 3588 3776 saeculum
3619 3741 3634 3777 :

2063 3827 2116 3871 et
2144 3818 2255 3872 haec
2281 3825 2366 3870 est
2395 3815 2641 3878 victoria,
2669 3829 2790 3884 quae
2842 3814 3011 3869 vincit
3066 3811 3348 3878 saeculum,
3404 3813 3653 3869 ﬁdesne-

2065 3917 2202 3962 stra.
2235 3906 2370 3973 Quis
2426 3913 2511 3959 est
2540 3913 2718 3960 autem
2763 3905 2855 3974 qui
2909 3904 3076 3958 vincit
3107 3902 3386 3969 saeculum,
3435 3902 3535 3957 nisi
3559 3905 3651 3974 qui

2063 3999 2259 4061 credit,
2291 4000 2414 4068 quia
2446 3997 2603 4053 Jesus
2637 3996 2806 4052 Filius
2836 4005 2918 4052 est
2941 3996 3035 4050 Dei
3059 3995 3081 4049 ?
3102 4015 3119 4047 ι

2135 4089 2395 4143 Τουτέστι
2445 4088 2543 4159 τὴν
2590 4087 2825 4140 ὑπόστα-
2969 4085 3326 4140 Subsistenlia
3362 4095 3416 4141 et
3467 4084 3548 4156 (ut
3578 4085 3650 4142 ita

2068 4201 2173 4248 σιν,
2205 4184 2319 4246 καὶ,
2353 4183 2418 4234 ἵν’
2455 4180 2627 4244 οὕτως
2662 4178 2823 4242 εἴπω,
2899 4178 3098 4250 dicam)
3134 4179 3360 4233 materia
3411 4180 3653 4233 Charila-

2067 4275 2220 4346 ὓλην,
2279 4273 2346 4348 ἦς
2397 4275 2541 4345 ἔχειν
2573 4273 2654 4326 δεῖ
2692 4270 2826 4342 πρὸς
2902 4274 3003 4338 tis,
3071 4288 3230 4342 quam
3297 4288 3393 4328 nos
3453 4273 3652 4328 habere

2066 4369 2157 4422 τὸν
2183 4367 2337 4430 Θεὸν,
2371 4367 2592 4437 ἀγάπης
2616 4363 2714 4433 τὴν
2735 4363 2828 4432 τή-
2897 4375 3110 4436 oportet
3151 4366 3216 4420 ad
3246 4367 3434 4431 Deum,
3471 4375 3653 4422 custo-

2073 4475 2229 4532 ρησιν
2259 4457 2367 4510 τῶν
2412 4455 2572 4508 θείων
2596 4452 2823 4506 ἐντολῶν
2897 4461 3042 4515 diam
3078 4461 3381 4515 divinorum
3413 4461 3650 4516 asseruit

2897 4551 3300 4616 mandatorum,
3339 4566 3458 4620 qua:
3494 4565 3650 4605 man-

2898 4647 3019 4698 data
3040 4644 3322 4708 facientes,
3350 4658 3412 4698 ea
3433 4658 3650 4698 rursum

2896 4734 3078 4789 ferunt
3145 4735 3257 4805 (70)
3321 4737 3387 4790 ad
3460 4734 3650 4800 Deum,

2898 4839 3232 4900 quaprOptcr
3284 4831 3350 4884 ad
3400 4831 3650 4884 inferiora

2897 4938 3005 4977 nou
3038 4925 3277 4989 trahunt,
3309 4925 3434 4992 quia
3463 4925 3650 4992 gravia

2899 5029 3003 5070 non
3031 5024 3176 5072 sunt.

2063 4648 2292 4717 φέρουσι
2317 4645 2453 4716 πρὸς
2476 4643 2566 4696 τὸν
2582 4641 2713 4695 Θεὸν
2735 4640 2824 4694 τὸν

2067 4739 2186 4793 κατ’
2252 4737 2421 4800 αὐτὰς
2473 4734 2822 4806 ἐνεργοῦντα.

2068 4831 2233 4884 ὐοεν
2287 4830 2346 4882 οὐ
2405 4829 2743 4898 κατωφερεῖς
2789 4825 2821 4897 ἢ

2069 4923 2284 4996 βαρεῖαι
2310 4921 2686 4990 τυγχάνουσιν.

2523 5179 2567 5210 ‘9
2591 5177 2746 5236 Joan.
2779 5195 2851 5248 tv,
2887 5179 2940 5234 6.
3020 5181 3064 5211 ⁷ο
3104 5177 3294 5233 Matth.
3322 5194 3526 5246 xxxvii,
3562 5179 3646 5234 60.

2157 5250 2202 5280 “
2228 5248 2386 5304 Prov.
2421 5264 2512 5318 xx,
2542 5248 2593 5302 6.

2069 5454 2144 5509 Ita
2170 5452 2497 5507 Matthaeius.
2533 5451 2628 5507 llis
2655 5452 2726 5506 ita
2764 5451 3046 5513 assentior,
3079 5458 3138 5502 ut
3163 5463 3279 5502 eam
3312 5447 3528 5516 quidem
3559 5459 3650 5516 ve-

2069 5540 2184 5578 ram
2211 5538 2332 5578 esse
2370 5526 2587 5577 credam
2618 5523 2716 5576 loci
2750 5525 3094 5589 scripturam,
3128 5520 3211 5589 cui
3246 5515 3433 5589 Latina
3467 5515 3648 5569 versio

2069 5593 2526 5648 accommodanda
2554 5594 2642 5645 sit.
2665 5593 2818 5658 Quod
2852 5588 2978 5645 vero
3008 5592 3072 5643 ad
3099 5588 3349 5658 διάληψιν
3383 5604 3443 5640 π.
3470 5603 3520 5639 τ.
3556 5601 3648 5657 χρ.

2069 5665 2286 5788 ἓιιιίιιει,
2317 5665 2418 5716 hoc
2448 5664 2500 5716 in
2528 5662 2643 5716 loco
2669 5678 2789 5718 eam
2829 5661 3059 5716 dixerim
3083 5675 3204 5715 esse
3225 5658 3548 5713 sententiam
3583 5663 3650 5711 de

2135 5743 2309 5786 tristo.

2143 5774 2522 5874 '(Iidjvi’essime
2558 5812 2684 5860 ante
2717 5801 2880 5871 Call.,
2915 5802 3145 5871 fuerunt.

3326 5921 3344 5955 ἓ

3325 5921 3401 5980 57
