4118 6442
456 364 597 423 1803

1732 341 1976 401 ΒῙΒῩΜΙ
2014 334 2486 398 ALEXANDRINI

3586 333 3726 392 1804

455 477 573 532 Non
626 472 766 531 enim
829 470 968 526 sicut
1028 458 1311 540 peccatum
1334 502 1350 532 ,
1414 466 1786 533 comparatum
1839 458 2039 514 talento
2067 458 2115 515 Α
2142 454 2448 512 versatione
2484 461 2592 517 non
2626 446 2882 521 'gravium
2922 445 3303 505 mandatorum
3328 483 3344 512 ,
3384 444 3476 515 qui
3509 447 3724 512 credit,

455 565 682 637 plumbi,
713 558 984 633 significat
1010 574 1147 615 onus
1170 556 1466 613 maximum
1494 566 1726 622 vergens
1757 552 2032 615 deorsum,

457 662 526 713 ita
558 657 745 723 virtus,
776 668 895 724 quae
925 667 956 710 e
977 652 1191 706 diverso
1211 646 1459 703 consistit
1486 642 1621 713 ejus.
1652 642 1779 697 Hac
1804 652 2038 710 namque

454 759 669 807 utentes
698 763 759 804 se
789 746 965 803 elevat
995 752 1050 800 et
1082 740 1327 798 excelsos
1355 738 1505 792 facit.
1540 736 1632 793 Sic
1663 736 1846 804 itaque
1872 732 2034 788 etiam

455 841 703 899 mandata
735 839 854 904 Dei,
892 838 1018 893 dmn
1067 834 1222 898 ﬁunt,
1264 828 1402 886 levia
1436 836 1562 884 sunt
1591 837 1647 883 et
1689 825 1833 881 nullo
1874 837 2037 880 onere

456 934 788 1002 deprimunt.

455 1025 515 1078 Ei
553 1024 611 1077 δέ
646 1039 730 1086 τις
767 1018 1078 1092 προσελθὼν
1112 1016 1211 1071 αὺ-
1290 1013 1348 1070 Si
1392 1014 1515 1085 quis
1556 1022 1737 1069 autem
1777 1010 2041 1067 accedens

454 1120 594 1181 ταῖς,
664 1115 738 1186 μὴ
786 1114 846 1167 ὃν
883 1113 965 1166 δεῖ
991 1110 1212 1182 τρόπον,
1287 1108 1449 1164 ιιιιιθει
1485 1122 1590 1162 non
1636 1106 1776 1162 sicut
1806 1111 2040 1174 oportet,

455 1214 605 1281 λέγοι
639 1210 810 1274 αὐτὰς
840 1208 1084 1280 βαρείας,
1116 1207 1217 1277 τὴν
1287 1215 1351 1256 ea
1408 1199 1615 1271 ‘graVia
1688 1211 1809 1254 esse
1875 1195 2040 1257 dicat,

453 1306 651 1363 ἑαυτοῦ
688 1304 972 1361 ἀσθένειαν
996 1302 1218 1375 ῂτιάσα-
1288 1307 1443 1349 suam
1477 1290 1843 1347 inﬁrmitatem
1872 1287 2046 1358 magis

454 1416 536 1454 το.
571 1398 727 1452 Φίλον
751 1398 861 1469 γὰρ
884 1399 997 1460 τοῖς
1024 1395 1219 1450 ἀδυνά·

456 1510 570 1556 τοις
596 1490 765 1563 βαρέα
790 1487 1105 1560 νομίζεσθαι
1126 1486 1221 1541 καὶ

457 1586 527 1642 τὰ
554 1587 696 1641 πάνυ
734 1583 935 1653 κοῦφα.
965 1581 1127 1637 Ὅθεν
1156 1580 1218 1635 οὐ

459 1676 664 1748 φησὶν,
717 1674 801 1728 ὅτι
869 1691 889 1725 ι
913 1674 968 1727 αἱ
1007 1670 1222 1725 ἐντολαὶ

446 1770 623 1826 αὐτοῦ
654 1787 673 1821 ι
741 1766 1020 1838 ἐλαφραὶ,
1064 1762 1223 1829 ἀλλὰ,

440 1883 483 1916 οι
514 1863 730 1934 βαρεῖαι
761 1859 863 1912 οὐκ
899 1856 1026 1910 eici‘
1047 1874 1069 1908 ι
1117 1854 1222 1926 μό-

459 1972 552 2009 νου
584 1955 678 2008 xui.
731 1949 934 2013 παντὸς
958 1947 1226 2017 ἀντιλαμ-

460 2044 762 2117 ϐανομένου
786 2041 880 2096 τοῦ
912 2036 1228 2111 ἀνωφεροῦς

461 2136 663 2199 αὐτῶν,
692 2133 787 2188 τοῦ
807 2131 1033 2195 δικαίως
1060 2129 1123 2183 τὸ
1150 2128 1229 2181 δι-

463 2245 618 2283 καιον
669 2225 958 2285 διώκοντος
975 2264 991 2289 ,
1059 2219 1229 2290 πείρα

462 2326 647 2395 γνοὺς,
692 2323 774 2376 ὅτι
806 2322 836 2374 ὁ
856 2317 950 2372 τοῦ
988 2314 1227 2389 Χριστοῦ

464 2416 631 2486 ζυγὸς
658 2411 896 2483 ἐλαφρός
922 2412 1062 2475 ἐστι,
1089 2425 1230 2482 χρη-

468 2508 702 2578 στότητα
720 2503 921 2575 πολλὴν
937 2501 1074 2573 ἔχων
1092 2499 1227 2571 (72).

463 2631 535 2646 _..
565 2629 639 2644 -
677 2601 735 2652 '0
754 2597 930 2661 οὕτως
965 2592 1232 2658 διατεθεὶς

468 2698 534 2750 ὲκ
561 2692 696 2748 Θεοῦ
725 2691 982 2761 γεννᾶται
999 2690 1093 2742 καὶ
1108 2686 1233 2742 τού-

468 2805 561 2842 του
580 2786 760 2858 τυχὼν
776 2784 1112 2857 καταφρονεῖ
1132 2781 1233 2852 τῆς

470 2879 657 2933 ἐνύλου
696 2877 843 2947 ζωῆς
875 2876 970 2931 καὶ
1003 2874 1119 2929 τῶν
1136 2871 1231 2928 τοῦ

471 2973 679 3043 κόσμον
732 2969 906 3041 ἡδέων
929 2984 943 3000 ο
981 2967 1077 3022 καὶ
1103 2965 1233 3020 ταύ-

470 3084 539 3138 τῃ
571 3067 699 3137 νικᾷ
748 3064 842 3117 τὸν
874 3062 1103 3132 κόσμον,
1136 3076 1232 3131 με·

471 3158 645 3222 διαϐὰς
662 3157 757 3210 ἀπ’
773 3152 939 3207 αὐτοῦ
955 3153 1035 3214 εἰς
1063 3152 1233 3222 ὑπερ-

474 3252 701 3319 κόσμιον
727 3240 1239 3299 nolentem—Tr:-

475 3343 639 3416 ἀρξαι
690 3344 754 3397 τὸ
792 3342 936 3397 οὕτω
966 3338 1237 3412 προκόψαι

475 3435 663 3499 πίστις
698 3425 911 3505 ὲνεργεϊ
940 3430 1073 3504 (75),
1092 3432 1127 3501 ἡ
1162 3429 1241 3493 εἰς

474 3526 825 3599 δικαιοσύνην
858 3524 1238 3597 λελογισμένη,

477 3622 545 3692 ἢν
564 3620 656 3675 καὶ
674 3619 889 3683 δεικνὺς
908 3619 983 3682 ὼς
1003 3618 1240 3687 ἐφεστη-

481 3717 636 3769 κυῖαν
686 3712 782 3767 καὶ
844 3711 1111 3783 μένουσαν
1163 3702 1242 3762 ei-

481 3823 581 3860 πεν
600 3845 616 3869 ,
658 3823 677 3857 ι
704 3805 853 3876 Αὕτη
876 3804 1023 3857 ἐστὶν
1054 3802 1089 3874 ἡ
1114 3801 1242 3871 νίκη

394 3887 402 3898 ’
479 3902 756 3973 νικήσασα
771 3899 860 3954 τὸν
880 3900 1138 3970 κόσμον,ι
1171 3898 1239 3969 ἢν

480 3995 705 4063 εἴχομεν
734 3990 937 4055 πίστιν,
959 3988 1240 4062 προσηκά-

485 4099 637 4155 μενοι
698 4081 808 4154 (74)
874 4082 965 4136 τὸν
1032 4079 1240 4153 Ἰησοῦν

482 4173 625 4233 εἶναι
654 4177 746 4233 τὸν
772 4177 902 4233 Υῐδν
930 4177 1026 4231 τοῦ
1074 4175 1234 4230 Θεοῦ.

1291 1394 1530 1439 accuset.
1564 1381 1662 1437 His
1681 1394 1933 1448 namque,
1953 1376 2045 1448 qui

1292 1477 1459 1532 robur
1520 1476 1741 1531 omnino
1800 1487 1907 1529 non
1951 1472 2047 1527 ba-

1292 1574 1441 1642 bent,
1492 1573 1678 1645 gravia
1713 1570 2045 1640 iudicantur,

1293 1678 1349 1724 et
1399 1684 1463 1724 ea
1528 1668 1680 1724 valde
1730 1665 2047 1723 levissima:

1293 1761 1438 1817 unde
1460 1777 1568 1818 non
1588 1760 1826 1827 scripsit,
1861 1777 1881 1812 ι
1904 1772 2052 1813 man-

1296 1860 1419 1913 data
1469 1857 1628 1926 ejus:
1696 1852 1831 1907 levia
1897 1858 2045 1914 sunt,

1297 1949 1391 2004 sed
1466 1948 1569 2012 ait,
1646 1945 1880 2017 tgravia
1946 1958 2053 1999 non

1298 2046 1456 2105 sunt;
1484 2057 1502 2091 ι
1548 2036 1674 2091 illud
1695 2035 1869 2092 solum
1895 2048 2053 2090 assu-

1299 2144 1476 2194 mens,
1499 2126 1641 2198 quod
1666 2127 1919 2182 deorsum
1947 2139 2055 2181 non

1303 2224 1485 2290 trahit,
1514 2232 1572 2278 et
1628 2236 1842 2278 sursum
1885 2220 2054 2286 vehit,

1302 2324 1363 2369 ut
1402 2314 1546 2383 iuste
1582 2322 1859 2368 sectemur
1912 2311 2055 2382 quod

1296 2405 1500 2476 justum
1555 2411 1659 2467 est,
1716 2402 2057 2472 experimen-

1304 2514 1416 2559 tum
1483 2499 1594 2571 (7l)
1630 2499 1817 2569 utique
1858 2512 2059 2568 cogno-

1302 2603 1536 2659 scentes,
1580 2594 1705 2663 quia
1737 2591 1936 2648 Christi
1972 2591 2061 2659 ju-

1303 2702 1430 2758 gum
1461 2686 1579 2742 leve
1603 2693 1706 2752 est,
1737 2683 2059 2740 suavitatem

1304 2780 1555 2835 obtinens
1605 2778 1903 2849 cupiosam.
1957 2776 2060 2844 Qui

1305 2886 1434 2943 ergo
1461 2872 1528 2926 de
1553 2871 1822 2926 mandatis
1857 2870 1928 2924 ita
1972 2884 2061 2925 se—

1307 2963 1595 3033 metipsum
1629 2963 1884 3027 instituit,
1911 2970 1972 3016 ut
1998 2976 2060 3016 ea

1306 3056 1566 3125 perducat
1602 3055 1668 3108 ad
1694 3056 1958 3118 actiones,
1994 3065 2059 3106 ex

1309 3146 1420 3201 Deo
1471 3145 1734 3200 nascitur.
1804 3143 1870 3199 Et
1935 3143 2061 3199 dum

1309 3237 1425 3292 bare
1479 3237 1866 3306 impetraverit,
1931 3250 2065 3292 con-

1311 3329 1504 3385 temnit
1568 3328 1903 3385 materialem
1981 3328 2065 3382 vi-

1314 3434 1422 3480 tam
1482 3433 1539 3483 et
1604 3425 1789 3482 saeculi
1852 3424 2066 3480 blandi-

1313 3529 1519 3575 menta.
1541 3519 1611 3574 Et
1640 3529 1925 3591 propterea
1946 3519 2067 3574 vin-

1313 3613 1388 3668 cit
1455 3613 1740 3676 mundum,
1798 3612 2068 3669 transiens

1312 3720 1343 3760 a
1374 3705 1793 3761 conversatione
1826 3719 2065 3776 praesen-

1312 3802 1382 3858 tis
1408 3802 1615 3858 mundi.
1642 3801 1758 3858 Erit
1785 3812 2070 3873 provectus

1310 3895 1428 3966 eius
1479 3904 1638 3966 atque
1674 3895 1953 3967 perfectio,
2017 3905 2071 3952 et

1313 3988 1420 4043 ﬁde
1511 3987 1815 4057 operatrice
1895 3989 2072 4043 cousi-

1313 4089 1482 4146 stens,
1508 4087 1562 4134 et
1602 4076 1817 4146 iustitia
1854 4089 2072 4147 reputa-

1316 4185 1422 4241 tur,
1459 4174 1584 4245 quia
1633 4173 1746 4246 (75)
1796 4173 1952 4229 fidem
1982 4189 2071 4229 os-

489 4269 714 4325 tendens
778 4275 1040 4339 tanquam
1098 4268 1487 4324 consistentem
1554 4275 1607 4322 et
1664 4275 2071 4337 permanentem

487 4361 564 4415 ait
608 4378 623 4416 :
670 4379 690 4413 ι
726 4359 851 4416 Haec
911 4369 993 4417 est
1012 4361 1263 4425 victoria,

1329 4374 1450 4432 qua:
1518 4359 1685 4414 vincit
1747 4358 2068 4421 saeculum,»

491 4454 544 4506 id
595 4460 703 4518 est,
753 4451 909 4517 ﬁdes,
972 4466 1136 4523 quam
1213 4451 1493 4517 habemus,
1545 4451 1824 4505 credentes
1888 4447 2071 4504 Jcsum

490 4558 615 4600 esse
641 4558 767 4601 eum
818 4543 909 4613 qui
936 4543 1292 4613 prophetatus
1318 4540 1591 4597 Christus.

559 4636 655 4692 llis
689 4636 854 4706 igitur
883 4635 1068 4697 infert,
1098 4636 1222 4705 quia
1255 4634 1562 4690 necessario
1595 4646 1933 4702 consequens
1962 4642 2063 4699 εει,

491 4740 546 4785 ιιι
578 4730 669 4800 ιιιιὶ
714 4727 946 4783 credidit
986 4724 1172 4781 Jesum
1217 4741 1339 4781 esse
1376 4724 1570 4779 Filium
1611 4725 1739 4789 Dei,
1783 4727 2063 4780 victoriam

495 4819 691 4875 habeat
715 4825 903 4871 contra
929 4815 1210 4871 mundum.
1247 4814 1423 4870 \‘iucit
1450 4824 1630 4869 autem
1662 4814 1942 4882 eternium,
1971 4817 2064 4887 qui

495 4911 637 4966 malo
675 4925 782 4966 non
832 4908 1089 4974 vincitur,
1142 4907 1234 4963 sed
1281 4907 1334 4960 in
1385 4909 1528 4961 bono
1567 4905 1805 4962 devincit
1839 4911 2063 4963 malum.

496 5001 678 5055 Vincit
710 5008 891 5055 autem
931 4999 1072 5067 quod
1110 4997 1312 5051 malum
1341 5003 1445 5061 est,
1473 4998 1689 5065 quando
1729 5000 1984 5054 virtutem
2014 5013 2053 5054 οι

2170 5020 2259 5064 tus
2306 5012 2640 5082 scripsisset,
2674 5031 2773 5071 nec
2799 5018 3047 5072 errouice
3092 5032 3236 5071 nunc
3265 5017 3381 5074 ait:
3417 5037 3435 5070 ι
3469 5018 3765 5076 δυίεικιιιω

500 5097 669 5164 ipsam
708 5092 1002 5147 bonitatem
1057 5091 1251 5153 habet,
1301 5103 1420 5159 qua:
1455 5091 1799 5160 semctipsam
1845 5093 1911 5147 ad
1955 5093 2069 5147 bzec

426 5246 431 5251 _
500 5184 773 5240 informat.
804 5182 940 5239 Cum
968 5182 1070 5236 hoc
1116 5180 1299 5251 utique
1337 5195 1502 5251 opere
1541 5182 1801 5238 bonitatis
1844 5193 1899 5239 et
1932 5198 2068 5239 con-

2138 549 2313 603 vivam
2347 546 2505 601 tidem
2553 543 2756 607 habet,
2794 538 3092 597 secundum
3119 552 3279 608 quam
3306 546 3359 592 et
3386 552 3452 591 ex
3486 552 3592 606 qua
3620 538 3728 593 erit

2140 640 2308 696 Filius
2358 637 2494 703 Dei,
2550 634 2779 691 credens
2846 630 3120 702 unigenito
3172 630 3264 685 Dei
3308 628 3445 684 Filio
3509 627 3622 695 ita,
3666 637 3728 684 ut

2141 732 2306 788 etiam
2343 725 2700 799 participetur
2730 739 2859 781 cum
2889 739 2978 780 eo.

2212 818 2377 873 Vsus.
2414 815 2502 883 14,
2538 813 2626 869 15.
2666 830 2684 864 ι
2731 812 2795 867 Ει
2828 812 2945 867 haec
2982 819 3066 868 est
3100 809 3294 866 fiducia
3316 849 3332 875 ,
3361 823 3526 879 quam
3556 808 3726 864 habe-

2141 925 2265 968 mus
2292 908 2358 964 ad
2392 907 2582 972 Deum,
2619 905 2746 975 quia
2785 904 3045 974 quidquid
3079 903 3396 973 petierimus
3422 902 3727 959 secundum

2142 998 2476 1053 voluntatem
2520 994 2651 1058 Dei,
2683 993 2867 1049 audiet
2911 1008 3030 1050 nos.
3075 994 3140 1048 Et
3182 993 3426 1058 scimus,
3474 994 3732 1065 quoniam

2145 1090 2327 1144 audiet
2354 1101 2485 1153 nos,
2516 1086 2776 1157 quidquid
2821 1085 3156 1156 petierimus.
3198 1082 3436 1151 Scimus,
3466 1085 3724 1155 quoniam

2145 1180 2407 1236 habemus
2436 1178 2724 1248 petitiones
2743 1217 2759 1244 ,
2790 1192 2925 1246 quas
2954 1177 3243 1246 petivimus
3277 1180 3346 1232 ab
3367 1190 3452 1233 eo.
3492 1195 3511 1229 ι

2219 1270 2322 1339 Qui
2347 1270 2720 1340 experimento
2742 1268 2876 1322 artis
2899 1277 3225 1339 agnoscunt,
3253 1267 3527 1338 quomodo
3552 1266 3736 1337 operis

2148 1361 2376 1430 alicujus
2404 1375 2632 1432 quaeque
2664 1358 2974 1415 necessaria
3021 1358 3392 1430 corriguntur,
3440 1372 3593 1429 spem
3629 1358 3725 1413 ha-

2148 1457 2279 1510 bent
2303 1453 2564 1523 optimam
2586 1492 2601 1516 ,
2632 1461 2716 1518 ut,
2750 1451 2875 1506 dum
2912 1464 3051 1521 opus
3078 1449 3263 1520 fuerit,
3296 1450 3410 1505 haec
3438 1450 3735 1520 adimplere

2150 1545 2379 1618 possint.
2405 1543 2541 1611 Quia
2566 1543 2729 1615 igitur
2752 1542 2915 1598 etiam
2942 1542 3087 1598 sacri
3117 1541 3242 1607 viri,
3274 1540 3536 1608 Joannes,
3567 1552 3622 1596 et
3643 1543 3735 1613 qui

2152 1645 2274 1693 cum
2297 1651 2361 1694 eo
2384 1635 2608 1708 apostoli
2640 1635 2773 1706 ipsis
2801 1636 3068 1705 operibus
3094 1644 3455 1707 agnoverunt,
3481 1636 3736 1706 quoniam

2153 1731 2348 1787 crebro
2386 1731 2719 1798 postulantes
2752 1728 2920 1784 Deum
2944 1768 2959 1795 ,
2993 1728 3139 1800 quod
3178 1730 3228 1784 ei
3272 1739 3416 1786 esset
3443 1737 3656 1800 gratum
3683 1737 3742 1782 ct

2081 1803 2127 1859 Β
2159 1820 2486 1892 acceptabile
2506 1861 2523 1886 ,
2548 1829 2938 1892 perceperunt,
2967 1828 3336 1888 praesumunt,
3367 1820 3494 1889 quia
3525 1820 3745 1891 quoties

2159 1914 2232 1970 ita
2267 1914 2542 1985 petierint,
2579 1928 2699 1984 quae
2722 1914 2966 1981 cupiunt,
3000 1912 3111 1968 Deo
3140 1922 3416 1968 annuente
3450 1915 3748 1969 merebun-

2159 2017 2267 2063 tur.
2308 2005 2643 2062 Habentibus
2690 2005 2835 2060 enim
2871 2004 3156 2060 scientiam
3200 2002 3748 2059 munificentissimus

2158 2107 2217 2154 et
2256 2096 2595 2169 largissimus
2621 2097 2764 2152 Deus
2786 2105 2894 2162 est,
2921 2104 2976 2151 et
3004 2095 3295 2165 petitiones
3321 2094 3623 2151 secundum
3649 2109 3751 2150 voc

2159 2186 2421 2243 luntatem
2457 2201 2612 2244 suam
2646 2186 2860 2241 habitas
2899 2183 3145 2241 conferet
3175 2202 3191 2241 :
3224 2183 3451 2239 multam
3483 2183 3748 2241 ﬁduciam

2159 2285 2524 2348 conceperuut
2551 2276 2691 2347 apud
2720 2290 2879 2343 eum,
2908 2286 3165 2345 tanquam
3198 2275 3294 2330 filii
3327 2275 3471 2347 apud
3509 2285 3752 2346 patrem.

2161 2369 2501 2438 Quapropter
2533 2366 2812 2423 confidunt
2844 2381 2905 2422 se
2950 2367 3231 2437 percipere
3283 2381 3380 2436 pro
3414 2366 3614 2437 quibus
3649 2381 3754 2422 ro-

2160 2468 2341 2532 gatur,
2392 2468 2543 2516 certe
2596 2459 2862 2524 scientes,
2915 2458 3175 2526 quoniam
3228 2458 3377 2514 audit
3433 2472 3568 2523 eos,
3625 2473 3755 2513 eum

2162 2550 2410 2621 praestari
2439 2549 2540 2605 sibi
2578 2557 2829 2620 poscunt,
2866 2564 2991 2619 qua:
3026 2548 3103 2604 illi
3141 2559 3296 2619 grata
3330 2558 3650 2605 noscuntur.
3686 2549 3760 2604 Et

2164 2642 2248 2699 his
2302 2642 2482 2711 itaque
2514 2642 2998 2706 demonstrabitur,
3039 2640 3183 2710 quod
3235 2654 3266 2694 a
3319 2639 3645 2710 quibusdam
3682 2641 3758 2695 ad

2163 2734 2514 2804 quaestionem
2547 2732 2728 2797 venit,
2764 2746 3003 2801 quonam
3038 2732 3201 2787 modo
3247 2746 3438 2786 verum
3486 2732 3557 2786 sit
3608 2733 3758 2802 quod

2164 2826 2365 2881 dictum
2411 2834 2543 2879 est:
2605 2842 2626 2877 ι
2671 2824 2861 2880 Omnis
2913 2824 3005 2894 qui
3047 2825 3182 2893 petit
3218 2824 3416 2893 accipit
3445 2824 3513 2890 ⁷⁵,
3549 2843 3568 2876 ι
3621 2826 3757 2880 dum

2164 2914 2281 2969 haec
2318 2913 2614 2985 propositio
2638 2913 2933 2983 generalis,
2964 2931 2984 2965 ι
3020 2914 3221 2982 omnis,
3243 2930 3263 2965 ι
3292 2914 3538 2970 absolute
3579 2915 3761 2970 conti-

2165 3010 2295 3059 neat
2332 3001 2497 3056 etiam
2528 3016 2655 3067 eos,
2708 3003 2802 3073 qui
2858 3018 2965 3058 non
3021 3002 3172 3059 utilia
3207 3005 3592 3075 deprecantur.
3640 3003 3756 3061 Sed

2166 3108 2260 3151 eos
2289 3097 2663 3151 tantummodo
2698 3096 2989 3163 continet,
3040 3097 3136 3165 qui
3185 3099 3480 3155 secundum
3531 3101 3626 3156 Dei
3658 3116 3763 3157 vo-

2169 3187 2433 3243 luntatem
2463 3187 2669 3257 aliquid
2694 3196 2908 3257 petunt.
2938 3187 3065 3245 haec
3095 3189 3281 3260 itaque
3310 3189 3505 3247 liducia
3537 3193 3766 3248 habebit

2169 3278 2550 3349 inculpabilem
2602 3280 2878 3336 actionem
2927 3290 2983 3336 et
3032 3283 3544 3353 contemplationem
3594 3284 3765 3352 vitae,

2169 3372 2310 3442 quod
2339 3382 2516 3442 potest
2541 3386 2768 3442 perraro
2797 3373 3133 3444 contingere.
3161 3373 3315 3431 Unde
3340 3377 3603 3445 scriptum
3633 3385 3722 3433 est
3748 3395 3765 3432 :

2169 3463 2302 3531 Quis
2325 3463 2645 3534 gloriabitur
2665 3472 2874 3520 castum
2897 3479 2956 3520 se
2978 3464 3179 3520 habere
3208 3478 3302 3520 cor
3326 3465 3407 3530 ";
3442 3474 3535 3520 ct:
3569 3483 3588 3517 ι
3619 3466 3764 3534 Quis

2171 3555 2425 3612 fiduciam
2471 3555 2727 3621 habebit,
2768 3555 2895 3625 quia
2944 3555 3176 3612 mundus
3222 3556 3293 3611 sit
3338 3570 3369 3609 a
3426 3556 3689 3625 peccato?
3738 3578 3760 3612 ι

2172 3645 2336 3702 Pauci
2372 3660 2607 3717 namque
2656 3656 2786 3702 sunt
2844 3647 2899 3702 in
2927 3646 3030 3702 hac
3064 3648 3263 3704 virtute
3298 3648 3579 3719 degentes.
3608 3647 3768 3706 Unus

2172 3737 2303 3792 dicit
2340 3752 2352 3789 :
2396 3755 2417 3789 ι
2466 3736 2526 3791 Si
2578 3737 2919 3806 iniquitatem
2956 3738 3258 3808 cogitabam
3299 3739 3354 3794 in
3409 3742 3574 3796 corde
3606 3756 3764 3808 meo,

2172 3844 2282 3885 non
2311 3829 2569 3884 exaudiat
2599 3828 2861 3885 Dominus
2885 3830 2957 3895 ”,
2989 3848 3009 3881 ι
3050 3831 3101 3885 id
3132 3839 3249 3898 est,
3280 3832 3539 3902 quoniam
3564 3834 3765 3905 iniqui-

2176 3928 2339 3973 tatem
2378 3933 2483 3973 nou
2525 3920 2749 3989 cognovi
2792 3919 2844 3973 in
2876 3920 3039 3976 corde
3074 3937 3195 3977 meo
3226 3938 3240 3975 :
3280 3924 3426 3992 quod
3469 3933 3649 3978 tamen
3678 3924 3767 3978 di-

2173 4022 2298 4063 cere
2333 4023 2437 4064 non
2469 4010 2851 4079 praesumpsit,
2890 4024 2957 4064 ne
2996 4025 3260 4082 arrogans
3286 4028 3407 4069 esse
3455 4024 3761 4084 putaretur,

2173 4102 2472 4179 secundum
2508 4115 2665 4166 eum,
2702 4103 2790 4169 qui
2847 4102 2982 4156 dixit
3018 4121 3032 4158 :
3086 4121 3105 4155 ι
3151 4103 3293 4159 Nihil
3343 4105 3471 4161 mibi
3508 4107 3767 4163 conscius

2174 4206 2329 4257 sum;
2360 4191 2453 4246 sed
2482 4207 2587 4247 non
2620 4192 2674 4247 in
2701 4191 3148 4263 hocjustiflcatus
3176 4211 3295 4252 sum
3321 4197 3391 4252 ⁷⁸.
3422 4217 3442 4249 ι
3476 4197 3571 4253 His
3595 4200 3767 4254 etiam

2175 4283 2424 4338 similiter
2453 4284 2855 4355 percipiendum
2887 4297 2965 4341 est
3013 4287 3141 4342 illud
3180 4307 3192 4343 :
3233 4307 3252 4341 ι
3290 4290 3347 4346 Si
3389 4304 3486 4347 cor
3520 4302 3767 4346 neatrum

2175 4388 2284 4427 non
2345 4376 2754 4442 reprehenderit
2807 4393 2941 4447 nos,
2997 4379 3252 4436 fiduciam
3309 4382 3573 4440 habemus
3620 4384 3770 4453 apud

2178 4465 2345 4522 Deum
2370 4467 2436 4520 τ’.
2466 4485 2485 4519 ι

2255 4558 2419 4614 Vens.
2462 4559 2546 4614 18.
2594 4578 2613 4612 ι
2663 4559 2879 4618 Scimus
2927 4565 3185 4633 quoniam
3224 4566 3432 4631 omnis,
3483 4566 3574 4636 qui
3609 4578 3770 4625 natus

2176 4657 2259 4702 est
2290 4664 2355 4703 ex
2389 4648 2522 4715 Deo,
2561 4665 2669 4706 non
2702 4661 2924 4722 peccat;
2960 4657 3053 4709 sed
3081 4656 3174 4724 qui
3208 4666 3368 4711 natus
3396 4665 3478 4712 est
3509 4671 3577 4711 ex
3616 4656 3765 4723 Deo,

2174 4753 2357 4795 servat
2384 4741 2764 4813 semetipsum,
2793 4754 2845 4799 et
2880 4748 3151 4817 malignus
3184 4763 3289 4803 non
3324 4749 3494 4817 tangit
3516 4762 3663 4802 eum.
3700 4768 3720 4800 ι

2250 4831 2536 4897 Quoniam,
2565 4833 2657 4902 qui
2682 4836 2924 4889 nascitur
2947 4853 3011 4891 ex
3042 4839 3172 4903 Deo,
3201 4853 3387 4893 semen
3415 4836 3534 4904 ejus
3556 4837 3768 4895 habcus

2174 4919 2228 4972 in
2260 4921 2569 4991 semetipso,
2600 4939 2823 4994 peccare
2864 4943 2966 4980 non
3009 4936 3223 4995 potest:
3259 4927 3386 4980 dum
3426 4927 3529 4983 hoc
3561 4930 3754 4997 primi-

2176 5102 2319 5171 quod
2351 5118 2456 5158 non
2489 5117 2704 5174 peccat,
2734 5108 2827 5174 qui
2866 5117 3028 5160 natus
3061 5117 3147 5160 est
3177 5123 3246 5163 ex
3279 5110 3410 5165 Deo.
3452 5130 3472 5163 ι

2175 5190 2238 5243 Εἰ
2268 5192 2378 5263 γὰρ
2425 5196 2490 5247 ἐκ
2529 5194 2622 5247 τοῦ
2664 5198 2834 5248 ποιεῖν
2865 5195 2948 5248 δι·
3028 5198 3085 5252 Si
3120 5201 3298 5267 enim,
3334 5201 3579 5258 faciendo
3608 5202 3766 5273 justi-

567 5327 616 5360 "
656 5325 845 5381 Matth.
882 5339 985 5391 vlt,
1017 5323 1072 5377 8.
1147 5324 1193 5356 "
1229 5322 1388 5380 Prov.
1429 5340 1522 5389 xx,
1570 5324 1626 5379 9.
1700 5325 1744 5357 "
1776 5322 1919 5380 Psal.
1951 5328 2171 5396 umis.
2245 5332 2294 5365 "
2328 5332 2344 5388 Ι
2384 5333 2509 5389 Cor.
2544 5350 2618 5402 tv,
2660 5335 2712 5389 4.
2789 5336 2834 5368 ⁷⁵
2872 5336 2889 5391 l
2924 5336 3077 5393 Joan.
3124 5356 3211 5407 ιιι,
3248 5340 3339 5398 2|,

570 5465 684 5535 (7i)
703 5463 923 5533 Corrige
944 5478 1008 5518 ex
1039 5461 1244 5518 Grmcis
1275 5466 1648 5533 experimento.
1683 5463 1826 5527 Mox,
1853 5466 1897 5521 si
1932 5466 2077 5523 Gneo

500 5551 563 5609 ea
590 5535 856 5603 sequeris,
894 5535 1266 5609 corrigendum
1320 5546 1426 5602 est,
1485 5551 1822 5603 cognoscens,
1855 5551 2070 5609 nempe,

501 5605 732 5660 Joannes
755 5613 943 5660 auctor
965 5605 1234 5673 Epistolas.

578 5673 687 5746 (ἷέ)
720 5676 1115 5746 Sententiarum
1151 5675 1201 5727 itt
1242 5675 1343 5729 hoc
1385 5674 1620 5741 scholia,
1653 5685 1711 5729 ut
1754 5678 1894 5746 apud
1937 5679 2071 5733 Mat-

504 5742 721 5821 tlzmium
759 5745 970 5821 legitur,
1003 5745 1143 5799 male
1171 5748 1437 5799 turbatam
1473 5748 1678 5821 seriem
1706 5747 1768 5821 in;
1790 5742 1943 5821 eum,
1974 5752 2065 5820 qui

506 5812 751 5866 versione
789 5812 982 5868 Latina
1012 5824 1362 5878 monstratur,
1390 5816 1635 5871 ordinem
1680 5819 1880 5887 redegi.

2254 5474 2368 5545 (73)
2419 5475 2495 5530 Es
2529 5480 2859 5534 auctoritate
2901 5483 3168 5537 versionis
3210 5481 3415 5539 Latinae
3456 5483 3766 5541 rescriben-

2178 5543 2308 5653 ἒῖιιιιι
2352 5543 2475 5631 esse
2528 5560 2657 5617 puto
2712 5551 2944 5623 ὑπάρξει
2990 5554 3050 5605 τὸ
3094 5554 3236 5606 οῧ.ω
3276 5558 3549 5628 προκόψαι
3585 5555 3763 5609 πίστει

2180 5632 2416 5667 -νεογει.

2180 5634 2416 5669 ενεογει.

2249 5633 2720 5763 ῗὲιῖῑιξιιεοῃιηίιιε
2752 5690 2953 5745 dictum
2997 5707 3092 5760 pro
3123 5694 3492 5763 πιστεύοντες.

2245 5755 2360 5827 (75)
2402 5758 2476 5812 Ex
2510 5759 2714 5816 ϐιηθεὶς
2749 5764 2957 5833 corrige
2985 5755 3167 5831 quam.
