  <div class='ocr_page' id='page_1' title='image "/cluster/home/n/w/nwhite01/storage/ocr_20150623/39/mdp.39015010572892/908.png"; bbox 0 0 4118 6430; ppageno 0'>
   <div class='ocr_carea' id='block_1_1' title="bbox 458 375 598 431">
    <p class='ocr_par' dir='ltr' id='par_1_1' title="bbox 458 375 598 431">
     <span class='ocr_line' id='line_1_1' title="bbox 458 375 598 431; baseline 0.021 -3"><span class='ocrx_word' id='word_1_1' title='bbox 458 375 598 431; x_wconf 70' lang='grc' dir='ltr'><strong>18ῧ5</strong></span> 
     </span>
    </p>
   </div>
   <div class='ocr_carea' id='block_1_2' title="bbox 453 490 1209 565">
    <p class='ocr_par' dir='ltr' id='par_1_2' title="bbox 453 490 1209 565">
     <span class='ocr_line' id='line_1_2' title="bbox 453 490 1209 565; baseline 0.016 -23"><span class='ocrx_word' id='word_1_2' title='bbox 453 490 749 564; x_wconf 67' lang='lat' dir='ltr'><strong>uncatiqu</strong></span> <span class='ocrx_word' id='word_1_3' title='bbox 777 494 889 565; x_wconf 81' lang='grc' dir='ltr'>ἔχει</span> <span class='ocrx_word' id='word_1_4' title='bbox 927 498 988 552; x_wconf 80' lang='grc' dir='ltr'>τὸ</span> <span class='ocrx_word' id='word_1_5' title='bbox 1016 500 1079 553; x_wconf 76' lang='grc' dir='ltr'>ἐκ</span> <span class='ocrx_word' id='word_1_6' title='bbox 1113 500 1209 556; x_wconf 78' lang='grc' dir='ltr'>τοῦ</span> 
     </span>
    </p>
   </div>
   <div class='ocr_carea' id='block_1_3' title="bbox 451 581 1210 669">
    <p class='ocr_par' dir='ltr' id='par_1_3' title="bbox 451 581 1210 669">
     <span class='ocr_line' id='line_1_3' title="bbox 451 581 1210 669; baseline 0.018 -35"><span class='ocrx_word' id='word_1_7' title='bbox 451 581 586 636; x_wconf 78' lang='grc' dir='ltr'>Θεοῦ</span> <span class='ocrx_word' id='word_1_8' title='bbox 616 581 777 652; x_wconf 72' lang='grc' dir='ltr'>εἶναι,</span> <span class='ocrx_word' id='word_1_9' title='bbox 803 590 919 661; x_wconf 81' lang='grc' dir='ltr'><strong>ἅμα</strong></span> <span class='ocrx_word' id='word_1_10' title='bbox 943 593 1000 645; x_wconf 76' lang='grc' dir='ltr'><strong>δὲ</strong></span> <span class='ocrx_word' id='word_1_11' title='bbox 1026 596 1210 669; x_wconf 68' lang='grc' dir='ltr'>ἁμαρ-</span> 
     </span>
    </p>
   </div>
   <div class='ocr_carea' id='block_1_4' title="bbox 450 674 1212 741">
    <p class='ocr_par' dir='ltr' id='par_1_4' title="bbox 450 674 1212 741">
     <span class='ocr_line' id='line_1_4' title="bbox 450 674 1212 741; baseline 0.021 -15"><span class='ocrx_word' id='word_1_12' title='bbox 450 674 634 728; x_wconf 81' lang='grc' dir='ltr'>τὰνειν</span> <span class='ocrx_word' id='word_1_13' title='bbox 666 680 760 732; x_wconf 81' lang='grc' dir='ltr'>καὶ</span> <span class='ocrx_word' id='word_1_14' title='bbox 799 686 973 738; x_wconf 82' lang='grc' dir='ltr'>ποιεῖν</span> <span class='ocrx_word' id='word_1_15' title='bbox 1008 686 1212 741; x_wconf 79' lang='grc' dir='ltr'>δικαιο-</span> 
     </span>
    </p>
   </div>
   <div class='ocr_carea' id='block_1_5' title="bbox 453 765 1210 850">
    <p class='ocr_par' dir='ltr' id='par_1_5' title="bbox 453 765 1210 850">
     <span class='ocr_line' id='line_1_5' title="bbox 453 765 1210 850; baseline 0.024 -34"><span class='ocrx_word' id='word_1_16' title='bbox 453 765 618 835; x_wconf 76' lang='grc' dir='ltr'>σύνην</span> <span class='ocrx_word' id='word_1_17' title='bbox 648 768 928 837; x_wconf 80' lang='grc' dir='ltr'>ἀδύνατον,</span> <span class='ocrx_word' id='word_1_18' title='bbox 979 779 1210 850; x_wconf 83' lang='grc' dir='ltr'>φανερὸν</span> 
     </span>
    </p>
   </div>
   <div class='ocr_carea' id='block_1_6' title="bbox 449 857 1208 942">
    <p class='ocr_par' dir='ltr' id='par_1_6' title="bbox 449 857 1208 942">
     <span class='ocr_line' id='line_1_6' title="bbox 449 857 1208 942; baseline 0.021 -31"><span class='ocrx_word' id='word_1_19' title='bbox 449 857 582 928; x_wconf 79' lang='grc' dir='ltr'>ἄρα,</span> <span class='ocrx_word' id='word_1_20' title='bbox 603 862 683 915; x_wconf 83' lang='grc' dir='ltr'>ὃτι</span> <span class='ocrx_word' id='word_1_21' title='bbox 704 863 844 918; x_wconf 78' lang='grc' dir='ltr'>οὕτω</span> <span class='ocrx_word' id='word_1_22' title='bbox 870 868 1208 942; x_wconf 82' lang='grc' dir='ltr'><strong>διακείμενος</strong></span> 
     </span>
    </p>
   </div>
   <div class='ocr_carea' id='block_1_7' title="bbox 449 949 1207 1028">
    <p class='ocr_par' dir='ltr' id='par_1_7' title="bbox 449 949 1207 1028">
     <span class='ocr_line' id='line_1_7' title="bbox 449 949 1207 1028; baseline 0.029 -29"><span class='ocrx_word' id='word_1_23' title='bbox 449 949 548 1019; x_wconf 86' lang='grc' dir='ltr'><strong>οὐχ</strong></span> <span class='ocrx_word' id='word_1_24' title='bbox 644 955 971 1028; x_wconf 76' lang='grc' dir='ltr'><strong>ἁμαρτάνει.</strong></span> <span class='ocrx_word' id='word_1_25' title='bbox 1076 964 1207 1020; x_wconf 80' lang='grc' dir='ltr'>Εἶτα</span> 
     </span>
    </p>
   </div>
   <div class='ocr_carea' id='block_1_8' title="bbox 448 1040 1208 1127">
    <p class='ocr_par' dir='ltr' id='par_1_8' title="bbox 448 1040 1208 1127">
     <span class='ocr_line' id='line_1_8' title="bbox 448 1040 1208 1127; baseline 0.026 -35"><span class='ocrx_word' id='word_1_26' title='bbox 448 1040 896 1116; x_wconf 79' lang='grc' dir='ltr'>ἀσφαλιζόμενος,</span> <span class='ocrx_word' id='word_1_27' title='bbox 923 1054 1000 1117; x_wconf 84' lang='grc' dir='ltr'><strong>ὡς</strong></span> <span class='ocrx_word' id='word_1_28' title='bbox 1026 1057 1086 1109; x_wconf 81' lang='grc' dir='ltr'><strong>οὐ</strong></span> <span class='ocrx_word' id='word_1_29' title='bbox 1113 1059 1208 1127; x_wconf 82' lang='grc' dir='ltr'><strong>φύ-</strong></span> 
     </span>
    </p>
   </div>
   <div class='ocr_carea' id='block_1_9' title="bbox 449 1138 1207 1219">
    <p class='ocr_par' dir='ltr' id='par_1_9' title="bbox 449 1138 1207 1219">
     <span class='ocr_line' id='line_1_9' title="bbox 449 1138 1207 1219; baseline 0.025 -33"><span class='ocrx_word' id='word_1_30' title='bbox 449 1148 533 1187; x_wconf 86' lang='grc' dir='ltr'><strong>σει</strong></span> <span class='ocrx_word' id='word_1_31' title='bbox 612 1138 761 1193; x_wconf 78' lang='grc' dir='ltr'>ἐστὶν</span> <span class='ocrx_word' id='word_1_32' title='bbox 830 1144 860 1195; x_wconf 80' lang='grc' dir='ltr'><strong>ὁ</strong></span> <span class='ocrx_word' id='word_1_33' title='bbox 923 1146 1207 1219; x_wconf 80' lang='grc' dir='ltr'>ἄνθρωπος</span> 
     </span>
    </p>
   </div>
   <div class='ocr_carea' id='block_1_10' title="bbox 446 1230 1207 1309">
    <p class='ocr_par' dir='ltr' id='par_1_10' title="bbox 446 1230 1207 1309">
     <span class='ocr_line' id='line_1_10' title="bbox 446 1230 1207 1309; baseline 0.025 -30"><span class='ocrx_word' id='word_1_34' title='bbox 446 1230 565 1293; x_wconf 79' lang='grc' dir='ltr'>υἱὸς</span> <span class='ocrx_word' id='word_1_35' title='bbox 611 1231 765 1297; x_wconf 78' lang='grc' dir='ltr'>Θεοῦ,</span> <span class='ocrx_word' id='word_1_36' title='bbox 812 1238 1087 1309; x_wconf 83' lang='grc' dir='ltr'><strong>ἁρμοδίως</strong></span> <span class='ocrx_word' id='word_1_37' title='bbox 1114 1244 1207 1298; x_wconf 76' lang='grc' dir='ltr'><strong>ἔπ-</strong></span> 
     </span>
    </p>
   </div>
   <div class='ocr_carea' id='block_1_11' title="bbox 442 1319 1202 1401">
    <p class='ocr_par' dir='ltr' id='par_1_11' title="bbox 442 1319 1202 1401">
     <span class='ocr_line' id='line_1_11' title="bbox 442 1319 1202 1401; baseline 0 -12"><span class='ocrx_word' id='word_1_38' title='bbox 442 1319 670 1389; x_wconf 78' lang='grc' dir='ltr'>ἠγαγεν-</span> <span class='ocrx_word' id='word_1_39' title='bbox 699 1342 719 1376; x_wconf 70' lang='grc' dir='ltr'><em>α</em></span> <span class='ocrx_word' id='word_1_40' title='bbox 752 1326 1202 1401; x_wconf 76' lang='grc' dir='ltr'><strong>ἀλλὰτηρείἑαυ-</strong></span> 
     </span>
    </p>
   </div>
   <div class='ocr_carea' id='block_1_12' title="bbox 441 1408 1202 1493">
    <p class='ocr_par' dir='ltr' id='par_1_12' title="bbox 441 1408 1202 1493">
     <span class='ocr_line' id='line_1_12' title="bbox 441 1408 1202 1493; baseline 0.028 -34"><span class='ocrx_word' id='word_1_41' title='bbox 441 1408 555 1471; x_wconf 77' lang='grc' dir='ltr'>τὸν,</span> <span class='ocrx_word' id='word_1_42' title='bbox 573 1413 668 1465; x_wconf 69' lang='grc' dir='ltr'>καὶ</span> <span class='ocrx_word' id='word_1_43' title='bbox 686 1415 715 1467; x_wconf 83' lang='grc' dir='ltr'><strong>ὀ</strong></span> <span class='ocrx_word' id='word_1_44' title='bbox 729 1421 966 1488; x_wconf 80' lang='grc' dir='ltr'>πονηρὸς</span> <span class='ocrx_word' id='word_1_45' title='bbox 975 1423 1074 1493; x_wconf 83' lang='grc' dir='ltr'><strong>οὐχ</strong></span> <span class='ocrx_word' id='word_1_46' title='bbox 1095 1425 1202 1479; x_wconf 80' lang='grc' dir='ltr'><strong>ἃπ-</strong></span> 
     </span>
    </p>
   </div>
   <div class='ocr_carea' id='block_1_13' title="bbox 440 1507 1202 1587">
    <p class='ocr_par' dir='ltr' id='par_1_13' title="bbox 440 1507 1202 1587">
     <span class='ocr_line' id='line_1_13' title="bbox 440 1507 1202 1587; baseline 0.028 -35"><span class='ocrx_word' id='word_1_47' title='bbox 440 1516 594 1556; x_wconf 79' lang='grc' dir='ltr'>τεται</span> <span class='ocrx_word' id='word_1_48' title='bbox 626 1507 809 1562; x_wconf 79' lang='grc' dir='ltr'>αὑτοῦ.</span> <span class='ocrx_word' id='word_1_49' title='bbox 837 1529 857 1562; x_wconf 72' lang='grc' dir='ltr'><strong>ι</strong></span> <span class='ocrx_word' id='word_1_50' title='bbox 891 1513 951 1565; x_wconf 75' lang='lat' dir='ltr'><strong>Et</strong></span> <span class='ocrx_word' id='word_1_51' title='bbox 977 1517 1084 1587; x_wconf 82' lang='grc' dir='ltr'><strong>γὰρ</strong></span> <span class='ocrx_word' id='word_1_52' title='bbox 1113 1517 1202 1573; x_wconf 85' lang='grc' dir='ltr'><strong>διὰ</strong></span> 
     </span>
    </p>
   </div>
   <div class='ocr_carea' id='block_1_14' title="bbox 439 1599 1204 1679">
    <p class='ocr_par' dir='ltr' id='par_1_14' title="bbox 439 1599 1204 1679">
     <span class='ocr_line' id='line_1_14' title="bbox 439 1599 1204 1679; baseline 0.025 -30"><span class='ocrx_word' id='word_1_53' title='bbox 439 1599 599 1652; x_wconf 74' lang='grc' dir='ltr'>τοῦτο</span> <span class='ocrx_word' id='word_1_54' title='bbox 619 1603 647 1654; x_wconf 84' lang='grc'>6</span> <span class='ocrx_word' id='word_1_55' title='bbox 670 1606 903 1677; x_wconf 76' lang='grc' dir='ltr'>πονηρὸς</span> <span class='ocrx_word' id='word_1_56' title='bbox 922 1610 1018 1679; x_wconf 80' lang='grc' dir='ltr'>οὐχ</span> <span class='ocrx_word' id='word_1_57' title='bbox 1042 1613 1204 1667; x_wconf 80' lang='grc' dir='ltr'>ἄπτε-</span> 
     </span>
    </p>
   </div>
   <div class='ocr_carea' id='block_1_15' title="bbox 438 1694 1200 1758">
    <p class='ocr_par' dir='ltr' id='par_1_15' title="bbox 438 1694 1200 1758">
     <span class='ocr_line' id='line_1_15' title="bbox 438 1694 1200 1758; baseline 0.022 -16"><span class='ocrx_word' id='word_1_58' title='bbox 438 1706 526 1743; x_wconf 81' lang='grc' dir='ltr'><strong>ται</strong></span> <span class='ocrx_word' id='word_1_59' title='bbox 566 1694 729 1747; x_wconf 76' lang='grc' dir='ltr'>αὐτοῦ</span> <span class='ocrx_word' id='word_1_60' title='bbox 752 1736 766 1756; x_wconf 86' lang='grc'><strong>,</strong></span> <span class='ocrx_word' id='word_1_61' title='bbox 800 1698 900 1751; x_wconf 71' lang='grc' dir='ltr'><strong>οὐκ</strong></span> <span class='ocrx_word' id='word_1_62' title='bbox 934 1702 997 1753; x_wconf 76' lang='grc' dir='ltr'><strong>ἐκ</strong></span> <span class='ocrx_word' id='word_1_63' title='bbox 1030 1720 1200 1758; x_wconf 86' lang='grc' dir='ltr'>κατα-</span> 
     </span>
    </p>
   </div>
   <div class='ocr_carea' id='block_1_16' title="bbox 440 1787 1197 1866">
    <p class='ocr_par' dir='ltr' id='par_1_16' title="bbox 440 1787 1197 1866">
     <span class='ocr_line' id='line_1_16' title="bbox 440 1787 1197 1866; baseline 0.018 -34"><span class='ocrx_word' id='word_1_64' title='bbox 440 1787 644 1854; x_wconf 81' lang='grc' dir='ltr'>σκευῆς</span> <span class='ocrx_word' id='word_1_65' title='bbox 657 1827 671 1849; x_wconf 88' lang='grc'><strong>,</strong></span> <span class='ocrx_word' id='word_1_66' title='bbox 735 1787 870 1843; x_wconf 77' lang='grc' dir='ltr'>ἀλλὰ</span> <span class='ocrx_word' id='word_1_67' title='bbox 921 1795 1197 1866; x_wconf 77' lang='grc' dir='ltr'>προσοχῆς</span> 
     </span>
    </p>
   </div>
   <div class='ocr_carea' id='block_1_17' title="bbox 436 1872 1141 1955">
    <p class='ocr_par' dir='ltr' id='par_1_17' title="bbox 436 1872 1141 1955">
     <span class='ocr_line' id='line_1_17' title="bbox 436 1872 1141 1955; baseline 0.02 -28"><span class='ocrx_word' id='word_1_68' title='bbox 436 1872 550 1946; x_wconf 72' lang='grc' dir='ltr'>ἔχει</span> <span class='ocrx_word' id='word_1_69' title='bbox 579 1878 639 1930; x_wconf 71' lang='grc' dir='ltr'>τὸ</span> <span class='ocrx_word' id='word_1_70' title='bbox 672 1880 745 1949; x_wconf 76' lang='grc' dir='ltr'><strong>μὴ</strong></span> <span class='ocrx_word' id='word_1_71' title='bbox 787 1883 1141 1955; x_wconf 74' lang='grc' dir='ltr'><strong>ἁμαρτάνειν.</strong></span> 
     </span>
    </p>
   </div>
   <div class='ocr_carea' id='block_1_18' title="bbox 1374 385 2825 460">
    <p class='ocr_par' dir='ltr' id='par_1_18' title="bbox 1374 385 2825 460">
     <span class='ocr_line' id='line_1_18' title="bbox 1374 385 2825 460; baseline 0.013 -20"><span class='ocrx_word' id='word_1_72' title='bbox 1374 385 1777 445; x_wconf 75' lang='lat' dir='ltr'><strong>ENARRATIO</strong></span> <span class='ocrx_word' id='word_1_73' title='bbox 1816 388 1882 443; x_wconf 80' lang='lat' dir='ltr'><strong>IN</strong></span> <span class='ocrx_word' id='word_1_74' title='bbox 1924 389 2318 449; x_wconf 82' lang='lat' dir='ltr'><strong>EPISTOLAM</strong></span> <span class='ocrx_word' id='word_1_75' title='bbox 2359 396 2381 451; x_wconf 88' lang='grc' dir='ltr'>ῐ</span> <span class='ocrx_word' id='word_1_76' title='bbox 2421 398 2479 453; x_wconf 92' lang='lat' dir='ltr'><strong>S.</strong></span> <span class='ocrx_word' id='word_1_77' title='bbox 2519 401 2825 460; x_wconf 73' lang='lat' dir='ltr'><strong>JOA‘NNIS.</strong></span> 
     </span>
    </p>
   </div>
   <div class='ocr_carea' id='block_1_19' title="bbox 3579 416 3715 473">
    <p class='ocr_par' dir='ltr' id='par_1_19' title="bbox 3579 416 3715 473">
     <span class='ocr_line' id='line_1_19' title="bbox 3579 416 3715 473; baseline 0.022 -5"><span class='ocrx_word' id='word_1_78' title='bbox 3579 416 3715 473; x_wconf 78' lang='grc'><strong>1806</strong></span> 
     </span>
    </p>
   </div>
   <div class='ocr_carea' id='block_1_20' title="bbox 1285 501 2002 596">
    <p class='ocr_par' dir='ltr' id='par_1_20' title="bbox 1285 501 2002 565">
     <span class='ocr_line' id='line_1_20' title="bbox 1285 501 2002 565; baseline 0.01 -10"><span class='ocrx_word' id='word_1_79' title='bbox 1285 501 1435 565; x_wconf 87' lang='lat' dir='ltr'><strong>tiam,</strong></span> <span class='ocrx_word' id='word_1_80' title='bbox 1464 502 1625 557; x_wconf 84' lang='lat' dir='ltr'><strong>habet</strong></span> <span class='ocrx_word' id='word_1_81' title='bbox 1650 514 1707 558; x_wconf 91' lang='lat' dir='ltr'><strong>ut</strong></span> <span class='ocrx_word' id='word_1_82' title='bbox 1723 505 1793 560; x_wconf 85' lang='lat' dir='ltr'><strong>sit</strong></span> <span class='ocrx_word' id='word_1_83' title='bbox 1815 521 1881 561; x_wconf 78' lang='lat' dir='ltr'><strong>ex</strong></span> <span class='ocrx_word' id='word_1_84' title='bbox 1901 504 2002 562; x_wconf 85' lang='lat' dir='ltr'><strong>Deo</strong></span> 
     </span>
    </p>
   </div>
   <div class='ocr_carea' id='block_1_21' title="bbox 2112 501 3718 596">
    <p class='ocr_par' dir='ltr' id='par_1_21' title="bbox 2137 513 3718 596">
     <span class='ocr_line' id='line_1_21' title="bbox 2137 513 3718 596; baseline 0.012 -30"><span class='ocrx_word' id='word_1_85' title='bbox 2137 513 2166 564; x_wconf 82' lang='grc' dir='ltr'><strong>ὁ</strong></span> <span class='ocrx_word' id='word_1_86' title='bbox 2243 514 2635 588; x_wconf 77' lang='grc' dir='ltr'>εὐαγγελιστὴς</span> <span class='ocrx_word' id='word_1_87' title='bbox 2710 520 2893 574; x_wconf 65' lang='grc' dir='ltr'>ἰωὰνςί</span> <span class='ocrx_word' id='word_1_88' title='bbox 2963 520 3074 577; x_wconf 76' lang='lat' dir='ltr'><strong>dixi</strong></span> <span class='ocrx_word' id='word_1_89' title='bbox 3096 531 3153 579; x_wconf 89' lang='lat' dir='ltr'><strong>et</strong></span> <span class='ocrx_word' id='word_1_90' title='bbox 3178 523 3231 579; x_wconf 88' lang='lat' dir='ltr'><strong>in</strong></span> <span class='ocrx_word' id='word_1_91' title='bbox 3256 524 3358 582; x_wconf 82' lang='lat' dir='ltr'><strong>hac</strong></span> <span class='ocrx_word' id='word_1_92' title='bbox 3378 526 3718 596; x_wconf 83' lang='lat' dir='ltr'><strong>Epistola,et</strong></span> 
     </span>
    </p>
   </div>
   <div class='ocr_carea' id='block_1_22' title="bbox 1283 594 2035 667">
    <p class='ocr_par' dir='ltr' id='par_1_22' title="bbox 1283 594 2035 667">
     <span class='ocr_line' id='line_1_22' title="bbox 1283 594 2035 667; baseline 0.007 -19"><span class='ocrx_word' id='word_1_93' title='bbox 1283 594 1442 648; x_wconf 81' lang='lat' dir='ltr'><strong>simul</strong></span> <span class='ocrx_word' id='word_1_94' title='bbox 1481 604 1660 649; x_wconf 88' lang='lat' dir='ltr'><strong>autem</strong></span> <span class='ocrx_word' id='word_1_95' title='bbox 1689 611 1811 652; x_wconf 89' lang='lat' dir='ltr'><strong>esse</strong></span> <span class='ocrx_word' id='word_1_96' title='bbox 1842 613 2035 667; x_wconf 87' lang='lat' dir='ltr'><strong>pecca-</strong></span> 
     </span>
    </p>
   </div>
   <div class='ocr_carea' id='block_1_23' title="bbox 1285 678 2031 758">
    <p class='ocr_par' dir='ltr' id='par_1_23' title="bbox 1285 678 2031 758">
     <span class='ocr_line' id='line_1_23' title="bbox 1285 678 2031 758; baseline 0.011 -21"><span class='ocrx_word' id='word_1_97' title='bbox 1285 693 1394 739; x_wconf 92' lang='lat' dir='ltr'><strong>tum</strong></span> <span class='ocrx_word' id='word_1_98' title='bbox 1436 695 1489 741; x_wconf 88' lang='lat' dir='ltr'><strong>et</strong></span> <span class='ocrx_word' id='word_1_99' title='bbox 1520 687 1785 755; x_wconf 89' lang='lat' dir='ltr'><strong>justitiam</strong></span> <span class='ocrx_word' id='word_1_100' title='bbox 1827 678 2031 758; x_wconf 79' lang='lat' dir='ltr'><strong>impos-</strong></span> 
     </span>
    </p>
   </div>
   <div class='ocr_carea' id='block_1_24' title="bbox 1281 778 2033 852">
    <p class='ocr_par' dir='ltr' id='par_1_24' title="bbox 1281 778 2033 852">
     <span class='ocr_line' id='line_1_24' title="bbox 1281 778 2033 852; baseline 0.004 -20"><span class='ocrx_word' id='word_1_101' title='bbox 1281 778 1436 832; x_wconf 88' lang='lat' dir='ltr'><strong>sibile</strong></span> <span class='ocrx_word' id='word_1_102' title='bbox 1463 788 1545 834; x_wconf 88' lang='lat' dir='ltr'><strong>est</strong></span> <span class='ocrx_word' id='word_1_103' title='bbox 1570 798 1583 833; x_wconf 94' lang='lat'>:</span> <span class='ocrx_word' id='word_1_104' title='bbox 1614 780 1790 847; x_wconf 85' lang='lat' dir='ltr'><strong>palam</strong></span> <span class='ocrx_word' id='word_1_105' title='bbox 1818 791 1901 835; x_wconf 89' lang='lat' dir='ltr'><strong>est</strong></span> <span class='ocrx_word' id='word_1_106' title='bbox 1934 783 2033 852; x_wconf 83' lang='lat' dir='ltr'><strong>igi-</strong></span> 
     </span>
    </p>
   </div>
   <div class='ocr_carea' id='block_1_25' title="bbox 1284 872 2030 943">
    <p class='ocr_par' dir='ltr' id='par_1_25' title="bbox 1284 872 2030 943">
     <span class='ocr_line' id='line_1_25' title="bbox 1284 872 2030 943; baseline 0.009 -18"><span class='ocrx_word' id='word_1_107' title='bbox 1284 880 1391 935; x_wconf 87' lang='lat' dir='ltr'><strong>tur,</strong></span> <span class='ocrx_word' id='word_1_108' title='bbox 1441 872 1583 941; x_wconf 89' lang='lat' dir='ltr'><strong>quod</strong></span> <span class='ocrx_word' id='word_1_109' title='bbox 1629 874 1754 926; x_wconf 90' lang='lat' dir='ltr'><strong>dum</strong></span> <span class='ocrx_word' id='word_1_110' title='bbox 1790 876 1871 929; x_wconf 89' lang='lat' dir='ltr'><strong>sic</strong></span> <span class='ocrx_word' id='word_1_111' title='bbox 1896 891 2030 943; x_wconf 89' lang='lat' dir='ltr'><strong>ope-</strong></span> 
     </span>
    </p>
   </div>
   <div class='ocr_carea' id='block_1_26' title="bbox 1278 964 2030 1034">
    <p class='ocr_par' dir='ltr' id='par_1_26' title="bbox 1278 964 2030 1034">
     <span class='ocr_line' id='line_1_26' title="bbox 1278 964 2030 1034; baseline 0.011 -19"><span class='ocrx_word' id='word_1_112' title='bbox 1278 971 1431 1016; x_wconf 81' lang='lat' dir='ltr'><strong>ratur</strong></span> <span class='ocrx_word' id='word_1_113' title='bbox 1480 964 1642 1019; x_wconf 91' lang='lat' dir='ltr'><strong>homo</strong></span> <span class='ocrx_word' id='word_1_114' title='bbox 1683 964 1864 1034; x_wconf 85' lang='lat' dir='ltr'><strong>justus</strong></span> <span class='ocrx_word' id='word_1_115' title='bbox 1912 977 2030 1033; x_wconf 90' lang='lat' dir='ltr'><strong>est,</strong></span> 
     </span>
    </p>
   </div>
   <div class='ocr_carea' id='block_1_27' title="bbox 1276 1060 2029 1131">
    <p class='ocr_par' dir='ltr' id='par_1_27' title="bbox 1276 1060 2029 1131">
     <span class='ocr_line' id='line_1_27' title="bbox 1276 1060 2029 1131; baseline 0.015 -22"><span class='ocrx_word' id='word_1_116' title='bbox 1276 1066 1332 1111; x_wconf 91' lang='lat' dir='ltr'><strong>et</strong></span> <span class='ocrx_word' id='word_1_117' title='bbox 1380 1073 1483 1112; x_wconf 89' lang='lat' dir='ltr'><strong>non</strong></span> <span class='ocrx_word' id='word_1_118' title='bbox 1523 1060 1805 1131; x_wconf 85' lang='lat' dir='ltr'><strong>delinquit.</strong></span> <span class='ocrx_word' id='word_1_119' title='bbox 1864 1064 2029 1119; x_wconf 88' lang='lat' dir='ltr'><strong>Dein-</strong></span> 
     </span>
    </p>
   </div>
   <div class='ocr_carea' id='block_1_28' title="bbox 1276 1152 2025 1225">
    <p class='ocr_par' dir='ltr' id='par_1_28' title="bbox 1276 1152 2025 1225">
     <span class='ocr_line' id='line_1_28' title="bbox 1276 1152 2025 1225; baseline 0.008 -22"><span class='ocrx_word' id='word_1_120' title='bbox 1276 1162 1404 1219; x_wconf 87' lang='lat' dir='ltr'><strong>ceps</strong></span> <span class='ocrx_word' id='word_1_121' title='bbox 1438 1152 1565 1206; x_wconf 89' lang='lat' dir='ltr'><strong>dum</strong></span> <span class='ocrx_word' id='word_1_122' title='bbox 1592 1156 2025 1225; x_wconf 74' lang='lat' dir='ltr'><strong>przemonuisset,</strong></span> 
     </span>
    </p>
   </div>
   <div class='ocr_carea' id='block_1_29' title="bbox 1275 1245 2028 1313">
    <p class='ocr_par' dir='ltr' id='par_1_29' title="bbox 1275 1245 2028 1313">
     <span class='ocr_line' id='line_1_29' title="bbox 1275 1245 2028 1313; baseline 0.015 -18"><span class='ocrx_word' id='word_1_123' title='bbox 1275 1245 1531 1313; x_wconf 83' lang='lat' dir='ltr'><strong>quoniam</strong></span> <span class='ocrx_word' id='word_1_124' title='bbox 1605 1247 1910 1305; x_wconf 87' lang='lat' dir='ltr'><strong>voluntarie</strong></span> <span class='ocrx_word' id='word_1_125' title='bbox 1973 1260 2028 1306; x_wconf 90' lang='lat' dir='ltr'><strong>et</strong></span> 
     </span>
    </p>
   </div>
   <div class='ocr_carea' id='block_1_30' title="bbox 1276 1342 2029 1400">
    <p class='ocr_par' dir='ltr' id='par_1_30' title="bbox 1276 1342 2029 1400">
     <span class='ocr_line' id='line_1_30' title="bbox 1276 1342 2029 1400; baseline 0.015 -11"><span class='ocrx_word' id='word_1_126' title='bbox 1276 1351 1382 1391; x_wconf 89' lang='lat' dir='ltr'><strong>non</strong></span> <span class='ocrx_word' id='word_1_127' title='bbox 1410 1342 1729 1397; x_wconf 79' lang='lat' dir='ltr'><strong>naturaliter</strong></span> <span class='ocrx_word' id='word_1_128' title='bbox 1762 1344 1903 1400; x_wconf 83' lang='lat' dir='ltr'><strong>lilius</strong></span> <span class='ocrx_word' id='word_1_129' title='bbox 1943 1353 2029 1400; x_wconf 81' lang='lat' dir='ltr'><strong>est</strong></span> 
     </span>
    </p>
   </div>
   <div class='ocr_carea' id='block_1_31' title="bbox 1278 1427 2023 1506">
    <p class='ocr_par' dir='ltr' id='par_1_31' title="bbox 1278 1427 2023 1506">
     <span class='ocr_line' id='line_1_31' title="bbox 1278 1427 2023 1506; baseline 0.012 -22"><span class='ocrx_word' id='word_1_130' title='bbox 1278 1427 1374 1485; x_wconf 91' lang='lat' dir='ltr'><strong>Dei</strong></span> <span class='ocrx_word' id='word_1_131' title='bbox 1449 1431 1611 1487; x_wconf 89' lang='lat' dir='ltr'><strong>homo</strong></span> <span class='ocrx_word' id='word_1_132' title='bbox 1681 1435 1987 1506; x_wconf 75' lang='lat' dir='ltr'><strong>huiusmodi</strong></span> <span class='ocrx_word' id='word_1_133' title='bbox 2007 1479 2023 1503; x_wconf 91' lang='lat'><strong>,</strong></span> 
     </span>
    </p>
   </div>
   <div class='ocr_carea' id='block_1_32' title="bbox 1275 1530 2026 1600">
    <p class='ocr_par' dir='ltr' id='par_1_32' title="bbox 1275 1530 2026 1600">
     <span class='ocr_line' id='line_1_32' title="bbox 1275 1530 2026 1600; baseline 0.011 -23"><span class='ocrx_word' id='word_1_134' title='bbox 1275 1533 1643 1593; x_wconf 84' lang='lat' dir='ltr'><strong>competenter</strong></span> <span class='ocrx_word' id='word_1_135' title='bbox 1733 1530 1928 1600; x_wconf 75' lang='lat' dir='ltr'><strong>adjecit.</strong></span> <span class='ocrx_word' id='word_1_136' title='bbox 2008 1545 2026 1585; x_wconf 86' lang='lat'><strong>:</strong></span> 
     </span>
    </p>
   </div>
   <div class='ocr_carea' id='block_1_33' title="bbox 1277 1615 2022 1692">
    <p class='ocr_par' dir='ltr' id='par_1_33' title="bbox 1277 1615 2022 1692">
     <span class='ocr_line' id='line_1_33' title="bbox 1277 1615 2022 1692; baseline 0.024 -30"><span class='ocrx_word' id='word_1_137' title='bbox 1277 1630 1299 1662; x_wconf 75' lang='grc' dir='ltr'><strong>σ</strong></span> <span class='ocrx_word' id='word_1_138' title='bbox 1332 1615 1426 1668; x_wconf 82' lang='lat' dir='ltr'><strong>sed</strong></span> <span class='ocrx_word' id='word_1_139' title='bbox 1446 1626 1626 1671; x_wconf 86' lang='lat' dir='ltr'><strong>servat</strong></span> <span class='ocrx_word' id='word_1_140' title='bbox 1650 1623 2022 1692; x_wconf 80' lang='lat' dir='ltr'><strong>semetipsum,</strong></span> 
     </span>
    </p>
   </div>
   <div class='ocr_carea' id='block_1_34' title="bbox 1269 1709 2026 1788">
    <p class='ocr_par' dir='ltr' id='par_1_34' title="bbox 1269 1709 2026 1788">
     <span class='ocr_line' id='line_1_34' title="bbox 1269 1709 2026 1788; baseline 0.017 -30"><span class='ocrx_word' id='word_1_141' title='bbox 1269 1713 1324 1758; x_wconf 92' lang='lat' dir='ltr'><strong>et</strong></span> <span class='ocrx_word' id='word_1_142' title='bbox 1374 1709 1643 1778; x_wconf 87' lang='lat' dir='ltr'><strong>malignus</strong></span> <span class='ocrx_word' id='word_1_143' title='bbox 1690 1727 1798 1768; x_wconf 88' lang='lat' dir='ltr'><strong>non</strong></span> <span class='ocrx_word' id='word_1_144' title='bbox 1853 1719 2026 1788; x_wconf 85' lang='lat' dir='ltr'><strong>tangit</strong></span> 
     </span>
    </p>
   </div>
   <div class='ocr_carea' id='block_1_35' title="bbox 1268 1802 2019 1879">
    <p class='ocr_par' dir='ltr' id='par_1_35' title="bbox 1268 1802 2019 1879">
     <span class='ocr_line' id='line_1_35' title="bbox 1268 1802 2019 1879; baseline 0.019 -27"><span class='ocrx_word' id='word_1_145' title='bbox 1268 1812 1413 1855; x_wconf 92' lang='lat' dir='ltr'><strong>eum.</strong></span> <span class='ocrx_word' id='word_1_146' title='bbox 1444 1821 1463 1855; x_wconf 74' lang='grc' dir='ltr'><strong>ι</strong></span> <span class='ocrx_word' id='word_1_147' title='bbox 1498 1802 1554 1858; x_wconf 90' lang='lat' dir='ltr'><strong>Si</strong></span> <span class='ocrx_word' id='word_1_148' title='bbox 1581 1820 1711 1877; x_wconf 88' lang='lat' dir='ltr'><strong>ergo</strong></span> <span class='ocrx_word' id='word_1_149' title='bbox 1739 1818 2019 1879; x_wconf 82' lang='lat' dir='ltr'><strong>prepterea</strong></span> 
     </span>
    </p>
   </div>
   <div class='ocr_carea' id='block_1_36' title="bbox 2137 608 3373 688">
    <p class='ocr_par' dir='ltr' id='par_1_36' title="bbox 2137 608 3373 688">
     <span class='ocr_line' id='line_1_36' title="bbox 2137 608 3373 688; baseline 0.011 -27"><span class='ocrx_word' id='word_1_150' title='bbox 2137 624 2236 678; x_wconf 79' lang='grc' dir='ltr'>νης</span> <span class='ocrx_word' id='word_1_151' title='bbox 2253 608 2386 681; x_wconf 86' lang='grc'><strong>(78),</strong></span> <span class='ocrx_word' id='word_1_152' title='bbox 2960 614 3015 669; x_wconf 92' lang='lat' dir='ltr'><strong>in</strong></span> <span class='ocrx_word' id='word_1_153' title='bbox 3049 614 3373 688; x_wconf 84' lang='lat' dir='ltr'><strong>Evangeliis,</strong></span> 
     </span>
    </p>
   </div>
   <div class='ocr_carea' id='block_1_37' title="bbox 2133 701 3705 779">
    <p class='ocr_par' dir='ltr' id='par_1_37' title="bbox 2133 701 3705 779">
     <span class='ocr_line' id='line_1_37' title="bbox 2133 701 3705 779; baseline 0.01 -27"><span class='ocrx_word' id='word_1_154' title='bbox 2133 714 2199 753; x_wconf 82' lang='lat' dir='ltr'><strong>ex</strong></span> <span class='ocrx_word' id='word_1_155' title='bbox 2226 701 2422 769; x_wconf 81' lang='lat' dir='ltr'><strong>quibus</strong></span> <span class='ocrx_word' id='word_1_156' title='bbox 2448 717 2615 772; x_wconf 85' lang='lat' dir='ltr'><strong>pauca</strong></span> <span class='ocrx_word' id='word_1_157' title='bbox 2643 703 2711 759; x_wconf 90' lang='lat' dir='ltr'><strong>de</strong></span> <span class='ocrx_word' id='word_1_158' title='bbox 2738 704 2920 761; x_wconf 91' lang='lat' dir='ltr'><strong>multis</strong></span> <span class='ocrx_word' id='word_1_159' title='bbox 2947 710 3243 775; x_wconf 86' lang='lat' dir='ltr'><strong>promenda</strong></span> <span class='ocrx_word' id='word_1_160' title='bbox 3275 712 3608 779; x_wconf 81' lang='lat' dir='ltr'><strong>putavimus.</strong></span> <span class='ocrx_word' id='word_1_161' title='bbox 3646 713 3705 768; x_wconf 86' lang='lat' dir='ltr'><strong>In</strong></span> 
     </span>
    </p>
   </div>
   <div class='ocr_carea' id='block_1_38' title="bbox 2134 790 3709 871">
    <p class='ocr_par' dir='ltr' id='par_1_38' title="bbox 2134 790 3709 871">
     <span class='ocr_line' id='line_1_38' title="bbox 2134 790 3709 871; baseline 0.012 -28"><span class='ocrx_word' id='word_1_162' title='bbox 2134 792 2237 845; x_wconf 89' lang='lat' dir='ltr'><strong>hac</strong></span> <span class='ocrx_word' id='word_1_163' title='bbox 2264 790 2500 858; x_wconf 83' lang='lat' dir='ltr'><strong>Epistula</strong></span> <span class='ocrx_word' id='word_1_164' title='bbox 2523 794 2768 849; x_wconf 88' lang='lat' dir='ltr'><strong>scribens</strong></span> <span class='ocrx_word' id='word_1_165' title='bbox 2790 794 3025 853; x_wconf 84' lang='lat' dir='ltr'><strong>Joannes</strong></span> <span class='ocrx_word' id='word_1_166' title='bbox 3049 798 3150 854; x_wconf 88' lang='lat' dir='ltr'><strong>ait:</strong></span> <span class='ocrx_word' id='word_1_167' title='bbox 3181 817 3201 851; x_wconf 74' lang='grc' dir='ltr'><strong>ι</strong></span> <span class='ocrx_word' id='word_1_168' title='bbox 3227 798 3405 858; x_wconf 84' lang='lat' dir='ltr'><strong>Nolite</strong></span> <span class='ocrx_word' id='word_1_169' title='bbox 3427 805 3709 871; x_wconf 88' lang='lat' dir='ltr'><strong>admirari,</strong></span> 
     </span>
    </p>
   </div>
   <div class='ocr_carea' id='block_1_39' title="bbox 2131 880 3709 963">
    <p class='ocr_par' dir='ltr' id='par_1_39' title="bbox 2131 880 3709 963">
     <span class='ocr_line' id='line_1_39' title="bbox 2131 880 3709 963; baseline 0.009 -29"><span class='ocrx_word' id='word_1_170' title='bbox 2131 880 2175 934; x_wconf 92' lang='lat' dir='ltr'><strong>si</strong></span> <span class='ocrx_word' id='word_1_171' title='bbox 2206 881 2320 936; x_wconf 91' lang='lat' dir='ltr'><strong>odit</strong></span> <span class='ocrx_word' id='word_1_172' title='bbox 2344 896 2436 937; x_wconf 86' lang='lat' dir='ltr'><strong>vos</strong></span> <span class='ocrx_word' id='word_1_173' title='bbox 2467 883 2716 938; x_wconf 90' lang='lat' dir='ltr'><strong>mundus.</strong></span> <span class='ocrx_word' id='word_1_174' title='bbox 2746 902 2766 937; x_wconf 76' lang='grc' dir='ltr'><strong><em>ι</em></strong></span> <span class='ocrx_word' id='word_1_175' title='bbox 2801 884 2982 941; x_wconf 83' lang='lat' dir='ltr'><strong>Palam</strong></span> <span class='ocrx_word' id='word_1_176' title='bbox 3008 899 3091 943; x_wconf 89' lang='lat' dir='ltr'><strong>est</strong></span> <span class='ocrx_word' id='word_1_177' title='bbox 3111 890 3256 945; x_wconf 90' lang='lat' dir='ltr'><strong>enim</strong></span> <span class='ocrx_word' id='word_1_178' title='bbox 3276 894 3423 947; x_wconf 90' lang='lat' dir='ltr'><strong>omni</strong></span> <span class='ocrx_word' id='word_1_179' title='bbox 3450 895 3709 963; x_wconf 83' lang='lat' dir='ltr'><strong>sapienti,</strong></span> 
     </span>
    </p>
   </div>
   <div class='ocr_carea' id='block_1_40' title="bbox 2130 973 3711 1055">
    <p class='ocr_par' dir='ltr' id='par_1_40' title="bbox 2130 973 3711 1055">
     <span class='ocr_line' id='line_1_40' title="bbox 2130 973 3711 1055; baseline 0.011 -31"><span class='ocrx_word' id='word_1_180' title='bbox 2130 973 2272 1041; x_wconf 89' lang='lat' dir='ltr'><strong>quod</strong></span> <span class='ocrx_word' id='word_1_181' title='bbox 2303 974 2535 1029; x_wconf 92' lang='lat' dir='ltr'><strong>mundus</strong></span> <span class='ocrx_word' id='word_1_182' title='bbox 2560 974 2669 1029; x_wconf 85' lang='lat' dir='ltr'><strong>odit</strong></span> <span class='ocrx_word' id='word_1_183' title='bbox 2696 985 2935 1045; x_wconf 87' lang='lat' dir='ltr'><strong>sanctos,</strong></span> <span class='ocrx_word' id='word_1_184' title='bbox 2964 993 3060 1047; x_wconf 90' lang='lat' dir='ltr'><strong>per</strong></span> <span class='ocrx_word' id='word_1_185' title='bbox 3081 997 3241 1050; x_wconf 83' lang='lat' dir='ltr'><strong>quem</strong></span> <span class='ocrx_word' id='word_1_186' title='bbox 3276 984 3497 1055; x_wconf 77' lang='lat' dir='ltr'><strong>maligni</strong></span> <span class='ocrx_word' id='word_1_187' title='bbox 3535 988 3711 1041; x_wconf 82' lang='lat' dir='ltr'><strong>homi-</strong></span> 
     </span>
    </p>
   </div>
   <div class='ocr_carea' id='block_1_41' title="bbox 2132 1067 3707 1143">
    <p class='ocr_par' dir='ltr' id='par_1_41' title="bbox 2132 1067 3707 1143">
     <span class='ocr_line' id='line_1_41' title="bbox 2132 1067 3707 1143; baseline 0.01 -24"><span class='ocrx_word' id='word_1_188' title='bbox 2132 1081 2229 1121; x_wconf 84' lang='lat' dir='ltr'><strong>nes</strong></span> <span class='ocrx_word' id='word_1_189' title='bbox 2263 1067 2639 1137; x_wconf 77' lang='lat' dir='ltr'><strong>designantur.</strong></span> <span class='ocrx_word' id='word_1_190' title='bbox 2674 1068 2740 1123; x_wconf 88' lang='lat' dir='ltr'><strong>Et</strong></span> <span class='ocrx_word' id='word_1_191' title='bbox 2786 1069 2916 1125; x_wconf 91' lang='lat' dir='ltr'><strong>illud</strong></span> <span class='ocrx_word' id='word_1_192' title='bbox 2948 1086 2962 1124; x_wconf 91' lang='lat'><strong>:</strong></span> <span class='ocrx_word' id='word_1_193' title='bbox 3014 1091 3032 1124; x_wconf 77' lang='grc' dir='ltr'><strong>ι</strong></span> <span class='ocrx_word' id='word_1_194' title='bbox 3077 1072 3181 1143; x_wconf 82' lang='grc' dir='ltr'>1ρεὶ</span> <span class='ocrx_word' id='word_1_195' title='bbox 3210 1076 3275 1129; x_wconf 87' lang='lat' dir='ltr'><strong>de</strong></span> <span class='ocrx_word' id='word_1_196' title='bbox 3304 1078 3505 1132; x_wconf 90' lang='lat' dir='ltr'><strong>mundo</strong></span> <span class='ocrx_word' id='word_1_197' title='bbox 3545 1089 3707 1143; x_wconf 86' lang='lat' dir='ltr'><strong>sunt,</strong></span> 
     </span>
    </p>
   </div>
   <div class='ocr_carea' id='block_1_42' title="bbox 2130 1156 3701 1227">
    <p class='ocr_par' dir='ltr' id='par_1_42' title="bbox 2130 1156 3701 1227">
     <span class='ocr_line' id='line_1_42' title="bbox 2130 1156 3701 1227; baseline 0.006 -16"><span class='ocrx_word' id='word_1_198' title='bbox 2130 1164 2186 1211; x_wconf 91' lang='lat' dir='ltr'><strong>et</strong></span> <span class='ocrx_word' id='word_1_199' title='bbox 2223 1156 2291 1211; x_wconf 87' lang='lat' dir='ltr'><strong>de</strong></span> <span class='ocrx_word' id='word_1_200' title='bbox 2343 1157 2545 1211; x_wconf 90' lang='lat' dir='ltr'><strong>mundo</strong></span> <span class='ocrx_word' id='word_1_201' title='bbox 2589 1157 2903 1227; x_wconf 89' lang='lat' dir='ltr'><strong>loquuntur,</strong></span> <span class='ocrx_word' id='word_1_202' title='bbox 2950 1171 3005 1216; x_wconf 88' lang='lat' dir='ltr'><strong>et</strong></span> <span class='ocrx_word' id='word_1_203' title='bbox 3050 1164 3284 1219; x_wconf 86' lang='lat' dir='ltr'><strong>mundus</strong></span> <span class='ocrx_word' id='word_1_204' title='bbox 3333 1180 3428 1222; x_wconf 85' lang='lat' dir='ltr'><strong>eos</strong></span> <span class='ocrx_word' id='word_1_205' title='bbox 3474 1168 3642 1223; x_wconf 81' lang='lat' dir='ltr'><strong>audit.</strong></span> <span class='ocrx_word' id='word_1_206' title='bbox 3681 1188 3701 1220; x_wconf 74' lang='grc' dir='ltr'><strong>ι</strong></span> 
     </span>
    </p>
   </div>
   <div class='ocr_carea' id='block_1_43' title="bbox 2130 1248 3706 1328">
    <p class='ocr_par' dir='ltr' id='par_1_43' title="bbox 2130 1248 3706 1328">
     <span class='ocr_line' id='line_1_43' title="bbox 2130 1248 3706 1328; baseline 0.01 -29"><span class='ocrx_word' id='word_1_207' title='bbox 2130 1248 2285 1315; x_wconf 85' lang='lat' dir='ltr'><strong>Quod</strong></span> <span class='ocrx_word' id='word_1_208' title='bbox 2313 1257 2494 1303; x_wconf 89' lang='lat' dir='ltr'><strong>autem</strong></span> <span class='ocrx_word' id='word_1_209' title='bbox 2522 1249 2599 1304; x_wconf 88' lang='lat' dir='ltr'><strong>ait</strong></span> <span class='ocrx_word' id='word_1_210' title='bbox 2638 1249 2827 1306; x_wconf 88' lang='lat' dir='ltr'><strong>audire</strong></span> <span class='ocrx_word' id='word_1_211' title='bbox 2863 1254 3143 1320; x_wconf 88' lang='lat' dir='ltr'><strong>nntndnm,</strong></span> <span class='ocrx_word' id='word_1_212' title='bbox 3169 1257 3449 1313; x_wconf 85' lang='lat' dir='ltr'><strong>seductive</strong></span> <span class='ocrx_word' id='word_1_213' title='bbox 3480 1258 3706 1328; x_wconf 82' lang='lat' dir='ltr'><strong>loquen—</strong></span> 
     </span>
    </p>
   </div>
   <div class='ocr_carea' id='block_1_44' title="bbox 2132 1343 3709 1419">
    <p class='ocr_par' dir='ltr' id='par_1_44' title="bbox 2132 1343 3709 1419">
     <span class='ocr_line' id='line_1_44' title="bbox 2132 1343 3709 1419; baseline 0.01 -27"><span class='ocrx_word' id='word_1_214' title='bbox 2132 1347 2250 1402; x_wconf 85' lang='lat' dir='ltr'><strong>tes,</strong></span> <span class='ocrx_word' id='word_1_215' title='bbox 2290 1353 2397 1394; x_wconf 89' lang='lat' dir='ltr'><strong>non</strong></span> <span class='ocrx_word' id='word_1_216' title='bbox 2439 1350 2787 1407; x_wconf 82' lang='lat' dir='ltr'><strong>creaturam,</strong></span> <span class='ocrx_word' id='word_1_217' title='bbox 2826 1343 2919 1397; x_wconf 89' lang='lat' dir='ltr'><strong>sed</strong></span> <span class='ocrx_word' id='word_1_218' title='bbox 2966 1346 3253 1413; x_wconf 85' lang='lat' dir='ltr'><strong>passibiles</strong></span> <span class='ocrx_word' id='word_1_219' title='bbox 3296 1347 3411 1419; x_wconf 88' lang='lat'><strong>(79)</strong></span> <span class='ocrx_word' id='word_1_220' title='bbox 3463 1350 3709 1407; x_wconf 83' lang='lat' dir='ltr'><strong>homines</strong></span> 
     </span>
    </p>
   </div>
   <div class='ocr_carea' id='block_1_45' title="bbox 2129 1429 3709 1503">
    <p class='ocr_par' dir='ltr' id='par_1_45' title="bbox 2129 1429 3709 1503">
     <span class='ocr_line' id='line_1_45' title="bbox 2129 1429 3709 1503; baseline 0.009 -20"><span class='ocrx_word' id='word_1_221' title='bbox 2129 1429 2460 1486; x_wconf 79' lang='lat' dir='ltr'><strong>manifestat.</strong></span> <span class='ocrx_word' id='word_1_222' title='bbox 2513 1431 2588 1486; x_wconf 84' lang='lat' dir='ltr'><strong>Ita</strong></span> <span class='ocrx_word' id='word_1_223' title='bbox 2638 1431 2692 1486; x_wconf 92' lang='lat' dir='ltr'><strong>in</strong></span> <span class='ocrx_word' id='word_1_224' title='bbox 2739 1432 3043 1503; x_wconf 83' lang='lat' dir='ltr'><strong>Evangeliis</strong></span> <span class='ocrx_word' id='word_1_225' title='bbox 3081 1436 3333 1493; x_wconf 82' lang='lat' dir='ltr'><strong>Salvator</strong></span> <span class='ocrx_word' id='word_1_226' title='bbox 3375 1441 3494 1495; x_wconf 88' lang='lat' dir='ltr'><strong>ait:</strong></span> <span class='ocrx_word' id='word_1_227' title='bbox 3553 1459 3572 1493; x_wconf 74' lang='grc' dir='ltr'><strong>ι</strong></span> <span class='ocrx_word' id='word_1_228' title='bbox 3622 1440 3709 1497; x_wconf 79' lang='lat' dir='ltr'><strong>Me</strong></span> 
     </span>
    </p>
   </div>
   <div class='ocr_carea' id='block_1_46' title="bbox 2127 1522 3708 1603">
    <p class='ocr_par' dir='ltr' id='par_1_46' title="bbox 2127 1522 3708 1603">
     <span class='ocr_line' id='line_1_46' title="bbox 2127 1522 3708 1603; baseline 0.007 -26"><span class='ocrx_word' id='word_1_229' title='bbox 2127 1522 2361 1577; x_wconf 88' lang='lat' dir='ltr'><strong>mundus</strong></span> <span class='ocrx_word' id='word_1_230' title='bbox 2389 1537 2493 1579; x_wconf 91' lang='lat' dir='ltr'><strong>non</strong></span> <span class='ocrx_word' id='word_1_231' title='bbox 2539 1532 2719 1593; x_wconf 86' lang='lat' dir='ltr'><strong>potest</strong></span> <span class='ocrx_word' id='word_1_232' title='bbox 2743 1539 2965 1590; x_wconf 86' lang='lat' dir='ltr'><strong>amare,</strong></span> <span class='ocrx_word' id='word_1_233' title='bbox 3003 1527 3130 1596; x_wconf 88' lang='lat' dir='ltr'><strong>quia</strong></span> <span class='ocrx_word' id='word_1_234' title='bbox 3183 1529 3550 1587; x_wconf 81' lang='lat' dir='ltr'><strong>testimonium</strong></span> <span class='ocrx_word' id='word_1_235' title='bbox 3584 1547 3708 1603; x_wconf 87' lang='lat' dir='ltr'><strong>per-</strong></span> 
     </span>
    </p>
   </div>
   <div class='ocr_carea' id='block_1_47' title="bbox 2128 1614 3703 1690">
    <p class='ocr_par' dir='ltr' id='par_1_47' title="bbox 2128 1614 3703 1690">
     <span class='ocr_line' id='line_1_47' title="bbox 2128 1614 3703 1690; baseline 0.006 -21"><span class='ocrx_word' id='word_1_236' title='bbox 2128 1614 2289 1670; x_wconf 90' lang='lat' dir='ltr'><strong>hibeo</strong></span> <span class='ocrx_word' id='word_1_237' title='bbox 2318 1614 2572 1684; x_wconf 87' lang='lat' dir='ltr'><strong>operibus</strong></span> <span class='ocrx_word' id='word_1_238' title='bbox 2593 1615 2729 1685; x_wconf 89' lang='lat' dir='ltr'><strong>ejus,</strong></span> <span class='ocrx_word' id='word_1_239' title='bbox 2756 1617 3014 1684; x_wconf 84' lang='lat' dir='ltr'><strong>quoniam</strong></span> <span class='ocrx_word' id='word_1_240' title='bbox 3042 1618 3278 1690; x_wconf 88' lang='lat' dir='ltr'><strong>maligna</strong></span> <span class='ocrx_word' id='word_1_241' title='bbox 3312 1632 3439 1677; x_wconf 90' lang='lat' dir='ltr'><strong>sunt</strong></span> <span class='ocrx_word' id='word_1_242' title='bbox 3459 1623 3533 1688; x_wconf 82' lang='grc'><strong>³⁸,</strong></span> <span class='ocrx_word' id='word_1_243' title='bbox 3564 1641 3586 1676; x_wconf 71' lang='grc' dir='ltr'><strong><em>ι</em></strong></span> <span class='ocrx_word' id='word_1_244' title='bbox 3614 1634 3703 1680; x_wconf 88' lang='lat' dir='ltr'><strong>et:</strong></span> 
     </span>
    </p>
   </div>
   <div class='ocr_carea' id='block_1_48' title="bbox 2132 1705 3706 1777">
    <p class='ocr_par' dir='ltr' id='par_1_48' title="bbox 2132 1705 3706 1777">
     <span class='ocr_line' id='line_1_48' title="bbox 2132 1705 3706 1777; baseline 0.01 -21"><span class='ocrx_word' id='word_1_245' title='bbox 2132 1722 2151 1756; x_wconf 77' lang='grc' dir='ltr'><strong>ι</strong></span> <span class='ocrx_word' id='word_1_246' title='bbox 2191 1705 2283 1761; x_wconf 72' lang='lat' dir='ltr'><strong>Vae</strong></span> <span class='ocrx_word' id='word_1_247' title='bbox 2312 1707 2513 1761; x_wconf 91' lang='lat' dir='ltr'><strong>mundo</strong></span> <span class='ocrx_word' id='word_1_248' title='bbox 2551 1720 2582 1761; x_wconf 92' lang='lat' dir='ltr'><strong>a</strong></span> <span class='ocrx_word' id='word_1_249' title='bbox 2617 1706 2891 1763; x_wconf 87' lang='lat' dir='ltr'><strong>seandalis</strong></span> <span class='ocrx_word' id='word_1_250' title='bbox 2916 1708 2997 1777; x_wconf 83' lang='lat'><strong>&#39;&quot;;</strong></span> <span class='ocrx_word' id='word_1_251' title='bbox 3042 1727 3059 1762; x_wconf 74' lang='grc' dir='ltr'><strong>ι</strong></span> <span class='ocrx_word' id='word_1_252' title='bbox 3100 1718 3155 1765; x_wconf 85' lang='grc' dir='ltr'><strong>ει</strong></span> <span class='ocrx_word' id='word_1_253' title='bbox 3185 1726 3202 1764; x_wconf 87' lang='lat'><strong>:</strong></span> <span class='ocrx_word' id='word_1_254' title='bbox 3259 1729 3278 1763; x_wconf 80' lang='grc' dir='ltr'><strong>ι</strong></span> <span class='ocrx_word' id='word_1_255' title='bbox 3314 1709 3370 1765; x_wconf 90' lang='lat' dir='ltr'><strong>Si</strong></span> <span class='ocrx_word' id='word_1_256' title='bbox 3412 1715 3606 1771; x_wconf 85' lang='lat' dir='ltr'><strong>essetis</strong></span> <span class='ocrx_word' id='word_1_257' title='bbox 3638 1730 3706 1770; x_wconf 79' lang='lat' dir='ltr'><strong>ex</strong></span> 
     </span>
    </p>
   </div>
   <div class='ocr_carea' id='block_1_49' title="bbox 2125 1797 3708 1872">
    <p class='ocr_par' dir='ltr' id='par_1_49' title="bbox 2125 1797 3708 1872">
     <span class='ocr_line' id='line_1_49' title="bbox 2125 1797 3708 1872; baseline 0.007 -21"><span class='ocrx_word' id='word_1_258' title='bbox 2125 1797 2364 1862; x_wconf 87' lang='lat' dir='ltr'><strong>mundo,</strong></span> <span class='ocrx_word' id='word_1_259' title='bbox 2409 1797 2640 1852; x_wconf 90' lang='lat' dir='ltr'><strong>mundus</strong></span> <span class='ocrx_word' id='word_1_260' title='bbox 2681 1798 2824 1868; x_wconf 89' lang='lat' dir='ltr'><strong>quod</strong></span> <span class='ocrx_word' id='word_1_261' title='bbox 2857 1808 2975 1853; x_wconf 89' lang='lat' dir='ltr'><strong>erat</strong></span> <span class='ocrx_word' id='word_1_262' title='bbox 3014 1815 3171 1855; x_wconf 87' lang='lat' dir='ltr'><strong>suum</strong></span> <span class='ocrx_word' id='word_1_263' title='bbox 3220 1801 3498 1872; x_wconf 78' lang='lat' dir='ltr'><strong>diligeret;</strong></span> <span class='ocrx_word' id='word_1_264' title='bbox 3558 1821 3708 1863; x_wconf 82' lang='lat' dir='ltr'><strong>nunc</strong></span> 
     </span>
    </p>
   </div>
   <div class='ocr_carea' id='block_1_50' title="bbox 1268 1861 3707 1971">
    <p class='ocr_par' dir='ltr' id='par_1_50' title="bbox 1268 1861 3707 1971">
     <span class='ocr_line' id='line_1_50' title="bbox 1268 1861 3707 1971; baseline 0.008 -38"><span class='ocrx_word' id='word_1_265' title='bbox 1268 1895 1533 1965; x_wconf 61' lang='lat' dir='ltr'><strong>malignus</strong></span> <span class='ocrx_word' id='word_1_266' title='bbox 1550 1861 2018 1971; x_wconf 33' lang='lat'><strong>&quot;0,133,544,:</strong></span> <span class='ocrx_word' id='word_1_267' title='bbox 2052 1861 2099 1921; x_wconf 71' lang='grc' dir='ltr'><strong>Β</strong></span> <span class='ocrx_word' id='word_1_268' title='bbox 2125 1897 2302 1941; x_wconf 90' lang='lat' dir='ltr'><strong>autem</strong></span> <span class='ocrx_word' id='word_1_269' title='bbox 2331 1901 2436 1941; x_wconf 91' lang='lat' dir='ltr'><strong>non</strong></span> <span class='ocrx_word' id='word_1_270' title='bbox 2471 1888 2610 1944; x_wconf 84' lang='lat' dir='ltr'><strong>estis</strong></span> <span class='ocrx_word' id='word_1_271' title='bbox 2649 1902 2717 1944; x_wconf 78' lang='lat' dir='ltr'><strong>ex</strong></span> <span class='ocrx_word' id='word_1_272' title='bbox 2752 1891 2976 1956; x_wconf 89' lang='lat' dir='ltr'><strong>mundo,</strong></span> <span class='ocrx_word' id='word_1_273' title='bbox 3006 1892 3099 1946; x_wconf 88' lang='lat' dir='ltr'><strong>sed</strong></span> <span class='ocrx_word' id='word_1_274' title='bbox 3135 1905 3237 1963; x_wconf 90' lang='lat' dir='ltr'><strong>ego</strong></span> <span class='ocrx_word' id='word_1_275' title='bbox 3263 1894 3398 1965; x_wconf 85' lang='lat' dir='ltr'><strong>elegi</strong></span> <span class='ocrx_word' id='word_1_276' title='bbox 3427 1910 3546 1961; x_wconf 91' lang='lat' dir='ltr'><strong>vos,</strong></span> <span class='ocrx_word' id='word_1_277' title='bbox 3578 1912 3707 1967; x_wconf 81' lang='lat' dir='ltr'><strong>pro-</strong></span> 
     </span>
    </p>
   </div>
   <div class='ocr_carea' id='block_1_51' title="bbox 434 1969 3702 2057">
    <p class='ocr_par' dir='ltr' id='par_1_51' title="bbox 434 1969 3702 2057">
     <span class='ocr_line' id='line_1_51' title="bbox 434 1969 3702 2057; baseline 0.006 -36"><span class='ocrx_word' id='word_1_278' title='bbox 434 1969 578 2035; x_wconf 89' lang='lat' dir='ltr'><strong>quod</strong></span> <span class='ocrx_word' id='word_1_279' title='bbox 604 1981 785 2025; x_wconf 79' lang='lat' dir='ltr'><strong>servat</strong></span> <span class='ocrx_word' id='word_1_280' title='bbox 812 1979 1185 2047; x_wconf 73' lang='lat' dir='ltr'><strong>semetipsum,</strong></span> <span class='ocrx_word' id='word_1_281' title='bbox 1223 1999 1329 2039; x_wconf 82' lang='grc' dir='ltr'><strong>ηοη</strong></span> <span class='ocrx_word' id='word_1_282' title='bbox 1372 2003 1434 2042; x_wconf 69' lang='grc' dir='ltr'>εχ</span> <span class='ocrx_word' id='word_1_283' title='bbox 1470 2000 1683 2057; x_wconf 51' lang='lat' dir='ltr'><strong>natura,</strong></span> <span class='ocrx_word' id='word_1_284' title='bbox 1724 1969 1818 2048; x_wconf 53' lang='lat' dir='ltr'><strong>sc&#39;d</strong></span> <span class='ocrx_word' id='word_1_285' title='bbox 1863 2011 2021 2052; x_wconf 64' lang='lat' dir='ltr'><strong>accc-</strong></span> <span class='ocrx_word' id='word_1_286' title='bbox 2120 1986 2304 2046; x_wconf 89' lang='lat' dir='ltr'><strong>pterea</strong></span> <span class='ocrx_word' id='word_1_287' title='bbox 2327 1978 2448 2033; x_wconf 91' lang='lat' dir='ltr'><strong>odit</strong></span> <span class='ocrx_word' id='word_1_288' title='bbox 2473 1993 2565 2034; x_wconf 86' lang='lat' dir='ltr'><strong>vos</strong></span> <span class='ocrx_word' id='word_1_289' title='bbox 2595 1980 2827 2035; x_wconf 89' lang='lat' dir='ltr'><strong>mundus</strong></span> <span class='ocrx_word' id='word_1_290' title='bbox 2850 1982 2918 2033; x_wconf 78' lang='grc'><strong>⁸⁸.</strong></span> <span class='ocrx_word' id='word_1_291' title='bbox 2964 2000 2983 2034; x_wconf 77' lang='grc' dir='ltr'><strong>ι</strong></span> <span class='ocrx_word' id='word_1_292' title='bbox 3022 1981 3138 2038; x_wconf 88' lang='lat' dir='ltr'><strong>Non</strong></span> <span class='ocrx_word' id='word_1_293' title='bbox 3177 1984 3322 2040; x_wconf 88' lang='lat' dir='ltr'><strong>enim</strong></span> <span class='ocrx_word' id='word_1_294' title='bbox 3348 2002 3446 2056; x_wconf 89' lang='lat' dir='ltr'><strong>per</strong></span> <span class='ocrx_word' id='word_1_295' title='bbox 3475 1990 3589 2045; x_wconf 80' lang='lat' dir='ltr'><strong>haec</strong></span> <span class='ocrx_word' id='word_1_296' title='bbox 3615 2004 3702 2041; x_wconf 80' lang='lat' dir='ltr'><strong>ar-</strong></span> 
     </span>
    </p>
   </div>
   <div class='ocr_carea' id='block_1_52' title="bbox 434 2059 1515 2149">
    <p class='ocr_par' dir='ltr' id='par_1_52' title="bbox 434 2059 1515 2149">
     <span class='ocr_line' id='line_1_52' title="bbox 434 2059 1515 2149; baseline 0.019 -36"><span class='ocrx_word' id='word_1_297' title='bbox 434 2059 623 2116; x_wconf 90' lang='lat' dir='ltr'><strong>dentes</strong></span> <span class='ocrx_word' id='word_1_298' title='bbox 646 2061 755 2134; x_wconf 88' lang='lat'><strong>(76)</strong></span> <span class='ocrx_word' id='word_1_299' title='bbox 787 2065 967 2135; x_wconf 83' lang='lat' dir='ltr'><strong>habet,</strong></span> <span class='ocrx_word' id='word_1_300' title='bbox 1003 2080 1060 2125; x_wconf 92' lang='lat' dir='ltr'><strong>ut</strong></span> <span class='ocrx_word' id='word_1_301' title='bbox 1087 2089 1191 2127; x_wconf 94' lang='lat' dir='ltr'><strong>non</strong></span> <span class='ocrx_word' id='word_1_302' title='bbox 1218 2076 1515 2149; x_wconf 87' lang='lat' dir='ltr'><strong>delinquat.</strong></span> 
     </span>
    </p>
   </div>
   <div class='ocr_carea' id='block_1_53' title="bbox 433 2172 2016 2261">
    <p class='ocr_par' dir='ltr' id='par_1_53' title="bbox 433 2172 2016 2261">
     <span class='ocr_line' id='line_1_53' title="bbox 433 2172 2016 2261; baseline 0.021 -35"><span class='ocrx_word' id='word_1_303' title='bbox 433 2172 491 2227; x_wconf 87' lang='lat' dir='ltr'><strong>Si</strong></span> <span class='ocrx_word' id='word_1_304' title='bbox 539 2175 658 2243; x_wconf 87' lang='lat' dir='ltr'><strong>quis</strong></span> <span class='ocrx_word' id='word_1_305' title='bbox 698 2187 875 2233; x_wconf 88' lang='lat' dir='ltr'><strong>autem</strong></span> <span class='ocrx_word' id='word_1_306' title='bbox 920 2186 1270 2257; x_wconf 89' lang='lat' dir='ltr'><strong>semetipsum</strong></span> <span class='ocrx_word' id='word_1_307' title='bbox 1323 2204 1536 2261; x_wconf 81' lang='lat' dir='ltr'><strong>servat,</strong></span> <span class='ocrx_word' id='word_1_308' title='bbox 1587 2208 1707 2252; x_wconf 87' lang='lat' dir='ltr'><strong>orat</strong></span> <span class='ocrx_word' id='word_1_309' title='bbox 1757 2200 2016 2259; x_wconf 80' lang='lat' dir='ltr'><strong>divinitus</strong></span> 
     </span>
    </p>
   </div>
   <div class='ocr_carea' id='block_1_54' title="bbox 430 2267 2014 2361">
    <p class='ocr_par' dir='ltr' id='par_1_54' title="bbox 430 2267 2014 2361">
     <span class='ocr_line' id='line_1_54' title="bbox 430 2267 2014 2361; baseline 0.02 -42"><span class='ocrx_word' id='word_1_310' title='bbox 430 2267 732 2335; x_wconf 81' lang='lat' dir='ltr'><strong>custodiri,</strong></span> <span class='ocrx_word' id='word_1_311' title='bbox 784 2280 841 2325; x_wconf 92' lang='lat' dir='ltr'><strong>ut</strong></span> <span class='ocrx_word' id='word_1_312' title='bbox 874 2273 1104 2331; x_wconf 82' lang='lat' dir='ltr'><strong>intactus</strong></span> <span class='ocrx_word' id='word_1_313' title='bbox 1146 2294 1460 2348; x_wconf 86' lang='lat' dir='ltr'><strong>permaneat</strong></span> <span class='ocrx_word' id='word_1_314' title='bbox 1493 2302 1523 2340; x_wconf 88' lang='lat' dir='ltr'><strong>a</strong></span> <span class='ocrx_word' id='word_1_315' title='bbox 1564 2291 1817 2361; x_wconf 85' lang='lat' dir='ltr'><strong>maligno.</strong></span> <span class='ocrx_word' id='word_1_316' title='bbox 1865 2293 2014 2349; x_wconf 75' lang='lat' dir='ltr'><strong>Prm-</strong></span> 
     </span>
    </p>
   </div>
   <div class='ocr_carea' id='block_1_55' title="bbox 426 2366 2012 2453">
    <p class='ocr_par' dir='ltr' id='par_1_55' title="bbox 426 2366 2012 2453">
     <span class='ocr_line' id='line_1_55' title="bbox 426 2366 2012 2453; baseline 0.023 -44"><span class='ocrx_word' id='word_1_317' title='bbox 426 2366 647 2425; x_wconf 87' lang='lat' dir='ltr'><strong>ceptum</strong></span> <span class='ocrx_word' id='word_1_318' title='bbox 681 2376 912 2434; x_wconf 89' lang='lat' dir='ltr'><strong>namque</strong></span> <span class='ocrx_word' id='word_1_319' title='bbox 938 2373 1196 2427; x_wconf 63' lang='lat' dir='ltr'><strong>custodite</strong></span> <span class='ocrx_word' id='word_1_320' title='bbox 1223 2390 1342 2443; x_wconf 75' lang='lat' dir='ltr'><strong>qua:</strong></span> <span class='ocrx_word' id='word_1_321' title='bbox 1372 2379 1552 2434; x_wconf 84' lang='lat' dir='ltr'><strong>studio</strong></span> <span class='ocrx_word' id='word_1_322' title='bbox 1579 2395 1764 2440; x_wconf 90' lang='lat' dir='ltr'><strong>nostro</strong></span> <span class='ocrx_word' id='word_1_323' title='bbox 1794 2386 1873 2453; x_wconf 81' lang='lat' dir='ltr'><strong>ﬁt,</strong></span> <span class='ocrx_word' id='word_1_324' title='bbox 1909 2389 2012 2445; x_wconf 86' lang='lat' dir='ltr'><strong>hoc</strong></span> 
     </span>
    </p>
   </div>
   <div class='ocr_carea' id='block_1_56' title="bbox 425 2452 2009 2548">
    <p class='ocr_par' dir='ltr' id='par_1_56' title="bbox 425 2452 2009 2548">
     <span class='ocr_line' id='line_1_56' title="bbox 425 2452 2009 2548; baseline 0.023 -48"><span class='ocrx_word' id='word_1_325' title='bbox 425 2459 531 2514; x_wconf 85' lang='lat' dir='ltr'><strong>est,</strong></span> <span class='ocrx_word' id='word_1_326' title='bbox 556 2452 697 2519; x_wconf 84' lang='lat' dir='ltr'><strong>quod</strong></span> <span class='ocrx_word' id='word_1_327' title='bbox 729 2454 824 2519; x_wconf 90' lang='lat' dir='ltr'><strong>ait,</strong></span> <span class='ocrx_word' id='word_1_328' title='bbox 858 2475 878 2506; x_wconf 69' lang='grc' dir='ltr'><strong>ε</strong></span> <span class='ocrx_word' id='word_1_329' title='bbox 909 2456 1125 2515; x_wconf 90' lang='lat' dir='ltr'><strong>Custodi</strong></span> <span class='ocrx_word' id='word_1_330' title='bbox 1154 2471 1301 2517; x_wconf 90' lang='lat' dir='ltr'><strong>tuum</strong></span> <span class='ocrx_word' id='word_1_331' title='bbox 1325 2482 1420 2522; x_wconf 93' lang='lat' dir='ltr'><strong>cor</strong></span> <span class='ocrx_word' id='word_1_332' title='bbox 1444 2470 1511 2536; x_wconf 76' lang='grc' dir='ltr'><strong>⁸ο,</strong></span> <span class='ocrx_word' id='word_1_333' title='bbox 1545 2491 1563 2524; x_wconf 79' lang='grc' dir='ltr'><strong>ι</strong></span> <span class='ocrx_word' id='word_1_334' title='bbox 1602 2486 1655 2529; x_wconf 88' lang='grc' dir='ltr'><strong>ει</strong></span> <span class='ocrx_word' id='word_1_335' title='bbox 1689 2486 1811 2544; x_wconf 90' lang='lat' dir='ltr'><strong>post</strong></span> <span class='ocrx_word' id='word_1_336' title='bbox 1835 2494 2009 2548; x_wconf 89' lang='lat' dir='ltr'><strong>pauca</strong></span> 
     </span>
    </p>
   </div>
   <div class='ocr_carea' id='block_1_57' title="bbox 426 2536 2009 2629">
    <p class='ocr_par' dir='ltr' id='par_1_57' title="bbox 426 2536 2009 2629">
     <span class='ocr_line' id='line_1_57' title="bbox 426 2536 2009 2629; baseline 0.025 -40"><span class='ocrx_word' id='word_1_337' title='bbox 426 2536 593 2607; x_wconf 88' lang='lat' dir='ltr'><strong>(vers.</strong></span> <span class='ocrx_word' id='word_1_338' title='bbox 630 2542 755 2613; x_wconf 76' lang='lat'><strong>2|):</strong></span> <span class='ocrx_word' id='word_1_339' title='bbox 808 2565 825 2595; x_wconf 78' lang='grc' dir='ltr'><strong>ι</strong></span> <span class='ocrx_word' id='word_1_340' title='bbox 881 2546 1164 2608; x_wconf 88' lang='lat' dir='ltr'><strong>Custodile</strong></span> <span class='ocrx_word' id='word_1_341' title='bbox 1202 2570 1299 2611; x_wconf 88' lang='lat' dir='ltr'><strong>vos</strong></span> <span class='ocrx_word' id='word_1_342' title='bbox 1337 2559 1405 2613; x_wconf 88' lang='lat' dir='ltr'><strong>ab</strong></span> <span class='ocrx_word' id='word_1_343' title='bbox 1442 2560 1617 2618; x_wconf 84' lang='lat' dir='ltr'><strong>idolis.</strong></span> <span class='ocrx_word' id='word_1_344' title='bbox 1675 2536 1703 2618; x_wconf 74' lang='grc' dir='ltr'>ι’</span> <span class='ocrx_word' id='word_1_345' title='bbox 1738 2536 2009 2629; x_wconf 68' lang='grc' dir='ltr'><strong>ϐυειοάἰτε</strong></span> 
     </span>
    </p>
   </div>
   <div class='ocr_carea' id='block_1_58' title="bbox 426 2632 2005 2731">
    <p class='ocr_par' dir='ltr' id='par_1_58' title="bbox 426 2632 2005 2731">
     <span class='ocr_line' id='line_1_58' title="bbox 426 2632 2005 2731; baseline 0.023 -50"><span class='ocrx_word' id='word_1_346' title='bbox 426 2644 557 2685; x_wconf 84' lang='lat' dir='ltr'><strong>vero</strong></span> <span class='ocrx_word' id='word_1_347' title='bbox 601 2632 796 2690; x_wconf 74' lang='lat' dir='ltr'><strong>divina:</strong></span> <span class='ocrx_word' id='word_1_348' title='bbox 837 2643 1143 2712; x_wconf 82' lang='lat' dir='ltr'><strong>exemplum</strong></span> <span class='ocrx_word' id='word_1_349' title='bbox 1192 2657 1313 2714; x_wconf 84' lang='lat' dir='ltr'><strong>est,</strong></span> <span class='ocrx_word' id='word_1_350' title='bbox 1363 2654 1505 2720; x_wconf 83' lang='lat' dir='ltr'><strong>quod</strong></span> <span class='ocrx_word' id='word_1_351' title='bbox 1535 2656 1651 2712; x_wconf 87' lang='lat' dir='ltr'><strong>ait:</strong></span> <span class='ocrx_word' id='word_1_352' title='bbox 1694 2676 1714 2709; x_wconf 76' lang='grc' dir='ltr'><strong>ι</strong></span> <span class='ocrx_word' id='word_1_353' title='bbox 1756 2660 2005 2731; x_wconf 88' lang='lat' dir='ltr'><strong>Domine,</strong></span> 
     </span>
    </p>
   </div>
   <div class='ocr_carea' id='block_1_59' title="bbox 424 2725 2008 2811">
    <p class='ocr_par' dir='ltr' id='par_1_59' title="bbox 424 2725 2008 2811">
     <span class='ocr_line' id='line_1_59' title="bbox 424 2725 2008 2811; baseline 0.023 -36"><span class='ocrx_word' id='word_1_354' title='bbox 424 2725 669 2781; x_wconf 82' lang='lat' dir='ltr'><strong>servabis</strong></span> <span class='ocrx_word' id='word_1_355' title='bbox 700 2743 817 2792; x_wconf 85' lang='lat' dir='ltr'><strong>nos,</strong></span> <span class='ocrx_word' id='word_1_356' title='bbox 845 2740 901 2786; x_wconf 90' lang='lat' dir='ltr'><strong>et</strong></span> <span class='ocrx_word' id='word_1_357' title='bbox 923 2736 1194 2793; x_wconf 80' lang='lat' dir='ltr'><strong>custodies</strong></span> <span class='ocrx_word' id='word_1_358' title='bbox 1219 2755 1317 2795; x_wconf 85' lang='lat' dir='ltr'><strong>nos</strong></span> <span class='ocrx_word' id='word_1_359' title='bbox 1347 2742 1417 2807; x_wconf 82' lang='lat'><strong>“,</strong></span> <span class='ocrx_word' id='word_1_360' title='bbox 1452 2764 1471 2796; x_wconf 71' lang='grc' dir='ltr'><strong>ι</strong></span> <span class='ocrx_word' id='word_1_361' title='bbox 1518 2756 1573 2800; x_wconf 84' lang='grc' dir='ltr'><strong>ει</strong></span> <span class='ocrx_word' id='word_1_362' title='bbox 1625 2748 1754 2803; x_wconf 91' lang='lat' dir='ltr'><strong>illud</strong></span> <span class='ocrx_word' id='word_1_363' title='bbox 1782 2769 1795 2805; x_wconf 89' lang='lat'><strong>:</strong></span> <span class='ocrx_word' id='word_1_364' title='bbox 1840 2770 1861 2804; x_wconf 75' lang='grc' dir='ltr'><strong>ι</strong></span> <span class='ocrx_word' id='word_1_365' title='bbox 1893 2725 2008 2811; x_wconf 82' lang='lat' dir='ltr'><strong>Sub</strong></span> 
     </span>
    </p>
   </div>
   <div class='ocr_carea' id='block_1_60' title="bbox 424 2813 2002 2901">
    <p class='ocr_par' dir='ltr' id='par_1_60' title="bbox 424 2813 2002 2901">
     <span class='ocr_line' id='line_1_60' title="bbox 424 2813 2002 2901; baseline 0.022 -36"><span class='ocrx_word' id='word_1_366' title='bbox 424 2813 614 2869; x_wconf 81' lang='lat' dir='ltr'><strong>umbra</strong></span> <span class='ocrx_word' id='word_1_367' title='bbox 646 2815 852 2873; x_wconf 88' lang='lat' dir='ltr'><strong>alarum</strong></span> <span class='ocrx_word' id='word_1_368' title='bbox 902 2830 1114 2879; x_wconf 87' lang='lat' dir='ltr'><strong>tuarum</strong></span> <span class='ocrx_word' id='word_1_369' title='bbox 1171 2838 1394 2901; x_wconf 79' lang='lat' dir='ltr'><strong>protege</strong></span> <span class='ocrx_word' id='word_1_370' title='bbox 1441 2848 1526 2890; x_wconf 87' lang='lat' dir='ltr'><strong>me</strong></span> <span class='ocrx_word' id='word_1_371' title='bbox 1548 2836 1614 2901; x_wconf 80' lang='lat'><strong>&quot;,</strong></span> <span class='ocrx_word' id='word_1_372' title='bbox 1664 2856 1684 2889; x_wconf 75' lang='grc' dir='ltr'><strong>ι</strong></span> <span class='ocrx_word' id='word_1_373' title='bbox 1733 2852 1787 2896; x_wconf 88' lang='grc' dir='ltr'><strong>ει</strong></span> <span class='ocrx_word' id='word_1_374' title='bbox 1833 2841 2002 2899; x_wconf 89' lang='lat' dir='ltr'><strong>illud:</strong></span> 
     </span>
    </p>
   </div>
   <div class='ocr_carea' id='block_1_61' title="bbox 428 2903 2007 2998">
    <p class='ocr_par' dir='ltr' id='par_1_61' title="bbox 428 2903 2007 2998">
     <span class='ocr_line' id='line_1_61' title="bbox 428 2903 2007 2998; baseline 0.023 -43"><span class='ocrx_word' id='word_1_375' title='bbox 428 2921 448 2954; x_wconf 74' lang='grc' dir='ltr'><strong><em>ο</em></strong></span> <span class='ocrx_word' id='word_1_376' title='bbox 480 2903 640 2961; x_wconf 82' lang='lat' dir='ltr'><strong>Pater</strong></span> <span class='ocrx_word' id='word_1_377' title='bbox 682 2919 899 2977; x_wconf 84' lang='lat' dir='ltr'><strong>sancte,</strong></span> <span class='ocrx_word' id='word_1_378' title='bbox 928 2918 1138 2971; x_wconf 87' lang='lat' dir='ltr'><strong>custodi</strong></span> <span class='ocrx_word' id='word_1_379' title='bbox 1178 2934 1272 2975; x_wconf 84' lang='lat' dir='ltr'><strong>eos</strong></span> <span class='ocrx_word' id='word_1_380' title='bbox 1295 2922 1361 2976; x_wconf 83' lang='grc'>⁸³.</span> <span class='ocrx_word' id='word_1_381' title='bbox 1399 2941 1416 2976; x_wconf 75' lang='grc' dir='ltr'><strong>ι</strong></span> <span class='ocrx_word' id='word_1_382' title='bbox 1466 2925 1660 2998; x_wconf 89' lang='lat' dir='ltr'><strong>Tangit</strong></span> <span class='ocrx_word' id='word_1_383' title='bbox 1693 2942 1873 2988; x_wconf 81' lang='lat' dir='ltr'><strong>autem</strong></span> <span class='ocrx_word' id='word_1_384' title='bbox 1907 2936 2007 2989; x_wconf 88' lang='lat' dir='ltr'><strong>ali-</strong></span> 
     </span>
    </p>
   </div>
   <div class='ocr_carea' id='block_1_62' title="bbox 322 2998 2007 3088">
    <p class='ocr_par' dir='ltr' id='par_1_62' title="bbox 322 2998 2007 3088">
     <span class='ocr_line' id='line_1_62' title="bbox 322 2998 2007 3088; baseline 0.021 -46"><span class='ocrx_word' id='word_1_385' title='bbox 322 3038 340 3051; x_wconf 82' lang='grc'><strong>,</strong></span> <span class='ocrx_word' id='word_1_386' title='bbox 422 3007 580 3061; x_wconf 91' lang='lat' dir='ltr'><strong>quem</strong></span> <span class='ocrx_word' id='word_1_387' title='bbox 613 2998 876 3067; x_wconf 83' lang='lat' dir='ltr'><strong>malignus</strong></span> <span class='ocrx_word' id='word_1_388' title='bbox 902 3001 1119 3071; x_wconf 69' lang='lat' dir='ltr'><strong>laedens,</strong></span> <span class='ocrx_word' id='word_1_389' title='bbox 1149 3018 1203 3062; x_wconf 93' lang='lat' dir='ltr'><strong>et</strong></span> <span class='ocrx_word' id='word_1_390' title='bbox 1222 3010 1464 3082; x_wconf 80' lang='lat' dir='ltr'><strong>allligens</strong></span> <span class='ocrx_word' id='word_1_391' title='bbox 1513 3030 1634 3070; x_wconf 88' lang='lat' dir='ltr'><strong>eum</strong></span> <span class='ocrx_word' id='word_1_392' title='bbox 1655 3054 1671 3078; x_wconf 87' lang='lat'><strong>,</strong></span> <span class='ocrx_word' id='word_1_393' title='bbox 1717 3022 1858 3088; x_wconf 90' lang='lat' dir='ltr'><strong>quod</strong></span> <span class='ocrx_word' id='word_1_394' title='bbox 1891 3036 2007 3075; x_wconf 87' lang='lat' dir='ltr'><strong>ma-</strong></span> 
     </span>
    </p>
   </div>
   <div class='ocr_carea' id='block_1_63' title="bbox 423 3085 2003 3181">
    <p class='ocr_par' dir='ltr' id='par_1_63' title="bbox 423 3085 2003 3181">
     <span class='ocr_line' id='line_1_63' title="bbox 423 3085 2003 3181; baseline 0.017 -41"><span class='ocrx_word' id='word_1_395' title='bbox 423 3085 677 3141; x_wconf 80' lang='lat' dir='ltr'><strong>nifestum</strong></span> <span class='ocrx_word' id='word_1_396' title='bbox 722 3102 807 3144; x_wconf 88' lang='lat' dir='ltr'><strong>est</strong></span> <span class='ocrx_word' id='word_1_397' title='bbox 836 3109 901 3145; x_wconf 81' lang='lat' dir='ltr'><strong>ex</strong></span> <span class='ocrx_word' id='word_1_398' title='bbox 938 3110 1035 3161; x_wconf 89' lang='lat' dir='ltr'><strong>eo,</strong></span> <span class='ocrx_word' id='word_1_399' title='bbox 1082 3102 1226 3165; x_wconf 90' lang='lat' dir='ltr'><strong>quod</strong></span> <span class='ocrx_word' id='word_1_400' title='bbox 1261 3102 1334 3155; x_wconf 88' lang='lat' dir='ltr'><strong>ait</strong></span> <span class='ocrx_word' id='word_1_401' title='bbox 1365 3122 1378 3156; x_wconf 90' lang='lat'><strong><em>:</em></strong></span> <span class='ocrx_word' id='word_1_402' title='bbox 1413 3123 1433 3156; x_wconf 84' lang='grc'><strong><em>‹</em></strong></span> <span class='ocrx_word' id='word_1_403' title='bbox 1474 3105 1589 3161; x_wconf 84' lang='grc' dir='ltr'><strong>Νοη</strong></span> <span class='ocrx_word' id='word_1_404' title='bbox 1639 3085 1918 3181; x_wconf 76' lang='lat' dir='ltr'><strong>continget</strong></span> <span class='ocrx_word' id='word_1_405' title='bbox 1951 3122 2003 3167; x_wconf 88' lang='lat' dir='ltr'><strong>te</strong></span> 
     </span>
    </p>
   </div>
   <div class='ocr_carea' id='block_1_64' title="bbox 422 3177 2073 3257">
    <p class='ocr_par' dir='ltr' id='par_1_64' title="bbox 422 3177 2073 3257">
     <span class='ocr_line' id='line_1_64' title="bbox 422 3177 2073 3257; baseline 0.018 -29"><span class='ocrx_word' id='word_1_406' title='bbox 422 3177 620 3231; x_wconf 83' lang='lat' dir='ltr'><strong>malum</strong></span> <span class='ocrx_word' id='word_1_407' title='bbox 646 3180 715 3241; x_wconf 76' lang='lat'><strong>“,</strong></span> <span class='ocrx_word' id='word_1_408' title='bbox 748 3198 766 3230; x_wconf 74' lang='grc' dir='ltr'><strong><em>ι</em></strong></span> <span class='ocrx_word' id='word_1_409' title='bbox 806 3190 859 3233; x_wconf 86' lang='grc' dir='ltr'><strong>ει</strong></span> <span class='ocrx_word' id='word_1_410' title='bbox 886 3198 952 3237; x_wconf 79' lang='lat' dir='ltr'><strong>ex</strong></span> <span class='ocrx_word' id='word_1_411' title='bbox 981 3200 1046 3239; x_wconf 90' lang='lat' dir='ltr'><strong>eo</strong></span> <span class='ocrx_word' id='word_1_412' title='bbox 1073 3190 1215 3255; x_wconf 87' lang='lat' dir='ltr'><strong>quod</strong></span> <span class='ocrx_word' id='word_1_413' title='bbox 1245 3191 1448 3246; x_wconf 87' lang='lat' dir='ltr'><strong>dictum</strong></span> <span class='ocrx_word' id='word_1_414' title='bbox 1480 3211 1508 3247; x_wconf 90' lang='lat' dir='ltr'><strong>a</strong></span> <span class='ocrx_word' id='word_1_415' title='bbox 1542 3197 1652 3251; x_wconf 91' lang='lat' dir='ltr'><strong>Deo</strong></span> <span class='ocrx_word' id='word_1_416' title='bbox 1686 3177 2000 3257; x_wconf 56' lang='lat' dir='ltr'><strong>benefacto-</strong></span> <span class='ocrx_word' id='word_1_417' title='bbox 2029 3201 2073 3257; x_wconf 89' lang='lat' dir='ltr'><strong>C</strong></span> 
     </span>
    </p>
   </div>
   <div class='ocr_carea' id='block_1_65' title="bbox 422 3265 1999 3361">
    <p class='ocr_par' dir='ltr' id='par_1_65' title="bbox 422 3265 1999 3361">
     <span class='ocr_line' id='line_1_65' title="bbox 422 3265 1999 3361; baseline 0.017 -44"><span class='ocrx_word' id='word_1_418' title='bbox 422 3265 610 3320; x_wconf 85' lang='lat' dir='ltr'><strong>ribus:</strong></span> <span class='ocrx_word' id='word_1_419' title='bbox 649 3287 668 3321; x_wconf 75' lang='grc' dir='ltr'><strong>σ</strong></span> <span class='ocrx_word' id='word_1_420' title='bbox 710 3269 809 3335; x_wconf 87' lang='lat' dir='ltr'><strong>Qui</strong></span> <span class='ocrx_word' id='word_1_421' title='bbox 840 3273 1011 3343; x_wconf 86' lang='lat' dir='ltr'><strong>tetigit</strong></span> <span class='ocrx_word' id='word_1_422' title='bbox 1045 3278 1297 3347; x_wconf 89' lang='lat' dir='ltr'><strong>vos(vel,</strong></span> <span class='ocrx_word' id='word_1_423' title='bbox 1326 3294 1385 3335; x_wconf 88' lang='lat' dir='ltr'><strong>ut</strong></span> <span class='ocrx_word' id='word_1_424' title='bbox 1416 3284 1527 3349; x_wconf 89' lang='lat' dir='ltr'><strong>alii,</strong></span> <span class='ocrx_word' id='word_1_425' title='bbox 1559 3288 1649 3355; x_wconf 88' lang='lat' dir='ltr'><strong>qui</strong></span> <span class='ocrx_word' id='word_1_426' title='bbox 1690 3291 1999 3361; x_wconf 77' lang='lat' dir='ltr'><strong>tetigerit),</strong></span> 
     </span>
    </p>
   </div>
   <div class='ocr_carea' id='block_1_66' title="bbox 422 3360 2001 3440">
    <p class='ocr_par' dir='ltr' id='par_1_66' title="bbox 422 3360 2001 3440">
     <span class='ocr_line' id='line_1_66' title="bbox 422 3360 2001 3440; baseline 0.014 -27"><span class='ocrx_word' id='word_1_427' title='bbox 422 3360 867 3430; x_wconf 89' lang='lat' dir='ltr'><strong>tangitpupillam</strong></span> <span class='ocrx_word' id='word_1_428' title='bbox 898 3365 1037 3420; x_wconf 82' lang='lat' dir='ltr'><strong>oculi</strong></span> <span class='ocrx_word' id='word_1_429' title='bbox 1072 3369 1172 3423; x_wconf 90' lang='lat' dir='ltr'><strong>mei</strong></span> <span class='ocrx_word' id='word_1_430' title='bbox 1201 3370 1269 3423; x_wconf 78' lang='grc'><strong>⁸⁸.</strong></span> <span class='ocrx_word' id='word_1_431' title='bbox 1316 3390 1333 3423; x_wconf 71' lang='grc' dir='ltr'><strong>ι</strong></span> <span class='ocrx_word' id='word_1_432' title='bbox 1377 3372 1585 3440; x_wconf 84' lang='lat' dir='ltr'><strong>Quibus</strong></span> <span class='ocrx_word' id='word_1_433' title='bbox 1623 3385 1677 3431; x_wconf 85' lang='lat' dir='ltr'><strong>et</strong></span> <span class='ocrx_word' id='word_1_434' title='bbox 1708 3379 1836 3434; x_wconf 92' lang='lat' dir='ltr'><strong>illud</strong></span> <span class='ocrx_word' id='word_1_435' title='bbox 1868 3360 2001 3435; x_wconf 86' lang='lat' dir='ltr'><strong>eon-</strong></span> 
     </span>
    </p>
   </div>
   <div class='ocr_carea' id='block_1_67' title="bbox 420 3448 1779 3527">
    <p class='ocr_par' dir='ltr' id='par_1_67' title="bbox 420 3448 1779 3527">
     <span class='ocr_line' id='line_1_67' title="bbox 420 3448 1779 3527; baseline 0.013 -25"><span class='ocrx_word' id='word_1_436' title='bbox 420 3448 609 3504; x_wconf 88' lang='lat' dir='ltr'><strong>cordat</strong></span> <span class='ocrx_word' id='word_1_437' title='bbox 638 3469 651 3505; x_wconf 89' lang='lat'><strong>:</strong></span> <span class='ocrx_word' id='word_1_438' title='bbox 689 3469 707 3501; x_wconf 84' lang='grc'><em>‹</em></span> <span class='ocrx_word' id='word_1_439' title='bbox 740 3450 915 3509; x_wconf 82' lang='lat' dir='ltr'><strong>Nolite</strong></span> <span class='ocrx_word' id='word_1_440' title='bbox 945 3464 1165 3527; x_wconf 88' lang='lat' dir='ltr'><strong>tangere</strong></span> <span class='ocrx_word' id='word_1_441' title='bbox 1194 3460 1427 3515; x_wconf 89' lang='lat' dir='ltr'><strong>christos</strong></span> <span class='ocrx_word' id='word_1_442' title='bbox 1454 3478 1604 3518; x_wconf 84' lang='lat' dir='ltr'><strong>meos</strong></span> <span class='ocrx_word' id='word_1_443' title='bbox 1633 3464 1725 3519; x_wconf 56' lang='lat'><strong>&quot;2</strong></span> <span class='ocrx_word' id='word_1_444' title='bbox 1762 3486 1779 3518; x_wconf 75' lang='grc' dir='ltr'><strong>ι</strong></span> 
     </span>
    </p>
   </div>
   <div class='ocr_carea' id='block_1_68' title="bbox 490 3561 2000 3644">
    <p class='ocr_par' dir='ltr' id='par_1_68' title="bbox 490 3561 2000 3644">
     <span class='ocr_line' id='line_1_68' title="bbox 490 3561 2000 3644; baseline 0.015 -30"><span class='ocrx_word' id='word_1_445' title='bbox 490 3561 654 3618; x_wconf 68' lang='lat' dir='ltr'><strong>Vens.</strong></span> <span class='ocrx_word' id='word_1_446' title='bbox 707 3565 789 3620; x_wconf 84' lang='lat' dir='ltr'><strong>l9.</strong></span> <span class='ocrx_word' id='word_1_447' title='bbox 849 3586 868 3617; x_wconf 86' lang='grc'><strong><em>‹</em></strong></span> <span class='ocrx_word' id='word_1_448' title='bbox 915 3567 1129 3626; x_wconf 87' lang='lat' dir='ltr'><strong>Scimus</strong></span> <span class='ocrx_word' id='word_1_449' title='bbox 1161 3573 1414 3639; x_wconf 90' lang='lat' dir='ltr'><strong>quoniam</strong></span> <span class='ocrx_word' id='word_1_450' title='bbox 1453 3590 1516 3629; x_wconf 79' lang='lat' dir='ltr'><strong>ex</strong></span> <span class='ocrx_word' id='word_1_451' title='bbox 1554 3576 1660 3631; x_wconf 89' lang='lat' dir='ltr'><strong>Deo</strong></span> <span class='ocrx_word' id='word_1_452' title='bbox 1694 3593 1912 3644; x_wconf 85' lang='lat' dir='ltr'><strong>sumus,</strong></span> <span class='ocrx_word' id='word_1_453' title='bbox 1946 3590 2000 3635; x_wconf 88' lang='lat' dir='ltr'><strong>et</strong></span> 
     </span>
    </p>
   </div>
   <div class='ocr_carea' id='block_1_69' title="bbox 420 3656 1611 3734">
    <p class='ocr_par' dir='ltr' id='par_1_69' title="bbox 420 3656 1611 3734">
     <span class='ocr_line' id='line_1_69' title="bbox 420 3656 1611 3734; baseline 0.01 -28"><span class='ocrx_word' id='word_1_454' title='bbox 420 3660 565 3719; x_wconf 77' lang='lat' dir='ltr'><strong>totus</strong></span> <span class='ocrx_word' id='word_1_455' title='bbox 599 3656 829 3711; x_wconf 75' lang='lat' dir='ltr'><strong>mundus</strong></span> <span class='ocrx_word' id='word_1_456' title='bbox 857 3658 908 3712; x_wconf 90' lang='lat' dir='ltr'><strong>in</strong></span> <span class='ocrx_word' id='word_1_457' title='bbox 940 3660 1172 3731; x_wconf 83' lang='lat' dir='ltr'><strong>maligno</strong></span> <span class='ocrx_word' id='word_1_458' title='bbox 1209 3665 1417 3734; x_wconf 88' lang='lat' dir='ltr'><strong>positus</strong></span> <span class='ocrx_word' id='word_1_459' title='bbox 1451 3675 1555 3721; x_wconf 91' lang='lat' dir='ltr'><strong>est.</strong></span> <span class='ocrx_word' id='word_1_460' title='bbox 1594 3687 1611 3718; x_wconf 76' lang='grc' dir='ltr'><strong>ιι</strong></span> 
     </span>
    </p>
   </div>
   <div class='ocr_carea' id='block_1_70' title="bbox 489 3767 1997 3856">
    <p class='ocr_par' dir='ltr' id='par_1_70' title="bbox 489 3767 1997 3856">
     <span class='ocr_line' id='line_1_70' title="bbox 489 3767 1997 3856; baseline 0.013 -34"><span class='ocrx_word' id='word_1_461' title='bbox 489 3767 743 3836; x_wconf 81' lang='lat' dir='ltr'><strong>Mundus,</strong></span> <span class='ocrx_word' id='word_1_462' title='bbox 782 3773 832 3828; x_wconf 90' lang='lat' dir='ltr'><strong>id</strong></span> <span class='ocrx_word' id='word_1_463' title='bbox 871 3784 986 3844; x_wconf 89' lang='lat' dir='ltr'><strong>est,</strong></span> <span class='ocrx_word' id='word_1_464' title='bbox 1033 3778 1217 3833; x_wconf 84' lang='lat' dir='ltr'><strong>mundi</strong></span> <span class='ocrx_word' id='word_1_465' title='bbox 1252 3789 1525 3836; x_wconf 85' lang='lat' dir='ltr'><strong>amatores</strong></span> <span class='ocrx_word' id='word_1_466' title='bbox 1568 3784 1803 3856; x_wconf 82' lang='lat' dir='ltr'><strong>maligno</strong></span> <span class='ocrx_word' id='word_1_467' title='bbox 1854 3788 1997 3841; x_wconf 90' lang='lat' dir='ltr'><strong>ortui</strong></span> 
     </span>
    </p>
   </div>
   <div class='ocr_carea' id='block_1_71' title="bbox 415 3862 1994 3948">
    <p class='ocr_par' dir='ltr' id='par_1_71' title="bbox 415 3862 1994 3948">
     <span class='ocr_line' id='line_1_71' title="bbox 415 3862 1994 3948; baseline 0.014 -36"><span class='ocrx_word' id='word_1_468' title='bbox 415 3868 546 3913; x_wconf 83' lang='lat' dir='ltr'><strong>sunt</strong></span> <span class='ocrx_word' id='word_1_469' title='bbox 580 3862 826 3933; x_wconf 86' lang='lat' dir='ltr'><strong>subjecti.</strong></span> <span class='ocrx_word' id='word_1_470' title='bbox 864 3865 1031 3922; x_wconf 85' lang='lat' dir='ltr'><strong>Totus</strong></span> <span class='ocrx_word' id='word_1_471' title='bbox 1079 3871 1189 3937; x_wconf 90' lang='lat' dir='ltr'><strong>ait,</strong></span> <span class='ocrx_word' id='word_1_472' title='bbox 1231 3873 1373 3941; x_wconf 86' lang='lat' dir='ltr'><strong>quod</strong></span> <span class='ocrx_word' id='word_1_473' title='bbox 1417 3889 1606 3931; x_wconf 86' lang='lat' dir='ltr'><strong>omnes</strong></span> <span class='ocrx_word' id='word_1_474' title='bbox 1638 3878 1738 3933; x_wconf 86' lang='lat' dir='ltr'><strong>sub</strong></span> <span class='ocrx_word' id='word_1_475' title='bbox 1768 3890 1994 3948; x_wconf 86' lang='lat' dir='ltr'><strong>peccato</strong></span> 
     </span>
    </p>
   </div>
   <div class='ocr_carea' id='block_1_72' title="bbox 417 3952 1703 4030">
    <p class='ocr_par' dir='ltr' id='par_1_72' title="bbox 417 3952 1703 4030">
     <span class='ocr_line' id='line_1_72' title="bbox 417 3952 1703 4030; baseline 0.013 -24"><span class='ocrx_word' id='word_1_476' title='bbox 417 3952 717 4021; x_wconf 88' lang='lat' dir='ltr'><strong>nascimur,</strong></span> <span class='ocrx_word' id='word_1_477' title='bbox 751 3971 981 4025; x_wconf 90' lang='lat' dir='ltr'><strong>quorum</strong></span> <span class='ocrx_word' id='word_1_478' title='bbox 1016 3960 1129 4030; x_wconf 89' lang='lat' dir='ltr'><strong>ipse</strong></span> <span class='ocrx_word' id='word_1_479' title='bbox 1157 3975 1314 4020; x_wconf 90' lang='lat' dir='ltr'><strong>ortus</strong></span> <span class='ocrx_word' id='word_1_480' title='bbox 1344 3967 1396 4020; x_wconf 93' lang='lat' dir='ltr'><strong>in</strong></span> <span class='ocrx_word' id='word_1_481' title='bbox 1437 3968 1567 4024; x_wconf 87' lang='lat' dir='ltr'><strong>vitio</strong></span> <span class='ocrx_word' id='word_1_482' title='bbox 1595 3979 1703 4025; x_wconf 87' lang='lat' dir='ltr'><strong>est.</strong></span> 
     </span>
    </p>
   </div>
   <div class='ocr_carea' id='block_1_73' title="bbox 417 4059 1996 4151">
    <p class='ocr_par' dir='ltr' id='par_1_73' title="bbox 417 4059 1996 4151">
     <span class='ocr_line' id='line_1_73' title="bbox 417 4059 1996 4151; baseline 0.016 -37"><span class='ocrx_word' id='word_1_483' title='bbox 417 4059 588 4117; x_wconf 83' lang='grc' dir='ltr'>Ὅταν</span> <span class='ocrx_word' id='word_1_484' title='bbox 617 4064 784 4133; x_wconf 79' lang='grc' dir='ltr'>λέγει,</span> <span class='ocrx_word' id='word_1_485' title='bbox 812 4067 893 4121; x_wconf 83' lang='grc' dir='ltr'>ὅτι</span> <span class='ocrx_word' id='word_1_486' title='bbox 921 4070 950 4123; x_wconf 84' lang='grc' dir='ltr'>ὁ</span> <span class='ocrx_word' id='word_1_487' title='bbox 973 4070 1175 4142; x_wconf 77' lang='grc' dir='ltr'>κόσμος</span> <span class='ocrx_word' id='word_1_488' title='bbox 1247 4072 1521 4132; x_wconf 85' lang='lat' dir='ltr'><strong>Permulta</strong></span> <span class='ocrx_word' id='word_1_489' title='bbox 1565 4091 1954 4151; x_wconf 85' lang='lat' dir='ltr'><strong>cognoscentes</strong></span> <span class='ocrx_word' id='word_1_490' title='bbox 1979 4122 1996 4148; x_wconf 86' lang='lat'><strong>,</strong></span> 
     </span>
    </p>
   </div>
   <div class='ocr_carea' id='block_1_74' title="bbox 410 4152 2001 4239">
    <p class='ocr_par' dir='ltr' id='par_1_74' title="bbox 410 4152 2001 4239">
     <span class='ocr_line' id='line_1_74' title="bbox 410 4152 2001 4239; baseline 0.014 -30"><span class='ocrx_word' id='word_1_491' title='bbox 410 4152 536 4218; x_wconf 81' lang='grc' dir='ltr'>ὅλος</span> <span class='ocrx_word' id='word_1_492' title='bbox 552 4157 609 4210; x_wconf 78' lang='grc' dir='ltr'><strong>ὲν</strong></span> <span class='ocrx_word' id='word_1_493' title='bbox 625 4156 703 4227; x_wconf 82' lang='grc' dir='ltr'><strong>τῷ</strong></span> <span class='ocrx_word' id='word_1_494' title='bbox 728 4160 949 4232; x_wconf 77' lang='grc' dir='ltr'>πονηρῴ</span> <span class='ocrx_word' id='word_1_495' title='bbox 976 4166 1174 4226; x_wconf 83' lang='grc' dir='ltr'>κεῖται.</span> <span class='ocrx_word' id='word_1_496' title='bbox 1251 4167 1498 4225; x_wconf 90' lang='lat' dir='ltr'><strong>homines</strong></span> <span class='ocrx_word' id='word_1_497' title='bbox 1515 4174 2001 4239; x_wconf 87' lang='lat' dir='ltr'><strong>pravosinsiuuare</strong></span> 
     </span>
    </p>
   </div>
   <div class='ocr_carea' id='block_1_75' title="bbox 409 4248 2001 4326">
    <p class='ocr_par' dir='ltr' id='par_1_75' title="bbox 409 4248 2001 4326">
     <span class='ocr_line' id='line_1_75' title="bbox 409 4248 2001 4326; baseline 0.019 -29"><span class='ocrx_word' id='word_1_498' title='bbox 409 4248 475 4301; x_wconf 78' lang='grc' dir='ltr'><strong>οὐ</strong></span> <span class='ocrx_word' id='word_1_499' title='bbox 503 4248 662 4302; x_wconf 76' lang='grc' dir='ltr'>τοῦτό</span> <span class='ocrx_word' id='word_1_500' title='bbox 687 4267 872 4322; x_wconf 77' lang='grc' dir='ltr'>φησιν,</span> <span class='ocrx_word' id='word_1_501' title='bbox 906 4255 988 4307; x_wconf 82' lang='grc' dir='ltr'>ὃτι</span> <span class='ocrx_word' id='word_1_502' title='bbox 1017 4257 1050 4325; x_wconf 82' lang='grc' dir='ltr'><strong>ἠ</strong></span> <span class='ocrx_word' id='word_1_503' title='bbox 1082 4255 1175 4308; x_wconf 73' lang='grc' dir='ltr'>τοῦ</span> <span class='ocrx_word' id='word_1_504' title='bbox 1250 4264 1390 4321; x_wconf 88' lang='lat' dir='ltr'><strong>hanc</strong></span> <span class='ocrx_word' id='word_1_505' title='bbox 1411 4281 1598 4322; x_wconf 90' lang='lat' dir='ltr'><strong>vocem</strong></span> <span class='ocrx_word' id='word_1_506' title='bbox 1618 4268 1685 4323; x_wconf 89' lang='lat' dir='ltr'><strong>de</strong></span> <span class='ocrx_word' id='word_1_507' title='bbox 1708 4272 1908 4326; x_wconf 90' lang='lat' dir='ltr'><strong>mundo</strong></span> <span class='ocrx_word' id='word_1_508' title='bbox 1922 4273 2001 4326; x_wconf 80' lang='lat' dir='ltr'><strong>di-</strong></span> 
     </span>
    </p>
   </div>
   <div class='ocr_carea' id='block_1_76' title="bbox 410 4340 1995 4433">
    <p class='ocr_par' dir='ltr' id='par_1_76' title="bbox 410 4340 1995 4433">
     <span class='ocr_line' id='line_1_76' title="bbox 410 4340 1995 4433; baseline 0.011 -33"><span class='ocrx_word' id='word_1_509' title='bbox 410 4340 550 4394; x_wconf 74' lang='grc' dir='ltr'>Θεοῦ</span> <span class='ocrx_word' id='word_1_510' title='bbox 578 4342 775 4407; x_wconf 76' lang='grc' dir='ltr'>κτίσις,</span> <span class='ocrx_word' id='word_1_511' title='bbox 802 4344 1002 4415; x_wconf 75' lang='grc' dir='ltr'>κόσμος</span> <span class='ocrx_word' id='word_1_512' title='bbox 1021 4342 1174 4412; x_wconf 77' lang='grc' dir='ltr'>οὖσα,</span> <span class='ocrx_word' id='word_1_513' title='bbox 1250 4366 1416 4423; x_wconf 86' lang='lat' dir='ltr'><strong>ctam,</strong></span> <span class='ocrx_word' id='word_1_514' title='bbox 1429 4356 1542 4425; x_wconf 88' lang='lat' dir='ltr'><strong>jam</strong></span> <span class='ocrx_word' id='word_1_515' title='bbox 1558 4359 1864 4416; x_wconf 86' lang='lat' dir='ltr'><strong>dubitamus</strong></span> <span class='ocrx_word' id='word_1_516' title='bbox 1885 4363 1995 4433; x_wconf 81' lang='lat'><strong>(77)</strong></span> 
     </span>
    </p>
   </div>
   <div class='ocr_carea' id='block_1_77' title="bbox 413 4432 1997 4522">
    <p class='ocr_par' dir='ltr' id='par_1_77' title="bbox 413 4432 1997 4522">
     <span class='ocr_line' id='line_1_77' title="bbox 413 4432 1997 4522; baseline 0.009 -26"><span class='ocrx_word' id='word_1_517' title='bbox 413 4434 472 4486; x_wconf 73' lang='grc' dir='ltr'>ἒν</span> <span class='ocrx_word' id='word_1_518' title='bbox 491 4432 570 4502; x_wconf 75' lang='grc' dir='ltr'><strong>τῷ</strong></span> <span class='ocrx_word' id='word_1_519' title='bbox 597 4434 820 4505; x_wconf 76' lang='grc' dir='ltr'>πονηρῷ</span> <span class='ocrx_word' id='word_1_520' title='bbox 845 4436 1076 4507; x_wconf 76' lang='grc' dir='ltr'>ἵδρυται,</span> <span class='ocrx_word' id='word_1_521' title='bbox 1101 4439 1176 4504; x_wconf 76' lang='grc' dir='ltr'>ὥς</span> <span class='ocrx_word' id='word_1_522' title='bbox 1248 4452 1539 4507; x_wconf 89' lang='lat' dir='ltr'><strong>secundum</strong></span> <span class='ocrx_word' id='word_1_523' title='bbox 1568 4453 1866 4522; x_wconf 65' lang='lat' dir='ltr'><strong>hmreticos,</strong></span> <span class='ocrx_word' id='word_1_524' title='bbox 1898 4472 1997 4511; x_wconf 89' lang='lat' dir='ltr'><strong>nec</strong></span> 
     </span>
    </p>
   </div>
   <div class='ocr_carea' id='block_1_78' title="bbox 409 4526 1176 4599">
    <p class='ocr_par' dir='ltr' id='par_1_78' title="bbox 409 4526 1176 4599">
     <span class='ocr_line' id='line_1_78' title="bbox 409 4526 1176 4599; baseline 0.012 -20"><span class='ocrx_word' id='word_1_525' title='bbox 409 4541 559 4587; x_wconf 82' lang='grc' dir='ltr'>τινες</span> <span class='ocrx_word' id='word_1_526' title='bbox 593 4526 897 4599; x_wconf 79' lang='grc' dir='ltr'>ὑπενόησαν</span> <span class='ocrx_word' id='word_1_527' title='bbox 950 4533 1059 4585; x_wconf 85' lang='grc' dir='ltr'><strong>τῶν</strong></span> <span class='ocrx_word' id='word_1_528' title='bbox 1092 4536 1176 4587; x_wconf 80' lang='grc' dir='ltr'><strong>αἱ·</strong></span> 
     </span>
    </p>
   </div>
   <div class='ocr_carea' id='block_1_79' title="bbox 415 4626 1173 4703">
    <p class='ocr_par' dir='ltr' id='par_1_79' title="bbox 415 4626 1173 4703">
     <span class='ocr_line' id='line_1_79' title="bbox 415 4626 1173 4703; baseline 0.018 -28"><span class='ocrx_word' id='word_1_529' title='bbox 415 4626 672 4693; x_wconf 76' lang='grc' dir='ltr'>ρετικῶν,</span> <span class='ocrx_word' id='word_1_530' title='bbox 704 4627 820 4682; x_wconf 88' lang='grc' dir='ltr'><strong>ἀλλ’</strong></span> <span class='ocrx_word' id='word_1_531' title='bbox 852 4631 934 4684; x_wconf 84' lang='grc' dir='ltr'><strong>ὅτι</strong></span> <span class='ocrx_word' id='word_1_532' title='bbox 969 4633 1173 4703; x_wconf 82' lang='grc' dir='ltr'>κόσμον</span> 
     </span>
    </p>
   </div>
   <div class='ocr_carea' id='block_1_80' title="bbox 408 4712 1171 4796">
    <p class='ocr_par' dir='ltr' id='par_1_80' title="bbox 408 4712 1171 4796">
     <span class='ocr_line' id='line_1_80' title="bbox 408 4712 1171 4796; baseline 0.014 -27"><span class='ocrx_word' id='word_1_533' title='bbox 408 4712 519 4770; x_wconf 74' lang='grc' dir='ltr'>οἶδε</span> <span class='ocrx_word' id='word_1_534' title='bbox 551 4718 734 4772; x_wconf 78' lang='grc' dir='ltr'>καλεῖν</span> <span class='ocrx_word' id='word_1_535' title='bbox 764 4722 796 4792; x_wconf 77' lang='grc' dir='ltr'><strong>ἡ</strong></span> <span class='ocrx_word' id='word_1_536' title='bbox 821 4721 1012 4796; x_wconf 72' lang='grc' dir='ltr'>Γραερὴ</span> <span class='ocrx_word' id='word_1_537' title='bbox 1044 4728 1171 4794; x_wconf 74' lang='grc' dir='ltr'>τοὺς</span> 
     </span>
    </p>
   </div>
   <div class='ocr_carea' id='block_1_81' title="bbox 409 4808 1999 4884">
    <p class='ocr_par' dir='ltr' id='par_1_81' title="bbox 409 4808 1999 4884">
     <span class='ocr_line' id='line_1_81' title="bbox 409 4808 1999 4884; baseline 0.009 -22"><span class='ocrx_word' id='word_1_538' title='bbox 409 4808 650 4880; x_wconf 81' lang='grc' dir='ltr'>φαύλους</span> <span class='ocrx_word' id='word_1_539' title='bbox 688 4810 1030 4884; x_wconf 78' lang='grc' dir='ltr'><strong>ἀνθρώπους,</strong></span> <span class='ocrx_word' id='word_1_540' title='bbox 1067 4834 1169 4871; x_wconf 75' lang='grc' dir='ltr'><strong>κα·</strong></span> <span class='ocrx_word' id='word_1_541' title='bbox 1242 4818 1542 4872; x_wconf 85' lang='lat' dir='ltr'><strong>constituti.</strong></span> <span class='ocrx_word' id='word_1_542' title='bbox 1626 4819 1840 4876; x_wconf 85' lang='lat' dir='ltr'><strong>Positus</strong></span> <span class='ocrx_word' id='word_1_543' title='bbox 1913 4834 1999 4877; x_wconf 90' lang='lat' dir='ltr'><strong>est</strong></span> 
     </span>
    </p>
   </div>
   <div class='ocr_carea' id='block_1_82' title="bbox 409 4901 1996 4970">
    <p class='ocr_par' dir='ltr' id='par_1_82' title="bbox 409 4901 1996 4970">
     <span class='ocr_line' id='line_1_82' title="bbox 409 4901 1996 4970; baseline 0.011 -18"><span class='ocrx_word' id='word_1_544' title='bbox 409 4901 523 4963; x_wconf 80' lang='grc' dir='ltr'>θὼς</span> <span class='ocrx_word' id='word_1_545' title='bbox 587 4904 681 4957; x_wconf 74' lang='grc' dir='ltr'>καὶ</span> <span class='ocrx_word' id='word_1_546' title='bbox 750 4905 986 4961; x_wconf 75' lang='grc' dir='ltr'>ἐνταῦθα</span> <span class='ocrx_word' id='word_1_547' title='bbox 1074 4911 1170 4963; x_wconf 77' lang='grc' dir='ltr'><strong>καὶ</strong></span> <span class='ocrx_word' id='word_1_548' title='bbox 1240 4910 1491 4966; x_wconf 86' lang='lat' dir='ltr'><strong>enimbic</strong></span> <span class='ocrx_word' id='word_1_549' title='bbox 1509 4927 1687 4969; x_wconf 83' lang='lat' dir='ltr'><strong>sermo</strong></span> <span class='ocrx_word' id='word_1_550' title='bbox 1711 4917 1775 4969; x_wconf 90' lang='lat' dir='ltr'><strong>de</strong></span> <span class='ocrx_word' id='word_1_551' title='bbox 1798 4917 1996 4970; x_wconf 91' lang='lat' dir='ltr'><strong>mundo</strong></span> 
     </span>
    </p>
   </div>
   <div class='ocr_carea' id='block_1_83' title="bbox 407 4992 1995 5078">
    <p class='ocr_par' dir='ltr' id='par_1_83' title="bbox 407 4992 1995 5078">
     <span class='ocr_line' id='line_1_83' title="bbox 407 4992 1995 5078; baseline 0.013 -35"><span class='ocrx_word' id='word_1_552' title='bbox 407 4992 469 5044; x_wconf 76' lang='grc' dir='ltr'>ὲν</span> <span class='ocrx_word' id='word_1_553' title='bbox 541 4993 894 5065; x_wconf 79' lang='grc' dir='ltr'>Εὐαγγελίοις</span> <span class='ocrx_word' id='word_1_554' title='bbox 965 5000 1170 5072; x_wconf 76' lang='grc' dir='ltr'>γράφει</span> <span class='ocrx_word' id='word_1_555' title='bbox 1241 5005 1995 5078; x_wconf 73' lang='lat' dir='ltr'><strong>prohominibus,sicutpr:e-</strong></span> 
     </span>
    </p>
   </div>
   <div class='ocr_carea' id='block_1_84' title="bbox 1023 5139 1450 5205">
    <p class='ocr_par' dir='ltr' id='par_1_84' title="bbox 1023 5139 1450 5205">
     <span class='ocr_line' id='line_1_84' title="bbox 1023 5139 1450 5205; baseline 0.005 -13"><span class='ocrx_word' id='word_1_556' title='bbox 1023 5139 1064 5171; x_wconf 84' lang='grc'><strong>⁸¹</strong></span> <span class='ocrx_word' id='word_1_557' title='bbox 1102 5140 1238 5195; x_wconf 85' lang='lat' dir='ltr'><strong>Psal.</strong></span> <span class='ocrx_word' id='word_1_558' title='bbox 1291 5159 1366 5205; x_wconf 79' lang='grc' dir='ltr'>ιι,</span> <span class='ocrx_word' id='word_1_559' title='bbox 1398 5141 1450 5194; x_wconf 90' lang='lat'><strong>8.</strong></span> 
     </span>
    </p>
   </div>
   <div class='ocr_carea' id='block_1_85' title="bbox 1245 4634 1996 4698">
    <p class='ocr_par' dir='ltr' id='par_1_85' title="bbox 1245 4634 1996 4698">
     <span class='ocr_line' id='line_1_85' title="bbox 1245 4634 1996 4698; baseline 0.016 -12"><span class='ocrx_word' id='word_1_560' title='bbox 1245 4634 1516 4691; x_wconf 88' lang='lat' dir='ltr'><strong>credimus</strong></span> <span class='ocrx_word' id='word_1_561' title='bbox 1562 4636 1826 4694; x_wconf 81' lang='lat' dir='ltr'><strong>facturam</strong></span> <span class='ocrx_word' id='word_1_562' title='bbox 1875 4655 1996 4698; x_wconf 81' lang='lat' dir='ltr'><strong>esse</strong></span> 
     </span>
    </p>
   </div>
   <div class='ocr_carea' id='block_1_86' title="bbox 1245 4725 1995 4801">
    <p class='ocr_par' dir='ltr' id='par_1_86' title="bbox 1245 4725 1995 4801">
     <span class='ocr_line' id='line_1_86' title="bbox 1245 4725 1995 4801; baseline 0.013 -26"><span class='ocrx_word' id='word_1_563' title='bbox 1245 4725 1467 4790; x_wconf 88' lang='lat' dir='ltr'><strong>mundi,</strong></span> <span class='ocrx_word' id='word_1_564' title='bbox 1521 4736 1576 4781; x_wconf 90' lang='lat' dir='ltr'><strong>et</strong></span> <span class='ocrx_word' id='word_1_565' title='bbox 1634 4730 1687 4782; x_wconf 92' lang='lat' dir='ltr'><strong>in</strong></span> <span class='ocrx_word' id='word_1_566' title='bbox 1761 4732 1995 4801; x_wconf 87' lang='lat' dir='ltr'><strong>maligno</strong></span> 
     </span>
    </p>
   </div>
   <div class='ocr_carea' id='block_1_87' title="bbox 478 5126 947 5195">
    <p class='ocr_par' dir='ltr' id='par_1_87' title="bbox 478 5126 947 5195">
     <span class='ocr_line' id='line_1_87' title="bbox 478 5126 947 5195; baseline 0.026 -18"><span class='ocrx_word' id='word_1_567' title='bbox 478 5126 526 5157; x_wconf 74' lang='grc' dir='ltr'><strong>⁸ο</strong></span> <span class='ocrx_word' id='word_1_568' title='bbox 562 5127 719 5181; x_wconf 83' lang='lat' dir='ltr'><strong>Prov.</strong></span> <span class='ocrx_word' id='word_1_569' title='bbox 754 5147 825 5195; x_wconf 85' lang='lat' dir='ltr'><strong>tv,</strong></span> <span class='ocrx_word' id='word_1_570' title='bbox 857 5134 947 5189; x_wconf 67' lang='lat'><strong>25.</strong></span> 
     </span>
    </p>
   </div>
   <div class='ocr_carea' id='block_1_88' title="bbox 1548 5141 2049 5209">
    <p class='ocr_par' dir='ltr' id='par_1_88' title="bbox 1548 5141 2049 5209">
     <span class='ocr_line' id='line_1_88' title="bbox 1548 5141 2049 5209; baseline 0.002 -12"><span class='ocrx_word' id='word_1_571' title='bbox 1548 5143 1593 5175; x_wconf 78' lang='lat'><strong>&quot;</strong></span> <span class='ocrx_word' id='word_1_572' title='bbox 1632 5141 1780 5197; x_wconf 85' lang='lat' dir='ltr'><strong>Psal.</strong></span> <span class='ocrx_word' id='word_1_573' title='bbox 1815 5162 1937 5209; x_wconf 77' lang='lat' dir='ltr'><strong>va,</strong></span> <span class='ocrx_word' id='word_1_574' title='bbox 1994 5146 2049 5199; x_wconf 78' lang='lat'><strong>8.</strong></span> 
     </span>
    </p>
   </div>
   <div class='ocr_carea' id='block_1_89' title="bbox 2120 2069 3701 2150">
    <p class='ocr_par' dir='ltr' id='par_1_89' title="bbox 2120 2069 3701 2150">
     <span class='ocr_line' id='line_1_89' title="bbox 2120 2069 3701 2150; baseline 0.009 -29"><span class='ocrx_word' id='word_1_575' title='bbox 2120 2069 2431 2122; x_wconf 87' lang='lat' dir='ltr'><strong>hitrandum</strong></span> <span class='ocrx_word' id='word_1_576' title='bbox 2472 2079 2586 2135; x_wconf 89' lang='lat' dir='ltr'><strong>est,</strong></span> <span class='ocrx_word' id='word_1_577' title='bbox 2633 2070 2759 2125; x_wconf 91' lang='lat' dir='ltr'><strong>dum</strong></span> <span class='ocrx_word' id='word_1_578' title='bbox 2791 2073 2967 2143; x_wconf 84' lang='lat' dir='ltr'><strong>arguit</strong></span> <span class='ocrx_word' id='word_1_579' title='bbox 3004 2075 3192 2145; x_wconf 85' lang='lat' dir='ltr'><strong>utique</strong></span> <span class='ocrx_word' id='word_1_580' title='bbox 3227 2091 3388 2146; x_wconf 88' lang='lat' dir='ltr'><strong>opera</strong></span> <span class='ocrx_word' id='word_1_581' title='bbox 3426 2080 3659 2150; x_wconf 87' lang='lat' dir='ltr'><strong>maligna</strong></span> <span class='ocrx_word' id='word_1_582' title='bbox 3684 2125 3701 2148; x_wconf 87' lang='lat'><strong>,</strong></span> 
     </span>
    </p>
   </div>
   <div class='ocr_carea' id='block_1_90' title="bbox 2117 2159 3701 2240">
    <p class='ocr_par' dir='ltr' id='par_1_90' title="bbox 2117 2159 3701 2240">
     <span class='ocr_line' id='line_1_90' title="bbox 2117 2159 3701 2240; baseline 0.009 -26"><span class='ocrx_word' id='word_1_583' title='bbox 2117 2168 2174 2214; x_wconf 89' lang='lat' dir='ltr'><strong>et</strong></span> <span class='ocrx_word' id='word_1_584' title='bbox 2200 2159 2454 2215; x_wconf 89' lang='lat' dir='ltr'><strong>scandala</strong></span> <span class='ocrx_word' id='word_1_585' title='bbox 2484 2162 2819 2229; x_wconf 81' lang='lat' dir='ltr'><strong>manifestat,</strong></span> <span class='ocrx_word' id='word_1_586' title='bbox 2850 2175 2905 2219; x_wconf 90' lang='lat' dir='ltr'><strong>et</strong></span> <span class='ocrx_word' id='word_1_587' title='bbox 2926 2166 3064 2221; x_wconf 93' lang='lat' dir='ltr'><strong>odiri</strong></span> <span class='ocrx_word' id='word_1_588' title='bbox 3095 2168 3229 2223; x_wconf 91' lang='lat' dir='ltr'><strong>dicit</strong></span> <span class='ocrx_word' id='word_1_589' title='bbox 3250 2169 3542 2240; x_wconf 84' lang='lat' dir='ltr'><strong>discipulos</strong></span> <span class='ocrx_word' id='word_1_590' title='bbox 3571 2187 3701 2229; x_wconf 88' lang='lat' dir='ltr'><strong>suos</strong></span> 
     </span>
    </p>
   </div>
   <div class='ocr_carea' id='block_1_91' title="bbox 2118 2254 3701 2331">
    <p class='ocr_par' dir='ltr' id='par_1_91' title="bbox 2118 2254 3701 2331">
     <span class='ocr_line' id='line_1_91' title="bbox 2118 2254 3701 2331; baseline 0.009 -24"><span class='ocrx_word' id='word_1_591' title='bbox 2118 2267 2148 2307; x_wconf 75' lang='grc' dir='ltr'><strong>ιι</strong></span> <span class='ocrx_word' id='word_1_592' title='bbox 2199 2254 2429 2318; x_wconf 91' lang='lat' dir='ltr'><strong>mundo,</strong></span> <span class='ocrx_word' id='word_1_593' title='bbox 2463 2254 2606 2323; x_wconf 88' lang='lat' dir='ltr'><strong>quod</strong></span> <span class='ocrx_word' id='word_1_594' title='bbox 2648 2256 2715 2309; x_wconf 88' lang='lat' dir='ltr'><strong>de</strong></span> <span class='ocrx_word' id='word_1_595' title='bbox 2761 2258 3145 2315; x_wconf 87' lang='lat' dir='ltr'><strong>constitutione</strong></span> <span class='ocrx_word' id='word_1_596' title='bbox 3177 2269 3335 2317; x_wconf 82' lang='lat' dir='ltr'><strong>teme</strong></span> <span class='ocrx_word' id='word_1_597' title='bbox 3364 2272 3418 2317; x_wconf 93' lang='lat' dir='ltr'><strong>et</strong></span> <span class='ocrx_word' id='word_1_598' title='bbox 3455 2264 3579 2319; x_wconf 69' lang='lat' dir='ltr'><strong>coeli</strong></span> <span class='ocrx_word' id='word_1_599' title='bbox 3603 2304 3620 2331; x_wconf 95' lang='lat'><strong>,</strong></span> <span class='ocrx_word' id='word_1_600' title='bbox 3645 2278 3701 2321; x_wconf 88' lang='lat' dir='ltr'><strong>et</strong></span> 
     </span>
    </p>
   </div>
   <div class='ocr_carea' id='block_1_92' title="bbox 2115 2341 3690 2423">
    <p class='ocr_par' dir='ltr' id='par_1_92' title="bbox 2115 2341 3690 2423">
     <span class='ocr_line' id='line_1_92' title="bbox 2115 2341 3690 2423; baseline 0.011 -28"><span class='ocrx_word' id='word_1_601' title='bbox 2115 2356 2236 2412; x_wconf 76' lang='lat' dir='ltr'><strong>qua:</strong></span> <span class='ocrx_word' id='word_1_602' title='bbox 2270 2341 2323 2395; x_wconf 93' lang='lat' dir='ltr'><strong>in</strong></span> <span class='ocrx_word' id='word_1_603' title='bbox 2362 2342 2445 2399; x_wconf 89' lang='lat' dir='ltr'><strong>his</strong></span> <span class='ocrx_word' id='word_1_604' title='bbox 2476 2352 2625 2409; x_wconf 90' lang='lat' dir='ltr'><strong>sunt,</strong></span> <span class='ocrx_word' id='word_1_605' title='bbox 2661 2344 2778 2400; x_wconf 65' lang='lat' dir='ltr'><strong>haec</strong></span> <span class='ocrx_word' id='word_1_606' title='bbox 2804 2346 2970 2401; x_wconf 88' lang='lat' dir='ltr'><strong>dicat.</strong></span> <span class='ocrx_word' id='word_1_607' title='bbox 3004 2347 3219 2419; x_wconf 78' lang='lat' dir='ltr'><strong>Maligni</strong></span> <span class='ocrx_word' id='word_1_608' title='bbox 3251 2366 3484 2423; x_wconf 89' lang='lat' dir='ltr'><strong>namque</strong></span> <span class='ocrx_word' id='word_1_609' title='bbox 3517 2362 3573 2410; x_wconf 90' lang='lat' dir='ltr'><strong>et</strong></span> <span class='ocrx_word' id='word_1_610' title='bbox 3601 2372 3690 2411; x_wconf 80' lang='lat' dir='ltr'><strong>vc—</strong></span> 
     </span>
    </p>
   </div>
   <div class='ocr_carea' id='block_1_93' title="bbox 2115 2433 3700 2518">
    <p class='ocr_par' dir='ltr' id='par_1_93' title="bbox 2115 2433 3700 2518">
     <span class='ocr_line' id='line_1_93' title="bbox 2115 2433 3700 2518; baseline 0.009 -31"><span class='ocrx_word' id='word_1_611' title='bbox 2115 2433 2273 2489; x_wconf 79' lang='lat' dir='ltr'><strong>netici</strong></span> <span class='ocrx_word' id='word_1_612' title='bbox 2313 2444 2369 2490; x_wconf 92' lang='lat' dir='ltr'><strong>et</strong></span> <span class='ocrx_word' id='word_1_613' title='bbox 2409 2445 2764 2506; x_wconf 88' lang='lat' dir='ltr'><strong>conceptores</strong></span> <span class='ocrx_word' id='word_1_614' title='bbox 2810 2439 2921 2493; x_wconf 86' lang='lat' dir='ltr'><strong>odii</strong></span> <span class='ocrx_word' id='word_1_615' title='bbox 2971 2440 3220 2498; x_wconf 86' lang='lat' dir='ltr'><strong>homines</strong></span> <span class='ocrx_word' id='word_1_616' title='bbox 3268 2454 3435 2511; x_wconf 89' lang='lat' dir='ltr'><strong>sunt,</strong></span> <span class='ocrx_word' id='word_1_617' title='bbox 3464 2447 3557 2517; x_wconf 91' lang='lat' dir='ltr'><strong>qui</strong></span> <span class='ocrx_word' id='word_1_618' title='bbox 3602 2465 3700 2518; x_wconf 86' lang='lat' dir='ltr'><strong>per</strong></span> 
     </span>
    </p>
   </div>
   <div class='ocr_carea' id='block_1_94' title="bbox 2112 2524 3697 2609">
    <p class='ocr_par' dir='ltr' id='par_1_94' title="bbox 2112 2524 3697 2609">
     <span class='ocr_line' id='line_1_94' title="bbox 2112 2524 3697 2609; baseline 0.009 -30"><span class='ocrx_word' id='word_1_619' title='bbox 2112 2524 2394 2583; x_wconf 86' lang='lat' dir='ltr'><strong>Dominica</strong></span> <span class='ocrx_word' id='word_1_620' title='bbox 2418 2526 2582 2584; x_wconf 88' lang='lat' dir='ltr'><strong>verba</strong></span> <span class='ocrx_word' id='word_1_621' title='bbox 2616 2528 3014 2598; x_wconf 74' lang='lat' dir='ltr'><strong>significantur.</strong></span> <span class='ocrx_word' id='word_1_622' title='bbox 3049 2532 3158 2590; x_wconf 87' lang='lat' dir='ltr'><strong>llos</strong></span> <span class='ocrx_word' id='word_1_623' title='bbox 3198 2536 3366 2607; x_wconf 87' lang='lat' dir='ltr'><strong>igitur</strong></span> <span class='ocrx_word' id='word_1_624' title='bbox 3389 2541 3566 2608; x_wconf 78' lang='lat' dir='ltr'><strong>arguit</strong></span> <span class='ocrx_word' id='word_1_625' title='bbox 3599 2557 3697 2609; x_wconf 80' lang='lat' dir='ltr'><strong>pro</strong></span> 
     </span>
    </p>
   </div>
   <div class='ocr_carea' id='block_1_95' title="bbox 2111 2617 3696 2691">
    <p class='ocr_par' dir='ltr' id='par_1_95' title="bbox 2111 2617 3696 2691">
     <span class='ocr_line' id='line_1_95' title="bbox 2111 2617 3696 2691; baseline 0.01 -20"><span class='ocrx_word' id='word_1_626' title='bbox 2111 2617 2361 2686; x_wconf 83' lang='lat' dir='ltr'><strong>malignis</strong></span> <span class='ocrx_word' id='word_1_627' title='bbox 2385 2620 2662 2688; x_wconf 84' lang='lat' dir='ltr'><strong>operibus,</strong></span> <span class='ocrx_word' id='word_1_628' title='bbox 2696 2636 2833 2691; x_wconf 92' lang='lat' dir='ltr'><strong>quos</strong></span> <span class='ocrx_word' id='word_1_629' title='bbox 2864 2623 3028 2679; x_wconf 79' lang='lat' dir='ltr'><strong>etiam</strong></span> <span class='ocrx_word' id='word_1_630' title='bbox 3061 2632 3276 2691; x_wconf 88' lang='lat' dir='ltr'><strong>notans,</strong></span> <span class='ocrx_word' id='word_1_631' title='bbox 3311 2628 3442 2683; x_wconf 82' lang='lat' dir='ltr'><strong>dicit</strong></span> <span class='ocrx_word' id='word_1_632' title='bbox 3483 2646 3605 2687; x_wconf 91' lang='lat' dir='ltr'><strong>esse</strong></span> <span class='ocrx_word' id='word_1_633' title='bbox 3628 2634 3696 2687; x_wconf 85' lang='lat' dir='ltr'><strong>de</strong></span> 
     </span>
    </p>
   </div>
   <div class='ocr_carea' id='block_1_96' title="bbox 2110 2709 3692 2790">
    <p class='ocr_par' dir='ltr' id='par_1_96' title="bbox 2110 2709 3692 2790">
     <span class='ocr_line' id='line_1_96' title="bbox 2110 2709 3692 2790; baseline 0.009 -28"><span class='ocrx_word' id='word_1_634' title='bbox 2110 2709 2379 2764; x_wconf 84' lang='lat' dir='ltr'><strong>scandalis</strong></span> <span class='ocrx_word' id='word_1_635' title='bbox 2399 2749 2414 2773; x_wconf 87' lang='lat'><strong>,</strong></span> <span class='ocrx_word' id='word_1_636' title='bbox 2436 2718 2492 2764; x_wconf 86' lang='lat' dir='ltr'><strong>et</strong></span> <span class='ocrx_word' id='word_1_637' title='bbox 2520 2710 2783 2766; x_wconf 88' lang='lat' dir='ltr'><strong>habentes</strong></span> <span class='ocrx_word' id='word_1_638' title='bbox 2805 2712 2929 2767; x_wconf 89' lang='lat' dir='ltr'><strong>odio</strong></span> <span class='ocrx_word' id='word_1_639' title='bbox 2952 2723 3170 2771; x_wconf 86' lang='lat' dir='ltr'><strong>sanctos</strong></span> <span class='ocrx_word' id='word_1_640' title='bbox 3197 2716 3365 2773; x_wconf 88' lang='lat' dir='ltr'><strong>viros.</strong></span> <span class='ocrx_word' id='word_1_641' title='bbox 3400 2717 3497 2774; x_wconf 89' lang='lat' dir='ltr'><strong>llis</strong></span> <span class='ocrx_word' id='word_1_642' title='bbox 3528 2721 3692 2790; x_wconf 89' lang='lat' dir='ltr'><strong>igitur</strong></span> 
     </span>
    </p>
   </div>
   <div class='ocr_carea' id='block_1_97' title="bbox 2109 2799 3693 2876">
    <p class='ocr_par' dir='ltr' id='par_1_97' title="bbox 2109 2799 3693 2876">
     <span class='ocr_line' id='line_1_97' title="bbox 2109 2799 3693 2876; baseline 0.008 -23"><span class='ocrx_word' id='word_1_643' title='bbox 2109 2799 2494 2864; x_wconf 80' lang='lat' dir='ltr'><strong>manifestatis,</strong></span> <span class='ocrx_word' id='word_1_644' title='bbox 2531 2799 2790 2856; x_wconf 91' lang='lat' dir='ltr'><strong>mundum</strong></span> <span class='ocrx_word' id='word_1_645' title='bbox 2824 2801 2877 2856; x_wconf 92' lang='lat' dir='ltr'><strong>in</strong></span> <span class='ocrx_word' id='word_1_646' title='bbox 2912 2803 3148 2875; x_wconf 87' lang='lat' dir='ltr'><strong>maligno</strong></span> <span class='ocrx_word' id='word_1_647' title='bbox 3188 2808 3421 2876; x_wconf 91' lang='lat' dir='ltr'><strong>positum</strong></span> <span class='ocrx_word' id='word_1_648' title='bbox 3449 2814 3693 2866; x_wconf 82' lang='lat' dir='ltr'><strong>ostendit</strong></span> 
     </span>
    </p>
   </div>
   <div class='ocr_carea' id='block_1_98' title="bbox 2107 2892 3688 2964">
    <p class='ocr_par' dir='ltr' id='par_1_98' title="bbox 2107 2892 3688 2964">
     <span class='ocr_line' id='line_1_98' title="bbox 2107 2892 3688 2964; baseline 0.009 -18"><span class='ocrx_word' id='word_1_649' title='bbox 2107 2905 2229 2947; x_wconf 85' lang='lat' dir='ltr'><strong>esse</strong></span> <span class='ocrx_word' id='word_1_650' title='bbox 2264 2906 2416 2957; x_wconf 92' lang='lat' dir='ltr'><strong>eum,</strong></span> <span class='ocrx_word' id='word_1_651' title='bbox 2441 2892 2534 2961; x_wconf 91' lang='lat' dir='ltr'><strong>qui</strong></span> <span class='ocrx_word' id='word_1_652' title='bbox 2573 2893 2840 2963; x_wconf 90' lang='lat' dir='ltr'><strong>arguitur,</strong></span> <span class='ocrx_word' id='word_1_653' title='bbox 2876 2903 2931 2949; x_wconf 89' lang='lat' dir='ltr'><strong>et</strong></span> <span class='ocrx_word' id='word_1_654' title='bbox 2973 2905 3211 2964; x_wconf 87' lang='lat' dir='ltr'><strong>notatur,</strong></span> <span class='ocrx_word' id='word_1_655' title='bbox 3242 2907 3297 2954; x_wconf 89' lang='lat' dir='ltr'><strong>et.</strong></span> <span class='ocrx_word' id='word_1_656' title='bbox 3331 2902 3454 2956; x_wconf 92' lang='lat' dir='ltr'><strong>odio</strong></span> <span class='ocrx_word' id='word_1_657' title='bbox 3487 2904 3688 2960; x_wconf 87' lang='lat' dir='ltr'><strong>habere</strong></span> 
     </span>
    </p>
   </div>
   <div class='ocr_carea' id='block_1_99' title="bbox 2109 2983 3692 3066">
    <p class='ocr_par' dir='ltr' id='par_1_99' title="bbox 2109 2983 3692 3066">
     <span class='ocr_line' id='line_1_99' title="bbox 2109 2983 3692 3066; baseline 0.008 -29"><span class='ocrx_word' id='word_1_658' title='bbox 2109 2983 2422 3053; x_wconf 87' lang='lat' dir='ltr'><strong>designatur</strong></span> <span class='ocrx_word' id='word_1_659' title='bbox 2439 2986 2735 3053; x_wconf 81' lang='lat' dir='ltr'><strong>apostolos.</strong></span> <span class='ocrx_word' id='word_1_660' title='bbox 2755 2985 2955 3041; x_wconf 90' lang='lat' dir='ltr'><strong>llorum</strong></span> <span class='ocrx_word' id='word_1_661' title='bbox 2981 3003 3217 3057; x_wconf 83' lang='lat' dir='ltr'><strong>namque</strong></span> <span class='ocrx_word' id='word_1_662' title='bbox 3247 2990 3441 3061; x_wconf 86' lang='lat' dir='ltr'><strong>singuli</strong></span> <span class='ocrx_word' id='word_1_663' title='bbox 3466 3007 3692 3066; x_wconf 83' lang='lat' dir='ltr'><strong>propter</strong></span> 
     </span>
    </p>
   </div>
   <div class='ocr_carea' id='block_1_100' title="bbox 2107 3075 3690 3147">
    <p class='ocr_par' dir='ltr' id='par_1_100' title="bbox 2107 3075 3690 3147">
     <span class='ocr_line' id='line_1_100' title="bbox 2107 3075 3690 3147; baseline 0.011 -19"><span class='ocrx_word' id='word_1_664' title='bbox 2107 3075 2388 3139; x_wconf 86' lang='lat' dir='ltr'><strong>malitiam,</strong></span> <span class='ocrx_word' id='word_1_665' title='bbox 2420 3076 2565 3143; x_wconf 88' lang='lat' dir='ltr'><strong>quod</strong></span> <span class='ocrx_word' id='word_1_666' title='bbox 2596 3076 2648 3130; x_wconf 92' lang='lat' dir='ltr'><strong>in</strong></span> <span class='ocrx_word' id='word_1_667' title='bbox 2673 3076 2907 3147; x_wconf 88' lang='lat' dir='ltr'><strong>maligno</strong></span> <span class='ocrx_word' id='word_1_668' title='bbox 2929 3094 3051 3135; x_wconf 89' lang='lat' dir='ltr'><strong>esse</strong></span> <span class='ocrx_word' id='word_1_669' title='bbox 3072 3081 3351 3145; x_wconf 88' lang='lat' dir='ltr'><strong>dicuntur,</strong></span> <span class='ocrx_word' id='word_1_670' title='bbox 3396 3086 3690 3145; x_wconf 85' lang='lat' dir='ltr'><strong>deliberari</strong></span> 
     </span>
    </p>
   </div>
   <div class='ocr_carea' id='block_1_101' title="bbox 2108 3165 3694 3234">
    <p class='ocr_par' dir='ltr' id='par_1_101' title="bbox 2108 3165 3694 3234">
     <span class='ocr_line' id='line_1_101' title="bbox 2108 3165 3694 3234; baseline 0.009 -14"><span class='ocrx_word' id='word_1_671' title='bbox 2108 3165 2359 3232; x_wconf 89' lang='lat' dir='ltr'><strong>dicimur,</strong></span> <span class='ocrx_word' id='word_1_672' title='bbox 2377 3168 2503 3220; x_wconf 89' lang='lat' dir='ltr'><strong>dum</strong></span> <span class='ocrx_word' id='word_1_673' title='bbox 2523 3179 2773 3221; x_wconf 88' lang='lat' dir='ltr'><strong>oramus:</strong></span> <span class='ocrx_word' id='word_1_674' title='bbox 2804 3186 2822 3217; x_wconf 74' lang='grc' dir='ltr'><strong>ι</strong></span> <span class='ocrx_word' id='word_1_675' title='bbox 2847 3167 3037 3223; x_wconf 84' lang='lat' dir='ltr'><strong>Libera</strong></span> <span class='ocrx_word' id='word_1_676' title='bbox 3060 3184 3157 3225; x_wconf 92' lang='lat' dir='ltr'><strong>nos</strong></span> <span class='ocrx_word' id='word_1_677' title='bbox 3181 3186 3211 3224; x_wconf 89' lang='lat' dir='ltr'><strong>a</strong></span> <span class='ocrx_word' id='word_1_678' title='bbox 3239 3174 3378 3228; x_wconf 89' lang='lat' dir='ltr'><strong>malo</strong></span> <span class='ocrx_word' id='word_1_679' title='bbox 3396 3175 3460 3229; x_wconf 67' lang='grc' dir='ltr'><strong>θ’.</strong></span> <span class='ocrx_word' id='word_1_680' title='bbox 3483 3195 3502 3228; x_wconf 75' lang='grc' dir='ltr'><strong>ι</strong></span> <span class='ocrx_word' id='word_1_681' title='bbox 3530 3176 3694 3234; x_wconf 76' lang='lat' dir='ltr'><strong>Redi-</strong></span> 
     </span>
    </p>
   </div>
   <div class='ocr_carea' id='block_1_102' title="bbox 2108 3255 3690 3336">
    <p class='ocr_par' dir='ltr' id='par_1_102' title="bbox 2108 3255 3690 3336">
     <span class='ocr_line' id='line_1_102' title="bbox 2108 3255 3690 3336; baseline 0.009 -28"><span class='ocrx_word' id='word_1_682' title='bbox 2108 3266 2328 3309; x_wconf 89' lang='lat' dir='ltr'><strong>muntur</strong></span> <span class='ocrx_word' id='word_1_683' title='bbox 2349 3269 2586 3324; x_wconf 88' lang='lat' dir='ltr'><strong>namque</strong></span> <span class='ocrx_word' id='word_1_684' title='bbox 2613 3262 2667 3310; x_wconf 89' lang='lat' dir='ltr'><strong>et</strong></span> <span class='ocrx_word' id='word_1_685' title='bbox 2695 3255 2994 3311; x_wconf 86' lang='lat' dir='ltr'><strong>liberantur</strong></span> <span class='ocrx_word' id='word_1_686' title='bbox 3031 3258 3099 3313; x_wconf 87' lang='lat' dir='ltr'><strong>ab</strong></span> <span class='ocrx_word' id='word_1_687' title='bbox 3125 3274 3189 3315; x_wconf 92' lang='lat' dir='ltr'><strong>eo</strong></span> <span class='ocrx_word' id='word_1_688' title='bbox 3217 3266 3415 3331; x_wconf 84' lang='lat' dir='ltr'><strong>cuncti,</strong></span> <span class='ocrx_word' id='word_1_689' title='bbox 3467 3268 3557 3336; x_wconf 88' lang='lat' dir='ltr'><strong>qui</strong></span> <span class='ocrx_word' id='word_1_690' title='bbox 3591 3284 3690 3323; x_wconf 81' lang='lat' dir='ltr'><strong>ne-</strong></span> 
     </span>
    </p>
   </div>
   <div class='ocr_carea' id='block_1_103' title="bbox 2106 3345 3690 3430">
    <p class='ocr_par' dir='ltr' id='par_1_103' title="bbox 2106 3345 3690 3430">
     <span class='ocr_line' id='line_1_103' title="bbox 2106 3345 3690 3430; baseline 0.012 -34"><span class='ocrx_word' id='word_1_691' title='bbox 2106 3358 2375 3413; x_wconf 89' lang='lat' dir='ltr'><strong>quaquam</strong></span> <span class='ocrx_word' id='word_1_692' title='bbox 2399 3346 2469 3401; x_wconf 87' lang='lat' dir='ltr'><strong>ab</strong></span> <span class='ocrx_word' id='word_1_693' title='bbox 2494 3346 2675 3415; x_wconf 88' lang='lat' dir='ltr'><strong>ignitis</strong></span> <span class='ocrx_word' id='word_1_694' title='bbox 2697 3345 2816 3414; x_wconf 86' lang='lat' dir='ltr'><strong>ejus</strong></span> <span class='ocrx_word' id='word_1_695' title='bbox 2836 3347 3035 3417; x_wconf 84' lang='lat' dir='ltr'><strong>jaculis</strong></span> <span class='ocrx_word' id='word_1_696' title='bbox 3061 3350 3437 3425; x_wconf 89' lang='lat' dir='ltr'><strong>vulnerantur,</strong></span> <span class='ocrx_word' id='word_1_697' title='bbox 3464 3374 3528 3413; x_wconf 92' lang='lat' dir='ltr'><strong>eo</strong></span> <span class='ocrx_word' id='word_1_698' title='bbox 3549 3363 3690 3430; x_wconf 83' lang='lat' dir='ltr'><strong>quod</strong></span> 
     </span>
    </p>
   </div>
   <div class='ocr_carea' id='block_1_104' title="bbox 2105 3434 3692 3507">
    <p class='ocr_par' dir='ltr' id='par_1_104' title="bbox 2105 3434 3692 3507">
     <span class='ocr_line' id='line_1_104' title="bbox 2105 3434 3692 3507; baseline 0.013 -20"><span class='ocrx_word' id='word_1_699' title='bbox 2105 3435 2159 3487; x_wconf 89' lang='lat' dir='ltr'><strong>in</strong></span> <span class='ocrx_word' id='word_1_700' title='bbox 2180 3434 2434 3489; x_wconf 87' lang='lat' dir='ltr'><strong>omnibus</strong></span> <span class='ocrx_word' id='word_1_701' title='bbox 2457 3446 3106 3503; x_wconf 88' lang='lat' dir='ltr'><strong>assumpseruntscutum</strong></span> <span class='ocrx_word' id='word_1_702' title='bbox 3131 3442 3252 3497; x_wconf 81' lang='lat' dir='ltr'><strong>ﬁdei</strong></span> <span class='ocrx_word' id='word_1_703' title='bbox 3278 3447 3554 3507; x_wconf 88' lang='lat' dir='ltr'><strong>salutaris.</strong></span> <span class='ocrx_word' id='word_1_704' title='bbox 3588 3453 3692 3507; x_wconf 76' lang='lat' dir='ltr'><strong>Vo-</strong></span> 
     </span>
    </p>
   </div>
   <div class='ocr_carea' id='block_1_105' title="bbox 2103 3526 3692 3601">
    <p class='ocr_par' dir='ltr' id='par_1_105' title="bbox 2103 3526 3692 3601">
     <span class='ocr_line' id='line_1_105' title="bbox 2103 3526 3692 3601; baseline 0.01 -18"><span class='ocrx_word' id='word_1_705' title='bbox 2103 3526 2225 3583; x_wconf 90' lang='lat' dir='ltr'><strong>lens</strong></span> <span class='ocrx_word' id='word_1_706' title='bbox 2250 3528 2430 3596; x_wconf 84' lang='lat' dir='ltr'><strong>itaque</strong></span> <span class='ocrx_word' id='word_1_707' title='bbox 2453 3527 2705 3583; x_wconf 88' lang='lat' dir='ltr'><strong>Salvator</strong></span> <span class='ocrx_word' id='word_1_708' title='bbox 2721 3528 2824 3583; x_wconf 88' lang='lat' dir='ltr'><strong>hoc</strong></span> <span class='ocrx_word' id='word_1_709' title='bbox 2855 3544 2885 3583; x_wconf 87' lang='lat' dir='ltr'><strong>a</strong></span> <span class='ocrx_word' id='word_1_710' title='bbox 2909 3529 3070 3586; x_wconf 83' lang='lat' dir='ltr'><strong>Patre</strong></span> <span class='ocrx_word' id='word_1_711' title='bbox 3091 3538 3314 3590; x_wconf 89' lang='lat' dir='ltr'><strong>concedi</strong></span> <span class='ocrx_word' id='word_1_712' title='bbox 3338 3576 3354 3600; x_wconf 92' lang='lat'><strong>,</strong></span> <span class='ocrx_word' id='word_1_713' title='bbox 3392 3541 3605 3597; x_wconf 85' lang='lat' dir='ltr'><strong>dicebat</strong></span> <span class='ocrx_word' id='word_1_714' title='bbox 3625 3548 3692 3601; x_wconf 70' lang='lat' dir='ltr'><strong>«fe</strong></span> 
     </span>
    </p>
   </div>
   <div class='ocr_carea' id='block_1_106' title="bbox 2103 3617 3689 3699">
    <p class='ocr_par' dir='ltr' id='par_1_106' title="bbox 2103 3617 3689 3699">
     <span class='ocr_line' id='line_1_106' title="bbox 2103 3617 3689 3699; baseline 0.008 -25"><span class='ocrx_word' id='word_1_715' title='bbox 2103 3617 2384 3688; x_wconf 87' lang='lat' dir='ltr'><strong>discipulis</strong></span> <span class='ocrx_word' id='word_1_716' title='bbox 2409 3618 2523 3673; x_wconf 84' lang='lat' dir='ltr'><strong>suis</strong></span> <span class='ocrx_word' id='word_1_717' title='bbox 2549 3637 2563 3673; x_wconf 90' lang='lat'><strong>:</strong></span> <span class='ocrx_word' id='word_1_718' title='bbox 2607 3636 2628 3669; x_wconf 70' lang='grc' dir='ltr'><strong>ι</strong></span> <span class='ocrx_word' id='word_1_719' title='bbox 2661 3618 2845 3684; x_wconf 87' lang='lat' dir='ltr'><strong>Pater,</strong></span> <span class='ocrx_word' id='word_1_720' title='bbox 2872 3634 3025 3675; x_wconf 85' lang='lat' dir='ltr'><strong>serva</strong></span> <span class='ocrx_word' id='word_1_721' title='bbox 3051 3636 3144 3676; x_wconf 90' lang='lat' dir='ltr'><strong>eos</strong></span> <span class='ocrx_word' id='word_1_722' title='bbox 3172 3639 3198 3676; x_wconf 90' lang='lat' dir='ltr'><strong>a</strong></span> <span class='ocrx_word' id='word_1_723' title='bbox 3224 3626 3366 3680; x_wconf 88' lang='lat' dir='ltr'><strong>malo</strong></span> <span class='ocrx_word' id='word_1_724' title='bbox 3384 3629 3450 3682; x_wconf 68' lang='grc'><strong>⁵⁸.</strong></span> <span class='ocrx_word' id='word_1_725' title='bbox 3488 3650 3507 3681; x_wconf 74' lang='grc' dir='ltr'><strong>ι</strong></span> <span class='ocrx_word' id='word_1_726' title='bbox 3542 3634 3689 3699; x_wconf 79' lang='lat' dir='ltr'><strong>Qun-</strong></span> 
     </span>
    </p>
   </div>
   <div class='ocr_carea' id='block_1_107' title="bbox 2101 3709 3685 3786">
    <p class='ocr_par' dir='ltr' id='par_1_107' title="bbox 2101 3709 3685 3786">
     <span class='ocr_line' id='line_1_107' title="bbox 2101 3709 3685 3786; baseline 0.01 -21"><span class='ocrx_word' id='word_1_727' title='bbox 2101 3720 2322 3781; x_wconf 83' lang='lat' dir='ltr'><strong>propter</strong></span> <span class='ocrx_word' id='word_1_728' title='bbox 2361 3710 2584 3767; x_wconf 88' lang='lat' dir='ltr'><strong>deviare</strong></span> <span class='ocrx_word' id='word_1_729' title='bbox 2616 3709 2870 3764; x_wconf 88' lang='lat' dir='ltr'><strong>credendi</strong></span> <span class='ocrx_word' id='word_1_730' title='bbox 2899 3719 3043 3775; x_wconf 85' lang='lat' dir='ltr'><strong>sunt,</strong></span> <span class='ocrx_word' id='word_1_731' title='bbox 3080 3713 3170 3781; x_wconf 92' lang='lat' dir='ltr'><strong>qui</strong></span> <span class='ocrx_word' id='word_1_732' title='bbox 3205 3727 3396 3786; x_wconf 84' lang='lat' dir='ltr'><strong>putant</strong></span> <span class='ocrx_word' id='word_1_733' title='bbox 3428 3726 3685 3780; x_wconf 87' lang='lat' dir='ltr'><strong>mundum</strong></span> 
     </span>
    </p>
   </div>
   <div class='ocr_carea' id='block_1_108' title="bbox 2102 3802 3685 3887">
    <p class='ocr_par' dir='ltr' id='par_1_108' title="bbox 2102 3802 3685 3887">
     <span class='ocr_line' id='line_1_108' title="bbox 2102 3802 3685 3887; baseline 0.008 -29"><span class='ocrx_word' id='word_1_734' title='bbox 2102 3804 2337 3872; x_wconf 88' lang='lat' dir='ltr'><strong>positum</strong></span> <span class='ocrx_word' id='word_1_735' title='bbox 2362 3802 2414 3858; x_wconf 92' lang='lat' dir='ltr'><strong>in</strong></span> <span class='ocrx_word' id='word_1_736' title='bbox 2441 3802 2697 3872; x_wconf 87' lang='lat' dir='ltr'><strong>maligno,</strong></span> <span class='ocrx_word' id='word_1_737' title='bbox 2723 3805 2877 3874; x_wconf 89' lang='lat' dir='ltr'><strong>quasi</strong></span> <span class='ocrx_word' id='word_1_738' title='bbox 2906 3804 2959 3858; x_wconf 93' lang='lat' dir='ltr'><strong>in</strong></span> <span class='ocrx_word' id='word_1_739' title='bbox 2990 3807 3183 3875; x_wconf 88' lang='lat' dir='ltr'><strong>opiliee</strong></span> <span class='ocrx_word' id='word_1_740' title='bbox 3209 3824 3328 3863; x_wconf 90' lang='lat' dir='ltr'><strong>suo.</strong></span> <span class='ocrx_word' id='word_1_741' title='bbox 3357 3809 3467 3869; x_wconf 89' lang='lat' dir='ltr'><strong>lloc</strong></span> <span class='ocrx_word' id='word_1_742' title='bbox 3497 3815 3685 3887; x_wconf 83' lang='lat' dir='ltr'><strong>itaque</strong></span> 
     </span>
    </p>
   </div>
   <div class='ocr_carea' id='block_1_109' title="bbox 2101 3897 3711 3973">
    <p class='ocr_par' dir='ltr' id='par_1_109' title="bbox 2101 3897 3711 3973">
     <span class='ocr_line' id='line_1_109' title="bbox 2101 3897 3711 3973; baseline 0.007 -23"><span class='ocrx_word' id='word_1_743' title='bbox 2101 3898 2328 3952; x_wconf 87' lang='lat' dir='ltr'><strong>verbum</strong></span> <span class='ocrx_word' id='word_1_744' title='bbox 2356 3897 2629 3967; x_wconf 81' lang='lat' dir='ltr'><strong>signiﬁcat</strong></span> <span class='ocrx_word' id='word_1_745' title='bbox 2657 3898 2820 3953; x_wconf 89' lang='lat' dir='ltr'><strong>etiam</strong></span> <span class='ocrx_word' id='word_1_746' title='bbox 2849 3897 3152 3955; x_wconf 87' lang='lat' dir='ltr'><strong>voluntates</strong></span> <span class='ocrx_word' id='word_1_747' title='bbox 3176 3910 3229 3955; x_wconf 89' lang='lat' dir='ltr'><strong>et</strong></span> <span class='ocrx_word' id='word_1_748' title='bbox 3254 3904 3462 3971; x_wconf 91' lang='lat' dir='ltr'><strong>modos,</strong></span> <span class='ocrx_word' id='word_1_749' title='bbox 3491 3905 3543 3962; x_wconf 91' lang='lat' dir='ltr'><strong>id</strong></span> <span class='ocrx_word' id='word_1_750' title='bbox 3577 3922 3711 3973; x_wconf 83' lang='lat' dir='ltr'><strong>cst,&#39;</strong></span> 
     </span>
    </p>
   </div>
   <div class='ocr_carea' id='block_1_110' title="bbox 2102 3994 3686 4064">
    <p class='ocr_par' dir='ltr' id='par_1_110' title="bbox 2102 3994 3686 4064">
     <span class='ocr_line' id='line_1_110' title="bbox 2102 3994 3686 4064; baseline 0.008 -20"><span class='ocrx_word' id='word_1_751' title='bbox 2102 4005 2208 4044; x_wconf 90' lang='lat' dir='ltr'><strong>non</strong></span> <span class='ocrx_word' id='word_1_752' title='bbox 2252 3998 2502 4045; x_wconf 87' lang='lat' dir='ltr'><strong>naturam</strong></span> <span class='ocrx_word' id='word_1_753' title='bbox 2543 4006 2666 4047; x_wconf 84' lang='lat' dir='ltr'><strong>esse</strong></span> <span class='ocrx_word' id='word_1_754' title='bbox 2699 4001 2753 4046; x_wconf 87' lang='lat' dir='ltr'><strong>et</strong></span> <span class='ocrx_word' id='word_1_755' title='bbox 2791 4004 3032 4059; x_wconf 84' lang='lat' dir='ltr'><strong>causam,</strong></span> <span class='ocrx_word' id='word_1_756' title='bbox 3074 4002 3132 4047; x_wconf 91' lang='lat' dir='ltr'><strong>ut</strong></span> <span class='ocrx_word' id='word_1_757' title='bbox 3161 3994 3449 4064; x_wconf 87' lang='lat' dir='ltr'><strong>quisquam</strong></span> <span class='ocrx_word' id='word_1_758' title='bbox 3474 4012 3537 4054; x_wconf 82' lang='lat' dir='ltr'><strong>ex</strong></span> <span class='ocrx_word' id='word_1_759' title='bbox 3575 4001 3686 4055; x_wconf 79' lang='lat' dir='ltr'><strong>Dm</strong></span> 
     </span>
    </p>
   </div>
   <div class='ocr_carea' id='block_1_111' title="bbox 2102 4083 3682 4157">
    <p class='ocr_par' dir='ltr' id='par_1_111' title="bbox 2102 4083 3682 4157">
     <span class='ocr_line' id='line_1_111' title="bbox 2102 4083 3682 4157; baseline 0.009 -22"><span class='ocrx_word' id='word_1_760' title='bbox 2102 4091 2341 4153; x_wconf 81' lang='lat' dir='ltr'><strong>putetur,</strong></span> <span class='ocrx_word' id='word_1_761' title='bbox 2387 4093 2481 4137; x_wconf 87' lang='lat' dir='ltr'><strong>aut</strong></span> <span class='ocrx_word' id='word_1_762' title='bbox 2516 4083 2629 4154; x_wconf 87' lang='lat'><strong>(80)</strong></span> <span class='ocrx_word' id='word_1_763' title='bbox 2680 4085 2733 4138; x_wconf 92' lang='lat' dir='ltr'><strong>in</strong></span> <span class='ocrx_word' id='word_1_764' title='bbox 2770 4085 3005 4154; x_wconf 84' lang='lat' dir='ltr'><strong>maligno</strong></span> <span class='ocrx_word' id='word_1_765' title='bbox 3050 4086 3122 4142; x_wconf 89' lang='lat' dir='ltr'><strong>sit</strong></span> <span class='ocrx_word' id='word_1_766' title='bbox 3158 4091 3510 4157; x_wconf 86' lang='lat' dir='ltr'><strong>constitutus,</strong></span> <span class='ocrx_word' id='word_1_767' title='bbox 3560 4110 3682 4150; x_wconf 89' lang='lat' dir='ltr'><strong>cum</strong></span> 
     </span>
    </p>
   </div>
   <div class='ocr_carea' id='block_1_112' title="bbox 2102 4176 3679 4254">
    <p class='ocr_par' dir='ltr' id='par_1_112' title="bbox 2102 4176 3679 4254">
     <span class='ocr_line' id='line_1_112' title="bbox 2102 4176 3679 4254; baseline 0.008 -23"><span class='ocrx_word' id='word_1_768' title='bbox 2102 4176 2253 4239; x_wconf 91' lang='lat' dir='ltr'><strong>dicit,</strong></span> <span class='ocrx_word' id='word_1_769' title='bbox 2282 4191 2379 4231; x_wconf 88' lang='lat' dir='ltr'><strong>nos</strong></span> <span class='ocrx_word' id='word_1_770' title='bbox 2399 4177 2600 4232; x_wconf 76' lang='lat' dir='ltr'><strong>Christi</strong></span> <span class='ocrx_word' id='word_1_771' title='bbox 2628 4176 2874 4247; x_wconf 89' lang='lat' dir='ltr'><strong>discipuli</strong></span> <span class='ocrx_word' id='word_1_772' title='bbox 2902 4179 3373 4249; x_wconf 86' lang='lat' dir='ltr'><strong>diseiplinabiliter</strong></span> <span class='ocrx_word' id='word_1_773' title='bbox 3403 4186 3679 4254; x_wconf 80' lang='lat' dir='ltr'><strong>novimus,</strong></span> 
     </span>
    </p>
   </div>
   <div class='ocr_carea' id='block_1_113' title="bbox 2102 4266 3683 4345">
    <p class='ocr_par' dir='ltr' id='par_1_113' title="bbox 2102 4266 3683 4345">
     <span class='ocr_line' id='line_1_113' title="bbox 2102 4266 3683 4345; baseline 0.011 -26"><span class='ocrx_word' id='word_1_774' title='bbox 2102 4268 2226 4337; x_wconf 88' lang='lat' dir='ltr'><strong>quia</strong></span> <span class='ocrx_word' id='word_1_775' title='bbox 2251 4282 2320 4324; x_wconf 81' lang='lat' dir='ltr'><strong>ex</strong></span> <span class='ocrx_word' id='word_1_776' title='bbox 2354 4266 2464 4324; x_wconf 82' lang='lat' dir='ltr'><strong>Deo</strong></span> <span class='ocrx_word' id='word_1_777' title='bbox 2491 4283 2701 4334; x_wconf 85' lang='lat' dir='ltr'><strong>sumus,</strong></span> <span class='ocrx_word' id='word_1_778' title='bbox 2741 4270 2810 4325; x_wconf 90' lang='lat' dir='ltr'><strong>ab</strong></span> <span class='ocrx_word' id='word_1_779' title='bbox 2848 4284 2912 4326; x_wconf 89' lang='lat' dir='ltr'><strong>eo</strong></span> <span class='ocrx_word' id='word_1_780' title='bbox 2947 4274 3286 4345; x_wconf 85' lang='lat' dir='ltr'><strong>participium</strong></span> <span class='ocrx_word' id='word_1_781' title='bbox 3335 4276 3620 4342; x_wconf 86' lang='lat' dir='ltr'><strong>habentes,</strong></span> <span class='ocrx_word' id='word_1_782' title='bbox 3652 4298 3683 4335; x_wconf 91' lang='lat' dir='ltr'><strong>a</strong></span> 
     </span>
    </p>
   </div>
   <div class='ocr_carea' id='block_1_114' title="bbox 2102 4361 3680 4437">
    <p class='ocr_par' dir='ltr' id='par_1_114' title="bbox 2102 4361 3680 4437">
     <span class='ocr_line' id='line_1_114' title="bbox 2102 4361 3680 4437; baseline 0.008 -24"><span class='ocrx_word' id='word_1_783' title='bbox 2102 4376 2210 4429; x_wconf 87' lang='lat' dir='ltr'><strong>quo</strong></span> <span class='ocrx_word' id='word_1_784' title='bbox 2237 4361 2392 4416; x_wconf 80' lang='lat' dir='ltr'><strong>electi</strong></span> <span class='ocrx_word' id='word_1_785' title='bbox 2444 4363 2508 4416; x_wconf 88' lang='lat' dir='ltr'><strong>de</strong></span> <span class='ocrx_word' id='word_1_786' title='bbox 2541 4364 2739 4419; x_wconf 80' lang='lat' dir='ltr'><strong>mundo</strong></span> <span class='ocrx_word' id='word_1_787' title='bbox 2761 4404 2777 4426; x_wconf 89' lang='lat'><strong>,</strong></span> <span class='ocrx_word' id='word_1_788' title='bbox 2808 4378 2875 4418; x_wconf 80' lang='lat' dir='ltr'><strong>ex</strong></span> <span class='ocrx_word' id='word_1_789' title='bbox 2924 4364 3036 4421; x_wconf 90' lang='lat' dir='ltr'><strong>Deo</strong></span> <span class='ocrx_word' id='word_1_790' title='bbox 3083 4377 3306 4437; x_wconf 86' lang='lat' dir='ltr'><strong>propter</strong></span> <span class='ocrx_word' id='word_1_791' title='bbox 3337 4371 3680 4426; x_wconf 87' lang='lat' dir='ltr'><strong>sanctitatem</strong></span> 
     </span>
    </p>
   </div>
   <div class='ocr_carea' id='block_1_115' title="bbox 2105 4453 3682 4532">
    <p class='ocr_par' dir='ltr' id='par_1_115' title="bbox 2105 4453 3682 4532">
     <span class='ocr_line' id='line_1_115' title="bbox 2105 4453 3682 4532; baseline 0.006 -25"><span class='ocrx_word' id='word_1_792' title='bbox 2105 4453 2217 4507; x_wconf 88' lang='lat' dir='ltr'><strong>nati</strong></span> <span class='ocrx_word' id='word_1_793' title='bbox 2250 4468 2458 4518; x_wconf 88' lang='lat' dir='ltr'><strong>sumus,</strong></span> <span class='ocrx_word' id='word_1_794' title='bbox 2487 4454 2591 4508; x_wconf 89' lang='lat' dir='ltr'><strong>hoc</strong></span> <span class='ocrx_word' id='word_1_795' title='bbox 2616 4454 2886 4522; x_wconf 83' lang='lat' dir='ltr'><strong>scientes,</strong></span> <span class='ocrx_word' id='word_1_796' title='bbox 2923 4456 3048 4525; x_wconf 89' lang='lat' dir='ltr'><strong>quia</strong></span> <span class='ocrx_word' id='word_1_797' title='bbox 3077 4459 3258 4514; x_wconf 89' lang='lat' dir='ltr'><strong>omnis</strong></span> <span class='ocrx_word' id='word_1_798' title='bbox 3297 4461 3530 4517; x_wconf 90' lang='lat' dir='ltr'><strong>mundus</strong></span> <span class='ocrx_word' id='word_1_799' title='bbox 3555 4477 3682 4532; x_wconf 84' lang='lat' dir='ltr'><strong>pro—</strong></span> 
     </span>
    </p>
   </div>
   <div class='ocr_carea' id='block_1_116' title="bbox 1247 4542 3681 4621">
    <p class='ocr_par' dir='ltr' id='par_1_116' title="bbox 1247 4542 3681 4621">
     <span class='ocr_line' id='line_1_116' title="bbox 1247 4542 3681 4621; baseline 0.007 -30"><span class='ocrx_word' id='word_1_800' title='bbox 1247 4542 1529 4611; x_wconf 85' lang='lat' dir='ltr'><strong>cujusdam</strong></span> <span class='ocrx_word' id='word_1_801' title='bbox 1587 4549 1853 4603; x_wconf 86' lang='lat' dir='ltr'><strong>creatoris</strong></span> <span class='ocrx_word' id='word_1_802' title='bbox 1903 4549 1996 4605; x_wconf 87' lang='lat' dir='ltr'><strong>Dei</strong></span> <span class='ocrx_word' id='word_1_803' title='bbox 2029 4546 2074 4601; x_wconf 93' lang='lat' dir='ltr'><strong>D</strong></span> <span class='ocrx_word' id='word_1_804' title='bbox 2104 4554 2226 4614; x_wconf 87' lang='lat' dir='ltr'><strong>pter</strong></span> <span class='ocrx_word' id='word_1_805' title='bbox 2269 4545 2638 4615; x_wconf 90' lang='lat' dir='ltr'><strong>impietatem,</strong></span> <span class='ocrx_word' id='word_1_806' title='bbox 2670 4561 2831 4616; x_wconf 88' lang='lat' dir='ltr'><strong>quam</strong></span> <span class='ocrx_word' id='word_1_807' title='bbox 2879 4547 3083 4612; x_wconf 86' lang='lat' dir='ltr'><strong>habet,</strong></span> <span class='ocrx_word' id='word_1_808' title='bbox 3121 4550 3172 4603; x_wconf 92' lang='lat' dir='ltr'><strong>in</strong></span> <span class='ocrx_word' id='word_1_809' title='bbox 3217 4550 3423 4605; x_wconf 88' lang='lat' dir='ltr'><strong>malitia</strong></span> <span class='ocrx_word' id='word_1_810' title='bbox 3474 4555 3681 4621; x_wconf 82' lang='lat' dir='ltr'><strong>positus</strong></span> 
     </span>
    </p>
   </div>
   <div class='ocr_carea' id='block_1_117' title="bbox 2103 4638 3680 4710">
    <p class='ocr_par' dir='ltr' id='par_1_117' title="bbox 2103 4638 3680 4710">
     <span class='ocr_line' id='line_1_117' title="bbox 2103 4638 3680 4710; baseline 0.006 -18"><span class='ocrx_word' id='word_1_811' title='bbox 2103 4647 2225 4702; x_wconf 89' lang='lat' dir='ltr'><strong>est,</strong></span> <span class='ocrx_word' id='word_1_812' title='bbox 2278 4638 2600 4694; x_wconf 88' lang='lat' dir='ltr'><strong>incumbens</strong></span> <span class='ocrx_word' id='word_1_813' title='bbox 2633 4641 2682 4694; x_wconf 88' lang='lat' dir='ltr'><strong>ei</strong></span> <span class='ocrx_word' id='word_1_814' title='bbox 2721 4641 2811 4709; x_wconf 93' lang='lat' dir='ltr'><strong>qui</strong></span> <span class='ocrx_word' id='word_1_815' title='bbox 2863 4641 3139 4710; x_wconf 71' lang='lat' dir='ltr'><strong>praecessit</strong></span> <span class='ocrx_word' id='word_1_816' title='bbox 3170 4642 3223 4697; x_wconf 89' lang='lat' dir='ltr'><strong>in</strong></span> <span class='ocrx_word' id='word_1_817' title='bbox 3271 4645 3452 4699; x_wconf 87' lang='lat' dir='ltr'><strong>malo:</strong></span> <span class='ocrx_word' id='word_1_818' title='bbox 3504 4646 3575 4699; x_wconf 88' lang='lat' dir='ltr'><strong>ita</strong></span> <span class='ocrx_word' id='word_1_819' title='bbox 3620 4657 3680 4702; x_wconf 70' lang='lat' dir='ltr'><strong>ut</strong></span> 
     </span>
    </p>
   </div>
   <div class='ocr_carea' id='block_1_118' title="bbox 2104 4729 3677 4801">
    <p class='ocr_par' dir='ltr' id='par_1_118' title="bbox 2104 4729 3677 4801">
     <span class='ocr_line' id='line_1_118' title="bbox 2104 4729 3677 4801; baseline 0.006 -19"><span class='ocrx_word' id='word_1_820' title='bbox 2104 4729 2242 4785; x_wconf 90' lang='lat' dir='ltr'><strong>idem</strong></span> <span class='ocrx_word' id='word_1_821' title='bbox 2276 4744 2397 4785; x_wconf 89' lang='lat' dir='ltr'><strong>esse</strong></span> <span class='ocrx_word' id='word_1_822' title='bbox 2432 4731 2699 4799; x_wconf 83' lang='lat' dir='ltr'><strong>videatur,</strong></span> <span class='ocrx_word' id='word_1_823' title='bbox 2733 4732 2966 4801; x_wconf 90' lang='lat' dir='ltr'><strong>positum</strong></span> <span class='ocrx_word' id='word_1_824' title='bbox 2998 4748 3119 4789; x_wconf 89' lang='lat' dir='ltr'><strong>esse</strong></span> <span class='ocrx_word' id='word_1_825' title='bbox 3154 4738 3410 4790; x_wconf 90' lang='lat' dir='ltr'><strong>mundum</strong></span> <span class='ocrx_word' id='word_1_826' title='bbox 3441 4736 3495 4791; x_wconf 92' lang='lat' dir='ltr'><strong>in</strong></span> <span class='ocrx_word' id='word_1_827' title='bbox 3526 4739 3677 4794; x_wconf 91' lang='lat' dir='ltr'><strong>mali-</strong></span> 
     </span>
    </p>
   </div>
   <div class='ocr_carea' id='block_1_119' title="bbox 2100 4823 3673 4897">
    <p class='ocr_par' dir='ltr' id='par_1_119' title="bbox 2100 4823 3673 4897">
     <span class='ocr_line' id='line_1_119' title="bbox 2100 4823 3673 4897; baseline 0.006 -22"><span class='ocrx_word' id='word_1_828' title='bbox 2100 4838 2227 4892; x_wconf 91' lang='lat' dir='ltr'><strong>gno,</strong></span> <span class='ocrx_word' id='word_1_829' title='bbox 2263 4823 2403 4893; x_wconf 84' lang='lat' dir='ltr'><strong>quod</strong></span> <span class='ocrx_word' id='word_1_830' title='bbox 2429 4838 2548 4877; x_wconf 68' lang='lat' dir='ltr'><strong>esse</strong></span> <span class='ocrx_word' id='word_1_831' title='bbox 2576 4824 2704 4879; x_wconf 91' lang='lat' dir='ltr'><strong>illud</strong></span> <span class='ocrx_word' id='word_1_832' title='bbox 2731 4841 2744 4878; x_wconf 90' lang='lat'><strong>:</strong></span> <span class='ocrx_word' id='word_1_833' title='bbox 2778 4842 2797 4875; x_wconf 74' lang='grc' dir='ltr'><strong>ι</strong></span> <span class='ocrx_word' id='word_1_834' title='bbox 2837 4824 2937 4891; x_wconf 86' lang='lat' dir='ltr'><strong>Qui</strong></span> <span class='ocrx_word' id='word_1_835' title='bbox 2969 4825 3097 4882; x_wconf 79' lang='lat' dir='ltr'><strong>facit</strong></span> <span class='ocrx_word' id='word_1_836' title='bbox 3134 4842 3434 4897; x_wconf 89' lang='lat' dir='ltr'><strong>peccatum,</strong></span> <span class='ocrx_word' id='word_1_837' title='bbox 3460 4844 3526 4884; x_wconf 79' lang='lat' dir='ltr'><strong>ex</strong></span> <span class='ocrx_word' id='word_1_838' title='bbox 3553 4830 3673 4884; x_wconf 89' lang='lat' dir='ltr'><strong>dia-</strong></span> 
     </span>
    </p>
   </div>
   <div class='ocr_carea' id='block_1_120' title="bbox 2097 4916 3674 4988">
    <p class='ocr_par' dir='ltr' id='par_1_120' title="bbox 2097 4916 3674 4988">
     <span class='ocr_line' id='line_1_120' title="bbox 2097 4916 3674 4988; baseline 0.005 -19"><span class='ocrx_word' id='word_1_839' title='bbox 2097 4916 2221 4971; x_wconf 87' lang='lat' dir='ltr'><strong>bolo</strong></span> <span class='ocrx_word' id='word_1_840' title='bbox 2253 4925 2357 4979; x_wconf 90' lang='lat' dir='ltr'><strong>est,</strong></span> <span class='ocrx_word' id='word_1_841' title='bbox 2395 4916 2523 4985; x_wconf 84' lang='lat' dir='ltr'><strong>quia</strong></span> <span class='ocrx_word' id='word_1_842' title='bbox 2570 4917 2638 4970; x_wconf 92' lang='lat' dir='ltr'><strong>ab</strong></span> <span class='ocrx_word' id='word_1_843' title='bbox 2670 4916 2826 4973; x_wconf 88' lang='lat' dir='ltr'><strong>initio</strong></span> <span class='ocrx_word' id='word_1_844' title='bbox 2864 4919 3113 4974; x_wconf 89' lang='lat' dir='ltr'><strong>diabolus</strong></span> <span class='ocrx_word' id='word_1_845' title='bbox 3142 4931 3331 4988; x_wconf 86' lang='lat' dir='ltr'><strong>peccat</strong></span> <span class='ocrx_word' id='word_1_846' title='bbox 3356 4922 3421 4973; x_wconf 83' lang='lat'><strong>&quot;.</strong></span> <span class='ocrx_word' id='word_1_847' title='bbox 3465 4938 3484 4974; x_wconf 75' lang='grc' dir='ltr'><strong>ι</strong></span> <span class='ocrx_word' id='word_1_848' title='bbox 3520 4921 3674 4977; x_wconf 79' lang='lat' dir='ltr'><strong>Mali-</strong></span> 
     </span>
    </p>
   </div>
   <div class='ocr_carea' id='block_1_121' title="bbox 2097 5007 3672 5079">
    <p class='ocr_par' dir='ltr' id='par_1_121' title="bbox 2097 5007 3672 5079">
     <span class='ocr_line' id='line_1_121' title="bbox 2097 5007 3672 5079; baseline 0.006 -18"><span class='ocrx_word' id='word_1_849' title='bbox 2097 5023 2232 5077; x_wconf 87' lang='lat' dir='ltr'><strong>gnus</strong></span> <span class='ocrx_word' id='word_1_850' title='bbox 2261 5008 2404 5061; x_wconf 86' lang='lat' dir='ltr'><strong>enim</strong></span> <span class='ocrx_word' id='word_1_851' title='bbox 2447 5017 2501 5062; x_wconf 88' lang='lat' dir='ltr'><strong>et</strong></span> <span class='ocrx_word' id='word_1_852' title='bbox 2530 5007 2645 5079; x_wconf 82' lang='lat'><strong>(8|)</strong></span> <span class='ocrx_word' id='word_1_853' title='bbox 2697 5008 2941 5065; x_wconf 78' lang='lat' dir='ltr'><strong>diabolus</strong></span> <span class='ocrx_word' id='word_1_854' title='bbox 2989 5020 3106 5074; x_wconf 91' lang='lat' dir='ltr'><strong>est,</strong></span> <span class='ocrx_word' id='word_1_855' title='bbox 3149 5018 3206 5063; x_wconf 90' lang='lat' dir='ltr'><strong>et</strong></span> <span class='ocrx_word' id='word_1_856' title='bbox 3241 5025 3347 5066; x_wconf 92' lang='lat' dir='ltr'><strong>non</strong></span> <span class='ocrx_word' id='word_1_857' title='bbox 3389 5012 3549 5068; x_wconf 88' lang='lat' dir='ltr'><strong>aliter</strong></span> <span class='ocrx_word' id='word_1_858' title='bbox 3591 5024 3672 5070; x_wconf 72' lang='lat' dir='ltr'><strong>est</strong></span> 
     </span>
    </p>
   </div>
   <div class='ocr_carea' id='block_1_122' title="bbox 2125 5144 3667 5214">
    <p class='ocr_par' dir='ltr' id='par_1_122' title="bbox 2125 5144 3667 5214">
     <span class='ocr_line' id='line_1_122' title="bbox 2125 5144 3667 5214; baseline 0.005 -17"><span class='ocrx_word' id='word_1_859' title='bbox 2125 5147 2169 5175; x_wconf 74' lang='grc'>⁸³</span> <span class='ocrx_word' id='word_1_860' title='bbox 2197 5146 2351 5201; x_wconf 84' lang='lat' dir='ltr'><strong>Joan.</strong></span> <span class='ocrx_word' id='word_1_861' title='bbox 2389 5161 2519 5204; x_wconf 80' lang='lat' dir='ltr'><strong>xv&quot;.</strong></span> <span class='ocrx_word' id='word_1_862' title='bbox 2548 5144 2634 5197; x_wconf 91' lang='lat' dir='ltr'><strong>ll.</strong></span> <span class='ocrx_word' id='word_1_863' title='bbox 2720 5144 2767 5176; x_wconf 70' lang='lat'><strong>‘”</strong></span> <span class='ocrx_word' id='word_1_864' title='bbox 2802 5144 2940 5199; x_wconf 88' lang='lat' dir='ltr'><strong>Psal.</strong></span> <span class='ocrx_word' id='word_1_865' title='bbox 2978 5162 3065 5204; x_wconf 81' lang='lat' dir='ltr'><strong>xc.</strong></span> <span class='ocrx_word' id='word_1_866' title='bbox 3095 5145 3180 5199; x_wconf 83' lang='lat' dir='ltr'><strong>l0.</strong></span> <span class='ocrx_word' id='word_1_867' title='bbox 3257 5147 3304 5179; x_wconf 78' lang='grc'>⁸⁸</span> <span class='ocrx_word' id='word_1_868' title='bbox 3334 5147 3496 5202; x_wconf 88' lang='lat' dir='ltr'><strong>Zach.</strong></span> <span class='ocrx_word' id='word_1_869' title='bbox 3523 5163 3580 5214; x_wconf 86' lang='grc' dir='ltr'><strong>ιι,</strong></span> <span class='ocrx_word' id='word_1_870' title='bbox 3613 5150 3667 5204; x_wconf 81' lang='lat'><strong>8.</strong></span> 
     </span>
    </p>
   </div>
   <div class='ocr_carea' id='block_1_123' title="bbox 408 5193 2002 5285">
    <p class='ocr_par' dir='ltr' id='par_1_123' title="bbox 408 5193 2002 5285">
     <span class='ocr_line' id='line_1_123' title="bbox 408 5193 2002 5285; baseline -0.004 -11"><span class='ocrx_word' id='word_1_871' title='bbox 408 5193 650 5285; x_wconf 54' lang='grc' dir='ltr'><strong>ξτζῐζδπ</strong></span> <span class='ocrx_word' id='word_1_872' title='bbox 686 5193 914 5285; x_wconf 53' lang='grc' dir='ltr'><strong>οεῖνίεί</strong></span> <span class='ocrx_word' id='word_1_873' title='bbox 986 5210 1033 5241; x_wconf 70' lang='grc'><strong>³⁸</strong></span> <span class='ocrx_word' id='word_1_874' title='bbox 1060 5193 1431 5280; x_wconf 56' lang='grc' dir='ltr'><strong>ιοεηξνέίἶγ.</strong></span> <span class='ocrx_word' id='word_1_875' title='bbox 1495 5214 1538 5246; x_wconf 72' lang='grc' dir='ltr'>ετ</span> <span class='ocrx_word' id='word_1_876' title='bbox 1568 5193 1940 5281; x_wconf 58' lang='grc' dir='ltr'><strong>Μᾶιῐιῖἶκῖιιὶιζ</strong></span> <span class='ocrx_word' id='word_1_877' title='bbox 1977 5193 2002 5267; x_wconf 74' lang='lat'><strong>7</strong></span> 
     </span>
    </p>
   </div>
   <div class='ocr_carea' id='block_1_124' title="bbox 2112 5193 3667 5285">
    <p class='ocr_par' dir='ltr' id='par_1_124' title="bbox 2112 5193 3667 5285">
     <span class='ocr_line' id='line_1_124' title="bbox 2112 5193 3667 5285; baseline 0.003 -15"><span class='ocrx_word' id='word_1_878' title='bbox 2112 5216 2128 5246; x_wconf 74' lang='grc' dir='ltr'><em>υ</em></span> <span class='ocrx_word' id='word_1_879' title='bbox 2157 5193 2445 5285; x_wconf 55' lang='grc' dir='ltr'><strong>ιόἇῆῗχῧ,</strong></span> <span class='ocrx_word' id='word_1_880' title='bbox 2463 5193 2567 5269; x_wconf 59' lang='grc' dir='ltr'>ἐὺ.</span> <span class='ocrx_word' id='word_1_881' title='bbox 2590 5193 2652 5248; x_wconf 65' lang='grc' dir='ltr'><strong>ἶο</strong></span> <span class='ocrx_word' id='word_1_882' title='bbox 2684 5193 2956 5273; x_wconf 60' lang='grc' dir='ltr'>Μειῐιῖὲνῖ.</span> <span class='ocrx_word' id='word_1_883' title='bbox 2978 5193 3075 5270; x_wconf 59' lang='grc' dir='ltr'>ἶς’.</span> <span class='ocrx_word' id='word_1_884' title='bbox 3100 5193 3116 5199; x_wconf 76' lang='grc'><em>’</em></span> <span class='ocrx_word' id='word_1_885' title='bbox 3136 5193 3196 5249; x_wconf 58' lang='grc' dir='ltr'><strong>ἶο</strong></span> <span class='ocrx_word' id='word_1_886' title='bbox 3226 5193 3543 5282; x_wconf 32' lang='lat' dir='ltr'><strong>Ioniis-vit,</strong></span> <span class='ocrx_word' id='word_1_887' title='bbox 3566 5193 3667 5275; x_wconf 59' lang='grc' dir='ltr'><strong>’ξεί</strong></span> 
     </span>
    </p>
   </div>
   <div class='ocr_carea' id='block_1_125' title="bbox 408 5263 880 5327">
    <p class='ocr_par' dir='ltr' id='par_1_125' title="bbox 408 5263 880 5327">
     <span class='ocr_line' id='line_1_125' title="bbox 408 5263 880 5327; baseline 0.006 -8"><span class='ocrx_word' id='word_1_888' title='bbox 408 5263 451 5294; x_wconf 85' lang='grc'><strong>⁹¹</strong></span> <span class='ocrx_word' id='word_1_889' title='bbox 481 5266 500 5320; x_wconf 92' lang='lat' dir='ltr'><strong>l</strong></span> <span class='ocrx_word' id='word_1_890' title='bbox 526 5265 683 5320; x_wconf 81' lang='lat' dir='ltr'><strong>Joan.</strong></span> <span class='ocrx_word' id='word_1_891' title='bbox 718 5283 799 5327; x_wconf 86' lang='lat' dir='ltr'><strong>tu.</strong></span> <span class='ocrx_word' id='word_1_892' title='bbox 828 5272 880 5322; x_wconf 81' lang='lat'><strong>8.</strong></span> 
     </span>
    </p>
   </div>
   <div class='ocr_carea' id='block_1_126' title="bbox 482 5386 1983 5471">
    <p class='ocr_par' dir='ltr' id='par_1_126' title="bbox 482 5386 1983 5471">
     <span class='ocr_line' id='line_1_126' title="bbox 482 5386 1983 5471; baseline 0.011 -31"><span class='ocrx_word' id='word_1_893' title='bbox 482 5386 594 5471; x_wconf 60' lang='lat'><strong>(7(3)</strong></span> <span class='ocrx_word' id='word_1_894' title='bbox 632 5389 742 5443; x_wconf 85' lang='lat' dir='ltr'><strong>lloc</strong></span> <span class='ocrx_word' id='word_1_895' title='bbox 788 5394 1256 5471; x_wconf 41' lang='lat' dir='ltr'><strong>aperte&#39;l&#39;alsnm,</strong></span> <span class='ocrx_word' id='word_1_896' title='bbox 1289 5397 1410 5451; x_wconf 82' lang='lat' dir='ltr'><strong>Gal.</strong></span> <span class='ocrx_word' id='word_1_897' title='bbox 1457 5401 1739 5471; x_wconf 79' lang='lat' dir='ltr'><strong>legendum</strong></span> <span class='ocrx_word' id='word_1_898' title='bbox 1789 5411 1983 5471; x_wconf 87' lang='lat' dir='ltr'><strong>putat.</strong></span> 
     </span>
    </p>
   </div>
   <div class='ocr_carea' id='block_1_127' title="bbox 406 5460 1984 5528">
    <p class='ocr_par' dir='ltr' id='par_1_127' title="bbox 406 5460 1984 5528">
     <span class='ocr_line' id='line_1_127' title="bbox 406 5460 1984 5528; baseline 0.008 -16"><span class='ocrx_word' id='word_1_899' title='bbox 406 5460 728 5524; x_wconf 73' lang='lat' dir='ltr'><strong>accidentes,</strong></span> <span class='ocrx_word' id='word_1_900' title='bbox 768 5461 927 5514; x_wconf 85' lang='lat' dir='ltr'><strong>male.</strong></span> <span class='ocrx_word' id='word_1_901' title='bbox 963 5463 1159 5517; x_wconf 78' lang='lat' dir='ltr'><strong>Veram</strong></span> <span class='ocrx_word' id='word_1_902' title='bbox 1197 5460 1479 5522; x_wconf 87' lang='lat' dir='ltr'><strong>lectionem</strong></span> <span class='ocrx_word' id='word_1_903' title='bbox 1508 5460 1575 5524; x_wconf 65' lang='grc' dir='ltr'><strong>’ἐκ</strong></span> <span class='ocrx_word' id='word_1_904' title='bbox 1603 5460 1807 5527; x_wconf 60' lang='lat' dir='ltr'><strong>tim-cis</strong></span> <span class='ocrx_word' id='word_1_905' title='bbox 1836 5460 1984 5528; x_wconf 52' lang='lat' dir='ltr'><strong>asse;</strong></span> 
     </span>
    </p>
   </div>
   <div class='ocr_carea' id='block_1_128' title="bbox 406 5531 1903 5602">
    <p class='ocr_par' dir='ltr' id='par_1_128' title="bbox 406 5531 1903 5602">
     <span class='ocr_line' id='line_1_128' title="bbox 406 5531 1903 5602; baseline 0.011 -22"><span class='ocrx_word' id='word_1_906' title='bbox 406 5531 836 5602; x_wconf 56' lang='lat' dir='ltr'><strong>qui_eotijet&#39;t|tra</strong></span> <span class='ocrx_word' id='word_1_907' title='bbox 875 5534 1095 5599; x_wconf 90' lang='lat' dir='ltr'><strong>poteris.</strong></span> <span class='ocrx_word' id='word_1_908' title='bbox 1128 5534 1431 5601; x_wconf 80' lang='lat' dir='ltr'><strong>Legendum</strong></span> <span class='ocrx_word' id='word_1_909' title='bbox 1465 5551 1568 5602; x_wconf 88' lang='lat' dir='ltr'><strong>est,</strong></span> <span class='ocrx_word' id='word_1_910' title='bbox 1600 5547 1903 5597; x_wconf 74' lang='lat' dir='ltr'><strong>attentione.</strong></span> 
     </span>
    </p>
   </div>
   <div class='ocr_carea' id='block_1_129' title="bbox 480 5598 1979 5670">
    <p class='ocr_par' dir='ltr' id='par_1_129' title="bbox 480 5598 1979 5670">
     <span class='ocr_line' id='line_1_129' title="bbox 480 5598 1979 5670; baseline 0.013 -22"><span class='ocrx_word' id='word_1_911' title='bbox 480 5598 593 5670; x_wconf 88' lang='lat'><strong>(77)</strong></span> <span class='ocrx_word' id='word_1_912' title='bbox 630 5598 910 5655; x_wconf 86' lang='lat' dir='ltr'><strong>Gallandio</strong></span> <span class='ocrx_word' id='word_1_913' title='bbox 944 5618 1009 5656; x_wconf 81' lang='lat' dir='ltr'><strong>ex</strong></span> <span class='ocrx_word' id='word_1_914' title='bbox 1064 5598 1317 5658; x_wconf 73' lang='lat' dir='ltr'><strong>contextu</strong></span> <span class='ocrx_word' id='word_1_915' title='bbox 1367 5598 1770 5664; x_wconf 84' lang='lat' dir='ltr'><strong>reseribemlum</strong></span> <span class='ocrx_word' id='word_1_916' title='bbox 1832 5615 1979 5668; x_wconf 85' lang='lat' dir='ltr'><strong>vide-</strong></span> 
     </span>
    </p>
   </div>
   <div class='ocr_carea' id='block_1_130' title="bbox 406 5673 1973 5747">
    <p class='ocr_par' dir='ltr' id='par_1_130' title="bbox 406 5673 1973 5747">
     <span class='ocr_line' id='line_1_130' title="bbox 406 5673 1973 5747; baseline 0.008 -25"><span class='ocrx_word' id='word_1_917' title='bbox 406 5674 495 5747; x_wconf 54' lang='lat' dir='ltr'><strong>tur</strong></span> <span class='ocrx_word' id='word_1_918' title='bbox 548 5687 655 5723; x_wconf 78' lang='lat' dir='ltr'><strong>non</strong></span> <span class='ocrx_word' id='word_1_919' title='bbox 703 5673 1041 5736; x_wconf 75' lang='lat' dir='ltr'><strong>dubitamus,</strong></span> <span class='ocrx_word' id='word_1_920' title='bbox 1091 5684 1255 5728; x_wconf 79' lang='lat' dir='ltr'><strong>recte.</strong></span> <span class='ocrx_word' id='word_1_921' title='bbox 1310 5674 1611 5731; x_wconf 78' lang='lat' dir='ltr'><strong>Secundum</strong></span> <span class='ocrx_word' id='word_1_922' title='bbox 1660 5683 1973 5747; x_wconf 71' lang='lat' dir='ltr'><strong>hmreticoa,</strong></span> 
     </span>
    </p>
   </div>
   <div class='ocr_carea' id='block_1_131' title="bbox 404 5737 1971 5812">
    <p class='ocr_par' dir='ltr' id='par_1_131' title="bbox 404 5737 1971 5812">
     <span class='ocr_line' id='line_1_131' title="bbox 404 5737 1971 5812; baseline 0.011 -23"><span class='ocrx_word' id='word_1_923' title='bbox 404 5737 674 5812; x_wconf 82' lang='lat' dir='ltr'><strong>adjectum</strong></span> <span class='ocrx_word' id='word_1_924' title='bbox 703 5752 784 5795; x_wconf 88' lang='lat' dir='ltr'><strong>est</strong></span> <span class='ocrx_word' id='word_1_925' title='bbox 814 5747 914 5800; x_wconf 88' lang='lat' dir='ltr'><strong>hoc</strong></span> <span class='ocrx_word' id='word_1_926' title='bbox 946 5759 1127 5812; x_wconf 80' lang='lat' dir='ltr'><strong>sensu,</strong></span> <span class='ocrx_word' id='word_1_927' title='bbox 1158 5757 1215 5798; x_wconf 91' lang='lat' dir='ltr'><strong>ut</strong></span> <span class='ocrx_word' id='word_1_928' title='bbox 1248 5747 1486 5802; x_wconf 66' lang='lat' dir='ltr'><strong>haeretici</strong></span> <span class='ocrx_word' id='word_1_929' title='bbox 1522 5749 1771 5806; x_wconf 90' lang='lat' dir='ltr'><strong>dubitare</strong></span> <span class='ocrx_word' id='word_1_930' title='bbox 1808 5754 1874 5807; x_wconf 89' lang='lat' dir='ltr'><strong>de</strong></span> <span class='ocrx_word' id='word_1_931' title='bbox 1910 5737 1971 5808; x_wconf 81' lang='lat' dir='ltr'><strong>ea</strong></span> 
     </span>
    </p>
   </div>
   <div class='ocr_carea' id='block_1_132' title="bbox 405 5809 765 5867">
    <p class='ocr_par' dir='ltr' id='par_1_132' title="bbox 405 5809 765 5867">
     <span class='ocr_line' id='line_1_132' title="bbox 405 5809 765 5867; baseline 0.014 -6"><span class='ocrx_word' id='word_1_932' title='bbox 405 5821 468 5862; x_wconf 85' lang='lat' dir='ltr'><strong>re</strong></span> <span class='ocrx_word' id='word_1_933' title='bbox 494 5809 765 5867; x_wconf 85' lang='lat' dir='ltr'><strong>dicantur.</strong></span> 
     </span>
    </p>
   </div>
   <div class='ocr_carea' id='block_1_133' title="bbox 2158 5403 3664 5478">
    <p class='ocr_par' dir='ltr' id='par_1_133' title="bbox 2158 5403 3664 5478">
     <span class='ocr_line' id='line_1_133' title="bbox 2158 5403 3664 5478; baseline 0.006 -22"><span class='ocrx_word' id='word_1_934' title='bbox 2158 5403 2271 5475; x_wconf 88' lang='lat'><strong>(78)</strong></span> <span class='ocrx_word' id='word_1_935' title='bbox 2303 5405 2415 5460; x_wconf 90' lang='lat' dir='ltr'><strong>lloe</strong></span> <span class='ocrx_word' id='word_1_936' title='bbox 2450 5407 2752 5475; x_wconf 81' lang='lat' dir='ltr'><strong>scholium,</strong></span> <span class='ocrx_word' id='word_1_937' title='bbox 2785 5408 3036 5478; x_wconf 85' lang='lat' dir='ltr'><strong>quamvis</strong></span> <span class='ocrx_word' id='word_1_938' title='bbox 3070 5410 3328 5463; x_wconf 88' lang='lat' dir='ltr'><strong>nonnulla</strong></span> <span class='ocrx_word' id='word_1_939' title='bbox 3370 5411 3532 5464; x_wconf 87' lang='lat' dir='ltr'><strong>aliter</strong></span> <span class='ocrx_word' id='word_1_940' title='bbox 3567 5426 3664 5466; x_wconf 80' lang='lat' dir='ltr'><strong>ex-</strong></span> 
     </span>
    </p>
   </div>
   <div class='ocr_carea' id='block_1_134' title="bbox 2088 5478 3662 5552">
    <p class='ocr_par' dir='ltr' id='par_1_134' title="bbox 2088 5478 3662 5552">
     <span class='ocr_line' id='line_1_134' title="bbox 2088 5478 3662 5552; baseline 0.006 -26"><span class='ocrx_word' id='word_1_941' title='bbox 2088 5489 2290 5552; x_wconf 83' lang='lat' dir='ltr'><strong>pressa_</strong></span> <span class='ocrx_word' id='word_1_942' title='bbox 2318 5478 2515 5552; x_wconf 79' lang='lat' dir='ltr'><strong>haheat</strong></span> <span class='ocrx_word' id='word_1_943' title='bbox 2548 5495 2709 5547; x_wconf 90' lang='lat' dir='ltr'><strong>quam</strong></span> <span class='ocrx_word' id='word_1_944' title='bbox 2745 5483 2920 5533; x_wconf 89' lang='lat' dir='ltr'><strong>versio</strong></span> <span class='ocrx_word' id='word_1_945' title='bbox 2961 5478 3189 5547; x_wconf 84' lang='lat' dir='ltr'><strong>Latina,</strong></span> <span class='ocrx_word' id='word_1_946' title='bbox 3234 5493 3410 5536; x_wconf 88' lang='lat' dir='ltr'><strong>tamen</strong></span> <span class='ocrx_word' id='word_1_947' title='bbox 3447 5480 3662 5552; x_wconf 79' lang='lat' dir='ltr'><strong>Didymi</strong></span> 
     </span>
    </p>
   </div>
   <div class='ocr_carea' id='block_1_135' title="bbox 2085 5546 2473 5601">
    <p class='ocr_par' dir='ltr' id='par_1_135' title="bbox 2085 5546 2473 5601">
     <span class='ocr_line' id='line_1_135' title="bbox 2085 5546 2473 5601; baseline 0.01 -4"><span class='ocrx_word' id='word_1_948' title='bbox 2085 5560 2205 5597; x_wconf 74' lang='lat' dir='ltr'><strong>esse</strong></span> <span class='ocrx_word' id='word_1_949' title='bbox 2246 5546 2473 5601; x_wconf 80' lang='lat' dir='ltr'><strong>videtur.</strong></span> 
     </span>
    </p>
   </div>
   <div class='ocr_carea' id='block_1_136' title="bbox 2155 5614 2963 5686">
    <p class='ocr_par' dir='ltr' id='par_1_136' title="bbox 2155 5614 2963 5686">
     <span class='ocr_line' id='line_1_136' title="bbox 2155 5614 2963 5686; baseline 0.011 -21"><span class='ocrx_word' id='word_1_950' title='bbox 2155 5614 2269 5680; x_wconf 87' lang='lat'><strong>(79)</strong></span> <span class='ocrx_word' id='word_1_951' title='bbox 2300 5615 2439 5686; x_wconf 80' lang='lat' dir='ltr'><strong>Gall.</strong></span> <span class='ocrx_word' id='word_1_952' title='bbox 2470 5618 2765 5686; x_wconf 76' lang='lat' dir='ltr'><strong>possibiles,</strong></span> <span class='ocrx_word' id='word_1_953' title='bbox 2804 5620 2963 5675; x_wconf 89' lang='lat' dir='ltr'><strong>male.</strong></span> 
     </span>
    </p>
   </div>
   <div class='ocr_carea' id='block_1_137' title="bbox 2153 5685 3659 5762">
    <p class='ocr_par' dir='ltr' id='par_1_137' title="bbox 2153 5685 3659 5762">
     <span class='ocr_line' id='line_1_137' title="bbox 2153 5685 3659 5762; baseline 0.007 -25"><span class='ocrx_word' id='word_1_954' title='bbox 2153 5685 2265 5755; x_wconf 86' lang='lat'><strong>(80)</strong></span> <span class='ocrx_word' id='word_1_955' title='bbox 2303 5685 2647 5762; x_wconf 70' lang='lat' dir='ltr'><strong>Gallaudius,</strong></span> <span class='ocrx_word' id='word_1_956' title='bbox 2691 5704 2852 5745; x_wconf 88' lang='lat' dir='ltr'><strong>sensu</strong></span> <span class='ocrx_word' id='word_1_957' title='bbox 2898 5691 2998 5745; x_wconf 88' lang='lat' dir='ltr'><strong>loci</strong></span> <span class='ocrx_word' id='word_1_958' title='bbox 3040 5707 3149 5745; x_wconf 90' lang='lat' dir='ltr'><strong>non</strong></span> <span class='ocrx_word' id='word_1_959' title='bbox 3198 5691 3508 5759; x_wconf 88' lang='lat' dir='ltr'><strong>intellecto,</strong></span> <span class='ocrx_word' id='word_1_960' title='bbox 3560 5704 3659 5762; x_wconf 90' lang='lat' dir='ltr'><strong>pro</strong></span> 
     </span>
    </p>
   </div>
   <div class='ocr_carea' id='block_1_138' title="bbox 2077 5757 3123 5815">
    <p class='ocr_par' dir='ltr' id='par_1_138' title="bbox 2077 5757 3123 5815">
     <span class='ocr_line' id='line_1_138' title="bbox 2077 5757 3123 5815; baseline 0.008 -9"><span class='ocrx_word' id='word_1_961' title='bbox 2077 5765 2193 5812; x_wconf 80' lang='lat' dir='ltr'><strong>aut.</strong></span> <span class='ocrx_word' id='word_1_962' title='bbox 2222 5765 2278 5806; x_wconf 87' lang='lat' dir='ltr'><strong>ut</strong></span> <span class='ocrx_word' id='word_1_963' title='bbox 2329 5757 2730 5812; x_wconf 85' lang='lat' dir='ltr'><strong>rescribendum</strong></span> <span class='ocrx_word' id='word_1_964' title='bbox 2767 5774 2890 5814; x_wconf 86' lang='lat' dir='ltr'><strong>esse</strong></span> <span class='ocrx_word' id='word_1_965' title='bbox 2917 5771 3123 5815; x_wconf 85' lang='lat' dir='ltr'><strong>censet.</strong></span> 
     </span>
    </p>
   </div>
   <div class='ocr_carea' id='block_1_139' title="bbox 2147 5823 3145 5897">
    <p class='ocr_par' dir='ltr' id='par_1_139' title="bbox 2147 5823 3145 5897">
     <span class='ocr_line' id='line_1_139' title="bbox 2147 5823 3145 5897; baseline 0.011 -21"><span class='ocrx_word' id='word_1_966' title='bbox 2147 5823 2259 5897; x_wconf 82' lang='lat' dir='ltr'><strong>(Si)</strong></span> <span class='ocrx_word' id='word_1_967' title='bbox 2291 5824 2358 5879; x_wconf 88' lang='lat' dir='ltr'><strong>G.</strong></span> <span class='ocrx_word' id='word_1_968' title='bbox 2391 5840 2497 5880; x_wconf 92' lang='lat' dir='ltr'><strong>non</strong></span> <span class='ocrx_word' id='word_1_969' title='bbox 2528 5829 2781 5885; x_wconf 88' lang='lat' dir='ltr'><strong>omittere</strong></span> <span class='ocrx_word' id='word_1_970' title='bbox 2815 5831 3045 5887; x_wconf 87' lang='lat' dir='ltr'><strong>debebat</strong></span> <span class='ocrx_word' id='word_1_971' title='bbox 3071 5842 3145 5887; x_wconf 81' lang='grc' dir='ltr'><strong>ει.</strong></span> 
     </span>
    </p>
   </div>
  </div>
