4118 6490
367 541 504 599 1³809
1251 525 1656 585 ENARRATIO
1695 523 1762 581 IN
1804 521 2193 580 EPISTOLAM
2231 520 2274 576 ll
2321 518 2380 574 S.
2409 516 2715 576 JOANNIS.

3493 508 3636 564 1810

384 670 3626 719 MM...—

1305 849 1752 942 DIDYMI
1827 843 2673 941 ALEXANDBINI

1113 1193 1506 1256 EPISTOLAM
1542 1191 1681 1249 DIVI
1717 1191 2007 1250 IOANNIS
2044 1187 2420 1249 SECUNDAM
2459 1187 2888 1248 ENARRATIO.

450 1526 619 1581 Vens.
678 1523 734 1579 ὃ.
785 1539 804 1575 ι
830 1521 897 1576 Et
944 1520 1066 1576 haec
1111 1527 1197 1576 est
1243 1518 1507 1590 charitas,
1536 1528 1597 1576 ut
1627 1519 1961 1578 ambulemus
1988 1528 2038 1587 Α
2135 1523 2316 1581 Manet
2347 1525 2538 1597 utique
2562 1523 2618 1581 in
2645 1524 2954 1598 evangelica
2979 1525 3243 1591 doctrina,
3301 1529 3396 1600 qui
3453 1544 3650 1588 secun.

379 1621 674 1680 secundum
699 1615 949 1671 mandata
977 1615 1116 1686 ejus.
1143 1632 1164 1666 ι
2061 1620 2191 1676 dum
2225 1635 2346 1676 eam
2379 1621 2522 1691 sapit
2547 1628 2604 1677 et
2631 1621 2761 1688 agit,
2795 1620 2921 1676 dum
2956 1632 3174 1691 separat
3199 1622 3552 1695 semetipsum
3583 1629 3652 1683 ab

453 1714 697 1768 Praesens
726 1709 925 1764 dictum
974 1703 1268 1760 concordat
1312 1704 1395 1760 his
1451 1719 1572 1776 quas
1632 1705 1686 1761 in
1721 1705 1960 1778 Epistula

2108 1710 2176 1774 lo,
2232 1711 2324 1780 qui
2381 1711 2514 1767 facit
2557 1711 2758 1782 aliquid
2811 1727 2843 1768 e
2893 1713 3110 1769 diverso
3143 1722 3198 1770 et
3225 1718 3386 1787 sapit.
3421 1717 3656 1777 Proinde

379 1807 553 1877 prima
583 1803 753 1857 relata
785 1809 932 1864 sunt,
966 1798 1057 1853 ubi
1087 1797 1224 1853 ait"
1254 1813 1270 1852 :
1307 1814 1326 1848 ι
1358 1797 1427 1853 Et
1455 1797 1680 1864 scimus,
1705 1800 1962 1870 quoniam
2065 1801 2324 1871 quoniam
2354 1817 2452 1872 per
2483 1803 2766 1859 actualem.
2784 1804 2949 1859 vitam
2989 1805 3075 1859 sit.
3102 1806 3330 1878 alicujus
3363 1809 3528 1875 Deus,
3561 1814 3656 1883 qui

377 1899 470 1968 qui
503 1894 679 1965 diligit
707 1892 898 1955 Deum,
949 1889 1199 1944 mandata
1226 1889 1343 1958 ejus
1367 1898 1569 1955 servat,
1593 1909 1612 1942 ι
1637 1900 1692 1946 et
1713 1890 1768 1946 in
1793 1891 1969 1947 Evan-

380 1990 538 2060 geliis
571 1988 710 2043 ait“
737 2007 753 2043 :
795 2005 814 2038 ι
844 1984 906 2041 Si
931 1983 1054 2055 quis
1085 1981 1258 2052 diligit
1289 1996 1398 2052 me,
1446 1984 1698 2039 mandata
1725 1998 1845 2039 mea
1870 1999 1968 2040 cu—

380 2083 601 2138 studiat.
635 2099 655 2133 ι

455 2171 665 2227 Ταυτόν
689 2169 882 2224 ὲστιτδ
907 2183 1142 2241 περιπα·
1214 2165 1362 2222 Idem
1397 2181 1631 2238 namque
1664 2176 1749 2225 est
1780 2167 1974 2222 ambu-

383 2267 497 2320 τεῖν
551 2264 694 2319 κατὰ
737 2262 836 2326 τὰς
889 2260 1142 2324 ἐντολὰς,
1218 2252 1334 2311 lare
1363 2259 1660 2312 secundum
1697 2257 1975 2326 mandata,

381 2365 464 2437 τῷ
507 2363 694 2434 τηρεῖν
741 2359 934 2422 αὑτάς.
995 2355 1148 2410 Ἐπεὶ
1216 2347 1369 2416 quod
1417 2362 1639 2404 servare
1687 2364 1775 2404 ea.
1821 2346 1979 2413 Quod

385 2460 496 2532 γὰρ
541 2454 846 2529 πρακτικαὶ
885 2451 985 2524 (at)
1022 2452 1150 2522 ἁρε-
1217 2439 1364 2494 enim
1423 2441 1664 2498 actuales
1709 2449 1836 2496 sunt
1868 2438 1980 2532 vir-

385 2555 502 2616 ταὶ,
529 2554 584 2606 αἱ
610 2549 754 2605 κατὰ
794 2546 894 2609 τὰς
929 2542 1150 2606 ἐντολὰς

389 2646 477 2699 ὲνε
486 2643 614 2716 ργού
624 2658 805 2713 μεναι,
859 2636 1153 2708 περιπαπῖ

392 2739 515 2792 κατ’
542 2734 713 2797 αὐτὰς
739 2734 768 2786 ὁ
801 2732 877 2803 μὴ
911 2730 1016 2794 ἔξω
1055 2726 1156 2780 αὑ-

395 2827 505 2882 τῶν
533 2827 841 2896 γινόμενος.
871 2823 960 2876 Ἐν
981 2819 1156 2890 τούτῳ

393 2920 454 2973 δὲ
507 2917 710 2971 ταυτὸν
745 2914 826 2985 τῷ
875 2911 1159 2984 τηρεῖσθαι

397 3009 590 3074 αὐτάς.
623 3007 785 3060 Ὅθεν
817 3007 911 3058 καὶ
954 3008 982 3058 ὁ
1019 3018 1162 3055 παυ-

402 3103 636 3172 σάμενος
669 3099 762 3152 τοῦ
811 3097 934 3151 κατ’
961 3092 1164 3164 ἀρετὴν

403 3192 669 3262 ἐνεργεῖν,
697 3187 818 3241 οὐδὲ
869 3187 1026 3254 τηρεῖ
1064 3183 1166 3242 τὰς

405 3284 647 3346 ἐντολὰς,
695 3278 820 3331 οὔτε
874 3274 1168 3344 περιπατεῖ

407 3377 528 3430 κατ’
574 3372 762 3434 αὑτάς.
818 3369 877 3422 '0
903 3365 1013 3436 γὰρ
1047 3362 1167 3418 κατ’

409 3466 611 3541 ἀρετὴν
662 3462 987 3533 προκόπτων
1029 3455 1171 3510 κατὰ

408 3540 510 3624 τὰς
555 3555 772 3617 ἐντολὰς
827 3549 1056 3623 βαδίζει,
1102 3576 1174 3590 -
1246 3540 1327 3595 Ex
1351 3540 1714 3608 abundantiis,
1738 3541 2003 3610 siquidem

410 3654 508 3709 τοῦ
543 3648 861 3722 περιπατεῖν
892 3640 1174 3715 προκοπὴν
1247 3633 1457 3688 dicetur
1507 3642 1563 3689 et
1615 3634 1718 3688 hoc
1793 3635 2001 3690 modo:

413 3741 700 3815 δηλοῦντος
739 3735 834 3788 τοῦ
866 3731 1180 3787 τελειωθέν-
1252 3727 1344 3798 qui
1394 3727 1690 3783 secundum
1749 3726 2004 3783 virtutem

415 3855 529 3904 τος,
558 3834 695 3906 μετὰ
719 3831 781 3884 τὸ
807 3842 1181 3901 περιπεπατη-
1254 3817 1497 3887 proﬁcit,
1534 3817 1776 3873 ambulat
1823 3819 2010 3889 utique

419 3930 574 3986 κέναι
620 3924 763 3980 κατὰ
814 3922 914 3986 τὰς
965 3918 1181 3981 ἐντολὰς
1254 3911 1549 3968 secundum
1685 3910 1936 3964 mandata
1992 3950 2010 3979 ,

421 4018 720 4092 τηροῦντας
751 4013 860 4084 (9i)
891 4009 1081 4072 αὑτάς.
1255 4004 1471 4074 quando
1506 4000 1781 4056 ambulare
1831 4000 2014 4071 profe-

421 4122 572 4168 ctum
650 4106 890 4162 insinuat
946 4097 1173 4171 perfecti
1225 4096 1358 4159 viri,
1435 4093 1526 4162 qui
1561 4102 1846 4162 pos1quam
1897 4106 2014 4146 am-

425 4198 691 4258 bulaverit
730 4192 1024 4250 secundum
1076 4187 1348 4251 mandata,
1393 4185 1556 4239 etiam
1629 4190 1806 4238 servat
1855 4196 1941 4238 ea.

431 4291 570 4348 liuic
599 4288 746 4343 dictu
782 4281 1081 4340 concordat
1106 4280 1295 4343 etiam,
1319 4274 1462 4345 quod
1493 4275 1546 4330 in
1589 4275 1880 4344 aenigmate
1935 4273 2010 4330 le-

432 4383 597 4454 gitur,
625 4377 767 4451 quod
790 4375 961 4430 Adam
992 4373 1198 4443 positus
1227 4377 1311 4425 est
1344 4369 1397 4423 in
1430 4367 1706 4438 paradiso,
1739 4375 1798 4421 ut
1819 4380 2012 4434 opera-

433 4483 588 4531 retur
619 4479 674 4528 et
700 4468 998 4526 custodiret
1029 4479 1152 4520 eum
1188 4465 1256 4519 ”.
1288 4461 1388 4518 Ubi
1420 4476 1518 4531 per
1537 4461 1904 4531 operationem
1930 4459 2014 4514 el-

436 4567 611 4623 iectus
636 4561 1036 4634 provectionem
1066 4556 1336 4626 designat,
1387 4569 1484 4624 per
1531 4553 1834 4609 custodiam
1886 4565 2017 4608 vero

437 4654 787 4728 periectionis
813 4652 983 4723 ipsius
1017 4655 1218 4704 statum
1257 4654 1420 4716 atque
1446 4643 1838 4700 constantiam.

512 4749 676 4805 Vsus.
705 4747 857 4803 9—H.
895 4761 914 4796 ς
944 4741 1161 4808 Omnis,
1177 4739 1271 4810 qui
1311 4737 1534 4801 recedit,
1566 4744 1622 4791 et
1668 4750 1776 4790 non
1808 4748 2023 4806 perma-

441 4849 536 4898 net
563 4841 617 4896 in
647 4837 892 4894 doctrina
921 4832 1144 4898 Christi,
1177 4831 1345 4886 Deum
1377 4843 1482 4883 non
1521 4828 1684 4882 habet
1713 4845 1726 4895 ;
1763 4827 1857 4897 qui
1891 4840 2021 4896 per-

446 4943 628 4990 manet
672 4933 727 4988 in
786 4928 1049 4994 doctrina,
1078 4924 1169 4980 hic
1198 4932 1253 4978 et
1272 4920 1490 4975 Patrem
1516 4928 1572 4973 et
1606 4917 1804 4973 Filium
1835 4917 2020 4972 habet.

449 5025 508 5079 Si
542 5026 664 5092 quis
694 5023 842 5078 venit
869 5021 935 5075 ad
961 5033 1076 5082 vos,
1105 5024 1162 5071 et
1202 5014 1344 5069 hanc
1376 5011 1676 5067 doctrinam
1708 5023 1816 5065 non
1847 5007 2025 5076 all‘ert,

451 5115 619 5172 nolite
652 5115 896 5183 recipere
922 5127 1043 5167 eum
1067 5110 1121 5165 in
1153 5107 1390 5171 domum,
1421 5118 1522 5160 nec
1549 5117 1651 5160 ave
1681 5102 1731 5158 ei
1751 5101 2028 5158 dixeritis.

451 5204 555 5272 Qui
593 5202 736 5257 enim
777 5202 907 5256 dicit
959 5200 1034 5255 illi
1079 5212 1198 5266 ave,
1230 5195 1596 5254 communicat
1631 5191 1886 5264 uperibus
1915 5190 2034 5262 ejus

454 5292 727 5364 malignis.
759 5309 779 5343 ι

1223 2538 1401 2598 totes,
1474 2549 1594 2604 qua:
1679 2529 1981 2590 secundum

1223 2622 1478 2678 mandata
1528 2625 1696 2691 iiuut,
1743 2622 1988 2680 ambulat

1224 2713 1520 2770 secundum
1555 2730 1669 2781 eas,
1699 2717 1790 2787 qui
1825 2725 1983 2772 extra

1226 2818 1320 2859 eas
1347 2821 1450 2860 non
1480 2806 1731 2862 etlicitur.
1780 2806 1838 2862 ln
1882 2808 1988 2864 hoc

1230 2900 1371 2956 enim
1407 2901 1549 2956 idem
1576 2903 1856 2959 ambulare
1898 2919 1989 2960 se-

1234 2989 1466 3046 cundum
1509 3006 1596 3058 ea,
1637 2995 1782 3062 quod
1816 3003 1994 3049 custo-

1236 3081 1352 3137 dire
1375 3090 1478 3137 est.
1507 3081 1681 3150 Unde,
1702 3085 1998 3154 qui-cessat

1238 3169 1290 3222 in
1323 3185 1486 3240 opere
1529 3176 1827 3229 secundum
1882 3175 1995 3228 vir-

1241 3269 1450 3325 tatem,
1505 3277 1680 3332 neque
1749 3266 1999 3318 mandata

1242 3361 1426 3407 servat
1505 3354 1768 3422 ulterius,
1825 3369 2002 3425 neque

1244 3443 1486 3499 ambulat
1543 3445 1843 3501 secundum
1913 3459 1999 3500 ea.

2070 1903 2288 1951 creator
2347 1903 2438 1949 est
2479 1895 2762 1964 omnium,.
2791 1900 2932 1954 sicut
2979 1899 3273 1969 Abraham,
3335 1903 3422 1958 cui
3473 1903 3654 1960 dixit:

2077 2005 2096 2038 ι
2127 1986 2239 2055 Ego
2289 1985 2436 2044 Deus
2480 1989 2661 2056 tuus‘;
2691 2007 2712 2042 ι
2764 1991 3010 2062 quisquis
3051 2001 3210 2049 extra
3259 2005 3462 2051 rectam
3498 1996 3660 2054 ﬁdem

2074 2079 2659 2152 conversationemque
2689 2083 3068 2140 mandatorum
3119 2085 3249 2142 Jesu
3301 2086 3487 2154 fuerit,
3541 2090 3661 2145 sine

2075 2169 2189 2226 Deo
2248 2178 2350 2235 est,
2403 2172 2752 2244 semetipsum
2797 2189 3076 2245 separans,
3141 2191 3241 2234 nec
3281 2177 3444 2234 habet
3469 2178 3659 2244 Deum,

2079 2261 2208 2316 dum
2244 2260 2333 2317 illo
2363 2264 2698 2332 separaverit
2727 2267 3076 2335 semetipsum
3111 2282 3142 2322 a
3175 2267 3366 2324 divina.
3393 2270 3662 2335 doctrina,

2080 2353 2340 2422 praedicto
2368 2355 2548 2412 modo.
2586 2375 2606 2408 ι
2635 2355 2688 2412 ls
2722 2358 2816 2427 qui
2844 2368 3028 2413 manet
3052 2359 3105 2414 in
3135 2373 3202 2416 eo
3249 2368 3306 2416 et
3354 2359 3568 2417 Patrem
3609 2374 3668 2418 et

2081 2442 2276 2501 Filium
2301 2444 2484 2499 habet.
2514 2463 2533 2497 ι
2559 2444 2643 2500 Ad
2670 2461 2793 2500 eum
2817 2461 3069 2516 namque,
3093 2447 3187 2518 qui
3214 2457 3395 2504 servat
3412 2450 3667 2504 mandata

2084 2535 2224 2604 ejus,
2255 2535 2385 2590 dicit
2420 2534 2611 2603 Filius,
2638 2535 2852 2592 Patrem
2884 2552 3067 2594 secum
3083 2540 3522 2612 venturum,(92)
3555 2556 3670 2595 ma—

2087 2635 2218 2682 neat
2245 2627 2386 2696 apud
2411 2641 2558 2692 eum,
2590 2643 2715 2683 cum
2741 2627 2917 2684 factus
2939 2629 3106 2686 fuerit
3132 2631 3389 2700 templum
3419 2642 3671 2688 sanctum

2089 2717 2412 2774 aediﬁcatum
2473 2733 2571 2788 per
2617 2718 3052 2776 observationem
3117 2723 3495 2778 mandatorum
3552 2724 3669 2780 Dei.

2091 2808 2226 2864 Cum
2267 2809 2459 2879 duplex
2493 2809 2675 2880 itaque
2708 2810 2778 2866 sit
2806 2812 2998 2867 modus
3027 2811 3259 2868 habendi
3285 2813 3455 2869 Deum
3487 2832 3502 2870 :
3537 2819 3674 2871 alter

2093 2900 2308 2970 quldem
2351 2901 2655 2956 communis
2702 2908 2786 2956 est
2845 2901 3088 2957 omnium
3143 2910 3537 2972 creaturarum,
3581 2921 3678 2974 per

2095 3001 2256 3058 quem
2303 2989 2661 3059 signiﬁcatur,
2711 3005 2901 3046 omnes
2949 2991 3152 3047 habere
3173 3001 3512 3060 creatorem;
3542 2993 3680 3048 alter

2098 3091 2228 3133 vero
2257 3091 2444 3133 eorum
2471 3077 2676 3134 iudicat
2708 3079 2948 3144 modum,
2995 3079 3090 3148 qui
3138 3093 3234 3150 per
3261 3082 3458 3136 bonam
3491 3083 3680 3138 volun-

2102 3179 2268 3226 tatem
2304 3169 2518 3238 placant
2545 3183 2693 3235 eum,
2719 3170 3020 3225 secundum
3047 3173 3192 3241 quod
3214 3171 3409 3244 legitur
3437 3191 3451 3229 :
3489 3195 3507 3228 ‹
3537 3175 3682 3232 Deus

2101 3263 2403 3328 Abraham,
2435 3262 2576 3317 Deus
2605 3262 2781 3328 Isaac,
2813 3262 2952 3320 Deus
2988 3261 3158 3321 Jacub
3197 3275 3248 3322 et
3303 3267 3545 3323 omnium
3578 3269 3685 3325 lle-

2102 3352 2432 3407 braeorum’.
2466 3371 2488 3403 ι
2547 3352 2782 3407 Adverte
2838 3353 3107 3423 siquidem
3159 3358 3303 3426 quod
3355 3359 3444 3415 hic
3484 3360 3688 3416 dictum

2104 3453 2189 3498 est
2211 3460 2226 3498 :
2250 3460 2270 3494 ι
2301 3442 2403 3510 Qui
2435 3443 2620 3510 habet,
2645 3443 2843 3513 inquit,
2865 3443 3085 3510 Filium,
3110 3446 3276 3502 habet
3305 3457 3359 3504 et
3388 3449 3635 3506 Patrem:
3661 3471 3683 3504 ι

2105 3535 2480 3600 etediversu,
2533 3551 2629 3605 per
2683 3551 2802 3606 quas
2851 3538 3062 3593 scilicet
3112 3538 3447 3608 intelligitur,
3500 3543 3689 3598 eadem

2107 3629 2407 3684 substantia
2439 3628 2550 3698 (95)
2581 3641 2701 3684 esse
2731 3628 3050 3685 divinitatis.
3085 3629 3225 3697 Quia
3255 3632 3401 3686 enim
3444 3631 3608 3689 Pater
3639 3637 3694 3689 in

2109 3720 2249 3777 Filio
2287 3729 2390 3788 est,
2430 3721 2523 3791 qui
2560 3720 2722 3776 habet
2752 3720 2970 3788 Filium,
2999 3721 3162 3778 habet
3189 3732 3243 3777 et
3272 3721 3510 3790 Patrem,
3551 3729 3695 3794 quod

2111 3815 2274 3871 etiam
2345 3816 2682 3882 reciprocum
2744 3823 2867 3869 est:
2922 3828 3050 3868 nam
3095 3813 3188 3882 qui
3240 3815 3402 3869 habet
3455 3815 3694 3880 Patrem,

2111 3905 2277 3960 habet
2323 3914 2378 3960 et
2429 3903 2646 3969 Filium,
2689 3903 2780 3972 qui
2829 3912 2914 3960 est
2953 3904 3008 3959 in
3043 3904 3224 3960 Patre.
3269 3905 3326 3960 Si
3361 3906 3485 3976 quis
3517 3916 3696 3964 autem

2116 3998 2429 4054 incumbere
2451 3998 2640 4052 volens
2671 3998 2856 4053 dicat:
2914 4005 2972 4054 et
3024 3999 3118 4068 qui
3171 3999 3463 4070 discipulos
3513 4001 3698 4070 habet,

2120 4091 2284 4146 habet
2334 4099 2390 4145 et
2433 4088 2665 4145 Filium:
2717 4098 2772 4146 et
2830 4090 2920 4160 qui
2970 4089 3166 4145 Filium
3222 4091 3406 4158 habet,
3455 4092 3618 4150 habet
3645 4105 3704 4151 et

2040 4197 2086 4258 α
2118 4180 2359 4248 Patrem,
2406 4181 2703 4237 secundum
2751 4180 2895 4251 quod
2947 4182 3215 4253 scriptum
3243 4191 3368 4240 est:
3412 4203 3434 4237 σ
3468 4184 3569 4254 Qui
3607 4201 3702 4242 vos

2117 4273 2364 4343 suscipit,
2393 4282 2448 4328 et
2478 4287 2566 4329 me
2593 4273 2840 4342 suscipit,
2873 4281 2929 4329 et
2977 4273 3194 4330 Patrem
3242 4289 3420 4331 meum
3445 4278 3697 4346 suscipit,

2119 4364 2211 4434 qui
2244 4364 2390 4419 misit
2418 4363 2578 4420 me‘:
2614 4382 2634 4418 ι
2667 4364 2825 4429 sciat,
2858 4365 3001 4434 quod
3030 4380 3136 4420 non
3186 4366 3328 4422 sicut
3376 4377 3592 4438 oportet
3619 4370 3706 4425 in-

2121 4457 2318 4512 sinuat.
2344 4455 2469 4513 ﬂate
2504 4457 2646 4513 enim
2677 4457 2745 4513 de
2773 4457 3020 4513 doctrina
3048 4467 3174 4514 sunt
3201 4459 3370 4526 dicta,
3406 4461 3553 4531 quod
3607 4463 3704 4532 qui

2124 4546 2354 4617 suscipit
2409 4545 2709 4617 apostolos,
2764 4546 3112 4602 consentiens
3172 4561 3361 4603 eorum
3421 4549 3707 4615 doctrinm,

2127 4639 2352 4709 suscipit
2402 4653 2498 4710 per
2548 4653 2645 4695 eos
2693 4637 2892 4718 Filium
2939 4638 3104 4695 simul
3158 4649 3215 4695 et
3259 4639 3506 4709 Patrem,
3549 4656 3712 4712 quem

2129 4732 2446 4802 praedicant.
2498 4731 2589 4788 Est
2627 4740 2684 4789 et
2733 4731 2890 4788 aliter
2936 4732 3364 4804 intelligendum,
3429 4734 3714 4804 quoniam,

2129 4823 2223 4893 qui
2270 4830 2452 4877 manet
2496 4823 2551 4876 in
2607 4822 2874 4886 doctrina,
2932 4821 3096 4876 habet
3140 4820 3360 4878 Patrem
3414 4834 3469 4879 et
3495 4822 3713 4880 Filium.

2129 4914 2444 4971 Manserunt
2468 4913 2522 4969 in
2552 4913 2798 4970 doctrina
2827 4911 2942 4980 ejus
2972 4913 3224 4982 apostoli,
3262 4914 3335 4968 ita
3369 4925 3428 4968 ut
3455 4916 3718 4984 praedica—

2131 5015 2254 5064 rent
2276 5021 2434 5064 eam:
2468 5006 2560 5078 qui
2615 5007 2780 5077 igitur
2817 5005 3045 5075 suscipit
3074 5020 3194 5073 eos,
3245 5020 3371 5061 cum
3423 5007 3719 5065 sintrtem-

2131 5099 2278 5171 plum
2331 5097 2450 5165 Dei,
2497 5111 2596 5168 per
2631 5099 2758 5168 {hoc
2804 5101 2967 5168 quod
3004 5099 3233 5168 suscipit
3258 5097 3401 5163 illos,
3439 5098 3602 5156 habet
3635 5101 3721 5157 in-

2133 5191 2472 5250 habitantem
2503 5189 2558 5246 in
2591 5189 2671 5247 eis
2703 5187 2913 5246 Filium
2934 5189 3181 5248 simulet
3207 5189 3448 5248 Patrem.

530 5433 576 5466 ”
615 5431 808 5488 lJoan.
841 5445 902 5498 tl,
949 5426 1004 5482 3.
1079 5425 1128 5459 ⁸⁸
1163 5426 1320 5483 Joan.
1359 5441 1472 5494 xiv,
1530 5426 1620 5481 15.
1683 5419 1876 5480 "Gen.
1913 5432 1976 5492 tt,

2101 5462 2103 5475 .
2181 5417 2353 5477 ‘Gen.
2376 5432 2513 5488 xm,
2541 5418 2600 5475 ἶ.
2673 5419 2694 5450 ²
2728 5415 2900 5476 Exod.
2925 5434 3008 5488 tu,
3040 5416 3095 5488 6,
3125 5418 3214 5475 t8.
3290 5419 3312 5453 ³
3349 5417 3483 5478 Luc.
3524 5434 3601 5488 tx,
3634 5420 3726 5480 48.

531 5598 654 5672 (9!)
676 5597 898 5672 Qorrise
929 5595 1228 5672 τηροῦντος
1257 5593 1447 5672 ἓίρὲυιο

530 5666 646 5744 (92)
683 5666 1110 5737 ϐδΙΙῘοοηᾸέοὶι,
1137 5669 1246 5739 qui.
1271 5666 1474 5733 Malim,
1499 5674 1576 5722 ut.

2217 5593 2331 5664 (93)
2367 5591 2580 5650 Poteris
2607 5590 2898 5664 conjicere,
2933 5590 3174 5664 eamdem
3194 5587 3568 5664 substantiam.
3619 5585 3730 5644 Nec

2158 5659 2342 5722 tamen
2371 5663 2680 5724 necessaria
2701 5659 2784 5722 est
2814 5664 2930 5722 haec
2956 5661 3206 5722 lectionis
3237 5659 3484 5719 mutatio.
