4118 6424
510 485 641 546 1811

1754 470 1994 529 DlDYMl
2027 467 2505 527 ALEXANDle

3637 466 3789 525 1812

528 624 3723 660 Mm

1555 798 1931 878 omvm
1982 768 2706 878 .ALEXANDRINI

2109 988 2163 1030 IN

1279 1122 1590 1180 TERTIAM
1629 1124 1769 1182 DIVI
1806 1124 2092 1181 JOANNIS
2129 1123 2526 1183 EPISTOLAM
2562 1122 2990 1184 ENARRATIO.

579 1435 737 1491 Vsus.
773 1435 858 1489 11.
894 1452 913 1485 ι
943 1431 1293 1500 Charissime,
1333 1432 1444 1488 noli
1475 1433 1677 1489 imitari
1720 1434 1945 1501 malum,
1980 1435 2075 1492 sed
2102 1446 2154 1502 Α
2181 1435 2416 1508 χρᾶσθαι
2485 1435 2595 1505 ὕψει

2187 1435 2416 1508 χρᾶσθαι
2485 1435 2606 1505 ὕψει
2697 1433 2792 1488 καὶ
2869 1430 2948 1504 μὴ

507 1525 649 1595 quod
688 1525 888 1580 bonum
926 1531 1027 1579 est.
1046 1521 1146 1589 Qui
1171 1520 1460 1589 benefacit,
1489 1536 1554 1578 ex
1593 1523 1703 1581 Deo
1727 1532 1835 1592 est;
1860 1526 1951 1597 qui
1981 1541 2082 1581 au-

503 1628 608 1672 tem
639 1617 775 1671 male
804 1615 951 1684 facit,
976 1630 1080 1671 non
1109 1613 1250 1669 videt
1276 1613 1467 1674 Deum.
1492 1634 1512 1668 ι

586 1708 871 1779 Μηδεμιᾶς
976 1705 1258 1770 κοινωνίας

497 1801 666 1875 οὔσης
703 1801 844 1872 φωτὶ
872 1799 1008 1873 πρὸς
1046 1799 1255 1867 σκότος,

498 1899 534 1970 ἢ
570 1898 889 1972 συμφωνίας
1018 1896 1257 1970 Χριστοῦ

466 1980 641 2063 ¹’πρὸς
696 1986 917 2062 Βελίαρ,
966 1991 996 2043 ὁ
1054 1988 1257 2059 ἀγαθο-

499 2082 669 2136 ποιῶν
757 2081 1078 2155 πρακτικῶς
1162 2078 1259 2134 καὶ

499 2174 869 2246 θεωρητικῶς,
901 2172 1134 2245 Χριστὸν
1167 2171 1257 2225 τὸν

498 2262 633 2318 Θεὸν
686 2262 827 2332 ἔχων
879 2262 998 2335 (94)
1018 2301 1034 2323 ,
1081 2260 1258 2329 ὑπάρ-

497 2369 662 2424 χοντα
764 2351 880 2422 φῶς
970 2349 1222 2423 ἀληθινὸν
1241 2388 1256 2412 ,

496 2444 688 2515 πόρρω
736 2442 831 2496 τοῦ
888 2440 1110 2506 σκότους
1159 2441 1257 2495 καὶ

495 2535 590 2592 τοῦ
645 2535 843 2607 Βελίαρ
893 2533 1058 2589 ἐστίν.
1098 2532 1261 2587 Ἀλλὰ

499 2627 596 2684 καὶ
669 2629 791 2681 ἐπεὶ
865 2626 1104 2682 ἐναντίον
1180 2622 1260 2696 τῷ

495 2720 845 2789 ἁγαθοποιεῐν
859 2718 921 2773 τὸ
938 2717 1107 2772 κακὸν
1124 2714 1256 2787 (95),

495 2814 526 2866 ὁ
548 2811 860 2876 κακοποιὸς,
878 2811 947 2865 δι’
972 2807 1137 2863 αὐτοῦ
1164 2806 1258 2862 τοῦ

494 2903 669 2970 οὕτως
720 2906 989 2977 ἐνεργεῖν,
1047 2902 1112 2954 ἐκ
1165 2900 1259 2954 τοῦ

496 2996 697 3069 Βελίαρ
733 2996 829 3050 καὶ
886 2992 979 3048 τοῦ
1036 2992 1260 3055 σκότους

498 3088 595 3153 ὢν,
615 3090 714 3159 οὐχ
746 3087 959 3159 ἑώρακε
985 3084 1077 3137 τὸν
1102 3080 1257 3147 Θεὸν,

497 3179 619 3234 οὐδὲ
666 3176 809 3230 κατὰ
851 3175 1018 3229 ποσὸν
1060 3171 1260 3241 γνῶσιν

499 3265 662 3323 αὐτοῦ
711 3267 869 3337 ἔχων.
917 3265 1032 3329 Πᾶς
1076 3261 1184 3335 γὰρ
1229 3263 1258 3316 ὁ

500 3358 830 3432 ἁμαρτάνων
889 3358 988 3426 οὐχ
1044 3353 1256 3427 ἑώρακε

497 3453 591 3506 τὸν
641 3450 797 3515 Θεὸν,
847 3448 971 3502 οὐδὲ
1021 3447 1257 3517 ἔγνωκεν

499 3543 683 3599 αὐτόν.
722 3541 875 3596 Ἐπεὶ
916 3539 973 3594 δὲ
1018 3539 1080 3593 τὸ
1126 3538 1258 3610 ὀρᾷν

2184 1527 2418 1600 χρᾶσθαι
2437 1524 2785 1599 γνωρίζεται,
2808 1527 2949 1599 ὁρω-

2186 1618 2351 1690 μένου
2400 1615 2495 1671 τοῦ
2548 1614 2810 1686 αἰσθητοῦ
2855 1615 2950 1671 καὶ

1395 1705 1530 1762 Cum
1584 1707 1726 1763 nulla
1773 1708 2083 1765 communio
2181 1707 2261 1779 τῷ
2286 1705 2801 1773 κακοποιοῦντι,ὲὰν
2826 1705 2949 1776 ὄψιν

1326 1796 1399 1853 sit
1432 1796 1537 1851 luci
1571 1799 1639 1853 ad
1683 1800 1955 1869 tenebras,
1989 1808 2083 1855 aut

1326 1888 1615 1943 concordia
1680 1889 1897 1946 Christo
1958 1905 2081 1946 cum

1325 1978 1513 2045 Belial,
1560 1980 1651 2051 qui
1703 1979 1901 2036 bonum
1952 1982 2085 2038 facit

1327 2070 1610 2125 actualiter
1638 2078 1801 2140 atque
1842 2081 2085 2127 contem-

1326 2163 1546 2232 plative,
1592 2162 1756 2219 Deum
1804 2165 2083 2222 Christum

1327 2254 1551 2320 habens,
1577 2256 1671 2326 qui
1698 2264 1784 2313 est
1809 2271 1938 2312 vera
1966 2257 2082 2323 lux,

1326 2348 1513 2416 procul
1552 2357 1636 2404 est
1681 2364 1712 2403 a
1757 2351 1996 2406 tenebris
2032 2359 2085 2405 et

2192 1802 2306 1872 ἔχει
2339 1801 2474 1871 (96),
2506 1801 2581 1873 μὴ
2614 1799 2948 1871 βλεπομένου

2183 1890 2242 1945 δὲ
2271 1891 2349 1963 τῷ
2372 1891 2716 1963 στερουμένῳ
2748 1891 2947 1962 ὅψεως,

2186 1985 2288 2039 κᾶν
2336 1984 2663 2054 ἀγαθοποιὸς
2696 1984 2755 2057 ᾖ,
2788 1986 2952 2039 ἀναν-

2182 2079 2477 2153 τιρρήτως.
2528 2072 2624 2142 Οἷς
2673 2077 2792 2150 ἅμα
2843 2078 2948 2132 65l-

2184 2187 2378 2224 κνυται
2418 2170 2554 2243 (97),
2590 2169 2707 2238 εῐγε
2752 2167 2953 2238 ἀγαθο-

2185 2262 2450 2331 ποιοῦντι,
2478 2263 2565 2316 διὰ
2604 2263 2671 2316 τὸ
2704 2261 2951 2333 καθαρὰν

2186 2356 2414 2428 καρδίαν
2483 2355 2628 2428 ἔχειν
2643 2397 2659 2419 ,
2721 2357 2913 2427 ὁρᾶται
2932 2394 2949 2420 ,

1325 2438 1530 2495 Belial:
1565 2442 1817 2511 quoniam
1866 2452 2085 2496 contra-
2188 2448 2292 2502 κᾶν
2322 2447 2499 2518 ὅψεως
2541 2448 2819 2518 λείπηται,
2851 2447 2951 2517 οὐχ

1328 2531 1465 2585 rimo
1482 2541 1565 2588 est
1586 2530 1941 2588 benefacienti
1980 2548 2087 2587 ma-
2186 2537 2462 2610 ὁρώμενος
2490 2538 2569 2609 τῷ
2595 2535 2953 2593 κακοποιοῦν-

1326 2624 1558 2683 letacere
1599 2647 1612 2682 :
1665 2626 1760 2697 qui
1816 2626 2086 2683 malefacit
2186 2644 2261 2694 τι,
2298 2630 2402 2683 κᾶν
2434 2629 2852 2697 ὀξυωπέστατος

1326 2732 1421 2788 per
1446 2718 1547 2772 hoc
1571 2717 1746 2787 ipsum
1770 2732 1928 2787 opus,
1957 2733 2079 2773 cum
2119 2778 2161 2791 _
2190 2720 2532 2791 Παρίσταταί
2577 2737 2637 2773 τε
2691 2719 2951 2774 τάναντία

1329 2778 1399 2867 sit
1427 2811 1591 2867 Belial
1620 2821 1677 2867 et
1709 2813 2079 2879 tenebrarum,
2111 2778 2163 2840 Β
2189 2778 2352 2876 εἶναι,
2373 2812 2468 2864 καὶ
2498 2810 2586 2865 διὰ
2608 2810 2767 2865 τοῦτο
2789 2814 2953 2866 ἀσυν-

1327 2903 1373 2957 is
1408 2916 1515 2957 non
1544 2901 1691 2957 videt
1740 2900 1932 2970 Deum,
1982 2918 2083 2959 nec
2191 2905 2469 2976 ὑπαρκτα,
2504 2903 2566 2955 τὸ
2604 2904 2954 2971 ἀγαθοποιεῖν

1326 2994 1618 3050 secundum
1651 2993 1961 3063 qualitatem
1986 2993 2084 3049 ali-
2191 3011 2353 3067 φημι,
2379 2995 2472 3049 καὶ
2499 2998 2836 3060 κακοποιεῖν,
2858 2993 2954 3050 καὶ

1326 3096 1487 3150 quam
1535 3080 1863 3151 agnitionem
1919 3082 2083 3138 habet
2187 3085 2720 3154 lxzoﬁ,t’Exxltv0v
2736 3087 2845 3142 ἀπὸ
2864 3102 2959 3141 κα-

1326 3171 1460 3241 ejus.
1511 3167 1702 3228 Omnis
1755 3172 1938 3237 enim,
1987 3173 2082 3244 qui
2189 3179 2288 3235 κοῦ
2315 3180 2411 3236 καὶ
2432 3181 2657 3253 ποίησον
2680 3182 2903 3252 ἀγαθὸν,
2930 3202 2950 3236 ι

1330 3272 1547 3333 peccat,
1589 3280 1697 3320 non
1745 3266 1878 3321 vidit
1925 3281 2082 3335 eum,
2191 3275 2285 3328 καὶ
2311 3274 2420 3329 τῶν
2446 3276 2845 3347 παραπλησίως
2871 3294 2958 3346 γε-

1330 3371 1430 3411 nec
1481 3356 1699 3427 agnovit
1749 3371 1907 3425 eum;
1945 3360 2090 3429 quod
2187 3365 2540 3437 γραμμένων.

1331 3463 1461 3505 vero
1508 3449 1691 3506 videre
1737 3465 1956 3520 corpus,
1998 3460 2093 3507 aut
2186 3459 2351 3524 malo,
2399 3470 2454 3514 et
2497 3458 2585 3514 fac
2630 3459 2830 3515 bonum
2852 3459 2937 3524 ⁸,»

1334 3553 1439 3595 non
1488 3539 1703 3606 videre.
1750 3551 1971 3610 aspectu
2014 3542 2092 3598 uti
2191 3547 2470 3621 Scriptura
2514 3551 2695 3606 divina
2734 3550 2943 3607 relatis.

502 3635 662 3708 σῶμα
685 3674 701 3701 ,
742 3635 837 3689 καὶ
883 3632 960 3704 μὴ
1000 3632 1154 3703 ὁρᾷν,
1191 3629 1269 3702 τῷ
1342 3628 1427 3685 vel
1455 3643 1563 3686 non
1599 3632 1677 3687 uti
1710 3642 1941 3703 constat,
1968 3648 2092 3690 cum

537 3749 561 3784 δ
596 3748 741 3807 Psal.
771 3762 958 3813 xxxvi,
985 3746 1074 3806 27.

575 3894 687 3966 (94)
713 3893 848 3966 Θεὸν
870 3893 963 3947 τὸν
995 3892 1231 3964 Χριστὸν
1258 3891 1399 3966 ἔχων
1426 3888 1490 3945 ι).
1523 3890 1673 3947 Hanc
1728 3902 1909 3943 veram
1963 3901 2087 3945 esse

500 3961 789 4021 lectionem
815 3961 1150 4019 demonstrat
1186 3961 1328 4017 vers.
1358 3961 1480 4015 Lat.

574 4034 689 4117 $95)
725 4034 1056 4113 μίακοποιεὶν
1083 4032 1151 4100 D,
1184 4042 1354 4089 recte.
1387 4030 1564 4087 Habet
1597 4028 1742 4086 enim
1766 4041 1934 4131 ivers.
1973 4044 2087 4083 ma-

501 4103 742 4175 lefacerel

2264 3889 2376 3975 (ἓξ)
2407 3891 2552 3975 332.0
2588 3890 2849 3975 “UP”?-

1558 4416 1939 4498 DlDYMI
2016 4415 2719 4497 ALEXANDBINI

3016 1430 3234 1502 aliquod
3255 1428 3511 1486 sensibile
3532 1429 3784 1487 videatur

3018 1524 3182 1579 etiam
3227 1522 3296 1578 ab
3329 1537 3417 1590 eo,
3453 1523 3550 1593 qui
3605 1524 3781 1582 male-

3013 1613 3164 1680 facit,
3182 1616 3227 1671 si
3251 1624 3527 1685 aspectum
3546 1614 3779 1681 habeat;

3014 1714 3074 1761 et
3127 1705 3177 1762 si
3252 1719 3361 1761 non
3424 1705 3635 1771 videat,
3686 1707 3784 1778 qui

3017 1805 3237 1867 aspectu
3309 1796 3571 1866 privatur,
3654 1798 3785 1855 licet

3016 1891 3093 1946 sit
3135 1892 3306 1947 bonus
3342 1910 3355 1946 :
3401 1890 3777 1948 indubitanter

3017 1985 3321 2040 ostenditur
3335 2027 3351 2052 ,
3423 1985 3592 2040 Deum
3672 2000 3784 2042 non

3018 2092 3137 2134 esse
3167 2093 3384 2151 corpus,
3429 2080 3647 2148 quando
3688 2080 3789 2136 he-

3020 2169 3317 2236 nefaciens,
3366 2184 3432 2225 eo
3482 2172 3626 2239 quod
3689 2186 3791 2226 cor

3020 2262 3216 2318 habeat
3282 2262 3579 2329 mundum,
3634 2264 3789 2321 videt

3019 2350 3211 2418 Deum,
3244 2352 3371 2408 licet
3403 2361 3626 2423 aspectu
3663 2369 3792 2410 car-

3021 2442 3131 2498 nali
3190 2444 3437 2514 privatus
3492 2445 3602 2512 sit,
3655 2462 3787 2502 cum

3022 2551 3130 2593 non
3169 2537 3349 2592 videat
3392 2552 3518 2593 eum
3561 2538 3790 2595 malefa-

3020 2631 3193 2697 ciens,
3233 2630 3484 2697 quamvis
3523 2630 3643 2686 acie
3688 2645 3786 2687 ve-

3020 2724 3306 2779 hementer
3320 2734 3481 2780 acuta
3498 2724 3783 2781 consistat.

3021 2814 3089 2870 Et
3116 2831 3185 2871 ex
3215 2815 3318 2872 hoc
3363 2831 3495 2887 ergo
3545 2817 3671 2889 (hoc
3703 2828 3789 2875 est

3020 2904 3394 2961 benefaciendi
3445 2916 3503 2964 et
3560 2907 3791 2964 malefa-

3026 2997 3204 3054 ciendi
3242 2999 3517 3068 sermone)
3563 3000 3789 3056 demon-

3026 3098 3202 3155 strat,
3253 3104 3375 3159 quae
3452 3090 3615 3145 simul
3675 3106 3786 3148 non

3026 3184 3351 3251 subsistunt,
3392 3198 3513 3240 esse
3560 3195 3791 3240 contra-

3029 3275 3144 3343 ria;
3178 3276 3308 3331 item
3337 3291 3405 3331 ex
3436 3291 3501 3332 eo
3528 3276 3670 3345 quod
3700 3277 3790 3332 di-

3026 3376 3177 3422 ctum
3241 3377 3328 3424 est
3370 3385 3384 3422 :
3420 3387 3439 3421 ι
3472 3367 3691 3423 Declina
3750 3385 3783 3423 τι

3015 3469 3071 3516 et
3122 3458 3437 3530 huiusmodi
3488 3459 3667 3518 verbis
3729 3460 3785 3516 in

2265 3950 2377 4031 (97')
2407 3962 2463 4034 lu
2486 3950 2603 4034 This,
2631 3950 2675 4017 si
2709 3961 2904 4018 Latina
2930 3963 3109 4019 versio
3170 3972 3539 4032 comparatur,
3596 3961 3780 4034 aliqua

2194 4032 2385 4088 deesse
2415 4031 2686 4100 videntur,
2716 4042 2772 4089 et
2811 4034 3179 4105 interpunctio
3204 4031 3481 4090 mutanda.

1173 4746 1567 4807 EPISTOLAM
1622 4744 1844 4815 BEATI
1878 4744 2081 4806 JUDE
2120 4748 2461 4807 APOSTOLI
2499 4744 2899 4804 ENARRATIO
2939 4746 3075 4819 (98).

572 5045 739 5106 Vsus.
775 5046 829 5102 4.
913 5065 932 5100 ι
971 5046 1411 5105 Subintroierunt
1467 5050 1613 5106 enim
1695 5051 1914 5121 quidam
1974 5050 2076 5106 bo-
2110 5058 2156 5121 ο
2261 5046 2497 5104 Omnino
2522 5047 2775 5118 quoniam
2829 5044 2984 5101 Jesus
3031 5040 3198 5097 semel
3244 5039 3497 5112 populum
3528 5043 3597 5099 de
3628 5052 3776 5099 terra

505 5139 679 5195 mines
705 5139 880 5210 impii,
913 5139 1006 5210 qui
1061 5140 1191 5195 olim
1253 5139 1583 5210 prmscripti,
1631 5149 1688 5199 et
1713 5141 2081 5213 prmdestinati
2189 5138 2413 5211 Egypti
2447 5141 2704 5202 liberans,
2740 5138 2999 5206 deinceps
3024 5150 3119 5192 eos
3149 5135 3242 5206 qui
3262 5150 3366 5190 non
3400 5135 3774 5201 crediderunt,

503 5239 661 5285 erant
689 5230 741 5285 itt
778 5230 882 5287 hoc
908 5229 1194 5300 judicium,
1221 5231 1434 5287 Domini
1469 5233 1638 5289 nostri
1659 5235 1890 5304 gratiam
1912 5245 2086 5289 trans-

2191 5232 2429 5302 perdidit
2460 5229 2595 5302 (99).
2636 5227 2869 5295 Quidam
2923 5228 3172 5284 homines
3225 5228 3397 5296 impii,
3433 5228 3772 5296 Scripturam

504 5320 742 5380 terentes
774 5322 829 5378 in
862 5321 1153 5389 luxuriam,
1190 5333 1246 5379 et
1273 5323 1449 5380 solum
1480 5324 2029 5391 Dominatorem,etc.
2061 5342 2081 5376 ι
2195 5323 2431 5380 divinam
2470 5323 2703 5393 quodam
2757 5330 2974 5376 utentes
3021 5320 3149 5377 dolo
3194 5332 3356 5391 atque
3412 5321 3778 5392 malignitate.

574 5461 688 5534 (98)
737 5462 797 5517 in
837 5461 1310 5534 sc_holiisiGraccis
1367 5477 1536 5533 pauca
1586 5463 1879 5518 admodum
1931 5462 2081 5519 inve-

508 5531 735 5603 nituntur
780 5546 847 5588 ex
886 5531 1204 5603 Didymiana
1234 5531 1598 5603 enarratione
1640 5535 1944 5603 desumpta.
1976 5534 2079 5587 lle-

502 5602 761 5670 prchcndi
789 5602 1038 5671 equidem
1070 5602 1339 5658 interdum
1398 5605 1695 5673 maximum
1746 5604 1798 5658 in
1836 5602 2081 5673 singulis

502 5674 784 5744 sententiis
810 5688 1151 5737 consensum,
1178 5673 1249 5744 ita
1282 5682 1338 5726 ut
1362 5675 1427 5728 ad
1461 5671 1671 5744 Didymi
1698 5676 2077 5729 auctoritatem

505 5754 559 5794 et
594 5743 960 5796 inventionem
997 5743 1237 5796 revocari
1273 5758 1430 5811 posse
1458 5746 1639 5797 omnia
1669 5744 1974 5798 videantur.
2010 5745 2081 5798 At

506 5811 595 5863 ubi
621 5812 783 5864 verba
816 5815 1313 5880 sententiarumque
1358 5829 1554 5867 nexum
1587 5815 1799 5867 diversa
1833 5829 1953 5867 esse
1990 5815 2076 5866 inc

506 5881 703 5946 tellcxi,
742 5880 906 5939 malui
962 5882 1186 5950 Didymo
1237 5883 1416 5952 aliqua
1467 5885 1654 5939 deesse
1702 5897 1866 5952 quam
1900 5884 2078 5942 aliena

2185 5674 2318 5726 locis
2348 5684 2562 5728 secutos
2591 5689 2730 5728 esse.

2193 5462 2484 5518 vindicari.
2535 5460 2645 5518 Hoc
2678 5471 2883 5527 tamen.
2915 5461 2958 5516 si
2986 5462 3108 5533 quis
3137 5461 3442 5533 accuratius
3467 5474 3588 5514 cum
3614 5460 3775 5533 schn-

2185 5533 2273 5587 liis
2308 5534 2708 5604 enarrationem
2757 5533 2967 5604 Didymi
3006 5532 3439 5604 comparaverit,
3498 5532 3771 5604 neminem

2184 5604 2376 5671 fugiet,
2409 5603 2741 5657 Scholiorum
2771 5601 3162 5673 compositores
3188 5601 3473 5672 Didymum
3513 5601 3770 5656 multisin

2261 5743 2373 5813 (99)
2418 5742 2541 5797 Ιιευο
2570 5759 2677 5797 non
2712 5743 2963 5815 Didymo.
3007 5741 3101 5796 sed
3154 5740 3307 5815 Jndie
3373 5738 3653 5815 tribuenda
3684 5739 3771 5793 vi-

2187 5810 2402 5873 dentur,
2463 5816 2536 5866 ita
2597 5824 2657 5866 ut
2704 5810 2831 5866 που(
2863 5823 3116 5881 quartum
3163 5812 3360 5877 solum,
3394 5810 3488 5862 sed
3519 5811 3767 5877 quintum

2184 5883 2347 5939 simul
2379 5883 2630 5954 Epistula:
2659 5899 2872 5941 \ClStttl)
2926 5883 3307 5953 explicandum
3342 5882 3446 5941 sibi
3475 5882 3767 5950 sumpserit
3796 5942 3817 5953 _
