4118 6428
373 485 511 542 1815

1360 479 1760 538 ENABRATIO
1800 479 1867 534 lN
1907 476 2317 535 EPISTULAM‘
2354 477 2418 533 Β.
2476 476 2698 535 ΙΠΒᾸΞ.

3491 482 3634 538 18ιᾶ

366 598 700 669 subingressi
727 607 872 664 sunt,
901 613 1019 654 eam
1046 613 1106 653 se
1132 600 1427 670 praedicare
1452 601 1792 665 simulantes,
1811 614 1952 669 prae-
1980 605 2023 661 Α
2055 595 2240 651 Jesum
2283 594 2593 651 Christum.
2633 595 3179 652 Animadvertendum
3213 604 3296 652 est
3325 597 3498 652 solum
3528 595 3632 652 Do-

371 690 564 760 scripti
593 691 827 756 scilicet,
861 692 914 746 id
952 700 1058 756 est,
1089 694 1155 747 ad
1187 694 1289 750 hoc
1333 695 1637 763 praescripti
1662 693 1951 763 judicium,

370 798 480 850 quo
516 798 545 836 a
587 784 896 853 semetipsis
928 783 1235 854 dijudicati,
1288 786 1467 841 traditi
1516 797 1643 841 sunt
1707 786 1953 856 improbo

373 873 583 928 setisui.
609 872 673 927 lli
700 889 932 943 namque
966 884 1187 945 propter
1220 875 1542 930 immensam
1595 876 1951 945 impietatem,

371 979 491 1017 cum
525 966 1019 1034 essentimpudici,
1074 967 1305 1035 gratiam
1366 966 1581 1022 Domini
1613 968 1790 1023 nostri
1826 967 1951 1023 Jesn

368 1054 570 1107 Christi
609 1055 663 1108 in
688 1054 957 1109 luxuriam
986 1065 1359 1123 mutaverunt,
1413 1073 1510 1128 per
1543 1059 1716 1127 ipsam
1743 1060 1955 1129 spurci-

370 1146 501 1199 tiam
538 1161 691 1201 suam
729 1157 989 1217 negantes
1014 1164 1182 1204 unum
1235 1149 1638 1206 Dominatorem
1668 1150 1951 1207 Dominum

366 1234 550 1291 Iesum
580 1236 855 1292 Christum
893 1253 1105 1303 eorum,
1168 1241 1261 1309 qui
1303 1255 1400 1310 per
1447 1240 1793 1310 Evangelium
1829 1253 1955 1297 sunt

372 1329 571 1382 vocati.
604 1328 834 1395 Dehinc,
859 1340 918 1384 ut
943 1340 1155 1386 revocet
1178 1345 1294 1399 eos,
1332 1333 1425 1403 qui
1463 1333 1813 1388 crediderunt
1837 1350 1952 1388 ma-

367 1419 529 1490 lignis
562 1430 616 1475 et
643 1422 844 1491 impiis,
873 1423 1135 1487 ostendit,
1167 1434 1368 1493 quanta
1399 1425 1472 1479 sit
1506 1425 1820 1495 magnitudo
1849 1425 1954 1481 Do-

371 1513 528 1577 mini,
550 1527 708 1581 quem
732 1523 1085 1583 negaverunt,
1109 1514 1287 1583 palam
1313 1514 1540 1581 faciens,
1562 1515 1817 1586 quoniam
1841 1518 1954 1586 ipse

365 1613 470 1670 est,
500 1606 590 1675 qui
629 1606 816 1660 eduxit
874 1606 1128 1675 populum
1192 1621 1260 1660 ex
1306 1604 1563 1677 Egypto.
1617 1617 1674 1663 et
1718 1610 1952 1663 salutem

364 1701 618 1767 praebuit.
650 1699 982 1764 Secundum,
1007 1701 1262 1769 quoniam
1287 1700 1568 1756 instabiles
1597 1710 1760 1771 atque
1779 1712 1954 1757 muta-

368 1790 505 1845 biles
538 1798 698 1844 erant
726 1790 947 1859 quidam
979 1802 1190 1855 eorum,
1226 1801 1477 1863 gerentes
1502 1792 1556 1847 in
1585 1794 1789 1860 animo,
1809 1795 1954 1863 quod

369 1882 425 1934 in
473 1880 710 1951 Egypto
782 1882 1089 1937 habuerant
1144 1885 1504 1949 voluntatem,
1565 1885 1801 1953 perdidit
1859 1899 1954 1940 eos

2056 688 2379 741 minatorem
2401 702 2522 743 esse
2553 686 2853 753 Christum,
2909 702 2974 743 eo
3018 689 3160 759 quod
3199 691 3345 745 solus
3373 704 3535 746 verus
3564 693 3637 747 sit

2057 778 2218 834 Deus.
2250 778 2341 834 Sic
2368 781 2539 846 enim,
2577 796 2699 835 cum
2727 780 2876 836 solus
2899 781 2969 835 sit
3000 780 3319 839 Dominator
3350 794 3407 840 et
3448 782 3635 840 Domi-

2057 885 2158 925 nus
2183 870 2361 937 .lcsus,
2418 885 2523 926 non
2569 872 2791 941 expellit
2820 873 3146 928 auctoritate
3189 872 3425 941 Patrem,
3451 875 3637 937 dicens

2056 963 2127 1029 ei,
2166 981 2184 1014 ι
2214 962 2439 1019 Domine
2465 962 2586 1019 cteli
2613 972 2668 1019 et
2695 973 2850 1019 terra:
2879 964 2920 1019 '.
2944 983 2963 1017 ι
3006 963 3097 1021 Sic
3120 980 3292 1037 neque
3313 967 3493 1033 Pater,
3512 983 3635 1023 cum

2055 1055 2205 1111 solus
2243 1057 2315 1111 sit
2343 1070 2505 1111 verus
2531 1055 2697 1123 Deus,
2724 1065 3041 1113 extraneum
3073 1058 3200 1114 facit
3227 1074 3257 1114 a
3289 1074 3417 1115 vera
3438 1061 3637 1116 deitate

2055 1147 2272 1203 Filium.
2305 1148 2517 1205 Dictum
2550 1164 2785 1220 namque
2813 1161 2897 1207 est
2932 1160 3057 1208 ante
3111 1152 3224 1207 haec
3261 1154 3329 1208 de
3377 1168 3460 1220 eo,
3493 1157 3636 1223 quod

2056 1240 2124 1294 sit
2154 1254 2314 1295 verus
2360 1240 2505 1297 Deus
2563 1242 2666 1297 iste
2716 1241 2864 1297 solus
2918 1240 3241 1299 Dominator
3272 1254 3327 1299 et
3376 1246 3636 1300 Dominus

2053 1326 2212 1383 Jesus
2238 1329 2510 1395 Christus,
2561 1330 2653 1401 qui
2689 1331 2874 1386 eduxit
2896 1333 3154 1403 populum
3190 1349 3256 1388 ex
3282 1333 3513 1406 Egypto
3541 1350 3636 1406 per

2057 1417 2298 1489 Moysen,
2336 1420 2533 1490 quibus
2567 1422 2639 1476 ita
2674 1423 2832 1478 dictis
2882 1437 3223 1493 consequens
3269 1435 3376 1491 est,
3436 1436 3495 1481 ut
3527 1440 3634 1482 non

2054 1511 2128 1563 sit
2159 1511 2297 1566 alter
2324 1511 2464 1568 Deus
2489 1511 2753 1585 Moyseos.
2788 1513 2972 1585 Neque
2993 1515 3137 1569 enim
3168 1523 3253 1571 est
3274 1515 3411 1571 alius
3440 1529 3636 1587 praeter

2057 1599 2405 1658 Trinitatem.
2445 1603 2623 1660 Unum
2649 1605 2813 1661 etiam
2847 1605 3062 1677 Moyses
3104 1607 3416 1665 ministrare
3447 1610 3638 1680 digno-

2056 1694 2247 1758 scitur,
2300 1695 2597 1750 secundum
2646 1698 2787 1768 quod
2838 1699 3040 1755 dictum
3093 1709 3212 1755 est:
3270 1719 3289 1752 ι
3324 1700 3416 1756 llle
3447 1702 3512 1757 de
3551 1718 3639 1757 me

2057 1786 2273 1854 scripsit
2298 1786 2342 1838 '.
2376 1804 2396 1837 ι
2432 1783 2498 1839 Ει
2530 1785 2685 1855 illud,
2736 1789 2878 1857 quod
2924 1788 3140 1858 scripsit
3170 1788 3403 1861 Moyses,
3434 1790 3639 1848 inveni-

2057 1889 2179 1931 mus
2227 1875 2415 1931 Jesum
2454 1877 2784 1947 implevisse.
2828 1878 3166 1950 Quapropter
3197 1891 3252 1937 et
3302 1882 3417 1951 ipse
3446 1883 3638 1953 prteri-

369 1970 683 2027 differentes
717 1971 768 2026 in
794 1988 1000 2040 eremo,
1030 1972 1156 2029 licet
1202 1974 1414 2031 liberati
1464 1974 1665 2030 fuerint
1692 1990 1757 2032 ex
1786 1974 1953 2048 Egy-
1983 1962 2031 2024 Β
2061 1966 2193 2022 deus
2253 1968 2553 2038 prophetia:
2607 1970 2808 2026 virtute
2853 1986 3097 2039 crucem,
3141 1974 3406 2029 maximas
3438 1974 3639 2031 habere

366 2074 462 2135 pto
491 2081 587 2137 per
609 2064 791 2121 fidem.
821 2065 917 2122 llis
973 2067 1047 2121 ita
1108 2068 1423 2137 praelibatis,
1479 2070 1841 2123 necessarium
1871 2079 1954 2125 cst

368 2156 668 2226 requirere,
697 2158 788 2226 qui
842 2158 972 2224 sint,
1026 2174 1163 2228 quos
1220 2159 1352 2214 dicit
1391 2162 1621 2230 gratiam
1648 2160 1863 2215 Domini
1899 2162 1952 2216 in

368 2245 641 2301 luxuriam
688 2247 1055 2313 transtulisse,
1120 2248 1223 2303 hoc
1263 2258 1347 2304 est
1409 2250 1603 2319 impios
1659 2259 1714 2305 et
1759 2250 1954 2305 divinae

372 2339 633 2393 doctrina:
656 2340 1022 2405 simulatores,
1048 2342 1151 2396 nisi
1180 2340 1406 2396 forsitan
1438 2342 1526 2396 isti
1546 2352 1671 2397 sunt
1698 2342 1954 2413 praesules

368 2429 642 2486 hmreseos
690 2429 1100 2498 Nicolaitarum,
1159 2432 1359 2487 nullam
1396 2434 1631 2503 speciem
1673 2435 1953 2504 impuden-

368 2521 457 2574 tize
501 2521 962 2591 dcrelinquentes.
1022 2522 1151 2578 Sive
1203 2532 1384 2579 autem
1441 2525 1663 2579 haeresis
1718 2526 1829 2594 ipsa
1874 2535 1956 2580 est

367 2610 650 2665 voluntate
675 2613 902 2681 polluta,
946 2612 1105 2681 cujus
1134 2613 1194 2667 [lt
1222 2614 1479 2668 memoria
1507 2615 1559 2668 in
1585 2615 1907 2687 Apocalypsi
1931 2619 1952 2649 '

367 2717 466 2771 per
494 2701 736 2769 Jezabel,
768 2718 890 2774 qua:
942 2718 1108 2773 super
1142 2704 1555 2760 fornicationem
1593 2721 1715 2762 esse
1743 2708 1953 2762 descri-

368 2795 536 2861 bitur,
568 2810 664 2849 seu
689 2795 885 2859 altera,
916 2797 1397 2866 contmnplandum
1431 2809 1533 2854 est.
1570 2798 1706 2855 Puto
1745 2812 1952 2871 autem,

366 2886 492 2954 quia
533 2886 609 2957 (ι)
643 2894 699 2940 et
751 2888 819 2941 de
879 2889 1063 2942 multis
1121 2889 1457 2954 limresibus,
1504 2907 1623 2960 qua:
1675 2906 1953 2963 cmperunt

368 2982 706 3046 temporibus
744 2980 1139 3048 apostolorum,
1172 2980 1372 3035 dicitur
1403 2982 1528 3047 hor,
1560 2992 1614 3038 et
1646 2986 1958 3041 auctoribus

369 3084 586 3138 earum,
615 3072 707 3141 qui
754 3073 964 3127 scilicet
1004 3074 1392 3142 impudentiam
1447 3074 1777 3143 multamque
1804 3077 1960 3131 lux-ao

376 3162 511 3216 riam
538 3174 665 3218 sunt
702 3164 918 3230 sectati,
945 3164 1017 3217 ita
1043 3175 1101 3217 ut
1132 3164 1303 3232 ipsam
1350 3168 1664 3233 spurcitiam
1690 3184 1841 3222 suam
1870 3179 1956 3222 at-

374 3268 481 3323 que
531 3253 801 3306 luxuriam
860 3254 1128 3307 idolorum
1190 3253 1478 3307 sacriﬁciis
1535 3257 1950 3323 permiscerent.

2060 2057 2278 2113 divitias
2312 2074 2371 2115 se
2404 2062 2613 2129 putavit
2665 2062 3051 2134 improperinm
3092 2063 3293 2121 Christi
3328 2067 3406 2122 ‘°:
3439 2077 3491 2121 et
3528 2083 3637 2123 non

2057 2150 2213 2205 aliter
2248 2166 2407 2221 quam
2444 2153 2556 2221 ille,
2590 2155 2681 2225 qui
2710 2156 2878 2210 dixit:
2908 2175 2926 2208 ι
2959 2156 3087 2210 Μὶὴί
3113 2157 3449 2227 gloriandum
3479 2169 3560 2215 est
3584 2162 3637 2214 in

2058 2253 2220 2296 cruce
2256 2243 2457 2299 Christi
2491 2244 2556 2299 υ.
2582 2264 2602 2298 ι
2639 2245 2774 2301 Cum
2800 2260 2927 2316 ergo
2954 2245 3112 2301 .lesus
3142 2249 3233 2312 sit,
3267 2250 3357 2318 qui
3385 2264 3449 2304 ex
3474 2249 3639 2321 Aigy-

2058 2341 2152 2401 pto
2179 2331 2433 2389 Hebraeos
2463 2338 2671 2403 eduxit,
2704 2346 2918 2393 constat
2947 2341 3090 2408 quod
3128 2356 3234 2395 non
3282 2342 3348 2396 de
3387 2343 3633 2397 humani-

2060 2433 2168 2477 tate
2193 2439 2257 2478 ex
2293 2426 2460 2480 Maria
2485 2431 2851 2495 procedente:
2898 2431 3219 2496 secundum,
3262 2434 3405 2503 quod
3440 2434 3506 2489 de
3532 2434 3643 2491 Deo

2060 2512 2296 2570 Verbum
2347 2518 2551 2572 dictum
2616 2530 2699 2576 est
2744 2520 2922 2588 Jesus,
2968 2523 3124 2577 sicuti
3172 2526 3418 2593 proxime
3465 2526 3635 2581 dixit:

2062 2623 2082 2658 ι
2114 2605 2278 2663 Nobis
2318 2621 2495 2664 autem
2531 2626 2670 2666 unus
2707 2613 2962 2670 Dominus
3015 2614 3172 2671 Jesus
3219 2616 3504 2682 Christus,
3542 2632 3637 2686 per

2057 2712 2215 2765 quem
2247 2699 2428 2752 omnia
2459 2701 2520 2756 η.
2544 2719 2561 2751 ι
2598 2700 2752 2767 Quod
2780 2713 2958 2759 autem
2989 2706 3083 2771 ait,
3126 2726 3145 2758 ι
3177 2707 3301 2776 quia
3334 2709 3635 2777 praescripti

2058 2798 2206 2854 sunt,
2226 2792 2316 2858 qui
2345 2792 2727 2846 transtulerunt
2745 2796 2973 2864 gratiam
2998 2795 3206 2854 Domini
3232 2799 3283 2853 in
3308 2799 3597 2865 luxuriam,
3614 2821 3634 2855 ι

2059 2883 2144 2934 cui
2172 2882 2399 2951 subjecti
2435 2894 2580 2946 sunt,
2632 2885 2684 2938 id
2720 2896 2822 2952 εει,
2882 2890 2950 2942 ad
3008 2889 3108 2944 hoc
3164 2891 3461 2962 praescripti
3492 2892 3640 2960 judi-

2059 2970 2225 3035 cium,
2249 2980 2350 3024 etc.
2380 2971 2541 3039 (sicut
2569 2988 2739 3042 nuper
2764 2975 2996 3029 edictum
3027 2978 3157 3047 est),
3183 2978 3637 3033 considerandum

2064 3072 2167 3128 est,
2201 3077 2268 3116 ne
2293 3063 2523 3118 forsitan
2552 3065 2652 3120 hoc
2683 3068 2856 3134 possit
2900 3070 3096 3138 exponi
3140 3071 3301 3125 etiam
3334 3073 3400 3126 de
3432 3073 3515 3127 his
3548 3073 3637 3141 qui

2060 3154 2268 3209 similes
2289 3154 2441 3211 Judze
2468 3158 2769 3227 praescripti
2800 3168 2947 3224 sunt,
3001 3161 3188 3230 utique
3218 3164 3535 3231 prophetiis.
3564 3163 3638 3218 De

2061 3242 2155 3297 illo
2185 3260 2417 3315 namque
2444 3247 2645 3301 dictum
2681 3258 2805 3304 est:
2845 3267 2864 3302 ‹
2898 3249 2964 3304 Ει
3004 3251 3375 3323 episcopatum
3408 3252 3523 3322 ejus
3544 3270 3639 3309 ac-

372 3342 507 3398 Nam
535 3354 588 3397 et
613 3343 812 3399 Paulus
857 3346 924 3398 de
981 3344 1288 3414 hujusmodi
1345 3343 1658 3401 hominibus
1692 3346 1767 3399 ita
1791 3348 1953 3402 dicit:
1985 3333 2029 3391 (ἶ
2066 3332 2231 3397 Cipi”
2271 3335 2503 3401 3118?";
2529 3356 2548 3387 ι
2603 3348 2657 3392 ει
2686 3339 2850 3395 illud:
2888 3360 2906 3392 ι
2937 3342 3157 3397 Levavit
3186 3354 3373 3399 contra
3417 3361 3500 3400 me
3528 3347 3641 3401 Cal-

384 3455 407 3489 σ
434 3437 502 3492 Et
541 3437 709 3492 nolite
749 3438 1156 3492 communicare
1196 3437 1452 3507 operibus
1483 3439 1775 3494 immundis
1807 3452 1955 3494 tene-

373 3527 620 3594 brarum,
655 3526 826 3597 magis
852 3538 1031 3581 autem
1062 3528 1225 3581 etiam
1271 3527 1521 3595 arguite:
1564 3542 1624 3581 ea
1654 3528 1821 3593 enim,
1841 3545 1959 3598 qua:

374 3618 588 3673 occulta
624 3619 691 3673 ab
724 3620 806 3675 eis
838 3620 994 3685 tium,
1021 3631 1174 3688 turpe
1217 3628 1300 3674 est
1329 3620 1491 3673 etiam
1528 3621 1630 3675 dici
1655 3622 1675 3652 °
1707 3621 1805 3693 (Ξ).
1828 3641 1847 3676 ι

370 3710 585 3781 Δὶσχρὰ
616 3710 726 3782 γὰρ
771 3712 868 3765 καὶ
897 3712 1018 3765 λίαν
1053 3715 1139 3766 αἱ·-
1208 3712 1408 3781 Turpia
1442 3728 1672 3782 namque
1703 3727 1756 3769 et
1799 3715 1961 3771 vehe-

373 3802 515 3872 σχρὰ
536 3803 1138 3875 ὲπιτελοῦσιδῆοενμυ-
1207 3814 1420 3858 menter
1480 3805 1652 3874 turpia
1717 3805 1955 3874 faciunt,

376 3896 596 3959 στικῶς.
624 3896 768 3967 Πρὸς
797 3897 1010 3961 τούτοις
1042 3899 1137 3950 καὶ¹
1203 3899 1357 3969 quasi
1398 3902 1625 3970 mystico
1654 3904 1838 3967 modO,
1867 3904 1959 3971 qui

372 3988 424 4041 οἱ
452 3988 560 4040 ἀπὸ
592 3989 835 4058 Σίμωνῡς
858 3990 951 4042 καὶ
985 3991 1137 4060 Μαρ-
1203 4001 1405 4047 sectam
1436 3992 1674 4048 Simonis
1710 3992 1847 4065 Magi
1881 4010 1961 4049 se-

375 4083 570 4146 κίωνος
609 4084 705 4137 καὶ
751 4086 1130 4153 Οὐαλεντίνου,
1203 4096 1460 4155 quuntur.
1488 4085 1615 4141 Post
1649 4087 1751 4142 hoc
1778 4099 1957 4143 autem

375 4177 605 4247 Σηθανοί
649 4194 708 4231 τε
752 4181 847 4233 καὶ
902 4182 1132 4234 Καῖανί-
1201 4187 1255 4233 et
1284 4177 1616 4233 Marcionita:
1663 4188 1824 4247 atque
1856 4178 1959 4234 Va-

372 4281 495 4333 ται,
538 4260 612 4321 ὧν
645 4269 679 4338 ἡ
728 4269 986 4338 ἀσέλγεια
1039 4271 1131 4325 ἔκ-
1201 4270 1423 4328 lentiani
1450 4285 1505 4329 et
1530 4273 1818 4329 Sithiniani
1861 4291 1961 4331 ne-

375 4356 590 4420 θεσμος.
1199 4365 1358 4422 fanda
1390 4368 1752 4421 committunt.

379 4473 533 4529 Unde
567 4484 622 4531 et
655 4476 707 4530 in
739 4476 843 4531 alia
879 4475 1118 4548 Epistola
1146 4479 1212 4534 de
1236 4481 1315 4534 eis
1344 4480 1554 4548 scribit,
1582 4480 1800 4535 dicens:
1822 4499 1841 4532 ι
1864 4480 1957 4535 Isti

377 4576 523 4634 sunt,
573 4569 665 4640 qui
714 4570 1093 4640 ingrediuntur
1121 4572 1173 4627 in
1202 4573 1411 4639 domos,
1438 4583 1492 4628 et
1524 4573 1802 4642 captivant
1836 4588 1956 4626 mu-

378 4658 656 4726 licrculas,
715 4663 959 4731 peccatis
1023 4663 1297 4721 involutas
1347 4675 1402 4721 et
1456 4665 1765 4720 libidinibus
1793 4665 1954 4720 variis

2060 3436 2287 3477 caneum
2317 3439 2472 3479 suum
2515 3427 2588 3493 ",
2612 3446 2631 3479 ι
2684 3431 2945 3487 adversus
2998 3434 3295 3502 doctorem,
3323 3452 3488 3506 panes
3522 3437 3641 3507 ejus

2058 3515 2247 3580 edens,
2275 3518 2429 3585 quasi
2488 3521 2652 3573 etiam
2718 3521 3021 3591 hujusmodi
3060 3525 3238 3594 impiis
3269 3530 3641 3600 praescriptum

2058 3609 2151 3674 sit,
2182 3610 2324 3663 sicut
2345 3611 2411 3664 de
2442 3611 2621 3680 impiis
2654 3611 2866 3669 Veteris
2896 3614 3246 3671 Testamenti.

2135 3700 2302 3758 Vsus.
2336 3701 2389 3755 9.
2439 3721 2457 3753 ι
2499 3700 2725 3757 Michael
2758 3713 2961 3770 autem,
2993 3707 3351 3778 archangelus
3378 3748 3393 3774 ,
3422 3713 3638 3780 quando

2061 3806 2182 3847 cum
2223 3792 2435 3849 diabolo
2458 3794 2729 3850 altercans
2761 3797 3052 3868 diSputavit
3080 3799 3147 3854 de
3177 3815 3405 3872 corpore
3434 3803 3635 3875 Moysi;

2061 3898 2163 3940 nec
2187 3882 2289 3939 fuit
2338 3901 2502 3942 ausus
2551 3887 2817 3955 judicium
2875 3887 3078 3945 inferre
3138 3890 3637 3965 blasphetniw,sed

2062 3978 2241 4032 dixit:
2281 3978 2514 4049 lmpcret
2556 3981 2650 4035 tibi
2686 3978 2846 4036 Deus.
2872 3998 2893 4033 ι

2133 4096 2189 4151 Si
2218 4096 2644 4152 substantialiter
2670 4096 2840 4153 malus
2864 4105 2947 4153 est
2972 4097 3238 4168 diabolus,
3274 4100 3430 4156 sicuti
3449 4110 3639 4170 putant

2063 4197 2310 4245 terrenas
2346 4199 2569 4245 naturas
2623 4189 3049 4257 introducentes,
3088 4193 3179 4263 qui
3220 4192 3406 4247 dicunt
3437 4194 3639 4263 aliquid

2062 4283 2325 4336 adversus
2362 4296 2507 4346 eum,
2541 4282 2757 4336 crimini
2807 4283 2912 4353 (5),
2983 4300 3089 4339 non
3138 4285 3454 4341 substantiae
3492 4286 3640 4342 blas—

2060 4374 2313 4445 phemize.
2349 4374 2405 4428 Si
2443 4388 2619 4443 neque
2650 4374 3051 4431 rationabiliter
3095 4375 3337 4446 increpat
3370 4392 3493 4433 eum
3525 4377 3636 4434 Do-

2061 4468 2264 4531 minus,
2288 4483 2409 4522 cum
2436 4475 2686 4521 naturam
2725 4482 2830 4521 non
2884 4467 3067 4535 habet,
3110 4478 3164 4523 ut
3215 4470 3637 4540 increpationem

2060 4574 2160 4630 pro
2185 4573 2350 4629 opere
2376 4574 2480 4613 non
2507 4559 2649 4613 bono
2669 4558 2929 4628 suscipiet
2954 4558 3054 4630 (4).
3088 4559 3194 4615 Sed
3222 4561 3347 4614 dum
3386 4569 3441 4615 et
3468 4560 3645 4616 incre-

2063 4660 2225 4720 patur
2255 4665 2284 4705 a
2341 4659 2592 4705 creatore
2648 4648 2987 4721 Dominoque
3010 4661 3350 4714 cunctorum,
3385 4659 3637 4720 tanquam

378 4709 656 4726 ---αντη
715 4709 958 4731 rh"..-
1023 4709 1296 4721 ....-....-.,
1349 4709 1402 4721 ν.
1456 4709 1765 4720 ..υ........,..-
1803 4709 1953 4720 .-...-

377 4753 568 4808 ductas
597 4754 642 4819 ",
664 4773 682 4805 ι
714 4764 768 4809 et
807 4756 908 4809 sub
941 4759 1229 4812 occasione
1258 4758 1533 4829 religionis
1561 4769 1726 4830 agunt
1754 4758 1951 4827 turpia.

2060 4709 2190 4797 dum
2250 4744 2424 4812 possit
2476 4757 2543 4798 ex
2573 4742 2678 4798 hoc
2729 4709 2915 4812 aliqua
2968 4742 3174 4798 utilitas
3231 4744 3536 4813 provenire,
3585 4751 3641 4797 et

376 4844 721 4915 Quapropter
770 4847 824 4901 in
860 4847 1128 4903 luxuriam
1170 4850 1514 4905 transtulisse
1552 4866 1645 4904 eos
1677 4850 1806 4906 dicit
1830 4865 1955 4920 gra-

378 4935 508 4989 tiam
544 4936 777 5006 Domini,
815 4955 910 5009 ρει-
959 4954 1122 5009 quam
1171 4940 1440 4995 luxuriam
1496 4951 1551 4996 et
1577 4940 1799 4997 effectus
1837 4940 1955 5011 ejus

377 5035 575 5093 negant
606 5028 781 5083 solum
832 5029 1234 5087 Dominatorem
1292 5041 1347 5087 et
1374 5030 1662 5088 Dominum
1711 5042 1956 5088 nostrum

2061 4833 2455 4903 blasphemiam
2483 4834 2781 4889 arbitratus
2819 4834 3090 4889 maximus
3127 4835 3483 4901 archangelus
3511 4848 3641 4903 pro-

2062 4926 2207 4982 ferre
2241 4926 2537 4996 quidquam
2584 4927 2842 4980 adversus
2894 4941 3038 4990 eum,
3092 4925 3217 4979 licet
3265 4926 3647 4980 decertaretur

2063 5035 2163 5093 pro
2192 5032 2423 5089 corpore
2443 5016 2711 5089 Moyseos.
2751 5014 2862 5071 Nec
2891 5024 2973 5071 est
3003 5014 3246 5071 diabolus
3274 5024 3486 5071 terrena
3510 5016 3639 5071 sub-

445 5161 664 5239 ‘ﬁApoc.
697 5181 754 5228 ιι,
778 5168 869 5222 20.
944 5169 965 5201 ⁸
1007 5168 1201 5239 Ephes.
1258 5185 1313 5234 ν,
1368 5169 1456 5224 il.
1532 5166 1665 5239 'rll_
1690 5168 1830 5239 Tim.
1868 5164 2028 5239 ιιιβ.Δ
2087 5162 2110 5194 ⁸
2136 5158 2337 5239 ᾖῐιιιιιι..
2373 5173 2447 5221 ιι,
2474 5154 2577 5239 Ξᾷλ
2620 5155 2641 5187 ⁹
2667 5154 2841 5239 ἰιοιιιι.
2878 5171 2933 5219 v,
2989 5155 3086 5239 itit:
3160 5156 3205 5188 ¹⁰
3242 5152 3408 5209 Hebr.
3437 5168 3511 5219 xl,
3544 5150 3635 5207 26.

378 5233 417 5263 “
458 5222 635 5288 Galat.
678 5222 751 5303 vr,
802 5239 890 5292 14.
968 5241 1011 5270 ¹²
1266 5222 1466 5308 νῖιιξϐψ.
1543 5238 1586 5270 ¹³
1638 5237 1777 5292 Psal.
1815 5222 1952 5291 criti

2134 5231 2178 5262 η
2220 5229 2360 5285 Psal.
2394 5244 2482 5295 xu,
2514 5226 2616 5292 10;
2659 5222 2817 5281 Joan.
2865 5242 2983 5293 xm,
3020 5224 3109 5282 l8.

378 5374 658 5444 Didymus.
692 5373 1026 5437 Gallandius,
1077 5385 1136 5430 ut
1186 5379 1495 5446 periocham
1543 5377 1821 5444 scripturae
1846 5373 1948 5428 ali-

376 5454 578 5517 quanto
614 5446 904 5517 pleniorem
940 5446 1118 5517 faciat,
1154 5463 1252 5515 pro
1284 5451 1497 5501 omnino
1522 5448 1948 5517 legendumesse

372 5513 545 5583 jubet.
574 5516 789 5584 scierites
821 5516 976 5569 sentel
1005 5513 1203 5581 omnia,
1235 5518 1460 5579 scilicet,
1486 5532 1551 5572 ne
1576 5513 1702 5571 cum
1724 5514 1948 5584 Vulgata

376 5584 637 5657 dissideat
681 5583 905 5657 Latinus
960 5587 1246 5654 interpres.
1307 5587 1567 5657 Equidem
1606 5601 1744 5657 Acum
1778 5583 1948 5654 hypo-

378 5656 544 5709 thesis
575 5656 861 5709 manifesto
894 5672 1081 5710 manca
1107 5657 1197 5720 sit,
1232 5655 1570 5711 niliil‘tnuto.
1605 5655 1760 5712 Patet
1791 5669 1942 5719 vero,

378 5724 686 5796 Didymnm,
714 5726 799 5780 vel
824 5727 1011 5781 saltem
1064 5727 1416 5796 interpretem
1467 5727 1741 5787 Latinum,
1772 5726 1948 5796 locum

378 5793 545 5868 JUtitlB_
570 5796 1035 5868 impeditissimum
1070 5798 1142 5868 ita
1190 5793 1405 5868 legisse,
1434 5798 1516 5850 ὅτι
1560 5796 1769 5867 Ἰησοῦς
1802 5793 1950 5865 ἅπαξ

372 5864 595 5951 λαξίγὶὲξς
619 5867 720 5951 γῇς
745 5867 1021 5949 Αἱγύπτρυ
1051 5864 1266 5951 mimae;
1280 5879 1384 5922 etc.

449 5936 526 6007 (t)
566 5936 621 5991 ln
652 5936 839 5994 Graeco
869 5940 1129 6009 scriptum
1162 5940 1325 5995 fuisse
1365 5938 1596 6008 videtur,
1631 5937 1735 5997 ὅτι.

2125 5367 2203 5441 (‘2)
2242 5367 2297 5421 ιιι
2322 5366 2528 5441 scholio
2558 5375 2822 5441 praeterea
2859 5365 3065 5429 adiecta
3090 5370 3231 5441 sunt
3271 5361 3385 5441 haec
3403 5360 3637 5441 lim-reti:

2056 5429 2241 5498 eorum
2302 5429 2572 5491 nominaf
2607 5438 2700 5490 καὶ
2766 5434 3114 5491 Ἐστωτιανοὶ
3148 5433 3243 5487 καὶ
3289 5429 3642 5501 Βορϐοριανοὶ

2055 5506 2530 5585 ωὶ-Βαρυλώνιοι.
2609 5576 2623 5585 _
2973 5576 2984 5585 _
3048 5577 3059 5585 _
3106 5576 3116 5585 _
3212 5574 3261 5585 ,ί
3429 5573 3440 5583 _
3589 5572 3602 5585 ,

2128 5580 2207 5651 (5)
2249 5580 2385 5633 Ριιιο
2435 5576 2718 5654 legendum
2750 5590 2870 5633 esse
2908 5576 3174 5654 criminin
3199 5574 3268 5627 At
3301 5587 3367 5627 ne
3398 5574 3478 5654 sic
3506 5574 3637 5654 qui:

2060 5645 2444 5709 dem'sanatur
2491 5648 2643 5703 locus
2700 5657 3005 5717 corruptus.
3063 5645 3266 5700 Vellem
3325 5645 3639 5713 scripsisset

2061 5731 2273 5781 auctor,
2303 5734 2407 5773 non
2435 5719 2693 5782 criminis,
2727 5718 2818 5771 sed
2846 5718 3172 5772 substantiw.

2133 5791 2210 5863 (4)
2251 5789 2505 5846 Fortasse
2520 5789 2817 5863 legendum
2845 5796 2951 5857 est,
2974 5804 3091 5843 cum
3121 5794 3369 5842 naturam
3400 5801 3503 5842 non
3537 5783 3639 5838 ha-

2062 5860 2164 5930 lm,
2195 5873 2241 5918 et
2277 5860 2703 5930 increpationem,
2731 5868 2836 5915 etc.
