4118 6462
497 464 632 522 1815

1685 454 1924 510 DIDYMI
1961 453 2428 512 ALEXANDBINI

3590 450 3754 508 1816

485 577 705 632 stantia.
732 575 928 631 llabuit
950 575 1094 630 enim
1148 573 1436 644 aliquando
1478 573 1714 630 divinam
1740 573 1963 643 gloriam
1979 571 2054 645 (5)
2085 577 2131 636 Α
2161 573 2302 628 viam
2331 572 2473 644 ejus,
2499 580 2553 628 et
2585 581 2737 628 extra
2769 572 2973 628 vultum
2998 568 3094 627 Dei
3129 576 3346 640 propter
3368 568 3749 640 ignorantiam

487 677 810 725 ctsanctam
846 665 938 721 Dei
971 665 1276 730 scientiam,
1334 663 1462 719 licet
1507 677 1801 719 conversus
1851 663 1919 717 de
1941 677 2054 717 ma-

487 759 767 830 gnitudine
828 765 975 812 tanta
1037 756 1313 812 ceciderit.
1377 755 1689 811 Ostenditur
1748 753 1930 822 itaque
1984 766 2050 808 ex

488 849 762 904 communi
791 863 975 913 sensu,
1005 860 1162 916 quem
1191 845 1450 899 habemus
1477 845 1543 898 de
1573 844 1784 899 cunctis
1811 843 2056 898 rationa-

489 941 651 1005 libus,
679 939 958 1010 quoniam,
988 952 1111 992 cum
1145 943 1272 990 sunt
1306 935 1515 990 arbitrii
1544 933 1721 999 liberi,
1747 943 1801 990 et
1822 948 2056 990 conver-

489 1033 571 1088 sio
601 1034 670 1088 sit
697 1033 835 1087 facta
859 1029 1080 1094 diaboli,
1109 1037 1301 1082 natura
1331 1043 1437 1082 non
1464 1027 1638 1082 malus
1663 1035 1765 1094 est,
1789 1028 2058 1096 quomodo

493 1141 593 1181 nec
619 1123 754 1195 ipse,
783 1122 876 1192 qui
905 1130 1128 1176 cunctos
1168 1119 1502 1190 malignitate
1551 1119 1905 1184 transcendit,
1955 1120 2060 1174 hu-

485 1215 731 1285 jusmodi
772 1222 872 1277 est,
902 1213 1029 1267 licet
1060 1211 1354 1265 adversarii
1400 1209 1559 1278 hujus
1588 1209 2059 1280 contemplationis

494 1305 849 1376 prrescribant
897 1303 973 1374 (6)
1010 1301 1260 1372 przesenti
1312 1301 1562 1371 Epistolas
1591 1310 1644 1357 et
1697 1301 1942 1372 Moyseos
1974 1317 2063 1358 as-

501 1395 796 1466 sumplioni
827 1395 926 1466 (7),
958 1405 1176 1464 prapter
1213 1406 1334 1447 eum
1367 1392 1564 1457 locum,
1605 1390 1695 1446 ubi
1725 1391 2063 1464 significatur

495 1488 722 1542 verbum
756 1484 1063 1555 archangeli
1121 1483 1189 1538 de
1220 1495 1447 1551 corpore
1495 1483 1747 1550 Muyseos
1769 1483 1838 1537 ad
1869 1481 2059 1537 diabo-

491 1580 602 1633 lum
637 1578 863 1634 factum.
898 1575 1014 1630 Non
1046 1575 1188 1628 enim
1231 1587 1295 1628 ex
1329 1573 1416 1628 his
1463 1573 1859 1640 tantummodo,
1893 1574 1985 1629 sed
2009 1575 2063 1628 itt

499 1669 647 1726 omni
686 1669 867 1723 divina
900 1666 1179 1736 Scriptura
1210 1673 1546 1719 monstratur
1573 1665 1640 1720 de
1673 1679 1800 1720 casu
1833 1665 1977 1734 ejus:
2011 1675 2066 1721 et

492 1778 634 1816 unus
664 1775 805 1814 nunc
831 1773 1011 1814 sermo
1052 1766 1158 1821 cst,
1205 1766 1489 1827 pr0plerca
1520 1756 1682 1810 etiam
1713 1757 1956 1812 diabolus
1973 1772 2066 1826 ap-

495 1853 725 1920 pellatus
770 1860 873 1908 est.
936 1848 1244 1904 Voluntatis
1295 1848 1437 1902 enim
1498 1846 1636 1916 ejus,
1688 1863 1795 1902 non
1821 1848 2066 1904 essentia;

2160 663 2352 730 factos,
2376 665 2469 720 scd
2491 665 2656 720 etiam
2691 671 3065 735 praeponentes
3095 662 3416 732 semetipsos
3455 660 3745 726 Creatori,

2162 755 2310 810 illum
2339 756 2604 826 siquidem
2638 755 2887 811 animalis
2949 765 3175 821 naturae,
3240 769 3301 810 se
3351 763 3533 809 autem
3580 752 3752 822 spiri-

2166 845 2340 902 tuales
2375 861 2496 902 esse
2530 847 2793 902 dicentes.
2845 845 3189 916 Quapropter
3240 859 3348 900 non
3399 852 3550 900 recte
3604 843 3753 898 divi-

2161 938 2294 993 dunt
2331 938 2375 969 ¹⁶
2405 951 2492 1005 ea,
2544 951 2666 1006 quae
2701 938 2888 992 volunt
2931 936 3042 1006 (ll)
3075 935 3415 990 immolantes
3440 933 3642 990 offerre
3677 948 3747 989 se

2163 1037 2374 1098 putant,
2410 1027 2667 1097 quoniam
2718 1028 2988 1099 primitias
3021 1027 3258 1091 sibimet,
3301 1026 3568 1081 secundas
3605 1039 3751 1080 vero

2164 1131 2346 1190 partes
2373 1119 2603 1174 offerunt
2655 1121 2788 1176 Deo.
2817 1119 2896 1175 Ex
2943 1118 3249 1188 huiusmodi
3296 1117 3442 1172 enim
3497 1116 3750 1187 nequitia

2165 1224 2329 1283 atque
2363 1212 2575 1268 fallacia
2606 1211 2892 1268 homicidae
2920 1213 3058 1266 fiunt
3088 1211 3317 1266 fratrum
3347 1208 3752 1275 suorum,oll‘e-

2167 1313 2348 1360 rentes
2381 1304 2459 1359 eis
2485 1317 2606 1372 qua:
2638 1302 2895 1372 sapienda
2923 1317 3030 1357 non
3079 1309 3230 1368 sunt,
3258 1300 3432 1370 magis
3463 1309 3646 1355 autem
3678 1301 3749 1354 ad

2167 1410 2318 1451 suam
2346 1395 2701 1450 imitationem
2714 1402 2968 1449 vocantes
2981 1407 3232 1458 eos,curu
3245 1390 3433 1447 dicunt
3451 1407 3465 1442 :
3490 1407 3510 1442 ι
3536 1389 3752 1444 Trans—

2167 1503 2352 1544 eamus
2377 1488 2429 1541 in
2454 1501 2702 1556 campum
2733 1486 2797 1540 ιτ.
2828 1503 2848 1538 ι
2888 1485 3029 1540 Dicit
3061 1485 3224 1553 igitur
3265 1485 3487 1538 eosdem
3535 1481 3751 1537 similes

2169 1591 2288 1631 esse
2314 1576 2553 1642 Balaam,
2584 1581 2952 1644 praeponentes
3004 1573 3194 1644 pietati
3237 1571 3544 1627 mercedem
3591 1571 3750 1626 obla-

2169 1675 2279 1721 tam
2309 1669 2357 1722 ei
2387 1682 2415 1720 a
2439 1682 2564 1737 rege
2594 1665 2910 1730 Madianita,
2941 1673 3002 1718 ut
3038 1664 3390 1719 malediceret
3412 1662 3512 1728 eis,
3534 1662 3627 1732 qui
3653 1663 3753 1718 Dei

2169 1759 2546 1815 benedictione
2596 1758 2938 1814 fruebantur
2973 1757 3038 1812 ⁸⁸.
3093 1756 3195 1823 Qui
3251 1756 3416 1810 etiam
3466 1755 3750 1823 iujustitiae

2172 1851 2423 1906 mercede
2449 1850 2624 1906 diffusi
2653 1860 2799 1917 sunt,
2824 1850 3182 1919 vaticinantes
3209 1849 3354 1903 enim
3379 1848 3748 1912 inveniuntur,

497 1944 698 1998 diaboli
729 1956 922 1997 nomen
955 1950 1058 2008 est,
1087 1949 1147 1995 ut
1184 1939 1495 2010 frequenter
1537 1939 1740 1994 dictum
1776 1946 1878 1992 est.
1909 1937 2062 1993 Sicut
2094 1931 2137 1986 Β
2167 1955 2221 2000 et
2246 1959 2343 2013 pro
2373 1955 2562 1999 sancto
2602 1943 2807 2011 Spiritu
2871 1943 3122 2012 spiritum
3178 1942 3384 1996 erroris
3458 1940 3751 2008 habentes,

495 2037 642 2091 enim
677 2036 728 2090 in
753 2034 891 2090 Juda
935 2033 1220 2088 dicendum
1266 2042 1370 2098 est,
1402 2045 1525 2086 cum
1556 2029 1916 2085 substantiam
1951 2029 2069 2100 ejus

495 2127 884 2197 significamus,
910 2123 1182 2177 hominem
1239 2121 1477 2176 dicentes
1513 2135 1658 2185 eum,
1708 2134 1886 2175 mores
1921 2134 2068 2186 vero,

497 2232 620 2269 cum
644 2214 721 2286 (8)
752 2213 1020 2269 diabolum
1047 2210 1398 2280 appellamus,
1435 2217 1787 2279 agnoscentes
1817 2224 1844 2262 a
1887 2206 2073 2264 Salva-

500 2318 637 2370 tore,
663 2305 756 2374 qui
781 2304 916 2358 dixit
942 2301 1254 2371 discipulis:
1289 2319 1308 2353 ‹
1344 2300 1494 2356 Unus
1530 2315 1598 2355 ex
1642 2299 1794 2354 vobis
1829 2299 2072 2355 diabolus

495 2407 582 2451 est
613 2394 657 2426 "
682 2407 696 2444 :
725 2409 744 2442 ι
781 2392 859 2448 sic
887 2390 942 2445 in
973 2391 1076 2446 isto
1105 2404 1298 2445 nomen
1355 2387 1553 2444 diaboli
1610 2387 1803 2442 malam
1831 2388 1950 2457 ejus
1983 2387 2058 2443 si-

502 2486 727 2556 gnificat
777 2484 1134 2547 voluntatem,
1188 2497 1311 2537 cum
1367 2479 1507 2536 forte
1541 2479 1684 2534 aliud
1712 2494 1907 2535 nomen
1939 2479 2069 2533 sub-

499 2575 754 2630 stantiam
788 2573 904 2643 ejus
930 2572 1184 2628 insinuat.
1215 2571 1283 2626 Et
1312 2571 1434 2627 ideo
1495 2571 1605 2626 dixi
1640 2569 1794 2640 forte,
1819 2568 2074 2640 quoniam

502 2683 607 2724 non
647 2666 911 2722 habemus
970 2665 1024 2720 in
1071 2663 1252 2720 divina
1305 2663 1589 2734 Scriptura
1622 2663 1771 2718 clare
1801 2663 1942 2717 dicta
1977 2675 2078 2715 no-

503 2760 648 2814 mina
679 2758 895 2830 propria
927 2755 1349 2812 rationabilium.
1390 2754 1543 2823 Quod
1564 2755 1664 2810 etsi
1689 2769 1796 2810 non
1821 2762 2078 2818 est,atta-

503 2866 628 2906 tuen
653 2848 928 2905 communi
959 2847 1178 2904 nomine
1209 2846 1384 2917 angeli
1422 2847 1540 2914 ejus
1570 2845 1871 2901 substantia
1899 2844 2077 2899 declao

508 2953 680 3006 ratur,
709 2941 886 3012 aliqua
926 2939 1135 2996 scilicet
1182 2941 1456 2993 exsistens
1497 2947 1694 3007 praeter
1725 2935 1921 2990 malam
1949 2949 2078 3005 ope-

504 3033 793 3098 rationem,
825 3030 969 3101 quod
1022 3030 1150 3085 dum
1203 3028 1444 3096 fecisset,
1499 3027 1747 3084 diabolus
1777 3026 2078 3097 appellatus

504 3133 610 3178 est.

574 3214 742 3269 Vsus.
775 3215 865 3268 ll.
910 3231 930 3265 ‹
958 3210 1052 3266 Vae
1080 3210 1206 3275 illis,
1246 3208 1338 3279 qul
1368 3208 1422 3263 in
1461 3206 1602 3262 viam
1643 3206 1773 3262 Cain
1808 3205 2077 3273 abierunt,

2171 2031 2312 2084 unde
2341 2031 2501 2084 etiam
2543 2030 2674 2085 dant
2723 2038 2779 2086 et
2833 2030 2924 2084 isti
2958 2029 3242 2085 consilium
3289 2029 3672 2085 fornicationis
3698 2041 3758 2084 et

2172 2122 2436 2176 idolorum
2463 2121 2709 2186 culturae,
2761 2121 2902 2177 sicut
2947 2121 3038 2176 ille
3099 2122 3406 2191 proditione
3433 2122 3544 2193 (li)
3571 2123 3754 2193 populi

2173 2211 2287 2268 Dei.
2318 2210 2444 2267 Haec
2474 2221 2652 2265 autem
2708 2211 2776 2266 de
2833 2212 3101 2268 haereticis
3156 2212 3386 2282 quilibet
3435 2214 3640 2278 dicens,
3685 2215 3755 2268 ad

2172 2301 2453 2370 superiora
2477 2299 2746 2371 proficiat,
2777 2311 2834 2355 et
2861 2317 2964 2356 non
3019 2311 3227 2355 tantum
3277 2301 3330 2355 in
3354 2303 3540 2366 verbo,
3571 2303 3666 2358 sed
3702 2303 3756 2357 in

2175 2389 2354 2444 littera
2377 2403 2483 2460 qua
2517 2398 2791 2454 constant,
2817 2403 2922 2458 qua
2953 2389 3196 2444 etiamin
3231 2390 3552 2461 Apocalypsi
3583 2390 3759 2447 Joan-

2176 2484 2265 2536 nis
2305 2489 2631 2550 tanguntur,
2681 2481 2824 2550 quod
2865 2481 2979 2536 [nec
3027 2480 3266 2535 habeant
3315 2481 3760 2538 intellectualiter

2176 2573 2297 2628 falsi
2326 2574 2599 2639 doctores,
2630 2587 2752 2628 cum
2776 2573 2885 2628 sint
2923 2582 3197 2628 amatores
3234 2574 3568 2644 principatus
3591 2585 3759 2646 atque

2177 2667 2462 2738 superbiae,
2493 2675 2548 2720 et
2571 2665 2891 2735 praesulibus
2929 2665 3182 2722 Ecclesiae
3214 2667 3545 2734 resistentes,
3581 2672 3760 2739 magis

2179 2768 2358 2813 autem
2386 2756 2664 2827 apostolis,
2697 2757 2788 2826 qui
2818 2771 2886 2811 ex
2917 2757 3024 2812 Deo
3077 2756 3301 2821 habent,
3353 2768 3411 2812 ut
3445 2762 3758 2817 sacerdotes

2184 2850 2312 2904 sint.
2344 2849 2410 2903 Hi
2445 2863 2680 2918 namque
2715 2847 2854 2902 Core
2885 2849 3315 2903 contradictione
3343 2848 3552 2904 scilicet
3601 2865 3760 2904 erra-

2185 2949 2400 2994 verunt.
2425 2938 2519 2992 llle
2550 2937 2815 3006 siquidem
2851 2937 3051 2992 restitit
3097 2940 3420 3004 sacerdotio,
3452 2941 3631 2996 Aaron
3655 2941 3757 2997 Dei

2181 3030 2459 3086 voluntate
2485 3027 2704 3092 collato,
2752 3035 2802 3082 et
2859 3038 3079 3099 prepter
3109 3032 3590 3086 contradictionem
3616 3048 3758 3088 nova

2181 3133 2355 3180 morte
2385 3121 2646 3178 multatus
2681 3129 2766 3177 est
2791 3121 2925 3191 ipse,
2959 3130 3014 3178 et
3043 3123 3136 3193 qui
3187 3139 3309 3178 cum
3338 3137 3401 3178 eo
3446 3136 3566 3177 esse
3595 3125 3756 3180 vide-

2183 3217 2398 3271 bantur.

505 3317 561 3358 et
597 3305 648 3358 in
675 3319 914 3358 errorem
949 3301 1166 3356 Balaam
1199 3277 1448 3356 mercede
1481 3297 1662 3355 diffusi
1699 3308 1846 3365 sunt,
1871 3307 1926 3354 et
1947 3312 2078 3354 con—
2105 3277 2152 3340 ο
2254 3306 2414 3362 γει-ε,
2445 3306 2545 3375 12,
2581 3307 2667 3362 15,
2709 3325 2728 3360 ι
2777 3305 2841 3361 lli
2893 3305 2984 3375 qui
3032 3306 3085 3360 in
3134 3305 3512 3362 dilectionibus
3561 3305 3763 3362 vestris

507 3394 825 3449 tradictioue
844 3392 982 3448 Core
1003 3391 1315 3462 perierunt!
1349 3409 1369 3442 ι

587 3484 852 3552 Quoniam
886 3500 983 3554 per
1007 3483 1208 3552 (omnia
1263 3481 1521 3537 declarati
1577 3490 1701 3538 sunt
1763 3483 2082 3539 cecidisse'a

508 3579 678 3631 verbo
713 3576 958 3630 veritatis
987 3573 1248 3638 haeretici,
1297 3572 1536 3628 ostendit
1581 3587 1676 3628 eos
1705 3573 1937 3628 diversis
1964 3574 2085 3628 sub-

504 3668 677 3737 jectos
705 3667 881 3722 malis.
913 3667 1054 3721 Dicit
1079 3666 1223 3721 enim
1245 3679 1339 3720 eos
1359 3665 1414 3718 in
1446 3663 1591 3717 viam
1612 3663 1745 3717 Cain
1783 3663 2082 3730 ambulare,

509 3762 600 3830 qui
625 3769 848 3830 propter
882 3758 1141 3813 invidiam
1169 3765 1224 3812 et
1255 3755 1585 3823 impietatem
1608 3753 1819 3810 necavit
1838 3753 2082 3810 fratrem.

510 3851 633 3918 Qui,
665 3851 790 3906 dum
824 3846 1136 3903 contristari
1171 3845 1450 3900 debuisset
1479 3857 1568 3910 eo,
1600 3843 1742 3912 quod
1756 3843 2082 3898 sacrificium

510 3943 626 4010 ejus
655 3949 957 4009 susceptum
992 3953 1098 3992 non
1131 3946 1269 4002 erat,
1327 3934 1471 4004 quod
1520 3935 1683 4002 impie
1713 3932 2086 3988 indubitanter

515 4033 804 4098 obtulerat,
837 4042 893 4085 et
921 4029 1120 4085 imitari
1150 4029 1396 4091 fratrem,
1423 4034 1558 4079 utet
1591 4024 1692 4078 iste
1713 4023 1799 4093 pie
1835 4024 1943 4079 Deo
1964 4039 2085 4078 tnu-

514 4141 616 4181 uus
641 4125 830 4179 offerat
863 4123 962 4194 (9),
1018 4120 1222 4175 invidia
1281 4117 1452 4187 magis
1502 4124 1782 4184 correptus
1827 4115 2086 4171 adversus

513 4232 658 4282 eum,
693 4216 962 4270 homicida
989 4214 1199 4283 primus
1222 4208 1488 4280 apparuit.
1522 4207 1588 4261 Et
1619 4221 1723 4261 non
1757 4205 1810 4260 in
1851 4205 1952 4261 hoc
1972 4205 2086 4260 solo

515 4308 738 4376 quievit,
791 4306 885 4361 sed
941 4306 1104 4360 etiam
1173 4299 1468 4357 extendens
1524 4297 1857 4367 impietatem
1909 4311 2087 4363 suam,

516 4407 774 4467 peccator
809 4397 952 4452 circa
979 4397 1144 4450 Deum
1181 4394 1354 4447 factus
1397 4389 1724 4455 voluntarie,
1751 4405 1780 4443 a
1811 4389 1956 4444 vultu
1974 4389 2089 4458 ejus

517 4489 776 4559 expulsus
814 4502 932 4543 esse
955 4486 1090 4559 (l0),
1112 4485 1249 4540 nihil
1282 4483 1394 4554 jam
1423 4491 1619 4552 putans
1670 4481 1722 4535 in
1755 4496 1813 4536 se
1840 4481 1931 4535 Dei
1964 4496 2090 4550 pro-

2184 3395 2467 3453 maculatis
2496 3395 2852 3467 coepulantur
2883 3394 2996 3465 (l5)
3025 3394 3143 3450 sine
3181 3396 3394 3461 timore,
3431 3396 3758 3464 semetipsos

2183 3497 2507 3557 pascentes:
2539 3487 2708 3542 nubes
2737 3487 2854 3542 sine
2888 3501 3047 3556 aqua,
3087 3502 3209 3556 quae
3238 3502 3266 3540 a
3301 3487 3478 3540 ventis
3521 3486 3760 3542 circum-

2184 3579 2451 3644 feruntur,
2499 3579 2726 3635 arbores
2759 3581 3122 3643 autumnales,
3159 3577 3534 3644 infructuosae,
3580 3577 3763 3632 eradi-

2185 3679 2350 3737 catae,
2414 3669 2499 3724 his
2559 3678 2813 3736 mortuae,
2865 3667 3063 3723 fluctus
3116 3669 3316 3724 ferocis
3366 3669 3572 3735 maris,
3624 3682 3760 3738 spu-

2186 3769 2399 3818 mantes
2431 3777 2559 3819 suas
2587 3762 2956 3828 confusiones,
2991 3763 3190 3827 sidera,
3223 3760 3588 3826 seductiones,
3635 3761 3761 3833 qui-

2183 3855 2306 3916 bus,
2331 3874 2349 3907 ι
2385 3865 2488 3910 etc.

2257 3946 2390 4000 Cum
2421 3946 2744 4001 ostendisset
2769 3961 2884 4014 eos,
2915 3947 3006 4016 qui
3035 3946 3316 4001 ambulant
3343 3945 3396 4000 in
3432 3944 3574 4000 viam
3598 3945 3761 4010 Cain,

2187 4046 2242 4094 et
2275 4037 2428 4093 etl‘usi
2462 4046 2588 4093 sunt
2631 4038 2826 4108 injusta
2872 4040 3121 4094 mercede
3163 4038 3407 4102 Balaam,
3436 4046 3492 4091 et
3540 4052 3634 4091 eos
3663 4038 3761 4105 qui

2189 4129 2380 4198 perditi
2408 4139 2531 4185 sunt
2559 4131 2984 4185 contradictione
3006 4129 3174 4197 Core;
3210 4129 3456 4199 sequitur
3517 4127 3704 4182 dicens
3742 4142 3760 4182 :

2190 4215 2254 4271 lli
2305 4227 2432 4274 sunt
2479 4219 2724 4274 convivia
2761 4219 3130 4284 celebrantes,
3176 4220 3392 4288 quando
3440 4218 3758 4274 dilectiones

2191 4308 2474 4376 habentes,
2505 4311 2853 4378 eoepulantes
2897 4311 2952 4364 in
2990 4310 3218 4365 maculis
3251 4310 3385 4372 suis,
3413 4310 3536 4364 dum
3570 4323 3766 4365 carnes

2191 4400 2436 4471 polluunt
2476 4401 2742 4472 proprias,
2773 4409 2831 4457 et
2864 4400 3199 4455 transferunt
3239 4401 3304 4454 ad
3357 4400 3623 4454 luxuriam
3660 4398 3769 4452 Do-

2191 4493 2322 4548 mini
2355 4494 2603 4564 gratiam.
2640 4492 2872 4550 Proinde
2911 4507 3034 4548 cum
3070 4491 3251 4547 omnia
3287 4490 3591 4554 huiusmodi
3628 4504 3755 4544 cum

517 4583 755 4637 Videnlia
782 4580 1092 4650 provenire.
1126 4577 1420 4679 secundam
1467 4571 1647 4679 οηιηῖίξ
1683 4585 1804 4640 quae
1829 4571 2086 4638 habebat.
2118 4619 2168 4679 ο
2194 4581 2362 4638 multo
2410 4592 2718 4653 contemptu
2758 4582 2991 4646 faciant,
3041 4583 3157 4636 sine
3203 4581 3396 4637 timore
3447 4579 3767 4650 semctipsos

521 4690 580 4725 se
619 4670 995 4725 auctoritatem
1027 4681 1148 4722 esse
1178 4662 1454 4726 credebat,
1478 4670 1534 4715 et
1561 4659 1891 4714 voluntatem
1912 4675 2087 4716 suam.

519 4764 822 4818 Prazsentes
879 4759 1042 4827 igitur
1108 4754 1393 4810 haereticos
1449 4751 1746 4817 ambulare,
1805 4750 2003 4820 inquit,
2038 4753 2094 4807 in

597 4895 640 4926 "
674 4893 830 4950 Joan.
876 4907 930 4957 v,
968 4889 1054 4944 70.

593 5027 673 5096 (5)
711 5024 1083 5096 Mingarellus__
1110 5023 1174 5096 ad
1224 5020 1510 5096 Didymum
1540 5020 1723 5096 (supra
1754 5019 1856 5073 col.
1891 5018 1996 5072 202
2031 5017 2094 5091 D)

523 5088 675 5164 putat
704 5088 989 5166 legendum
1019 5093 1256 5166 divinant
1297 5088 1738 5166 gratiamnlfjntr.

596 5166 673 5237 (6)
716 5157 917 5219 SEnsus
945 5164 1156 5237 videtur
1207 5157 1311 5214 hic
1341 5174 1463 5237 esse
1494 5175 1507 5210 :
1548 5157 1951 5237 Objectionibus
1983 5163 2098 5214 suis

527 5227 848 5305 praesentem
899 5233 1180 5303 epistolam
1261 5240 1316 5283 et
1368 5227 1613 5299 Moyseos
1673 5230 2096 5298 assumptionem

526 5308 882 5376 praetendunt.

596 5377 674 5443 (Ἰ)
719 5376 788 5430 De
851 5375 951 5428 hoc
1020 5372 1156 5426 libro
1232 5367 1694 5440 pseudepigrapho
1743 5369 2097 5443 tantum;

524 5438 853 5511 Μώῦσέως).
879 5459 946 5497 ex
973 5458 1080 5511 quo
1109 5438 1388 5511 desumpta
1423 5448 1712 5511 suut_qu:e
1741 5438 1792 5511 in
1824 5439 1926 5511 Ep._
1946 5439 2096 5511 ludas

529 5528 581 5583 \_'_.
615 5505 944 5583 9rlegu'n’tur,
972 5505 1071 5565 cl‘r.
1097 5511 1143 5583 J_.
1175 5511 1240 5583 A_.
1261 5505 1503 5583 fabrit-ii
1537 5507 1715 5560 Codex
1752 5505 2095 5578 Pmidepigr.

538 5579 600 5634 γ.
635 5579 854 5648 Τ.,’νοΙ.
893 5582 929 5647 I,
958 5597 1007 5650 p.
1043 5581 1167 5641 tos,
1208 5580 1331 5642 405,
1358 5579 1461 5633 859
1498 5593 1581 5646 sq.

599 5651 677 5717 (8)
719 5655 1070 5706 Scribettdum
1103 5653 1334 5712 videtur,
1367 5664 1504 5702 eum.

604 5715 681 5786 (9)
725 5722 858 5776 Male
883 5722 1196 5775 Gallandius
1243 5735 1364 5773 cum
1427 5732 1642 5772 sensum
1699 5716 1801 5771 loci
1829 5731 1933 5772 non
1963 5715 2098 5771 satis

536 5791 879 5856 intelligeret,
912 5792 1159 5857 conjecit,
1196 5789 1478 5841 obtulerat.
1530 5786 1720 5843 Verius
1781 5788 2010 5853 videtur,
2045 5795 2100 5838 ut

533 5870 579 5912 et
617 5859 720 5928 ipse
751 5860 835 5928 pte
870 5859 976 5912 Dco
1013 5875 1200 5910 mimus
1232 5859 1436 5926 o/j'erut.

2194 4679 2442 4737 pascunt.
2472 4672 2604 4728 Cum
2639 4672 2781 4727 enim
2814 4682 2942 4727 sunt
2981 4673 3083 4727 sub
3116 4680 3340 4740 pastore
3373 4684 3502 4726 vero
3553 4670 3624 4724 ita
3671 4671 3770 4723 de-

2193 4768 2413 4830 gentes,
2457 4762 2576 4817 sine
2604 4764 2798 4818 timore
2844 4771 2899 4818 et
2933 4762 3051 4817 sine
3101 4761 3402 4816 reverentia
3462 4759 3766 4826 constituti,

1171 4888 1211 4918 ιε
1241 4886 1375 4942 σευ,
1407 4901 1480 4952 ιν,
1508 4884 1558 4936 7.
1638 4885 1677 4914 ¹⁷
1722 4883 1850 4938 ibid.
1879 4883 1932 4937 8.
2012 4886 2055 4916 ¹⁸
2096 4886 2250 4945 Num.
2277 4910 2411 4961 xxtt,
2444 4895 2506 4949 l7
2534 4911 2653 4966 sqq.

2269 5029 2380 5097 (10)
2421 5030 2534 5084 lloc
2586 5040 2771 5100 aperte
2830 5031 3045 5084 falsum.
3106 5027 3206 5100 νει
3263 5025 3440 5082 omitti
3468 5026 3649 5094 debet,
3687 5030 3771 5084 vel

2196 5101 2394 5167 corrigi
2425 5117 2544 5154 cum
2583 5099 2882 5165 Gallaudio,
2910 5110 3007 5160 est,
3037 5099 3288 5167 nihilque.

2270 5117 2338 5151 I'l'l
2383 5117 2394 5152 Ι
2425 5117 2544 5154 011111
2583 5117 2882 5165 (1311311010,
2910 5117 3007 5160 εει.
3037 5117 3288 5167 mutique.

2270 5117 2380 5238 (ιδ
2421 5170 2605 5224 Tacite
2631 5171 2868 5223 correxit
2898 5168 3208 5223 Gallandius
3234 5167 3396 5233 velut,
3433 5176 3603 5234 recte,
3636 5183 3766 5223 nam

2199 5238 2377 5292 volunt
2408 5255 2620 5292 sensum
2650 5239 2848 5291 nullum
2885 5239 3066 5294 habet.

2271 5309 2384 5379 (l2)
2423 5308 2757 5369 Gallandius,
2788 5309 2969 5361 nescio
3009 5325 3076 5361 an
3109 5307 3174 5362 de
3206 5307 3454 5372 consilio,
3497 5316 3644 5363 certe
3680 5323 3775 5362 ve-

2199 5381 2331 5438 rius,
2365 5379 2582 5447 scripsit
2610 5395 2703 5445 pro
2735 5379 2949 5431 ditione.
2978 5379 3120 5432 Nihil
3154 5379 3448 5447 adnotavit.

2267 5449 2380 5519 (15)
2422 5445 2493 5502 Ut
2525 5448 2841 5519 saepissime,
2876 5450 2946 5519 ita
2984 5453 3146 5502 etiatn
3178 5449 3228 5501 in
3260 5446 3374 5519 hoc
3399 5447 3517 5519 loco
3547 5445 3777 5501 Latinus

2196 5515 2460 5585 interpres
2487 5536 2515 5571 a
2553 5515 2779 5586 vulgata
2821 5517 3044 5572 multum
3075 5519 3300 5572 recedit.
3335 5515 3502 5578 Gall.,
3537 5527 3595 5567 ut
3634 5519 3776 5569 bane

2195 5589 2498 5642 versionem
2540 5589 2784 5657 vulgatae
2814 5588 3198 5650 conformaret,
3243 5587 3496 5657 conjeeit,
3537 5586 3603 5657 _lu'
3652 5597 3776 5637 sunt

2195 5659 2314 5726 qui.
2337 5695 2352 5712 .
2377 5699 2390 5710 .
2415 5696 2429 5709 .
2460 5653 2704 5712 maculas.
2742 5655 2855 5711 Hoc
2895 5658 3117 5710 nimium
3160 5653 3389 5709 videtur.
3419 5653 3621 5726 Leuius
3648 5669 3774 5726 cors

2199 5723 2332 5795 rige,
2375 5729 2438 5798 illi
2474 5738 2626 5793 sunt,
2665 5727 2756 5798 qui
2806 5731 2858 5782 in
2901 5726 3258 5781 dilectionibus
3306 5725 3483 5780 reatris
3521 5723 3775 5778 mandati

2199 5797 2566 5866 corpttlmttttr.
