4118 6430
369 457 508 515 1817

1358 465 1763 525 ENARRATIO
1803 467 1870 524 IN
1913 466 2306 530 EPISTOLAM
2343 475 2404 530 Β.
2426 474 2644 532 ἰυῡίΕ.

3499 481 3633 542 l8l8

368 579 567 649 quique
629 592 948 654 comparant
1027 585 1348 656 semetipsos
1407 590 1613 645 sanctis
1681 589 1946 655 nubibus,
1979 593 2027 652 Α
2055 592 2194 647 viam
2217 595 2483 662 veritatis,
2511 611 2695 665 quam,
2727 603 3102 665 agnoscentes,
3137 595 3334 654 reverti
3368 613 3490 668 post
3513 611 3627 656 ter-

370 673 678 742 pluentibus
722 675 1010 745 justitiam.
1063 679 1193 744 Qua:
1247 679 1417 735 nubes
1465 682 1652 750 utique
1699 682 1944 736 veritatis

373 777 522 832 sunt,
555 769 849 823 secundum
885 771 1028 838 quod
1061 770 1321 840 scriptum
1350 781 1472 827 est:
1508 793 1526 824 ι
1557 771 1736 828 Nubes
1762 773 1951 841 pluant

364 857 636 926 justitiam
661 860 778 926 ‘9,»
803 868 856 913 et
883 877 896 914 :
925 877 944 910 ι
977 860 1154 930 Usque
1182 863 1248 915 ad
1284 864 1454 918 nubes
1494 867 1693 920 veritas
1730 876 1818 918 tua
1843 867 1944 920 ²⁰.›

370 950 577 1016 Quibus
608 951 780 1020 plenis
815 953 985 1008 imbre
1015 955 1282 1023 spirituali
1313 958 1621 1022 mandatur,
1656 971 1723 1010 ne
1760 957 1949 1026 pluant

370 1057 534 1111 super
569 1045 839 1112 indignos.
867 1045 1251 1102 Verumtamen
1297 1048 1422 1102 licet
1467 1047 1713 1101 nitantur
1745 1057 1949 1103 semet-

371 1133 521 1201 ipsos
557 1133 800 1202 praedicti
829 1135 930 1189 viri
965 1151 1284 1204 cmnparare
1313 1139 1548 1194 nubibus
1580 1139 1804 1204 sanctis,

367 1221 596 1289 νεφέλας
699 1221 793 1276 οὖν
886 1225 1120 1297 ἀνύδρας
1193 1237 1433 1285 attamen
1469 1231 1640 1284 nubes
1676 1239 1802 1284 sunt
1828 1229 1947 1285 sine

365 1311 613 1377 ἐκάλεσε,
643 1314 731 1367 διὰ
769 1315 828 1368 τὸ
865 1316 938 1386 μὴ
973 1316 1118 1386 ἔχειν
1192 1343 1359 1396 aqua,
1408 1341 1515 1381 non
1578 1325 1840 1380 habentes
1893 1327 1946 1380 in

364 1403 456 1455 τὸν
489 1404 787 1474 ἀρδεύοντα
814 1409 933 1469 ταῖς
963 1407 1116 1476 φιλο·-
1191 1419 1501 1490 semetipsis
1527 1419 1808 1474 scientiam
1827 1418 1942 1473 Dei.

365 1492 510 1558 Θέοις
555 1496 750 1565 ψυχαῖς
797 1496 890 1549 τοῦ
937 1499 1112 1552 Ilvati-

368 1606 536 1659 ματος
583 1591 759 1659 λόγον,
829 1592 913 1645 τὸν
966 1594 1112 1661 γινό-

365 1698 526 1751 μενον
541 1683 729 1745 αὑταῖς
752 1700 770 1733 ι
792 1683 973 1753 πηγὴν
992 1683 1114 1735 ὓδα-

1190 1506 1342 1572 Quod
1427 1507 1518 1576 qui
1605 1506 1942 1576 perceperit,

1186 1599 1350 1654 habet
1375 1599 1426 1653 in
1458 1601 1750 1667 semetipso
1782 1616 1801 1649 ι
1829 1599 1946 1653 fon-

1193 1698 1296 1744 tem
1323 1705 1474 1759 aqua:
1499 1690 1739 1746 salientis
1769 1691 1820 1746 in
1852 1692 1936 1746 vi-

361 1792 473 1841 τος,
506 1776 801 1847 ἁλλομένου
855 1779 936 1840 εἰς
970 1776 1114 1848 ζωὴν
1190 1793 1296 1839 tam
1329 1792 1588 1840 aeternam
1616 1784 1697 1851 “;
1726 1802 1746 1835 ι

362 1870 643 1924 αἰώνιονί

368 1963 440 2015 ita
491 1971 546 2014 ut
585 1980 604 2012 ι
630 1959 800 2015 ﬂuant
830 1961 897 2017 de
944 1960 1267 2032 intelligibili
1323 1959 1440 2030 ejus
1476 1966 1668 2014 ventre
1718 1955 1942 2013 ﬁumina

359 2068 514 2122 aquae
547 2054 680 2108 vivae
701 2055 766 2107 “.
805 2072 824 2106 ι
871 2054 1152 2109 Imitantur
1183 2054 1346 2124 igitur
1376 2052 1463 2108 isti
1493 2053 1682 2106 nubes.

359 2144 562 2216 Δένδρα
582 2145 807 2216 ἄκαρπα
841 2145 1108 2215 φθινοπω-

361 2237 506 2308 ρινὰ,
551 2237 739 2308 ἐπειδὴ
792 2238 976 2305 πάλιν,
1025 2237 1104 2290 δί-

358 2343 509 2381 καιοι
601 2327 1063 2398 προσποιούμενοι
1089 2367 1105 2392 ,

355 2417 559 2482 ἐλαίαις
611 2419 838 2481 ἑαυτοὺς
871 2417 963 2470 καὶ
999 2418 1108 2487 ἀμ·

357 2508 541 2571 πέλοις
569 2508 940 2578 καρποφόροις
970 2525 1108 2578 παρ-

355 2598 568 2666 ἑὸαλον,
605 2597 784 2660 καθὼς
818 2599 913 2650 καὶ
952 2597 1109 2666 νεφέ-

356 2695 495 2760 λαις.
519 2726 590 2736 -
608 2695 996 2766 Φθινοπωρινοὶ
1027 2694 1104 2760 δὲ,

355 2789 603 2841 τουτέστι
633 2790 728 2841 καὶ
756 2785 980 2858 καρπῶν
1014 2787 1110 2839 καὶ⁹

1181 2145 1360 2199 Etiam
1406 2143 1694 2199 arboribus
1739 2151 1939 2198 semet-

1181 2238 1326 2308 ipsos
1353 2251 1672 2306 comparare
1711 2247 1940 2291 conten-

1181 2334 1335 2400 dunt,
1358 2348 1481 2402 qua:
1510 2332 1680 2386 bonos
1708 2329 1942 2385 afferunt

1181 2425 1411 2492 fructus,
1440 2442 1563 2481 cum
1597 2426 1707 2480 sint
1752 2425 1940 2493 utique

1180 2515 1404 2568 arbores
1459 2516 1648 2581 bonae,
1703 2521 1757 2568 et
1814 2512 1940 2569 licet

1182 2607 1284 2662 hoc
1314 2605 1518 2660 faciant
1560 2605 1670 2671 isti,
1715 2604 1940 2659 arbores

1185 2707 1362 2752 tamen
1383 2696 1719 2752 autumnales
1740 2706 1793 2752 et
1821 2697 1940 2752 sine

1181 2788 1362 2844 fructu
1391 2799 1541 2844 sunt.

2054 699 2178 754 gum
2205 686 2302 740 ".i
2337 687 2513 743 Unum
2542 688 2849 743 necessario
2882 703 3218 758 consequens
3250 699 3354 752 est,
3393 698 3468 757 ut,
3503 705 3627 746 cum

2054 777 2292 832 secundo
2326 781 2652 844 moriuntur,
2683 779 2948 833 eradicari
2981 780 3286 846 videantur,
3321 790 3382 835 ut
3418 781 3624 836 nullam

2052 885 2201 938 spem
2250 871 2514 937 habeant,
2550 873 2725 929 denuo
2779 873 3135 940 germinandi.
3185 873 3632 943 Blasphemantes

2051 960 2196 1012 enim
2243 961 2294 1014 in
2339 961 2600 1031 Spiritum
2636 973 2904 1028 sanctum,
2943 964 3318 1018 remissionem
3365 981 3470 1019 non
3525 967 3624 1019 lia-

2056 1049 2186 1105 bent
2241 1063 2626 1121 peccatorum,
2677 1068 2852 1122 neque
2913 1069 3086 1117 nunc,
3138 1070 3312 1124 neque
3358 1057 3408 1110 in
3451 1057 3632 1115 futuro

2052 1143 2248 1196 saeculo
2275 1143 2340 1194 υ.
2387 1141 2763 1212 Repraesentat
2812 1144 2978 1212 igitur
3012 1145 3126 1200 hinc
3169 1145 3445 1216 Scriptura
3496 1164 3630 1203 con-

2051 1233 2295 1289 turbatos
2328 1250 2529 1299 mores,
2577 1244 2630 1289 et
2666 1238 3043 1304 perturbatum
3078 1238 3410 1292 intellectum
3459 1240 3633 1294 haere-

2051 1325 2302 1390 ticorum,
2332 1341 2454 1380 cum
2483 1327 2612 1380 dicit
2642 1341 2735 1381 eos
2773 1345 2791 1378 ι
2821 1326 3015 1382 ﬂuctus
3055 1327 3252 1383 ferocis
3287 1331 3471 1395 maris,
3505 1346 3632 1400 spu-

2050 1430 2263 1472 mantes
2313 1433 2440 1473 suas
2492 1417 2904 1482 confusiones,»
2956 1434 3054 1489 per
3085 1435 3207 1489 quae
3251 1424 3482 1490 turpiter
3528 1425 3631 1478 im-

2049 1515 2352 1572 morantur,
2405 1507 2656 1562 universa
2725 1508 3016 1562 fornicaria
3087 1509 3425 1566 celebrantes
3485 1513 3630 1567 circa

2046 1613 2160 1663 eos,
2190 1615 2311 1653 cum
2347 1600 2541 1669 quibus
2580 1599 2819 1669 cepulari
2858 1600 3137 1666 festinant,
3169 1612 3430 1670 augentes
3470 1605 3636 1659 mali-

2049 1691 2178 1742 tiam
2216 1705 2391 1755 suam,
2419 1701 2472 1745 et
2511 1692 2689 1746 lumen
2723 1707 2782 1746 se
2816 1705 2938 1746 esse
2987 1692 3310 1748 simulantes
3360 1694 3500 1763 apud
3534 1711 3632 1751 eos

2047 1779 2137 1849 qui
2166 1790 2292 1835 sunt
2324 1784 2378 1836 in
2417 1784 2652 1840 tenebris
2681 1784 2992 1852 constituti;

2054 1890 2074 1924 ι
2121 1873 2446 1946 μιμούμενοι
2525 1876 2634 1948 γὰρ
2708 1877 2798 1932 τὸν
2878 1887 2986 1930 ret
3057 1877 3337 1935 imitantes
3412 1889 3628 1952 patrem

2044 1960 2254 2014 ἑαυτῶν
2311 1962 2552 2033 ἀρχηγὸν
2622 1964 2796 2016 Σατα·
2871 1987 3025 2028 suum
3068 1972 3363 2039 Satanam,
3419 1977 3512 2045 qui
3571 1977 3628 2032 in

2044 2056 2798 2128 νᾶν,μετασχηματιζόμενον
2872 2059 3006 2116 lucis
3048 2065 3294 2134 angelum
3353 2065 3627 2121 transfor-

2041 2149 2121 2212 εἰς
2167 2148 2390 2217 ἄγγελον
2447 2151 2655 2220 φωτὸς,
2706 2153 2800 2206 καὶ
2872 2159 3140 2212 matur“.
3201 2159 3628 2230 Verumtamen,

2043 2237 2196 2292 αὐτοὶ
2228 2240 2798 2310 μετασχηματίζεσθαι

2045 2329 2290 2385 Θέλουσιν
2330 2336 2411 2396 εἰς
2449 2335 2800 2400 διδασκάλους

2041 2425 2326 2497 ἀληθείας,
2365 2428 2480 2483 ἀλλ’
2511 2425 2604 2484 οὖν
2656 2431 2798 2484 πλα-

2872 2246 2999 2301 licet
3055 2249 3198 2304 hanc
3278 2253 3628 2322 phantasiam

2873 2339 3153 2395 celebrare
3179 2342 3412 2408 valeant,
3446 2353 3629 2402 tamen

2873 2433 3050 2488 sidera
3077 2446 3204 2490 sunt
3239 2440 3461 2503 erroris,
3501 2442 3629 2510 qui-

356 2874 570 2944 φύλλων
601 2875 622 2927 ἐ
630 2893 698 2947 ρη
706 2893 813 2946 μοι.

360 2967 493 3022 Nam
531 2968 656 3023 licet
690 2969 1007 3038 promittant
1056 2965 1416 3030 mentientes,
1453 2962 1689 3017 fructum
1740 2963 1942 3018 habere

357 3075 415 3116 se
442 3061 661 3124 bonum,
689 3069 986 3129 arguuntur
1010 3069 1212 3122 tamen,
1242 3071 1364 3111 cum
1397 3071 1506 3110 non
1535 3055 1748 3125 possint
1778 3070 1938 3109 uvam

356 3163 411 3208 et
445 3155 636 3209 ﬁscum
673 3151 815 3205 ferre
863 3151 951 3215 hi,
997 3151 1089 3218 qui
1137 3149 1308 3216 spina:
1359 3156 1484 3200 sunt
1539 3156 1594 3201 et
1644 3147 1847 3210 tribuli,
1883 3156 1941 3201 et

358 3243 582 3298 arbores
617 3241 736 3296 sine
767 3241 962 3295 fructu.
999 3238 1124 3294 Haec
1157 3248 1336 3292 autem
1376 3237 1560 3291 omnia
1590 3245 1645 3288 et
1675 3237 1845 3306 spinae
1885 3247 1939 3292 et

356 3335 538 3390 tribuli
571 3344 874 3404 opportuna
921 3340 1070 3395 sunt,
1115 3339 1173 3384 ut
1222 3329 1344 3400 igne
1382 3335 1716 3383 crementur.
1761 3328 1938 3398 Super

357 3426 474 3481 haec
509 3426 713 3496 itaque,
757 3424 900 3494 quod
942 3421 1062 3476 sine
1092 3421 1270 3475 [ructu
1319 3426 1469 3481 sunt,
1510 3417 1692 3471 evenit
1727 3416 1830 3482 eis,
1877 3426 1936 3473 ut

357 3519 522 3573 etiam
576 3517 837 3572 radicitus
885 3512 1055 3568 evulsi
1121 3508 1364 3565 secundo
1425 3508 1758 3574 moriantur;
1811 3509 1939 3578 quia

361 3618 648 3677 peccantes
680 3613 1074 3675 consequenter
1105 3601 1306 3656 habent
1338 3610 1599 3665 mortem;
1632 3609 1687 3654 et
1722 3600 1810 3654 isti
1853 3614 1939 3656 se-

356 3702 531 3755 cundo
566 3710 814 3771 peccant,
861 3699 963 3752 hoc
1005 3706 1116 3760 est,
1168 3702 1294 3749 actu
1343 3700 1400 3748 et
1453 3706 1646 3756 sensu;
1698 3694 1938 3748 secundo

356 3793 520 3846 etiam
554 3793 688 3848 mori
718 3791 992 3846 dicuntur.
1022 3787 1080 3843 In
1112 3786 1192 3843 eis
1219 3785 1402 3856 igitur,
1434 3784 1528 3854 qui
1563 3784 1804 3840 secundo
1829 3798 1940 3840 mo-

356 3883 592 3949 riuntur,

353 3975 389 4047 ἢ
425 3977 518 4032 καὶ
550 3975 742 4042 οὕτως,
783 3976 970 4048 ἐπειδὴ
1006 3974 1112 4046 πρὸ
1182 3969 1347 4025 etiam
1381 3967 1484 4023 hoc
1515 3967 1800 4023 dicendum
1830 3975 1936 4034 est,

352 4068 455 4138 τῆς
527 4067 762 4131 πίστεως
832 4067 1111 4140 ἐτεθνήκει
1183 4063 1436 4134 quoniam
1461 4071 1586 4117 ante
1609 4062 1768 4117 ﬁdem
1793 4078 1938 4119 mor-

356 4161 468 4233 (1-5)
511 4163 608 4215 σὺν
675 4161 896 4233 ἀσεϐείᾳ
921 4202 936 4228 ,
990 4158 1110 4216 εἶτα
1185 4154 1257 4210 ιιιί
1293 4163 1438 4218 sunt,
1475 4169 1620 4221 cum,
1656 4155 1708 4208 in
1743 4155 1936 4224 impie-

357 4251 746 4325 προσελθόντες
799 4251 877 4322 τῷ
921 4253 1102 4321 Εὐαγ-
1184 4258 1292 4304 tate
1317 4249 1632 4320 malitiaque
1656 4251 1935 4320 degentes,

358 4341 522 4412 γελίῳ
575 4341 796 4413 ἔζησαν,
844 4343 1005 4397 πάλιν
1047 4343 1106 4398 δὲ
1177 4360 1232 4404 et
1277 4349 1377 4404 visi
1434 4359 1558 4404 sunt
1607 4365 1638 4403 a
1705 4351 1938 4405 mortuis

357 4433 585 4506 ἀσεδεία
640 4435 735 4488 καὶ
797 4435 956 4506 ήδονῇ
1017 4437 1107 4489 ὲκ-

357 4528 537 4591 δόντες
581 4529 805 4592 ἑαυτοὺς
846 4530 1108 4602 τεθνήκα-

1181 4456 1276 4512 per
1327 4441 1702 4511 paenitentiam
1749 4456 1808 4496 su
1818 4457 1934 4495 rre-

1184 4533 1328 4587 xisse
1346 4569 1362 4598 ,
1451 4534 1771 4588 accedentes
1870 4533 1936 4587 ad

2043 2515 2242 2581 νῶντές
2289 2521 2416 2584 εἰσι,
2455 2521 2806 2592 παραχαράτ-
2879 2527 2980 2584 bus
3040 2531 3209 2602 caligo
3283 2535 3629 2591 tenebrarum

2041 2625 2225 2673 τοντες
2247 2610 2346 2680 τὴν
2372 2611 2627 2684 ἀλήθειαν
2653 2615 2804 2668 ἀσελ-
2877 2630 3078 2675 αξιοι-ηε
3108 2633 3374 2679 servatur.
3391 2645 3409 2676 ι

2040 2699 2217 2768 γείαις
2312 2702 2656 2776 δυσφημιῶν.
2729 2737 2800 2748 -
2886 2711 3139 2784 Ἀστέρες
3192 2715 3496 2786 πλανῆται,
3547 2717 3632 2782 οἷς

2040 2791 2068 2842 ὁ
2105 2789 2267 2858 ζόφος
2299 2793 2390 2846 τοῦ
2441 2795 2664 2861 σκότους
2710 2801 2789 2864 εἰς
2822 2800 2912 2854 τὸν
2945 2803 3115 2857 αἰῶνα
3157 2808 3570 2880 τετήρηται.....
3603 2830 3623 2866 ι

2043 2901 2351 2960 Tradentur
2393 2909 2535 2963 enim
2574 2912 2812 2969 tenebris
2851 2917 3242 2985 exterioribus,
3287 2921 3411 2975 dum
3464 2922 3630 2980 fuerit

2043 3008 2231 3050 eorum
2287 2998 2467 3052 lumen
2521 3002 2874 3058 exstinctum.
2925 3025 2943 3056 ι
2979 3005 3092 3060 Lux
3141 3011 3285 3063 enim
3339 3011 3629 3080 impiorum

2047 3087 2516 3158 exstinguetur".
2541 3111 2559 3142 ι
2598 3094 2672 3147 De
2719 3094 3028 3163 hujusmodi
3075 3100 3344 3157 sideribus
3384 3105 3625 3160 dicitur:

2053 3195 2072 3229 ι
2098 3179 2228 3245 Qua:
2261 3182 2408 3236 cadit
2451 3183 2590 3238 sicut
2629 3184 2752 3241 folia
2787 3189 2874 3243 ﬁci
2913 3199 2968 3244 et
3002 3193 3261 3260 vineae",
3287 3214 3306 3246 ι
3344 3197 3468 3251 dum
3505 3214 3632 3253 vera

1966 3264 2009 3322 C
2043 3273 2218 3325 sidera
2249 3289 2353 3328 non
2391 3274 2539 3342 folia,
2564 3281 2658 3332 sed
2693 3278 2900 3336 fructus
2935 3293 3062 3337 sunt
3100 3299 3239 3340 vera:
3278 3287 3404 3342 vitis
3431 3298 3484 3343 et
3521 3289 3630 3346 ﬁci.

2047 3359 2320 3430 Scriptum
2355 3380 2586 3436 namque
2617 3368 3037 3438 de‘hujusmodi
3083 3375 3247 3444 justis
3287 3389 3411 3435 est:
3449 3399 3467 3433 ι
3497 3381 3628 3437 Ful-

2052 3452 2255 3522 gebunt
2302 3456 2445 3512 sicut
2491 3459 2716 3522 claritas
2767 3465 3126 3534 ﬁrmamenti,
3177 3479 3231 3523 et
3265 3471 3632 3543 intelligentes

2045 3551 2204 3596 erunt
2254 3545 2393 3600 sicut
2442 3558 2588 3604 astra
2623 3551 2702 3613 '3;
2733 3570 2752 3602 ι
2807 3565 3092 3623 propterea
3149 3573 3384 3628 namque
3438 3565 3618 3619 sancti

2000 3679 2009 3687 .
2048 3646 2396 3704 resurgentes
2424 3653 2453 3690 a
2489 3642 2736 3705 mortuis,
2774 3657 2899 3698 cum
2949 3646 3344 3716 incorruptibili
3375 3660 3431 3704 et
3463 3654 3628 3720 spiri-

2047 3723 2177 3777 tuali
2209 3740 2455 3796 corpore,
2484 3730 2615 3784 solis
2649 3740 2703 3786 et
2740 3733 2880 3790 lunae
2917 3745 2970 3790 et
3000 3737 3237 3792 siderum
3270 3740 3453 3809 gloriae
3484 3757 3630 3798 com-

2045 3826 2328 3885 parantur.
2362 3819 2605 3877 Diximus
2644 3824 2793 3892 prius
2836 3826 2902 3880 de
2940 3826 3025 3882 his
3049 3829 3141 3897 qui
3177 3831 3356 3885 vocati
3397 3841 3526 3887 sunt
3563 3849 3632 3890 eo

2045 3908 2189 3976 quod
2240 3912 2580 3983 prrescripti,
2627 3924 2684 3969 et
2728 3918 2872 3986 quod
2915 3921 3230 3989 praedictum
3281 3923 3346 3978 de
3393 3925 3473 3980 eis
3521 3927 3628 3993 sit,

2047 3999 2190 4054 sicut
2219 4002 2284 4055 de
2311 3999 2447 4057 Juda
2484 4005 2761 4073 proditore
2790 4026 2804 4062 :
2835 4012 2977 4078 quod
3012 4027 3138 4067 vere
3172 4013 3421 4070 ﬁrmatur
3447 4033 3512 4072 ex
3545 4019 3630 4074 his

2045 4102 2165 4156 quae
2206 4100 2394 4158 postea
2441 4092 2716 4164 subjungit
2759 4098 3055 4166 apostolus,
3090 4101 3276 4157 dicens
3325 4104 3491 4174 (vers.
3524 4106 3627 4160 M-

2046 4178 2135 4249 16)
2165 4198 2177 4235 :
2215 4198 2233 4232 ι
2265 4181 2612 4250 Prophetavit
2637 4195 2814 4242 autem
2845 4189 2908 4242 de
2935 4189 3018 4244 his
3046 4193 3309 4260 septimus
3339 4195 3405 4248 ab
3429 4195 3625 4260 Adam,

2046 4268 2251 4335 Enoch,
2284 4274 2467 4328 dicens
2495 4292 2508 4328 :
2546 4276 2684 4332 Ecce
2718 4279 2867 4334 venit
2899 4281 3156 4337 Dominus
3185 4285 3240 4338 in
3273 4286 3476 4340 sanctis
3505 4287 3630 4343 mil-

2046 4359 2186 4416 libus
2223 4362 2373 4432 ejus,
2421 4363 2603 4422 iacere
2649 4368 2912 4437 judicium
2956 4386 3144 4428 contra
3186 4392 3396 4442 omnes,
3442 4387 3497 4432 et
3535 4395 3628 4433 aro

2046 4468 2212 4523 gnere
2254 4471 2445 4512 omnes
2495 4459 2690 4528 impios
2739 4463 2805 4517 de
2838 4466 3087 4520 omnibus
3130 4468 3382 4538 operibus
3433 4470 3626 4539 impie-

2048 4547 2172 4601 tatis
2212 4563 2426 4612 eorum,
2467 4552 2663 4620 quibus
2711 4553 2876 4624 impie
2915 4569 3161 4627 egerunt,
3202 4569 3257 4614 et
3285 4561 3350 4614 de
3383 4564 3635 4618 omnibus

360 4619 706 4684 σιν,εἰκότως
726 4619 1109 4695 δἀὺτοὺςμὸ)
1186 4623 1556 4694 Evangelium.
1609 4624 1837 4691 Quando
1878 4624 1941 4679 de

2048 4635 2218 4702 duris,
2247 4655 2366 4708 quae
2399 4639 2565 4696 locuti
2605 4653 2732 4698 sunt
2763 4656 2952 4701 contra
2991 4644 3157 4703 Deum
3188 4659 3498 4718 peccatores
3532 4652 3634 4705 ini-

359 4712 677 4783 τεθνηκέναι
706 4712 887 4784 φησίν.

1189 4717 1282 4773 illo
1321 4717 1671 4772 reﬂectuntur
1723 4719 1790 4772 ad
1837 4717 1941 4771 itn-

1191 4811 1473 4876 pietatern,
1531 4811 1769 4865 secundo
1823 4823 1942 4865 mo-

1195 4903 1448 4957 riuntur'.

366 4984 430 5038 de
464 4987 659 5054 quibus
688 4989 926 5046 dicitur:
968 5011 985 5044 ι
1017 4991 1205 5050 Melius
1238 5006 1356 5050 erat
1386 4998 1487 5063 eis,
1516 5012 1618 5053 non
1655 4999 1938 5069 agnovisse

438 5141 480 5172 "
520 5141 780 5234 lfﬁtilx‘ev,
798 5146 876 5234 8.,
927 5151 1290 5234 :°_Psal._r.vr,
1317 5153 1402 5208 Η.
1481 5154 1543 5234 ’ζ
1562 5154 1931 5234 Joan._tv,ﬂ.

2044 5156 2250 5234 '_Joan.
2275 5175 2390 5234 vn,
2415 5161 2505 5215 58.
2565 5162 2630 5234 7”
2671 5163 2712 5218 ll
2747 5164 2892 5220 Pctr.
2920 5181 2990 5234 ιι,
3023 5167 3112 5223 21.

372 5210 461 5264 52.
541 5213 584 5243 ³⁵
607 5212 648 5266 ιι
677 5217 800 5270 Cor.
826 5233 904 5284 χι,
930 5219 1016 5274 14.
1092 5223 1138 5254 ’⁸
1167 5210 1326 5280 Prov.
1371 5240 1491 5290 xm,
1514 5224 1564 5280 9.
1642 5227 1685 5257 ’⁷
1713 5210 1941 5282 [smus

2054 5210 2109 5284 ιζ
2169 5210 2246 5262 ἀεῖ
2271 5210 2534 5299 05.1.31},
2562 5233 2616 5288 5.

445 5429 556 5524 ψ)
599 5437 766 5492 Recte
795 5438 1099 5524 μοι-ψύξις
1150 5444 1527 5524 corrigendum
1563 5460 1945 5524 esse‘cens‘et,

365 5503 751 5582 ἐτεθνήκεισαν
783 5510 997 5583 ἀσεὸίςι.
1035 5503 1399 5572 (ἒοιιῆτιιιιῖἰιιι¹
1427 5517 1530 5576 hoc
1567 5503 1946 5579 ὺὲτὲίόιὶέιᾷεὶὶ

367 5575 504 5630 tina.

2050 4730 2146 4798 pii.
2193 4729 2259 4783 lli
2308 4739 2433 4785 sunt
2482 4745 2932 4804 murmuratores,
2971 4741 3284 4809 querulosi,
3337 4744 3630 4798 schndum

2051 4821 2318 4876 desideria
2355 4839 2452 4879 sua
2499 4828 2869 4895 ambulantes,
2941 4840 2997 4884 et
3039 4847 3100 4887 os
3157 4848 3343 4887 eorum
3393 4835 3634 4904 loquitur

2048 4914 2304 4983 superba,
2336 4918 2595 4973 mirantes
2628 4934 2887 4988 personas
2919 4934 3156 4992 quaestus
3183 4938 3366 4980 causa.
3393 4944 3412 4977 ι

3191 5170 3238 5202 ’δ
3278 5170 3468 5227 Matth.
3529 5190 3632 5244 xu,

2123 5451 2238 5523 (15)
2281 5451 2355 5505 Ex
2395 5451 3019 5523 auctoritate__versionis
3055 5451 3258 5508 Latinae
3284 5453 3633 5515 scribendum

2049 5521 2161 5602 est}.
2184 5523 2266 5586 δὶς
2299 5521 2517 5586 αὐτούς.
2567 5522 2679 5579 Hoc
2711 5521 3016 5579 Maltht‘eius
3054 5539 3120 5580 ex
3153 5525 3465 5596 conjectura
3509 5542 3634 5585 cor-

2051 5603 2211 5648 rexrt.
