4118 6430
2222 568 2248 583 α

447 595 2789 644 W

1652 771 1820 815 ANNO
1863 770 2093 816 DOMINI
2135 764 2474 815 CCCXCVI".

1417 1086 1559 1258 Ν
1573 1079 2717 1262 ECTARIUS

745 1399 1772 1494 ARCHIEPISCOPUS
1885 1394 3425 1492 CONSTANTINOPOLITANUS

1773 1747 2383 1864 NOTITIA

1219 1963 1509 2027 (Genuum,
1537 1962 1768 2012 Veterum
1785 1961 1994 2011 Patrum
2021 1940 2270 2019 Bibliotlt.,
2294 1961 2329 2008 t.
2356 1955 2482 2017 XIV,
2506 1956 2757 2020 Append.,
2780 1970 2828 2019 p.
2853 1954 2941 2018 vi.)

515 2272 821 2338 Nectarius,
854 2279 1011 2343 gente
1045 2270 1216 2338 Cilix,
1246 2272 1421 2341 patria
1455 2272 1758 2338 Tarsensis,
1793 2273 2126 2342 professione
2161 2273 2356 2337 laicus,
2399 2273 2660 2344 dignitate
2696 2280 2914 2327 senator
2947 2279 3001 2325 et
3040 2274 3237 2339 przetor
3308 2259 3704 2317 Constantino-

448 2365 722 2434 politanus
752 2362 852 2419 fuit
882 2362 979 2434 (a).
1031 2361 1164 2417 Cum
1191 2363 1303 2433 jam
1341 2378 1484 2418 anno
1531 2364 1629 2418 581
1668 2378 1761 2432 per
1811 2362 2139 2417 Nazianzeni
2169 2363 2568 2418 abdicationem
2622 2364 2779 2418 sedes
2823 2358 3418 2429 Coustantinopolitana
3445 2363 3704 2417 vacaret.

447 2454 733 2509 Nectarius
764 2451 815 2504 in
850 2451 1080 2522 patriam
1116 2467 1269 2505 suam
1310 2451 1585 2507 rediturus
1619 2450 1911 2506 Diodorum
1943 2451 2267 2507 Tarsensem
2303 2454 2436 2516 adit,
2467 2455 2557 2522 qui
2603 2464 2712 2507 tum
2749 2469 2845 2523 pro
2868 2450 3245 2507 constituendo
3272 2451 3527 2519 episcopo
3566 2448 3712 2500 inter

444 2559 512 2600 Ct.
547 2544 734 2598 Patres
767 2540 1233 2609 Constantinopoli
1282 2550 1421 2606 erat,
1455 2551 1513 2595 ut
1543 2540 1587 2594 si
1628 2555 1764 2609 quas
1805 2539 2014 2594 litteras
2047 2541 2115 2593 ad
2146 2556 2274 2594 suos
2314 2542 2531 2597 mittere
2564 2542 2744 2608 vellet,
2775 2540 2878 2595 sibi
2930 2539 3253 2595 deferendas
3290 2538 3549 2593 traderet.
3579 2534 3710 2589 Dio-

448 2640 645 2697 dorus,
678 2636 793 2691 sive
827 2634 1064 2690 hominis
1101 2634 1467 2689 venerandam
1499 2634 1755 2688 canitiem
1799 2643 1854 2689 et
1885 2648 2064 2689 mores
2092 2634 2324 2690 eximios
2368 2635 2462 2690 Dei
2504 2637 2736 2705 impulsu
2776 2635 3076 2704 suspiciens
3101 2676 3116 2700 ,
3148 2634 3264 2690 sive
3295 2632 3461 2688 etiam
3484 2672 3499 2697 ,
3542 2641 3601 2684 ut
3631 2630 3712 2684 ait

451 2730 730 2795 Socrates,
782 2727 901 2784 loco
931 2727 1192 2792 excitato,
1225 2727 1506 2796 abreptum
1533 2741 1563 2780 a
1596 2726 1814 2796 populo,
1833 2733 1887 2781 et
1917 2726 1982 2781 ad
2013 2742 2281 2781 summum
2312 2728 2673 2803 sacerdotium
2702 2728 3028 2797 postulatum
3065 2728 3139 2781 ita
3164 2725 3441 2795 suscepit,
3475 2734 3533 2778 ut
3560 2721 3705 2777 Con-

449 2820 945 2891 stantinopolitanae
986 2820 1099 2875 sedi
1141 2819 1544 2890 prazliciendum
1600 2818 1833 2874 feliciter
1886 2820 2225 2877 allaborarit.
2279 2822 2409 2877 Erat
2443 2831 2570 2877 tunc
2599 2821 2884 2877 Nectarius
2931 2820 3159 2875 necdum
3203 2819 3533 2891 baptizatus.
3582 2814 3709 2870 Mox

448 2913 614 2982 igitur
647 2913 827 2967 divino
858 2912 1002 2966 fonte
1025 2912 1261 2979 ablutus,
1291 2912 1567 2979 sacrisque
1608 2912 1713 2967 rite
1760 2912 2023 2977 initiatus,
2066 2912 2358 2982 episcopus
2388 2913 2741 2968 constituitur
2771 2930 2786 2968 :
2816 2927 2979 2982 quam
3007 2912 3329 2983 dignitatem
3358 2913 3441 2966 vir
3470 2908 3707 2965 eximius

449 3008 517 3061 ad
543 3021 743 3061 annum
777 3021 949 3077 usque
975 3005 1747 3074 duodequadringentesimum
1779 3005 2011 3058 obtinuit
2042 3004 2118 3076 (b)
2179 3004 2546 3075 Bibliograpbi
2583 3004 2742 3075 vulgo
2773 3006 2846 3061 illi
2893 3017 3173 3078 acceptam
3208 3003 3389 3060 ferunt
3427 3004 3705 3059 homiliam

449 3100 742 3168 quamdam
765 3096 845 3151 De
870 3096 1030 3150 laude
1059 3095 1122 3151 S.
1152 3095 1414 3148 Theodori
1446 3096 1694 3163 martyris
1714 3104 1761 3147 et
1790 3095 1855 3146 de
1874 3097 2198 3164 eleemosyna
2230 3110 2291 3147 oc
2312 3094 2522 3164 jejunio
2547 3107 2820 3165 agentem,
2856 3096 2908 3152 in
2938 3112 3042 3167 qua
3064 3097 3224 3152 docet
3253 3110 3347 3151 cur
3368 3094 3541 3149 sancti
3565 3111 3715 3149 mar-

452 3194 584 3260 tyris
618 3187 890 3245 Theodori
914 3187 1112 3240 festum
1155 3185 1462 3241 celebretur
1496 3183 1734 3239 Sabbato
1761 3185 1935 3254 primo
1964 3184 2017 3239 in
2046 3185 2493 3260 Quadragesima.
2537 3189 2619 3243 Au
2649 3189 2714 3242 ad
2748 3187 3060 3245 Nectarium
3090 3189 3270 3258 quode
3303 3187 3568 3256 loquimur
3608 3185 3713 3242 ho-

451 3258 597 3333 milia
636 3278 723 3331 illa
755 3276 1027 3345 pertineat
1061 3289 1249 3341 necne,
1287 3273 1642 3329 subdubitare
1671 3275 1883 3329 videtur
1910 3275 2156 3332 Cavazus.
2182 3258 2250 3332 At
2278 3258 2356 3333 tot
2379 3280 2627 3335 codicum
2665 3280 2974 3335 testimonio
2995 3318 3012 3347 ,
3037 3280 3089 3334 in
3117 3280 3315 3350 quibus
3356 3279 3445 3334 illa
3479 3278 3703 3335 homilia

449 3368 740 3435 reperitur,
771 3367 945 3437 liquet
974 3382 1095 3422 eam
1128 3367 1517 3422 dubitationem
1543 3380 1663 3421 esse
1689 3368 1806 3421 sine
1835 3368 1987 3438 gravi
2025 3370 2395 3428 fundamento.

524 3458 590 3514 Et
614 3472 745 3513 sane
778 3458 919 3514 haud
956 3457 1142 3529 procul
1180 3458 1246 3513 ab
1280 3458 1504 3513 exordio
1536 3472 1649 3513 suae
1683 3460 2009 3515 narrationis
2043 3461 2141 3527 ait,
2178 3464 2235 3517 1ο
2276 3462 2596 3518 miraculum
2631 3462 2685 3519 S.
2734 3462 3003 3517 Theodori
3033 3462 3129 3517 νῦν
3152 3460 3475 3533 τελούμενον
3497 3500 3514 3525 ,
3546 3477 3717 3529 nuper

447 3554 768 3624 contigisse;
797 3553 856 3608 2°
879 3555 1173 3610 excitatum
1206 3569 1264 3609 se
1288 3554 1355 3609 ad
1384 3554 1751 3609 enarrandum
1785 3553 1911 3609 illud
1937 3556 2250 3612 miraculum
2276 3573 2306 3612 a
2341 3558 2590 3614 fidelibus
2609 3572 2672 3613 ac
2700 3558 2803 3628 piis
2820 3558 3151 3626 hominibus,
3169 3558 3260 3628 qui
3285 3567 3340 3612 et
3363 3564 3712 3611 monumenta

454 3646 747 3700 servabant
794 3644 995 3700 litteris
1049 3646 1370 3715 consignata
1413 3654 1653 3719 tempore
1695 3645 1811 3714 ipso
1848 3645 2157 3703 ﬁrmitatem
2193 3649 2470 3716 habentia,
2520 3660 2574 3705 et
2604 3650 2846 3704 oculatos
2880 3649 3111 3720 prodigii
3149 3660 3316 3704 testes
3360 3661 3485 3704 sese
3538 3645 3708 3702 fuisse

451 3743 656 3790 certam
697 3736 857 3793 ﬁdem
910 3736 1198 3792 faciebant.
1253 3737 1331 3792 Ex
1379 3738 1575 3807 quibus
1600 3737 1783 3791 verbis
1811 3737 1947 3791 satis
1986 3747 2210 3806 apparet
2259 3755 2365 3794 non
2416 3742 2703 3797 admodum
2740 3749 3010 3796 recentem
3040 3750 3293 3796 eventum
3328 3740 3477 3795 illum
3515 3740 3708 3803 fuisse,

451 3830 755 3900 praesertim
781 3842 901 3883 cum
935 3842 963 3880 a
998 3826 1156 3896 vulgo
1185 3826 1463 3880 hominum
1495 3826 1839 3895 ignoraretur
1862 3840 2025 3879 causa
2052 3825 2361 3881 celebrandi
2393 3828 2533 3883 illius
2554 3827 2675 3883 festi
2699 3828 2940 3884 Sahbato
2961 3829 3137 3898 primo
3163 3830 3214 3884 in
3247 3828 3668 3899 Quadragesima
3692 3842 3712 3882 :

451 3922 592 3977 adeo
627 3932 685 3976 ut
724 3920 849 3976 illud
881 3919 977 3973 νῦν
1001 3917 1326 3989 τελούμενον
1351 3919 1435 3972 vel
1466 3919 1546 3973 sic
1577 3916 1949 3986 accipiendum
1994 3919 2089 3983 sit,
2119 3928 2176 3973 ut
2207 3920 2470 3987 signiticet
2491 3921 2847 3975 novissimum
2875 3921 3000 3975 illud
3030 3920 3198 3978 fuisse
3223 3921 3540 3977 miraculum
3570 3919 3716 3991 quod

454 4013 921 4082 Constantinopoli
960 4013 1137 4067 visum
1171 4020 1345 4078 esset,
1383 4010 1466 4066 vel
1498 4011 1677 4079 potius
1711 4009 1902 4066 vitiosa
1934 4018 2017 4065 est
2045 4009 2202 4065 lectio
2236 4010 2441 4066 codicis
2463 4050 2477 4078 ,
2509 4027 2572 4067 ac
2596 4028 2695 4083 pro
2733 4012 2863 4082 παρ’
2897 4012 3054 4083 ἡμῶν
3084 4014 3214 4081 νῦν,
3252 4014 3537 4085 legendum
3574 4014 3716 4088 παρ’

454 4106 609 4179 ἡμῖν,
638 4107 777 4175 apud
811 4121 922 4159 nos.

527 4199 764 4271 Contigit
792 4213 952 4269 porro
975 4197 1294 4254 miraculum
1330 4199 1506 4268 ipsum
1532 4197 1743 4254 furente
1779 4197 1979 4251 Juliani
2013 4196 2283 4266 Apostatae
2314 4197 2707 4266 persecutione,
2734 4196 2986 4254 videlicet
3010 4214 3101 4252 an.
3135 4198 3266 4254 Chr.
3298 4197 3403 4252 362
3428 4238 3445 4261 ,
3465 4199 3718 4257 vicennio

457 4307 651 4363 nempe
683 4303 972 4363 antequam
997 4290 1283 4347 Nectarius
1305 4290 1668 4361 episcopalem
1694 4293 1877 4346 sedem
1911 4290 2257 4357 obtinuisset,
2290 4300 2381 4346 aut
2412 4292 2652 4347 circiter.
2685 4292 2741 4347 Si
2781 4306 2913 4363 ergo
2946 4290 3234 4347 Nectarius
3269 4285 3383 4359 ipse
3407 4307 3521 4346 rem
3555 4292 3718 4363 igno-

458 4400 611 4443 rasse
649 4387 884 4452 videtur,
918 4401 1081 4455 quam
1119 4398 1150 4438 a
1183 4384 1315 4439 viris
1356 4382 1769 4454 longrcvioribus
1810 4383 2030 4449 didicit,
2070 4383 2121 4437 id
2156 4384 2208 4438 in
2249 4398 2415 4439 causa
2448 4382 2677 4439 fortasse
2717 4381 2853 4448 fuit,
2889 4382 2970 4439 vel
2995 4383 3121 4453 quia
3158 4398 3247 4439 res
3278 4383 3716 4439 Christianorum

456 4477 675 4549 gentilis
701 4479 877 4533 adhuc
908 4476 1175 4532 diﬂicilius
1206 4476 1552 4545 penetrabat,
1580 4473 1664 4529 vel
1698 4474 1825 4544 quia
1849 4472 2005 4528 Tarsi
2047 4483 2142 4528 aut
2175 4473 2303 4529 alibi
2344 4490 2439 4546 per
2477 4490 2540 4532 ea
2571 4485 2813 4546 tempora
2858 4477 3119 4548 degebat,
3149 4479 3367 4547 quando
3397 4476 3720 4532 miraculum

458 4570 679 4626 accidit.
716 4569 898 4625 Potuit
934 4569 1166 4624 eximius
1200 4567 1288 4621 ille
1321 4566 1636 4636 patriarcha
1670 4564 1975 4619 orationem
2008 4579 2161 4619 suam
2203 4565 2403 4622 habere
2448 4566 2725 4638 aliquanto
2770 4568 2983 4631 serius,
3013 4577 3137 4637 puta
3166 4584 3308 4623 anno
3348 4568 3454 4624 596
3480 4567 3563 4623 vel
3588 4567 3718 4633 597,

459 4660 646 4730 sicque
674 4659 743 4714 ab
772 4669 972 4715 eventu
1003 4659 1131 4713 anni
1162 4656 1502 4737 praaterlapsi
1534 4655 1750 4711 fuerant
1784 4655 1908 4726 plus
1936 4655 2117 4712 minus
2145 4656 2235 4712 35.
2274 4658 2635 4726 Quamobrem
2662 4674 2763 4716 nec
2793 4660 2990 4715 mirum
3021 4660 3069 4716 si
3094 4660 3281 4731 vulgus
3309 4659 3435 4717 festi
3456 4659 3725 4730 originem

459 4751 769 4822 ignorabat.

535 4843 741 4899 Praeter
766 4840 897 4897 facti
930 4841 1100 4913 ipsius
1130 4840 1517 4906 eruditionem,
1553 4840 1796 4896 continet
1824 4840 1940 4896 haec
1964 4838 2184 4895 homilia
2217 4842 2475 4898 eximium
2515 4843 2583 4899 de
2607 4843 2954 4899 invocatione
2995 4852 3050 4900 et
3084 4843 3471 4897 intercessione
3500 4851 3726 4899 sancto-

463 4952 582 4992 rum
627 4936 1032 5002 testimonium,
1062 4942 1119 4990 et
1171 4934 1235 4989 ad
1264 4932 1377 4988 veri
1416 4930 1609 5001 jejunii
1664 4932 2192 4988 connucudationem
2235 4946 2555 5005 argumenta
2593 4936 2780 5007 utique
2816 4951 2921 4991 non
2953 4935 3214 5005 vulgaria.
3238 4933 3430 4987 Latine
3479 4936 3727 4995 occurrit

465 5028 715 5083 Periouio
742 5029 1038 5099 interprete
1066 5029 1207 5084 inter
1226 5027 1402 5098 Opera
1436 5028 1830 5098 Chrysostomi,
1863 5027 2004 5096 apud
2029 5025 2249 5081 Surium
2287 5028 2412 5082 item
2439 5039 2494 5083 et
2522 5029 2916 5099 Lipomannum
2950 5047 2964 5083 :
2994 5030 3182 5085 Graece
3221 5028 3275 5082 in
3310 5028 3479 5083 variis
3506 5043 3727 5099 quoque

460 5120 803 5178 bibliothecis
843 5137 951 5177 ms.
996 5121 1228 5192 legitur;
1262 5121 1403 5191 typis
1435 5126 1725 5192 impressa,
1779 5122 1925 5191 quod
1997 5119 2168 5176 sciam
2210 5122 2459 5192 uuspiam
2494 5132 2792 5193 comparet.
2846 5122 2980 5178 Eam
3034 5122 3260 5193 proinde
3303 5123 3445 5179 inter
3474 5123 3726 5179 analecta

463 5223 646 5269 nostra
681 5214 1073 5270 accensendam
1100 5215 1428 5271 existimavi.

530 5382 610 5493 se?
646 5384 869 5489 ‘S‘ozom.
896 5397 1028 5467 vni,-
1054 5399 1104 5440 c.
1135 5384 1199 5454 8;
1233 5383 1387 5443 Socr.
1422 5384 1513 5442 lib.
1551 5398 1605 5451 v,
1636 5398 1687 5442 c.
1715 5383 1782 5450 8;
1820 5381 2031 5441 Tillem.
2059 5389 2190 5439 tom.
2226 5380 2321 5444 lX.
2351 5395 2472 5443 ttae.
2505 5385 2629 5441 486.

557 5456 607 5502 ἐπὶ
646 5455 754 5489 Ιήι·
