4118 6434
325 507 455 564 1891

955 506 1351 566 NECTARIUS
1388 505 1713 564 ARCHIEP.
1752 507 1858 564 (ΞΡ.
1901 507 1992 564 DE
2029 505 2256 564 FESTO
2294 506 2352 563 S.
2395 505 2770 571 THEODORI,
2812 504 2968 563 ETC.

3443 503 3581 561 IS‘ZZ

790 1069 1727 1161 ΑΡΧΙΕΠΙΣΚΟΠΟΥ
1797 1069 3136 1160 ΚΩΝΣΤΑΝΤΙΝΟΥΠΟΛΕΩΣ

1596 1252 2313 1366 ΔΙΗΓΗΣΙΣ

501 1455 585 1508 Δι’
620 1453 702 1523 ἢν
732 1457 933 1512 αιτιαν
969 1456 1053 1524 τῷ
1082 1457 1292 1529 πρώτῳ
1316 1455 1599 1521 Σαϐϐάτῳ
1629 1453 1751 1510 τῶν
1779 1454 1964 1524 ἁγίων
1984 1453 2271 1524 νηστειῶν
2287 1453 2639 1528 ἑορτάζομεν
2678 1456 2796 1528 τὴν
2824 1456 3075 1528 μνήμην
3100 1452 3208 1509 τοῦ
3241 1452 3416 1523 ἁγίου

1510 1546 2041 1619 μεταλομάρτυρος
2071 1548 2397 1617 θεοδώρου.

1191 1695 1319 1750 ΚΑΙ
1349 1695 1525 1749 ΠΕΡΙ
1561 1693 1942 1751 ΝΗΣΤΕΙΑΣ
1993 1696 2129 1750 ΚΑΙ
2161 1695 2724 1752 ΕΛΕἨΜΟΣΥΝΗΣ.

1581 2011 1682 2135 Ν
1691 2005 2344 2139 EGTABII

745 2242 1676 2339 ARCHIEPISCOPI
1754 2237 3212 2338 CONSTANTINOPOLITANI

1452 2441 2495 2560 ENARRATIO

407 2650 607 2723 Quare
637 2649 906 2713 Sabbato
929 2648 1136 2730 primo
1160 2653 1522 2712 sanctorum
1546 2648 1940 2729 Jejuniorum
1980 2644 2203 2707 festive
2234 2643 2629 2707 celebremus
2668 2641 3043 2707 memoriam
3080 2639 3278 2704 sancti
3311 2638 3523 2718 magni

1630 2751 1923 2832 martyris
1946 2748 2289 2823 Theodori,

1303 2898 1392 2951 ET
1431 2897 1521 2952 DE
1557 2897 1835 2956 JEJUNIO
1874 2898 2114 2965 ATQUE
2148 2894 2635 2955 ELEEMOSYNA.

1201 3029 1295 3091 (Ex
1321 3030 1427 3079 cod.
1452 3028 1670 3081 Naniano
1690 3030 1941 3091 CXXXIV,
1959 3045 2073 3080 szec.
2102 3045 2188 3080 xm
2214 3032 2430 3091 circiter,
2452 3044 2566 3094 pag.
2593 3030 2726 3091 185.)

403 3308 481 3363 A'.
518 3306 613 3371 Ὠς
638 3302 797 3357 πολὺ
840 3302 907 3357 τὸ
936 3302 1172 3372 πλῆθος
1200 3301 1310 3372 τῆς
1338 3308 1748 3374 χρηστότητός
1773 3324 1914 3377 σου,

2093 3315 2131 3367 Ι.
2162 3316 2334 3380 Quam
2373 3334 2563 3386 magna
2588 3326 2665 3372 est
2707 3317 2990 3371 multitudo
3030 3317 3279 3371 bonitatis
3311 3329 3440 3385 tum,
3496 3320 3608 3374 Do-

333 3396 547 3466 Kt'rpte!
572 3396 781 3449 δίκαιον
816 3397 949 3466 ἡμῖν
972 3397 1214 3465 σήμερον
1245 3396 1381 3465 μετὰ
1429 3395 1524 3449 τοῦ
1553 3398 1715 3450 Δασιδ
1749 3400 1925 3471 μελῳ-

333 3490 503 3556 δικῶς
533 3487 1002 3560 ἀναφθέγξασθαι.
1035 3489 1145 3541 Καὶ
1178 3487 1296 3551 πῶς
1325 3488 1433 3559 γὰρ
1473 3490 1534 3542 οὐ
1561 3490 1696 3543 πολύ
1726 3508 1786 3544 τε
1830 3492 1925 3545 καὶ

334 3582 815 3654 θαυμαστότατον;
858 3580 971 3633 Οὐκ
998 3579 1155 3642 ὂντας
1204 3579 1355 3648 ἡμᾶς
1396 3581 1710 3650 παρήγαγε·
1787 3598 1928 3651 παρ-

333 3672 512 3743 ήγαγε
553 3671 610 3724 δὲ
643 3671 741 3741 οὐχ
773 3669 976 3740 ὁμοίως
999 3663 1080 3730 οἷς
1109 3667 1312 3737 πρόσθε
1334 3668 1819 3740 δεδημιούργηκεν,
1839 3671 1929 3722 οὐ·

336 3762 499 3835 ρανόν
516 3762 573 3815 τέ
596 3779 738 3833 φημι
773 3762 867 3815 καὶ
891 3760 961 3813 τὰ
984 3762 1040 3812 ὲν
1071 3759 1242 3831 αὐτῷ,
1275 3763 1378 3832 γῆν
1405 3777 1465 3813 τε
1496 3761 1588 3813 καὶ
1631 3761 1925 3825 θάλασσαν,

335 3856 431 3909 δια)⁸
454 3853 522 3909 τὰ
552 3855 647 3908 ἐπὶ
677 3852 911 3917 τούτοις.
941 3851 1160 3906 Τούτων
1190 3852 1299 3923 γὰρ
1343 3851 1503 3924 ἔργον
1540 3870 1598 3906 τε
1628 3853 1723 3907 καὶ
1753 3853 1929 3924 μηχά-

337 3966 509 4019 νημα,
551 3946 651 4018 ὖλη
701 3963 761 3999 τε
815 3945 909 3999 καὶ
957 3944 1247 4009 σύστασις,
1280 3944 1438 4013 λόγος
1476 3940 1565 4017 ἦν,
1613 3940 1749 3998 Εἷπε
1795 3945 1924 4017 γὰρ,

345 4040 546 4112 μᾶλλον
592 4039 650 4093 δὲ
688 4039 961 4108 ἐνενόησε,
996 4039 1090 4091 καὶ
1130 4037 1191 4090 τὸ
1233 4037 1474 4108 ἐννόημα
1513 4038 1647 4089 πᾶσι
1677 4037 1839 4105 φύσις
1870 4053 1930 4088 τε

342 4134 437 4188 καὶ
464 4133 699 4204 γένεσις,
735 4131 949 4203 κίνησίς
977 4148 1039 4183 τε
1074 4130 1169 4184 καὶ
1196 4129 1376 4195 τάξις,
1409 4130 1504 4182 καὶ
1534 4129 1633 4183 ὅσα
1666 4131 1778 4190 τοῖς
1803 4145 1929 4197 φαιο

338 4225 586 4298 νομένοις
612 4224 940 4296 παρέπεται,
982 4222 1178 4292 γέγονέ
1227 4239 1287 4275 τε
1333 4224 1427 4275 καὶ
1457 4222 1628 4293 μένει,
1655 4222 1749 4275 καὶ
1780 4220 1931 4273 ἔσται

340 4318 472 4391 ἄχρι
497 4318 597 4389 τῆς
629 4317 886 4391 δευτέρας
928 4316 1094 4371 αὐτοῦ
1119 4315 1257 4387 πρὸς
1290 4317 1321 4386 ἡ
1333 4317 1440 4386 μᾶς
1468 4314 1823 4377 ὲπελεύσεως.
1855 4314 1929 4367 Οὐ

345 4411 453 4484 μὴν
486 4410 622 4466 ἀλλὰ
670 4411 765 4465 καὶ
796 4409 966 4473 αὑτὰς
1018 4408 1115 4474 τὰς
1167 4408 1429 4462 ἀνωτάτω
1476 4407 1736 4477 δυνάμεις
1789 4405 1933 4477 λόγῳ

348 4503 515 4575 μόνῳ,
562 4501 761 4575 μᾶλλον
794 4501 852 4556 δὲ
892 4500 1123 4572 νεύματι
1159 4501 1549 4571 συνεστήσατο.
1578 4494 1649 4552 Ὠ
1681 4496 1776 4551 τοῦ
1805 4496 1934 4550 θαύ-

349 4598 550 4669 ματοςε
588 4595 721 4660 θεὸς
753 4592 827 4648 ὣν
866 4592 1191 4665 προαιώνιός
1229 4608 1287 4645 τε
1311 4592 1405 4645 καὶ
1441 4590 1695 4662 ἄναρχος,
1722 4588 1783 4642 τὸ
1806 4606 1933 4660 φρι-

347 4662 702 4760 Ᾰιωδέστερον,
739 4687 858 4740 κατ’
889 4662 1071 4738 εἰκόνα
1104 4683 1236 4736 ἰδίαν
1259 4699 1319 4735 τε
1352 4683 1448 4736 καὶ
1474 4681 1756 4753 ὁμοίωσιν,
1808 4683 1938 4733 Δεσ-
1969 4662 2011 4718 Β

348 4784 519 4855 πότης
564 4780 661 4845 ὣν,
712 4776 1063 4834 διεπλάσατο.
1100 4771 1232 4828 Εἶτα
1264 4775 1326 4828 οὐ
1378 4773 1543 4845 μέχρι
1582 4771 1773 4826 τούτου
1808 4770 1938 4842 ἔστη

347 4876 452 4945 τῆς
500 4873 855 4944 ἀγαθότητος.
918 4868 1077 4922 Ἀλλὰ
1113 4868 1207 4921 καὶ
1237 4867 1596 4938 ὲμφυσήματι
1624 4865 1754 4937 Οείῳ
1797 4863 1940 4918 τετε-

353 4980 517 5034 μηκε,
547 4962 723 5034 ψυχὴν
742 4961 933 5032 νοερὰν
960 4959 1054 5013 καὶ
1079 4955 1302 5028 λογικὴν
1332 4956 1748 5028 παρασχόμενος
1775 4972 1942 5027 προσ-

290 5046 301 5059 ’
350 5055 674 5117 επιτούτοις,
733 5053 828 5106 καὶ
868 5049 1198 5123 παραδείσου
1248 5046 1473 5117 πολίτην
1518 5046 1611 5100 τὸν
1654 5046 1940 5118 ἄνορωπον

351 5144 747 5216 ἀπειργάσατο·
787 5143 881 5196 καὶ
911 5140 1265 5214 παραδείσου,
1306 5133 1365 5194 οὗ
1400 5139 1461 5192 τὸ
1482 5139 1675 5202 κάλλος
1701 5139 1938 5212 ἄρῤητόν

353 5252 415 5289 τε
443 5234 537 5288 καὶ
565 5232 969 5304 ἀκατάληπτον,
994 5232 1170 5286 πάντα
1185 5233 1368 5303 ὅσατῇ
1409 5230 1583 5285 κτίσει
1614 5230 1937 5303 δεδημιούρ-

355 5346 511 5400 meo,
552 5325 827 5393 ὑποτάξας
873 5324 1023 5396 αὐτῷ
1070 5327 1165 5379 καὶ
1188 5324 1576 5397 χαρισάμενος,
1615 5323 1805 5396 ὥσπερ
1856 5342 1941 5387 τις

357 5421 543 5492 πατὴρ
565 5406 820 5488 φιλόπαις
852 5437 912 5472 τε
948 5417 1042 5471 καὶ
1076 5417 1448 5489 φιλόστοργος,
1479 5417 1813 5488 κληρονόμον
1841 5417 1940 5469 αὑ-

355 5514 447 5569 τὸν
469 5515 564 5567 καὶ
596 5512 784 5583 κύριον
819 5512 925 5566 ὑπὸ
957 5512 1172 5566 πάντων
1197 5508 1770 5582 δοροφορούμενοςῌ).

2028 3405 2165 3459 mine
2186 3407 2234 3459 ‘t
2263 3407 2469 3473 justum
2498 3415 2581 3461 est
2611 3416 2667 3459 ιιι
2696 3422 2794 3463 nos
2820 3409 2977 3462 hodie
3004 3424 3125 3463 cum
3174 3409 3340 3465 David
3369 3414 3611 3467 suaviter

2029 3497 2275 3552 canendo
2311 3498 2578 3555 dicamus.
2614 3496 2680 3551 Et
2707 3501 2977 3566 quomodo
3000 3514 3107 3552 non
3146 3515 3207 3552 ea
3236 3516 3424 3569 magna
3457 3503 3528 3556 sit
3557 3513 3613 3559 et

2029 3586 2176 3640 omni
2218 3588 2579 3643 admiratione
2609 3588 2962 3659 dignissima?
2988 3587 3248 3643 Produxit
3282 3590 3421 3645 haud
3466 3592 3615 3647 exsi-

2030 3688 2236 3733 stentes
2279 3694 2412 3746 nos;
2447 3680 2699 3750 produxit
2741 3695 2869 3734 vero
2915 3695 3021 3734 nou
3076 3680 3263 3736 eodem
3296 3683 3453 3736 modo
3504 3699 3615 3752 quo

2031 3778 2190 3822 antea
2247 3785 2333 3826 res
2376 3780 2678 3834 creaverat,
2725 3768 2921 3824 caelum
2958 3772 3177 3840 inquam
3210 3781 3263 3825 et
3292 3786 3353 3826 ea
3397 3787 3518 3842 qua:
3555 3776 3613 3830 in

2033 3858 2151 3929 ipso
2200 3869 2345 3928 sunt,
2387 3870 2595 3917 terram
2646 3862 2774 3917 item
2815 3871 2871 3916 et
2927 3877 3099 3926 mare,
3130 3878 3355 3932 qumque
3396 3866 3447 3917 in
3497 3866 3616 3923 istis

2032 3960 2341 4006 censentur.
2383 3950 2586 4006 llorum
2648 3967 2881 4022 namque
2923 3961 2977 4006 et
3026 3967 3163 4021 opus
3210 3961 3264 4005 et
3299 3952 3612 4019 artificium,

2034 4040 2371 4111 materiaque
2410 4051 2462 4097 et
2502 4043 2841 4108 constitutio,
2885 4057 3064 4097 sermo
3107 4040 3226 4095 fuit.
3269 4041 3410 4096 Dixit
3447 4043 3613 4109 enim,

2035 4139 2198 4200 atque
2227 4133 2361 4187 adeo
2387 4134 2644 4205 cogitavit
2690 4152 2703 4189 :
2742 4148 2796 4190 et
2822 4133 3118 4203 cogitatum
3160 4134 3332 4202 ipsum
3363 4134 3616 4187 omnibus

2035 4232 2228 4278 natura
2267 4235 2321 4280 et
2360 4228 2656 4296 generatio,
2692 4236 2868 4282 motus
2902 4234 2955 4281 et
2989 4226 3142 4289 ordo,
3181 4236 3235 4280 et
3281 4241 3618 4296 qnzecunque

2036 4330 2123 4370 res
2150 4317 2395 4374 visibiles
2423 4329 2848 4391 consequuntur,
2885 4317 3093 4386 fuitque
3124 4327 3176 4371 et
3212 4325 3410 4382 manet,
3438 4327 3489 4371 et
3513 4317 3619 4371 erit

2036 4424 2207 4479 usque
2242 4412 2309 4466 ad
2354 4412 2653 4468 secundum
2702 4410 2818 4481 ejus
2865 4411 2932 4465 ad
2973 4425 3071 4465 nos
3116 4410 3425 4464 adventum.
3476 4409 3618 4476 Quin

2040 4504 2206 4556 etiam
2250 4518 2536 4574 supremas
2561 4506 2704 4575 ipsas
2737 4505 2966 4558 virtutes
2992 4503 3109 4557 solo
3142 4515 3413 4566 sermone,
3455 4511 3620 4571 atque

2040 4594 2175 4649 adeo
2225 4605 2378 4661 nutu,
2437 4596 2737 4652 constituit.
2782 4593 2828 4651 0
2886 4595 3239 4651 miraculum!
3286 4594 3418 4650 Cum
3477 4593 3621 4650 Deus

2038 4695 2183 4742 esset
2214 4689 2428 4743 surculis
2452 4689 2834 4758 prmexsistens
2861 4698 2915 4743 et
2944 4703 3136 4744 carens
3174 4687 3458 4758 principio,
3479 4685 3622 4757 quod

2037 4779 2334 4847 percellere
2369 4782 2529 4836 debet
2567 4783 2732 4837 etiam
2780 4792 2943 4852 atque
2976 4782 3163 4849 etiam,
3207 4797 3307 4835 nos
3336 4782 3400 4834 ad
3430 4779 3622 4849 imagi-

2037 4885 2158 4924 nem
2208 4872 2725 4943 similitudinemque
2777 4890 2952 4937 suam,
2998 4889 3119 4927 eum
3169 4871 3423 4926 Dominus
3457 4878 3623 4933 esset,

2036 4962 2340 5032 plasmavit.
2373 4964 2576 5021 Deinde
2625 4980 2964 5036 nequaquam
3013 4963 3255 5020 substitit
3292 4961 3379 5015 hic
3413 4960 3625 5017 bonitas

2037 5055 2188 5125 ejus:
2227 5056 2355 5125 quin
2385 5067 2438 5112 et
2462 5057 2644 5112 divino
2671 5059 2921 5129 dignatus
2951 5068 3035 5112 est
3063 5071 3160 5109 nos
3187 5052 3475 5123 spiraculo,
3508 5052 3625 5106 ani—

2048 5161 2189 5198 mam
2224 5147 2466 5203 videlicet
2498 5149 2913 5204 intellectualem
2950 5158 3111 5216 atque
3140 5143 3451 5198 rationalem
3478 5144 3626 5196 insu-

2046 5250 2144 5304 Per
2174 5239 2395 5306 addens,
2425 5250 2477 5296 et
2508 5242 2746 5312 paradisi
2773 5243 2945 5297 civem
2982 5238 3158 5293 etl‘ecit
3204 5236 3499 5291 hominem.
3529 5233 3628 5289 Pa-

2049 5322 2237 5395 ratlisi,
2267 5332 2508 5400 inquam,
2542 5336 2696 5405 Cujus
2724 5333 3067 5405 pulchritudo
3097 5345 3197 5385 nec
3244 5326 3489 5382 enarrari
3524 5339 3628 5382 nec

2048 5426 2431 5491 comprehendi
2492 5429 2673 5483 animo
2751 5435 2926 5497 potest
2979 5442 2991 5477 :
3041 5423 3220 5478 omnia
3294 5431 3631 5488 qumcunque

2047 5516 2282 5570 creando
2310 5529 2564 5586 operatus
2598 5520 2772 5576 fuerat
2817 5519 3109 5587 subjicieus
3141 5514 3215 5570 illi
3247 5522 3300 5566 ct
3348 5510 3629 5579 elargitns,

362 5606 525 5661 veluti
564 5605 782 5674 quidam
824 5619 1022 5675 parcns
1056 5604 1287 5661 ﬁliorum
1314 5619 1501 5658 amans
1525 5613 1577 5657 et
1606 5602 1918 5673 benevolus,
1964 5604 2233 5666 lneredem
2265 5610 2411 5668 illum
2445 5630 2509 5670 ac
2553 5615 2828 5672 dominum
2858 5611 3109 5669 omnibus
3167 5603 3453 5662 cumulatis
3509 5616 3629 5657 mu-

360 5697 599 5753 neribus.

435 5815 618 5870 ’Psal.
647 5814 883 5880 xxx,‘20.

440 5957 513 6032 (l)
544 5958 703 6015 Forte
733 5957 931 6029 δωροφ.
