4118 6500
505 453 647 516 1825

1715 457 2114 518 NECTARIUS
2151 459 2472 519 ARCHIEP.
2513 461 2619 520 GP.

3693 463 3839 524 18%

573 570 638 625 ll.
676 569 800 626 Haec
823 571 990 641 probe
1025 572 1138 628 scio
1177 587 1272 630 vos
1306 572 1525 630 minime
1560 573 1829 646 ignorare,
1857 592 2086 647 prazser-

2256 579 2330 632 B'.
2364 580 2548 634 Ταῦτα
2586 579 2685 651 μὲν
2715 576 2808 634 οὖν
2838 574 2898 634 εὖ
2932 575 3027 634 οἵδ’
3072 577 3511 648 δτιγινώσκετε,
3554 577 3698 632 ὅσοι
3725 580 3839 633 τῶν

506 662 601 716 tim
630 663 720 732 qui
763 662 851 718 hic
873 663 1072 718 eruditi
1099 667 1271 737 magis
1297 677 1351 720 et
1387 666 1613 721 studiosi
1642 669 1813 736 estis;
1848 669 1978 738 quin
2025 676 2082 722 et

505 765 626 820 quae
676 751 792 805 haec
835 762 1187 822 exceperunt,
1224 769 1342 823 quae
1367 754 1531 812 etiam
1557 756 1754 825 quippe
1779 757 2076 812 scientibus

507 843 661 896 vobis
695 841 909 897 silentio
949 844 1407 912 prmtermittenda
1436 846 1764 901 censuimus.
1801 846 1929 912 Quae
1950 861 2081 901 vero

507 932 762 1002 deinceps
796 943 1115 998 evenerunt,
1145 941 1204 985 ut
1244 947 1314 987 ne
1360 933 1562 987 diutius
1609 948 1912 988 sermonem
1954 949 2081 1004 pro-

507 1024 722 1087 ducam,
766 1039 862 1091 pro
912 1022 1100 1090 majori
1148 1030 1302 1091 parte
1343 1024 1650 1091 prmteribo,
1681 1039 2014 1094 quzrcunque
2052 1041 2084 1080 a

507 1114 650 1168 malo
677 1115 917 1168 daemone
941 1114 993 1166 in
1022 1112 1263 1168 fraudem
1298 1113 1550 1168 inductus
1577 1127 1768 1183 passus
1790 1123 1909 1169 est:
1942 1129 2082 1184 prae-

507 1215 721 1273 ceptum
749 1205 987 1274 inquam,
1023 1213 1077 1259 et
1099 1205 1163 1258 de
1192 1204 1474 1258 divinitate
1505 1205 1836 1274 opinionem,
1867 1215 1923 1259 et
1950 1219 2087 1272 prai-

507 1297 647 1366 cepti
678 1297 842 1365 ipsius
877 1297 1032 1370 (proh
1067 1299 1272 1367 lapsum
1297 1299 1538 1367 meum!)
1566 1299 1868 1353 mandatam
1901 1299 2088 1354 obser-

509 1388 782 1441 vationem
811 1397 864 1441 et
915 1390 1434 1458 transgressionem;
1457 1391 1755 1445 nuditatem
1784 1389 1997 1452 deinde,
2032 1397 2088 1443 et

507 1477 946 1545 absconsionem,
992 1487 1046 1533 et
1081 1494 1199 1549 quae
1231 1481 1344 1535 bace
1375 1489 1558 1536 secuta
1587 1488 1733 1546 sunt,
1782 1490 1840 1534 ut
1878 1495 1984 1534 non
2031 1480 2088 1535 in

507 1568 628 1624 istis
666 1569 942 1624 immorer.
976 1571 1047 1624 At
1091 1571 1235 1626 enim
1276 1572 1421 1640 quod
1475 1570 1648 1640 majus
1687 1571 2089 1640 maximumque

505 1659 608 1714 fuit
631 1659 871 1716 omnium
903 1661 1288 1717 beneficiorum
1322 1663 1416 1718 Dei
1451 1677 1578 1731 erga
1613 1662 1783 1726 illum,
1817 1671 1930 1716 tum
1962 1675 2090 1716 vero

506 1749 668 1803 etiam
705 1749 848 1803 illius
887 1765 1152 1804 summum
1183 1749 1463 1820 ﬂagitium,
1491 1759 1548 1803 ut
1571 1751 1672 1804 hoc
1701 1749 1896 1811 dicam,
1921 1746 1967 1802 is
1997 1746 2090 1816 qui

508 1841 671 1894 tantis
699 1840 1004 1894 cumulatus
1031 1839 1206 1895 fuerat
1233 1840 1528 1904 beneficiis,
1550 1840 1808 1894 adversus
1831 1837 2091 1892 factorem

2183 662 2286 725 ὧδε
2316 671 2773 743 φιλομαθέστεροί
2817 689 2877 725 τε
2913 673 3008 726 καὶ
3038 669 3471 742 σπουδαιότεροι.
3525 667 3702 721 Ἀλλ’
3742 669 3840 723 οὖν

2183 762 2279 814 καὶ
2298 762 2366 814 τά
2392 761 2606 825 τούτοις
2632 761 2930 833 λειπόμενα
2959 762 3059 833 (2),
3089 761 3126 815 ἀ
3160 761 3255 814 καὶ
3279 760 3355 824 ὡς
3385 759 3592 815 εἰδόσι
3645 777 3838 816 κατα-

2181 849 2528 922 λελοίπαμεν.
2561 853 2682 906 Τῶν
2710 853 2767 906 δὲ
2795 853 2940 923 ἑξῆς,
2975 852 3061 904 ἵνα
3094 852 3167 923 μὴ
3199 851 3425 922 μηκύνω
3447 850 3573 904 τὸν
3631 850 3836 918 λόγον,

2183 941 2420 1012 παρήσω
2467 940 2538 993 τὰ
2577 940 2826 1006 πλεῖστα,
2863 942 2962 995 ὃσα
2995 941 3101 994 ὑπὸ
3125 939 3221 994 τοῦ
3262 940 3516 1012 πονηροῦ
3557 940 3836 995 πέπονθα

2184 1032 2571 1104 παρακλαπεὶς
2626 1033 2901 1104 δαίμονος.
2938 1032 3048 1104 Τὴν
3089 1032 3310 1103 ἐντολὴν
3342 1032 3521 1100 λέγω,
3569 1033 3689 1086 καὶ
3731 1032 3837 1105 τὴν

2185 1124 2286 1194 τῆς
2310 1122 2561 1193 θεότητος
2588 1123 2831 1196 δόκησιν,
2860 1124 2954 1178 καὶ
2984 1123 3084 1194 τήν
3118 1123 3215 1195 τῆς
3257 1123 3486 1195 ἐντολῆς
3528 1123 3686 1193 (φεῦ
3722 1139 3834 1195 μου

2185 1214 2546 1286 πτώματοςῑ)
2571 1217 2956 1287 παρατήρησιν
2985 1215 3080 1268 καὶ
3116 1214 3454 1286 παράὁασιν.
3493 1211 3666 1268 Εἶτα.
3725 1213 3835 1285 τὴν

2186 1305 2489 1379 γύμνωσιν,
2527 1307 2624 1361 καὶ
2644 1307 2743 1378 τὴν
2794 1306 3134 1378 ἀποκρυϐὴν,
3170 1307 3265 1361 καὶ
3297 1307 3400 1361 ὅσα
3439 1306 3697 1370 τούτοις
3727 1308 3831 1360 ἐπ-

2188 1399 2577 1471 ηκολούθησεν,
2604 1399 2692 1452 ἵνα
2733 1399 2807 1470 μὴ
2833 1397 3008 1452 ταῦτα
3036 1397 3199 1466 λέγω.
3243 1397 3383 1450 Ἀλλ’
3407 1393 3506 1451 οὖν
3546 1398 3624 1451 τὸ
3659 1397 3833 1468 μέγι-

2189 1507 2310 1544 στον
2340 1490 2450 1543 τῶν
2481 1490 2576 1543 τοῦ
2604 1489 2740 1544 Θεοῦ
2773 1489 2870 1560 μὲν
2895 1488 3032 1560 πρὸς
3060 1489 3224 1543 αὑτὸν
3251 1487 3692 1560 ἀγαθοεργιῶν,
3735 1489 3832 1543 αύ-

2186 1579 2281 1634 τοῦ
2311 1581 2367 1633 δὲ
2399 1580 2461 1634 τὸ
2487 1580 2826 1652 ὑπερϐάλλον
2869 1578 3244 1651 παράπτωμα,
3282 1579 3369 1633 ἵνα
3395 1577 3580 1634 τοῦτο
3648 1579 3826 1643 εῐπω,

2188 1675 2217 1726 ὁ
2248 1672 2358 1726 τῶν
2381 1672 2650 1726 τοσούτων
2676 1670 2987 1734 ἀπολαύσας
3009 1669 3358 1741 εὐεργεσιῶν,
3385 1670 3540 1724 κατὰ
3572 1669 3691 1724 τοῦ
3730 1687 3831 1722 πε-

2191 1765 2477 1834 ποιηκότος
2507 1763 2882 1835 ἐτραχηλίασε.
2919 1762 2984 1816 Τί
3023 1759 3116 1817 οὗν
3145 1765 3173 1815 ὁ
3203 1761 3414 1825 πλάσας
3429 1762 3622 1816 αὐτὸν
3656 1761 3826 1826 Θεὸς,

2192 1852 2283 1905 τὸν
2307 1852 2435 1922 χοῦν
2471 1855 2697 1917 ἐκεῖνον,
2727 1851 2824 1924 τὴν
2847 1852 2950 1922 γῆν
2979 1852 3238 1915 ἀνείδεον,
3272 1853 3339 1922 ἢν
3361 1853 3617 1916 οἰκείαις
3653 1851 3828 1923 χερσὶ

505 1943 664 1983 suum
717 1930 984 1986 cervicem
1061 1931 1277 1986 extulit.
1309 1931 1449 1998 Quid
1481 1944 1611 1999 ergo
1643 1929 1784 1983 Deus
1819 1928 1908 1996 qui
1947 1927 2095 1981 illum

2201 1943 2673 2014 διεμόρφωσε,καὶ
2710 1941 3001 2005 τοσαύταις
3024 1943 3366 2013 εὐεργεσίαις
3400 1943 3824 2011 πεπλούτηκες

507 2023 815 2090 plasmavit,
848 2024 1123 2092 pulverem
1153 2022 1322 2089 illum,
1364 2031 1563 2076 terram
1594 2020 1741 2074 illam
1786 2017 2095 2081 informem,

507 2126 668 2180 quam
722 2111 834 2164 suis
863 2110 1188 2178 figuraverat
1223 2109 1473 2165 manibus
1505 2117 1561 2164 et
1607 2109 1771 2164 tantis
1800 2111 2098 2180 repleverat

507 2200 816 2254 beneficiis?
844 2210 899 2254 et
943 2202 1071 2270 quid
1123 2216 1228 2256 non
1260 2202 1380 2256 dico
1410 2203 1550 2272 quod
1590 2203 1738 2274 pejus
1771 2203 2098 2259 est?deser—

509 2301 680 2344 torem
730 2291 900 2358 illum,
950 2292 1419 2359 praevaricatorem
1486 2294 1651 2348 divini
1715 2295 1796 2350 sui
1835 2293 2096 2360 mandati,

510 2380 876 2449 nunquidnam
919 2381 1196 2451 neglexit?
1227 2383 1594 2453 nunquidnam
1640 2385 1911 2441 deseruit?
1944 2384 2100 2440 Mini.

511 2487 596 2526 me
644 2475 902 2543 gentium.
956 2475 1063 2530 Sed
1109 2476 1436 2532 occultatum
1483 2479 1766 2548 quaesivit,
1822 2480 2095 2534 inventum

511 2565 763 2618 erudivit.
799 2565 904 2620 Sed
937 2581 1058 2635 quae
1089 2577 1374 2622 consecuta
1416 2579 1546 2624 sunt
1573 2585 1672 2624 cur
1707 2571 1886 2626 dicere
1936 2585 2097 2640 opor-

514 2656 665 2710 teat?
693 2671 811 2726 quae
856 2658 1106 2712 nimirum
1129 2659 1406 2713 hominum
1449 2661 1680 2717 saevities
1718 2669 1772 2716 et
1807 2660 2099 2718 crudelitas

515 2747 749 2815 patranti
783 2749 1048 2818 suggessit
1093 2747 1414 2819 fratricidia,
1463 2760 1519 2807 et
1560 2761 1753 2808 caetera
1793 2753 2065 2823 deinceps.

589 2860 672 2915 lll.
711 2860 848 2928 Quid
897 2864 1062 2933 igitur
1100 2864 1266 2919 etiam
1314 2864 1380 2919 ad
1426 2863 1579 2920 base?
1629 2863 1894 2920 Numnam
1935 2880 2096 2936 repu-

516 2952 709 3017 diavit,
742 2964 834 3008 aut
858 2956 1197 3012 abominatus
1222 2956 1342 3012 est?
1372 2957 1526 3013 Nullo
1556 2959 1734 3013 modo.
1781 2959 1888 3015 Sed
1919 2969 1975 3012 ut
2005 2974 2100 3027 pa-

521 3056 603 3099 ter
638 3046 818 3100 multis
848 3046 996 3116 prius
1031 3047 1285 3102 bonitatis
1315 3048 1491 3103 modis
1529 3051 1780 3104 erudiens
1823 3064 1941 3113 nos,
1975 3064 2096 3103 eum

519 3138 727 3191 videret
766 3137 907 3190 flecti
948 3152 1288 3206 nequaquam
1336 3153 1492 3207 posse
1545 3148 1765 3209 propter
1812 3140 2094 3205 malitiam,

521 3229 648 3296 quid
677 3228 841 3281 fecit?
879 3228 1166 3281 Descendit
1198 3229 1263 3282 de
1307 3229 1429 3282 sinu
1457 3229 1652 3286 Patris.
1693 3230 1736 3287 Ο
1767 3232 2096 3300 compassio-

525 3317 684 3371 nem!
734 3316 865 3370 Cum
907 3315 1049 3370 Deus
1087 3326 1232 3373 esset
1277 3328 1510 3376 aeternus
1548 3331 1605 3376 et
1645 3323 1997 3386 immortalis,
2039 3332 2098 3376 ut

525 3404 710 3474 paucis
735 3403 932 3468 dicam,
967 3405 1280 3461 incarnatus
1316 3417 1398 3463 est
1439 3425 1507 3464 ex
1543 3412 1828 3480 purissima
1856 3413 2095 3483 Virgine,

528 3511 700 3550 meam
750 3497 889 3549 servi
949 3496 1178 3550 formam
1240 3497 1525 3568 bajulans;
1573 3502 1765 3557 deinde
1807 3505 2098 3559 crucifixus

525 3596 632 3648 est,
668 3587 906 3657 sepultus
938 3597 1042 3652 est,
1081 3591 1396 3656 resurrexit,
1441 3608 1524 3647 me
1560 3593 1721 3647 simul
1765 3595 1854 3663 qui
1886 3595 2099 3649 cecide-

529 3694 642 3733 ram
690 3696 968 3750 resurgere
1018 3681 1240 3736 faciens.
1292 3685 1430 3750 Quid
1487 3685 1606 3740 istis
1652 3686 1955 3754 benignius.
2009 3695 2102 3742 aut

529 3769 916 3827 aﬂectuosius?
978 3772 1134 3828 Pater
1201 3775 1369 3829 filium
1434 3791 1626 3842 suum,
1682 3793 1841 3846 quem
1883 3781 2100 3849 genuit,

529 3881 688 3935 quem
725 3880 790 3918 ex
836 3866 1136 3922 visceribus
1177 3869 1290 3922 suis
1333 3869 1522 3934 edidit,
1581 3872 1627 3924 si
1687 3871 1769 3926 vel
1827 3871 2099 3941 paululum

532 3957 878 4012 declinaverit
907 3975 935 4012 a
973 3959 1251 4014 voluntate
1274 3975 1339 4016 ac
1379 3961 1630 4017 mandato
1662 3962 1796 4028 ejus,
1831 3979 1934 4017 non
1971 3964 2103 4019 satis

532 4049 690 4104 liabet
715 4051 760 4104 si
790 4050 1009 4105 verbera
1043 4061 1096 4106 et
1120 4051 1547 4124 flagellainlligat
1572 4053 1709 4124 ipsi;
1743 4056 1835 4111 sed
1865 4057 2104 4112 exntere-

533 4141 625 4193 dat
679 4141 868 4206 etiam,
915 4152 1250 4208 exsecratur,
1299 4146 1645 4216 persequitur
1693 4161 1852 4216 quem
1905 4147 2104 4201 dudum

533 4229 807 4300 diligebat,
854 4243 1072 4300 propter
1108 4233 1370 4301 tantillam
1419 4250 1661 4291 causam.
1709 4235 1883 4291 "erus
1910 4236 2104 4290 simili-

533 4331 617 4377 ter
645 4321 904 4377 famulum
951 4341 1128 4390 suum,
1164 4327 1210 4381 si
1257 4327 1341 4382 vel
1387 4327 1637 4395 pusillum
1677 4327 1911 4382 offendat
1941 4329 2106 4383 miser

534 4413 714 4479 homo,
753 4415 927 4484 poenis
974 4425 1028 4471 et
1077 4416 1324 4483 vinculis,
1369 4416 1508 4472 fame
1545 4432 1610 4472 ac
1659 4418 1746 4474 siti
1802 4433 2102 4482 macerans,

535 4506 718 4560 vendit
753 4507 922 4574 illum,
965 4509 1018 4562 in
1073 4509 1291 4563 dissitas
1341 4517 1606 4577 quantum
1643 4509 1759 4562 fieri
1800 4517 1974 4578 potest
2018 4523 2104 4563 re-

2203 2033 2269 2086 Τί
2300 2034 2375 2104 μὴ
2396 2033 2539 2100 λέγω
2566 2032 2626 2086 τὸ
2649 2035 2861 2104 χεῖρον;
2896 2033 3001 2085 Τὸν
3043 2031 3377 2102 ἀποστάτην,
3403 2032 3496 2085 τὸν
3539 2031 3828 2103 παραϐά-

2202 2141 2301 2195 την
2328 2125 2426 2194 τῆς
2450 2122 2614 2177 αὐτοῦ
2639 2123 2788 2187 θείας
2811 2123 3178 2195 προστάξεως,
3221 2118 3329 2194 ἆρα
3347 2124 3658 2194 παρεῖδεν;
3706 2120 3826 2194 ἄρα

2203 2214 2553 2280 κατέλειπεν;
2579 2211 2878 2283 Οὖμενουν.
2918 2212 3084 2266 Ἀλλὰ
3104 2212 3373 2284 κρυσὲντα
3400 2212 3689 2284 ἐζήτησε,
3724 2212 3828 2267 καὶ

2203 2307 2379 2378 εὑρὼν
2400 2305 2730 2360 πεπαίδευκε
2773 2305 2892 2376 μέν·
2931 2305 3070 2359 ἀλλά
3115 2305 3185 2358 τὰ
3227 2303 3366 2374 μετά
3406 2304 3683 2359 ταῦτατί
3741 2303 3825 2357 δεῖ

2204 2401 2299 2454 καὶ
2326 2399 2526 2468 λέγειν,
2552 2399 2652 2452 ὅσα
2682 2399 2716 2469 ή
2739 2398 2848 2452 τῶν
2885 2396 3192 2468 ἀνθρώπων
3236 2397 3456 2450 ἀπίνεια
3482 2397 3567 2468 (5)
3610 2397 3705 2469 τῷ
3729 2412 3828 2451 πε-

2203 2494 2451 2566 ποιηκότι
2476 2491 2838 2565 παρώρμησε,
2871 2491 2970 2555 τὰς
2992 2489 3429 2560 ἀδελφοκτονίας,
3453 2491 3551 2544 καὶ
3580 2489 3665 2546 τὰ
3720 2488 3822 2543 ἐπὶ

2201 2585 2408 2651 τούτοις
2426 2603 2442 2655 ;

2274 2874 2347 2926 1".
2397 2870 2463 2925 Τί
2496 2865 2588 2924 οὗν
2639 2868 2734 2922 καὶ
2767 2867 2905 2938 πρὸς
2933 2864 3140 2931 ταῦτα;
3173 2867 3303 2939 μήτι
3330 2882 3396 2935 γε
3439 2864 3724 2921 ἀπώσατο
3775 2863 3816 2933 ἢ

2205 2963 2554 3028 ἐϐδελύξατο;
2573 2959 2858 3030 Οὐδαμῶς.
2902 2959 3041 3012 Ἀλλ’
3072 2954 3161 3012 οἶα
3203 2959 3384 3029 πατὴρ
3411 2958 3635 3022 πολλοῖς
3667 2955 3819 3026 πρό-

2202 3069 2361 3122 τερον
2417 3051 2639 3122 τρόποις
2700 3048 3069 3119 χρηστότητος
3121 3047 3436 3111 παιδεύσας,
3490 3044 3615 3101 εἶτα
3675 3044 3812 3099 ἰδὼν

2205 3139 2444 3200 ἀκλινείς
2477 3137 2636 3199 ὄντας
2682 3139 2747 3190 ἐκ
2777 3135 2869 3189 τοῦ
2893 3138 3158 3207 χείρονος,
3211 3137 3265 3189 τί
3300 3139 3473 3200 ποιεῖ;
3498 3134 3814 3204 Κατῆλθεν

2205 3232 2272 3284 ἐκ
2316 3228 2422 3282 τῶν
2471 3228 2753 3300 πατρικῶν
2798 3227 3033 3281 κόλπων.
3067 3228 3241 3281 Βαδαὶ
3265 3228 3364 3298 τῆς
3400 3225 3806 3298 συμπαθείαιςί

2199 3321 2332 3383 Θεὸς
2383 3319 2458 3374 ῶν
2493 3320 2664 3382 ἀΐδιος
2698 3318 2792 3372 καὶ
2834 3318 3119 3381 ἀθάνατος,
3165 3318 3254 3369 ἵνα
3300 3319 3570 3388 συντέμω,
3625 3317 3808 3383 ἐσαρ-

2200 3413 2350 3484 κώοη
2377 3411 2436 3477 ἐξ
2470 3411 2642 3480 ἀγνῆς
2676 3409 2983 3480 Παρθένου,
3014 3407 3149 3478 ἐμοῦ
3183 3407 3280 3477 τὴν
3313 3410 3530 3480 μορφὴν
3553 3406 3807 3479 φορέσας

2199 3505 2292 3558 τοῦ
2317 3504 2525 3559 δούλου.
2560 3499 2692 3555 Εἶτα
2731 3501 3050 3571 ἐσταυρώθη
3077 3538 3092 3564 ,
3137 3499 3348 3571 ἐτάφη,
3390 3500 3622 3571 ἀνέστη,
3674 3512 3807 3551 συνο

2199 3598 2506 3667 αναστήσας
2521 3611 2586 3660 με
2605 3593 2947 3647 πεπτωκότα.
2968 3593 3032 3644 Τί
3047 3591 3249 3644 τούτων
3262 3589 3802 3660 φιλανθρωπότερον,

2201 3687 2234 3756 ἢ
2270 3685 2748 3756 συμπαθέστερον;
2782 3682 2892 3735 Καὶ
2918 3681 3100 3752 πατὴρ
3132 3680 3229 3750 μὲν
3255 3678 3344 3731 τὸν
3377 3677 3572 3730 ἐαυτοῦ
3602 3675 3803 3736 παῖδα,

2200 3776 2260 3830 ὃν
2289 3776 2600 3844 ἐγέννησεν,
2633 3775 2691 3827 ὃν
2738 3775 2802 3826 ἐκ
2835 3772 2942 3826 τῶν
3000 3772 3146 3825 ίδίων
3181 3769 3502 3838 σπλάγχνων
3538 3768 3804 3838 παρήγα-

2203 3885 2322 3937 γεν,
2353 3869 2549 3939 μικρόν
2584 3885 2637 3920 τι
2660 3867 2758 3936 τῆς
2784 3864 2950 3918 αὐτοῦ
2975 3862 3433 3936 παρεκτραπέντα
3473 3859 3670 3930 βουλῆς
3702 3854 3804 3908 καὶ

2204 3959 2572 4030 προστάξεως,
2619 3957 2679 4011 οὐ
2721 3956 2935 4027 πληγάς
2977 3956 3134 4026 μόνον
3174 3956 3267 4008 καὶ
3303 3955 3572 4024 μάστιγας
3603 3954 3791 4020 ἐπαρο

2206 4055 2380 4105 κεῖται
2423 4046 2788 4121 προσαγαγὼν
2847 4045 3018 4116 αὐτῷ,
3074 4045 3210 4098 ἀλλά
3259 4044 3354 4097 καὶ
3396 4041 3798 4114 ἀποκηρύττει,

2203 4147 2387 4201 διώκει
2424 4146 2517 4198 τόν
2553 4160 2682 4196 ποτε
2710 4140 3051 4212 φιλούμενον,
3088 4141 3154 4193 δι’
3189 4139 3482 4209 οὐδαμινὴν
3503 4154 3623 4190 τινα
3650 4131 3798 4204 πρό·

2205 4256 2389 4307 φασιν.
2423 4236 2536 4290 Καὶ
2562 4235 2829 4304 δεσπότης
2867 4232 3069 4303 ὁμοίως
3101 4232 3192 4285 τὸν
3226 4231 3421 4284 ἐαυτοῦ
3459 4229 3671 4298 οἰκέτην
3696 4222 3798 4278 καὶ

2205 4327 2343 4398 πρὸς
2395 4326 2576 4394 ὀλίγον
2608 4322 3002 4376 ἐκπεπτωκότα
3049 4321 3140 4374 τὸν
3197 4319 3404 4382 ἄθλιον,
3435 4319 3648 4380 ποιναῖς
3699 4313 3798 4368 καὶ

2205 4420 2445 4488 δεσμοῖς,
2475 4415 2622 4486 λιμῷ
2661 4415 2755 4467 καὶ
2794 4413 2936 4483 δίψει
2966 4411 3328 4476 καταπιέσας,
3374 4409 3793 4480 ἀπεμπωλεῖται

2207 4509 2417 4573 τοῦτον,
2466 4505 2862 4574 ἐξοστρακίσας
2923 4503 3262 4574 μακρότατα.
3314 4501 3393 4554 Τὰ
3451 4501 3508 4554 δὲ
3550 4499 3794 4570 ἡμετέρα

537 4598 722 4668 giones
753 4599 1026 4668 ablegans.
1067 4597 1276 4654 Nostra:
1306 4613 1436 4652 vero
1463 4614 1548 4654 res
1579 4599 1846 4667 quomodo
1875 4601 2098 4654 habent“:

2213 4601 2358 4665 πῶς;
2403 4597 2803 4668 Ἐπλάσθημεν,
2856 4595 3219 4666 ἐτιμήθημεν,
3274 4592 3657 4661 ἐδοξάσθημεν,
3693 4604 3791 4659 μυ-

537 4689 748 4744 Conditi
779 4689 998 4751 fuimus,
1029 4690 1344 4751 honoribus,
1375 4689 1569 4757 gloria,
1601 4689 1826 4742 infinitis
1847 4689 2110 4744 bonorum

539 4780 744 4834 divitiis
772 4780 1026 4834 cumulati
1068 4780 1296 4847 fuimus;
1331 4781 1502 4838 datori
1549 4795 1680 4835 vero
1710 4782 1902 4836 horum
1951 4797 2110 4851 quam

537 4873 712 4927 vicem
751 4871 1112 4928 reddidimus?
1152 4874 1233 4929 Ad
1294 4874 1626 4929 iracundiam
1682 4877 2110 4942 provocavimus,

539 4963 882 5019 contumeliis
930 4962 1229 5030 affecitnus,
1270 4963 1549 5019 affecimus
1589 4964 1827 5018 triStitia.
1856 4963 1948 5018 llle
1985 4977 2114 5018 vero

540 5055 766 5108 minime
797 5055 1047 5125 neglexit.
1100 5057 1206 5112 Sed
1257 5071 1376 5111 cum
1433 5055 1573 5111 Dens
1613 5057 1704 5122 sit,
1739 5067 1892 5126 pater
1933 5055 2112 5112 vocari

541 5145 610 5199 ab
659 5144 883 5214 ingratis
937 5155 991 5200 et
1027 5155 1210 5216 pastor
1246 5161 1350 5201 non
1388 5156 1472 5200 est
1506 5147 1844 5217 dedignatus,
1879 5146 2113 5199 animam

543 5249 694 5290 suam
725 5251 928 5306 ponens
970 5252 1068 5307 pro
1095 5240 1306 5294 ovibus.
1341 5239 1480 5306 Quin
1510 5241 1671 5294 etiam
1702 5241 1958 5294 cadentes
2008 5239 2116 5292 eri-

546 5327 642 5394 git,
699 5327 1004 5384 labantibus
1057 5333 1399 5402 compatitur,
1458 5348 1558 5387 nec
1605 5333 1849 5402 rependit
1903 5332 2114 5400 dignam

545 5418 868 5486 flagitiorum
916 5431 1219 5476 nostrorum
1266 5423 1696 5478 retributionem.
1728 5423 1788 5478 Si
1819 5424 2116 5493 iniquitates

544 5511 911 5574 observaveris,
945 5512 1185 5578 Domine,
1223 5512 1460 5578 Domine,
1480 5515 1594 5582 quis
1627 5515 1990 5568 sustinebit’?
2019 5514 2120 5568 Cu-

549 5612 662 5654 ram
703 5601 842 5670 gerit
877 5603 1099 5659 omnino
1133 5607 1296 5662 etiam
1325 5605 1558 5662 minima:
1599 5606 1857 5677 Cujusth
1894 5606 2008 5663 ovis
2063 5615 2118 5661 ut

607 5715 627 5743 ¹
647 5710 786 5767 Ρε.ι1.
810 5731 993 5780 cum,
1013 5717 1066 5770 5.

618 5802 696 5864 (2)
725 5803 883 5874 Forte
916 5805 1174 5874 ἑπόμενα.

619 5875 694 5941 (ἦ)
728 5871 882 5928 Forte
913 5871 1165 5944 itif/eti.

2219 4691 2356 4764 ρίοις
2390 4688 2612 4758 ἀγαθοῖς
2642 4685 3094 4758 ἐπλουτίσθημεν.
3126 4684 3218 4754 Τῷ
3246 4685 3448 4754 δωτῆρι
3483 4682 3540 4734 δέ
3590 4680 3794 4733 τούτων

2212 4779 2264 4831 τί
2302 4775 2799 4845 ἀνταπεδώκαμεν;
2833 4773 3296 4846 Παρωργίσαμεν,
3329 4773 3652 4841 ὑδρίσαμεν,
3677 4769 3794 4822 ἐλυ-

2213 4871 2488 4940 πήσαμεν.
2532 4868 2590 4920 Ὀ
2631 4867 2688 4920 δὲ
2712 4867 2773 4920 οὑ
2812 4866 3088 4937 παρεῖδεν.
3115 4862 3278 4917 Ἀλλά
3305 4862 3436 4922 Θεὸς
3469 4860 3580 4921 ῶν,’
3604 4860 3790 4926 Πατὴρ

2213 4961 2494 5016 καλεῖσθαι
2526 4959 2678 5032 παρά
2725 4959 2832 5013 τῶν
2886 4957 3237 5026 ἀγνωμόνων,
3274 4953 3365 5005 καὶ
3408 4951 3645 5023 Ποιμὴν,
3696 4953 3793 5006 οὒκ

2217 5050 2518 5121 ἀπηξίωσε,
2569 5048 2669 5120 τὴν
2715 5048 2892 5118 ψυχὴν
2944 5045 3086 5112 ὑπὲρ
3150 5044 3254 5095 τῶν
3286 5041 3574 5112 προϐάτων
3604 5041 3794 5102 τιθείς.

2231 5143 2370 5196 Ἀλλ’
2392 5138 2484 5197 οὖν
2517 5143 2608 5194 καὶ
2633 5141 2928 5199 πίπτοντας
2961 5135 3170 5205 ἀνιστᾷ,
3210 5135 3305 5188 καὶ
3335 5134 3626 5195 πταίοντας
3662 5149 3797 5201 συμ-

2220 5235 2404 5297 παθεῖ,
2454 5233 2548 5285 καὶ
2591 5231 2690 5282 οὐκ
2740 5225 3062 5280 ἀποδίδωσιν
3092 5225 3248 5290 ἀξίαν
3282 5225 3441 5296 ἡμῶν
3477 5223 3585 5276 τῶν
3616 5222 3798 5277 κακῶν

2219 5326 2316 5398 τὴν
2346 5323 2626 5378 ἀντίδοσιν.
2663 5318 2805 5373 Ἐὰν
2833 5318 3086 5388 ἀνομίας
3115 5317 3578 5386 παρατηρήσεις,
3601 5313 3795 5380 Κιξριε.

2220 5420 2416 5485 Κύριε,
2442 5415 2535 5480 τίς
2551 5409 3000 5478 ὑποστήσεται;
3025 5410 3302 5481 Φροντίζει
3337 5409 3553 5468 πάντως
3581 5405 3674 5458 καὶ
3704 5398 3796 5456 τοῦ

2228 5507 2554 5581 μικροτάτου
2616 5503 2890 5576 προϐάτου
2942 5503 3040 5575 τὴν
3087 5501 3478 5572 ἐπανόρθωσιν,
3521 5497 3796 5566 ἐκδέχεται

2223 5605 2322 5678 τήν
2344 5602 2574 5658 ἐκάστου
2623 5600 2975 5672 ἀποστροφήν
3013 5596 3112 5670 (4)·
3149 5595 3298 5667 Ἐγὼ
3325 5593 3435 5665 γάρ
3461 5593 3598 5664 ειμι,
3644 5585 3795 5659 φησὶ,

2295 5804 2369 5876 (ί)
2406 5801 2566 5860 Forte
2598 5804 2810 5879 ἐπιστρ.
