4118 6472
300 425 437 487 1825

1424 421 1514 478 DE
1545 419 1772 478 FESTO
1811 419 1868 476 S.
1908 417 2276 489 THEODORI,
2315 421 2467 481 ETC.

3421 429 3557 486 £326

300 541 470 609 Θεὸς,
510 543 546 599 δ
565 541 651 613 μὴ
700 539 894 598 θέλων
921 537 1030 593 τὸν
1060 537 1321 593 θάνατον
1361 537 1469 592 τοῦ
1507 537 1879 608 ἀμαρτωλοῦ,

1985 537 2051 592 ad
2106 537 2303 593 bonam
2353 541 2558 609 frugem
2621 545 2942 608 revertatur,
2975 547 3251 611 exspectat
3301 543 3560 615 cujusque

298 639 380 705 ὡς
402 637 470 691 τὸ
501 636 610 706 ζῇν
624 636 811 692 αὐτὸν
829 633 1282 704 ἐπιστρέφοντα.
1306 630 1550 701 Πολεμου
1558 631 1738 703 μένοις
1761 630 1884 700 βοη-

301 730 384 785 θεῖ
415 748 475 784 τε
508 732 602 784 καὶ
631 726 1205 798 συναντιλαμϐάνεται,
1230 724 1300 779 τά
1323 725 1422 796 μὲν
1449 723 1517 776 δι’
1550 721 1772 789 ἐαυτοῦ,
1811 721 1882 776 τά

299 823 357 878 δέ
380 821 470 878 διὰ
497 821 606 876 τῶν
631 821 802 890 ἁγίων
845 817 1033 875 αὐτοῦ.

371 1005 446 1058 Δθ.
487 1004 583 1066 Ὃς
626 1001 689 1073 δὴ
720 1001 817 1054 καὶ
844 997 1004 1054 τοῦτο
1036 997 1098 1052 τὸ
1143 998 1290 1068 μέγα
1320 996 1450 1067 παρ’
1496 992 1655 1066 ἡμῶν
1685 992 1761 1062 (5)
1790 990 1885 1045 νῦν

300 1095 621 1166 τελούμενον
667 1092 850 1164 θαῦμα
897 1090 1197 1161 πεποίηκε,
1242 1088 1328 1141 διά
1369 1086 1465 1139 τοῦ
1503 1083 1884 1155 λαμπροτάτου

300 1186 469 1240 αὑτοῦ
495 1186 586 1239 καὶ
616 1183 927 1239 καλλινίκου
965 1183 1239 1254 μάρτυρος
1262 1176 1559 1247 Θεοδώρου,
1589 1176 1650 1227 τὸ
1676 1174 1775 1227 θαυ
1784 1191 1886 1244 μα-

302 1277 560 1331 στότατόν
595 1293 655 1329 τε
705 1277 798 1328 καὶ
844 1273 1205 1344 ὑψηλότατον,
1247 1270 1276 1323 ὃ
1325 1267 1421 1322 καὶ
1471 1264 1827 1336 παρακατιὼν
1855 1265 1885 1317 ὁ

299 1369 458 1437 λόγος
494 1366 810 1438 δηλώσειεν·
863 1358 924 1418 οὗ
964 1364 1029 1436 δὴ
1069 1363 1228 1434 χάριν
1257 1361 1352 1415 καὶ
1377 1363 1489 1424 τοῖς
1528 1355 1885 1430 προρῤηθεῖσι

299 1461 392 1515 τοῦ
419 1462 554 1516 Θεοῦ
577 1463 610 1531 ἡ
620 1458 737 1530 μῶν
767 1456 1110 1529 μεγαλουργή
1121 1471 1252 1525 μασι
1295 1453 1396 1524 τῆς
1419 1450 1583 1506 αὑτοῦ
1620 1448 1887 1518 ἀγαθότη-

298 1571 388 1617 τος
421 1552 652 1626 μέγεθος
683 1550 904 1621 ἔκδηλον
935 1550 1069 1602 πᾶσι
1120 1546 1397 1615 πεποίηκα
1420 1561 1434 1574 ·
1487 1543 1516 1596 ὃ
1567 1544 1757 1612 χρόνος
1791 1540 1887 1609 λή-

303 1643 403 1714 θης
456 1642 638 1714 βυθοῖς
671 1640 953 1712 ἐμϐαλεῖν
1021 1635 1226 1708 προῖὼν
1286 1634 1559 1697 ἐϐούλετο,
1611 1630 1727 1686 ἀλλ’
1783 1629 1885 1682 οὐκ

305 1736 491 1806 [σχυσε
514 1735 665 1797 τέλος
694 1731 960 1785 ἐπιθεῖναι
993 1726 1159 1782 αὐτοῦ
1196 1727 1273 1798 τῷ
1295 1725 1646 1796 βουλεύματι’
1673 1720 1884 1774 πιστῶν

300 1829 446 1900 ἡμᾶς
473 1830 552 1891 εἰς
578 1825 758 1889 τοῦτο,
809 1823 906 1877 καὶ
959 1820 1228 1876 θεοσεϐῶν
1252 1817 1463 1890 ἀνδρῶν
1491 1813 1883 1888 παρορμησάν-

299 1936 407 1973 των
444 1920 493 1971 οί
526 1917 620 1970 καὶ⁵
661 1916 729 1969 τά
748 1914 1120 1985 ὑπομνήματα
1147 1910 1404 1979 φέροντες
1431 1903 1876 1976 ἐγγεγραμμένα,

299 2012 476 2084 χρόνῳ
502 2011 563 2063 τὸ
585 2010 775 2063 πιστὸν
805 1985 909 2060 καί
923 2005 1137 2076 βέϐαιον
1153 2003 1365 2073 έχοντα.
1391 2000 1466 2054 Οὐ
1493 2000 1598 2070 μὴν
1625 1997 1760 2052 ἀλλά
1785 1995 1880 2049 καὶ

299 2104 573 2166 αὐτόπτας
631 2100 726 2154 τοῦ
761 2098 1037 2169 θαύματος
1091 2095 1287 2157 αὐτοὺς
1344 2092 1598 2159 γενέσθαι
1633 2089 1880 2160 ἀκριϐῶς

298 2197 445 2266 ἡμᾶς
477 2191 1021 2259 διαϐεϐαιωσάμενοι,
1054 2186 1115 2239 τὸ
1141 2184 1354 2246 πολλοῖς
1395 2179 1758 2251 ἀγνοούμενον
1783 2177 1878 2231 τοῦ

297 2285 432 2338 Θεοῦ
483 2283 638 2354 ἡμῶν
690 2280 1140 2352 μεγαλούργημα,
1187 2276 1430 2346 ἐμφανὲς
1472 2277 1606 2328 πᾶσι
1655 2273 1880 2342 ποιῆσαι

295 2377 444 2450 ἡμᾶς
471 2373 896 2446 προετρέψαντο.
931 2370 1072 2423 Ἀλλ’
1107 2369 1232 2440 ἀρτι
1267 2386 1377 2438 μοι,
1415 2364 1737 2438 παρακαλῶ,
1771 2364 1878 2434 ἀρ-

299 2467 515 2538 ξαμένῳ
538 2464 630 2518 τοῦ
655 2465 1012 2534 διηγήματος,
1041 2460 1247 2523 πιστῶς
1284 2458 1382 2522 τὰς
1413 2458 1584 2520 ἀκοὰς
1618 2454 1878 2526 ὑφαπλώ-

298 2577 510 2624 σαντες,
571 2559 660 2610 τὸν
686 2557 842 2625 λόγον
890 2553 1222 2620 είσδέξασθε,
1286 2553 1353 2605 ἵν’
1396 2552 1543 2621 ἴδητε
1578 2551 1648 2616 (εί
1685 2549 1759 2619 μὴ
1810 2549 1876 2618 τῇ

294 2651 549 2722 ἀσθενείᾳ
590 2649 680 2702 τοῦ
719 2649 878 2717 λόγου
919 2647 1298 2720 προσέχοντες,
1333 2643 1411 2714 τῷ
1440 2643 1583 2713 λόγῳ
1621 2641 1715 2695 τοῦ
1745 2640 1879 2693 θαύ-

298 2760 466 2813 ματος
500 2739 991 2810 συγκατενέγκητε)
1014 2739 1112 2808 τὴν
1138 2735 1232 2790 τοῦ
1260 2735 1394 2789 Θεοῦ
1422 2734 1577 2806 ἡμῶν
1604 2731 1879 2803 ὑπερϐαλ-

293 2833 488 2887 λουσαν
519 2833 852 2902 ἀγαθότητα,
883 2830 944 2882 τὸ
963 2827 1361 2899 ἀμνησίκακον,
1391 2826 1451 2877 τὸ
1477 2822 1878 2894 φιλάνθρωπον,

293 2925 353 2978 τὸ
375 2925 753 2996 μακρόθυμον,
785 2923 855 2975 τά
883 2920 1127 2991 πατρικά
1147 2917 1312 2972 αὐτοῦ
1344 2917 1481 2986 πρὸς
1511 2917 1658 2986 ἡμᾶς
1682 2914 1881 2981 σπλάγ-

293 3033 418 3087 χνα,
456 3015 573 3077 πῶς
597 3015 656 3066 οὐ
708 3011 1073 3083 παραϐλέπει,
1123 3009 1224 3060 οὐκ
1249 3007 1314 3079 ἐᾷ
1364 3005 1626 3066 πολλάκις
1669 3004 1766 3057 καὶ¹
1819 3003 1880 3055 ὲν

293 3106 488 3176 ἀγνοίᾳ
521 3104 950 3174 πολεμουμένοις
988 3103 1120 3172 ⁴ἡμῖν
1153 3099 1257 3152 ὑπὸ
1285 3097 1380 3151 τοῦ
1412 3096 1721 3169 ἀρχεκάκου
1769 3093 1884 3147 δαί-

1986 629 2410 683 conversionem.
2443 628 2555 698 Ego
2585 630 2722 684 enim
2767 647 2904 695 sum,
2942 632 3133 702 inquit,
3164 633 3302 688 Deus
3326 637 3413 704 qui
3439 637 3558 690 nolo

1984 731 2203 774 mortem
2251 722 2562 789 peccatoris,
2611 734 2866 792 quantum
2911 733 2969 778 ut
3021 741 3292 781 conversus
3331 729 3437 796 ipse
3477 731 3561 782 vi-

1985 810 2129 864 vat'.
2185 811 2333 866 Bello
2374 811 2632 881 impetitis
2677 827 2831 881 opem
2873 813 2978 869 fert
3007 823 3060 869 et
3084 816 3397 884 auxiliatur,
3445 817 3561 872 sive

1985 915 2079 971 per
2107 915 2184 968 se,
2215 902 2328 956 sive
2357 917 2455 972 per
2483 913 2701 957 sanctos
2739 918 2884 960 suos.

2057 992 2144 1048 IV.
2171 991 2265 1047 llle
2295 995 2537 1062 profecto
2565 1003 2620 1048 et
2653 1010 2904 1062 magnum
2939 999 3040 1052 hoc
3068 997 3210 1066 quod
3233 1013 3399 1069 nuper
3419 1001 3560 1070 apud

1984 1098 2085 1138 nos
2119 1085 2347 1155 contigit
2393 1086 2698 1155 prodigium
2739 1088 2938 1154 effecit,
2976 1104 3071 1158 per
3108 1090 3558 1157 fulgentissitnum

1986 1189 2141 1230 suum
2187 1190 2240 1230 et
2284 1177 2512 1246 insignis
2545 1178 2782 1233 victoriae
2833 1192 3124 1252 martyrem
3168 1181 3558 1238 Theodorum:

1987 1264 2286 1334 prodigium
2328 1265 2514 1334 utique
2561 1266 3094 1323 admirabilissitnum
3144 1281 3198 1324 et
3243 1271 3563 1326 sublimissi-

1986 1370 2154 1421 mum,
2188 1358 2641 1426 quemadmodum
2687 1361 2984 1429 procedens
3028 1363 3202 1418 oratio
3227 1365 3444 1434 planum
3480 1366 3561 1419 fa-

1985 1447 2093 1501 ciet
2140 1466 2155 1502 :
2207 1447 2362 1522 cujus
2409 1451 2582 1520 gratia
2626 1452 3053 1522 magnitudinem
3106 1456 3266 1508 etiam
3309 1457 3564 1512 bonitatis

1985 1536 2130 1592 illius
2159 1539 2558 1595 manifestatam
2589 1543 2729 1596 volui
2769 1558 2863 1612 per
2887 1556 2947 1597 ea
2990 1560 3112 1614 quae
3141 1556 3297 1600 antea
3326 1561 3567 1604 comme-

1987 1640 2196 1684 morata
2231 1641 2358 1686 sunt
2393 1635 2657 1703 magnalia
2698 1635 2791 1690 Dei
2823 1638 3011 1691 nostri.
3046 1636 3281 1707 Tempus
3311 1641 3562 1708 equidem

1986 1721 2138 1792 lapsu
2185 1739 2284 1778 suo
2328 1725 2380 1779 in
2425 1726 2747 1793 profundum
2805 1727 3091 1784 oblivionis
3147 1745 3258 1784 rem
3293 1731 3565 1800 conjicere

1986 1815 2221 1879 volebat,
2259 1825 2315 1870 at
2364 1819 2607 1886 nequivit
2630 1819 2960 1874 voluntatem
2984 1835 3134 1874 suam
3161 1822 3226 1875 ad
3261 1823 3420 1878 linem
3449 1838 3564 1892 per-

1984 1906 2220 1974 ducere;
2257 1909 2502 1964 lidelibus
2532 1925 2628 1966 nos
2659 1925 2722 1964 ac
2760 1911 2862 1981 piis
2890 1912 3198 1968 hominibus
3235 1915 3301 1966 ad
3338 1915 3388 1969 id
3415 1915 3565 1970 exci-

1986 2000 2240 2068 tantibus,
2274 2002 2364 2070 qui
2401 2003 2562 2057 etiam
2589 2013 2932 2059 monumenta
2962 2015 3183 2060 servant
3211 2005 3404 2060 litteris
3436 2022 3565 2061 con-

1984 2092 2213 2161 signata,
2249 2102 2488 2162 tempore
2544 2094 2658 2163 ipso
2711 2097 3087 2150 auctoritatem
3135 2111 3198 2151 ac
3253 2097 3562 2152 firmitatem

1981 2183 2303 2238 obtinentia.
2336 2185 2446 2239 lmo
2478 2200 2607 2240 vero
2639 2187 2803 2241 etiam
2851 2187 3094 2242 oculatos
3141 2189 3365 2258 prodigii
3403 2197 3566 2244 testes

1982 2289 2099 2328 sese
2139 2274 2306 2332 fuisse
2348 2277 2473 2331 dum
2514 2286 2718 2333 certam
2765 2279 2920 2332 nobis
2960 2279 3120 2332 fidem
3155 2279 3382 2344 faciunt,
3423 2281 3565 2349 quod

1982 2366 2166 2419 multis
2195 2368 2434 2436 ignotum
2467 2377 2550 2422 est
2585 2368 3175 2438 magnificentissimum
3209 2369 3300 2424 Dei
3330 2385 3485 2441 Opus,
3509 2381 3568 2424 ut

1982 2472 2079 2510 nos
2103 2458 2352 2512 omnibus
2389 2458 2730 2513 manifestum
2760 2459 3062 2514 faceremus
3093 2461 3293 2516 hortati
3328 2473 3474 2517 sunt.
3498 2464 3567 2516 At

1976 2547 2090 2615 jam
2119 2549 2397 2618 auspicato
2424 2550 2553 2605 mihi
2593 2551 2980 2616 narrationem,
3015 2565 3206 2620 precor
3242 2562 3299 2606 ut
3337 2553 3566 2608 ﬁdeliter

1983 2640 2221 2694 auditum
2278 2642 2593 2707 intendatis,
2643 2643 3063 2714 suscipiatisque
3101 2659 3429 2709 sermonem,
3460 2660 3567 2714 quo

1981 2730 2165 2785 videre
2203 2733 2419 2801 possitis
2470 2734 2551 2804 (si
2587 2748 2689 2788 non
2728 2736 3029 2792 inﬁrmitati
3077 2739 3340 2792 orationis
3386 2746 3566 2790 atten-

1983 2823 2195 2888 dentes,
2249 2841 2354 2878 una
2402 2840 2521 2879 cum
2559 2828 2802 2882 oratione
2845 2845 2873 2882 a
2914 2831 3160 2899 prodigio
3194 2829 3310 2898 ipso
3351 2828 3566 2898 longius

1983 2913 2694 2985 abripiamini)immensam
2721 2918 2812 2973 Dei
2843 2921 3014 2974 nostri
3048 2921 3342 2974 bonitatem
3367 2939 3378 2973 :
3401 2936 3563 2989 quam

1985 3004 2057 3059 sit
2107 3005 2282 3059 facilis
2327 3009 2393 3060 ad
2445 3007 2870 3063 obliviscendum
2902 3012 3244 3081 injnrlarum,
3275 3027 3433 3080 quam
3465 3013 3563 3066 be-

1988 3094 2202 3160 nignus,
2249 3110 2409 3164 quam
2469 3099 2812 3170 longanitnis,
2853 3119 2970 3172 qua:
3011 3104 3127 3172 ejus
3170 3114 3394 3172 paterna
3437 3117 3567 3172 erga

297 3214 458 3268 μόνος
495 3197 591 3251 καὶ
629 3195 738 3248 τῶν
772 3193 936 3247 αὑτοῦ
978 3189 1332 3260 συμμυστῶν,
1365 3191 1626 3258 ἐμπεσεῖν
1653 3189 1732 3248 είς
1769 3187 1878 3239 ὄλι-

1987 3200 2084 3239 nos
2112 3188 2340 3252 viscera,
2377 3193 2645 3258 quomodo
2690 3209 2795 3247 non
2839 3194 3123 3264 despiciat,
3157 3210 3262 3249 non
3288 3196 3429 3249 sinat
3469 3209 3570 3248 nos

297 3290 423 3344 σθον
447 3287 741 3347 ἀπωλείας,
794 3285 1028 3354 μάλιστα
1068 3281 1116 3331 εί
1145 3279 1240 3331 καὶ
1278 3277 1406 3345 περὶ
1434 3277 1613 3345 ψυχὴν
1641 3275 1732 3326 τὸν
1760 3275 1875 3326 κίνο

291 3383 448 3438 δυνον
477 3379 613 3449 τύχῃ
648 3376 812 3448 φέρον
863 3368 1001 3427 εἶναι
1032 3372 1093 3423 τὸ
1127 3368 1358 3438 ἐνεδρον.
1407 3366 1545 3418 Ἀλλ’
1574 3365 1748 3417 εἰσαεὶ
1775 3364 1874 3434 τὴν

296 3470 459 3545 ἡμῶν
499 3466 891 3542 ἐπιρῤωννύων
919 3463 1224 3527 ἀσθένειαν,
1263 3456 1520 3519 ἀϐλαϐεῖς
1576 3457 1724 3545 ἡμᾶς
1780 3455 1876 3545 καὶ

294 3541 630 3633 ἀνεπάφους,
663 3560 757 3614 καὶ
803 3557 910 3611 τῶν
948 3554 1042 3608 τοῦ
1075 3549 1270 3622 ἐχθροῦ
1301 3545 1603 3602 ἐπιϐουλῶν
1629 3544 1722 3597 καὶ
1767 3541 1875 3596 τῶν

295 3656 556 3713 κινδύνων
588 3652 890 3723 ἀνωτέρους
919 3646 1229 3720 ἐργάζεται.

365 3934 443 3990 E'.
473 3931 556 3987 Τά
588 3929 644 3984 δὲ
677 3925 770 3982 τοῦ
814 3922 1090 3994 θαύματος
1134 3917 1281 3972 ἔστιν
1313 3906 1438 3978 ὧδε,
1484 3906 1529 3967 ὦ
1576 3911 1704 3982 φίλη
1751 3908 1878 3976 ξυν-

296 4025 430 4097 ωρὶς
454 4023 550 4077 καὶ
584 4018 905 4074 πιστότατον
933 4011 1320 4100 ἀκροατήριον.
1362 4004 1692 4100 ξιὴάγνοεῖν
1729 4002 1882 4100 frtri;

298 4092 622 4181 πέπεισμαι,
671 4106 792 4160 ὅσαι
846 4102 941 4157 καὶ
973 4096 1082 4154 οἷαι
1133 4095 1285 4168 παρά
1313 4093 1406 4148 τοῦ
1441 4093 1528 4147 ἀεὶ
1561 4092 1884 4160 φθονοῦντος

297 4206 445 4277 ἡμᾶς
479 4202 678 4264 Σατᾶν,
704 4198 801 4252 καὶ
849 4193 957 4247 τῶν
993 4191 1158 4246 αὐτοῦ
1205 4187 1481 4242 κακίστων
1532 4181 1883 4256 θεραπευτῶν

299 4273 584 4350 ἐπιϐουλαὶ
616 4290 709 4344 καὶ
755 4287 917 4350 δόλοι,
949 4283 1092 4337 κατά
1133 4282 1230 4351 τῆς
1275 4275 1554 4350 ἀῤῥαγοῦς
1586 4274 1742 4346 ἡμῶν
1789 4273 1884 4326 καὶ

299 4385 449 4451 θείας
478 4384 736 4446 πίστεως,
775 4379 965 4449 ὥσπερ
995 4374 1138 4436 τινὲς
1161 4371 1394 4436 θύελλαι,
1428 4367 1570 4423 κατὰ
1596 4366 1884 4438 διαφόρους

299 4479 523 4552 καιροὺς
557 4476 653 4530 καὶ
689 4471 916 4546 χρόνους
957 4463 1444 4539 ἀνεῤῥιπίσθησαν·
1494 4463 1542 4514 εί
1583 4460 1676 4514 καὶ
1703 4462 1730 4513 ὁ
1753 4458 1885 4552 Θεδς

1977 3291 2121 3344 stepe
2147 3279 2228 3332 vel
2264 3297 2362 3334 nec
2389 3285 2728 3339 attendentes
2755 3284 2893 3339 bello
2926 3287 3200 3356 impetitos
3244 3302 3272 3338 a
3303 3283 3569 3340 malorum

1977 3367 2221 3420 omnium
2254 3379 2478 3425 auctore
2512 3375 2728 3429 diabolo
2771 3386 2827 3430 et
2865 3377 3092 3432 initiatis
3125 3380 3260 3444 suis,
3299 3378 3384 3447 agi
3432 3391 3572 3447 pra!-

1978 3455 2170 3527 cipites
2201 3459 2254 3512 in
2285 3462 2606 3528 perditionis
2630 3466 2931 3532 interitum,
2962 3472 3262 3539 praesertim
3281 3485 3412 3524 vero
3433 3469 3478 3524 si
3506 3469 3572 3523 de

1978 3550 2174 3604 animae
2228 3552 2403 3608 salute
2442 3555 2741 3623 periculum
2802 3560 2961 3614 nobis
3006 3560 3291 3614 insidiator
3333 3558 3565 3626 afferat;

1978 3641 2074 3695 sed
2114 3656 2329 3712 semper
2393 3655 2637 3700 nostram
2712 3647 3138 3703 imbecillitatem
3185 3647 3570 3713 corroborans,

1981 3731 2177 3788 illaesos
2210 3749 2308 3788 nos
2338 3745 2502 3804 atque
2541 3737 2777 3793 intactos
2815 3747 3055 3806 praeSIet,
3087 3739 3446 3807 omnibusque
3482 3739 3567 3794 in—

1982 3823 2135 3879 sidiis
2179 3825 2472 3881 adversarii
2517 3837 2572 3882 et
2602 3827 2857 3896 periculis
2881 3831 3209 3898 superiores.

2057 3916 2122 3971 V.
2161 3915 2402 3972 Miraculi
2462 3919 2632 3975 series
2690 3920 2998 3991 hujusmodi
3050 3933 3158 3986 est,
3201 3937 3234 3977 ο
3273 3931 3448 3978 caelus
3485 3923 3568 3976 di-

1983 4007 2139 4074 lecte,
2186 4024 2250 4065 ac
2283 4009 2467 4066 fideles
2501 4013 2797 4068 auditores.
2843 4012 2994 4068 Haud
3040 4014 3290 4083 ignorare
3319 4029 3414 4069 vos
3451 4014 3568 4069 exi-

1983 4101 2168 4167 stimo,
2203 4112 2334 4172 quot
2371 4103 2671 4176 qualesque
2705 4106 2914 4161 insidia:
2945 4115 2999 4162 et
3034 4108 3143 4162 doli
3173 4123 3202 4162 a
3237 4105 3427 4172 Satan,
3470 4109 3563 4177 qui

1985 4201 2168 4247 nostra
2217 4209 2432 4264 semper
2479 4196 2676 4250 invidia
2717 4198 2963 4263 tabescit,
3009 4213 3217 4254 necnon
3252 4213 3281 4252 a
3315 4199 3566 4269 pessimis

1984 4283 2320 4340 administris
2348 4285 2485 4353 ejus,
2515 4296 2703 4342 contra
2732 4289 3018 4345 infractam
3042 4291 3390 4362 divinamqne
3409 4291 3565 4346 tidem

1989 4385 2264 4444 nostram,
2315 4379 2468 4448 quasi
2528 4383 2771 4450 quaedam
2821 4391 3189 4453 tempestates,
3247 4384 3369 4439 aliis
3406 4394 3568 4453 atque

1989 4465 2112 4520 aliis
2147 4469 2478 4537 temporibus
2522 4470 2606 4525 vel
2638 4473 3129 4540 opportunitatibus
3158 4472 3405 4528 excitatae
3447 4475 3566 4528 fue-

297 4536 447 4643 τῆς-ἠ
459 4536 574 4641 μῶν
599 4536 983 4624 ταπεινώσεως
1010 4536 1196 4613 ἐνε-κεν
1234 4558 1334 4627 τὴν
1359 4553 1656 4626 παγκρατῆ
1702 4551 1883 4618 δεξιὰν

1991 4552 2118 4606 rint.
2153 4536 2404 4610 Attamen
2441 4555 2585 4612 Deus
2610 4557 2932 4614 humilitatis
2975 4571 3173 4616 nostrae
3202 4577 3364 4618 causa
3397 4565 3570 4618 omni-

297 4662 460 4717 αὐτοῦ
476 4661 555 4723 είς
573 4655 854 4726 ἀντίληψιν
880 4649 1288 4716 ἐξαποστείλας,
1311 4649 1382 4701 οὐ
1410 4646 1673 4700 δέδωκεν
1699 4643 1879 4714 ἡμᾶς,

298 4748 652 4827 προφητικῶς
679 4748 874 4809 εἰπεῖν,
903 4745 990 4809 εἰς
1013 4740 1204 4808 θήραν
1233 4738 1356 4804 τοῖς
1383 4736 1635 4791 ὀδοῦσιν
1660 4733 1878 4827 αὐτῶν.

295 4826 398 4901 Ὧν
429 4847 517 4901 ἵνα
547 4842 644 4906 τὰς
699 4839 866 4893 πάλαι
900 4835 994 4890 καὶ
1024 4832 1244 4904 πρώτας
1271 4830 1333 4882 τὸ
1375 4829 1548 4900 παρὸν
1575 4826 1882 4899 ταμιεύσω-

302 4955 424 5011 μεν,
479 4937 575 5008 μία
602 4930 670 5006 ἦν
701 4933 796 4987 καὶ
841 4925 1129 4983 Ἰουλιανοῦ
1189 4923 1284 4976 τοῦ
1339 4921 1675 4974 Ἀποστάτου
1715 4918 1880 4992 μανία

298 5010 395 5082 καὶ
430 5026 624 5087 λύσσα,
673 5022 814 5078 κατὰ
845 5020 947 5090 τῆς
971 5017 1119 5078 θείας
1157 5011 1315 5084 ἡμῶν
1357 5011 1614 5074 πίστεωςο
1655 5010 1881 5063 Ἰουλια-

297 5116 412 5184 νοῦ,
451 5114 547 5169 τοῦ
573 5115 905 5185 λαλήσαντος
944 5111 1024 5172 είς
1064 5107 1124 5161 τὸ
1159 5105 1292 5175 ὕψος
1335 5102 1428 5156 τοῦ
1460 5101 1596 5156 Θεοῦ
1645 5101 1883 5172 βλασφη-

303 5212 452 5282 μίαν,
479 5208 573 5262 καὶ
599 5207 828 5278 ἄραντος
852 5204 1011 5273 χεῖρα
1046 5199 1314 5269 θεόμαχον
1339 5195 1479 5250 κατά
1497 5195 1599 5266 τῆς
1624 5195 1884 5260 εὐσεϐοῦς

300 5297 454 5368 ἡμῶν
489 5295 746 5356 πίστεως.
779 5290 984 5343 Τούτου
1039 5283 1098 5341 εὖ
1139 5287 1359 5350 εἰδότες,
1407 5287 1455 5338 εί
1490 5285 1586 5339 καὶ
1629 5285 1702 5357 μὴ
1739 5285 1879 5354 ὕψει,

300 5387 414 5441 ἀλλ’
451 5381 544 5439 οῦν
589 5385 724 5454 ἀκοῇ
756 5379 1158 5453 παρειλήφατε,
1199 5376 1274 5439 ὡς
1303 5375 1570 5447 παρόντες
1599 5375 1743 5446 ὑμᾶς
1778 5376 1878 5445 (6),

297 5479 369 5534 τὰ
394 5477 541 5532 δεινά
571 5477 667 5530 καὶ
703 5476 905 5546 μάταια
938 5468 1084 5526 κατά
1139 5466 1482 5540 Χριστιανῶν
1517 5468 1881 5539 νεανιεύματά

299 5586 359 5623 τε
380 5569 476 5623 καὶ
507 5568 716 5640 ἐνεδρα.
756 5567 852 5628 Ὃς
900 5561 1071 5616 ἐθνῶν
1117 5560 1214 5632 μὲν
1241 5560 1512 5630 κρατῆσαι
1549 5559 1642 5612 καὶ
1676 5558 1880 5631 βαρὸά-

372 5691 394 5722 ³
416 5688 611 5744 Ezech.
631 5701 826 5752 xum,
858 5685 943 5740 Η.
971 5683 992 5714 ⁸
1011 5681 1155 5738 Psal.
1181 5695 1373 5744 cum,
1399 5677 1454 5734 6.

373 5805 456 5879 (ξ)
489 5804 650 5879 eone
675 5805 830 5879 trav:

1987 4643 2422 4712 potentissirnam
2473 4646 2750 4700 dexteram
2797 4662 2949 4702 suam
2993 4649 3044 4702 in
3081 4649 3338 4703 auxilium
3381 4656 3572 4704 exten-

1988 4733 2141 4797 dens,
2173 4751 2276 4788 non
2329 4737 2474 4790 dedit
2528 4753 2646 4803 nos,
2687 4749 2743 4792 ut
2778 4754 2899 4794 cum
2943 4738 3210 4810 Pmpheta
3264 4739 3476 4810 loquar,
3513 4741 3574 4792 in

1987 4835 2257 4894 rapturum
2301 4829 2540 4882 dentibus
2585 4846 2763 4884 eorum
2783 4829 2823 4885 ³.
2863 4831 2940 4886 Ex
2990 4834 3204 4902 quibus,
3242 4842 3299 4886 ut
3326 4839 3571 4886 vetustas

1986 4917 2104 4972 illas
2141 4933 2206 4972 ac
2233 4920 2442 4987 priores
2484 4921 2966 4990 impraesentiarum
3003 4924 3220 4978 silentio
3247 4924 3566 4988 condamus,

1987 5025 2090 5066 una
2131 5010 2230 5064 fuit
2275 5011 2439 5065 etiam
2481 5010 2677 5066 Juliani
2722 5013 2995 5082 Apostata:
3040 5013 3257 5066 vesania
3292 5022 3347 5068 et
3391 5014 3568 5069 rabies

1987 5115 2176 5159 contra
2227 5102 2466 5158 divinam
2532 5104 2687 5160 fidem
2747 5113 3007 5159 nostram.
3053 5103 3272 5168 Iuliani,
3320 5105 3564 5175 inquam,

1985 5197 2076 5267 qui
2114 5196 2324 5251 locutus
2372 5204 2455 5250 est
2497 5195 2549 5249 in
2600 5195 2874 5250 excelsum
2925 5194 3018 5249 Dei
3059 5195 3472 5266 blasphemiam,
3513 5204 3569 5249 et

1988 5289 2224 5342 elevavit
2262 5302 2479 5341 manum
2521 5286 2631 5342 Deo
2657 5287 2932 5341 inimicam
2975 5288 3234 5342 adversus
3265 5288 3564 5356 piissimam

1988 5380 2146 5434 fidem
2184 5390 2444 5435 nostram.
2473 5377 2643 5447 Hujus
2677 5379 2776 5433 viri
2812 5380 3060 5449 equidem
3110 5381 3242 5448 scio,
3274 5384 3356 5434 sin
3390 5381 3566 5436 minus

1986 5471 2181 5536 oculis,
2211 5472 2396 5526 auditu
2432 5481 2582 5526 certe
2609 5471 2893 5538 didicistis,
2915 5481 3165 5542 tanquam
3195 5473 3238 5527 si
3275 5482 3567 5544 praesentes

1989 5564 2321 5632 adfuissetis,
2378 5563 2624 5622 crudeles
2675 5578 2954 5636 vanosque
2994 5573 3185 5623 contra
3225 5563 3567 5623 Christianos

377 5865 452 5951 (Β)
509 5876 672 5934 Forte
699 5865 882 5947 ’ὁμεῐῆ
927 5871 1011 5930 vel
1043 5871 1225 5945 ἡμεῖς.
1283 5869 1347 5927 Et
1393 5868 1556 5938 paulo
1605 5877 1726 5928 ante
1768 5865 1865 5927 οἷδ’
1900 5872 2002 5927 ὅτι.
