4118 6490
284 8 315 25 --
384 8 1395 46 σ-ικῖῌ--ῌ-ξ-

545 424 678 481 1827

1700 418 2097 478 NECTARIUS
2142 416 2459 475 AllClllEP.
2500 416 2606 472 (ΣΡ.

3642 407 3785 465 i828

543 539 779 595 insultus
809 544 969 605 atque
996 535 1241 591 insidias.
1277 534 1370 590 ille
1398 534 1617 606 quidem
1647 537 1847 592 nullam
1895 537 2112 607 gerebat

2217 553 2344 609 ρους
2376 531 2783 607 τῳπώσασθαι,
2811 531 2995 595 πόλεις
3021 547 3082 584 τε
3103 527 3372 603 πορθῆσαι
3402 525 3509 581 τῶν
3526 525 3790 632 ἐναντίων

542 644 725 684 curam
763 628 983 683 omnino
1014 637 1200 695 gentes
1231 626 1455 695 imperio
1482 627 1789 698 subjugare,
1813 628 1882 683 de
1913 628 2107 683 barba-

542 722 618 776 ris
649 730 847 789 tropaea
886 720 1116 789 erigere,
1149 718 1341 787 Oppida
1374 719 1801 776 adversariorum
1842 727 2055 774 vastare
2086 737 2103 776 :

540 815 823 881 reputabat
859 825 1091 879 namque
1130 807 1436 877 hujusmodi
1478 808 1689 864 facinus
1728 809 1892 864 veluti
1940 807 2108 877 pusilo

540 901 647 955 lum
680 910 733 956 et
767 901 985 955 minime
1005 900 1152 953 utile.
1188 899 1257 952 At
1301 899 1444 951 enim
1482 897 1821 956 Christianos
1852 899 2099 967 perdere.

536 1004 835 1058 eorumque
866 989 1023 1043 tidem
1052 1004 1083 1043 e
1112 988 1286 1042 medio
1315 987 1535 1053 tollere;
1573 987 1739 1042 Deum
1775 996 2037 1052 temnere,
2073 1002 2107 1042 ο

540 1077 934 1134 calamitatem!
976 1092 1009 1131 ο
1051 1076 1326 1131 furorem!
1376 1077 1467 1144 qui
1515 1078 1826 1131 universum
1874 1078 1977 1132 hoc
2009 1093 2106 1132 vo-

542 1168 745 1223 luntate
790 1168 1047 1232 condidit,
1089 1182 1318 1236 eumque
1347 1167 1539 1236 ipsum,
1582 1169 1648 1221 ah
1706 1169 1911 1224 utinam
1948 1170 2092 1224 non!

542 1258 886 1327 generatione
929 1268 981 1313 et
1008 1258 1118 1312 vita
1160 1256 1263 1312 frui
1295 1257 1589 1312 indulserat
1618 1275 1633 1311 :
1676 1258 1816 1313 idola
1850 1259 1903 1313 in
1936 1259 2109 1328 pretio

541 1349 766 1414 habere,
800 1357 853 1402 et
879 1349 1076 1417 ubique
1106 1359 1368 1403 terrarum
1400 1349 1751 1417 pessumdare
1780 1351 1948 1419 ipsam
1996 1350 2110 1421 glo-

540 1440 634 1494 rize
684 1439 1051 1494 celsitudinem
1098 1458 1113 1494 :
1160 1439 1281 1506 hnc,
1320 1437 1561 1508 inquam,
1601 1449 1720 1493 erat
1744 1441 1822 1494 illi
1861 1454 2109 1510 magnum

536 1540 692 1596 opus,
722 1529 874 1599 cujus
906 1530 1137 1585 maxime
1170 1531 1469 1599 satagebat,
1508 1530 1765 1601 cujusque
1801 1546 1912 1601 prae
1953 1539 2111 1586 caete-

541 1615 616 1669 ris
637 1619 888 1672 omnibus
916 1633 1098 1672 curam
1130 1618 1368 1687 gerebat.

613 1706 699 1761 Vl.
732 1707 864 1763 Cum
903 1710 1064 1780 igitur
1098 1710 1211 1764 haec
1240 1710 1311 1763 ita
1351 1723 1412 1764 se
1458 1710 1746 1777 haberent,
1772 1709 1935 1766 etiam
1962 1711 2112 1767 furor
2145 1713 2149 1716 ’

539 1800 760 1854 haeresis
788 1800 928 1861 illius
976 1802 1148 1871 magis
1178 1800 1454 1871 magisque
1484 1802 1879 1872 porrigebatur.
1917 1801 2111 1871 Impie—

2208 626 2321 699 εἶχε
2358 627 2448 681 διά
2483 625 2759 698 φροντίδος
2805 624 2912 679 οὐδ’
2943 624 3100 687 ὅλως,
3147 620 3330 693 ἡγεῖτό
3368 636 3430 673 τε
3452 618 3514 672 τὸ
3549 618 3789 689 πρᾶγμα

2204 718 2281 781 ὡς
2308 718 2501 789 μικρὸν
2533 718 2629 772 καὶ
2647 716 2919 788 ἀνόνητον.
2957 714 3030 769 Τὸ
3053 714 3110 767 δὲ
3139 711 3495 784 Χριστιανοὺς
3513 707 3789 766 καθελεῖν,

2205 813 2300 866 καὶ
2333 812 2431 882 τὴν
2481 811 2685 864 τούτων
2732 808 3046 879 ἐξαφανίσαι
3107 807 3305 860 πίστιψ
3354 803 3450 857 καὶ
3493 802 3628 857 Θεὸν
3685 802 3789 873 μὲν

2206 905 2613 973 καταφρονῆσαι
2644 900 2710 972 (ὣ
2729 902 2827 972 τῆς
2849 900 3166 971 συμφορᾶςί
3197 897 3242 950 ὦ
3262 897 3357 968 τῆς
3400 894 3597 965 μανίας
3622 891 3666 963 ),
3695 892 3791 945 τὸν

2206 988 2267 1042 τὸ
2304 990 2412 1042 πᾶν
2468 988 2697 1059 νεύματι
2767 988 3192 1059 συστησάμενον,
3227 983 3315 1037 τὸν
3353 982 3449 1036 καὶ
3481 981 3664 1045 αὐτὸν,
3711 980 3792 1045 ὡς

2206 1079 2316 1135 εἴθε
2343 1078 2417 1151 μὴ
2448 1079 2712 1150 ὢφειλενί
2749 1082 2805 1134 ὲν
2834 1079 3042 1148 γενέσει
3076 1075 3357 1149 προελθεῖν
3390 1073 3485 1126 καὶ
3523 1070 3622 1141 βίῳ
3672 1088 3779 1124 πε-

2208 1170 2487 1241 ποιηκότα·
2523 1169 2714 1224 εἴδωλα
2763 1170 2819 1224 δὲ
2867 1168 3150 1240 τιμᾶσθαι,
3180 1166 3275 1220 καὶ
3308 1163 3597 1233 άπανταχῆ
3623 1163 3789 1215 αὑτὸν

2208 1260 2457 1331 αἴρεσθαι
2478 1263 2538 1314 τὸ
2558 1263 2655 1333 τῆς
2677 1260 2833 1331 δόξης
2862 1259 3083 1331 ὕψωμα·
3123 1257 3283 1330 ἔργον
3308 1274 3369 1310 τε
3399 1252 3466 1327 ἦν
3494 1254 3649 1324 αὑτῷ
3691 1254 3789 1324 μέ-

2209 1366 2302 1418 γα,
2332 1350 2426 1403 καὶ
2450 1350 2539 1405 διὰ
2589 1350 2850 1419 σπουδῆς,
2884 1349 2978 1404 καὶ
3024 1348 3132 1403 τῶν
3169 1348 3344 1404 ἀλλων
3373 1346 3627 1401 ἁπάντων
3676 1340 3792 1416 εἶχε

2214 1444 2412 1515 μᾶλλον
2440 1444 2528 1499 διὰ
2546 1443 2842 1516 φροντίδος.

2273 1710 2365 1777 qr.
2407 1706 2495 1771 Ὧς
2527 1702 2619 1761 οὖν
2652 1702 2795 1759 οὕτω
2830 1702 3019 1768 ταῦτα,
3050 1703 3145 1757 καὶ
3179 1703 3214 1774 ἡ
3260 1700 3434 1755 λύσσα
3473 1700 3637 1754 πλέον
3687 1698 3791 1768 τῆς

2210 1798 2373 1852 αὐτοῦ
2408 1796 2666 1868 αίρέσεως
2699 1794 3057 1848 ὲπεκτείνετο.
3090 1793 3154 1846 Ἦ
3185 1791 3293 1864 γὰρ
3322 1790 3565 1856 ἀσέϐεια,
3596 1788 3791 1857 ῶσπερ

539 1900 621 1942 tas
665 1892 840 1957 enim,
875 1892 1036 1947 veluti
1081 1892 1323 1962 quaedam
1357 1893 1570 1947 ﬂamma
1600 1908 1720 1963 quas
1755 1903 2109 1963 opportunam

2214 1905 2298 1951 τις
2330 1887 2464 1956 φλὸξ
2482 1886 2789 1956 ἐπιτηδείας
2812 1884 2940 1955 ὕλης
2960 1881 3294 1956 δραξαμένη,
3335 1880 3513 1951 ὑψηλὴ
3556 1879 3788 1950 ἀρθεῖσα

537 1978 641 2033 sibi
666 1980 944 2034 materiam
984 1981 1291 2048 arripuerit,
1330 1982 1384 2034 in
1429 1980 1659 2035 sublime
1726 1981 1938 2049 erigens
1968 1994 2108 2046 sese,

537 2068 699 2122 etiam
728 2084 845 2138 quae
870 2070 1073 2125 circum
1110 2071 1281 2138 posita
1306 2082 1459 2125 erant
1498 2085 1604 2124 uno
1634 2070 1834 2139 impetu
1864 2084 1895 2125 e
1934 2071 2112 2126 medio

535 2160 728 2214 tollere
757 2161 1080 2216 cnitebatur.
1108 2162 1381 2230 Impietas,
1408 2161 1649 2229 inquam,
1679 2171 1835 2215 nacta
1859 2161 1976 2230 ejus
1997 2162 2112 2216 ani-

539 2264 681 2302 mam
718 2250 881 2304 veluti
913 2260 1268 2320 opportunam
1297 2252 1420 2314 sibi,
1458 2251 1766 2307 incenditur
1816 2261 1871 2309 et
1908 2256 2113 2309 excita-

541 2347 652 2403 tur,
697 2340 1170 2396 vehementissime
1216 2340 1463 2395 minitata
1503 2340 1735 2396 ﬂammis
1780 2356 2007 2397 exurere
2058 2354 2115 2397 et

544 2445 664 2499 quae
690 2430 1121 2487 Christianorum
1167 2441 1344 2497 erant,
1393 2444 1449 2487 et
1495 2446 1588 2487 eos
1634 2433 1803 2503 ipsos.
1833 2433 1966 2487 Cum
1999 2433 2114 2488 haec

542 2522 649 2579 illis
677 2524 968 2579 constituta
993 2524 1238 2589 fuissent,
1272 2534 1325 2580 et
1349 2525 1428 2580 ira
1462 2525 1655 2595 magis,
1691 2524 1844 2581 furor
1881 2528 2114 2582 maxime

541 2612 920 2671 eﬂ‘ervesceret
967 2616 1447 2685 excitareturque;
1502 2618 1632 2685 quid
1688 2630 2114 2673 commemorare

544 2716 775 2778 oportet,
815 2707 991 2776 qualia
1036 2716 1347 2777 quantaque
1400 2718 1583 2763 contra
1634 2708 1973 2765 Christianos
2004 2717 2115 2763 tor-

543 2809 723 2854 menta
756 2799 1059 2868 excogitata
1089 2798 1289 2853 fuerint
1311 2799 1380 2854 ab
1406 2800 1569 2868 impio
1600 2800 1689 2854 illo
1714 2800 1931 2854 homine
1954 2800 2020 2854 ad
2061 2798 2114 2853 id

543 2886 740 2955 negotii
773 2896 933 2951 nato;
969 2900 1086 2956 qua:
1117 2895 1390 2941 uterorum
1419 2888 1708 2953 sectiones,
1737 2888 2005 2943 sectiones
2038 2888 2116 2939 vi-

542 2988 778 3042 scerum,
806 2978 1206 3031 verberationes
1236 2978 1509 3046 virgarum
1541 2980 1811 3045 crudeles,
1857 2980 1998 3035 cutis
2024 2979 2117 3035 de-

544 3067 856 3133 tractiones,
904 3066 1222 3122 effossiones
1278 3068 1576 3131 oculorum,
1632 3068 1873 3122 dentium
1923 3082 2117 3123 excus—

547 3156 746 3221 sinnes,
775 3158 1028 3211 tibiarum
1087 3157 1355 3223 fractura),
1380 3158 1706 3213 multimoda:
1734 3168 1787 3212 et
1814 3157 2117 3214 artiﬁciosae

2212 1981 2306 2034 καλ⁵
2337 1980 2407 2034 τά
2435 1979 2752 2049 γειτνιῶντα
2778 1975 3132 2046 συναφανίσαι
3167 1973 3547 2043 κατηπείγετο·
3574 1973 3673 2041 τῆς
3701 1970 3801 2022 αὑ-

2210 2072 2326 2135 τοῦ,
2361 2070 2437 2134 ὡς
2466 2068 2771 2140 ἐπιτηδείου
2803 2068 2940 2139 αὐτῇ
2959 2110 2973 2134 ,
3002 2066 3176 2138 ψυχῆς
3208 2063 3539 2136 δραξαμένη,
3565 2061 3799 2128 ἐξάπτε-

2211 2179 2303 2215 ται
2325 2162 2421 2215 καὶ
2436 2160 2782 2232 διεγείρεται,
2812 2159 3198 2230 κατεμπιπρᾷν
3221 2156 3288 2210 τὰ
3313 2153 3677 2228 Χριστιανῶν,
3697 2151 3799 2206 καὶ

2212 2252 2409 2316 αὐτοὺς
2444 2250 2816 2305 ὲπαπειλοῦσα
2868 2248 3241 2321 σφοδρώτατα.
3303 2245 3457 2300 Ἐπεὶ
3496 2244 3553 2298 δὲ
3593 2243 3798 2304 ταῦτα,

2214 2343 2312 2396 καὶ
2360 2344 2389 2395 ὁ
2422 2342 2591 2413 θυμὸς
2639 2342 2855 2407 πλεῖον,
2905 2342 2939 2412 ἡ
2990 2339 3156 2411 μανία
3221 2339 3470 2394 πλεῖστον
3521 2332 3799 2405 ὲκορυφοῦ

2212 2434 2333 2488 τότε
2352 2434 2426 2505 (7)
2460 2434 2555 2487 καὶ
2582 2432 2904 2504 διηγείρετο,
2940 2432 2992 2484 τί
3038 2431 3143 2503 χρὴ
3178 2431 3356 2499 λέγειν
3394 2422 3503 2482 οἷαι
3540 2426 3635 2479 καὶ
3669 2426 3801 2478 ὅσαι

2213 2528 2355 2582 κατά
2373 2522 2713 2596 Χριστιανῶν
2768 2521 3016 2592 βασάνων
3056 2520 3289 2575 ἐπίνοιαι
3315 2518 3466 2591 παρὰ
3501 2516 3594 2570 τοῦ
3630 2515 3798 2569 ἀθέου

2212 2617 2420 2671 ἐκείνου
2456 2613 3170 2686 ὲπιτηδεύοντος,ἀνατομαὶ
3192 2612 3495 2684 γαστέρων,
3526 2607 3803 2679 ἀνατομαὶ

2215 2708 2562 2778 σπλάγχνων,
2626 2706 2912 2777 ραϐδισμοὶ
2971 2706 3209 2777 σφοδροὶ,
3281 2704 3533 2774 ἐκδαρσις
3594 2699 3796 2771 δορῶν,

2213 2798 2508 2870 ὀφθαλμῶν
2535 2798 2828 2871 ὲξορύξεις,
2863 2798 3088 2851 ὀδόντων
3129 2796 3439 2869 ὲκρίζωσις,
3467 2791 3674 2847 σκελῶν
3732 2808 3803 2844 τε

2215 2890 2463 2961 θλασμοὶ,
2494 2889 2782 2959 φλογισμοὶ
2803 2888 2973 2958 πυρὸς
3007 2886 3309 2949 πολυειδεῖς
3334 2885 3425 2937 καὶ
3452 2882 3800 2952 κακότεχνοι,

2216 2981 2472 3051 ἐσχάραι,
2507 2979 2754 3049 λέϐητες,
2790 2977 3013 3032 σοῦϐλαί
3054 2996 3116 3032 τε
3148 2977 3243 3031 καὶ
3282 2977 3515 3047 τήγανα,
3544 2974 3641 3028 καὶ
3691 2973 3803 3027 ὅσα.

2213 3070 2335 3123 τότε
2382 3069 2592 3140 ὄργανα
2650 3068 2879 3122 θανάτου
2930 3071 3044 3133 τοῖς
3075 3069 3417 3141 Χριστιανοῖς
3477 3064 3801 3132 ἑπετίθετος

2260 3152 2385 3221 ὗτος
2408 3159 2456 3211 δ’
2480 3153 2573 3212 οὖν
2601 3160 2789 3230 μανεὶς
2810 3161 2838 3213 ὁ
2871 3160 3217 3233 παμμίαρος,
3248 3160 3369 3213 ἐπεὶ
3397 3158 3471 3229 μὴ
3495 3158 3650 3221 τέλος
3680 3151 3804 3228 εἶχε

548 3245 749 3313 ignium
775 3244 1195 3304 combustioncs.
1229 3243 1356 3310 foci,
1393 3244 1612 3314 lebetes,
1643 3247 1896 3316 forcipes,
1936 3261 2112 3304 sarta-

2217 3249 2503 3320 δυνάμεως
2545 3249 2815 3304 ἐπιθεῖναι
2853 3252 2920 3321 τῇ
2959 3250 3203 3322 ἀσεϐείᾳθ
3252 3252 3302 3304 oi
3340 3249 3435 3320 μὲν
3459 3246 3569 3318 γὰρ
3602 3263 3807 3317 μαστι-

544 3331 720 3401 gines.
748 3341 801 3385 et
833 3340 1241 3400 quotquottunc
1264 3342 1419 3386 erant
1447 3333 1801 3389 instrumenta
1829 3335 2035 3399 mortis,
2060 3335 2112 3389 in

546 3416 885 3470 Christianos
935 3417 1366 3472 adhibebantur?
1414 3419 1513 3475 llic
1552 3420 1713 3491 igitur
1756 3418 1941 3477 furens
1988 3436 2110 3477 sce-

545 3498 887 3565 lestissimus,
926 3502 1013 3557 ubi
1045 3518 1381 3573 nequaquam
1425 3510 1599 3574 potuit
1643 3508 1902 3563 terminos
1945 3509 2115 3578 impo-

546 3602 677 3642 nere
737 3590 998 3659 impietati
1053 3609 1067 3646 :
1121 3592 1209 3646 alii
1274 3595 1416 3647 enim
1485 3594 1769 3665 ﬂagellati,
1844 3607 2114 3665 martyres

546 3679 766 3733 Christo
786 3697 883 3749 per
904 3684 1217 3752 patientiam
1234 3688 1734 3754 constituebantur;
1770 3688 1861 3742 alii
1889 3689 2117 3744 necdum

548 3770 832 3824 tormentis
878 3771 1133 3839 subjecti,
1178 3782 1434 3845 tanquam
1474 3776 1898 3846 pulcherrimum
1937 3794 2117 3834 exem-

549 3861 668 3926 plar
696 3863 903 3932 seipsos
941 3864 1230 3931 intuentes,
1264 3868 1478 3924 dolores
1509 3871 1942 3925 contemnebant.
1996 3870 2119 3927 Sin-

549 3950 770 4018 gillatim
802 3968 928 4008 vero
955 3956 1194 4027 singulos
1215 3956 1508 4027 ﬂagellare,
1541 3968 1595 4014 et
1623 3962 1743 4017 neci
1772 3962 1988 4018 tradere
2017 3977 2118 4019 nec

2220 3339 2439 3410 ζόμενοι
2475 3341 2753 3413 μάρτυρες
2784 3341 3003 3412 Χριστῷ
3038 3341 3105 3394 δι’
3134 3343 3410 3413 ὑπομονῆς
3449 3339 3805 3394 ὑπεδείκνυν-

2218 3441 2299 3478 το·
2318 3427 2369 3478 ot
2395 3425 2439 3478 δ’
2466 3424 2618 3479 οὔπω
2638 3429 2749 3490 τοῖς
2779 3427 3031 3498 βασάνοις
3055 3429 3471 3501 ὑποϐληθέντες,
3496 3428 3685 3499 ὥσπερ
3715 3430 3803 3493 εἷς

2217 3534 2270 3571 τι
2301 3517 2654 3589 παράδειγμα
2682 3518 2847 3574 καλὸν
2895 3521 2976 3583 είς
3024 3521 3252 3585 ἑαυτοὺς
3305 3520 3640 3592 ἀφορῶντες,
3685 3518 3800 3572 τῶν

2216 3608 2483 3676 ἀλγεινῶν
2500 3610 2881 3680 κατεφρόνουν·
2915 3610 3013 3665 ἕνα
3038 3629 3097 3665 τε
3122 3607 3188 3667 αὖ
3216 3612 3337 3666 καθ’
3369 3611 3468 3666 ἕνα
3492 3610 3797 3683 μαστίζειν,

2215 3700 2310 3752 καὶ
2330 3698 2546 3771 θανάτῳ
2580 3700 2997 3771 παραπέμπειν,
3040 3701 3165 3755 οὔτε
3190 3702 3415 3756 δυνατὸν
3441 3697 3529 3774 ἦν,
3559 3700 3652 3755 καὶ
3678 3700 3800 3771 ἅμα

2213 3785 2275 3839 τὸ
2311 3786 2590 3858 συμφέρον
2636 3788 2698 3841 οὑ
2751 3789 2980 3859 προσῆν·
3011 3788 3223 3859 ἀνάγκη
3266 3788 3375 3861 γάρ
3403 3788 3621 3843 πάντων
3649 3790 3796 3857 ἀφα-

2215 3876 2527 3943 νισθέντων,
2566 3876 2801 3949 ἄναρχον
2825 3878 2976 3950 αὑτῷ
3000 3879 3096 3932 καὶ
3132 3879 3485 3934 ἀϐασίλευτον
3509 3881 3610 3951 τὴν
3643 3879 3799 3950 βασι-

2214 3965 2365 4023 λείαν
2393 3967 2667 4036 γενέσθαι.

549 4045 823 4111 possibile,
853 4063 951 4103 nec
975 4049 1104 4105 utile
1132 4059 1283 4116 erat;
1312 4052 1619 4107 necessario
1658 4053 1826 4119 enim,
1863 4053 1908 4108 si
1970 4068 2159 4111 omnes
2195 4070 2226 4111 e
2269 4059 2446 4116 medio
2492 4058 2722 4116 fuissent
2770 4060 2988 4129 sublati,
3029 4062 3312 4134 imperium
3377 4061 3494 4132 eius
3533 4077 3635 4119 nee
3675 4062 3798 4134 qui-

549 4135 648 4190 bus
681 4136 1068 4207 dominaretur,
1102 4155 1200 4196 nec
1224 4155 1360 4211 quos
1392 4151 1602 4213 regeret
1638 4144 1939 4200 habuisset.

619 4249 729 4303 Vll.
766 4250 887 4306 llzrc
921 4269 1043 4308 cum
1086 4255 1156 4308 ita
1189 4269 1249 4311 se
1278 4256 1559 4323 haberent,
1594 4268 1650 4313 et
1685 4273 1811 4313 vera
1858 4260 2112 4316 sincere-

2284 4263 2323 4315 Z
2345 4302 2358 4315 .
2384 4261 2601 4316 Τούτων
2624 4261 2668 4316 δ’
2687 4261 2860 4327 οὕτως
2882 4263 3134 4334 ἑχόντων,
3162 4265 3258 4318 καὶ
3281 4263 3378 4335 τῆς
3407 4261 3506 4334 μὲν
3534 4262 3794 4332 Χριστια-

549 4354 654 4409 que
686 4341 988 4399 Christiana
1018 4345 1149 4402 ﬂdes
1179 4362 1515 4418 nequaquam
1546 4365 1578 4405 e
1608 4350 1785 4407 medio
1812 4351 2113 4418 tolleretur,

553 4429 696 4488 illius
737 4449 865 4490 vero
909 4451 1005 4492 cor
1060 4438 1385 4495 intrinsecus
1443 4442 1784 4510 improbitate
1831 4441 2115 4514 ﬂagraret;

552 4525 836 4581 consilium
879 4528 980 4581 init
1015 4530 1256 4595 crudele,
1301 4530 1581 4588 enimvero
1630 4544 1686 4589 et
1742 4534 2114 4591 inhumanum.

550 4615 659 4671 Oro
707 4632 803 4673 vos
846 4618 1215 4691 obtestorque,
1248 4631 1310 4676 ut
1341 4623 1623 4677 enarranti
1661 4624 1792 4678 mihi
1828 4624 1932 4691 iam
1972 4626 2117 4695 quod

541 4705 996 4774 iucundissimum
1034 4710 1086 4762 in
1128 4710 1229 4765 hac
1261 4725 1319 4765 re
1344 4726 1463 4767 esse
1498 4712 1675 4778 debet,
1705 4712 1933 4769 ﬁdeliter
1958 4730 2118 4773 aures

551 4798 994 4854 aceommodetis.
1041 4798 1156 4855 lluc
1202 4800 1327 4857 illuc
1380 4801 1525 4856 enim
1577 4803 1856 4860 revolvens
1909 4806 2116 4872 oculos,

551 4888 775 4953 invenit,
806 4898 868 4944 ut
898 4890 1141 4958 putabat,
1176 4900 1386 4964 tempus
1419 4895 1743 4965 modumque
1762 4898 2118 4967 perducenda:

550 4980 617 5034 ad
663 4981 822 5036 linem
867 4982 1196 5051 impietatis,
1246 4984 1515 5040 neminem
1560 4985 1784 5057 ﬂagellis
1833 4990 2118 5046 lacerando

552 5072 739 5127 neeive
763 5073 1046 5141 tradendo,
1077 5076 1361 5132 universos
1387 5087 1561 5134 tamen
1587 5079 1736 5135 urbis
1762 5080 1962 5137 incolas
1990 5097 2119 5151 pro-

548 5171 670 5231 pter
706 5163 1047 5232 deploratum
1084 5165 1348 5221 idolorum
1387 5168 1590 5222 cultum
1629 5171 1923 5238 prodendo.
1978 5173 2117 5227 Deus

550 5263 725 5308 tamen
762 5254 816 5307 in
863 5270 1077 5310 cassum
1125 5257 1340 5327 redegit
1386 5259 1606 5331 impium
1661 5262 1895 5318 hominis
1946 5267 2119 5322 censi.

551 5342 703 5397 lium.

627 5433 757 5490 \‘lll.
799 5436 931 5491 Cum
961 5438 1101 5492 enim
1132 5440 1411 5510 purissimi
1448 5456 1514 5497 ac
1545 5442 1707 5497 divini
1739 5452 1938 5498 sanctae
1968 5446 2117 5510 Qua-

549 5524 867 5594 dragesimre
914 5529 1029 5582 dies
1089 5534 1647 5601 appropinquassent,
1699 5536 1891 5603 quibus
1944 5519 2119 5588 omnis

547 5625 677 5668 mtas
703 5614 1117 5679 sollicilu-ljncm
1163 5622 1307 5689 rapit
1352 5623 1690 5691 superiorum
1732 5622 2016 5677 criminum
2052 5636 2113 5677 ac

625 5806 702 5874 (7)
726 5806 883 5865 Forte
914 5812 1239 5883 ὲκορυφοῦτό
1266 5832 1343 5867 τι.

2217 4353 2521 4422 νικωτάτης
2549 4352 2782 4417 πίστεως
2811 4352 2912 4408 οὐκ
2943 4352 3373 4426 ἀφανιζομένης,
3408 4350 3573 4407 αὖτοῦ
3605 4352 3663 4405 δὲ
3694 4352 3797 4422 τῆς

2218 4443 2442 4515 καρδίας
2462 4443 2672 4499 ἔνδοθεν
2702 4446 2768 4516 τῇ
2801 4444 2968 4517 κακία
2998 4444 3414 4519 φλογιζομένης,
3444 4444 3640 4516 βουλὴν
3671 4443 3800 4513 βου-

2216 4532 2432 4587 λεύεται
2480 4533 2721 4605 χαλεπὴν
2756 4534 2852 4587 καὶ
2892 4534 3277 4607 ἀπάνθρωπον.
3321 4535 3431 4589 Καί
3484 4550 3574 4604 μοι
3618 4548 3798 4603 παρα-

2216 4622 2396 4688 καλῶ,
2445 4623 2571 4695 άρτι
2613 4623 2693 4695 τῷ
2732 4623 2933 4695 ἡδίστῳ
2973 4623 3238 4689 διεξιόντα
3279 4624 3373 4678 τοῦ
3426 4624 3794 4695 διηγήματος,

2218 4714 2425 4780 πιστῶς
2450 4715 2548 4780 τὰς
2572 4714 2741 4780 ἀκοὰς
2762 4716 3140 4784 ὑποδέξασθαι.
3173 4715 3653 4789 Περισκεψάμενος
3682 4712 3796 4784 γᾶρ

2214 4806 2341 4877 τῇδε
2366 4807 2605 4881 κάκεῖσε,
2636 4805 2903 4878 εὑρίσκει,
2927 4807 3003 4871 ὡς
3024 4808 3345 4877 ὑπενόησεν,
3389 4808 3469 4871 εἰς
3495 4804 3646 4868 τέλος
3667 4804 3796 4871 ἀξαι

2216 4898 2405 4972 καιρὸν
2437 4899 2532 4953 καὶ
2564 4899 2811 4970 μηχανὴν
2839 4897 2937 4971 τὴν
2963 4900 3239 4962 ἀσέϐειαν,
3273 4898 3412 4967 μήτε
3443 4896 3665 4967 μάστιξι
3698 4913 3797 4950 κα·-

2217 4988 2439 5055 ταξᾶναι
2462 4990 2496 5060 ἢ
2531 4989 2840 5045 θανατῶσαί
2879 5008 3021 5049 τινα,
3046 4989 3141 5043 καὶ
3169 4986 3377 5049 πάντας
3410 4987 3534 5050 τοὺς
3559 4987 3662 5057 τῆς
3698 4987 3797 5040 πό·

2216 5078 2352 5144 λεως
2374 5080 2441 5134 δι’
2469 5080 2831 5150 ἀπογνώσεως
2853 5080 2952 5150 τῆς
2968 5076 3411 5148 εἰδωλολατρείας
3432 5078 3793 5149 παραδοῦναι,

2218 5170 2267 5223 εί
2320 5170 2417 5224 καὶ
2467 5173 2496 5224 ὁ
2548 5171 2679 5234 Θεὸς
2731 5173 2811 5233 είς
2859 5169 3086 5239 φροῦδον
3130 5169 3222 5223 τὸν
3280 5169 3477 5223 ἑαυτοῦ
3518 5172 3793 5242 πεποίηκε

2216 5260 2474 5323 δυσσεϐὲς
2510 5260 2804 5329 βούλευμα.

2288 5436 2369 5490 Η’.
2404 5434 2523 5490 Τῶν
2556 5434 2666 5507 γὰρ
2702 5435 2880 5505 ἁγνῶν
2927 5438 3023 5493 καὶ
3051 5438 3209 5493 θείων
3239 5438 3340 5507 τῆς
3386 5437 3547 5506 ἁγίας
3582 5438 3797 5491 Τεσσα-

2222 5528 2488 5597 ρακοστῆς
2534 5527 2755 5598 ἡμερῶν
2808 5528 3221 5582 καταλαϐόντων
3269 5529 3367 5597 (8),
3408 5530 3464 5582 ἂν
3506 5522 3594 5591 αἷς
3642 5531 3795 5581 πᾶσα

2221 5619 2407 5689 ἡλικία
2449 5620 2655 5672 ἔννοιαν
2698 5620 2802 5673 τῶν
2845 5622 3375 5694 προημαρτημένων,
3416 5620 3508 5676 καὶ
3548 5621 3659 5674 τῶν
3687 5620 3793 5690 ἥδη

2292 5818 2368 5892 (8)
2398 5816 2852 5873 Καταλαϐουσῶν.
