4118 6528
506 95 839 115 τ--ῌ
888 104 893 105 γ

318 446 460 505 1829

1420 444 1507 499 DE
1547 443 1769 500 FESTO
1809 443 1867 502 S.
1908 445 2275 511 TIIEODORI,
2316 444 2469 504 ETC.

922 0 4069 105 Ἀπί-,μβ

3432 444 3569 500 1850

315 560 867 633 πεπλημμελημένων
916 559 1202 631 λαμϐάνει,
1240 559 1298 612 ὲν
1332 554 1419 622 αἷς
1466 559 1564 646 κα).
1610 560 1672 613 τὸ
1707 562 1892 613 πεσεῖν

2007 571 2431 633 perpetratorum
2483 558 3013 628 scelerum2quibus
3062 560 3220 616 etiam
3272 566 3326 615 et
3386 557 3569 629 lapsus

319 652 518 725 ῥᾴδιον,
538 651 613 714 ὡς
636 651 757 703 τότε
786 651 983 722 μᾶλλον
1005 650 1432 720 πολεμουμένοις
1455 649 1559 701 ὑπὸ
1578 648 1671 703 τοῦ
1697 650 1893 720 ἐχθροῦ

317 744 714 815 χαλεπώτερον,
757 744 850 797 καὶ
886 744 948 797 τὸ
982 743 1352 813 ἀνακληθῆναι
1391 742 1893 814 δυσεπανόρθωτον,

317 835 443 906 ἄρτι
484 836 585 905 τῆς
631 834 851 906 πρώτης
895 834 1205 907 ἀρξαμένης
1254 833 1547 903 ἑϐδομάδος
1574 850 1589 865 ·
1635 833 1758 887 τότε
1807 834 1897 887 τὸν

321 927 562 997 ὕπαρχον
607 927 1151 997 προσκαλεσάμενος,
1186 925 1466 998 ὁμόψρονὰ
1517 940 1577 977 τε
1612 924 1782 978 αὑτὸν
1828 927 1894 996 τῇ

321 1019 548 1089 ἀπιστίᾳ
581 1018 709 1072 ὄντα
743 1019 837 1071 καὶ
866 1019 1070 1089 ὅμοιον,
1102 1018 1333 1088 ἔφησεν·

389 1112 466 1165 8’.
512 1112 725 1181 Ἐπειδὴ
752 1111 963 1175 πολλοῖς
992 1112 1089 1165 καὶ
1111 1110 1399 1175 ποικίλοις,
1425 1104 1471 1164 ὦ
1499 1109 1737 1181 ὖπαρχε,
1768 1125 1895 1179 χρη-

323 1204 553 1275 σάμενος
584 1204 967 1274 μηχανήμασι,
1005 1202 1347 1272 Χριστιανῶν
1381 1203 1573 1256 σϐέσαι
1607 1200 1771 1262 σέϐας
1798 1200 1898 1251 οὐκ

325 1294 623 1364 ἰσχύσαμεν
672 1292 831 1365 (ἐμοὶ
881 1294 937 1347 δὲ
987 1291 1147 1346 τοῦτο
1194 1294 1284 1347 διὰ
1326 1292 1603 1366 φροντίδος
1652 1289 1798 1342 ἐστὶν
1833 1290 1895 1342 οὐ

324 1386 525 1455 μικρᾶς
542 1389 578 1451 ),
604 1383 904 1454 τηνικαῦτά
929 1402 1018 1454 μοι
1048 1383 1210 1455 βουλὴ
1236 1386 1300 1437 ὲκ
1325 1383 1434 1436 τῶν
1461 1382 1598 1436 θεῶν
1626 1380 1889 1448 ἐγεγόνει,

319 1474 395 1538 ὡς
427 1475 565 1545 καλή
586 1492 645 1527 τε
672 1475 765 1527 καὶ
793 1474 1203 1546 ἀναντίρρητος.
1247 1474 1464 1545 Ἐπειδὴ
1493 1474 1599 1545 γὰρ
1623 1471 1720 1543 τὴν
1751 1471 1898 1525 ἑϐδο-

322 1567 468 1635 μάδα
496 1566 700 1635 ταύτην
729 1568 777 1619 οἱ
814 1568 1131 1638 Χριστιανοὶ
1172 1565 1395 1638 πρώτην
1426 1565 1536 1619 τῶν
1563 1563 1772 1616 ἑαυτῶν
1800 1580 1897 1633 νη-

320 1659 511 1712 πειῶν
543 1660 873 1724 θεσπίζουσι,
898 1660 989 1712 καὶ
1009 1658 1097 1714 διὰ
1125 1658 1357 1728 σπουδῆς
1377 1656 1618 1710 τίθενται
1639 1656 1898 1727 ἀμίαντον

321 1751 500 1822 πάντη
536 1752 739 1822 ταύτην
773 1751 991 1805 πάντων
1022 1752 1129 1805 τῶν
1149 1751 1323 1805 ἄλλων
1349 1750 1450 1818 τῆς
1478 1748 1733 1820 νηστείας
1764 1749 1898 1819 ἡμε-

322 1841 432 1913 ρῶν
458 1842 884 1912 διαφυλαχθῆναι
904 1858 917 1871 ·
949 1842 1154 1896 κελεύω
1177 1842 1284 1894 τῶν
1307 1842 1409 1894 ὅσα
1433 1840 1538 1894 ὑπὸ
1558 1840 1659 1911 τὴν
1686 1840 1893 1911 ἀγοράν

319 1935 400 1997 είς
431 1934 632 2005 βρῶσιν
666 1936 761 1988 καὶ
793 1935 948 1988 πόσιν
978 1932 1297 2004 ἐπιτηδείων
1339 1931 1770 2002 προϐέϐληνται.
1799 1947 1894 1983 συ-

322 2026 601 2095 σταλῆναι,
632 2026 727 2079 καὶ
779 2025 946 2096 μηδὲν
987 2024 1172 2096 ἕτερον
1212 2023 1290 2087 είς
1339 2021 1544 2092 ἀγορὰν
1589 2019 1897 2091 πρθὸληθῆ-

318 2136 426 2181 ναι,
457 2118 597 2187 πλὴν
638 2118 667 2171 ὂ
703 2117 812 2186 ἐγώ
849 2135 929 2171 σοι
964 2115 1028 2170 ἂν
1067 2116 1289 2186 παρέξω
1330 2115 1655 2185 βρωμάτων,
1705 2113 1897 2182 αἵματι

317 2211 424 2264 τῶν
452 2210 649 2264 θυσιῶν
686 2208 1044 2281 μεμιγμένον.
1093 2207 1329 2277 Ἀνάγκη
1357 2206 1485 2278 γάρ.
1512 2204 1702 2258 τούτου
1740 2221 1901 2272 γεγο-

320 2304 490 2366 νότος,
519 2304 551 2373 ἢ
583 2301 789 2366 πάντας
817 2300 1187 2371 ὀνησαμένους
1215 2300 1431 2367 φαγεῖν,
1466 2297 1557 2351 καὶ
1590 2296 1898 2350 ὑπακοῦσαι

320 2393 471 2462 ἡμῖν,
517 2394 592 2456 ὡς
623 2392 722 2462 τῆς
766 2391 875 2446 τῶν
915 2390 1052 2444 θεῶν
1094 2389 1574 2459 ἀπογευσαμένους
1604 2386 1827 2451 Θυσίας,
1864 2386 1897 2458 ἢ

321 2484 463 2554 λιμῷ
517 2484 786 2555 φθαρῆναι
836 2482 1158 2551 ἐπιγνόντας
1206 2480 1267 2533 τὸ
1318 2479 1614 2550 βούλευμα,
1670 2478 1767 2531 καὶ
1823 2478 1898 2548 μὴ

321 2575 539 2646 ἔχοντας
568 2575 689 2630 ὅθεν
716 2576 814 2648 τὴν
843 2574 1051 2628 ἔνδειαν
1082 2570 1619 2645 πραγματεύσονται.

391 2758 452 2810 ι’.
506 2754 692 2809 Ταῦτα
749 2755 813 2808 ὲκ
858 2752 951 2808 τοῦ
1008 2752 1316 2806 ἀθεωτάτου
1370 2748 1636 2819 στόματος
1691 2748 1898 2803 ἐκείνου

322 2847 632 2901 ἀκούσαντα
680 2846 772 2899 τὸν
828 2844 1072 2916 ὕπαρχον
1122 2843 1287 2910 φάναι
1338 2842 1567 2909 λέγοντα
1606 2840 1716 2911 (9)°
1772 2842 1901 2895 Νῦν

322 2936 455 2993 οἶδα
480 2981 495 3004 ,
531 2938 619 2991 ὅτι
644 2938 828 3002 ὅντως
856 2935 1068 3003 καρδία
1093 2933 1400 3000 ,βασιλέως
1432 2933 1503 2985 ἐν
1537 2932 1687 3000 χειρὶ
1720 2931 1897 2987 θεῶν.

324 3032 417 3083 καὶ
457 3030 573 3100 ἅμα
606 3027 684 3098 τῷ
724 3027 868 3097 λόγῳ
898 3028 932 3097 ἡ
969 3025 1167 3097 πρᾶξις
1197 3024 1517 3096 παρείπετο.
1559 3025 1669 3076 Καὶ
1702 3024 1770 3077 τὰ
1805 3023 1902 3092 μὲν

1999 656 2206 710 facilior
2230 665 2334 721 est,
2364 662 2547 722 utpote
2583 660 2706 707 tunc
2746 653 2814 707 ab
2840 651 3152 707 adversario
3188 649 3566 721 periculosiori

1998 749 2138 802 bello
2164 746 2421 816 impetitis
2462 745 2655 810 nobis;
2685 754 2738 799 et
2771 746 3141 815 resipiscentia
3184 744 3343 815 longe
3380 742 3572 797 difﬁci-

1999 837 2101 892 lior
2123 847 2228 900 est,
2254 838 2504 892 inchoata
2537 836 2647 906 jam
2681 838 2842 905 priori
2872 837 3239 892 hebdomada:
3271 847 3396 890 tunc
3430 850 3570 906 prte-

1999 928 2198 983 fectmn
2241 942 2546 993 accersens,
2597 927 2914 981 concordem
2970 927 3042 980 illi
3094 942 3158 981 ac
3202 927 3429 982 similem
3456 927 3571 981 im-

1932 1012 1940 1020 ’
1998 1021 2217 1089 pietate,
2252 1020 2303 1074 in
2340 1021 2453 1074 haec
2480 1020 2643 1073 verba
2670 1019 2935 1072 allocutus
2961 1027 3060 1072 est:

2071 1111 2163 1166 IX.
2213 1110 2505 1178 Quoniam,
2543 1108 2817 1177 praefecte,
2880 1110 3061 1163 multis
3116 1109 3390 1178 variisque
3441 1120 3571 1163 usus

1997 1202 2284 1265 machinis,
2352 1201 2787 1256 Christianorum
2859 1200 3173 1268 religionem
3233 1200 3572 1269 exstinguere

1998 1296 2412 1364 haudquaquam
2452 1293 2725 1362 potuimus
2757 1292 2946 1363 (hujus
2978 1307 3107 1347 vero
3140 1291 3216 1346 rei
3250 1305 3435 1345 curam
3463 1305 3570 1344 non

1998 1388 2320 1441 mediocrem
2363 1386 2561 1440 habere
2606 1401 2693 1441 me
2736 1383 3063 1453 profiteor),
3088 1382 3198 1450 jam
3242 1395 3395 1435 mens
3443 1378 3573 1433 mihi

1996 1493 2066 1533 ex
2099 1478 2206 1534 diis
2245 1478 2414 1533 subiit
2462 1477 2850 1546 pulcherrima,
2901 1476 3097 1545 cuique
3148 1474 3415 1530 obluctari
3465 1486 3573 1527 non

1998 1570 2179 1626 liceat.
2228 1570 2364 1637 Quia
2427 1568 2570 1621 enim
2621 1573 2941 1637 prmsentem
2996 1567 3136 1620 hanc
3177 1565 3575 1619 hebdomadam

1999 1662 2291 1719 Christiani
2345 1659 2457 1715 suis
2498 1658 2720 1729 jejuniis
2751 1660 2982 1727 primam
3027 1657 3142 1726 lege
3185 1664 3447 1711 assertam
3475 1669 3575 1709 vo-

1998 1754 2137 1819 lunt,
2174 1762 2337 1822 atque
2365 1753 2510 1808 omni
2540 1751 2720 1806 smdio
2767 1758 2962 1805 curant
3001 1748 3375 1803 intaminatam
3417 1761 3573 1816 pror-

2001 1862 2094 1902 sus
2127 1860 2246 1900 eam
2280 1859 2390 1915 prae
2420 1844 2633 1899 caeteris
2668 1843 2996 1913 ieiuniorum
3051 1842 3242 1896 diebus
3272 1838 3570 1902 observari,

1994 1938 2179 2007 jubeo,
2205 1944 2260 1992 ut
2286 1950 2617 2007 quaecunque
2650 1936 2716 1989 ad
2744 1936 2921 1989 cibum
2960 1942 3256 2003 potumque
3295 1932 3488 1985 ilionea
3519 1930 3574 1983 in

1999 2029 2116 2084 foro
2144 2028 2466 2082 mercatorio
2496 2027 2771 2096 proposita
2799 2033 2945 2089 sunt,
2969 2025 3380 2085 contrahantur,
3412 2021 3574 2075 nihil-

1999 2136 2103 2191 que
2133 2120 2275 2175 aliud
2330 2120 2382 2174 in
2431 2118 2548 2175 foro
2581 2120 2697 2188 ipso
2726 2127 3076 2189 proponatur,
3110 2130 3271 2185 quam
3299 2114 3443 2183 quod
3476 2128 3575 2183 ego

2002 2218 2097 2272 tibi
2127 2231 2409 2271 vescorum
2440 2214 2736 2278 tradidero,
2764 2212 3029 2283 sanguine
3067 2208 3457 2265 sacriliciorum
3493 2208 3575 2260 in-

2003 2312 2251 2361 tinctum.
2276 2306 2420 2360 Fieri
2448 2306 2595 2359 enim
2628 2318 2854 2359 necesse
2887 2312 2992 2368 est,
3029 2302 3075 2356 si
3103 2301 3245 2355 istud
3277 2299 3578 2368 contingat,

1999 2396 2085 2451 vel
2117 2407 2174 2449 ut
2210 2409 2402 2451 omnes
2435 2405 2681 2449 ementes
2718 2394 3030 2456 comedant,
3070 2392 3335 2461 nobisque
3364 2391 3575 2445 obtem-

2001 2497 2209 2558 perent,
2258 2496 2514 2557 tanquam
2558 2487 2647 2555 qui
2688 2486 2973 2555 :sacrilicia
3050 2483 3275 2538 deorum
3325 2492 3581 2552 gustave-

2002 2579 2143 2643 rint;
2169 2590 2261 2633 aut
2290 2577 2432 2631 fame
2462 2577 2729 2630 intereant
2757 2577 2941 2645 agnito
2962 2574 3209 2639 consilio,
3236 2588 3345 2627 non
3373 2570 3580 2626 haben-

2001 2677 2082 2724 tes
2109 2669 2251 2723 unde
2280 2669 2472 2723 inediae
2495 2668 2734 2723 subsidia
2764 2679 3083 2736 comparare
3110 2672 3331 2735 queant.

2076 2758 2140 2813 Χ.
2179 2760 2302 2815 llaec
2355 2761 2445 2814 ubi
2492 2758 2559 2813 ab
2598 2758 2922 2829 impiissimo
2972 2771 3067 2813 ore
3119 2756 3262 2809 illius
3292 2751 3581 2824 praefectus

2004 2854 2287 2917 inamlivit,
2325 2855 2528 2908 dixisse
2557 2853 2730 2906 fertur
2758 2866 2772 2903 :
2817 2851 2969 2905 Nunc
3012 2850 3245 2919 cognovi,
3273 2848 3410 2919 quod
3439 2862 3583 2899 rere-

2005 2963 2065 3001 ra
2095 2964 2185 3000 cor
2219 2948 2354 3015 regis
2385 2948 2439 2999 in
2472 2962 2631 2998 manu
2656 2946 2875 2997 deorum
2903 2954 3002 3005 est,
3036 2943 3276 3011 nihilque
3307 2954 3472 2994 morte
3499 2939 3582 2991 in-

2006 3045 2085 3090 ter
2108 3046 2431 3105 praeceptum
2462 3045 2514 3090 et
2544 3035 2618 3088 rei
2644 3034 3051 3100 implementum
3086 3032 3414 3085 intercessit.
3447 3026 3581 3093 Quae

323 3126 389 3193 τῇ
418 3121 593 3193 ἀγορᾷ
631 3119 1081 3191 προϐεϐλημένα,
1129 3117 1311 3171 οἶκαδε
1359 3114 1706 3170 ἀπετίθεντο·
1747 3114 1816 3169 τὰ
1848 3114 1903 3168 δὲ

2010 3129 2171 3197 igitur
2209 3128 2261 3181 iu
2299 3127 2415 3181 foro
2453 3125 2564 3195 jam
2596 3127 2838 3194 exposita
2881 3122 3115 3189 fuerant,
3145 3122 3286 3176 domi
3316 3120 3582 3175 reconde-

325 3211 415 3266 τοῦ
447 3210 707 3283 βασιλέως
740 3208 1123 3280 μεμιασμένα,
1158 3210 1225 3277 τῇ
1266 3208 1442 3277 ἁγορᾷ
1479 3207 1898 3277 προεϐέϐληντο.

2010 3221 2209 3273 bantur
2257 3220 2636 3274 :attaminatae
2683 3231 2812 3271 vero
2866 3216 3206 3285 imperatoris
3262 3229 3475 3269 merces
3526 3212 3584 3267 in

325 3306 391 3360 Τί
436 3302 529 3359 οὖν
571 3306 599 3357 ὁ
644 3302 853 3363 πλάσας
885 3301 1031 3369 ἡμᾶς
1064 3297 1226 3363 Θεόςς
1259 3292 1369 3367 ἆρα
1409 3295 1659 3363 παρεῖδεν
1692 3294 1724 3363 ἦ
1762 3311 1903 3364 παρ-

2012 3312 2128 3365 foro
2172 3314 2507 3378 prostabaut.
2553 3310 2691 3376 Quid
2735 3325 2862 3381 ergo
2906 3309 3157 3363 conditor
3189 3318 3375 3362 noster
3407 3305 3590 3362 Deus?

325 3396 620 3464 εϐλέψατο;
663 3389 943 3459 Οὐδαμῶς.
986 3387 1123 3441 Ἀλλ’
1152 3388 1268 3457 ἆμα
1294 3386 1372 3455 τῷ
1410 3384 1566 3455 δεινῷ
1597 3383 1770 3453 τούτῳ
1812 3385 1903 3437 καὶ

2008 3401 2275 3455 Numnam
2321 3401 2565 3469 despexit
2606 3411 2696 3453 aut
2744 3401 3017 3469 neglexit?
3051 3401 3271 3455 Minime
3299 3415 3449 3456 vero.
3481 3399 3587 3453 Sed

326 3483 694 3557 χαλεπωτάτῳ
724 3480 921 3552 ὲνὲδρῳ
948 3496 1007 3532 τε
1047 3478 1143 3533 καὶ
1193 3475 1517 3549 βουλεύματι
1578 3474 1678 3543 τὴν
1727 3490 1903 3544 σωτηο

328 3578 449 3649 ρίαν
475 3573 819 3645 ὲτεχνάσατο.

400 3770 503 3824 IA'.
534 3768 637 3821 Τὸν
664 3766 773 3837 γὰρ
799 3762 1101 3836 τηνικαῦτα
1130 3760 1395 3834 ἀρχιερέα
1422 3759 1515 3814 καὶ
1545 3757 1908 3830 ἀρχιποίμενα

326 3862 437 3917 τῶν
469 3858 825 3932 Χριστιανῶν,
857 3856 1013 3928 δῆλον
1052 3854 1112 3907 τὸ
1153 3852 1309 3907 ἄθεον
1357 3850 1624 3921 πεποίηκε
1662 3850 1910 3922 ῥᾳδιούρ-

332 3968 522 4025 γημα·
562 3951 653 4004 τὸν
703 3948 813 4020 γὰρ
866 3946 1328 4018 μεγαλομάρτυρα
1371 3943 1664 4012 Θεόδωρον,
1711 3941 1801 3995 τὸν
1834 3941 1910 4005 ὡς

333 4045 549 4117 ἀληθῶς
576 4042 712 4095 Θεοῦ
746 4040 937 4112 δῶρον,
970 4040 1063 4092 ἐπὶ
1092 4035 1337 4107 σωτηρίᾳ
1361 4034 1462 4104 τῆς
1493 4036 1526 4104 ἡ
1537 4033 1652 4104 μῶν
1678 4032 1912 4097 πίστεως

2009 3494 2096 3547 ubi
2133 3493 2314 3547 tristes
2341 3493 2475 3545 adeo
2506 3500 2667 3561 atque
2699 3491 2947 3545 crudeles
2980 3492 3189 3544 insidiae
3219 3498 3440 3544 structae
3463 3500 3590 3544 sunt

2006 3586 2311 3652 initumque
2345 3583 2654 3647 consilium,
2693 3581 3046 3651 procuranda:
3089 3582 3254 3636 etiam
3285 3580 3400 3635 suis
3442 3580 3589 3634 salu-

2011 3677 2081 3730 tis
2108 3675 2344 3728 medium
2379 3672 2605 3727 invenit.

2082 3766 2173 3821 XI.
2208 3766 2354 3820 Adeo
2377 3766 2520 3818 enim
2557 3764 2779 3833 impiam
2810 3762 3084 3818 vafritiem
3114 3761 3457 3818 manifestam
3503 3760 3586 3817 fe-

2010 3861 2084 3916 cit
2115 3860 2265 3912 illius
2300 3858 2475 3912 artatis
2504 3856 2741 3925 pontilici
2769 3870 2832 3909 ac
2860 3855 3122 3923 primario
3155 3853 3585 3910 Christianorum

2013 3950 2239 4021 pastori.
2280 3948 2529 4017 Magnum
2574 3949 2720 4002 enim
2768 3957 3061 4018 martyrem
3104 3946 3465 4012 Theodorum,
3495 3946 3586 4000 Dei

2016 4058 2205 4097 revera
2239 4043 2440 4096 donum
2471 4039 2584 4110 (l0)
2611 4055 2707 4105 pro
2750 4039 3164 4093 conservatione
3220 4036 3341 4090 fidei
3389 4048 3589 4091 nostra

328 4134 664 4206 δωρηθέντα,
690 4130 764 4194 ὡς
801 4130 859 4182 ὲν
886 4127 1123 4198 ὁράματι
1154 4122 1332 4193 τούτῳ
1357 4121 1767 4186 ἐξαποστείλας.
1801 4122 1903 4175 Καὶ

2016 4135 2294 4198 donatum,
2330 4134 2477 4186 velut
2522 4148 2617 4201 per
2649 4131 2921 4185 somnium
2954 4131 3020 4184 ad
3052 4129 3197 4184 illum
3234 4130 3401 4185 misit.
3439 4128 3592 4183 Chri-

332 4227 396 4297 δὴ
425 4228 454 4279 ὁ
485 4223 575 4278 τοῦ
608 4217 841 4294 Χριστοῦ
874 4218 1083 4289 μάρτυς
1102 4257 1116 4281 ,
1147 4214 1225 4285 τῷ
1249 4215 1560 4286 πατριάρχῃ
1591 4213 1902 4282 ἐφίσταται,

2014 4228 2084 4282 sti
2116 4225 2356 4295 profecto
2385 4235 2591 4295 martyr
2615 4222 2861 4293 pontifici
2906 4223 3102 4287 astitit,
3138 4222 3285 4276 visus
3326 4235 3415 4276 res
3450 4220 3593 4290 ipsa-

335 4314 514 4385 ῦπαρ,
543 4312 643 4365 οὐκ
671 4309 804 4380 ὄναρ
832 4306 1171 4377 φαινόμενος,
1187 4304 1282 4357 καὶ
1308 4303 1445 4376 πρὸς
1471 4303 1659 4369 αὐτὸν,
1692 4302 1781 4356 ἵνα
1805 4302 1903 4356 τῶι

2017 4326 2147 4385 met,
2176 4332 2281 4371 non
2309 4318 2579 4371 somnium
2613 4333 2624 4368 :
2649 4314 2714 4367 ad
2735 4327 2988 4383 cumque,
3015 4321 3276 4369 utsaucta
3296 4312 3413 4381 ejus
3439 4327 3592 4366 com-

337 4407 504 4476 ἁγίων
546 4401 712 4458 αὐτοῦ
752 4397 1073 4471 ἐπιμνησθῶ
1110 4396 1393 4468 ῥημάτων,
1444 4395 1537 4447 ἐπὶ
1579 4394 1785 4461 λέξεως
1812 4387 1903 4447 ὧδε

2018 4423 2310 4465 memorem
2342 4408 2509 4470 dicta,
2537 4406 2588 4459 in
2622 4405 2734 4459 haec
2762 4406 2922 4457 verba
2949 4404 3156 4457 locutus
3184 4412 3267 4458 est
3294 4423 3305 4458 :
3335 4402 3591 4470 Surgam,

335 4500 599 4571 προσεῖπε
621 4494 700 4565 τῷ
719 4491 1094 4565 ἀρχιποίμενι·
1132 4488 1426 4569 Ἀναστὰς
1447 4487 1510 4540 τὸ
1534 4486 1639 4540 τοῦ
1660 4485 1903 4555 Χριστοί

2018 4519 2140 4572 coge
2166 4500 2361 4556 Christi
2397 4514 2623 4570 gregum,
2661 4498 2904 4551 omnibus
2948 4497 3224 4566 diligenter
3251 4495 3480 4557 inculca,
3538 4503 3594 4546 ut

335 4590 640 4659 συνάγαγε
677 4585 976 4655 ποίμνιον,
1015 4581 1112 4635 καὶ
1140 4578 1331 4634 πᾶσιν
1362 4578 1618 4647 ἀκριϐῶς
1647 4578 1903 4647 ἑξασμά-

2019 4595 2148 4649 nihil
2190 4609 2406 4664 prorsus
2453 4602 2627 4644 emant
2673 4605 2872 4650 eorum,
2930 4603 3046 4656 qua:
3093 4588 3146 4640 in
3189 4586 3305 4656 foro
3328 4585 3596 4654 proposita

335 4688 537 4745 λίσαι,
583 4674 993 4749 μηδοπωσοῦν
1017 4674 1085 4726 ἐκ
1119 4670 1239 4725 τῶν
1271 4671 1341 4725 ἐν
1377 4669 1452 4738 τῇ
1490 4667 1675 4738 ἀγορᾷ
1702 4671 1911 4738 προϐε-

339 4772 650 4843 ϐλημένων
671 4766 1001 4837 βρωμάτων
1042 4764 1080 4833 ἢ
1121 4761 1401 4831 πομάτων
1431 4761 1803 4829 ὠνήσασθαι.
1846 4761 1911 4812 '0

339 4868 450 4935 γὰρ
469 4859 954 4923 δυσσεϐέστατος
994 4851 1327 4918 Ἰουλιανὸς
1347 4849 1427 4915 τῷ
1448 4849 1637 4919 μιαρῷ
1659 4848 1771 4917 τῆς
1797 4847 1913 4902 τῶν

340 4958 599 5011 εἰδώλων
622 4953 837 5019 θυσίας
861 4952 1061 5020 αἵματι
1091 4947 1326 5003 ἅπαντα
1351 4942 1726 5013 κατεμίανεν.
1770 4942 1827 4994 '0
1856 4940 1913 4993 δέ

340 5066 404 5119 γε
432 5049 719 5119 ἀρχιερεὺς
748 5044 826 5114 τῷ
860 5043 999 5113 ἁγίῳ
1032 5037 1410 5108 άντεφὼνησεν
1431 5052 1443 5064 ο
1478 5032 1590 5089 Καὶ
1622 5032 1748 5098 πῶς
1777 5033 1912 5100 ἄρα,

339 5135 389 5194 ὦ
418 5138 582 5207 κύριέ
614 5155 754 5206 μου,
783 5135 1045 5189 δυνατὸν
1079 5131 1250 5186 τοῦτο
1278 5126 1558 5197 γενέσθαι
1582 5140 1599 5188 ;
1639 5124 1768 5189 Τυῖς
1788 5123 1907 5193 μὲν

344 5229 456 5301 γὰρ
502 5225 866 5294 εὐποροῦσιν
904 5225 1052 5290 ισως
1094 5218 1375 5283 δυνατὸν,
1438 5215 1922 5284 προαποκείμενα

343 5326 555 5393 έχουσι
596 5319 670 5371 τὰ
716 5316 867 5383 πρὸς
916 5314 1125 5382 χρείαν
1178 5311 1377 5377 αὐτοῖς
1426 5308 1746 5375 ἐπιτήδεια·
1796 5307 1920 5373 τοῖς

344 5417 564 5482 πένησι
592 5412 680 5477 δὲ,
728 5408 825 5462 καὶ
856 5405 1011 5475 μηδὲ
1061 5404 1210 5471 πρὸς
1248 5404 1396 5471 μίαν
1426 5401 1657 5470 ἡμέραν
1693 5398 1920 5467 τροφῆς

342 5504 691 5572 εὐποροῦσι,
724 5500 782 5552 τί
805 5496 913 5564 τῆς
941 5494 1174 5559 ἐνδείας
1219 5493 1337 5547 τῶν
1366 5492 1705 5559 ἀναγκαίων
1734 5506 1920 5558 παρα-

341 5597 523 5665 μυθία
568 5590 925 5662 rer-120nm;
965 5588 1022 5640 Ὀ
1055 5586 1112 5637 δὲ
1143 5585 1349 5655 μάρτυς
1399 5582 1534 5653 ἔφη·
1568 5583 1766 5635 Κόλὸα
1809 5584 1919 5634 αὐ..

345 5688 469 5753 τοῖς
512 5680 996 5751 παρασχόμενος,
1040 5676 1151 5745 τὴν
1193 5672 1434 5729 ἔνδειαν
1472 5672 1915 5741 παραμύθησαι.

416 5870 499 5941 (9)
527 5869 686 5926 Forte
713 5870 949 5939 λέγεται.

2017 4696 2138 4742 sunt
2168 4702 2316 4739 vesra
2341 4692 2432 4738 aut
2463 4682 2762 4752 poculenta.
2791 4679 3148 4747 lmpiissimus
3181 4680 3317 4732 enim
3340 4677 3597 4731 Julianus

2020 4783 2378 4837 contaminato
2428 4778 2689 4831 idolorum
2746 4774 2999 4841 sacriﬁcii
3054 4772 3308 4841 sanguine
3358 4770 3599 4823 uniuersa

2019 4871 2440 4927 commarulavit.
2484 4871 2554 4922 At
2580 4882 2707 4921 vero
2749 4865 2990 4935 pontifex
3032 4864 3151 4916 viro
3194 4869 3383 4915 sancto
3415 4875 3598 4928 reges-

2020 4966 2131 5020 sit:
2169 4963 2463 5029 Quomodo,
2508 4961 2716 5013 domine
2765 4958 2857 5020 mi,
2893 4956 3009 5023 ﬁeri
3051 4956 3147 5007 hoc
3202 4953 3413 5021 potest?
3442 4949 3597 5016 Esto,

2020 5057 2263 5128 possibile
2286 5056 2442 5122 fuerit
2473 5054 2538 5105 iis
2565 5052 2653 5121 qui
2676 5066 2808 5119 penu
2835 5048 3130 5109 abundant,
3166 5045 3352 5115 quippe
3372 5043 3463 5113 qui
3476 5042 3598 5111 jam

2022 5151 2164 5204 domi
2195 5147 2421 5217 reposita
2461 5152 2666 5197 servent
2704 5156 2822 5210 quae
2859 5141 2984 5208 ipsis
3021 5139 3090 5192 ad
3122 5153 3247 5190 usus
3280 5146 3399 5189 sunt
3429 5149 3602 5187 neces-

2022 5242 2187 5297 saria.
2226 5241 2291 5291 At
2321 5235 2679 5305 pauperculis,
2711 5233 2897 5302 quibus
2937 5248 3000 5284 ne
3043 5231 3200 5283 unius
3251 5227 3463 5298 quidem
3491 5224 3597 5277 diei

2024 5344 2273 5398 alimonia
2298 5339 2551 5408 suppetit,
2599 5336 2757 5409 quale
2782 5337 2878 5389 erit
2908 5333 3135 5402 defectui
3179 5330 3598 5384 necessariorum

2024 5444 2300 5502 solamen?
2344 5442 2547 5511 Martyr
2582 5454 2709 5493 vero
2754 5435 2935 5491 dixit:
2969 5431 3140 5486 Kolba
3185 5431 3311 5497 ipsis
3354 5427 3599 5496 suppedi-

2027 5568 2167 5620 tans,
2203 5554 2429 5607 inediam
2467 5551 2661 5604 solare.
2704 5546 2766 5600 Et
2808 5541 3051 5615 pontifex
3102 5558 3113 5593 :
3169 5537 3434 5603 Quidnam
3476 5545 3597 5589 sunt

2026 5664 2377 5731 Ita'c2ignoro
2404 5661 2540 5714 enim
2575 5672 2759 5711 nomen
2787 5650 3117 5721 ijusmodi,
3151 5654 3341 5704 sancto
3375 5658 3597 5719 respon-

2101 5856 2209 5925 (10)
2250 5854 2586 5914 Theodorus,
2628 5847 2728 5903 Dei
2756 5847 2972 5901 danunt.
