4118 6430
556 347 691 406 1831
1033 399 1039 408 .
1723 352 2124 415 NECTAIIIUS

2248 357 2481 417 LCHIEP.
2520 357 2625 417 (ΞΡ.
3677 362 3825 421 £85!

555 466 657 522 dit.
687 463 752 518 Et
785 469 993 535 martyr
1051 462 1120 537 (ο
1149 471 1407 521 constans
1439 465 1557 536 ejus
1584 479 1648 521 ac
1679 465 1945 525 fervidum
1977 472 2129 526 auxi-

2248 474 2304 528 Ὀ
2347 475 2403 528 δὲ
2447 474 2794 546 πατριάρχης
2817 490 2832 504 '
2862 475 2972 529 Καί
3003 473 3061 529 τί
3092 471 3170 529 ἂν
3197 473 3293 542 εἵη
3329 471 3556 537 cauta;
3595 476 3825 546 Ἀγνοῶ

555 557 744 627 lium!)
784 556 1062 626 respondit
1090 576 1105 611 :
1136 555 1483 612 Frumentum
1517 576 1776 629 eaqueus,
1812 564 1909 626 ait,
1955 565 2011 618 in
2054 566 2130 619 ci-

2248 567 2342 635 Γὰρ
2376 566 2492 636 τὴν
2523 566 2771 636 κλῆσιν,
2804 567 2882 636 τῷ
2910 565 3049 637 άγίῳ
3082 566 3400 637 άντέφησεν.
3472 565 3532 618 '0
3575 564 3632 616 δὲ
3681 566 3826 638 μάρ-

557 653 678 705 bum
712 652 838 720 ipsis
870 651 1143 703 distribue.
1185 649 1300 704 Hoc
1343 651 1479 704 enim
1515 653 1791 706 vernacula
1839 652 2131 708 Eucltaita-

2248 675 2326 721 :uc
2360 657 2427 727 (ὣ
2452 659 2549 729 τῆς
2592 659 2830 729 ἐμμόνου
2865 657 3028 712 αὑτοῦ
3059 656 3154 711 καὶ
3184 656 3390 729 θερμῆς
3420 656 3758 728 ἀντιλήψεως
3779 659 3824 728 ί)

554 760 669 796 rum
727 742 904 811 lingua
945 739 1138 795 Kolbia
1186 742 1358 795 dicere
1400 745 1783 798 consuevimus.
1819 743 1936 798 Hoc
1965 747 2130 815 igitur

2248 748 2588 818 tmxpivam'
2649 747 2825 801 Σῖτον
2877 747 3150 816 ἑψήσας,
3208 747 3393 816 φησὶν,
3448 748 3536 812 είς
3576 743 3825 813 ,ϐρῶσιν

556 836 711 886 modo
748 834 970 901 faciens,
1011 832 1209 887 Christi
1238 849 1439 902 gregem
1473 833 1697 888 iflwsum
1727 836 2127 890 inluminatum-

2248 839 2466 903 τούτοις
2515 837 2774 907 διάνεμε.
2830 836 3054 891 Τοῦτον
3104 837 3216 906 γὰρ
3263 834 3339 904 τῇ
3387 836 3652 905 ἐγχωρίῳ
3702 833 3826 888 τῶν

555 941 654 994 que
685 925 904 976 custodi.
947 924 1014 976 At
1044 924 1284 992 quisnam
1331 940 1384 977 es
1408 933 1483 987 tu,
1511 925 1740 990 domine,
1773 927 1849 979 ait
1882 929 2126 994 pontifex

2248 927 2542 996 Εὐχαττῶν
2601 928 2891 992 διαλέκτῳ
2967 930 3178 982 κόλϐια
3233 928 3437 998 λέγειν
3511 927 3820 995 εἰώθαμεν.

559 1017 818 1084 martyri,
853 1017 942 1083 qui
983 1017 1114 1068 adeo
1148 1016 1563 1070 misericorditer
1593 1027 1639 1071 et
1689 1018 1902 1088 benigne
1941 1019 2129 1074 salutis

2248 1019 2432 1084 ἱλῦτως
2464 1018 2576 1073 οὖν
2601 1018 2887 1086 ποιήσας,
2921 1019 2989 1073 τὸ
3019 1019 3125 1074 τοῦ
3147 1019 3404 1087 Χριστοῦ
3433 1018 3693 1083 ἀϐλαϐὲς
3720 1016 3826 1072 καὶ

560 1117 751 1158 nostra:
768 1122 946 1158 curam
972 1107 1108 1174 geris
1129 1107 1152 1160 3
1173 1110 1284 1176 Ego
1309 1124 1445 1172 sum,
1474 1117 1692 1164 sanctus
1713 1109 1906 1179 inquit,
1933 1109 2132 1165 Christi

2248 1108 2537 1177 ἀμίαντον
2587 1109 2958 1177 διατήρησον
2999 1111 3296 1180 ποίμνιον.
3346 1109 3454 1163 Καὶ
3494 1109 3586 1174 τίς
3624 1105 3683 1162 εἷ
3713 1108 3819 1171 σὺ.

558 1208 756 1266 martyr
789 1196 1089 1251 Theodorus
1109 1239 1124 1265 ,
1154 1199 1244 1268 qui
1273 1198 1337 1252 ab
1365 1199 1456 1253 illo
1480 1200 1549 1252 ad
1580 1211 1801 1255 vestram
1828 1203 2134 1272 sospitatem

2248 1202 2434 1267 κύριε,
2490 1201 2520 1252 6
2560 1203 2907 1273 πατριάρχης
2959 1202 3064 1273 ἔφη
3112 1199 3188 1272 τῷ
3241 1199 3498 1272 μάρτυρι,
3547 1204 3580 1255 ὁ
3631 1201 3825 1266 οὓτως

559 1291 748 1342 missus
779 1306 914 1344 sum.

2248 1289 2676 1358 εὐσπλὰγχνως
2701 1290 2798 1343 καὶ
2826 1291 3167 1360 φιλαγάθως
3195 1289 3306 1358 τῆς
3331 1290 3502 1360 ἡμῶν
3522 1291 3826 1358 σωτηρίας

559 1384 1068 1452 ἐπιμελούμενοςς
1131 1386 1271 1457 Ἐγώ
1308 1389 1445 1457 ειμι,
1475 1390 1504 1441 6
1532 1389 1686 1457 ἅγιος
1717 1387 1940 1459 ἔφησεν,
1974 1387 2133 1442 στοῦ
2173 1383 2430 1452 Χριστοῦ
2454 1382 2686 1453 μάρτυς
2750 1383 3070 1452 Θεόδωρος,
3138 1386 3172 1438 ὁ
3199 1385 3349 1452 πρὸς
3385 1383 3572 1438 αὐτοῦ
3595 1385 3683 1449 είς
3708 1381 3826 1452 τὴν

558 1474 727 1544 ὑμῶν
754 1476 1124 1544 ἀποσταλείς
1148 1481 1470 1548 σωτηρίαν.

634 1565 746 1619 XII.
799 1568 936 1634 Quid
972 1570 1076 1624 hoc
1122 1571 1425 1626 mirabilius
1473 1572 1676 1626 factum
1722 1580 1807 1628 est
1855 1573 2131 1644 unquam?

2304 1585 2405 1642 IB'.
2435 1587 2501 1640 Ti
2528 1586 2714 1641 τούτου
2751 1586 3178 1663 παραδοξότερον
3208 1587 3496 1657 εἴργασταί
3528 1605 3689 1654 ποτε;
3729 1587 3824 1661 Τῷ

564 1654 718 1710 Jona:
751 1659 1027 1727 prophetae
1069 1659 1327 1716 Ninivitis
1353 1661 1521 1717 solam
1557 1664 1796 1719 civitatis
1824 1667 2134 1720 subversio—

564 1761 689 1801 nem
721 1750 970 1805 nuntiare
997 1753 1274 1821 praecepit.
1303 1753 1373 1807 At
1407 1765 1613 1826 martyr
1647 1753 1850 1810 Christi
1879 1756 2130 1811 Theodo-

561 1851 658 1890 rus
701 1836 940 1892 futuram
967 1842 1268 1894 animarum
1299 1842 1706 1898 subversionem
1735 1844 2024 1900 nuntiavit.
2059 1845 2126 1899 Et

561 1930 652 1985 ille
690 1933 909 2002 quidem
945 1934 1362 1989 subvertendam
1403 1944 1608 1990 tantum
1638 1937 1915 1991 civitatem
1950 1936 2134 2006 palam

562 2021 731 2087 feeit,
785 2024 872 2079 hic
907 2040 1035 2079 vero
1081 2036 1305 2098 martyr,
1354 2035 1410 2080 et
1461 2041 1680 2081 causam
1732 2038 1786 2080 et
1839 2027 2134 2082 remedium

562 2113 828 2166 evitanda:
859 2115 1226 2171 subversionis
1271 2117 1573 2172 animarum
1609 2125 1879 2172 tantarum
1907 2157 1923 2183 ,
1960 2133 2029 2174 ne
2063 2119 2140 2174 si-

564 2203 674 2256 mul
729 2204 1032 2258 idololatria
1093 2207 1421 2272 interirent,
1484 2209 1927 2266 manifestissime
1977 2210 2138 2266 nobis

563 2295 822 2349 ostendit.
889 2294 1102 2360 Quanto
1154 2298 1317 2367 igitur
1363 2298 1541 2353 anima
1593 2310 1814 2367 praestat
1871 2317 2131 2373 corpore,

565 2398 718 2442 tanto
757 2389 857 2444 hoc
911 2389 1167 2444 indicium
1200 2391 1289 2445 illo
1335 2402 1416 2446 est
1468 2391 1807 2462 mirabilius;
1844 2403 1900 2448 et
1934 2406 2140 2465 quanto

565 2480 844 2534 subversio
883 2483 1091 2535 animas
1137 2482 1458 2538 snbvertens
1480 2485 1839 2540 subversione
1865 2486 2134 2554 oppidum

565 2571 921 2626 subvertente
954 2574 1309 2629 miserabilior
1336 2584 1420 2630 est
1468 2594 1480 2629 :
1540 2586 1686 2631 tanto
1735 2576 1971 2630 arbitror
2007 2591 2141 2646 quo-

566 2674 695 2730 que,
726 2677 849 2716 eum
881 2665 970 2733 qui
995 2666 1062 2718 ab
1089 2665 1191 2719 ista
1222 2666 1440 2736 eripiat,
1473 2682 1537 2722 eo
1572 2668 1662 2737 qui
1695 2667 1841 2722 illam
1881 2683 2137 2737 przenuno

569 2754 685 2818 tiet,
723 2754 923 2808 auxilio
948 2754 1168 2810 ferendo
1195 2770 1316 2812 esse
1339 2757 1706 2828 benigniorem
1731 2759 2137 2814 sublimiorem-

566 2857 695 2912 que.
745 2841 858 2900 Nisi
908 2847 1045 2900 forte
1071 2857 1126 2901 et
1159 2848 1336 2902 minus
1371 2847 1592 2917 dignum
1638 2849 1912 2920 quidpiam
1963 2849 2125 2904 locuti

569 2939 764 3002 simus,
807 2949 927 2989 cum
961 2938 1220 3006 propheta
1249 2949 1540 3009 martyrem
1563 2940 1922 2995 conferentes.
1954 2937 2130 2993 Unius

569 3028 713 3083 enim
749 3028 1100 3097 ejusdemque
1145 3027 1348 3083 Christi
1398 3030 1490 3083 Dei
1538 3031 1753 3098 utrique
1786 3029 2041 3094 fuerunt,
2076 3039 2130 3084 et

571 3121 640 3174 ab
689 3120 804 3188 ipsn
833 3121 1097 3174 indultum
1125 3129 1210 3174 est
1236 3120 1343 3173 illis
1374 3120 1552 3173 facere
1583 3136 1700 3188 qua:
1731 3119 1995 3176 fecerunt.
2036 3121 2145 3176 No-

569 3220 684 3266 stra
715 3211 929 3267 interim
959 3211 1136 3266 oratio
1179 3226 1299 3280 qum
1319 3211 1432 3281 jam
1465 3212 1570 3267 dici
1605 3222 1783 3283 empta
1814 3224 1983 3284 sunt,
2016 3231 2145 3286 pro-

572 3311 848 3370 sequatur.

643 3395 780 3452 XIII.
825 3394 922 3451 Ubi
947 3410 1074 3466 ergo
1099 3396 1337 3466 pontifex
1359 3398 1432 3453 ita
1460 3398 1574 3454 hazc
1607 3399 1890 3464 intellexit,
1921 3409 2143 3470 stupore

572 3503 636 3544 ac
669 3489 863 3560 gaudio
912 3488 1103 3558 plenus
1137 3505 1454 3560 exsurgens,
1486 3500 1727 3546 actutum
1776 3491 1978 3548 Christi
2013 3494 2137 3563 ple-

574 3583 694 3636 bem
744 3581 1112 3646 coadunavit,
1167 3582 1562 3652 diligenterque
1599 3584 1850 3638 omnibus
1891 3585 2145 3652 exposuit

574 3675 772 3729 indicia
801 3673 1158 3744 protectionis
1211 3683 1268 3728 ct
1315 3673 1500 3728 auxilii
1547 3675 1821 3745 martyris.
1874 3673 1943 3730 Et
1967 3689 2149 3744 quem-

575 3766 864 3820 admodum
894 3766 995 3821 sibi
1045 3774 1374 3835 praeceptum
1428 3764 1604 3821 fuerat
1641 3765 1880 3831 faciens,
1917 3767 2144 3822 illazsum

573 3856 774 3911 Christi
821 3869 1038 3926 gregem
1077 3855 1438 3910 conservavit.
1476 3855 1667 3925 Elapsa
1718 3855 1900 3925 itaque
1941 3855 2147 3912 hebdo-

575 3949 753 4011 mada,
787 3948 878 4001 ubi
905 3947 1076 4001 sensit
1102 3945 1350 4002 Julianus
1379 3947 1597 4002 inutiles
1621 3961 1742 4002 esse
1775 3957 1936 4017 atque
1959 3951 2148 4006 Inanes

575 4039 659 4094 sui
692 4039 1003 4095 tentaminis
1033 4039 1283 4106 insidias,
1321 4055 1488 4111 seque
1523 4039 1810 4096 manifeste
1840 4051 1897 4096 et
1928 4043 2149 4100 omnino

575 4141 883 4202 superatum
907 4148 921 4185 :
949 4131 1216 4186 removeri
1245 4145 1276 4184 a
1305 4129 1428 4186 foro
1447 4129 1609 4200 jussit
1635 4145 1754 4199 qute
1778 4133 2148 4187 contaminata

573 4232 768 4291 erant,
815 4224 1151 4294 pr0ponique
1215 4223 1279 4278 de
1328 4237 1478 4278 more
1527 4223 1758 4278 venalia.
1815 4225 2149 4282 Adveniente

576 4313 838 4380 Sabbato,
875 4325 934 4370 ut
972 4315 1212 4370 didicere
1237 4313 1531 4371 Christiani
1573 4315 1831 4372 dissoluta
1871 4316 2035 4372 fuisse
2063 4317 2144 4371 fu-

576 4408 747 4462 rentis
786 4407 1023 4462 hominis
1063 4406 1520 4470 machinamenta,
1551 4407 1854 4462 encomium
1887 4422 1985 4476 pro
2031 4424 2150 4479 gra-

575 4494 772 4548 tiarum
812 4495 1024 4548 actione
1053 4493 1281 4563 insignis
1312 4495 1555 4549 victoriae
1603 4495 1826 4564 martyri
1863 4494 2147 4552 Theodoro

574 4587 934 4656 assignantes,
966 4586 1136 4640 hilare
1154 4587 1346 4641 festum
1371 4602 1436 4641 ac
1462 4586 1954 4654 Splendidissimum
1973 4589 2146 4644 eidem

575 4676 990 4731 celebraverunt
1013 4690 1029 4728 :
1055 4676 1186 4742 quin
1214 4684 1270 4730 et
1301 4673 1570 4729 frumenta
1593 4687 1890 4746 coquentes
1925 4691 1990 4730 ac
2016 4693 2148 4747 pau-

574 4767 795 4838 peribus
824 4765 1231 4833 distribuentes,
1269 4765 1587 4821 miraculum
1622 4765 2010 4825 incolumitatis
2036 4784 2148 4824 sua:

577 4861 832 4916 omnibus
859 4857 1206 4915 manifestum
1231 4858 1497 4914 fecerunt.
1531 4856 1894 4923 Quamobrem
1924 4859 2149 4930 singulis

576 4954 879 5024 quibusque
907 4953 1062 5008 annis
1084 4968 1149 5008 ex
1179 4967 1244 5008 eo
1275 4961 1514 5020 tempore
1547 4965 1716 5020 usque
1743 4952 1800 5006 in
1827 4952 2144 5008 hodiernam

577 5047 761 5110 diem,
812 5045 1129 5100 memoriam
1182 5043 1429 5098 miraculi
1490 5041 1828 5098 celeberrimi
1893 5042 2149 5114 martyris

580 5137 849 5193 Theodori
883 5137 1127 5191 ﬁdelibus
1154 5135 1241 5204 pie
1279 5134 1634 5205 religioseque
1671 5133 2010 5190 recolendam
2038 5144 2151 5188 tra-

581 5231 849 5285 diderunt.
888 5227 1001 5284 IIoc
1039 5236 1122 5283 est
1153 5226 1295 5296 quod
1320 5227 1460 5296 apud
1491 5240 1587 5281 nos
1612 5240 1755 5280 nunc
1787 5225 1978 5281 festive
2003 5225 2148 5280 cele-

579 5322 813 5378 bratur:
866 5319 1324 5374 ferventissimum
1377 5332 1569 5386 nempe
1612 5318 1752 5372 istud
1794 5317 2048 5388 martyris
2096 5317 2147 5369 in

579 5427 678 5466 nos
707 5411 958 5466 collatum
981 5409 1274 5480 juvaminis
1299 5407 1646 5474 beneficium,
1675 5408 2151 5478 impiissimarum-

583 5519 686 5574 quo
723 5503 1230 5558 eonsceleratissimi
1279 5503 1513 5558 hominis
1555 5501 1869 5555 insidiarum
1915 5501 2146 5555 eversio.

653 5594 792 5649 XIV.
835 5597 905 5648 At
942 5593 1086 5649 enim
1127 5595 1248 5662 quis
1301 5607 1427 5649 vere
1466 5602 1524 5648 ut
1575 5607 1674 5663 par
1728 5600 1808 5648 est
1849 5590 2145 5649 bonitatem

653 5725 763 5798 ll!)
802 5727 965 5798 forte
991 5727 1168 5783 τὸυ...
1201 5727 1480 5798 μηνύσειν.

655 5795 768 5864 (12)
802 5792 959 5865 Ἦτο,
989 5799 1068 5852 vel
1095 5792 1364 5865 ἐστὼ,’γει
1395 5799 1508 5850 ῐτω.

2238 1681 2490 1752 προφήτῃ
2533 1680 2706 1750 Ἰωνᾷ,
2737 1678 2815 1750 τῷ
2846 1683 2959 1742 τοῖς
3003 1679 3317 1742 Νινευῒταις
3358 1680 3453 1751 τὴν
3483 1682 3579 1752 τῆς
3613 1681 3824 1745 πόλεως

2237 1771 2620 1843 καταστροφὴν
2656 1769 2814 1841 μόνον
2845 1769 3097 1841 μηνύσων
3131 1769 3239 1840 (II)
3282 1770 3529 1822 ἐτέλλετο
3551 1787 3562 1800 ·
3611 1773 3640 1824 6
3664 1771 3721 1824 δέ
3755 1789 3821 1840 γε

2241 1866 2450 1936 μάρτυς
2469 1861 2703 1934 Χριστοῦ
2736 1860 3227 1932 Θεόδωρος,ψυχῶν
3263 1860 3645 1932 καταστροφὴν
3667 1878 3827 1931 γενη-

2241 1957 2472 2026 σομένην
2515 1954 2772 2024 ἐμήνυσε.
2809 1952 2920 2004 Καὶ
2971 1953 3000 2003 6
3051 1951 3149 2021 μὲν
3187 1951 3268 2003 δτι
3310 1952 3827 2022 καταστραφήσεται

2241 2047 2399 2120 μόνον
2423 2049 2456 2116 ή
2481 2044 2634 2108 πόλις
2660 2043 2959 2113 δεδήλωκεν
2981 2057 2996 2072 ·
3022 2043 3049 2094 6
3071 2041 3128 2094 δέ
3157 2058 3220 2109 γε
3256 2041 3468 2112 μάρτυς
3500 2042 3591 2093 καὶ
3607 2040 3704 2111 τήν
3738 2043 3828 2095 ai-

2237 2139 2359 2192 τίαν
2399 2138 2495 2190 καὶ
2537 2137 2635 2207 τὴν
2682 2134 2926 2206 ἰατρείαν
2963 2133 3058 2187 τοῦ
3104 2134 3179 2204 μὴ
3223 2133 3678 2204 καταπραφῆναι
3723 2134 3828 2196 τὰς

2238 2229 2503 2291 τοσαύτας
2528 2226 2727 2297 ψυχὰς,
2755 2226 2887 2297 μηδὲ
2903 2227 2968 2296 τῇ
2989 2224 3401 2295 είδωλολατρείᾳ
3423 2223 3826 2278 συναπολέσθαι

2243 2318 2426 2389 σαφῶς
2453 2320 2585 2389 ήμῖν
2625 2317 3014 2388 ἐκδεδήλωκεν.
3053 2319 3206 2386 ’Όσῳ
3237 2311 3331 2368 οὖν
3368 2315 3515 2386 ψυχὴ
3551 2315 3830 2388 διενήνοχε

2243 2412 2510 2483 σώματος,
2541 2409 2776 2480 τοσούτῳ
2819 2407 3002 2479 μεῖζον
3035 2407 3194 2462 τοῦτο
3219 2408 3429 2460 ἐκείνου
3469 2425 3529 2460 τε
3558 2410 3653 2462 καὶ
3707 2425 3821 2464 πα·

2246 2501 2618 2572 ραδοξότερον·
2659 2500 2754 2553 καὶ
2785 2501 2894 2570 ὅσῳ
2923 2501 2957 2570 ή
2998 2498 3177 2569 ψυχάς
3230 2499 3686 2572 καταστρέφουσα
3723 2519 3832 2555 και

2239 2594 2520 2666 ταστροφὴ
2566 2593 2663 2664 τὴν
2703 2593 2855 2646 πόλιν
2903 2591 3391 2666 καταστρεφούσης
3441 2595 3836 2666 καταστροφῆς

2242 2687 2594 2758 χαλεπωτέρα
2620 2729 2634 2752 ,
2661 2687 2910 2739 τοσοῦτον
2941 2681 3095 2756 οἶμαι
3129 2686 3224 2738 καὶ
3267 2686 3296 2737 6
3344 2683 3550 2755 ταύτης
3578 2684 3832 2756 ἐξαιρού-

2248 2797 2438 2849 μενος,
2474 2779 2566 2832 τοῦ
2599 2778 2815 2848 ἐκείνην
2865 2775 3315 2848 προμηνύσαντος
3336 2815 3350 2839 ,
3382 2779 3450 2846 τῇ
3487 2774 3705 2847 βοηθείᾳ
3735 2795 3827 2846 φιο

2245 2869 2686 2940 λανθρωπότερός
2731 2885 2791 2920 τε
2849 2868 2941 2920 καὶ
2990 2866 3353 2937 ὑψηλότερος,
3409 2867 3456 2917 εί
3498 2867 3571 2936 μή
3620 2883 3672 2918 τι
3721 2868 3825 2920 καὶ

2253 2958 2469 3021 ἀνάξιον
2501 2957 2729 3026 ἔφημεν,
2773 2956 2850 3025 τῷ
2883 2957 3138 3028 προφήτῃ
3171 2957 3260 3009 τὸν
3296 2955 3546 3026 μάρτυρα
3577 2956 3830 3024 παρισά-

2255 3051 2456 3114 ζοντες.
2499 3049 2647 3112 Ἐνὸς
2678 3047 2787 3119 γάρ
2813 3049 2908 3102 καὶ
2947 3047 3042 3100 τοῦ
3077 3047 3242 3102 αὑτοῦ
3283 3045 3522 3119 Χριστοῦ
3567 3045 3661 3099 τοῦ
3688 3046 3834 3099 Θεοῦ

2253 3142 2550 3213 ἀμφότεροι
2598 3139 3004 3210 καθεστήκασι,
3073 3139 3169 3192 καὶ
3227 3139 3357 3208 παρ’
3412 3135 3573 3190 αὑτοῦ
3650 3135 3828 3206 ἄμφω

2257 3232 2459 3306 πρᾶξαι
2493 3232 2527 3286 ἃ
2554 3230 2898 3303 πεπράκασιν
2935 3231 3345 3300 ἐπετράπησαν.
3408 3227 3597 3298 Ἠμῶν
3630 3226 3686 3280 δὲ
3715 3231 3838 3294 τοῖς

2255 3322 2644 3396 προρρηθεῖσιν
2669 3324 2697 3374 6
2723 3321 2878 3389 λόγος
2901 3320 3010 3372 είτο
3043 3318 3154 3390 (12)
3185 3318 3469 3389 ἑπόμενος.

2321 3417 2420 3470 ll".
2475 3415 2564 3478 Ὦς
2611 3409 2703 3468 οὖν
2752 3411 2896 3466 οὕτω
2939 3410 3111 3464 ταῦτα
3141 3412 3170 3464 6
3202 3410 3550 3483 πατριάρχης
3595 3411 3840 3481 ἀκήκοε.

2256 3508 2497 3580 θάμϐους
2518 3507 2614 3561 καὶ
2637 3507 2812 3577 χαρᾶς
2835 3503 3048 3575 πλήρης
3073 3501 3392 3568 ἐξαναστὰς,
3431 3502 3593 3566 εὐθὺς
3620 3501 3711 3554 τὸν
3734 3499 3838 3556 τοῦ

2255 3600 2492 3673 Χριστοῦ
2513 3599 2644 3654 λαὸν
2672 3598 3031 3667 συνηγάγετο,
3067 3597 3160 3650 καὶ
3197 3595 3265 3648 τά
3297 3596 3398 3666 τῆς
3428 3595 3522 3649 τοῦ
3559 3595 3839 3666 μάρτυρος

2257 3691 2577 3754 ἐπιστασίας
2620 3687 2714 3743 καὶ
2759 3686 3008 3759 βοηθείας
3052 3686 3346 3758 μηνύματα
3391 3685 3636 3756 ἀκριϐῶς
3663 3686 3840 3738 ἅπασι

2255 3783 2570 3855 διηγήσατο.
2619 3779 2730 3834 Καὶ
2772 3779 2848 3842 ὼς
2871 3778 3185 3832 διετέτακτο
3218 3777 3474 3848 ποιήσας,
3512 3775 3747 3837 ἀϐλαϐὲς
3777 3775 3842 3829 τὺ

2255 3874 2349 3929 τοῦ
2377 3872 2609 3945 Χριστοῦ
2640 3870 2954 3941 διεφύλαττε
2997 3869 3268 3940 ποίμνιον.
3305 3868 3416 3922 Καὶ
3442 3867 3506 3938 δὴ
3552 3866 3651 3937 τῆς
3682 3866 3839 3920 ἐϐδο-

2261 3965 2426 4037 μάδος
2472 3963 2850 4034 τελειουμένης
2875 4003 2890 4026 ,
2937 3963 3014 4025 ὼς
3055 3961 3117 4014 τὸ
3154 3959 3254 4030 τῆς
3285 3959 3532 4031 μηχανῆς
3559 3957 3839 4026 άνωφελές

2257 4059 2352 4111 καὶ
2390 4058 2685 4127 άνήκοοτον
2747 4054 2858 4125 (15)
2893 4055 2922 4106 6
2981 4050 3262 4116 Ἰουλιανὸς
3307 4049 3712 4121 κατεμάνθανεν
3749 4049 3839 4103 εν-

2257 4149 2433 4221 εδρον,
2470 4147 2718 4218 φανερῶς
2748 4163 2807 4198 τε
2837 4145 2930 4199 καὶ
2962 4145 3322 4218 κατακράτως
3359 4141 3612 4213 ἡττηθεὶς
3631 4180 3646 4203 ,
3672 4141 3836 4212 ἐξῆρε

2183 4270 2227 4326 D
2262 4239 2361 4309 μὲν
2393 4239 2492 4306 τῆς
2521 4237 2725 4307 ἀγορᾶς
2762 4234 2829 4287 τά
2873 4232 3251 4326 μεμιασμένοι,
3273 4228 3649 4326 προϐληθῇρναι
3672 4226 3731 4279 δὲ
3763 4225 3836 4279 τά

2255 4329 2319 4379 ἐκ
2347 4325 2630 4394 συνηθείας
2668 4322 3021 4395 προσέταξεν.
3057 4321 3168 4375 Καὶ
3205 4319 3270 4390 δὴ
3302 4318 3396 4372 τοῦ
3427 4316 3705 4370 Σαϐϐάτου
3734 4330 3834 4368 soa-

2251 4416 2597 4480 ταλαϐόντος,
2636 4415 2712 4479 ὡς
2755 4413 2821 4468 τὰ
2861 4413 2962 4483 τῆς
3008 4411 3254 4482 μηχανῆς
3292 4409 3388 4464 τοῦ
3403 4407 3750 4480 ⁴μαινομένου
3777 4406 3827 4458 οι

2252 4508 2576 4579 Χριστιανοὶ
2594 4503 2913 4558 διαλυθέντα
2934 4501 3212 4573 διέμαθον,
3231 4499 3525 4570 εὐχαριστή
3535 4515 3645 4568 ριον
3662 4495 3691 4548 ῦ
3700 4510 3831 4566 μνον

2251 4599 2331 4670 τῷ
2379 4596 2674 4668 καλλινίκῳ
2731 4596 2970 4667 μάρτυρι
3041 4591 3302 4664 Θεοδώρῳ
3352 4589 3825 4662 προστησάμενοι,

2255 4689 2446 4761 ἑορτὴν
2490 4688 2722 4759 φαιδράν
2769 4704 2830 4740 τε
2861 4687 2954 4740 καὶ
2987 4684 3380 4757 ὑπέρλαμπρον
3406 4682 3579 4751 τούτῳ
3618 4682 3830 4733 ἐκτετε-

2253 4781 2446 4835 λέκασι
2465 4798 2480 4816 ο
2511 4779 2655 4834 σῖτόν
2675 4796 2731 4832 τε
2755 4777 3077 4848 ἐψήσαντες,
3103 4777 3196 4830 καὶ
3217 4775 3409 4845 πένησι
3433 4772 3825 4842 διανείμαντες,

2254 4871 2323 4924 τὰ
2375 4871 2474 4940 τῆς
2523 4868 2796 4939 σωτηρίας
2842 4867 3023 4921 αὐτῶν
3071 4865 3204 4935 δῆλα
3252 4866 3386 4916 πᾶσι
3435 4863 3824 4932 πεποιήκασιν.

2257 4960 2417 5014 Ὅθεν
2457 4959 2672 5029 ἑκάστῳ
2689 4959 2864 5029 χρόνῳ
2893 4958 3077 5010 ἔκτοτε
3129 4955 3287 5025 μέχρι
3314 4953 3413 5023 τῆς
3443 4953 3706 5023 σήμερον,
3733 4949 3827 5018 τὴν

2250 5049 2346 5102 τοῦ
2377 5048 2654 5119 θαύματος
2677 5048 2769 5101 τοῦ
2801 5047 3045 5116 ἀοιδίμου
3076 5044 3353 5115 μάρτυρος
3382 5041 3662 5113 Θεοδώρου
3697 5041 3831 5113 μνή-

2257 5156 2366 5210 μην
2415 5142 2526 5202 τοῖς
2566 5141 2777 5199 πιστοῖς
2829 5137 3069 5189 ἐκτελεῖν
3117 5134 3574 5188 καταλελοίπασιν
3610 5133 3830 5186 εὐσεσέο

2255 5248 2442 5284 στατα.
2478 5231 2647 5283 Τοῦτό
2674 5231 2790 5282 ἐστι
2829 5231 2890 5282 τὸ
2936 5227 3063 5300 παρ’
3092 5229 3249 5299 ήμῶν
3278 5228 3372 5282 νῦν
3406 5225 3729 5296 τελούμενόν
3771 5243 3828 5278 τε

2254 5321 2349 5374 καὶ
2375 5319 2783 5390 ἐορταζὸμενον,
2826 5320 2860 5390 ή
2888 5317 3112 5389 τοιαύτη
3142 5317 3235 5371 τοῦ
3263 5318 3539 5388 μάρτυρος
3570 5318 3652 5379 είς
3677 5318 3828 5386 ἡμεῖς

2259 5411 2524 5480 γενομένη
2562 5409 2869 5482 θερμοτάτη
2901 5410 3202 5479 ἀντίληψις,
3228 5408 3321 5461 καὶ
3345 5408 3440 5477 τῆς
3467 5405 3829 5460 δυσσεϐεστὰν-

2259 5518 2359 5572 της
2388 5500 2480 5553 τοῦ
2517 5501 2808 5564 δυσσεϐοῦς
2833 5502 3120 5571 ἐπιϐουλῆς
3147 5499 3483 5568 ἐξαφάνισις.

2327 5594 2426 5647 1Δ’.
2478 5591 2638 5646 Ἀλλὰ
2692 5593 2772 5657 τίς
2821 5593 2898 5656 ὡς
2947 5592 3161 5667 άληθῶς
3207 5592 3328 5647 κατ’
3372 5589 3528 5656 ἀξίαν
3580 5588 3682 5662 τὴν
3739 5581 3829 5636 τοῦ

2332 5726 2441 5799 (I5)
2478 5726 2636 5785 Forte
2663 5727 2940 5798 ἀνόνητον.
