4118 6480
380 478 519 535 ὶὲὅῗ)

1476 464 1566 521 DE
1604 463 1826 522 FESTO
1868 463 1925 518 S.
1967 460 2338 524 THEODORI,
2384 458 2536 515 ETC.

3503 455 3523 510 I
3537 456 3639 512 534

377 592 513 647 Θεοῦ
559 588 714 660 ἡμῶν
763 585 1113 656 ἐξυμνήσειεν
1160 581 1489 650 ἀγαῡότητα,
1521 582 1580 644 ὃς
1626 583 1691 635 ἐκ
1740 581 1834 635 τοῦ
1869 582 1966 650 φά-

2078 580 2161 634 Dei
2196 580 2365 634 nostri
2402 575 2882 640 commendaverit,
2926 575 3015 644 qui
3057 575 3122 630 de
3156 574 3405 629 faucibus
3441 568 3638 628 tliaboii

376 700 579 757 ρυγγος
612 680 706 732 τοῦ
740 677 986 732 διαϐόλου
1032 677 1158 738 τοὺς
1186 675 1307 727 τότε
1360 676 1499 744 ῥοπῇ
1546 676 1642 744 μιῇ
1692 673 1958 738 ἐξέσπασε

378 778 443 846 τῇ
474 770 828 842 λαμπροτάτῃ
855 766 1139 836 ὲπιστασίῃ
1174 764 1265 817 τοῦ
1297 762 1498 817 σεπτοῦ
1544 762 1709 817 αὑτοῦ
1753 762 1960 833 μάρτυ-

378 883 469 938 ρος
494 862 792 932 Θεοδώρου,
822 861 916 913 καὶ
943 859 1036 911 νῦν
1061 858 1116 910 δὲ
1144 858 1290 928 ἡμᾶς
1321 856 1439 908 καθ’
1463 856 1700 925 ἑκάστην
1731 856 1834 907 ὑπὸ
1862 856 1961 926 τῆς

377 956 553 1017 οἰκίας
594 954 703 1024 (14)
757 950 1083 1022 ἁπροσεξίας
1121 948 1199 1018 τῷ
1233 948 1464 1017 διαϐόλῳ
1497 946 1809 1017 διδομένης,
1854 947 1963 998 δια-

378 1046 636 1115 φυλάττει
674 1044 765 1096 καὶ
796 1041 1075 1104 διασώζει,
1116 1040 1208 1093 καὶ
1248 1038 1355 1091 τῶν
1396 1038 1604 1091 ἐκείνου
1649 1037 1962 1108 ἀφαρπάζει

380 1132 661 1199 παγίδων;
708 1129 876 1182 Τοῦτο
909 1126 999 1181 οὖν
1032 1128 1250 1191 εἰδότες,
1293 1125 1734 1195 συνεισφέρωμὲν
1764 1142 1816 1177 τι
1870 1125 1963 1179 καὶ

379 1222 532 1274 αὐτοὶ
558 1220 634 1290 τῷ
665 1220 868 1290 δωτῆρι
903 1219 1009 1272 τῶν
1038 1218 1297 1270 τοιούτων
1329 1216 1469 1286 Θεῷ.
1501 1216 1565 1268 Τί
1599 1216 1654 1268 δὲ
1694 1216 1788 1268 καὶ
1812 1215 1960 1280 ἄλλο,

377 1312 413 1384 ἢ
454 1312 823 1383 ἐλεημοσύνην
875 1310 1023 1379 αὑτῷ
1075 1308 1564 1381 προσενέγκωμεν;
1613 1307 1803 1360 Οὑδενὶ
1856 1307 1962 1376 γὰρ

378 1406 488 1459 τῶν
534 1408 774 1468 πάντων,
820 1403 897 1467 ὡς
943 1402 1114 1473 ταύτῃ
1162 1402 1295 1465 Θεὸς
1333 1399 1672 1469 δεξιούμενος
1706 1395 1844 1451 οἶδεν
1877 1398 1966 1450 εὑ-

381 1495 708 1566 φραίνεσθαι
728 1511 743 1525 ·
772 1493 865 1547 καὶ
897 1492 1131 1563 μάλιστα
1168 1494 1217 1544 εί
1247 1491 1341 1543 καὶ
1366 1490 1459 1542 τοῦ
1487 1489 1676 1559 καιροῦ
1705 1491 1783 1552 είς
1810 1488 1965 1541 τοῦτο

379 1588 646 1640 κάλλιστα.
697 1586 843 1657 ἡμᾶς
912 1582 1376 1655 προτρεπομένου.
1437 1583 1709 1651 Νηστείας
1774 1579 1888 1651 γὰρ
1938 1583 1966 1633 ὁ

379 1680 591 1750 καιρὸς,
626 1679 719 1732 καὶ
747 1677 999 1749 νηστείας
1032 1676 1213 1744 ἁγίας,
1244 1678 1300 1727 ἐν
1328 1669 1361 1747 ᾖ
1390 1674 1567 1745 ψυχῆς
1602 1674 1866 1743 ἁγνισμὸς
1902 1690 1960 1726 τε

378 1771 475 1823 καὶ
508 1769 757 1840 σώματος
800 1768 1011 1836 πέφυκε
1052 1765 1304 1833 γενέσθαι
1346 1768 1459 1827 τοῖς
1509 1765 1726 1836 ἀληθῶς
1766 1765 1967 1835 ταύτης

382 1859 646 1931 μετιοῦσι,
683 1859 777 1912 καὶ
818 1859 916 1929 τῆς
946 1855 1038 1909 τοῦ
1075 1856 1259 1919 ἐλέους
1304 1855 1558 1925 δαψιλοῦς
1604 1856 1963 1926 μεταδόσεως.

2065 672 2310 726 homines
2353 672 2471 741 ejus
2515 669 2771 737 temporis
2827 683 2934 722 uno
2981 669 3087 723 ictu
3128 668 3397 729 extraxit,
3439 665 3639 735 insigni

2063 764 2398 832 protectione
2441 759 2766 815 venerabilis
2805 759 2977 829 ipsius
3020 759 3277 829 martyris
3323 756 3638 812 Theodori:

2062 854 2194 924 quin
2248 854 2513 921 hodieque
2573 865 2674 906 nos
2724 850 2963 918 quotidie
3009 864 3040 902 a
3095 858 3277 903 nostra
3314 847 3640 917 negligentia

2066 947 2279 1003 diabolo
2333 946 2558 999 traditos
2605 942 2840 998 custodit
2875 953 2929 995 et
2958 942 3162 1006 salvat,
3213 950 3374 1011 atque
3418 941 3485 994 ab
3525 939 3644 1006 ejus

2064 1039 2256 1094 eximit
2298 1038 2539 1106 laqueis?
2578 1037 2690 1090 Iloc
2727 1036 2890 1102 igitur
2917 1036 3168 1101 scientes,
3218 1034 3559 1088 conferamus
3587 1044 3645 1085 et

2066 1132 2166 1202 ipsi
2228 1131 2501 1200 quidpiam
2558 1129 2801 1199 largitori
2850 1129 3073 1182 istorum
3137 1127 3264 1181 Deo.
3327 1127 3463 1192 Quid
3520 1140 3645 1179 vero
3738 1116 3741 1119 ⁷

2066 1224 2232 1289 aliud,
2285 1224 2385 1276 nisi
2450 1223 2851 1291 cleemosyuam
2908 1220 2981 1273 illi
3034 1218 3422 1273 obtulerimns?
3488 1215 3644 1269 Nulla

2065 1318 2209 1371 enim
2256 1330 2313 1369 re
2349 1315 2591 1380 omnino,
2633 1314 2774 1367 sicut
2810 1314 2933 1375 ista,
2972 1313 3125 1365 novit
3170 1311 3330 1375 Deus,
3360 1312 3403 1363 si
3449 1323 3510 1362 ea
3547 1324 3647 1363 cu-

2066 1409 2319 1473 muletur,
2375 1407 2541 1461 lactari
2574 1423 2586 1458 :
2619 1405 2917 1473 praesertim
2977 1404 3143 1458 etiam
3200 1412 3441 1470 tempore
3480 1402 3544 1455 ad
3595 1401 3647 1454 id

2069 1499 2371 1553 faciendum
2419 1513 2517 1553 nos
2551 1496 3013 1566 Opportunissime
3048 1506 3397 1564 provocante.
3451 1493 3648 1562 Jejunii

2067 1592 2213 1650 enim
2244 1601 2454 1659 tempus
2478 1598 2581 1652 est,
2618 1598 2671 1642 et
2690 1588 2879 1658 jejunii
2905 1587 3101 1650 sancti,
3127 1602 3235 1657 quo
3265 1586 3463 1639 animae
3492 1587 3655 1639 simul

2068 1692 2123 1733 et
2147 1681 2393 1749 corporis
2420 1678 2725 1747 purificatio
2760 1677 3075 1745 contingere
3116 1676 3253 1731 solet
3304 1676 3369 1729 iis
3397 1676 3490 1745 qui
3530 1689 3655 1729 vere

2070 1771 2199 1826 illud
2227 1772 2544 1835 observant,
2580 1784 2684 1822 una
2719 1784 2841 1823 cum
2887 1768 3299 1823 abundantioris
3347 1767 3656 1822 misericor-

2071 1864 2173 1919 dia:
2216 1863 2593 1918 retributione.
2634 1862 2905 1916 Praeterea
2941 1859 3408 1913 immaculatarum
3447 1858 3656 1913 Christi

388 1928 551 2005 Ἆλλά
583 1950 677 2005 καὶ
711 1949 819 2003 τῶν
862 1928 1147 2019 ἆχράντων
1191 1948 1425 2018 Χριστοῦ
1479 1947 1666 2001 παθών
1709 1948 1776 2000 δι’
1804 1948 1966 2001 αὑτοῦ

2078 1954 2381 2023 passionum
2406 1969 2502 2023 per
2545 1952 2672 2006 illud
2718 1952 2790 2007 ad
2842 1951 3273 2006 recordationem
3321 1950 3652 2005 inducimur.

374 2046 459 2098 εἰς
487 2043 792 2113 ὑπόμνησιν
824 2040 1177 2109 ἐπαγόμενοι.

450 2135 552 2187 IE'.
594 2132 937 2203 Καθάρωμεν
966 2126 1057 2183 οὖν
1084 2129 1330 2192 ἑαυτοὺς,
1365 2128 1438 2199 μὴ
1469 2127 1776 2199 βρωμάτων
1809 2128 1967 2198 μόνον

382 2227 479 2279 καὶ
521 2226 802 2295 πομάτων,
837 2220 975 2274 ἀλλὰ
1006 2221 1101 2273 καὶ
1143 2219 1342 2282 παντὸς
1387 2218 1547 2272 ἄλλου
1595 2216 1969 2290 συρφετώδους

378 2315 749 2387 μολύσματος,
794 2312 1101 2383 ἐπιορκίας,
1141 2310 1305 2381 φημὶ,
1338 2309 1688 2372 καταλαλιᾶς,
1720 2308 1966 2378 ψεύδους,

376 2406 612 2478 ἔχθρας,
659 2403 990 2469 ἀκολασίας,
1043 2404 1139 2456 καὶ
1174 2404 1273 2473 τῆς
1334 2402 1445 2455 τῶν
1499 2401 1722 2455 πάντων
1783 2400 1970 2454 κακῶν

383 2498 607 2568 πρώτης
669 2497 763 2550 καὶ
826 2494 1173 2559 τελευταίας,
1220 2493 1604 2566 φιλαργυρίας.
1642 2493 1709 2545 Ἦ
1765 2492 1969 2545 τούτων

382 2589 493 2661 γὰρ
525 2587 901 2659 ἀλλοτρίωσις,
936 2584 1204 2657 κάθαρσίς
1242 2584 1302 2637 τέ
1335 2586 1450 2637 ἐστι
1477 2582 1726 2654 λαμπρὰ,
1748 2581 1969 2654 νηστεία

378 2681 590 2752 ἀληθὴς
624 2682 722 2734 καὶ
757 2677 1077 2750 ἀμώμητος.
1119 2676 1231 2748 Πρὸ
1263 2675 1319 2727 δὲ
1349 2673 1554 2728 τούτων
1586 2675 1681 2727 καὶ
1716 2675 1812 2728 σὺν
1846 2673 1971 2726 τού-

376 2788 499 2834 τοις
536 2774 631 2824 καὶ
662 2769 799 2841 μετὰ
831 2768 1058 2833 τούτων,
1084 2768 1183 2837 τὴν
1211 2765 1584 2836 ἐλεημοσύνην
1612 2763 1971 2837 κατεργασώ-

388 2860 559 2932 μεθα·
592 2861 693 2931 τὴν
730 2861 807 2923 ὠς
850 2858 1065 2929 ἀληθῶς
1093 2858 1193 2910 οὐκ
1224 2858 1303 2920 είς
1345 2857 1526 2928 τρίτον
1575 2856 1821 2927 οὐρανὸν,
1858 2855 1972 2909 ἀλλ’

358 2990 371 2995 -
386 2954 466 3015 είς
485 2951 646 3005 αὐτὸν
666 2950 755 3003 τὸν
770 2950 879 3003 τῶν
903 2949 1144 3019 οὐρανῶν
1166 2950 1395 3022 ποιητὴν
1417 2949 1803 3016 ἐπαγάγουσαν
1823 2948 1938 3018 (15)
1955 2964 1968 2977 ·

382 3043 775 3114 ἐλεημοσῦνην,
808 3043 905 3113 τὴν
942 3043 1075 3095 ὡσεὶ
1122 3043 1295 3115 πυρὸς
1348 3041 1504 3113 ἅρμα
1553 3040 1646 3093 καὶ
1694 3040 1835 3109 ὑπὲρ
1885 3038 1977 3091 τὸν

384 3136 619 3208 οὐρανὸν
669 3133 781 3205 (I6)
831 3133 1035 3187 συστὰν
1075 3135 1381 3204 είσδέξηται
1426 3131 1594 3202 γῆθεν
1642 3130 1975 3197 ἁνάγουσαν.

386 3225 545 3278 Μετὰ
596 3224 798 3293 ταύτης
843 3220 1073 3292 λαμπρὰ
1136 3222 1235 3291 μὲν
1282 3222 1413 3290 ἡμῖν
1468 3220 1563 3271 καὶ
1618 3217 1978 3276 εὐαπόδεκτος

382 3315 508 3387 Θεῷ
535 3318 567 3386 ἡ
596 3314 817 3384 νηστεία
841 3314 1151 3383 γενήσεται,
1178 3310 1252 3373 ὼς
1281 3309 1532 3378 Θυμίαμα
1554 3306 1611 3359 δὲ
1638 3309 1672 3376 ή
1701 3305 1978 3374 προσευχὴ

388 3405 906 3475 κατευθυνοήσεται.

461 3500 581 3565 ις’.
620 3496 732 3551 Καὶ
790 3496 862 3567 μή
919 3512 1009 3565 μοι
1058 3493 1219 3565 εἴπῃς
1262 3491 1361 3556 τὰς
1420 3488 1829 3561 τετραημέρους
1880 3504 1976 3558 νη-

390 3590 597 3653 στείας,
640 3588 673 3659 ἢ
712 3588 806 3641 καὶ
840 3585 937 3649 τὰς
987 3584 1345 3655 ἐξαημέρους.
1382 3580 1560 3635 Καλαὶ
1607 3580 1706 3651 μέν
1735 3581 1840 3631 εἰσι
1887 3579 1981 3630 καὶ

391 3676 553 3736 αὗται
589 3679 683 3733 καὶ
729 3677 1098 3731 εὐαπόδεκτοι.
1138 3676 1224 3739 Ὡς
1263 3674 1392 3728 ἄνευ
1424 3672 1482 3725 δὲ
1509 3673 1675 3743 πνοῆς
1710 3669 1981 3741 ἄχρηστόν

394 3772 508 3824 ἐστι
542 3770 603 3823 τὸ
650 3768 808 3838 σῶμα
842 3766 998 3838 ἡμῶν
1043 3768 1141 3819 καὶ
1192 3763 1576 3836 ἁνενέργητον,
1624 3761 1799 3825 οὕτως
1852 3761 1979 3814 ἄνευ

396 3860 764 3932 ἐλεημοσύνης
793 3859 871 3923 είς
906 3859 1062 3912 κενὸν
1099 3858 1233 3929 ἡμῖν
1259 3856 1319 3909 τὸ
1348 3854 1629 3925 νηστεύειν
1667 3854 1977 3923 γενήσεται.

399 3953 508 4006 Καὶ
546 3949 710 4003 πόθεν
734 3947 925 4015 τοῦτος
958 3948 1154 4017 Σαφῶς
1183 3947 1314 4016 ὑμῖν
1354 3945 1693 4015 παραστήσω
1718 3942 1778 4008 ἐξ
1804 3943 1983 3997 αὐτῶν

396 4041 505 4095 τῶν
531 4040 783 4113 Γραφῶν.
813 4039 951 4110 Φησὶ
980 4039 1116 4108 γάρ·
1167 4036 1600 4105 Ἑλεημοσύναι
1639 4034 1739 4087 καὶ
1778 4035 1985 4098 πίστις

392 4134 479 4205 μὴ
530 4130 974 4187 ἐκλειπέτωσὰν
1031 4148 1129 4183 σοι
1151 4146 1164 4160 ο
1225 4130 1318 4182 καὶ
1372 4128 1531 4182 πάλιν
1551 4144 1564 4157 ⁸
1625 4128 1827 4191 Ἔλεος
1887 4124 1984 4179 καὶ

393 4224 649 4293 ἀλήθεια
714 4222 1189 4290 προπορεύσεται
1209 4236 1223 4250 ·
1292 4220 1387 4273 καὶ
1450 4216 1683 4288 ἀλλαχοῦ
1706 4234 1720 4249 ο
1774 4218 1986 4270 Ἔλεον

400 4315 574 4376 θέλω,
606 4312 704 4366 καί
736 4313 807 4366 οὐ
838 4312 1088 4367 θυσίαν·
1118 4310 1234 4376 καὶ,
1270 4310 1323 4362 '0
1360 4308 1548 4363 ἐλεῶν
1577 4307 1818 4377 πτωχὸν
1865 4306 1986 4372 Θεῷ

400 4403 669 4464 δανείζει.
707 4403 899 4472 Ὅμως
950 4402 1036 4454 ἵνα
1068 4401 1136 4454 τὰ
1170 4400 1396 4454 πλεῖστα
1436 4400 1497 4453 τὸ
1548 4399 1722 4469 παρὸν
1757 4397 1985 4469 ταμιεύ-

403 4512 604 4566 σωμαι,
634 4495 725 4547 ἐπὶ
752 4494 1215 4565 παραδείγματος,
1246 4492 1444 4563 μᾶλλον
1478 4491 1535 4544 δέ
1569 4492 1665 4544 ἀπ’
1690 4491 1855 4544 αὑτοῦ
1890 4488 1985 4543 τοῦ

2142 2134 2257 2187 XV.
2300 2132 2661 2189 Puriticetnus
2701 2134 2865 2203 igitur
2899 2149 3036 2199 nos,
3098 2148 3207 2189 non
3258 2148 3285 2187 a
3334 2133 3471 2188 cibis
3519 2134 3655 2185 dun-

2072 2236 2222 2282 taxat
2246 2238 2298 2280 et
2349 2226 2585 2294 potibus,
2630 2226 2725 2281 sed
2776 2226 2843 2281 ab
2888 2228 3033 2280 omni
3070 2229 3232 2280 etiam
3260 2225 3364 2279 alia
3392 2225 3658 2279 iutuIenta

2071 2317 2529 2371 contaminatione
2572 2335 2586 2371 :
2633 2317 2905 2387 perjurio,
2958 2317 3177 2386 inquam
3207 2357 3224 2385 ,
3278 2315 3657 2377 detractione,

2071 2410 2394 2474 mendacio,
2453 2409 2756 2474 simultate,
2814 2409 3253 2478 intemperantia,
3306 2419 3363 2464 et
3417 2410 3658 2463 omnium

2073 2503 2337 2555 malorum
2368 2501 2538 2569 prima
2586 2516 2649 2555 ac
2691 2502 2902 2567 ultima,
2945 2502 3194 2555 avaritia.
3256 2499 3455 2555 llarum
3510 2502 3659 2556 enim

2075 2608 2251 2647 rerum
2280 2591 2624 2656 abalienatio,
2661 2592 2969 2661 purificatio
2998 2602 3081 2647 est
3104 2592 3354 2661 insignis,
3392 2592 3659 2662 jejunium

2073 2692 2259 2731 verum
2286 2688 2345 2732 et
2373 2679 2726 2748 inculpatum.
2765 2680 2902 2734 Ante
2937 2679 3055 2735 hinc
3099 2690 3247 2740 Vero.
3292 2691 3346 2735 et
3378 2696 3487 2734 una
3536 2696 3660 2735 cum

2074 2767 2181 2832 bis,
2217 2777 2272 2823 et
2304 2768 2583 2837 posthaec,
2620 2771 3024 2839 eleemosynam
3075 2769 3364 2835 faciamus,
3399 2786 3524 2840 quae
3565 2787 3661 2823 ve-

2076 2860 2275 2916 raciter
2322 2877 2427 2915 non
2490 2861 2556 2914 ad
2610 2861 2828 2916 tertium
2861 2861 3079 2928 caelum,
3130 2863 3222 2915 sed
3265 2864 3331 2916 ad
3372 2863 3665 2931 ipsummet

2076 2955 2334 3008 caelorum
2374 2954 2707 3009 conditorem
2772 2954 3030 3022 deducit;
3078 2954 3507 3025 eleemosynam,
3542 2971 3665 3024 quae

2079 3047 2145 3100 ad
2173 3047 2343 3100 instar
2394 3049 2532 3115 ignei
2565 3061 2755 3101 currus
2804 3056 2859 3100 et
2906 3062 3070 3116 supra
3136 3048 3332 3101 caelum
3386 3049 3662 3102 constituti

2082 3139 2340 3207 suscipiat
2390 3139 2457 3193 de
2490 3139 2679 3192 tellure
2712 3140 3070 3193 revehendos.
3111 3139 3244 3193 Cum
3282 3139 3381 3194 hac
3423 3140 3666 3193 emicans

2084 3234 2239 3286 nobis
2262 3233 2513 3300 quodque
2550 3229 2706 3286 facile
2734 3242 3013 3301 acettptum
3052 3233 3123 3285 sit
3148 3233 3256 3286 Deo
3289 3232 3380 3286 ﬁet
3403 3233 3664 3302 jejunium

2082 3334 2351 3386 nostrum,
2383 3332 2435 3375 et
2474 3325 2649 3377 oratio
2679 3332 2861 3377 nostra
2889 3333 2951 3377 ut
2998 3325 3275 3379 incensum
3307 3324 3592 3395 dirigetur.

2155 3492 2291 3547 XVI.
2337 3494 2443 3550 Nec
2499 3495 2627 3549 mihi
2671 3496 2878 3551 dixeris
2924 3499 3278 3567 quatriduana
3321 3500 3523 3570 jejuuia
3588 3503 3669 3557 vel

2082 3587 2245 3640 etiam
2274 3601 2370 3655 per
2401 3586 2516 3639 dies
2546 3600 2638 3639 sex
2662 3587 2997 3641 continuata.
3028 3587 3260 3642 Pulchra
3292 3601 3418 3643 sunt
3447 3600 3502 3643 et
3528 3592 3668 3655 haec,

2082 3688 2135 3732 et
2164 3677 2300 3733 bene
2333 3687 2571 3747 accepta.
2630 3677 2691 3734 At
2729 3677 2870 3732 sicut
2913 3679 3036 3732 sine
3084 3680 3439 3749 respiratione
3481 3682 3672 3736 inutile

2083 3778 2165 3823 est
2202 3783 2398 3837 corpus
2428 3777 2673 3821 nostrum
2702 3777 2757 3822 et
2792 3767 3059 3833 inefficax,
3096 3768 3170 3822 ita
3202 3770 3320 3827 sine
3356 3771 3667 3843 eleemosy-

2085 3876 2150 3913 na
2212 3860 2265 3913 in
2322 3873 2516 3913 vanum
2570 3862 2722 3915 cedet
2777 3859 3040 3930 jejunium
3094 3869 3357 3917 nostrum.
3412 3863 3479 3917 Et
3528 3868 3670 3920 unde

2085 3949 2226 4004 hoc?
2270 3948 2562 4005 Evidenter
2607 3952 2759 4006 vobis
2812 3967 2880 4006 ex
2923 3952 3220 4021 Scripturis
3260 3954 3666 4009 demonstrabo.

2086 4042 2225 4098 Dicit
2256 4044 2397 4097 enim
2420 4040 2811 4113 :Eleemosyme
2841 4053 2889 4097 et
2922 4045 3052 4113 fides
3083 4062 3187 4098 non
3214 4046 3461 4112 deﬁciant
3491 4047 3586 4100 tibi
3607 4049 3669 4114 ';

2085 4145 2142 4189 et
2180 4149 2369 4190 rursus
2400 4152 2414 4189 :
2443 4133 2813 4187 Misericordia
2862 4146 2910 4188 et
2962 4137 3155 4189 veritas
3201 4139 3452 4203 pra'cedet
3513 4137 3570 4203 ⁶;
3617 4149 3672 4191 et

2087 4227 2213 4281 alibi
2237 4245 2250 4281 :
2279 4226 2697 4282 Misericordiam
2716 4225 2849 4291 uolo,
2869 4236 3038 4280 etnon
3060 4228 3381 4295 sacri/icium
3401 4230 3443 4295 ';
3473 4238 3669 4296 atque:

2090 4320 2194 4385 Qui
2220 4321 2493 4373 miseretur
2516 4318 2783 4387 pauperis,
2827 4318 2935 4372 Deo
2983 4319 3150 4388 fenori
3177 4324 3267 4373 dat
3295 4322 3337 4374 ⁸.
3384 4321 3671 4375 Verumta~

2088 4429 2209 4466 men
2239 4428 2344 4481 quo
2385 4412 2615 4482 plurima
2648 4412 2864 4465 interim
2900 4414 3170 4477 omittam,
3219 4413 3465 4483 exemplo
3511 4394 3673 4482 atque

2089 4506 2224 4559 adeo
2271 4505 2340 4559 ab
2378 4506 2491 4573 ipsa
2539 4506 2612 4558 rei
2666 4514 2855 4558 natura
2891 4504 3044 4561 vobis
3074 4505 3355 4561 ostendam
3415 4508 3672 4561 eximiam

403 4587 726 4659 πράγματος
761 4587 888 4657 ὑμῖν
925 4585 1153 4656 δηλώσω
1181 4586 1244 4638 τὸ
1271 4586 1369 4657 τῆς
1406 4584 1777 4656 ἐλεημοσύνης
1817 4585 1974 4653 ὑπερ-

2089 4597 2444 4667 elcemosynae
2470 4595 2871 4651 excellentiam.

405 4682 528 4753 έχον
558 4680 796 4750 ἀξίωμα.

476 4776 574 4830 IZ'.
627 4773 751 4826 Ἐὰν
798 4770 906 4842 γὰρ
936 4770 1096 4843 ἔλθῃς
1145 4769 1335 4843 αὔριον
1390 4769 1567 4840 ὠχρὸς
1613 4768 1714 4840 μὲν
1750 4769 1817 4839 τῇ
1864 4765 1982 4836 ὄψει

405 4867 500 4920 καὶ
529 4866 679 4919 κάτω
710 4864 978 4928 νενευκὼς
1027 4862 1311 4924 πάντοθεν,
1349 4860 1419 4912 τὰ
1470 4861 1567 4930 τῆς
1605 4858 1859 4924 νηστείας
1901 4858 1986 4909 ἐν-

403 4959 549 5029 αργῆ
574 4958 850 5028 τεκμήρια
892 4954 1310 5024 ἐπιφερόμενος·
1348 4952 1601 5020 στήσεται
1626 4949 1683 5002 δέ
1712 4966 1792 5002 σοι
1821 4948 1985 5017 ἐσμὸς

408 5051 676 5119 πενήτων,
722 5047 865 5119 λιμῷ
918 5049 1011 5101 καὶ
1062 5047 1202 5115 δίψει
1271 5042 1772 5114 κατατρυχόμενος,
1823 5040 1984 5110 ψύχει

408 5140 916 5210 καταπηγνύμενος,
965 5139 1186 5210 μυρίαις
1236 5152 1294 5188 σε
1332 5135 1634 5203 ἱκετηρίαις
1669 5134 1872 5199 φωναῖς
1904 5131 1989 5182 ἐπ’

408 5233 555 5286 ἔλεον
606 5232 1107 5304 προσκαλούμενος·
1160 5226 1278 5283 εἶτα
1325 5227 1531 5297 ἀπέλθῃ
1583 5224 1772 5288 κενὸς,
1822 5223 1989 5294 μηδε-

413 5324 543 5394 μίαν
580 5322 732 5394 παρὰ
764 5321 862 5374 σοῦ
893 5322 989 5392 τῆς
1029 5320 1234 5381 ἐνδείας
1277 5316 1627 5388 παραμυθίαν
1661 5314 1952 5383 δεξάμενος
1973 5329 1985 5340 ·

409 5415 463 5467 τί
507 5428 600 5468 σου
642 5413 828 5466 λοιπὸν
866 5415 900 5484 ὴ
939 5412 1163 5483 νηστεία
1198 5409 1614 5478 λογισθήσεται;
1665 5406 1798 5476 Οὐχὶ
1835 5403 1988 5475 τῆξις

414 5504 575 5573 μόνον
626 5501 894 5571 σώματος,
936 5500 1099 5571 μηδὲν
1148 5498 1483 5568 ἐπιφέρουσα
1522 5493 1599 5564 τῷ
1640 5494 1874 5563 μετιόντι
1927 5492 1988 5545 τὸ

409 5593 640 5664 ὅφελος;
678 5591 838 5647 Ἀλλά
893 5591 982 5662 μοί
1035 5606 1197 5660 φησιν
1250 5588 1414 5659 (ὅστις
1456 5587 1586 5639 ποτὲ
1635 5582 1703 5657 ἦν
1743 5586 1771 5638 ὁ
1814 5583 1988 5636 ταῦτα

2165 4750 2326 4806 XVII.
2370 4750 2426 4805 Si
2456 4751 2598 4805 enim
2630 4766 2757 4807 cras
2783 4749 3040 4807 advenias
3068 4749 3245 4806 luteus
3272 4750 3486 4820 quidem
3511 4749 3672 4813 facie,

2093 4854 2147 4898 et
2181 4845 2236 4898 in
2261 4853 2414 4923 terra.
2435 4858 2636 4911 pronus
2669 4844 2911 4906 omnino,
2940 4843 3207 4897 evidentia
3236 4842 3431 4911 jejunii
3460 4843 3533 4895 ιιιί
3566 4857 3675 4910 prae

2095 4944 2148 4991 te
2184 4935 2381 4989 indicia
2420 4936 2624 4999 ferens,
2651 4941 2790 4989 astet
2823 4948 2951 4988 vero
2983 4934 3076 4987 tibi
3103 4948 3398 5002 pauperum
3421 4949 3672 4995 exatneu,

2097 5027 2239 5082 fame
2265 5042 2328 5081 ac
2355 5028 2442 5081 siti
2475 5026 2803 5093 confectum,
2832 5036 3147 5080 concretum
3179 5026 3401 5092 frigore,
3446 5025 3675 5079 inﬁnitis

2092 5129 2145 5175 te
2193 5118 2414 5173 vocibus
2462 5119 2776 5187 suppliciter
2830 5118 2897 5172 ad
2952 5118 3313 5171 miserandum
3367 5116 3670 5181 inflectens.

2091 5210 2251 5264 abeat
2281 5210 2634 5264 nihilominus
2666 5210 2825 5263 inane
2852 5217 2906 5263 et
2942 5222 3191 5272 vacuum,
3241 5207 3387 5260 nullo
3421 5222 3449 5259 a
3479 5217 3532 5260 te
3561 5221 3675 5261 suae

2090 5303 2397 5371 indigentiae
2424 5302 2688 5357 solamine
2719 5310 2941 5370 accepto
2976 5319 2990 5354 τ
3020 5302 3086 5354 ad
3117 5300 3243 5370 quid
3288 5313 3419 5369 ergo
3452 5308 3673 5367 reputa-

2090 5396 2235 5448 bitur
2281 5394 2374 5449 tibi
2428 5393 2695 5462 jejunium
2744 5394 2930 5449 tuum?
2979 5392 3169 5448 Nonne
3231 5390 3675 5460 colliquescentia

2094 5487 2199 5541 erit
2250 5495 2454 5539 tantum
2512 5487 2784 5554 corporis,
2850 5485 3051 5540 nullam
3105 5484 3340 5540 afl‘erens
3395 5484 3675 5538 exercenti

2097 5582 2419 5636 utilitatem?
2451 5582 2517 5634 At
2540 5583 2682 5635 enim
2712 5580 3057 5650 respondebit
3086 5579 3215 5635 mihi
3273 5577 3601 5650 (quicunque
3629 5576 3677 5632 is

487 5711 509 5741 '
542 5709 699 5763 Prov.
753 5724 834 5772 ιιι,
870 5707 924 5760 3.
1000 5705 1020 5736 ⁶
1052 5702 1193 5757 Psal.
1237 5716 1498 5764 Lxxxvut,
1545 5699 1631 5754 15.
1705 5699 1726 5729 ⁷
1760 5697 1957 5751 Matth.

2107 5694 2204 5760 i5;
2238 5709 2335 5759 xu,
2367 5694 2419 5748 7.
2496 5695 2516 5725 ⁵
2554 5694 2712 5749 Prov.
2752 5711 2866 5760 xu,
2910 5694 2994 5751 I7.

487 5826 503 5887 <
518 5822 598 5891 H)
638 5821 799 5877 Forte
834 5820 1038 5891 οἰκείας
1064 5856 1078 5872 .
1103 5856 1116 5869 .
1138 5856 1152 5871 .
1179 5857 1192 5871 .
1228 5814 1555 5885 διδομένους.

491 5894 538 5964 (Ι
548 5889 599 5962 ὅ]
653 5889 961 5959 Ὲπαγαγοῦ
969 5906 1087 5942 σαν.

695 5988 970 6052 Parnm“
1002 5987 1119 6045 tiu.
1154 5983 1205 6041 Χ
1221 5980 1460 6042 XXIX.

2164 5808 2276 5879 (IG)
2319 5809 2414 5866 Ms.
2451 5808 2558 5863 τῶν
2590 5807 2853 5880 οὐρανῶν.
