4118 6542
451 435 586 494 1855

1615 423 2012 486 NECTARIUS
2047 422 2364 480 ARCillEP.
2407 419 2512 476 (ΣΡ.

3617 413 3850 467 τετε

449 548 612 605 fuerit
657 548 746 618 qui
792 548 906 603 haec
949 547 1114 613 dicit;
1165 547 1290 601 novi
1344 547 1484 601 enim
1543 547 1762 616 frigidas
1813 553 2020 597 vestras

2146 539 2324 607 ,ἐγωνο
2364 535 2479 592 οἶδα
2527 535 2634 607 γὰρ
2683 534 2837 606 ὑμῶν
2881 532 2976 597 τὰς
3025 529 3237 602 ψυχρὰς
3282 527 3608 591 ἀναϐολὰς
3697 524 3852 579 καὶ

451 640 918 710 tergiversationcs
954 650 1008 694 et
1057 655 1225 694 vanas
1254 637 1673 708 ext-usationes)
1708 656 1721 690 :
1756 637 2011 691 Filiorum

451 732 580 786 mihi
653 732 936 788 multitudo
986 734 1330 792 circumstat,
1387 731 1570 785 uxoris
1623 745 1806 783 curam
1863 744 2014 798 gero.

453 821 797 886 famulorum,
850 823 1192 877 famularum.
1226 820 1442 876 Utinam
1491 822 1570 875 vel
1621 821 1736 874 istis
1773 835 1868 887 par
1897 833 2017 874 esse

449 927 660 981 possem
713 914 1056 983 suppeditare
1097 928 1161 967 ea
1211 926 1331 982 quae
1371 912 1676 966 necessaria
1723 919 1871 974 sunt,
1907 926 2012 964 non

451 1017 578 1057 vero
611 1002 777 1058 tardis
813 1002 1121 1056 hominibus
1169 1011 1225 1056 et
1270 1001 1482 1066 Otiosis,
1541 1002 1626 1071 qui
1685 1001 1810 1055 dum
1843 1011 2019 1055 atten-

451 1094 578 1148 dere
605 1095 860 1162 operibus
885 1092 1091 1156 nolunt,
1128 1092 1483 1147 voluntariam
1507 1094 1604 1147 sibi
1649 1103 2016 1163 paupertatem

450 1181 732 1238 fabricant.
754 1181 1019 1236 Praeterea
1039 1181 1289 1251 populare
1307 1181 1466 1236 etiam
1490 1183 1829 1252 proverbium
1865 1182 2020 1238 facile

451 1287 718 1342 usurpare
727 1273 800 1328 ris
817 1271 1082 1341 inquiens,
1109 1270 1340 1327 Primam
1359 1275 1638 1328 mercedem
1653 1290 1762 1328 esse
1779 1291 2016 1329 suorum.

523 1363 708 1420 XVIII.
749 1363 910 1430 Quid,
947 1364 1090 1418 heus
1120 1372 1212 1429 tu,
1263 1379 1494 1420 excusas
1540 1366 1913 1434 excusationes
1966 1366 2020 1419 in

451 1457 688 1525 peccatis
717 1457 778 1510 '?
808 1455 912 1510 Pro
940 1472 1006 1513 eo
1039 1456 1180 1526 quod
1227 1465 1281 1512 te
1313 1457 1452 1512 Deus
1495 1457 1784 1512 liberorum
1824 1471 2020 1526 paren-

455 1556 563 1601 tem
619 1557 929 1616 patremque
977 1546 1208 1603 familias
1260 1548 1568 1615 constituit,
1625 1564 1748 1604 cum
1801 1550 2022 1606 deberes

455 1636 656 1706 gratias
683 1652 862 1706 agere,
893 1647 947 1691 et
974 1637 1116 1693 illius
1157 1637 1382 1707 implere
1415 1641 1670 1694 mandata
1710 1640 2022 1696 miseratio-

459 1744 525 1783 ne
550 1743 674 1798 (ξι-εει
703 1729 1002 1798 indigentes
1029 1731 1289 1800 unigenas
1323 1749 1337 1785 :
1373 1741 1426 1785 tu
1454 1740 1643 1785 contra
1693 1732 1744 1784 in
1800 1717 2026 1786 excusa-

458 1820 656 1874 tionem
687 1820 1024 1874 crudelitatis
1065 1821 1382 1876 beneﬁcium
1421 1823 1689 1877 assumis?
1711 1821 1894 1891 Neque
1924 1823 2027 1877 hoc

2123 632 2356 703 ματαίας
2387 628 2706 702 προφάσεις)
2729 644 2741 658 ·
2780 627 2992 680 Παίδων
3030 642 3118 696 μοι
3152 621 3358 692 πλῆθος
3391 621 3846 690 περιέσται,

2119 725 2374 794 γυναικὸς
2417 720 2811 793 ἐπιμελοῦμαι,
2839 717 3080 777 οἰκετῶν,
3125 714 3426 769 οίκετίδων.
3469 711 3660 765 Εἴθε
3739 710 3846 779 δὴ

2118 815 2328 878 τούτοις
2353 814 2726 886 ἐπαρκέσεμαι
2754 812 2864 881 (i7)
2900 810 2968 862 τὰ
2999 808 3134 878 πρὸς
3165 805 3262 876 τὴν
3293 804 3495 876 χρείαν
3528 820 3842 874 χευρτς-

2118 909 2256 974 γεῖν,
2275 906 2500 976 μήτοιγε
2529 902 2756 976 νωθροῖς
2770 901 2992 972 ἀνδράσι
3023 901 3118 952 καὶ
3159 899 3347 969 ἀργοῖς
3365 937 3381 960 ,
3417 897 3470 950 οῖ
3491 897 3562 949 τὸ
3623 913 3846 949 σκο-

2123 997 2352 1051 ποῦσθαι
2379 996 2514 1067 (17°)
2533 999 2645 1059 τοῖς
2675 997 2856 1067 ἔργοις
2887 993 2961 1064 μὴ
2985 992 3247 1054 Θέλοντες,
3293 989 3558 1042 ἑκούσιον
3605 989 3794 1040 ἐαυ
3815 1016 3844 1027 ο

2121 1091 2233 1152 τοῖς
2259 1088 2360 1159 τὴν
2396 1087 2580 1142 πενίαν
2599 1085 3058 1156 ὲπιτεχνάζονται.
3093 1082 3198 1137 Καὶ
3226 1079 3824 1151 προσεπιτούτςις,

2125 1182 2219 1234 καὶ
2239 1180 2336 1252 τὴν
2367 1179 2590 1250 δημώδη
2627 1178 2922 1250 παροιμίαν
2943 1175 3188 1248 είσάγῃς,
3214 1170 3462 1240 Πρῶτον
3489 1170 3838 1240 μισθὸν

2124 1272 2234 1326 τὸν
2263 1275 2352 1338 είς
2380 1272 2522 1337 τοὺς
2551 1270 2760 1336 ἰδίους.
2790 1267 2969 1322 καλῶν
2995 1267 3128 1339 {18).

2197 1367 2304 1420 lH'.
2346 1367 2411 1420 Τί
2450 1364 2763 1438 προφασίζῃ
2798 1364 3122 1435 προφάσεις,
3147 1354 3193 1415 ὦ
3223 1353 3397 1424 οὗτος,
3435 1359 3498 1412 ἐν
3549 1360 3826 1428 ἀμαρ-

2125 1457 2298 1520 τίαις;
2339 1456 2480 1510 ’Ᾱνο’
2511 1451 2585 1512 ὧν
2623 1474 2702 1510 σοι
2733 1455 2864 1518 Θεὸς
2889 1454 3093 1507 παίδων
3115 1471 3173 1506 τε
3193 1451 3448 1524 πατέρων
3489 1451 3621 1522 (19)
3645 1451 3816 1504 καὶ

2128 1547 2277 1601 οἴκου
2301 1549 2489 1620 κύριον
2525 1546 2916 1618 κατεστήσατο,
2948 1543 3066 1598 δέον
3095 1543 3465 1614 εὐχαριστεῖν,
3496 1542 3609 1594 καὶ
3637 1541 3816 1604 τὰς

2129 1636 2294 1691 αὑτοῦ
2348 1637 2655 1709 ἐκπληροῦν
2703 1635 2958 1699 ἐντολὰς,
3005 1633 3080 1705 τῷ
3124 1635 3203 1696 εἰς
3251 1633 3373 1696 τοὺς
3426 1631 3810 1700 δεομένους

2133 1729 2414 1798 ὁμογενεῖς
2474 1727 2607 1797 ἐλέῳ
2635 1744 2648 1757 ·
2693 1725 3001 1780 τούναντίον
3047 1725 3128 1786 είς
3179 1721 3435 1794 ἀφορμὴν
3486 1722 3802 1793 σκληρὸ-

2133 1832 2294 1884 τητος
2357 1814 2718 1884 ὲκλαμὸἀνεις
2758 1815 2857 1885 τὴν
2906 1811 3262 1884 εὐεργεσίαν;
3310 1811 3404 1863 καὶ
3451 1811 3512 1862 ού
3577 1811 3802 1864 τοῦτο

459 1909 654 1974 solum,
693 1911 787 1966 sed
830 1925 926 1966 eos
975 1911 1160 1975 etiam,
1221 1911 1418 1978 quibus
1464 1911 1700 1965 nondum
1753 1888 2028 1978 quidpiam

2146 1906 2316 1975 μόνον,
2344 1904 2482 1959 ἀλλά
2517 1906 2613 1958 καὶ
2647 1905 2739 1968 οὒς
2772 1904 2985 1957 οὐδέπω
3023 1903 3175 1957 οὐδὲν
3204 1903 3590 1972 ὲχορήγησας,
3623 1905 3790 1964 τοῖς

459 2003 682 2074 largitus
711 2017 791 2065 es,
816 2003 1158 2058 contumeliis
1182 2003 1411 2058 oneras?
1437 2002 1572 2069 Quid
1604 2002 1852 2065 facimus,
1882 2001 2030 2055 olio-

463 2092 677 2148 mines?
716 2091 1032 2158 Vereamnr,
1065 2092 1147 2148 sin
1177 2091 1354 2146 minus
1387 2092 1552 2156 aliud,
1583 2101 1827 2144 naturam
1859 2090 2030 2158 ipsam

459 2190 626 2235 certe.
697 2179 940 2234 Similem
995 2181 1136 2233 enim
1173 2193 1382 2243 omnes,
1446 2192 1550 2245 qua
1613 2193 1873 2246 pauperes
1928 2192 2032 2246 qua

462 2271 676 2331 divites,
727 2280 972 2323 naturam
1025 2277 1081 2324 et
1119 2270 1355 2322 animam
1406 2269 1584 2322 sortiti
1623 2283 1832 2332 sumus,
1875 2276 1929 2322 et
1965 2267 2034 2321 ab

461 2378 570 2418 uno
610 2362 779 2432 plaste
808 2376 997 2417 euntes
1029 2361 1277 2431 plasmati
1325 2374 1548 2425 sumus;
1573 2375 1679 2414 una
1711 2368 1795 2414 est
1820 2373 2034 2428 quoque

459 2454 696 2519 dignitas
723 2452 1026 2520 adoptionis
1046 2467 1110 2506 ac
1135 2450 1558 2520 regenerationis
1579 2460 1777 2505 nostrae
1802 2468 1816 2504 :
1848 2465 2036 2518 quam-

461 2543 563 2605 vis,
595 2541 776 2596 nescio
804 2555 910 2609 quo
933 2550 1111 2610 pacto,
1159 2541 1426 2594 instabilis
1477 2540 1598 2594 vitea
1626 2554 1820 2594 cursus
1872 2539 2034 2594 dissi-

462 2637 606 2692 milia
636 2637 846 2691 vivendi
890 2647 1202 2706 argumenta
1229 2635 1532 2690 hominibus
1564 2635 1856 2691 distribuit.
1885 2635 2036 2701 Quod

461 2740 594 2780 vero
641 2725 814 2795 majus
846 2735 948 2791 est,
983 2725 1051 2779 ab
1084 2740 1191 2779 uno
1231 2725 1392 2779 etiam
1431 2724 1615 2795 judice
1653 2723 2034 2794 judicabimur.

464 2814 590 2870 "me
613 2817 778 2886 igitur
797 2818 962 2886 probe
986 2817 1269 2880 eallentes,
1302 2817 1538 2886 quandiu
1580 2826 1725 2872 stant
1765 2817 2036 2882 nundinae,

465 2907 655 2962 salutis
704 2909 897 2963 viatica
950 2923 1044 2978 per
1088 2910 1481 2978 eleemosynam
1516 2923 1780 2972 emamus,
1823 2907 2040 2962 festine-

466 3013 694 3067 musque
745 2999 944 3055 habere
1007 3009 1281 3069 patronos,
1337 3015 1443 3054 non
1497 3013 1624 3052 vero
1675 3007 2035 3059 accusatores,

465 3099 732 3153 pauperes
781 3086 847 3139 ad
904 3085 1033 3140 illud
1086 3086 1340 3142 tribunal.
1399 3085 1740 3152 Aspiciamus
1799 3084 2036 3137 omnium

2131 1996 2356 2050 ὀνείδεσι
2403 1995 2646 2066 βάλλεις;
2684 1996 2750 2047 Τί
2805 1993 3084 2065 ποιοῦμεν,
3111 1987 3157 2046 ὦ
3204 1991 3522 2063 ἀνθρωποις
3567 1993 3782 2046 Ais:-

2135 2086 2368 2158 σθῶμεν,
2396 2089 2443 2140 εί
2478 2087 2551 2158 μή
2594 2103 2646 2139 τι
2695 2085 2823 2140 ἄλλο
2891 2085 2995 2138 κᾶν
3038 2083 3137 2156 τὴν
3173 2082 3334 2152 φύσιν
3367 2084 3571 2154 αὑτήν.
3607 2085 3768 2138 ὀτι

2132 2177 2322 2248 ὁμοίαν
2357 2179 2586 2242 πάντες,
2623 2176 2855 2247 πένητές
2889 2193 2948 2229 τε
2981 2175 3074 2229 καὶ
3112 2175 3382 2240 πλούσιοι,
3413 2173 3593 2244 φύσιν
3645 2177 3770 2229 καὶ

2133 2267 2310 2338 ψυχὴν
2341 2267 2738 2338 μετηλείχαμεν
2774 2266 2906 2335 (ΞΟ),
2925 2267 3020 2319 καὶ
3047 2266 3136 2334 ὑφ’
3163 2266 3240 2319 ἑνὶ
3271 2265 3489 2338 πλάστῃ
3523 2268 3770 2330 πάντες

2137 2357 2727 2430 πεπλαστουργήμεθα,
2755 2359 2848 2410 καὶ
2867 2357 2923 2410 ἓν
2941 2359 3037 2428 τῆς
3056 2357 3324 2420 υἱοθεσίας
3355 2359 3449 2410 καὶ
3493 2360 3762 2427 ἀναγεν-

2135 2452 2343 2522 νήσεως
2370 2450 2530 2520 ἡμῶν
2558 2448 2618 2501 τὸ
2656 2447 2898 2517 ἀξίωμα’
2938 2448 3060 2512 κᾶν,
3095 2449 3194 2502 οὐκ
3235 2445 3330 2502 οἷδ’
3360 2451 3535 2513 ὅπως,
3563 2454 3604 2522 ἡ
3645 2451 3756 2505 τοῦ

2140 2541 2255 2611 βίου
2303 2543 2534 2604 ἀστατος
2598 2539 2741 2610 φορά
2785 2539 3002 2604 ἀνίσους
3045 2541 3143 2604 τὰς
3183 2539 3276 2594 τοῦ
3329 2540 3427 2611 ζῇν
3463 2543 3756 2612 ἀφορμὰς

2136 2636 2248 2697 τοῖς
2293 2630 2602 2704 ἀνθρώποις
2639 2632 3012 2703 διεμερίσατο·
3049 2631 3109 2686 τὸ
3148 2632 3210 2704 δὴ
3263 2633 3469 2703 μεῖζον,
3503 2634 3588 2686 ὅτι
3649 2639 3756 2688 καὶ

2141 2725 2231 2792 ὑφ’
2261 2724 2341 2776 ἑνὶ
2387 2725 2547 2796 κριτῇ
2593 2723 2991 2795 κριθησόμεϐα.
3021 2723 3184 2776 Ταῦτ’
3227 2722 3319 2778 οὖν
3359 2725 3588 2788 sia-61:;
3630 2728 3754 2791 Em;

2137 2816 2430 2888 έστηκενή
2472 2819 2806 2886 πανήγυρις,
2850 2816 2919 2868 τὰ
2949 2817 3048 2886 τῆς
3091 2817 3366 2888 σωτηρίας
3403 2817 3469 2870 δι’
3498 2817 3756 2889 ἐλεημο-

2146 2906 2313 2976 σύνης
2367 2907 2554 2975 ἐφόδια
2613 2906 2988 2977 ὠνησὼμεθα,
3041 2908 3134 2961 καὶ
3191 2909 3518 2980 σπεύσωμεν
3580 2915 3756 2980 σχεῖν

2143 2996 2496 3066 συνηγόρους,
2527 2999 2620 3050 καὶ
2668 2999 2742 3069 μὴ
2795 2998 3166 3070 κατηγόρους,
3213 3001 3306 3054 ἐπὶ
3353 3001 3446 3054 τοῦ
3484 3001 3754 3073 βήματος

2141 3084 2352 3138 ἐκείνου
2392 3085 2518 3148 τοὺς
2549 3085 2808 3156 πένητας.
2845 3087 3072 3158 Ἴδωμεν
3112 3090 3246 3161 πρὲις
3288 3089 3378 3143 τὸν
3411 3091 3518 3144 τῶν
3561 3095 3755 3146 ἀπάν-

467 3175 882 3237 domiuatorem,
925 3184 981 3229 et
1025 3175 1116 3244 qui
1147 3175 1326 3227 omnia
1369 3174 1798 3244 supergreditur,
1852 3175 2034 3228 Domi-

2146 3191 2252 3228 των
2292 3176 2600 3247 κρατοῦντα
2640 3178 2736 3232 καὶ
2777 3179 3114 3252 ὑπερέχοντα
3165 3181 3390 3254 Κύριον,
3438 3183 3556 3246 πῶς
3609 3186 3753 3238 καθ’

469 3279 636 3327 num,
696 3263 968 3332 quomodo
1025 3263 1323 3333 quotidiea
1375 3265 1533 3320 nobis
1581 3264 1648 3320 ad
1705 3267 2039 3320 iracundiam

470 3363 814 3424 provocatus,
861 3352 1086 3411 affectus
1129 3355 1490 3422 contumeliis,
1526 3371 1631 3411 non
1668 3358 1783 3411 odit
1823 3367 2041 3422 tamen,

471 3460 578 3499 non
605 3452 886 3500 aversatur
921 3463 935 3499 :
971 3447 1066 3500 sed
1113 3455 1328 3515 rogatus
1376 3461 1404 3500 a
1459 3445 1646 3510 nobis,
1690 3448 1870 3501 statim
1904 3449 2045 3517 quod

471 3535 628 3591 nobis
657 3535 785 3591 utile
813 3537 913 3600 sit,
945 3537 1203 3608 indulget.

541 3627 681 3682 XIX.
720 3629 798 3684 Ac
853 3629 993 3683 Deus
1050 3629 1268 3699 quidem
1328 3628 1431 3684 hoc
1470 3631 1665 3694 modo;
1727 3636 1781 3682 et
1831 3627 2046 3697 quidem

473 3719 636 3782 Deus,
670 3728 726 3774 et
755 3718 824 3773 ab
853 3719 1080 3789 ingratis
1111 3719 1286 3775 servis
1329 3728 1604 3774 exoratus.
1656 3717 1766 3773 Nos
1793 3733 1921 3773 vero
1950 3719 2047 3774 lto-

474 3813 672 3867 minem
725 3823 921 3868 nostrai
973 3811 1306 3868 conformem
1359 3823 1588 3875 natura),
1631 3812 1722 3880 qui
1775 3826 2049 3882 nunquam

476 3917 574 3957 nos
603 3902 874 3970 irritavit,
913 3903 1041 3972 quin
1078 3903 1260 3972 potius
1294 3917 1421 3957 suos
1458 3901 1744 3971 appellavit
1791 3901 1952 3956 heros
1997 3910 2052 3954 et

475 3993 747 4058 dominos,
771 4003 824 4048 et
853 3994 898 4048 si
930 4009 1036 4063 qua
1072 4003 1198 4048 sunt
1225 3993 1279 4048 id
1309 4009 1478 4064 genus
1502 3993 1626 4057 alia,
1656 4005 1713 4046 ut
1746 3993 1811 4046 ad
1839 3992 2052 4047 miseri-

476 4084 715 4138 cordiam
748 4086 1048 4140 attraltcret
1086 4105 1099 4140 :
1136 4086 1279 4140 hunc
1309 4100 1406 4139 nos
1434 4083 1784 4154 despicimus,
1811 4085 1861 4138 ei
1895 4099 2053 4140 aures

477 4184 692 4228 nostras
727 4173 1052 4239 claudimus,
1100 4175 1266 4230 veluti
1312 4174 1459 4244 aspis
1507 4177 1767 4230 adversus
1809 4175 2054 4228 incautas

479 4272 681 4317 menta.
723 4263 1001 4330 Quomodo
1027 4275 1154 4320 sunt
1179 4267 1294 4319 haec
1330 4265 1679 4334 benignitatis
1709 4279 1773 4318 ac
1811 4278 2058 4334 compas-

478 4352 648 4407 siOuis
677 4353 876 4420 digna?
907 4364 962 4408 et
991 4369 1095 4410 non
1132 4356 1310 4423 potius
1356 4364 1544 4408 contra
1607 4353 1887 4408 szevissimi
1923 4369 2057 4421 sup-

478 4442 660 4512 plicii?
716 4444 896 4500 Bonus
948 4455 1031 4500 est
1084 4447 1243 4510 Deus,
1300 4447 1500 4516 quippe
1554 4446 1644 4515 qui
1695 4447 1841 4500 hunc
1893 4445 2056 4500 etiam

2147 3268 2380 3337 ἑκάστην
2413 3269 2500 3338 ὑφ’
2532 3270 2688 3340 ἡμῶν
2728 3271 3218 3342 παροργιζὸμενος,
3263 3273 3642 3346 ὑϐριζόμενος,
3680 3281 3752 3332 οὐ

2149 3360 2317 3428 μισεῖ,
2341 3359 2441 3411 οὐκ
2464 3360 2889 3429 ἀποστρέφεται,
2937 3362 3053 3415 ἀλλ’
3075 3362 3389 3434 αἰτούμενος
3411 3368 3750 3437 παρ’ήμῶν,

2147 3448 2311 3512 εὐθὺς
2344 3450 2403 3502 τὸ
2436 3451 2714 3523 συμφέρον
2741 3453 2874 3523 ⁴ἡμῖν
2901 3453 3187 3525 ἐπαφίησι.

2223 3628 2321 3684 ΙΘ’.
2363 3631 2474 3683 Καὶ
2503 3631 2532 3683 ὁ
2569 3632 2666 3701 μὲν
2694 3633 2825 3696 Θεὸς
2898 3634 3092 3700 οὕτως,
3121 3637 3214 3690 καὶ
3246 3635 3416 3690 ταῦτα
3453 3637 3609 3702 Θεὸς,
3642 3643 3754 3694 καὶ

2152 3720 2258 3772 ὑπὸ
2285 3721 2614 3793 ἀγνωμόνων
2643 3723 2845 3777 δούλων
2875 3725 3304 3797 λιτανευόμενος.
3343 3729 3528 3799 Ἡμεῖς
3554 3729 3614 3782 δὲ
3646 3733 3754 3784 τὶν

2151 3813 2409 3884 ὁμογενῆ,
2461 3814 2551 3868 τὸν
2607 3815 2874 3886 μηδέποτε
2911 3818 3054 3888 ὑμᾶς
3111 3819 3225 3890 (2|)
3268 3823 3749 3892 παρορμήσαντα,

2157 3905 2358 3975 μᾶλλον
2404 3905 2502 3976 μὲν
2535 3903 2628 3960 οῦν
2669 3907 2761 3960 τὸν
2813 3908 3082 3974 δεσπότας
3132 3915 3224 3966 καὶ
3272 3913 3493 3982 κυρίους
3539 3916 3750 3984 αὐτοῦ,

2155 4000 2248 4052 καὶ
2279 3999 2378 4053 ὅσα
2413 3999 2660 4066 τοιαῦτα,
2699 4001 2988 4069 καλοῦντα,
3019 4003 3086 4055 ἵν’
3121 4005 3208 4058 ἐπ’
3243 4004 3390 4059 ἔλεον
3433 4006 3752 4080 ἐφελκύσηο

2154 4107 2266 4152 ται,
2306 4091 2660 4162 παρορῶμεν,
2693 4093 2786 4145 καὶ
2815 4093 3174 4166 ἀποκλείομεν
3199 4095 3267 4149 τὰ
3296 4090 3430 4161 ὦτα,
3462 4098 3537 4162 ὡς
3569 4100 3750 4164 ἀσπὶς

2158 4185 2294 4256 πρὸς
2345 4186 2654 4256 ὲπᾴσματα.
2702 4187 2814 4240 Καὶ
2852 4188 2954 4241 ποῦ
3002 4187 3174 4243 ταῦτα
3226 4190 3654 4262 φιλανθρωπίας,
3704 4196 3744 4264 ἢ

2159 4276 2531 4346 συμπαθείας;
2565 4278 2874 4333 τούναντίον
2914 4280 3014 4349 μὲν
3048 4277 3160 4346 οῦν,
3194 4283 3286 4335 καὶ
3316 4283 3585 4354 τιμωρίας
3615 4301 3746 4351 στο-

2157 4367 2310 4438 δρᾶς.
2347 4369 2575 4437 Ἀγαθὸς
2619 4371 2647 4423 ὁ
2693 4369 2846 4433 Θεὸς,
2889 4372 2969 4424 ὅτι
3021 4372 3120 4426 κᾶν
3155 4375 3343 4427 τοῦτον
3376 4375 3465 4428 τὸν
3512 4376 3650 4447 ἀέρα
3680 4378 3744 4428 ἰν

2159 4459 2518 4530 ἀναπνέομεν,
2554 4462 2648 4514 καὶ
2678 4460 2777 4524 τὰς
2814 4462 2922 4516 τῶν
2955 4464 3164 4518 ὑδάτων
3199 4467 3404 4538 ῥύσεις,
3436 4468 3527 4520 καὶ
3556 4467 3615 4518 τὸ
3643 4470 3740 4520 τοῦ

479 4548 660 4588 aerem
699 4550 866 4603 quem
915 4538 1265 4605 respiramus,
1307 4551 1568 4605 aquarum
1605 4537 1730 4592 item
1769 4539 2038 4591 decursus

2157 4549 2308 4621 ἡλίου
2338 4550 2472 4619 φῶς,
2503 4550 2680 4615 ἐξίσου
2707 4553 2869 4606 πᾶσιν
2894 4554 3139 4622 ἀφθόνως
3168 4537 3512 4627 ὲφήπλωσεν,
3537 4557 3738 4626 ὁμοίιος

479 4636 534 4678 et
564 4626 724 4694 hujus
751 4629 880 4683 solis
915 4627 1118 4693 lumen,
1172 4629 1422 4682 omnibus
1452 4643 1517 4680 ex
1558 4642 1710 4696 aequo
1745 4627 1861 4681 sine
1911 4627 2053 4681 invi-

479 4716 568 4770 dia
598 4718 844 4785 exposita
871 4719 1062 4782 voluit,
1108 4719 1309 4774 ditibus
1353 4720 1574 4787 perinde
1606 4730 1662 4774 et
1705 4719 2050 4788 pauperibus.

482 4803 866 4858 Verumtamen
907 4806 1084 4861 nullus
1128 4821 1424 4876 pauperum
1463 4807 1630 4863 libere
1669 4807 1752 4862 vel
1787 4809 2052 4862 tantillum

483 4894 586 4950 hoc
618 4909 742 4950 aere
780 4897 1141 4968 participavit,
1173 4909 1266 4953 aut
1294 4901 1398 4954 bac
1430 4899 1548 4952 lure
1584 4897 1799 4954 fruitur.
1833 4897 1938 4954 Sed
1972 4900 2058 4954 vel

485 4994 774 5053 antequam
804 5004 866 5042 ex
902 5001 1054 5046 utero
1085 4992 1385 5061 prodirent,
1430 4992 1630 5060 rapina:
1670 4992 1852 5046 miseri
1886 4992 2059 5046 Immi-

487 5091 582 5131 nes
641 5081 870 5148 expositi
933 5081 1313 5138 fuerunt:ch
1377 5083 1552 5153 pretio
1614 5085 1784 5152 ipsam
1851 5098 2063 5153 quoque

486 5167 898 5237 respirationem
943 5174 1160 5229 sibimet
1189 5186 1664 5244 comparaverunt,
1711 5177 1766 5232 in
1797 5177 1979 5250 jugera
2010 5186 2063 5234 et

489 5271 664 5326 actus,
701 5269 1151 5334 quemadmodum
1211 5278 1410 5323 terram
1467 5278 1524 5324 et
1573 5283 1742 5333 mare,
1775 5270 1855 5324 sic
1892 5271 2059 5326 etiam

490 5366 669 5409 aerem
697 5356 840 5412 hunc
873 5359 1015 5414 inter
1042 5375 1161 5416 sese
1195 5361 1556 5432 partientibus
1583 5362 1862 5418 divitibus.

563 5488 587 5520 ’
618 5487 757 5544 Psal.
786 5506 896 5546 cxt.

712 5607 870 5686 [forte
901 5612 1305 5686 ὲπαρκέσαιμιῖ

585 5674 916 5757 'l7‘)_l\'_nlln:
937 5674 1122 5738 dubito
1150 5674 1281 5756 quin
1306 5683 1592 5756 legendum
1627 5686 1696 5742 sit
1731 5685 2056 5752 κοποῦτῦαι,

494 5742 730 5813 fatigari.
763 5747 857 5802 lia.
884 5748 1119 5809 ΡΑτιιοι..
1167 5742 1200 5814 ’,

565 5815 675 5886 (l8)
713 5817 924 5873 Καλῶν.

2162 4642 2436 4706 πλουσίοις
2471 4644 2564 4695 καὶ
2613 4644 2874 4714 πένησιν·
2909 4645 3030 4698 ἐπεὶ
3069 4647 3245 4710 ούδεὶς
3293 4650 3536 4720 πενήτων
3580 4647 3734 4698 ἐλευ-

2162 4731 2356 4802 θέρως,
2386 4732 2491 4786 κᾶν
2519 4733 2767 4788 ὁπωσοῦν
2793 4735 2884 4788 τὸν
2919 4737 3058 4807 ἀέρα
3088 4737 3402 4807 μετέλαϐεν,
3432 4739 3464 4808 ἧ
3500 4737 3589 4791 τοῦ
3625 4756 3740 4805 go)-

2161 4824 2252 4887 τὸς
2285 4825 2723 4896 καταπὴλαυσεν.
2766 4827 2905 4880 Ἀλλ’
2933 4827 2966 4897 ἢ
3001 4827 3162 4898 πρινὴ
3191 4828 3288 4896 τῆς
3324 4829 3560 4897 γαστρὸς
3593 4827 3739 4894 ἐξελ-

2164 4915 2296 4981 θεῖν,
2326 4917 2662 4988 ἀνὰρπαστοι
2691 4917 2757 4971 ἂν
2785 4919 2833 4971 οἱ
2861 4919 3081 4972 δείλαιοι
3107 4917 3388 4985 γεγόνασιν
3408 4933 3421 4945 ο
3449 4917 3481 4987 ἢ
3511 4918 3743 4991 ὠνητῶς

2163 5009 2257 5061 καὶ
2286 5009 2346 5060 τὸ
2369 5010 2627 5063 ἀναπνεῖν
2649 5011 2735 5079 ἐφ’
2760 5012 2970 5072 ἑαυτοῖς
2996 5007 3398 5074 ἐπεσπάσαντο,
3422 5009 3502 5073 εἰς
3530 5009 3744 5083 πλέθρα

2161 5101 2255 5153 καὶ
2285 5101 2478 5174 μέτρα,
2505 5103 2580 5167 ὼς
2611 5103 2709 5173 τὴν
2739 5104 2841 5172 γῆν
2868 5103 2960 5154 καὶ
2991 5102 3090 5171 τὴν
3114 5100 3410 5170 θάλασσαν,
3437 5103 3544 5157 τῶν
3579 5104 3744 5159 πλου-

2159 5191 2397 5246 τούντων
2428 5195 2602 5248 ταῦτα
2628 5192 3118 5268 διαμερισαμένων.

2237 5614 2349 5688 (19)
2389 5614 2529 5683 Lege
2571 5608 2730 5688 (ovo:
2761 5613 2822 5668 Θ.
2857 5631 2917 5667 π.
2936 5631 2997 5688 fc.
3035 5615 3268 5688 πατέρα.

2239 5685 2351 5823 (Ξοζ
2394 5688 2472 5736 An
2511 5683 2958 5755 μετειλήφαμενῗ

2240 5757 2319 5823 (Ἡ
2403 5755 2597 5823 Ἢμᾶς.

2240 5757 2319 5824 (at
2333 5756 2350 5823 )
2403 5756 2597 5824 Ἢμᾶς.
