4118 6448
421 463 443 516 I
458 464 556 518 ΒΤ]

1518 459 1611 514 DE
1650 456 1873 515 FESTO
1913 457 1966 512 S.
2014 458 2385 525 THEGDORI,
2427 459 2580 515 ETC.

3550 466 3686 522 1838

490 580 538 629 K
563 616 576 630 .
615 577 679 628 Ὢ
700 574 1087 646 σκληρότητοςί
1123 573 1167 625 ὣ
1191 574 1498 644 ὠμότητος-ἰ
1526 574 1648 629 ’Ότι
1667 574 1758 628 καὶ
1781 575 1946 639 ζῶσιν
1963 574 2010 626 οἱ

2187 572 2303 627 XX.
2346 574 2389 628 Ο
2448 575 2731 630 duritiem!
2782 590 2813 629 ο
2863 575 3273 630 crudelitatem!
3330 577 3479 645 Quod
3526 583 3685 634 etiam

414 667 686 735 πένητες,
722 663 918 735 μικροῦ
940 663 1052 731 (‘22)
1073 663 1512 734 δυσχεραίνομεν.
1537 663 1998 734 Μηδαμῶς-τοῦτο,

414 749 462 806 ὦ
498 756 644 823 φίλοι
692 758 786 808 καὶ
823 756 1074 823 ἀδελφοί’
1121 755 1194 825 μὴ
1242 756 1555 826 ποιήσωμεν
1600 754 1690 807 διὰ
1742 750 2002 825 ἀσυμπα-

416 844 573 907 θείας
617 845 710 897 τὸν
745 846 949 917 πένητα
1006 845 1285 916 Λεὲιζζοιρον⁹
1329 847 1400 916 μή
1446 862 1564 908 πως
1607 846 1773 915 ἡμᾶς,
1812 845 1885 908 ὡς
1912 845 2003 898 τὸν

415 936 700 1000 πλούσιον,
746 937 907 999 αὐτὸς
938 938 1146 989 ἐκεῖθεν
1194 936 1473 1010 ἀποδείξῃ·
1518 935 1653 1006 μηδὲ
1698 934 1795 1005 τὴν
1849 938 2005 1005 χεῖρα

414 1026 585 1078 αὑτοῦ
642 1027 791 1097 ὃλην,
841 1027 928 1078 ἐπ’
967 1028 1114 1078 ἔλεον
1164 1029 1298 1098 ἡμῖν
1351 1026 1476 1098 ἄρτι
1533 1025 2001 1096 προϐεϐλημένην,

415 1115 892 1186 ἀποστραφῶμεν,
928 1116 1006 1178 ὡς
1055 1115 1122 1168 ἂν
1158 1115 1232 1185 μὴ
1263 1114 1544 1186 δεηθῶμεν
1576 1114 1785 1167 ἐκεῖθεν
1824 1115 1918 1166 καὶ
1947 1113 2007 1165 τὸ

412 1206 724 1275 ἀκρότατον
755 1205 847 1258 τοῦ
883 1206 1143 1259 δακτύλου
1181 1205 1367 1270 αὑτοῦ,
1401 1206 1495 1259 καὶ
1522 1206 1583 1257 οὐ
1613 1206 1884 1274 τύχωμεν.
1920 1204 2006 1274 Μὴ

414 1297 781 1367 φθονήσωμεν
816 1297 1191 1367 συμμεριστὰς
1235 1296 1337 1350 κᾶν
1382 1296 1492 1349 τῶν
1528 1296 1796 1367 περιττῶν
1835 1312 2006 1368 προσ-

414 1385 685 1441 λαϐέσθαι
734 1389 864 1452 τοὺς
918 1388 1195 1457 πένητας,
1244 1389 1321 1452 ὡς
1376 1388 1442 1443 ἂν
1504 1389 1578 1459 μὴ
1644 1387 2003 1460 ἀκούσωμενο

428 1477 782 1531 Ἀπελάϐετε
826 1477 899 1531 τὰ
953 1479 1145 1548 ἀγαθὰ
1205 1478 1373 1547 ὑμῶν
1424 1479 1493 1532 ἐν
1539 1478 1616 1546 τῇ
1664 1477 1777 1545 ζωῇ
1819 1477 2004 1548 ὑμῶν.

416 1568 612 1623 Πάντα
648 1571 952 1639 οἰχήσεται,
989 1571 1165 1623 πάντα
1213 1572 1578 1641 παρέρχεται,
1621 1573 1654 1641 ἡ
1689 1571 1745 1623 δὲ
1780 1572 2008 1641 ἐλεημο-

423 1655 564 1725 σύνη
599 1657 680 1718 είς
712 1657 802 1709 τὸν
841 1657 1012 1709 αίῶνα
1068 1657 1236 1726 μένει.
1273 1658 1437 1709 Οὐδὲν
1481 1658 1559 1727 τῷ
1617 1659 1717 1729 βίῳ
1794 1677 2009 1714 συνεισ-

416 1748 750 1817 ενέγκαμεν.
782 1748 967 1801 Πάντα
984 1748 1115 1811 Θεὸς
1152 1750 1283 1818 ἡμῖν
1318 1750 2012 1822 ἐχαρίσατο.Χαρισώμεθα

414 1840 518 1892 ικαὶ
552 1838 708 1891 αύτώ⁸
755 1840 869 1902 τοῖς
916 1839 1210 1908 δεομένοις.
1250 1840 1312 1891 Εἰ
1371 1841 1464 1893 καὶ
1510 1841 1646 1894 Θεοῦ
1688 1844 1847 1907 εἰσιν,
1892 1842 2008 1897 ἀλλ’

2108 665 2298 719 vivunt
2364 680 2651 737 pauperes,
2706 668 3091 737 pmpemodum
3155 670 3377 724 moleste
3438 671 3682 727 ferimus.

2103 753 2259 809 Nullo
2290 758 2468 824 modo,
2500 772 2532 813 ο
2563 758 2723 812 amici
2752 768 2803 812 et
2832 757 3049 823 fratres,
3095 758 3238 814 istud
3262 760 3684 821 committamus.

2103 856 2188 912 ut,
2240 855 2457 917 propter
2492 848 2991 902 immisericordiam
3031 858 3304 915 nostram,
3345 864 3547 917 pauper
3593 849 3689 918 qui

2104 944 2203 1000 est,
2232 933 2467 989 Lazarus
2505 935 2628 999 flat;
2673 950 2739 990 ne
2780 934 2918 989 forte
2943 951 3062 1003 nos,
3105 938 3262 990 sicuti
3301 939 3541 1001 divitem,
3573 940 3688 1007 ipse

2104 1039 2171 1078 ex
2200 1038 2265 1078 eo
2299 1024 2417 1077 loco
2444 1024 2712 1078 ostendat.
2747 1022 2861 1077 Non
2904 1038 3217 1078 aversemur
3262 1034 3428 1077 totam
3462 1040 3682 1077 manum

2107 1114 2225 1181 ejus
2254 1114 2453 1169 dudum
2490 1115 2645 1169 nobis
2672 1114 2738 1168 ad
2772 1114 3195 1169 misericordiam
3229 1126 3555 1185 porrectam,
3612 1133 3679 1168 ne

2106 1204 2246 1260 forte
2292 1214 2537 1274 Optemus
2585 1220 2651 1260 ex
2701 1221 2765 1261 eo
2807 1207 2927 1260 loco
2960 1219 3259 1263 extremum
3304 1210 3488 1263 saltem
3532 1209 3682 1279 digizi

2102 1292 2243 1361 ejus,
2274 1301 2328 1347 et
2362 1292 2607 1348 obtinere
2655 1308 2756 1347 non
2788 1295 3078 1364 possimus.
3132 1295 3242 1350 Neu
3290 1305 3433 1348 tanta
3466 1295 3679 1349 labore-

2108 1400 2228 1440 mus
2253 1384 2473 1448 invidia.
2502 1393 2560 1438 ut
2584 1385 2876 1456 participes
2896 1386 3085 1439 saltem
3112 1384 3504 1455 Sttperlluorum
3534 1399 3680 1438 assu-

2109 1491 2255 1531 mere
2283 1491 2549 1546 pauperes
2599 1476 2863 1539 nolimus,
2918 1486 2975 1531 ut
3017 1492 3122 1530 non
3175 1479 3499 1531 audiamus:
3535 1475 3687 1529 Recr-

2107 1568 2258 1636 pistis
2304 1568 2441 1621 bona
2487 1579 2657 1622 rastra
2701 1569 2754 1621 in
2795 1571 2902 1622 vita
2935 1577 3102 1621 rastra
3134 1568 3197 1620 ¹⁶.
3228 1566 3414 1622 Omnia
3468 1568 3685 1626 abeunt.

2106 1658 2285 1712 omnia
2336 1667 2694 1727 pr:etereunt,
2748 1659 3085 1729 elvemos'yna
3145 1673 3271 1713 vero
3327 1659 3378 1711 in
3428 1660 3684 1713 saeculum

2111 1756 2311 1802 manet.
2350 1749 2491 1803 Nihil
2527 1751 2578 1803 in
2608 1750 2773 1803 vitam
2798 1749 3077 1804 intulimus
3108 1768 3122 1805 :
3156 1749 3295 1804 Deus
3322 1750 3500 1803 omnia
3533 1751 3689 1802 nobis

2112 1837 2390 1907 dilargitus
2444 1849 2545 1893 est.
2609 1840 2969 1910 Dilargiamur
3026 1851 3085 1895 et
3146 1856 3244 1896 nos
3299 1841 3683 1911 indigentibus.

416 1930 499 1993 ὼς
533 1931 819 2002 ἡμετέρων
857 1930 1094 1994 πάντων,
1125 1930 1299 1994 οὕτως
1327 1931 1418 1984 τὸν
1455 1933 1645 2002 μισθὸν
1679 1935 1812 2004 ἡμῖν
1846 1934 2008 1998 αὐτὸς

2115 1928 2367 1994 Quamvis
2392 1929 2483 1983 Dei
2513 1930 2621 1983 sint
2653 1931 2862 1995 omnia,
2895 1930 3249 1985 nihilominus
3295 1939 3355 1985 ut
3403 1932 3449 1984 si
3501 1940 3686 1985 nostra

416 2021 737 2076 ἀποδίδωσι.

497 2113 630 2166 KA'.
670 2114 779 2167 Kal
820 2113 868 2165 εί
906 2114 1006 2182 μέν
1040 2130 1125 2176 τις
1158 2114 1266 2166 τῶν
1298 2115 1381 2182 ἐφ’
1412 2115 1543 2185 ἡμῖν
1590 2116 1789 2185 φίλων,
1823 2118 1855 2189 ἢ
1899 2118 2008 2171 τῶν

428 2204 772 2272 μεγιστάνων
801 2206 1233 2275 καταφρονῆσαι,
1261 2205 1336 2275 μὴ
1358 2207 1503 2275 ὃτιγε
1525 2208 1853 2278 χρημάτων,
1878 2208 2013 2261 ἀλλά

416 2293 522 2345 καὶ
550 2292 651 2362 τῆς
682 2293 816 2356 ἰδίας
849 2293 992 2362 ζωῆς
1030 2294 1171 2360 ὑπὲρ
1201 2296 1301 2364 τῆς
1331 2296 1539 2349 ἐκείνου
1576 2296 1799 2366 ἀγάπης
1856 2314 2000 2368 παρ-

430 2384 758 2436 εκελεύσατο
777 2402 789 2413 ·
814 2383 929 2454 μεθ’
948 2385 1081 2453 ὅσης
1111 2386 1417 2456 προθυμίας
1444 2385 1729 2457 πληρῶσαι
1757 2388 1921 2441 αὑτοῦ
1953 2387 2013 2439 τὸ

422 2475 708 2544 ἐπίταγμα
749 2477 1212 2546 ἐπεχειρήσαμεν,
1250 2478 1343 2529 xal
1376 2475 1542 2547 ἔργῳ,
1580 2478 1628 2528 εἰ
1668 2477 1866 2530 οἴονται
1901 2478 2011 2546 (ἓῦ)

418 2565 584 2619 τοῦτο
625 2566 906 2618 ἐκτελέσαι
956 2565 1452 2636 προεθυμήθημεν,
1502 2566 1602 2618 οὐκ
1632 2566 1779 2619 ἔστιν
1815 2569 2009 2620 εἰπεῖν.

420 2657 600 2710 Αὑτοῦ
631 2658 687 2710 δε
718 2658 812 2711 τοῦ
856 2656 1072 2711 πάντων
1104 2658 1261 2721 Θεοῦ,
1295 2659 1389 2710 καὶ
1422 2659 1522 2710 οὐκ
1554 2657 1736 2722 ἄλλου,
1771 2660 2014 2727 ἀναφαν-

419 2749 517 2801 δὸν
552 2750 609 2801 ἐν
661 2752 773 2812 τοίς
823 2750 1177 2817 Εύαγγελίοις
1230 2748 1437 2818 βοῶντα
1483 2748 1630 2819 (9.4)-
1690 2749 1816 2817 Ἐφ’
1863 2750 2015 2803 ὅσον

416 2837 754 2903 ἐποιήσατε
781 2839 873 2893 ἐνὶ
899 2840 1018 2893 τῶν
1043 2839 1324 2908 ἀδελφῶν
1347 2858 1468 2908 μου
1502 2838 1622 2893 τῶν
1649 2840 2011 2909 ἐλαχίστων,

418 2931 563 3001 ἐμοὶ
586 2930 931 2995 ἐποιήσατε,
960 2931 1409 3001 καταφρονοῦμεν
1435 2930 1531 2983 καὶ
1552 2930 1976 3002 παραϐλέπομεν
2000 2948 2013 2996 ;

434 3022 832 3092 Ἀνανήψωμεν
858 3036 874 3051 ο
909 3021 1130 3089 ἴδωμεν,
1164 3021 1239 3084 ὡς
1275 3021 1509 3092 ἐλαφρὸν
1546 3020 1639 3073 καὶ
1678 3021 1912 3091 χρηστὸν
1954 3023 2016 3074 τὸ

422 3113 732 3182 ἐπίταγμα.
790 3112 884 3163 Ἐκ
927 3110 1038 3162 τῶν
1085 3110 1359 3179 περιττῶν
1389 3110 1546 3179 ὑμῶν
1585 3110 1680 3162 καὶ
1726 3112 2017 3181 ἀχρήστων

422 3204 525 3258 καὶ
574 3203 697 3271 είκῆ
740 3200 1011 3270 κειμένων
1060 3200 1433 3269 πραγμάτων,
1476 3200 1576 3269 τὴν
1608 3201 1718 3254 τῶν
1769 3205 2017 3273 οὐρανῶν

426 3293 733 3364 βασιλείαν,
769 3289 888 3359 βοᾷ,
918 3287 1441 3359 πραγματεύσασθε,
1475 3288 1570 3340 καὶ
1598 3289 1659 3340 ού
1691 3288 2011 3360 βουλόμεθα.

423 3381 500 3435 Ὦ
530 3382 671 3434 πόσα
707 3380 1073 3452 θρηνήσομεν,
1114 3380 1242 3432 ὅταν
1269 3377 1644 3449 βουληθέντες,
1680 3380 1833 3435 οὐδὲν
1895 3381 2015 3433 οὐδ-

425 3475 564 3539 όλως
599 3472 715 3545 ίσχύ
724 3490 801 3525 σω
808 3490 905 3542 μεν
936 3473 949 3524 ι

502 3569 630 3623 KB'.
686 3565 825 3619 Ἀλλ’
860 3563 990 3632 ἐγὼ,
1033 3563 1217 3633 φησὶν,
1256 3562 1407 3615 οὐδὲν
1451 3562 1560 3615 τῶν
1597 3562 1911 3630 ἀναγκαίων
1938 3603 1950 3624 ,
1987 3564 2016 3614 ὁ

439 3659 762 3729 πενέστερος
804 3658 968 3726 φήσις
1003 3654 1148 3725 (ἓὸ),
1182 3653 1444 3717 ἀνενόεῶς
1491 3655 1727 3725 εὐπορῶ.
1765 3654 1830 3706 Τί
1870 3656 2011 3725 φήςς

434 3752 555 3804 οὐδὲ
604 3749 815 3820 ψυχροῦ
857 3746 1049 3810 ὓδατος
1085 3746 1343 3816 ποτήριον
1380 3745 1458 3815 τῷ
1491 3744 1885 3818 αίτοῦντιδύνῃ
1914 3762 2016 3797 πα-

434 3845 684 3915 ρασχεῖν;
716 3841 836 3895 οὐδὲ
868 3840 1026 3908 λόγον
1055 3840 1323 3910 χρηστόν;
1355 3840 1464 3891 Kal
1500 3838 1602 3892 ποῦ
1646 3837 1819 3892 ταῦτα
1861 3838 2014 3908 σχοίη

429 3936 584 4004 λόγος
633 3934 779 4005 (26);
815 3933 925 3986 Kal
963 3934 1084 3986 ἀντὶ
1111 3933 1346 3997 τούτων,
1385 3930 1450 4000 (ὣ
1474 3929 1568 3983 τοῦ
1612 3930 1889 4000 θαύματος
1923 3931 2015 3983 καὶ

428 4026 531 4096 τῆς
564 4023 972 4095 εὐσπλαγχνίας
1031 4023 1213 4092 (27)!)
1244 4024 1293 4075 εί
1325 4021 1385 4086 ἐξ
1410 4021 1619 4091 ἀγαθῆς
1643 4021 1738 4075 καὶ
1760 4022 2016 4093 ἀπεριέρ-

428 4133 528 4184 γου
575 4116 806 4169 δίδονται
854 4116 968 4177 τοῖς
1022 4114 1218 4185 πένησι
1257 4114 1649 4185 προαιρέσεως,
1685 4113 1783 4184 τὴν
1818 4112 2014 4166 ἑαυτοῦ

432 4208 712 4279 βασιλείαν
744 4210 772 4260 ὁ
805 4206 939 4269 Θεὸς
970 4204 1127 4275 ἡμῶν
1171 4206 1595 4274 ἀντιπαρασχεῖν
1629 4204 2010 4274 ἐπηγγείλατο.

428 4300 595 4353 Ταῦτ’
627 4296 719 4352 οῦν
754 4299 976 4361 εἰδότες,
1010 4300 1075 4368 τῇ
1114 4297 1336 4367 νηστεία
1370 4297 1467 4367 τῆν
1513 4296 1886 4366 ἐλεημοσύνην
1918 4313 2015 4348 συ·

429 4391 733 4460 ζεύξωμεν,
772 4391 858 4443 ἴνα
892 4385 980 4442 οἷα
1009 4390 1226 4459 πτεροῖς
1261 4388 1428 4457 γῆθεν
1457 4388 1611 4457 ἡμῶν
1640 4391 1673 4457 ἡ
1704 4388 1847 4458 ψυχὴ
1879 4388 2013 4457 πρὸς

429 4481 499 4536 τὰ
532 4483 757 4553 οὐράνια
788 4480 1032 4551 αῖρηται.
1064 4479 1173 4531 Kal
1202 4478 1302 4547 τῆς
1340 4479 1437 4547 μὲν
1474 4479 1727 4548 νηστείας
1760 4479 1866 4531 τῶν
1908 4479 2013 4547 ψυ-

2108 2028 2315 2081 essent,
2351 2019 2429 2073 sic
2459 2018 2598 2073 Deus
2623 2019 2735 2087 ipse
2767 2020 3071 2074 mercedem
3114 2020 3268 2076 nobis
3299 2023 3564 2089 rependit.

2181 2109 2322 2163 XXI.
2361 2111 2437 2164 Ac
2462 2110 2504 2164 si
2534 2110 2656 2178 quis
2690 2111 2984 2165 amicorum
3022 2121 3336 2166 nostrorum
3364 2113 3442 2166 vel
3470 2128 3689 2182 magna-

2130 2209 2240 2253 tum
2276 2209 2626 2254 contemnere
2658 2216 2759 2256 nos
2793 2201 3043 2269 iussisset
3093 2204 3287 2256 nedum
3328 2218 3477 2271 opes,
3508 2204 3599 2257 sed
3635 2213 3688 2256 et

2115 2290 2280 2343 vitam
2317 2299 2555 2344 nostram
2588 2306 2684 2360 pro
2714 2293 2947 2346 amicitia
2978 2292 3120 2347 illius
3141 2336 3156 2356 ,
3185 2303 3381 2360 quanta
3414 2294 3690 2348 aiataiat».

2119 2372 2414 2449 adimplere
2465 2382 2580 2450 ejus
2627 2385 2933 2437 mandatum
2992 2386 3226 2453 aggressi
3275 2383 3589 2447 fuissemus,
3637 2400 3688 2434 νι

2116 2484 2299 2538 Opere,
2329 2472 2372 2522 si
2412 2470 2523 2524 fieri
2561 2473 2842 2539 potuisset,
2878 2473 2927 2525 id
2952 2474 3212 2540 perlicere
3242 2474 3340 2527 nisi
3379 2474 3685 2535 fuissemu~.

2120 2559 2224 2613 dici
2268 2559 2453 2627 utique
2491 2576 2593 2613 non
2637 2572 2830 2629 potest.
2870 2562 2988 2629 Ipso
3024 2577 3151 2617 vero
3186 2565 3421 2618 omnium
3467 2565 3594 2629 Deo,
3635 2578 3688 2616 et

2117 2668 2223 2707 non
2260 2652 2386 2715 alio,
2420 2652 2595 2722 palam
2628 2654 2679 2706 in
2708 2653 3013 2722 Evangeliis
3046 2655 3395 2709 clamitante:
3426 2657 3488 2709 In
3520 2673 3689 2726 quan-

2120 2752 2228 2796 tum
2265 2744 2465 2811 fecistis
2506 2745 2598 2797 uni
2627 2744 2852 2813 fratrum
2896 2762 3125 2799 meorum
3160 2746 3517 2809 minimarum,
3556 2748 3684 2800 mihi

2118 2836 2313 2904 fecistis
2343 2838 2408 2900 “,
2440 2835 2825 2891 floccifacimus
2842 2847 2892 2890 et
2917 2838 3687 2907 tergiversantur?Resipisca-

2121 2944 2261 2982 mus.
2297 2930 2651 2985 A'tendamus
2680 2944 2838 2997 quam
2865 2930 2977 2986 leve
3003 2941 3055 2986 et
3085 2932 3213 2985 utile
3245 2932 3315 2985 sit
3338 2931 3437 2984 hoc
3467 2934 3689 2986 manda-

2126 3031 2257 3073 tum.
2288 3019 2360 3073 Ex
2391 3021 2671 3092 superﬂuis
2701 3022 2893 3076 vestris
2921 3032 2973 3077 et
3000 3022 3277 3077 inutilibus
3305 3033 3359 3077 et
3391 3023 3441 3075 in
3472 3038 3687 3077 cassum

2121 3106 2411 3161 reconditis
2450 3114 2627 3169 rebus.
2662 3116 2875 3171 clamat,
2913 3109 3221 3163 mercamini
3259 3124 3478 3178 regnum
3518 3111 3687 3163 coelo-

2129 3212 2271 3263 rum,
2325 3207 2379 3250 et
2428 3197 2692 3251 nolumus.
2766 3198 2897 3253 Ob!
2956 3208 3282 3267 quantopere
3349 3197 3689 3267 eiulabimns,

2121 3289 2339 3355 quando
2393 3288 2443 3338 id
2499 3289 2757 3354 volentes,
2826 3289 2971 3343 nullo
3028 3299 3205 3344 tamen
3257 3304 3478 3360 prorsus
3535 3295 3691 3343 modo

2118 3373 2420 3441 poterimus
2446 3374 2458 3425 ί

2190 3549 2353 3604 XXII.
2393 3552 2462 3605 At
2504 3552 2645 3605 enim
2706 3566 2839 3622 ego,
2886 3562 3140 3607 causatur
3181 3569 3484 3623 pauperior.
3559 3560 3692 3614 nihil

2119 3643 2201 3697 vel
2251 3644 2579 3712 parcimonia
2622 3646 2853 3711 abundo,
2910 3655 2969 3698 ut
3021 3650 3343 3701 necessariis
3388 3664 3493 3703 non
3550 3651 3690 3704 indi-

2119 3748 2297 3801 geam.
2333 3732 2471 3799 Quid
2517 3733 2635 3786 ais?
2663 3749 2731 3787 ne
2773 3734 3018 3803 pocnlmu
3060 3736 3274 3804 quidem
3301 3753 3453 3806 aqua:
3488 3738 3693 3808 frigida:

2122 3822 2415 3892 postulanti
2456 3823 2713 3877 exhibere
2753 3824 2947 3890 potes?
2983 3840 3048 3878 ne
3088 3826 3284 3879 bonum
3314 3828 3528 3894 quidem
3569 3844 3691 3881 ver-

2119 3914 2281 3970 bum?
2315 3915 2597 3982 Quomodo
2628 3915 2921 3984 probabilia
2952 3916 3062 3970 haec
3096 3932 3215 3971 esse
3240 3917 3501 3986 possunt?
3530 3918 3690 3972 Atta-

2123 4022 2244 4059 men
2293 4023 2389 4075 pro
2420 4007 2567 4061 hisce
2608 4010 2765 4061 rebus
2802 4005 2879 4076 (0
2919 4007 3235 4061 miraculum
3263 4020 3313 4061 et
3356 4010 3561 4062 viscera
3591 4013 3692 4062 mi-

2117 4097 2426 4151 sericordiae
2447 4097 2506 4166 I),
2529 4097 2571 4152 si
2593 4110 2657 4150 ex
2688 4096 2826 4150 bona
2845 4106 2898 4151 et
2927 4111 3029 4151 non
3057 4097 3232 4151 invida
3262 4097 3533 4153 voluntate
3561 4116 3692 4167 pmi-

2117 4188 2339 4257 peribus
2389 4188 2613 4254 dentur,
2665 4203 2820 4241 suum
2880 4188 3047 4256 ipsius
3110 4203 3330 4258 regnum
3382 4189 3518 4244 Deus
3572 4204 3691 4244 sese

2120 4279 2357 4333 vicissim
2406 4279 2560 4332 nobis
2604 4279 2855 4332 daturum
2901 4280 3171 4344 pollicitus
3204 4291 3304 4334 est.
3354 4279 3478 4335 Haec
3526 4284 3689 4351 igitur

2125 4372 2381 4436 scientes,
2403 4371 2610 4441 jejunio
2640 4382 2825 4425 nostro
2848 4373 3244 4442 elcemOsynam
3271 4375 3605 4442 copulemus,
3633 4388 3691 4427 ut.

2117 4462 2439 4529 quibusdam
2468 4465 2621 4530 quasi
2658 4464 2755 4516 alis
2785 4466 2849 4517 de
2886 4465 3049 4518 humo
3084 4466 3150 4518 ad
3195 4466 3435 4520 cmlestia
3471 4456 3691 4535 spiritus

432 4571 607 4642 χικῶν
640 4572 787 4641 ἡμᾶς
812 4569 1000 4621 παθῶν
1024 4567 1493 4638 ἀπαλλαττούσης,
1522 4567 1623 4637 τῆς
1647 4568 1769 4638 ἐλεη
1780 4569 2010 4637 μοσύνης

2121 4566 2304 4609 noster
2328 4555 2659 4609 sublevetur.
2689 4555 2989 4624 chejunio
3016 4556 3232 4626 quidem
3263 4560 3328 4611 ab
3363 4560 3689 4614 animalibrs

429 4662 487 4715 δὲ
522 4662 619 4730 τὴν
651 4659 867 4714 αἰώνιον
909 4657 1279 4730 προξενούσης
1311 4656 1475 4728 ζωὴν,
1513 4660 1571 4710 ἐν
1603 4658 1789 4728 μηδενὶ
1820 4657 2006 4711 λειπό-

434 4770 584 4824 μενοι
623 4751 701 4823 τῷ
730 4749 949 4822 νυμφίῳ
988 4748 1210 4820 Χριστῷ
1240 4749 1690 4819 συνεισέλθωμεν.

501 4927 630 4982 Kl".
672 4924 856 4978 Ταῦτα
888 4926 984 4995 μὲν
1013 4926 1121 4986 τοῖς
1156 4924 1465 4994 συμπαθέσι
1499 4924 1592 4976 καὶ
1627 4924 1898 4995 περισσῶς
1922 4924 2006 4976 εἷο

431 5033 626 5088 ρητα.’
676 5019 790 5079 τοῖς
833 5017 889 5069 δὲ
940 5015 1230 5086 σκληροῖς,
1266 5014 1385 5067 οὐδὲ
1426 5013 1693 5084 συλλαϐῆς
1737 5014 1849 5084 (28)
1896 5010 2012 5067 ἴσον

430 5109 749 5177 φανήσεται.
794 5108 986 5175 Ἡμεῖς
1018 5105 1073 5158 δὲ
1112 5106 1210 5158 σὺν
1242 5104 1452 5167 τούτοις
1481 5104 1571 5157 τὸν
1606 5105 1857 5174 μάρτυρα
1887 5103 2021 5174 πρέ-

438 5216 623 5252 πουσιν
672 5197 863 5266 ὕμνοις
916 5197 1269 5266 ὑμνήσωμεν,
1327 5196 1416 5248 καὶ
1470 5194 1563 5247 τοῦ
1608 5193 1884 5263 θαύματος
1928 5195 2015 5247 ἀεὶ

430 5290 629 5361 νεαρὰν
662 5288 758 5358 τὴν
796 5285 977 5357 πηγὴν
1009 5286 1144 5354 (28‘)
1178 5287 1234 5338 ὲν
1265 5287 1478 5348 ἑαυτοῖς
1511 5284 1917 5354 περιφέροντες,
1943 5282 2021 5352 τῷ

428 5381 722 5449 καλλινίκῳ
747 5380 986 5450 μάρτυρι
1002 5377 1208 5440 πιστῶς
1229 5377 1580 5446 ὲκὸοήσωμεν
1600 5393 1612 5407 ·
1640 5372 1707 5427 Ὦ
1730 5375 2020 5446 μαρτύρων

502 5515 543 5545 ¹⁰
576 5514 703 5568 Luc.
735 5529 845 5577 xvt,
877 5514 967 5568 23.
1172 5511 1212 5544 ¹¹
1256 5510 1447 5566 Matth.
1484 5527 1610 5575 xxv,
1641 5510 1727 5564 40.

503 5645 616 5783 ξὲἓ)
657 5648 814 5703 Forte
852 5651 1046 5719 μικροῦ
1077 5652 1206 5717 δεῖν.

524 5721 612 5783 25)
650 5719 808 5773 Forte
839 5723 886 5773 εἰ
913 5719 1022 5775 οἷόν
1052 5739 1128 5775 τε.

524 5721 612 5785 25)
650 5719 808 5773 Forte
839 5723 886 5773 εἰ
913 5719 1022 5775 οἷόν
1052 5739 1128 5775 τε.

500 5789 613 5854 (2i)
654 5790 910 5853 Βοῶντος.

504 5859 615 5924 ωδ)
654 5862 841 5930 Φήσει,
877 5860 981 5928 vel,
1021 5862 1236 5931 φήσεις,
1275 5873 1367 5916 aut
1394 5863 1572 5933 potius
1598 5858 1787 5929 φειδοῖ,

2119 4659 2219 4697 nos
2267 4643 2607 4712 passionibus
2641 4644 2924 4707 liberante,
2973 4645 3308 4718 eleeniosyna
3353 4664 3480 4703 vero
3524 4650 3688 4703 vitam

2118 4736 2276 4789 nobis
2309 4744 2571 4790 aeternam
2597 4736 2939 4801 conciliante,
2969 4738 3022 4790 in
3049 4738 3192 4792 nullo
3219 4738 3532 4796 deﬁcientes
3562 4757 3685 4797 οιιιιι

2115 4825 2331 4879 Christo
2367 4841 2565 4894 sponso
2589 4827 2747 4879 simul
2774 4828 3123 4881 introeamus.

2188 4912 2379 4969 XXIII.
2427 4920 2551 4971 llaec
2584 4918 2802 4983 quidem
2845 4916 3157 4970 :tll'ccluosis
3192 4918 3494 4973 hominibus
3524 4921 3687 4974 etiam

2118 5007 2326 5062 abunde
2364 5009 2506 5062 dicta
2571 5017 2716 5071 sunt,
2764 5006 2914 5061 duris
2956 5022 3114 5071 vero,
3150 5024 3213 5060 nc
3242 5010 3442 5078 syllaba
3474 5014 3688 5080 quidem

2118 5113 2237 5153 esse
2278 5101 2621 5155 videbuntur.
2674 5098 2780 5155 Nos
2825 5109 3004 5154 autem
3052 5116 3173 5154 cum
3228 5102 3348 5156 istis
3395 5113 3687 5173 martyrem

2118 5193 2377 5261 congruis
2425 5192 2671 5247 laudibus
2714 5208 3124 5262 prosequamur,
3160 5183 3513 5264 miraculiqné
3544 5212 3687 5250 sem-

2120 5296 2217 5350 per
2245 5293 2517 5338 recentem
2553 5285 2603 5337 in
2646 5285 2801 5338 nobis
2838 5284 3037 5338 fontem
3071 5285 3531 5351 circumferentes,
3573 5290 3690 5340 exi-

2121 5375 2243 5427 mite
2302 5376 2540 5429 vietoria:
2595 5376 2819 5446 martyri
2863 5375 3093 5430 fideliter
3144 5376 3534 5432 succlamemus
3582 5395 3596 5432 :
3647 5380 3690 5433 υ

2189 5646 2300 5715 (9.6)
2339 5646 2498 5699 Forte
2521 5645 2695 5712 λόγον.

2190 5718 2305 5785 (27)
2348 5716 2444 5769 Ms.
2478 5717 2755 5784 ἀσπλαγχ.

2189 5790 2297 5853 (‘28)
2339 5785 2581 5851 Συλλαϐὴ
2617 5786 2714 5837 ἴσω
2727 5802 2765 5846 ς.

2190 5859 2326 5926 (28')
2363 5862 2439 5910 All
2475 5858 2726 5926 μνήμηνῖ
2759 5856 2914 5908 Et)”,
