4030 6408
478 400 544 458 Μ
1429 400 1486 454 S.
1528 399 1968 453 AMPI—IILOCIIII
2007 396 2388 453 ICONIENSIS
2426 395 2732 452 EPISCOPI
3649 399 3720 458 42

478 521 560 576 ria
590 518 791 573 scilicet
849 517 1239 586 dignissimum,
1274 531 1379 584 quo
1412 531 1440 569 a
1493 531 1684 586 magno
1718 515 2040 579 Theodosio,
2072 526 2117 576 Α
2145 532 2239 570 cna
2274 530 2288 566 :
2321 530 2438 584 qua:
2473 525 2648 569 tamen
2681 512 2860 568 omnia
2887 514 2951 566 ad
2990 527 3086 568 nos
3132 527 3236 568 non
3291 515 3599 584 pervenisse
3621 520 3716 571 do-

481 608 648 662 invito
675 607 822 673 licet,
851 607 1156 675 impetravit
1181 617 1238 660 ut
1287 607 1612 659 Arianorum
1663 607 2038 660 conventicula

481 707 808 752 vetarentur.
841 696 972 751 Rem
1009 696 1180 751 fusius
1201 709 1420 749 enarrat
1440 695 1796 750 'I‘heodoritus
1830 697 1926 768 (a),
1950 697 2040 750 sed

483 788 657 838 minus
684 797 930 839 accurate
965 785 1296 840 Sozomenns
1349 784 1446 855 (b).
1501 783 1761 838 Nimirum
1808 786 1858 839 in
1893 786 2040 852 pala-

486 877 615 928 tium
640 876 912 945 ingressus
936 875 1282 927 admirandus
1305 875 1394 927 ille
1418 875 1842 941 Amphilochius,
1871 874 2042 928 Theo-

484 973 692 1026 dosium
723 971 938 1039 quidem
970 969 1124 1025 solito
1154 971 1358 1024 honore
1388 979 1704 1037 prosecutus
1735 978 1850 1034 est;
1877 970 2045 1021 Arca-

482 1062 624 1113 dimn
658 1075 784 1113 vero
813 1062 950 1128 patri
977 1069 1267 1122 astantem,
1289 1075 1447 1128 quem
1480 1059 1566 1111 ille
1595 1060 1750 1128 paulo
1779 1069 1904 1112 ante
1934 1061 2046 1112 Au-

481 1159 691 1219 gustum
723 1150 1141 1214 renuntiaverat,
1198 1149 1538 1202 insalutatam
1569 1149 1841 1217 prmteriit.
1893 1149 2040 1214 Quod

481 1242 695 1309 quidem
737 1243 953 1312 indigne
987 1241 1172 1296 ferens
1195 1241 1502 1308 imperator,
1533 1241 1598 1292 de
1624 1239 1714 1292 filii
1737 1249 2041 1306 contemptu

485 1335 625 1400 quod
666 1333 715 1385 in
747 1347 802 1386 se
836 1332 1006 1401 ipsum
1043 1331 1262 1394 recidat,
1296 1345 1415 1383 cum
1447 1331 1696 1396 episcopo
1721 1329 2041 1397 expostulat.

487 1424 634 1476 'I‘nnc
657 1438 782 1477 vero
832 1431 1080 1476 contenta
1133 1436 1264 1475 voce
1307 1419 1760 1494 Amphilochius:
1808 1437 1826 1469 ι
1860 1417 2040 1482 Vides,

486 1514 675 1582 inquit,
708 1513 1017 1581 imperator,
1053 1521 1104 1564 te
1136 1511 1226 1565 lilii
1264 1511 1335 1564 tui
1359 1510 1734 1563 contumeliam
1772 1507 1912 1562 ferre
1939 1525 2041 1562 non

481 1620 667 1674 posse,
716 1606 806 1658 sed
842 1619 1160 1658 succensere
1193 1605 1257 1656 iis
1285 1603 1377 1672 qui
1429 1602 1501 1655 illi
1533 1602 1909 1656 contumeliam
1963 1602 2045 1654 fa-

480 1699 646 1748 ciunt.
674 1694 845 1748 Crede
872 1695 1050 1756 igitur,
1079 1694 1240 1747 Deum
1273 1707 1484 1762 quoque
1511 1692 1668 1760 hujus
1691 1691 1928 1744 universi
1953 1705 2044 1745 eos

480 1786 715 1837 aversari
741 1795 899 1852 atque
929 1785 1054 1838 odio
1089 1783 1306 1843 habere,
1358 1783 1447 1851 qui
1489 1781 1683 1834 Filium
1720 1782 1889 1850 ipsius
1926 1782 2045 1834 uni-

2143 605 2377 658 lcndnm.

2222 695 2282 748 V.
2320 693 2505 762 Neque
2533 693 2687 745 aliter
2724 706 2852 744 sane
2877 691 3224 755 censendum,
3250 691 3292 745 si
3325 701 3634 759 spectentur
3665 694 3718 748 in

2147 787 2338 854 primis
2367 785 2807 853 Atnphilochiana
2845 781 3290 851 fragmenta‘qute
3316 793 3526 836 veteres
3558 785 3713 837 nobis

2143 887 2420 931 servarunt
2450 876 2733 946 iCyriIlns,
2760 876 3000 943 inquam,
3027 875 3440 938 Alexandrinus,
3472 876 3717 930 Theodo-

2143 969 2297 1033 ritus,
2327 968 2639 1020 Anastasius
2676 967 2904 1030 Sinaita,
2943 965 3199 1019 Leontius
3234 964 3578 1036 Byzantinus,
3615 966 3716 1019 Fa-

2143 1060 2345 1112 cundos
2382 1057 2800 1121 llcrmianensis,
2835 1055 3067 1112 Joannes
3101 1058 3485 1122 Damascenus,
3519 1059 3715 1128 aliique

2144 1149 2398 1203 Ecclesia:
2450 1149 2764 1216 scriptores.
2809 1147 2930 1200 Ilzec
2975 1157 3152 1201 autem
3205 1137 3449 1216 magnam
3509 1160 3714 1217 partem

2144 1241 2359 1311 collegit
2391 1241 2788 1295 Combelisius:
2828 1239 3020 1306 quibus
3079 1238 3181 1291 alia
3236 1254 3406 1307 neque
3449 1256 3612 1308 pauca
3661 1251 3716 1295 et

2144 1330 2242 1400 ipsi
2274 1332 2565 1400 adjecimus
2604 1347 2621 1391 ς
2663 1345 2832 1397 caque
2859 1331 3036 1384 omnia
3073 1332 3304 1397 prinmm
3327 1341 3577 1398 congesta
3610 1347 3712 1386 non

2144 1422 2663 1491 Solumdigessimus,
2685 1423 2775 1475 sed
2800 1423 2961 1474 etiam
2985 1435 3110 1473 cum
3131 1421 3336 1488 pridem
3361 1422 3517 1474 editis
3542 1423 3716 1477 denuo

2143 1514 2492 1568 Contulimns.

2217 1602 2303 1656 Vl.
2335 1603 2537 1655 Prmter
2566 1602 2826 1670 ejusmodi
2886 1618 3142 1672 germana
3179 1603 3536 1671 Amphilochii
3583 1619 3713 1672 ope-

2147 1713 2264 1751 rum
2296 1698 2694 1764 deperditorum
2729 1696 3051 1765 fragmenta,
3088 1713 3154 1750 ex
3187 1698 3410 1750 vetustis
3439 1697 3702 1751 ecclesia-

2147 1789 2296 1840 sticis
2326 1788 2680 1856 scriptoribus
2707 1789 3005 1855 desumpta,
3039 1797 3252 1841 exstant
3276 1799 3532 1856 praeterea
3565 1789 3709 1857 ejus-

479 1873 712 1940 genitum
773 1874 1163 1940 blasphemant.
1202 1891 1221 1923 ι
1262 1872 1482 1925 Factum
1529 1871 1835 1937 dictumque
1873 1871 2040 1924 adini-
2073 1855 2116 1914 Β
2146 1880 2264 1933 de...
2314 1855 2484 1932 sancti
2546 1878 2721 1932 Patris
2770 1877 2941 1931 lumbi
2972 1881 3039 1932 ad
3078 1855 3372 1943 Seleucum,
3409 1895 3543 1948 quos
3588 1855 3709 1936 cum

481 1977 625 2017 ratus
657 1965 968 2033 imperator,
1001 1964 1170 2038 legem
1199 1979 1227 2032 ξι
1257 1964 1413 2017 beato
1451 1963 1689 2016 antistite
1721 1961 2041 2030 postulatam

479 2057 746 2126 extemplo
793 2057 929 2109 tulit.
961 2055 1111 2122 Quod
1157 2065 1416 2120 superest,
1475 2055 1614 2106 idem
1642 2053 2043 2121 Amphilochius

480 2163 620 2203 anno
656 2147 759 2201 594
785 2148 1060 2200 desinente
1081 2148 1307 2201 concilio
1327 2145 1916 2213 Constantinopolitano
1944 2146 2043 2199 sub

481 2235 734 2290 Nectario
772 2236 952 2290 habito
979 2227 1241 2298 interfuit,
1299 2236 1350 2289 in
1388 2251 1493 2304 quo
1523 2235 1706 2303 Agapii
1738 2243 1792 2288 et
1824 2234 2043 2304 Bagadii

480 2328 569 2397 qui
594 2328 658 2383 de
707 2328 1018 2383 Bostrorum
1059 2329 1108 2380 in
1147 2327 1359 2381 'Arabia
1391 2327 1701 2394 episcopatu
1759 2327 2043 2380 contende-

482 2421 632 2482 bant,
667 2434 827 2473 causa
862 2419 1077 2473 definita
1106 2427 1207 2472 est.
1242 2417 1364 2471 Post
1387 2419 1501 2472 haec
1540 2428 1717 2471 autem
1760 2431 1866 2486 quo
1908 2425 2042 2469 tem-

481 2523 608 2577 pore
633 2524 936 2578 supremum
972 2510 1111 2563 diem
1149 2509 1344 2562 obierit
1376 2520 1593 2563 sanctus
1628 2508 1846 2576 prtesul,
1901 2508 2040 2562 hami

479 2603 609 2657 satis
635 2602 1094 2670 estexploratum,
1147 2613 1204 2657 ut
1257 2603 1437 2656 videre
1474 2612 1560 2656 est
1602 2604 1656 2656 in
1689 2603 1874 2670 primis
1901 2602 2038 2672 apud

479 2691 880 2747 Tillemontium
907 2691 998 2761 (c).
1031 2691 1164 2746 Illud
1215 2693 1394 2760 potius
1425 2693 1827 2756 attendendum,
1868 2693 2039 2761 ipsum

481 2783 684 2838 scilicet
713 2783 839 2837 dum
865 2783 1039 2837 adhuc
1078 2783 1131 2836 in
1183 2785 1317 2837 vivis
1345 2793 1547 2852 ageret,
1574 2781 1839 2850 Gregorio
1868 2780 2042 2836 Theo-

477 2873 597 2943 Iogo
625 2881 760 2928 teste
793 2873 892 2943 (ά),
927 2873 1196 2928 miraculis
1219 2875 1496 2928 claruisse.
1528 2873 1656 2942 Ejus
1685 2888 1811 2927 vero
1840 2888 2044 2926 memo-

480 2966 557 3016 ria
585 2962 670 3017 die
703 2962 772 3015 25
824 2961 1140 3017 Novembris
1195 2963 1261 3017 ab
1296 2974 1519 3030 utraque
1575 2961 1810 3016 Ecclesia
1849 2963 2041 3017 recoli-

481 3066 589 3110 lttt‘.

2146 1969 2465 2036 metaphrasi
2490 1967 2678 2022 Latina
2708 1969 2936 2036 primum
2980 1969 3144 2023 edidit
3179 1967 3542 2038 Schlens’inga:
3570 1985 3714 2024 anno

2148 2060 2280 2113 “309
2311 2058 2621 2113 .Ioachimus
2655 2058 2947 2112 Zebnerns.
2983 2059 3119 2112 Sunt
3160 2070 3335 2112 autem
3369 2074 3553 2114 versus
3582 2061 3710 2130 555,

2145 2164 2346 2218 eosque
2393 2149 2444 2202 in
2481 2150 2586 2201 line
2623 2149 2941 2202 adnumerat
2971 2150 3196 2215 ipsemet
3252 2159 3436 2202 auctor
3475 2164 3567 2217 per
3603 2161 3713 2206 tres

2146 2242 2527 2296 heeatontadas
2569 2248 2623 2294 et
2663 2240 2895 2293 decadas
2936 2241 3154 2293 totidem
3183 2255 3245 2293 ac
3289 2243 3544 2295 monadas
3579 2251 3709 2307 tres,

2144 2335 2209 2386 ad
2242 2332 2341 2387 SS.
2375 2331 2694 2386 Trinitatem
2722 2331 2965 2385 videlicet
2995 2332 3305 2398 respiciens.
3335 2333 3406 2386 De
3430 2335 3608 2400 operis
3631 2335 3711 2387 in-

2147 2425 2399 2495 tegritate
2440 2424 2707 2476 dissident
2741 2424 2954 2478 eruditi.
2987 2423 3173 2476 Billius
3222 2424 3424 2491 primus
3463 2427 3704 2479 omnium

2145 2517 2242 2568 hos
2274 2515 2482 2568 Iambos
2527 2514 2788 2584 Gregorio
2828 2513 3167 2566 Nazianzeno
3210 2528 3450 2568 asserere
3498 2516 3708 2580 nititur,

2143 2623 2208 2662 ex
2237 2605 2530 2674 antiquarii
2582 2621 2688 2674 quo
2731 2620 2859 2658 usus
2901 2615 2985 2658 est
3027 2603 3326 2671 Imjusmodi
3362 2605 3706 2673 conjectura:

2124 2694 2250 2753 Καὶ
2274 2700 2446 2753 ταῦτα
2475 2685 2620 2751 δώςεῖ
2649 2715 2735 2767 μοι
2762 2696 2855 2749 τοῦ
2895 2696 3152 2764 Θεολόγου
3189 2697 3471 2766 τυγχάνειν
3495 2697 3709 2767 φρενὸς,

2142 2790 2216 2854 ὡς
2247 2791 2394 2859 παρὰ
2427 2789 2774 2860 Ἀμφιλοχίου
2805 2787 3101 2859 γραφέντα·
3142 2785 3270 2840 Hice
3312 2789 3437 2840 mihi
3472 2789 3712 2842 videntur

2144 2897 2174 2930 a
2211 2878 2454 2947 Tlteologi
2505 2888 2672 2929 mente
2722 2877 2972 2944 profecta,
3013 2888 3261 2942 tanquam
3302 2879 3395 2929 sub
3438 2877 3706 2944 Amphilo-

2147 2965 2256 3016 cltii
2281 2967 2486 3017 nomine
2528 2966 2719 3029 scripta
2759 2979 2775 3015 :
2816 2980 2876 3016 ea
2902 2964 3154 3017 nimirmn
3187 2965 3414 3027 ratione,
3441 2980 3542 3034 qua
3590 2965 3700 3019 Na-

2145 3056 2437 3109 zianzenus
2493 3054 2558 3106 ad
2598 3051 2909 3106 Nicobulum
2959 3069 3022 3106 ex
3060 3053 3296 3108 Nicobuli
3333 3056 3422 3107 lilii
3459 3070 3706 3122 persona,

503 3187 506 3190 «
553 3148 638 3200 IV.
674 3146 950 3213 Reliquum
980 3156 1081 3211 est,
1112 3155 1165 3199 ut.
1188 3147 1252 3199 de
1284 3145 1451 3198 sancti
1496 3144 1674 3198 Patris
1703 3145 1872 3198 nostri
1895 3145 2038 3197 Iitte-
2067 3185 2108 3242 Ο
2144 3154 2194 3197 et
2229 3144 2329 3195 alia
2382 3143 2624 3210 quietiam
2660 3141 2723 3193 ad
2762 3141 3082 3194 Vitalianum
3129 3155 3401 3212 parentem
3447 3145 3709 3216 ἄστοργον

480 3254 659 3292 rarum
693 3236 1034 3289 monimentis
1077 3236 1239 3288 verba
1282 3233 1565 3288 faciamus.
1597 3235 1660 3286 Et
1687 3233 2042 3303 Hieronymus

481 3328 691 3396 quidem
720 3325 915 3395 egregii
949 3325 1106 3377 unius
1135 3324 1254 3377 libri
1297 3323 1368 3376 De
1399 3322 1595 3390 Spiritu
1627 3334 1806 3376 sancto
1830 3323 1896 3375 ab
1917 3323 2047 3374 Am-

479 3417 747 3488 philochio
777 3415 1086 3483 conscripti,
1125 3416 1445 3468 mentionem
1497 3413 1668 3482 injicit
1717 3414 1812 3482 (ε).
1865 3413 2045 3480 Neque

452 3507 532 3576 id
560 3520 688 3560 sane
717 3507 908 3558 mirum
950 3544 963 3557 .
1000 3503 1122 3557 Non
1167 3504 1324 3568 enim,
1375 3503 1544 3570 inquit
1577 3503 1669 3572 (Ῑ),
1701 3505 1764 3556 de
1809 3503 1888 3556 Itis
1930 3519 2045 3572 qute

479 3613 582 3651 non
620 3595 742 3664 legi,
771 3611 918 3648 nosse
947 3595 1128 3661 potui;
1161 3603 1207 3646 et
1235 3593 1370 3662 quod
1402 3593 1521 3646 aliis
1570 3592 1790 3662 forsitan
1841 3593 1909 3646 sit
1947 3609 2041 3646 no-

479 3700 612 3751 tum,
647 3687 772 3740 mihi
821 3687 874 3739 in
902 3687 996 3740 hoc
1026 3697 1285 3740 terrarum
1333 3685 1526 3756 angulo
1557 3685 2041 3756 (Bethlehemitico)

479 3776 633 3846 fuerit
668 3770 918 3846 ignotum.
980 3778 1048 3828 At
1084 3789 1210 3829 vero
1263 3774 1401 3828 idem
1449 3773 1636 3827 doetor
1674 3774 1938 3827 maximus
1977 3777 2042 3826 ad

479 3869 725 3936 Magnum
765 3877 1034 3921 oratorem
1058 3867 1299 3920 scribens
1326 3880 1464 3918 anno
1503 3867 1716 3918 circiter
1742 3865 1866 3928 597,
1899 3865 2046 3932 quin-

478 3973 588 4027 que
618 3959 865 4018 nimirum
896 3968 1013 4024 post
1053 3972 1221 4011 annos
1241 3957 1307 4011 ab
1338 3957 1478 4010 edito
1504 3971 1599 4009 suo
1637 3956 1774 4010 libro
1814 3957 1890 4008 De
1921 3957 2043 4009 riris

406 4087 408 4090 -
476 4047 792 4112 illustribus,
827 4064 892 4102 ex
911 4063 1017 4117 quo
1047 4057 1399 4100 memoratum
1437 4062 1573 4114 opus
1595 4046 1671 4099 De
1701 4044 1901 4116 Spiritu
1921 4064 2044 4100 san-

477 4153 560 4203 eto
585 4141 652 4195 ab
702 4138 1074 4209 Amphilochio
1120 4137 1219 4190 sibi
1273 4147 1461 4191 leClllltt
1501 4145 1763 4190 testatur:
1798 4137 2039 4190 eumdem

478 4231 978 4306 praestantissimum
1009 4229 1289 4299 przcsulem
1333 4229 1684 4295 Iconiensem,
1714 4229 1783 4283 ob
1833 4240 2041 4298 specta-

479 4337 587 4387 tam
614 4324 725 4393 jam
760 4333 814 4376 et
878 4323 966 4376 diu
1025 4322 1290 4390 cognitam
1326 4320 1440 4386 ejus
1472 4320 1791 4385 doctrinam,
1847 4320 2041 4374 Basilio

481 4432 672 4486 magno
691 4425 750 4470 ~et
769 4414 1028 4484 Gregorio
1055 4411 1329 4480 Theologo
1353 4421 1597 4480 exaequat
1619 4411 1699 4465 bis
1714 4412 1889 4466 verbis
1920 4412 1993 4480 (g)
2023 4431 2035 4465 :

2147 3234 2378 3302 scripsit.
2411 3253 2426 3284 I
2469 3232 2603 3284 Sunt
2627 3232 2993 3289 nihilominus.
3029 3232 3199 3299 inquit
3237 3234 3587 3288 Combelisius
3605 3236 3707 3306 (Ii),

2148 3328 2258 3379 hare
2288 3325 2507 3384 leviora,
2549 3338 2706 3391 quam
2751 3331 2809 3375 ut
2858 3321 3012 3375 fidem
3044 3323 3286 3376 codicum
3323 3323 3704 3378 vindicantium

2144 3415 2516 3482 Amphilochio
2559 3414 2787 3468 elevent.
2842 3412 3080 3467 Primum
3139 3417 3280 3467 enim
3328 3416 3503 3470 minus
3567 3432 3702 3485 qua-

2145 3505 2301 3556 drant
2348 3503 2434 3557 hic
2490 3503 2660 3568 posita
2715 3503 2780 3556 de
2815 3502 2965 3556 libris
2999 3503 3273 3557 canonicis
3308 3519 3432 3558 cum
3485 3506 3548 3559 iis
3591 3523 3708 3574 quze

2147 3597 2305 3648 habet
2356 3593 2656 3661 Theologus
2687 3593 2800 3664 (i),
2843 3595 2930 3648 ubi
2983 3594 3226 3649 absolute
3283 3597 3593 3665 pronuntiat
3643 3599 3710 3653 de

2144 3683 2291 3737 Pauli
2324 3683 2575 3750 Epistolis
2598 3694 2651 3735 et
2689 3694 2890 3751 septem
2931 3684 3231 3749 catholicis,
3263 3685 3402 3739 nulla
3435 3688 3707 3740 mentione

2144 3775 2264 3829 lihri
2299 3774 2491 3828 Esther
2518 3782 2609 3826 aut
2641 3774 3010 3844 Apocalypsis.
3045 3773 3179 3829 Tum
3210 3775 3335 3844 quia
3364 3777 3610 3830 videntur
3652 3779 3706 3832 hi

2143 3865 2306 3918 Iambi
2364 3880 2466 3917 non
2519 3863 2590 3918 ita
2647 3867 2903 3918 accedere
2950 3864 3014 3917 ad
3060 3865 3383 3919 cothurnum
3418 3866 3703 3936 Gregoria-

2145 3973 2294 4015 num,
2322 3957 2605 4024 potiusque
2640 3956 2839 4009 referre
2873 3953 3082 4007 facilem
3110 3957 3468 4025 Amphilochii
3497 3975 3706 4024 venam,

2144 4063 2206 4099 ac
2243 4044 2484 4097 nonnihil
2516 4044 2766 4097 licentius
2800 4046 3086 4099 decurrere
3126 4056 3178 4099 et
3208 4047 3347 4118 stylo
3368 4049 3553 4102 solutae
3585 4067 3708 4105 ora-

2144 4137 2270 4190 tioni
2319 4136 2755 4205 propinquiori...
2796 4135 2948 4200 Item,
2983 4137 3110 4203 quid
3152 4149 3296 4192 vetat
3347 4149 3402 4192 ut
3439 4139 3708 4211 Theologo

2142 4225 2380 4295 :eqnalis,
2411 4227 2559 4293 isque
2592 4226 2702 4291 ipse
2736 4225 2881 4277 omni
2919 4226 3266 4278 scientiarum
3303 4242 3499 4296 genere
3526 4231 3708 4281 excul-

2145 4329 2228 4371 tus
2258 4332 2320 4370 ac
2347 4316 2500 4385 plane
2527 4317 2609 4368 vir
2637 4313 3084 4384 ἐλλογιμώτατος,
3114 4317 3272 4369 etiam
3311 4327 3480 4370 metro
3522 4318 3708 4370 Seleu-

2143 4422 2262 4459 cum
2316 4406 2636 4468 instituerit,
2691 4406 2755 4457 ad
2797 4420 2953 4470 quem
2993 4421 3148 4474 prosa
3189 4405 3353 4459 semel
3403 4417 3455 4460 et
3509 4407 3703 4461 iterum

484 4501 709 4558 Exstant
736 4515 782 4558 et
811 4505 943 4558 Julii
987 4504 1226 4570 Africani
1269 4503 1408 4555 libri.
1438 4540 1453 4554 .
1491 4541 1506 4557 .
1543 4537 1558 4554 .
1593 4541 1608 4556 .
1644 4500 2041 4570 Cappadocum-
2073 4526 2116 4580 υ
2144 4512 2263 4549 eum
2300 4496 2581 4564 scripsisse
2608 4497 2905 4564 dogmatica
2939 4497 3160 4562 probant
3199 4512 3317 4564 qua:
3363 4497 3476 4566 ejus
3505 4498 3706 4566 produ-

476 4611 574 4665 que
598 4595 811 4657 Basilii,
836 4593 1090 4662 Gregorii,
1114 4589 1471 4660 Amphilochii
1500 4608 1513 4644 :
1537 4592 1625 4662 qui
1647 4607 1820 4644 omnes
1847 4592 1899 4642 in
1922 4602 2039 4644 tan-

479 4697 587 4738 tum
622 4684 1042 4752 philosophorum
1074 4681 1328 4734 doctrinis
1384 4691 1538 4748 atque
1596 4681 1859 4732 sententiis
1919 4697 2040 4734 suos

481 4773 768 4842 refarciunt
806 4771 1000 4838 libros,
1040 4782 1095 4823 ut
1151 4771 1351 4823 nescias
1403 4770 1526 4838 quid
1571 4770 1626 4822 in
1674 4769 1782 4821 illis
1818 4771 2040 4836 primum

479 4856 732 4920 admirari
764 4865 969 4925 debeas,
1024 4862 1363 4915 eruditionem
1433 4861 1632 4925 stecttli,
1665 4879 1734 4913 an
1769 4861 2040 4914 scientiam

477 4955 891 5024 Scripturarum.
923 4953 996 5007 Ex
1028 4954 1144 5022 ipso
1177 4968 1304 5022 ergo
1335 4952 1660 5020 Hieronymo
1706 4963 2036 5018 compertum

481 5049 763 5114 habemus,
789 5045 1060 5114 complura
1102 5044 1266 5098 fuisse
1297 5044 1364 5097 ab
1392 5043 1767 5112 Amphilocbio
1809 5042 2038 5110 perscri-

476 5151 590 5208 pta,
620 5147 674 5191 et
698 5120 1044 5191 multiformis
1071 5135 1284 5203 quidem
1316 5134 1577 5188 doctrina:
1620 5133 1778 5186 laude
1826 5134 2038 5202 conspi-

544 5312 620 5381 (a)
648 5311 920 5366 Tlieodor.
948 5311 1089 5364 Ilist.
1123 5309 1245 5364 eccl.
1273 5308 1365 5381 lib.
1395 5324 1446 5371 ν,
1475 5323 1594 5377 cap.
1626 5307 1714 5360 Ib‘.

546 5380 621 5451 (b7)
653 5385 874 5446 Suzom.
902 5382 991 5433 lib.
1026 5397 1120 5443 vn,
1150 5395 1268 5447 cap.
1297 5380 1347 5430 6.

648 5452 856 5518 'l‘illem.
888 5451 1048 5503 Mem.
1071 5451 1194 5502 eccl.
1221 5446 1364 5502 tom.
1398 5446 1486 5512 IX,
1519 5462 1639 5516 pag.
1671 5447 1792 5509 745,
1831 5456 1939 5501 not.
1977 5447 2032 5510 4,

471 5518 581 5578 Sur
600 5518 666 5576 ’8.
689 5521 921 5588 -ΑηιρΙυΙ.

479 5666 486 5668 Α
515 5633 522 5639 .
547 5591 818 5668 (d)_Greg.
846 5590 1176 5668 Naz‘zcart‘n.
1212 5603 1284 5652 LI,
1311 5585 1607 5668 [nuncin],
1652 5587 1686 5655 ᾗ
1744 5587 1870 5651 242,
1895 5587 2030 5656 Opp.

473 5657 614 5738 tom.
737 5657 859 5728 pag.
892 5657 1156 5738 _[ed..
1185 5657 1393 5738 nov..”p.
1429 5657 1610 5728 IOI7].

543 5735 616 5798 (ε)
645 5726 860 5784 υἱέι-οὗ.
892 5730 980 5781 lib.
1009 5726 1082 5780 lie
1110 5728 1204 5780 vir.
1236 5726 1428 5798 illustr.
1458 5726 1585 5798 cap;
1605 5726 1724 5779 155.

545 5797 611 5868 (1)
638 5800 715 5854 ld.
749 5800 800 5854 in
831 5798 1038 5868 prolog.
1070 5804 1135 5852 ad
1164 5798 1256 5852 lib.
1294 5797 1366 5852 De
1407 5801 1501 5851 vir.
1531 5797 1721 5851 illustr.

2149 4587 2318 4642 cimus
2356 4586 2696 4656 fragmenta?
2730 4584 2836 4640 Nec
2895 4597 2976 4640 est
3023 4587 3196 4640 simile
3239 4587 3291 4640 in
3336 4589 3456 4641 aliis
3503 4588 3699 4654 allatis,

2149 4678 2200 4728 in
2223 4677 2412 4744 quibus
2436 4678 2614 4730 statim
2641 4677 2813 4745 palam
2845 4688 2925 4730 est
2957 4688 3227 4744 assumpta
3262 4693 3510 4747 persona.
3530 4680 3702 4734 Etiam

2148 4765 2425 4818 Balsamon
2461 4766 2621 4819 habet
2649 4775 2706 4818 ut
2747 4767 3224 4836 Amphilocbiim,
3261 4770 3566 4839 passimque
3600 4771 3705 4823 Da-

2149 4871 2431 4910 mascenus
2469 4857 2521 4908 in
2554 4854 2839 4908 Elementis
2886 4860 3050 4914 emin.
3095 4858 3469 4925 llupifucaldii.
3513 4879 3532 4911 ι
3581 4860 3707 4917 Haec

2147 4962 2308 5015 porro
2338 4945 2522 5000 eadem
2545 4962 2664 5014 qua:
2694 4947 2953 5001 hactenus
2976 4947 3348 5012 Combelisius,
3389 4951 3581 5019 repetit
3610 4968 3706 5003 au-

2146 5049 2338 5108 getque
2371 5038 2740 5093 Tillemontius
2771 5038 2868 5108 (lt),
2909 5038 3032 5092 licet
3063 5041 3238 5108 operis
3268 5052 3538 5096 auctorem
3573 5045 3705 5096 Am-

2146 5130 2471 5200 philochium
2503 5126 2668 5185 libere
2696 5143 2940 5184 astruere
2969 5147 3072 5186 non
3105 5133 3312 5187 audeat.

2217 5305 2291 5381 (g)
2421 5308 2578 5381 epist.
2610 5307 2677 5360 70
2705 5308 2834 5361 alias
2868 5307 2976 5381 84,Δ
3003 5310 3072 5381 ad
3103 5310 3349 5378 Magnum
3377 5320 3535 5376 orat.,
3564 5313 3590 5381 §
3634 5328 3703 5366 tv.

2213 5379 2288 5448 (Ii)
2316 5377 2694 5448 QOIllbchlttll.
2727 5383 2791 5430 ad
2825 5378 3055 5446 Atnphil.
3084 5377 3206 5445 pag."
3227 5381 3351 5434 '25:}.

2213 5445 2487 5522 (ἦρι-εις.
2539 5445 2666 5522 Nae.
2709 5464 2888 5522 carm.
2934 5445 3321 5522 'xxsttt_[nunc
3377 5450 3515 5522 vni].
3561 5450 3698 5519 Opp.

2143 5516 2269 5590 tom.
2304 5516 2364 5590 I_I,
2391 5532 2513 5590 pag.
2543 5517 2608 5590 illi
2636 5518 2740 5586 [αα.
2769 5532 2889 5571 nov.
2925 5535 2976 5586 p.
3016 5516 3193 5590 1039].

2215 5586 2542 5708 tjzbliagsam.
2570 5585 2861 5640 continent.
2891 5585 3010 5658 pag.
3043 5585 3233 5644 656⁷01
3269 5589 3404 5643 1082
3447 5590 3575 5643 edit.
3603 5587 3675 5642 Pa

2147 5655 2238 5710 ris.
2265 5655 2423 5708 1620.

2217 5724 2528 5801 (k)n'I‘il‘lem.
2553 5724 2780 5801 .llilentor.
2811 5726 2932 5780 eccl.
2961 5737 3088 5781 tom.
3107 5727 3195 5793 IX,
3225 5745 3343 5799 pag.
3375 5729 3496 5791 746,
3524 5731 3706 5793 not.6,

2145 5793 2253 5849 Sur
2287 5793 2343 5848 S.
2377 5794 2603 5857 Ampltil.
