4030 6408
333 360 390 413 i3
1698 348 1856 405 VITA
1894 347 2220 416 ANTIQUA.
3503 351 3570 405 14

403 475 603 532 Verum
635 477 703 530 ad
733 475 1111 529 Vindicandum
1155 487 1373 527 carmen
1417 469 1706 525 iambicum
1744 478 1898 524 extra
1935 476 1974 530 Α
2003 485 2161 537 quam
2192 465 2387 524 saeculo
2420 467 2697 537 superiore
2725 466 3004 522 desinente
3053 467 3108 521 in
3154 468 3329 523 lucem
3371 473 3565 525 extulit

333 585 545 622 omnem
601 567 950 622 dubitationis
1014 566 1182 619 aleam
1249 564 1501 633 episc0po
1549 571 1736 616 nostro
1793 561 1907 613 Ico-

335 661 525 724 niensi,
557 671 754 725 pneter
785 658 1004 712 codices
1030 672 1191 710 manu
1225 665 1476 709 exaratos
1505 669 1642 722 quos
1671 667 1780 721 pra:
1804 667 1907 705 ειυς

337 752 463 804 teris
513 750 716 803 euitat
769 747 1202 802 Moutl‘aucouius
1233 749 1342 812 (a),
1398 758 1638 800 veterum
1696 758 1908 813 quoque

335 842 657 910 scriptorum
704 841 913 894 accedit
954 840 1265 902 auctoritas,
1314 856 1417 892 nou
1466 839 1638 892 solum
1686 835 1908 890 Joannis

335 931 650 984 Damasceni
683 937 736 983 et
771 928 1132 991 Balsamonis,
1162 944 1388 995 quormn
1422 926 1663 981 meminit
1681 924 1908 979 Combe-

336 1022 503 1084 ﬁsius,
541 1021 634 1075 sed
665 1021 825 1074 etiam
849 1019 1069 1074 Zonaras
1104 1020 1180 1090 (ὁ)
1209 1019 1525 1073 Balsamone
1558 1017 1904 1086 antiquioris:

337 1111 464 1177 quin
510 1122 567 1165 et
611 1107 822 1163 Cosma'
868 1108 1288 1179 lndicopleustze,
1332 1110 1422 1177 qui
1451 1109 1612 1168 circa
1671 1108 1905 1161 medium

335 1201 517 1256 saeculi
571 1218 623 1256 γι
671 1202 914 1257 ﬂoruisse
973 1201 1286 1271 perhibetur
1327 1202 1418 1273 (ο).
1463 1200 1904 1269 Quandoquidem

336 1309 462 1348 vero
495 1294 738 1362 ejusdem
771 1294 980 1348 Cosma:
1008 1293 1180 1348 locum
1216 1295 1315 1346 hac
1347 1296 1411 1346 de
1438 1307 1496 1346 re
1529 1309 1684 1346 nemo
1725 1295 1906 1348 hacte-

341 1401 439 1438 nus
468 1384 870 1450 animadvertit,
903 1399 973 1438 ne
1005 1385 1116 1454 ipse
1143 1384 1355 1450 quidem
1391 1384 1667 1438 Fabricius
1690 1386 1907 1454 Amphi-

339 1475 496 1527 Im-hii
545 1474 746 1542 scripta
785 1489 1091 1533 recensens,
1137 1475 1311 1542 ipsum
1360 1485 1642 1542 propterea
1692 1476 1792 1529 huc
1826 1476 1907 1528 af-

335 1566 709 1632 lerrejuverit.
731 1566 820 1621 Sic
841 1567 1000 1633 igitur
1017 1567 1102 1618 ille
1117 1566 1193 1634 (ιι)
1210 1583 1226 1620 :
1245 1565 1592 1635 ’Δμφιλόχιος
1610 1565 1905 1629 ἐπίσκοπος

333 1657 620 1726 γενόμενος
653 1656 746 1708 τοῦ
781 1656 1019 1723 Ἰκονίου,
1047 1657 1198 1725 φίλος
1227 1657 1321 1710 καὶ
1345 1656 1658 1718 κοινωνικὸς
1679 1655 1771 1708 τοῦ
1802 1674 1906 1726 μοι-

336 1751 526 1819 καρίου
554 1750 857 1811 Βασιλείου,
892 1751 984 1802 καὶ
1009 1750 1167 1813 αὐτὸς
1199 1750 1256 1802 ἐν
1284 1752 1395 1812 τοῖς
1423 1748 1574 1817 πρὸς
1598 1747 1906 1804 Σέλευκον

2009 560 2324 624 Coteicrius,
2355 574 2511 612 nemo
2539 568 2620 612 est
2653 559 2740 625 qui
2765 557 3003 628 ambigat
3033 576 3046 611 :
3084 559 3180 612 Est
3203 560 3368 626 enim,
3400 560 3576 630 inquit

2009 655 2076 707 cl.
2113 654 2306 717 editor,
2351 661 2458 706 tota
2509 651 2978 719 Amphilochiana,
3019 651 3311 719 Basiliana,
3370 650 3578 723 Grego-

2012 745 2180 798 riana.
2213 744 2284 798 De
2317 759 2377 796 ca
2410 743 2649 812 pluribus
2677 741 3049 797 'l‘illemontius
3071 743 3168 812 (f).

2080 834 2153 888 Ex
2183 845 2306 889 octo
2328 845 2506 888 autem
2535 833 2869 887 orationibus
2896 849 3030 902 quas
3068 835 3166 888 sub
3209 835 3571 904 Amphilochii

2011 931 2223 980 nomine
2265 928 2432 980 edidit
2459 925 2834 988 Combelisius,
2861 928 3096 995 quinque
3132 936 3340 980 tantum
3381 928 3574 996 selegi-

2011 1035 2149 1084 mus,
2187 1019 2354 1072 tribns
2382 1017 2621 1087 reliquis,
2653 1033 2770 1070 cum
2803 1019 2989 1070 eodem
3019 1016 3241 1079 editore,
3273 1020 3376 1072 alio
3398 1035 3574 1072 aman-

2010 1110 2256 1181 dalis(g).
2291 1110 2459 1164 Porro
2491 1110 2554 1162 de
2587 1110 2669 1164 his
2707 1110 2955 1163 oumibus
3008 1109 3255 1162 laudatus
3283 1108 3577 1164 Tillemon-

2012 1203 2116 1255 tius
2154 1217 2250 1271 pro
2289 1215 2435 1254 more
2484 1215 2582 1254 suo
2633 1212 2881 1254 accurate
2923 1201 3056 1254 satis
3102 1202 3429 1272 disseritth).
3465 1200 3578 1257 [loc

2011 1310 2174 1347 unum
2205 1296 2470 1357 addimus,
2518 1294 2814 1348 orationem
2861 1291 3108 1346 videlicet
3146 1307 3205 1351 tt,
3240 1291 3316 1344 De
3355 1309 3574 1345 occursu

2012 1385 2241 1449 Domini,
2270 1385 2642 1455 Amphilochia
2691 1384 2858 1438 asseri
2899 1399 2965 1437 ex
3013 1383 3196 1437 codice
3240 1383 3575 1438 bibliotheca:

2010 1473 2257 1528 Medicea‘
2314 1475 2451 1541 apud
2494 1471 2946 1526 Montfauconium
2992 1472 3088 1540 (i);
3129 1471 3215 1539 qui
3258 1479 3312 1524 et
3347 1471 3573 1526 alterum

2009 1563 2344 1617 bibliotheca:
2398 1563 2681 1617 Sfortianae
2715 1561 2957 1615 codicem
2998 1561 3180 1615 laudat
3221 1561 3306 1630 (j),
3352 1575 3416 1614 ex
3468 1578 3576 1631 quo

2007 1654 2178 1709 eidem
2211 1655 2466 1709 lconicnsi
2499 1655 2725 1708 antistiti
2773 1653 3036 1708 aStruitur
3069 1652 3241 1707 oratio
3275 1667 3358 1720 ιιι,
3383 1655 3436 1707 in
3472 1653 3578 1706 La-

2009 1763 2190 1799 zarum
2220 1748 2656 1816 quatriduanum.

335 1841 484 1910 αὐτῷ
517 1844 805 1910 γραφεῖσιν
827 1841 1058 1909 ἰάμϐοις
1085 1840 1563 1910 ἀμφιϐαλλομένας
1594 1840 1763 1904 αὑτὰς
1789 1841 1907 1909 (τὰς

2082 1837 2255 1890 Vitam
2300 1836 2513 1890 demum
2571 1833 2932 1904 Amphilochii
2989 1849 3149 1904 quam
3216 1836 3404 1890 damus
3458 1846 3575 1906 post

338 1931 650 1998 καθολικὰς)
675 1930 907 1996 ἐξεῖπεν.
937 1931 990 1984 Id
1026 1940 1109 1984 est
1141 1949 1154 1984 :
1180 1931 1568 1998 Amphilochius
1604 1930 1772 1984 Iconii
1800 1933 1908 1998 epi-

335 2039 543 2090 scopus,
573 2023 775 2075 amicus
821 2032 867 2074 et
904 2021 1189 2089 familiaris
1229 2019 1366 2073 beati
1427 2020 1636 2085 Basilii,
1679 2036 1729 2073 IN
1785 2019 1909 2072 lau-

337 2129 414 2166 tus
439 2129 552 2167 suus
580 2129 648 2166 AD
677 2111 960 2167 SELeucuu
1005 2113 1208 2177 scriptis
1258 2111 1447 2163 dubias
1497 2111 1617 2164 illas
1663 2110 1911 2175 (catholi-

338 2217 428 2257 cas
457 2202 752 2270 Epistolas)
777 2203 1157 2267 pronuntiavit.
1204 2195 1295 2256 Eo‘
1325 2202 1538 2270 quidem
1586 2201 1688 2255 loci
1733 2201 1910 2254 minus

343 2305 601 2349 accurate
649 2295 884 2362 loquitur
923 2296 1023 2348 iste
1069 2294 1361 2347 monachus
1393 2292 1678 2363 Aigyptius
1721 2293 1787 2347 tle
1820 2307 1909 2346 se-

340 2393 481 2450 ptem
518 2385 801 2439 catholicis
835 2384 1106 2453 Epistolis,
1141 2395 1198 2436 ut
1240 2383 1402 2453 probe
1431 2384 1662 2438 advertit
1693 2385 1775 2436 vir
1813 2383 1906 2436 do-

339 2476 615 2530 ctissimus
647 2476 716 2545 (e)
747 2494 760 2528 :
789 2491 972 2528 verum
1016 2476 1084 2528 ad
1130 2489 1240 2526 rem
1292 2483 1534 2527 nostram
1587 2475 1718 2528 satis
1763 2484 1908 2543 apte,

339 2570 535 2638 quippe
583 2571 673 2636 qui
739 2567 948 2622 lamhos
1001 2565 1474 2635 Amphilochianos
1534 2576 1789 2634 agnoscat
1821 2566 1906 2635 (‘).

344 2666 418 2716 Ex
447 2664 642 2730 quibus
670 2677 818 2730 ergo,
850 2675 965 2715 mea
1019 2659 1233 2726 quidem
1270 2657 1560 2721 sententia,
1596 2658 1775 2712 nullus
1808 2662 1909 2712 du-

341 2755 544 2807 bitandi
578 2753 726 2807 locus
759 2751 1099 2820 relinquitur,
1141 2749 1267 2818 quin
1313 2763 1530 2802 carmen
1563 2747 1686 2801 illud
1714 2747 1910 2802 iambi-

339 2861 462 2897 cum
514 2855 767 2912 tanquam
819 2844 1062 2896 sincerus
1096 2838 1453 2908 Amphilochii
1508 2839 1645 2893 fetus
1697 2839 1766 2894 sit
1816 2839 1913 2894 ha-

345 2936 596 2987 bernium.

416 3023 525 3077 Vll.
556 3025 627 3078 De
651 3025 919 3095 synodica:
950 3022 1307 3092 Amphilochii
1337 3023 1572 3091 epistola:
1592 3022 1912 3094 γνησιότητι

2009 1927 2420 1993 Combellsium,
2473 1929 2759 1997 descripsit
2814 1929 2986 1982 editor
3043 1943 3109 1982 ex
3175 1929 3322 1998 regio
3388 1930 3574 1982 codice

2011 2020 2320 2088 n.xcu,qui
2341 2029 2393 2074 et
2413 2021 2477 2073 de
2505 2019 2591 2072 illa
2615 2021 2727 2073 haec
2753 2019 2997 2088 habet(k)
3027 2038 3041 2075 :
3073 2039 3090 2071 σ
3115 2021 3228 2089 Ipsa
3257 2029 3339 2074 est
3361 2021 3575 2089 antiqua

2011 2112 2370 2179 Amphilocbii
2411 2110 2553 2176 Vita,
2593 2127 2696 2164 non
2725 2127 2884 2180 quam
2917 2113 3302 2182 Metaphrastes
3334 2114 3472 2183 stylo
3497 2129 3580 2166 or-

2010 2204 2159 2256 navit
2214 2217 2276 2257 ac
2331 2202 2672 2274 μεταφράσει
2712 2202 2985 2256 reddidit:
3019 2203 3274 2272 quidquid
3319 2204 3449 2257 mihi
3489 2204 3572 2272 ju-

2012 2294 2168 2357 niori,
2215 2308 2405 2362 meque
2449 2303 2635 2349 secuto
2677 2293 2926 2364 Philippo
2953 2293 3133 2348 Lahbe
3159 2295 3413 2364 obrepsit.
3455 2315 3475 2347 ι
3516 2296 3580 2349 Ει

2011 2385 2132 2438 alibi
2163 2383 2220 2454 (ι)
2253 2402 2266 2437 :
2300 2401 2317 2433 ι
2359 2383 2614 2438 Eamdem
2661 2386 2821 2439 vitam
2857 2387 3018 2441 habet
3045 2385 3296 2454 Aloysius
3327 2385 3580 2456 Lipoma-

2011 2489 2115 2526 nus
2147 2483 2276 2527 tom.
2311 2471 2373 2538 V,
2409 2483 2463 2526 et
2488 2489 2551 2528 ex
2588 2489 2652 2528 eo
2697 2473 2888 2530 Surius
2919 2491 3053 2530 χχιιι
3083 2474 3436 2544 Novembris;
3467 2493 3582 2532 ma-

2011 2563 2107 2619 iori
2142 2575 2319 2618 tamen
2366 2566 2652 2620 verborum
2692 2565 2859 2629 ﬂuxu,
2893 2581 3053 2636 quam
3097 2566 3294 2621 habeat
3331 2566 3581 2624 laudatus

2011 2657 2178 2711 codex
2209 2655 2389 2726 regius
2413 2673 2428 2710 :
2459 2671 2630 2726 eoque
2659 2658 2757 2712 fuit
2786 2658 2974 2713 Latina
2995 2660 3174 2714 versio
3204 2659 3407 2714 Grzncis
3433 2677 3582 2716 com-

2011 2747 2274 2817 ponenda,
2320 2763 2414 2802 seu
2476 2750 2651 2818 potius
2699 2766 2833 2805 nova
2869 2751 3178 2805 adornanda
3236 2771 3250 2806 :
3301 2752 3578 2808 nonnullis

2013 2841 2172 2893 etiam
2224 2855 2284 2894 re
2322 2841 2474 2910 ipsa,
2534 2856 2839 2911 quanquam
2897 2845 3121 2899 minoris
3176 2846 3470 2913 momenti,
3529 2849 3579 2900 in

2016 2936 2198 2983 nostro
2232 2938 2286 2983 et
2321 2945 2428 2999 quo
2463 2946 2590 2986 usus
2635 2943 2718 2987 est
2751 2933 3028 3004 Lipomani
3068 2937 3357 3006 interpres,
3399 2939 3584 2994 codice

2015 3021 2260 3076 diversis.
2293 3041 2312 3074 ι

413 3159 713 3232 (a)_Montl'.
737 3159 878 3232 Bibl.
910 3160 1031 3232 bibl.
1065 3159 1262 3232 tom._l,
1289 3175 1408 3230 pag.
1430 3159 1681 3224 257A,et
1700 3171 1825 3214 tom.
1849 3161 1912 3225 ll,
1945 3152 1984 3208 C
2089 3153 2165 3232 (fl
2193 3155 2412 3232 fidem;
2445 3157 2604 3232 Illam.
2643 3161 2766 3213 eccl.
2799 3171 2925 3214 tom.
2947 3160 3035 3232 ΙΧ,
3070 3179 3189 3232 pag.
3232 3163 3337 3216 624
3359 3179 3476 3231 seq.

343 3243 469 3299 pag.
504 3230 637 3284 roso
670 3231 728 3295 υ,
769 3231 904 3285 1055
936 3231 994 3293 E,
1033 3231 1160 3284 1551
1201 3230 1258 3282 Β.

438 3300 490 3368 b)
523 3301 718 3355 Zonar.
746 3299 1034 3355 Comment.
1061 3317 1180 3368 pag.
1210 3299 1316 3353 ΗΒ
1339 3300 1466 3352 edit.
1500 3299 1673 3355 Paris.
1712 3299 1868 3354 1618.

438 3381 488 3435 c)
516 3370 705 3423 Dloutl'.
734 3371 948 3424 Prael'at.
979 3373 1046 3424 ad
1072 3375 1252 3424 Uusm.
1273 3369 1492 3438 'I'opogr.
1515 3369 1841 3439 Christ.cap.
1862 3370 1917 3434 1,

517 3508 697 3562 Cosm.
725 3508 890 3564 lndic.
918 3507 1110 3564 Christ.
1141 3509 1360 3576 Topogr.
1389 3509 1483 3562 lib.
1518 3524 1611 3561 vit.

423 3580 526 3703 “)5
545 3579 837 3718 ligontlauc.
889 3579 1105 3636 Prwl’at.
1137 3581 1203 3634 ad
1239 3581 1419 3633 Cusm.
1456 3578 1652 3634 Christ.
1689 3577 1910 3647 Tapogr.

347 3662 465 3715 cap.
530 3690 545 3713 ,
629 3665 682 3701 κ.

2092 3226 2163 3292 (g)
2181 3225 2425 3310 90lllb6r.
2451 3227 2678 3284 Recens.
2703 3241 2844 3285 auct.
2877 3232 2941 3284 ad
2969 3225 3101 3285 Bibl.
3129 3225 3363 3288 c'uncion.
3393 3225 3521 3288 tam.
3541 3235 3580 3298 Ι,

2059 3310 2144 3349 att.
2180 3315 2233 3349 ι’).

2023 3309 2545 3444 ρθῗρἰῂηθςηέλς.
2582 3383 2702 3444 pag.
2739 3368 2863 3433 747,
2894 3379 3004 3444 not.
3037 3370 3088 3444 ἶ,
3123 3369 3227 3426 Sur
3258 3373 3321 3428 S.
3355 3373 3582 3444 Amphil.

2091 3435 2154 3509 (i_)
2189 3434 2544 3509 hlontf.’Bibl.
2579 3434 2704 3494 bibl.
2742 3455 2858 3509 pag.
2890 3439 2993 3496 258
3027 3439 3089 3495 C.

2091 3505 2157 3577 (j)
2193 3505 2269 3562 Id.
2294 3508 2423 3562 ibid.
2457 3523 2578 3577 pag.
2614 3509 2714 3563 702

2092 3575 2162 3647 (Ιί)
2194 3577 2437 3647 Catttbef.
2459 3575 2504 3632 il.
2531 3575 2584 3631 ἒ.

2091 3646 2154 3714 (l)
2191 3646 2265 3699 Id.
2308 3647 2361 3700 in
2397 3659 2508 3702 not.
2539 3648 2604 3702 ad
2633 3648 2895 3716 Amphil.,
2925 3664 2978 3718 p.
3005 3649 3130 3705 279.

417 3764 485 3834 (‘)
507 3766 745 3840 Alterius
772 3767 992 3840 ⁸(Ξοςιιιιειι
1023 3765 1774 3840 testimonium__addiposset
1813 3764 1904 3834 qui
1938 3763 1987 3840 in
2045 3761 2278 3840 Scholiis
2309 3764 2371 3815 ad
2405 3763 2649 3840 Gregorii
2683 3765 3271 3840 Naziansenicarmen
3303 3769 3590 3840 AdOlymc

343 3831 499 3899 pia’da
533 3837 644 3905 (ap.
683 3836 784 3889 Mai
821 3838 1064 3906 Spicileg.
1105 3836 1280 3902 Rom.,
1308 3847 1344 3890 t.
1379 3835 1442 3900 ll,
1481 3851 1530 3901 p.
1559 3831 1699 3906 1:97,,
1727 3845 1788 3906 et
1813 3831 1954 3906 apud
1987 3848 2084 3906 nos
2114 3834 2162 3885 iu
2191 3831 2455 3906 {gregario
2483 3831 2847 3906 Nasianzeno)
2894 3836 3183 3889 Iambicum
3208 3840 3276 3891 ad
3311 3831 3588 3894 Seleucum

343 3901 722 3974 Amphilochia
754 3907 938 3974 tribuit
967 3901 1048 3961 his
1071 3901 1294 3960 verbis:
1329 3906 1542 3974 Ταύτης
1567 3905 1622 3958 δὲ
1651 3905 1749 3975 τῆς
1781 3901 1938 3973 Ὀλυμ

343 3975 628 4029 ἐπιστολὴν
674 3976 1016 4029 Ἀιιωιλόνιος
1049 3976 1396 4029 γεγοάωηκεν
1522 3973 1654 4029 Cum
1685 3990 1812 4028 vero
1860 3973 1930 4026 Pa

2016 3903 2140 3964 ἅδος
2179 3902 2489 3970 ἀδελφιδοῦς
2521 3903 2782 3968 Σέλευκος
2816 3901 2902 3968 τν,
2941 3907 3076 3978 πρὸς
3108 3907 3166 3960 ὃν
3198 3908 3294 3978 τὴν
3331 3911 3384 3961 ia.
3432 3909 3590 3982 ϐικὴν

2011 3989 2047 4027 rs
2080 3972 2410 4027 Benedic-lini
2465 3970 2758 4029 lambicum
2803 3924 2931 4029 ὣυά
2979 3981 3121 4029 inter
3147 3975 3320 4029 Ooera
3359 3927 3590 4029 ﬁnian-

343 3966 628 4048 ὲπιᾷτολὴν
674 3966 1016 4047 Ἀμφιλόχιος
1049 3976 1396 4048 γεγράφηκεν
1428 3966 1654 4048 ,ν’(ὶιιηι
1685 3966 1812 4048 vero
1860 3966 1930 4048 P_a

2011 3989 2047 4027 rs
2080 3966 2410 4027 Benedic-ﬁni
2465 3970 2758 4029 lambicum

2863 3978 2931 4030 ud
2979 3975 3121 4031 inter
3147 3975 3320 4049 Opera
3359 3975 3590 4034 Nazian-

344 4046 464 4097 zeni
490 4044 840 4111 retinuerin’t,
879 4044 946 4101 ab
975 4044 1352 4102 eis'dts‘cedere
1379 4047 1673 4100 noluimus.
1695 4044 1865 4098 Ἐοιτ.
1891 4044 2061 4098 Pun.
2493 4068 2499 4073 ε

1179 4295 1406 4381 ΤΟΥ
1443 4294 2018 4382 ΜΑΚΑΡΙΟΥ
2053 4295 2770 4384 ΑΜΦΙΛΟΧΙΟΥ

1629 4433 2019 4486 ΕΠΙΣΚΟΠΟΥ
2043 4434 2331 4487 ῙΚΟΝΙΟΥ

840 4551 1196 4604 ΔΙΗΓΙΙΣΙΣ
1230 4551 1418 4604 ΚΑΤΑ
1456 4551 1809 4605 ΑΡΕΙΑΝΟΥ
1841 4550 1974 4602 ΚΑΙ
2011 4551 2400 4604 ΕΥΝΟΜΙΟΥ
2434 4555 2567 4606 ΚΑΙ
2604 4553 3101 4610 ΜΑΚΕΔΟΝΙΟΥ.

1382 4801 1487 4908 Β.
1563 4796 2573 4904 AMPHILOCHII

1711 4982 1982 5026 EPISCOPI
2011 4982 2202 5026 ICONII

585 5087 990 5155 HISTORIA
1013 5088 1124 5149 AD
1137 5087 1454 5149 VERSUS
1484 5085 1886 5147 ARIANUM
1912 5085 2450 5163 EUNOMIUMQ
2463 5086 2572 5147 UE
2601 5087 2726 5148 ET
2747 5088 3350 5152 MACEDONIUM.

406 5324 618 5379 NOTA.
652 5323 826 5379 Voces
861 5336 966 5375 non
996 5335 1179 5390 paucae
1228 5321 1280 5372 in
1313 5319 1412 5372 hoc
1461 5317 1725 5390 opusculo
1768 5327 2084 5390 occurrunt,
2148 5317 2350 5390 usitato
2401 5316 2676 5390 scribendi
2713 5315 2877 5371 modo
2913 5333 3137 5390 prorsus
3188 5327 3588 5390 repugnantes,

334 5412 576 5465 quarum
611 5404 792 5465 tamen
852 5386 1180 5465 scripturam
1235 5399 1455 5465 mutare
1507 5388 1666 5465 nobis
1707 5388 1905 5465 religio
1953 5386 2396 5465 fuit_,-siquidem
2433 5388 2498 5465 ad
2553 5386 3264 5465 ﬁgyptiacamdialectuni
3320 5386 3590 5465 pertinere

336 5455 652 5520 rideantur.
683 5464 934 5535 Ignoscat
965 5455 1130 5535 igitur
1158 5460 1317 5535 nobis
1359 5459 1548 5521 lector,
1584 5459 1756 5511 sicubi
1824 5455 1938 5516 leae

2011 5498 2014 5508 .
2043 5457 2318 5528 διλειάσῃς
2352 5471 2447 5525 pro
2471 5455 2765 5529 causam,
2809 5460 3084 5531 ποιμένων
3119 5473 3218 5528 pro
3251 5455 3587 5529 ποιμαίνων,

336 5547 651 5606 czeteraque
689 5529 744 5589 id
781 5549 974 5604 genus.
1003 5531 1164 5586 Em'r.
1197 5529 1440 5582 Ρλτιιοιι.

412 5651 491 5702 Δ’.
528 5644 640 5702 Ἦν
680 5663 760 5710 τις
797 5643 1025 5716 μοναχὺς
1066 5641 1204 5712 ἀνὴρ
1248 5638 1471 5710 ὀνόματι
1523 5637 1872 5708 Ἀμφιλόχιος
1895 5655 1908 5668 υ

338 5743 436 5794 καὶ
455 5734 611 5802 οὗτος
635 5738 841 5800 δίκαιος
870 5731 937 5806 ἢν
958 5733 1052 5787 καὶ
1079 5731 1355 5802 θεοσεϐὴς.
1388 5723 1556 5794 Οὗτος
1581 5730 1638 5786 ἐν
1665 5728 1914 5799 σπηλαίῳ

2092 5635 2133 5690 I.
2164 5635 2293 5692 Erat
2323 5639 2620 5694 monachus
2656 5641 2871 5710 quidam
2893 5643 3110 5698 nomine
3140 5642 3580 5714 Amphilochius;

2023 5729 2231 5803 fuitque
2273 5729 2356 5786 vir
2391 5730 2479 5788 ille
2506 5730 2686 5801 justus
2713 5742 2768 5788 et
2789 5733 2929 5804 pius.
2951 5732 2999 5789 ls
3033 5750 3204 5792 annos
3229 5733 3583 5805 quadraginta
