4030 6408
473 388 496 442 1

508 386 541 442 5
1419 381 1474 436 S.
1517 379 1967 435 AMPHILOCIIII
2009 377 2392 433 ICONIENSIS
2429 376 2735 433 EPlSCOPl
3637 379 3704 434 l6

477 507 688 560 vixerat
708 504 758 556 in
790 501 1066 571 spelunca,
1096 515 1230 570 quos
1257 500 1401 554 sicco
1425 500 1576 569 panis
1609 509 1663 552 et
1697 515 1850 568 aqua:
1882 498 2029 567 epulo

2141 498 2394 566 ἐποίησεν
2437 497 2532 567 ἔτη
2569 497 2652 567 μ’*
2708 496 2860 568 διῆγε
2907 497 2965 551 δὲ
3015 497 3354 568 ξηροφαγίαν
3402 498 3566 568 ἄρτου
3611 500 3707 551 καὶ

476 604 835 666 transegerat;
865 595 1044 648 vinum
1102 603 1276 646 autem
1300 599 1354 646 et
1382 591 1556 644 oleum
1585 605 1857 660 nunquam
1893 607 2036 644 surn-

474 693 598 757 psit.
633 687 844 742 Accidit
876 695 1050 739 autem
1080 694 1136 736 ut
1171 697 1237 736 eo
1265 691 1504 750 tempore
1531 681 2034 749 decederetepisco-

472 797 574 852 pus
621 777 854 834 civitatis
907 775 1099 839 lcouii;
1155 773 1375 843 angelus
1425 787 1554 825 vero
1590 771 1802 824 Domini
1867 773 2038 824 astitit

474 870 850 942 Amphilochio
885 869 1068 922 dicens
1101 882 1115 918 :
1151 863 1512 932 Amphilochi,
1545 865 1685 915 vade
1736 862 1786 915 in
1843 863 2034 915 civita-

476 979 602 1029 tem,
651 978 809 1032 pasce
863 973 988 1015 oves
1037 957 1254 1011 Christi.
1299 955 1368 1008 At
1409 955 1494 1008 ille
1514 969 1618 1007 non
1643 952 2032 1020 acquiescebat.

475 1057 817 1124 Rursumque
871 1063 1052 1107 astans
1091 1048 1309 1116 angelus
1340 1046 1545 1098 Domini
1596 1045 1670 1097 ait
1713 1043 1783 1097 illi
1816 1061 1829 1096 :
1865 1044 2034 1096 Etiam

478 1165 616 1203 nunc
647 1148 786 1207 dico,
822 1145 976 1201 vade,
1019 1142 1101 1194 lac
1128 1141 1270 1207 quod
1315 1138 1414 1191 fuit
1447 1146 1797 1205 praeceptum.
1828 1133 1919 1189 llle
1941 1149 2040 1187 au-

475 1249 583 1292 tem
617 1252 713 1290 nec
743 1237 820 1289 sic
848 1234 1095 1303 parebat;
1131 1229 1341 1284 dicebat
1375 1229 1519 1282 enim
1572 1228 1709 1295 apud
1740 1243 1819 1292 se,
1865 1229 2035 1296 ipsum

473 1329 636 1382 etiam
673 1326 926 1381 Satanam
959 1325 1010 1376 in
1047 1321 1294 1388 angelum
1326 1319 1462 1374 lucis
1488 1332 1545 1372 se
1591 1318 1975 1386 transﬁgurare
1995 1317 2034 1371 ¹.

477 1420 808 1486 Factumque
840 1426 924 1469 est
959 1422 1113 1466 nocte
1144 1411 1322 1472 tertia,
1347 1418 1404 1462 ut
1434 1410 1482 1462 ei
1516 1425 1703 1463 rursus
1728 1418 1910 1462 astans
1937 1425 2033 1461 an-

475 1509 624 1579 gelus
665 1509 900 1562 diceret:
936 1505 1106 1572 Surge
1159 1517 1188 1555 a
1233 1513 1321 1554 tuo
1356 1504 1458 1556 isto
1503 1511 1693 1564 strato,
1726 1511 1780 1553 et
1817 1501 1953 1553 vade
1985 1500 2035 1552 in

473 1601 766 1662 civitatem,
822 1613 883 1649 ac
931 1609 1089 1664 pasce
1139 1608 1266 1647 oves
1295 1591 1519 1646 Christi.
1579 1592 1927 1659 Surgensque
1952 1589 2038 1643 ille

475 1688 644 1742 tenuit
683 1701 802 1740 eum
853 1684 1076 1736 dicens:
1105 1682 1161 1736 Si
1216 1681 1436 1749 angelus
1483 1680 1574 1735 Dei
1627 1696 1706 1744 es,
1734 1690 1940 1734 stemus
1977 1680 2032 1733 in

473 1778 731 1832 oratione.
770 1775 997 1844 Moxque
1038 1772 1255 1840 angelus
1294 1771 1526 1837 Domini,
1583 1771 1818 1826 demisso
1859 1771 2035 1839 capite

2139 592 2358 654 ὓδατος⁹
2389 589 2535 643 οἴνου
2567 590 2623 642 δὲ
2651 591 2746 643 καὶ
2775 589 2954 642 ἐλαίου
2984 589 3238 643 οὐδέποτε
3272 589 3700 660 μετελάμϐανεν.

2151 683 2396 752 Ἐγένετο
2428 681 2484 734 δὲ
2515 682 2574 733 ἐν
2603 683 2716 743 τοῖς
2744 684 2956 751 καιροῖς
2979 681 3208 744 ἐκείνοις
3227 720 3240 744 ,
3267 681 3589 750 τελευτῆσαι
3615 682 3707 735 τὸν

2136 774 2431 827 ἐπίσκοπον
2491 772 2745 833 Ἰκονίου,
2791 773 2885 824 καὶ
2920 771 3119 842 ἐπέστη
3161 775 3190 825 6
3224 771 3452 840 ἄγγελος
3498 773 3706 842 Κυρίου

2137 865 2212 934 τῷ
2254 864 2588 934 Ἀμφιλοχίῳ
2623 862 2831 932 λέγων’
2875 862 3222 932 Ἀμφιλόχιε,
3255 862 3457 915 ἄπελθε
3495 865 3575 924 εἰς
3609 863 3707 930 τὴν

2139 955 2313 1017 πόλιν,
2350 955 2580 1025 ποίμανε
2609 954 2677 1006 τὰ
2716 953 2962 1025 πρόϐατα
3013 953 3107 1006 τοῦ
3135 952 3392 1024 Χριστοῦ.
3430 954 3488 1006 'U
3518 953 3574 1006 δὲ
3604 954 3704 1005 οὐκ

2139 1045 2380 1097 ἐπείθετο
2400 1061 2412 1074 °
2446 1046 2538 1097 καὶ
2562 1043 2791 1106 ἐπιστὰς
2824 1043 2982 1096 πάλιν
3010 1045 3037 1095 ὁ
3070 1042 3298 1111 ἄγγελος
3326 1043 3529 1114 Κυρίου
3557 1043 3706 1110 λέγει

2137 1135 2285 1205 αύτῷ
2305 1152 2318 1165 ’
2349 1137 2458 1190 Kal
2486 1137 2584 1207 ἤδη
2615 1136 2758 1204 λέγω
2786 1153 2867 1188 σοι
2885 1153 2899 1167 ο
2932 1135 3192 1204 Πορεύου,
3221 1136 3281 1190 τὸ
3307 1135 3592 1189 κελευσθέν
3623 1153 3705 1189 σοι

2138 1231 2380 1300 ποίησον.
2429 1230 2484 1282 '0
2525 1229 2582 1282 δὲ
2636 1228 2756 1281 οὐδὲ
2798 1227 2972 1291 οὕτως
3006 1228 3253 1281 ἐπείθετο
3274 1246 3287 1259 °
3321 1229 3475 1298 ἔλεγε
3506 1229 3614 1300 γὰρ
3645 1231 3704 1282 ὲν

2137 1319 2312 1390 ἐαυτῷ
2333 1359 2348 1382 ,
2385 1320 2466 1372 ὅτι.
2495 1319 2590 1372 καὶ⁸
2625 1319 2786 1381 αὐτὸς
2822 1320 2851 1371 6
2882 1319 3124 1381 Σατανᾶς
3170 1319 3702 1389 μετασχηματίζεται

2135 1415 2215 1476 εἰς
2263 1412 2491 1480 ἄγγελον
2537 1411 2734 1480 φωτός.
2781 1409 2890 1462 Kal
2940 1410 3158 1479 ἐγένετο
3199 1413 3264 1480 τῇ
3314 1410 3466 1480 τρίτῃ
3511 1412 3702 1475 νυκτὶ,

2137 1501 2361 1564 ἐπιστὰς
2399 1500 2561 1552 πάλιν
2589 1499 2736 1570 αύτῷ
2765 1502 2793 1553 ὁ
2828 1500 3056 1567 ἄγγελος
3090 1500 3268 1568 λέγει·
3314 1502 3557 1572 Ἐγείρου
3597 1501 3704 1554 ἀπὸ

2135 1592 2236 1661 τῆς
2264 1592 2556 1664 στρωμνῆς
2590 1609 2682 1644 σου
2710 1591 2931 1660 ταύτης,
2963 1593 3057 1645 καὶ
3091 1593 3320 1664 πορεύου
3357 1594 3435 1655 είς
3474 1592 3570 1662 τὴν
3604 1594 3704 1645 πό-

2135 1683 2216 1737 λιν
2235 1723 2248 1745 ,
2285 1683 2377 1736 καὶ
2409 1683 2641 1753 ποίμανε
2667 1682 2734 1735 τὰ
2764 1683 3012 1752 πρόϐατα
3036 1683 3293 1754 Χριστοῦ.
3325 1685 3436 1736 Kal
3462 1684 3702 1747 ἀναστὰς

2137 1775 2399 1846 κατέσχεν
2447 1776 2608 1828 αὐτὸν
2659 1775 2868 1843 λέγων’
2919 1777 2982 1828 Ei
3029 1775 3256 1843 ἅγγελος
3303 1771 3354 1827 εἷ
3390 1775 3483 1828 τοῦ
3529 1775 3704 1840 Θεοῦ,

471 1865 744 1930 clamavit,
762 1865 945 1918 dicens
971 1881 983 1916 :
1010 1862 1255 1926 Sanctus,
1279 1873 1507 1924 sanctus,
1539 1872 1753 1914 sanctus
1782 1861 2029 1915 Domina:

2140 1869 2350 1937 στῶμεν
2386 1869 2466 1931 είς
2499 1867 2829 1939 προσευχήν⁸
2864 1867 2953 1919 καὶ
2979 1867 3183 1929 εὐθέως
3214 1866 3382 1919 κλίνει
3412 1867 3510 1937 τὴν
3535 1884 3706 1936 κεφα-

471 1959 611 2013 Deus
641 1958 908 2013 Sabaoth:
929 1956 1137 2022 plenum
1159 1965 1230 2008 est
1252 1953 1432 2007 caelum
1455 1964 1499 2006 et
1515 1963 1653 2006 terra
1676 1953 1839 2021 gloria
1862 1953 1974 2022 ejus
1993 1955 2033 2006 '.

471 2048 921 2118 Appreheusaque
961 2042 1315 2112 Amphilochii
1343 2043 1588 2107 dextera,
1637 2042 1789 2095 duxit
1834 2057 1952 2096 eum
1983 2045 2036 2096 in

403 2184 420 2200 .
472 2141 774 2202 ecclesiam,
810 2151 930 2206 quae
967 2134 1107 2187 uitro
1135 2133 1213 2187 eis
1244 2143 1428 2201 aperta
1461 2141 1574 2196 est;
1607 2139 1768 2200 atque
1809 2131 2035 2201 ingressi

472 2232 722 2286 viderunt
756 2242 944 2297 magna
980 2224 1206 2284 lumina,
1238 2223 1462 2293 perinde
1495 2232 1656 2291 atque
1686 2221 1740 2274 in
1768 2221 1904 2276 festo
1931 2223 2040 2276 Do-

473 2320 717 2390 mini(a).
758 2319 1032 2386 Erantque
1080 2315 1183 2368 viri
1233 2313 1488 2382 singulari
1549 2313 1854 2382 eximioque
1903 2314 2038 2367 arni-

473 2424 560 2468 ctu
581 2411 675 2480 (ὁ),
711 2423 938 2478 quorum
992 2420 1098 2460 non
1159 2414 1277 2459 erat
1329 2417 1608 2457 numerus.
1674 2402 1714 2457 li
1755 2413 2035 2469 acceptum

472 2519 618 2565 eum,
651 2503 920 2555 duxerunt
956 2498 1022 2552 ad
1057 2511 1206 2550 aram
1237 2504 1478 2552 sanctam
1514 2508 1530 2545 :
1561 2508 1624 2547 ac
1648 2508 1758 2563 prae
1792 2494 2038 2549 manibus

473 2593 820 2664 Evangelium
859 2592 1138 2656 habentes,
1167 2589 1500 2642 tradiderunt
1533 2586 1604 2650 ei,
1636 2587 1906 2640 dicentes:
1933 2587 2036 2640 Do-

474 2684 653 2738 minus
687 2692 880 2736 tecum.
922 2678 1071 2733 Unus
1117 2687 1295 2731 autem
1339 2692 1406 2730 ea
1462 2675 1665 2731 sanctis
1699 2675 1903 2743 angelis
1943 2675 2036 2744 qui

473 2775 637 2829 etiam
669 2783 785 2827 erat
819 2772 872 2826 in
912 2771 990 2826 eis
1028 2770 1255 2840 primus,
1281 2769 1412 2822 dicit
1447 2769 1512 2821 ad
1546 2782 1640 2820 eos
1666 2783 1681 2820 :
1712 2766 2034 2831 Precemini,

473 2879 680 2922 omnes.
710 2863 994 2932 Cmpitque
1026 2862 1202 2916 dicere
1231 2875 1244 2911 :
1273 2859 1460 2912 Divina
1489 2858 1658 2926 gratia
1687 2857 1910 2926 praeﬁcit
1946 2872 2036 2910 or-

473 2957 730 3024 dinatque
785 2952 856 3024 (c)
887 2953 1110 3006 fratrem
1159 2960 1397 3006 nostrum
1449 2947 1879 3018 Amphilochium
1922 2947 2037 3015 epi-

549 3069 565 3100 ¹
593 3066 636 3120 ll
662 3066 784 3120 Cor.
816 3082 892 3131 x1,
927 3065 981 3118 4.
1055 3065 1076 3096 ⁸
1102 3063 1204 3118 lsa.
1238 3077 1317 3126 vt,
1352 3063 1405 3116 5.

2137 1961 2236 2032 λὴν
2267 1961 2295 2012 6
2329 1959 2559 2027 ἄγγελος
2598 1958 2834 2029 Κυρίου,
2875 1959 2968 2011 καὶ
3002 1957 3192 2027 ἐϐόησε
3238 1958 3410 2026 λέγων
3431 1978 3443 1989 ·
3477 1959 3701 2027 Ἄγιος,

2137 2051 2298 2121 ἅγιος
2317 2090 2332 2114 ,
2366 2049 2532 2118 ἅγιος
2567 2051 2779 2118 Κύριος
2807 2048 3046 2103 Σαϐαὼθ
3065 2065 3077 2077 ⁸
3119 2051 3356 2117 πλήρης
3385 2053 3418 2103 ὁ
3450 2050 3706 2118 οὐρανὸς

2137 2141 2233 2194 καὶ
2266 2142 2304 2208 ἡ
2336 2139 2412 2208 γῆ
2442 2138 2551 2207 τῆς
2582 2139 2770 2207 δόξης
2801 2139 3005 2193 αὑτοῦ.
3045 2141 3153 2193 Ka‘.
3181 2140 3570 2212 ἐπιλαϐόμενος
3602 2142 3705 2210 τῆς

2135 2231 2313 2295 δεξιᾶς
2349 2231 2721 2301 Ἀμεριλοχίου,
2747 2232 2953 2302 ἤγαγεν
2978 2231 3136 2284 αὑτὸν
3161 2233 3240 2295 εἰς
3258 2233 3357 2304 τὴν
3374 2233 3703 2303 ἐκκλησίανο

2137 2323 2229 2376 καὶ
2273 2323 2578 2392 αὐτόματος
2616 2322 2806 2392 ἠνοίγη
2853 2323 3066 2386 αὐτοῖς·
3122 2322 3215 2376 καὶ
3247 2318 3384 2376 εἶδον
3414 2324 3569 2392 φῶτα
3604 2341 3704 2396 με-

2138 2413 2296 2481 γάλα,
2323 2413 2398 2476 ὼς
2427 2414 2518 2466 ἐπὶ
2546 2413 2736 2484 ἑορτῆς
2765 2415 2988 2485 Κυρίου.
3012 2414 3122 2466 Kal
3140 2415 3330 2486 ἄνδρες
3358 2415 3699 2485 μονάζοντες,

2138 2497 2212 2556 ὧν
2240 2504 2341 2556 οὐκ
2365 2498 2434 2574 ἦν
2463 2503 2694 2574 ἀριθμός
2715 2520 2728 2532 ο
2763 2504 2855 2556 καὶ
2883 2503 3259 2574 ἐπιλαϐόμενοι
3287 2505 3469 2569 αὑτὸν,
3495 2506 3703 2574 ἧγαγον

2137 2597 2227 2649 ἐπὶ
2251 2595 2309 2648 τὸ
2339 2595 2720 2667 Θυσιαστήριον
2739 2613 2751 2625 ο
2785 2597 2879 2648 καὶ
2901 2592 3044 2666 εἶχον
3070 2597 3126 2648 ὲν
3152 2599 3271 2658 ταῖς
3301 2597 3488 2666 χερσὶν
3522 2596 3701 2650 αὐτῶν

2135 2686 2498 2755 Εύαγγέλιον,
2533 2687 2628 2740 καὶ
2661 2687 2949 2741 ἀπέδωκαν
2984 2687 3130 2756 αὐτῷ
3163 2687 3444 2755 λέγοντες’
3493 2690 3550 2740 '0
3588 2688 3703 2740 Κύ-

2141 2794 2251 2848 ριος
2301 2777 2436 2846 μετὰ
2481 2775 2598 2830 σοῦ.
2646 2772 2740 2838 Εἷς
2778 2776 2834 2828 δὲ
2874 2777 3089 2848 πρῶτος
3137 2777 3313 2831 αὐτῶν
3361 2777 3509 2846 λέγει
3561 2778 3701 2849 πρὸς

2136 2869 2361 2932 αὐτούς·
2398 2868 2638 2935 Εῦξασθε
2685 2868 2903 2931 πάντες.
2968 2869 3076 2921 Kal
3122 2869 3321 2938 ἤρξατο
3372 2870 3581 2938 λέγειν’
3634 2870 3702 2924 Ἡ

2135 2957 2252 3010 θεία
2294 2958 2450 3026 χάρις
2485 2957 2883 3027 προχειρίζεται
2915 2957 3004 3010 τὸν
3043 2957 3265 3025 ἀδελφὸν
3301 2943 3456 3029 ἡμῶν
3505 2960 3698 3030 Ἀμφι-

546 3180 622 3248 (α)
655 3177 881 3233 Perinde
907 3178 1142 3248 atquein
1165 3181 1295 3244 {esto
1326 3175 1554 3248 Domini.
1591 3174 1678 3248 '9;
1710 3174 1809 3248 ἐπὶΔ
1835 3174 2028 3248 ἑορτῆς
2055 3177 2095 3234 C
2127 3173 2468 3248 ginilicarelnr
2495 3172 2706 3226 traditio
2740 3175 2860 3248 talis
2899 3173 2979 3227 vel
3001 3174 3140 3248 _talis
3178 3176 3511 3248 potestatisua
3549 3173 3685 3246 legi-

474 3244 705 3321 Κυρίου,
723 3249 866 3321 velut
892 3244 981 3302 die
998 3246 1296 3321 [)uutinico,
1322 3245 1403 3321 vel
1421 3247 1575 3306 forte,
1602 3244 1876 3321 Dominica
1896 3244 2022 3312 ipsa

478 3315 922 3378 llesurrectionis,
960 3332 987 3369 a
1022 3331 1125 3384 qua
1155 3315 1340 3384 reliqui
1387 3328 1706 3384 periannum
1740 3315 1935 3384 habent
1967 3323 2025 3366 ut

473 3395 580 3442 sint
612 3387 936 3442 Christianis
968 3381 1232 3439 solemnes
1267 3381 1320 3438 et
1359 3383 1638 3444 Dominici,
1674 3381 1883 3451 laetique
1911 3399 2025 3434 om-

476 3460 630 3523 nino;
672 3473 831 3526 qnam
856 3471 1041 3526 eorum
1075 3454 1313 3526 laetitiam
1344 3463 1398 3526 et
1426 3451 2023 3526 cpar6pétqra,_psyala

476 3529 564 3580 illa
601 3539 655 3580 et
676 3523 800 3579 vere
841 3524 1058 3594 φαιδρὰ,
1093 3525 1143 3576 ἱιι
1168 3523 1410 3578 ecclesiis
1439 3525 1634 3574 lumina
1665 3523 1912 3590 cereique
1940 3533 2023 3575 ut-

476 3612 688 3663 cunque
715 3603 1116 3662 reprzesentent.

544 3659 619 3734 (ὁ)
653 3659 918 3733 Erantque
947 3663 1044 3716 viri
1077 3661 1330 3734 singulari
1353 3661 1638 3728 eximioque
1666 3660 1902 3734 amictu.
1924 3659 2025 3713 lla-

473 3731 802 3789 buit'noster
827 3731 992 3787 codex
1026 3731 1345 3803 μονάζοντες
1369 3773 1384 3794 ,
1415 3745 1514 3803 nec
1539 3731 1821 3803 movimus,
1841 3745 2020 3803 _qnan-

473 3820 632 3873 quam
661 3814 717 3856 ut
739 3804 912 3856 minus
929 3798 1348 3873 cetrgruunrtton
1371 3798 1718 3873 reddidimus.
1747 3799 1852 3873 Etsi
1879 3799 2021 3873 enim

477 3868 720 3944 plerique
749 3873 980 3940 episcopi
1015 3871 1183 3925 Grarci
1220 3869 1330 3938 jam
1369 3869 1493 3923 olim
1523 3868 2024 3944 assumptifuerint

475 3936 506 3996 ὲ
527 3936 667 3999 emta
697 3936 1098 4005 monachorum,
1132 3936 1302 4007 eoque
1341 3938 1606 4006 potuerint
1631 3936 1803 4005 angeli
1832 3951 2026 4007 conve-

478 4014 620 4067 nisse
653 4011 1034 4064 monachorum
1062 4006 1258 4076 specie,
1283 4010 1348 4059 ad
1380 4007 1794 4060 consecrandum
1829 4006 1878 4056 in
1907 4007 2022 4073 epi-

476 4096 693 4150 scopum
727 4079 1049 4150 conl'ratrem
1082 4075 1438 4150 monachum:
1467 4075 1845 4150 aptiustamen
1877 4076 2024 4150 vide:

478 4143 641 4205 tur-ut
671 4149 882 4202 cultiori
909 4158 962 4202 et
991 4161 1144 4201 sacro
1171 4146 1353 4199 habitu
1391 4143 1755 4212 apparuerint,
1786 4159 1850 4196 ac
1878 4145 2022 4211 quali

476 4224 690 4274 deceret
721 4230 922 4271 tantum
959 4216 1347 4278 ministerium;
1387 4214 1544 4279 idque
1586 4223 1773 4266 auctor
1816 4213 2023 4281 signiti-

475 4305 598 4343 care
642 4289 888 4341 voluerit.
932 4286 1108 4352 Quare
1153 4284 1478 4340 reddidimus
1510 4282 1650 4352 velut
1681 4291 1820 4352 esset
1869 4283 2024 4351 μονό-

474 4358 652 4424 ζωνοι,
689 4350 1300 4426 quontoddhabttitsine
1337 4352 1496 4406 dubio
1525 4351 1690 4404 codex
1719 4350 2021 4426 Lipomani,

473 4431 612 4496 apud
643 4423 804 4495 quem
845 4426 1069 4495 legimus
1095 4440 1107 4476 :
1131 4423 1554 4496 νγίιεξ-ρνωσιατει.
1591 4429 1724 4474 veste
1753 4424 1942 4485 induti,
1971 4433 2019 4474 et

475 4489 632 4550 cincti
664 4489 922 4573 singulari
952 4495 1206 4573 ‘cinguloz
1237 4491 1441 4573 Ubique
1463 4569 1472 4573 _
1494 4489 1849 4559 Hieronymus
1901 4507 2017 4571 eam
2058 4521 2100 4573 ι)

472 4582 659 4622 vocem
696 4559 889 4627 reddit,
946 4559 1286 4617 latrunculos.
1324 4559 1546 4613 Videtur
1581 4575 1792 4620 sonare,
1830 4561 2025 4615 eximie

475 4645 529 4689 et
563 4635 905 4703 singulariter
931 4634 1185 4694 cinctum,
1214 4645 1382 4703 eoque
1413 4639 1603 4681 ornatu
1629 4629 1847 4703 reliquis
1883 4630 2024 4681 tulli-

475 4707 614 4760 tibus
653 4698 938 4774 praalatum
981 4712 1034 4754 et
1087 4701 1508 4774 honoratiorem,
1556 4708 1611 4750 ut
1656 4698 1848 4752 Suidas
1877 4718 1888 4751 :
1919 4716 2024 4766 quo

472 4790 630 4829 sensu
657 4772 855 4841 optime
891 4775 976 4826 hic
1005 4772 1249 4841 quadrat.

542 4845 613 4915 (ε)
646 4836 831 4897 Divina
859 4836 1269 4915 gratia—_nratlicit
1301 4840 1624 4915 ordinatqae.
1677 4836 2023 4915 Προχειρίζε-

471 4907 710 4967 ταί.’5ἰο
735 4907 894 4966 etiam
919 4911 1053 4978 apud
1078 4909 1446 4976 Lipomanum,
1474 4910 1556 4960 cui
1597 4907 1766 4960 tamen
1797 4907 2021 4978 alteram

471 4999 654 5038 vocem
687 4977 1009 5042 addidimus,
1040 4979 1412 5046 explicationis
1439 4992 1624 5040 causa,
1656 4989 1707 5029 et
1740 4977 1862 5043 quia
1917 4979 2025 5042 pri-

472 5070 640 5116 mum,
675 5051 958 5121 praeﬁcere,
1001 5065 1098 5104 usu
1137 5048 1329 5101 Latino
1361 5049 1602 5121 videatur
1643 5047 1817 5121 minus
1845 5046 2024 5121 deter-

473 5116 732 5176 minatam
771 5116 838 5174 ad
870 5121 1035 5187 ipsam
1080 5117 1538 5187 consecrationem
1575 5116 1799 5187 promoti
1837 5116 1902 5166 ad
1944 5124 2024 5167 ta-

471 5193 574 5246 lem
598 5192 818 5260 gradutn
845 5184 1266 5260 signiﬁcandam,
1291 5203 1448 5260 quam
1473 5186 1674 5239 Graecis
1690 5184 1779 5260 τὸ,
1805 5201 2023 5260 προχει-

472 5253 751 5333 ρίςεξοαι.
783 5253 923 5333 quoa
969 5259 1037 5333 gi!
1085 5253 1405 5333 χειρφτοῦεῖν
1452 5266 1504 5308 et
1536 5253 1878 5333 xstpoeatsiv,
1915 5268 2020 5333 Iron

473 5323 679 5384 iantu-m
711 5323 1118 5392 εκὲίιιιοιιὶιιιοζ
1139 5323 1392 5395 quidquid
1440 5323 1640 5390 multis,
1684 5336 1822 5376 tctus
1860 5323 2022 5395 ntale-

469 5402 626 5454 dictis
655 5399 952 5461 infercitus,
982 5399 1032 5449 in
1069 5393 1359 5450 Arcadium
1387 5396 1622 5463 aliosque
1650 5395 1889 5452 aemulos,
1921 5393 2023 5445 Ca-

471 5471 795 5539 toncyritus;
841 5471 934 5522 sed
968 5481 1108 5539 vere
1157 5466 1544 5539 sacramentale
1575 5463 2019 5539 et_s_ubstantiale

467 5534 634 5592 sacra:
658 5536 1012 5601 ordinationi;
1050 5537 1138 5589 illa
1173 5551 1424 5588 manuum
1469 5534 1829 5602 impositione,
1859 5547 2012 5585 acce-

468 5611 629 5662 dente
663 5609 944 5662 verborum
973 5609 1140 5658 l‘orma
1172 5606 1302 5658 satis
1341 5608 1674 5670 exprimente
1705 5603 2016 5654 tradendam

466 5693 531 5746 eo
565 5688 684 5730 actu
712 5686 1048 5746 potestatein,
1079 5675 1323 5746 idelttque
1359 5683 1667 5746 praestante,
1691 5680 1850 5739 atque
1884 5673 2020 5737 apud

464 5745 685 5819 Latinos
713 5742 974 5819 'prznstant
1009 5746 1124 5798 alia:
1156 5742 1758 5819 caerimonice,Christo
1813 5749 2017 5819 tantum

468 5809 798 5886 instituea'te,
833 5825 887 5872 ut
929 5815 1082 5884 signo
1122 5816 1298 5883 aliquo
1325 5813 1561 5868 sensibili
1593 5809 1913 5865 sullicicnter
1939 5810 2016 5864 si-

2131 3247 2257 3296 timo
2297 3244 2579 3296 ministro:
2631 3245 2897 3309 quomodo
2943 3246 3105 3296 etiam
3141 3253 3371 3307 constat,
3421 3245 3575 3298 aliter
3602 3244 3687 3297 or-

2124 3315 2335 3366 dinatos
2366 3314 2568 3379 primos
2602 3313 2894 3375 diaconos,
2936 3328 3097 3378 quam
3154 3317 3310 3366 modo
3357 3313 3696 3380 ordinentur,

2125 3382 2620 3452 porrectioneglibri
2676 3382 3103 3450 Evangeliorum,
3155 3382 3405 3436 Matthazo
3439 3385 3528 3452 qui
3584 3385 3698 3451 pri-

2128 3450 2250 3505 inus
2303 3450 2514 3518 scripsit
2555 3451 2920 3518 Evangeliurn,
2959 3453 3160 3520 aliquot
3203 3451 3542 3520 postmodum
3587 3450 3696 3504 an-

2127 3523 2231 3582 nis,
2255 3521 2484 3587 primum
2523 3520 2814 3574 scribente.
2851 3520 2956 3574 Sed
2995 3523 3058 3575 de
3097 3522 3180 3576 his
3217 3523 3481 3589 pluribus,
3516 3521 3696 3575 eccle-

2126 3591 2464 3644 siasticarum
2517 3604 2694 3642 rerum
2755 3590 2980 3658 diligens
3031 3601 3302 3643 scrutator
3367 3591 3693 3645 Parisieusis

2125 3659 2379 3712 Ecclesiae
2427 3657 2727 3726 theologus.
2761 3661 2820 3712 D.
2853 3657 3048 3714 I’sacius
3095 3660 3356 3714 lL-ibertus
3387 3661 3438 3712 in
3484 3662 3697 3727 Ἀρχιε-

2116 3727 2371 3796 ρατικῴ,
2398 3737 2452 3798 et
2476 3727 2706 3798 Iacobus
2738 3728 2882 3783 Guar
2905 3731 2956 3782 in
2981 3730 3326 3798 Euchulugio.
3349 3731 3500 3795 Quod
3537 3745 3697 3797 porro

2125 3807 2329 3869 spectat
2362 3797 2428 3849 ad
2459 3797 2833 3852 miraculosam
2872 3799 3050 3862 istam,
3079 3811 3132 3851 et
3157 3797 3350 3865 printer
3383 3801 3571 3869 legem,
3603 3816 3695 3852 or-

2125 3868 2492 3932 dinationem;
2553 3869 3047 3921 constantissimum
3116 3879 3218 3931 est,
3278 3868 3515 3932 potuisse
3571 3883 3690 3920 eam

2127 3937 2264 3998 ﬁeri,
2300 3935 2578 4003 fuisseque
2609 3939 2826 3989 omnino
2875 3937 3199 3989 credendum
3218 3939 3436 4005 Asanctis
3465 3940 3692 4005 angelis,

2126 4008 2191 4076 de
2205 4021 2266 4059 ea
2283 4007 2616 4076 testantibus,
2633 4006 2796 4076 juxta
2814 4005 3109 4076 doctrinam
3138 4005 3198 4058 D.
3215 4003 3433 4060 Thema:
3457 4023 3513 4060 ιιι
3535 4003 3611 4076 p.,
3634 4025 3690 4076 (ι.

2129 4073 2221 4134 64,
2248 4089 2299 4126 a.
2329 4073 2382 4128 7.
2418 4073 2599 4141 Neque
2621 4075 2762 4127 enim
2789 4075 2838 4126 id
2866 4074 2937 4126 illi
2970 4084 3312 4141 attentarent,
3345 4077 3442 4128 nisi
3478 4073 3695 4132 Christo

2121 4144 2362 4212 jubeute,
2399 4144 2490 4211 qui
2517 4154 2694 4210 potest
2721 4158 2827 4212 quo
2851 4145 3096 4197 maluerit
3127 4145 3370 4198 ministro
3402 4147 3475 4198 uti
3506 4148 3558 4198 in
3599 4162 3690 4200 sa-

2125 4214 2414 4267 cramentis
2441 4230 2454 4265 :
2483 4227 2786 4280 quanquam
2815 4215 3103 4266 secundant
3138 4213 3307 4282 legem
3349 4223 3532 4267 utatur
3556 4217 3686 4268 solis

2127 4283 2453 4344 hominibus,
2482 4294 2538 4334 ut
2560 4283 2878 4351 quibuscum
2914 4282 3048 4349 ipse,
3099 4292 3561 4336 sacramentorum
3600 4301 3693 4338 au-

2126 4361 2264 4414 ctor,
2304 4353 2662 4406 communicat
2729 4351 2780 4404 in
2828 4360 3053 4404 natura:
3084 4367 3257 4420 neque
3306 4367 3421 4420 non
3462 4353 3686 4418 factum,

2137 4422 2366 4489 Spiritus
2420 4422 2687 4484 veritatis,
2720 4422 2996 4474 mendacio
3025 4419 3348 4476 astruerent.
3384 4419 3481 4474 Vix
3506 4433 3685 4475 autem

2137 4492 2296 4543 luerit
2328 4490 2541 4557 aliquis,
2570 4490 2635 4543 de
2677 4505 2782 4557 quo
2823 4491 3009 4559 majori
3049 4491 3229 4558 specie
3262 4490 3683 4558 probabllitatis,

2128 4561 2692 4629 privilegiumtantutn
2728 4561 2873 4612 credi
2908 4562 2992 4626 pie
3036 4570 3237 4624 posset,
3271 4561 3386 4613 sive
3417 4561 3684 4629 insignem

2125 4627 2484 4695 Atnphtlochii
2533 4629 2871 4682 sanctitatem
2917 4638 2969 4680 et
3018 4629 3485 4696 contemplationis
3514 4627 3690 4683 excel-

2127 4699 2342 4751 lentiam
2373 4707 2674 4766 spectemus
2697 4714 2712 4763 ;
2739 4697 2850 4751 sive
2876 4697 3130 4750 malitiam
3153 4699 3434 4766 temporis,
3473 4701 3690 4766 quando

2125 4767 2191 4820 ad
2225 4767 2678 4835 petulantissimos
2708 4767 2988 4820 haereticos
3015 4771 3360 4830 coercendos,
3380 4769 3546 4834 major
3570 4771 3688 4820 viro

2125 4837 2213 4904 qui
2263 4836 2404 4890 velut
2452 4840 2697 4904 princeps
2766 4836 3149 4890 catholicorum
3209 4838 3690 4905 episcoporumque

2126 4915 2285 4974 esset,
2323 4905 2555 4968 futurus,
2593 4906 2888 4959 Athanasio
2935 4905 3232 4974 Basiliuque
3257 4924 3286 4958 e
3322 4907 3453 4959 vivis
3511 4921 3687 4959 exeru-

2125 4973 2602 5045 ptis,jactatoque,
2659 4990 2722 5029 ac
2779 4975 2988 5045 tandem
3030 4973 3378 5045 exauctorato
3427 4975 3687 5044 Gregorio

2126 5043 2421 5114 Theolugo.
2445 5043 2754 5114 auctoritas
2775 5043 3108 5114 concilianda
3139 5044 3262 5098 fuit.

2196 5115 2288 5168 Est
2320 5113 2370 5168 in
2412 5113 2544 5168 Vitis
2589 5114 2802 5166 Patrqu
2843 5113 3148 5182 liusweydi,
3185 5125 3240 5165 ιιι
3280 5113 3576 5168 monachus
3609 5116 3680 5166 sit

2125 5187 2375 5236 redactus
2399 5185 2463 5235 ad
2491 5185 2732 5236 ordinem
2764 5198 2792 5234 a
2834 5184 3102 5246 Patribus,
3130 5186 3217 5250 qui
3247 5185 3349 5236 sibi
3391 5185 3674 5235 videbatur

2124 5255 2203 5306 sic
2250 5252 2567 5306 miraculose
2611 5255 2889 5306 ordinatus
2936 5254 2990 5304 in
3043 5254 3434 5322 presbyterum.
3497 5251 3686 5322 Magna

2125 5333 2269 5376 certe
2326 5325 2378 5376 in
2427 5325 2587 5376 rebus
2620 5324 2748 5374 tanti
2809 5324 3061 5375 momenti
3097 5321 3231 5390 opus
3258 5323 3524 5375 cautione.
3567 5321 3692 5373 Nul-

2127 5393 2232 5444 lum
2257 5394 2394 5460 apud
2423 5391 2754 5459 antiquiores
2780 5392 3014 5445 occurrit
3050 5393 3270 5458 hujusce
3299 5401 3404 5444 tam
3443 5393 3684 5459 singula-

2127 5466 2200 5514 ris
2229 5461 2579 5514 ordinationis
2625 5460 2983 5529 Amphiloehii
3025 5463 3192 5513 nostri
3225 5474 3628 5514 monumentum
3665 5478 3680 5512 :

2127 5533 2225 5585 nisi
2261 5532 2396 5584 l'orte
2438 5530 2728 5600 Gregorius
2776 5547 2942 5584 carm.
2983 5535 3303 5600 paraenetico
3331 5531 3394 5582 ad
3425 5529 3690 5600 Olympia-

2125 5605 2244 5654 dem
2297 5602 2362 5654 ad
2406 5615 2522 5652 eam
2555 5599 2874 5668 respexerit
2917 5600 2949 5667 ᾖ
2989 5599 3109 5662 ωε,
3147 5601 3551 5668 transmiSsione
3599 5599 3683 5650 illa

2125 5671 2188 5722 ad
2223 5671 2408 5731 Deum,
2443 5668 2616 5741 Θεκλῇ
2651 5666 2714 5738 γε
2743 5671 2838 5722 σὺν
2868 5666 3006 5739 ἁγνῇ
3027 5684 3040 5696 ·
3083 5685 3200 5722 cum
3240 5671 3432 5737 virgine
3461 5666 3684 5741 Thecla;

2125 5755 2248 5792 nam
2283 5755 2400 5792 cum
2449 5756 2551 5793 non
2591 5739 2772 5808 possit
2827 5741 3051 5808 intelligi
3083 5742 3146 5792 de
3183 5739 3588 5808 tratisiitissiOIIe
3617 5741 3684 5790 ad

2128 5811 2289 5865 Deum
2332 5826 2425 5880 per
2450 5805 2727 5865 excessum
2764 5825 2795 5863 a
2851 5810 2980 5874 vita,
3006 5805 3074 5863 ἰιι
3103 5810 3232 5863 satis
3262 5810 3394 5863 bene
3426 5805 3690 5861 Baromus'
