4030 6408
351 331 416 387 17
1715 345 1878 401 νιΤΑ

2008 349 2237 420 TlQUA.
3512 349 3585 412 to

346 445 520 516 λόχιον
546 448 845 504 ἐπίσκοπον
890 452 1109 526 Ἰκονίου
1131 496 1146 522 ,
1174 457 1338 530 ψήφῳ
1371 460 1463 513 καὶ
1496 463 1726 535 κινδύνῳ
1760 466 1898 536 ήμώε

2021 486 2243 540 scopum
2275 470 2506 526 civitatis
2539 471 2727 538 leonii,
2751 481 2934 526 nostro
2957 473 3047 540 qui
3080 471 3346 525 adfuimus
3376 479 3430 524 et
3461 470 3580 524 sul"-

348 541 805 608 παραγενομένων
825 559 840 572 ·
875 543 1160 616 εὐξώμεθα
1195 545 1286 602 οὖν
1308 590 1321 613 ,
1368 551 1452 603 ἵνα
1489 552 1617 626 ἔλθῃ
1650 556 1736 608 ἐπ’
1767 558 1916 628 αὐτῷ

347 628 560 719 ήγχάρις
583 629 677 682 τοῦ
712 626 925 704 Κυρίου
955 637 1108 706 ἡμῶν
1148 639 1322 710 Ἰησοῦ
1355 644 1619 714 Χριστοῦ.
1645 648 1757 700 Καὶ
1780 626 1916 719 μετᾶ

347 718 406 769 τὸ
434 719 691 785 εὔξασθαι
723 726 906 778 αὐτῶν
925 769 939 791 ,
973 729 1179 784 ἔδωκαν
1207 733 1354 804 αύτῴ
1382 736 1478 806 τὴν
1519 739 1770 810 εἰρήνην·
1820 744 1913 795 καὶ

347 811 567 878 ἀφανεῖς
591 815 842 882 ὲγένοντο
871 820 964 874 ἀπ’
989 823 1176 876 αὐτοῦ.

413 903 489 956 B’.
508 905 618 958 Καὶ
649 907 757 960 ἰδοὺ
784 910 1067 966 ἐπίσκοποι
1084 914 1230 978 ζ’τὸν
1244 917 1492 989 ἀριθμὸν,
1511 922 1912 993 ἐκπεμφθέντες

344 991 448 1046 ὑπὸ
476 999 570 1048 τοῦ
597 999 754 1067 ἁγίου
787 1003 1122 1075 Πνεύματος,
1147 1009 1445 1079 ἐπηρώτων
1471 1015 1598 1082 περὶ
1624 1015 1789 1067 αὑτοῦ
1816 1017 1909 1068 τοῦ

357 1086 730 1160 Ἀμφιλοχίου,
784 1093 1032 1162 λέγοντες
1091 1099 1274 1170 αὐτῷ’
1323 1104 1393 1156 Σὺ
1446 1100 1500 1157 εἷ
1565 1107 1912 1177 Ἀμφιλὸχιος

346 1180 614 1249 μοναχός;
660 1184 720 1236 'O
753 1184 811 1237 δὲ
853 1186 1001 1254 λέγει
1023 1205 1035 1218 '
1085 1191 1199 1244 Πᾶν
1233 1191 1424 1261 ψεῦδος
1448 1197 1513 1248 ὲκ
1543 1197 1636 1250 τοῦ
1678 1199 1909 1269 πονηροῦ

342 1270 510 1333 ἐστιν,
551 1271 656 1324 κᾶν
683 1275 772 1328 ἐπὶ
806 1279 1040 1347 μεγάλου
1071 1282 1400 1354 πράγματος
1433 1286 1660 1354 γίνεται,
1693 1289 1792 1343 κᾶν
1822 1293 1910 1343 ἐπὶ

345 1361 565 1430 μικροῦ.
596 1365 707 1416 Καὶ
738 1362 890 1420 εἶπεν
910 1385 924 1398 ·
964 1370 1104 1438 Ἐγώ
1134 1376 1248 1443 εἰμι
1285 1378 1629 1449 Ἀμφιλόχιος
1657 1382 1906 1452 μοναχός.

341 1453 453 1544 Χαι
485 1454 742 1522 λαϐόντες
774 1461 935 1514 αὐτὸν
963 1465 1010 1516 οἱ
1050 1464 1340 1521 ἐπίσκοποι
1381 1472 1677 1542 εἰσήγαγον
1708 1476 1787 1537 εἰς
1814 1475 1909 1544 τὴν

341 1543 660 1614 ἐκκλησίαν.
704 1551 813 1602 Καὶ
854 1551 1003 1621 λέγει
1056 1556 1239 1621 αὐτοῖς
1291 1561 1528 1624 ἐκεῖνος’
1586 1543 1906 1627 Ἀκούσατε,

339 1633 557 1703 ἀδελφοὶ
587 1639 681 1690 καὶ
727 1642 994 1714 πατέρες,
1032 1646 1108 1710 ὡς
1146 1648 1246 1719 τὴν
1294 1649 1549 1721 ἀλήθειαν
1587 1655 1714 1725 ὑμῖν
1746 1655 1904 1724 λέγω.

351 1725 438 1777 Ἐν
465 1726 578 1798 γὰρ
614 1732 679 1800 τῇ
719 1735 874 1786 νυκτὶ
910 1737 1078 1808 ταύτῃ
1123 1738 1342 1806 ἄγγελοι
1404 1743 1538 1796 Θεοῦ
1575 1746 1908 1817 ἐχειροτόνη-

2018 565 2188 632 fragio
2236 574 2290 618 et
2342 564 2581 632 periculo
2639 564 2738 633 (a).
2810 564 3099 618 Precemur
3139 576 3288 629 ergo,
3317 571 3376 614 ιιι
3403 561 3577 628 gratia

2018 655 2224 710 Domini
2259 659 2423 712 nostri
2451 656 2577 712 Jesu
2609 657 2806 712 Christi
2847 672 3008 726 super
3047 672 3167 710 cum
3207 655 3406 708 veniat.
3446 653 3579 707 Per-

2015 750 2256 817 actisque
2288 749 2556 816 precibus,
2593 749 2854 804 dederunt
2886 751 2932 802 ei
2969 764 3175 818 pacem,
3209 757 3266 802 et
3293 745 3574 816 disparue—

2017 850 2140 894 runt
2172 841 2239 894 ab
2268 841 2386 910 ejus
2405 842 2596 896 oculis.

2085 930 2146 984 ll.
2178 931 2317 985 Ecce
2343 940 2520 986 autem
2559 943 2764 999 septem
2788 946 3007 985 numero
3033 930 3291 1000 episcopi,
3327 930 3574 984 mittente

2015 1021 2215 1088 Spiritu
2267 1031 2474 1087 sancto,
2504 1022 2955 1089 percontabantur
3008 1021 3074 1074 de
3130 1022 3246 1090 ipso
3283 1020 3566 1090 Amphilo-

2013 1111 2155 1173 chio,
2191 1111 2465 1165 dicentes:
2499 1111 2650 1164 Tune
2693 1125 2751 1164 es
2791 1110 3205 1180 Amphilochius
3237 1109 3572 1166 monachus?

2012 1201 2109 1267 Qui
2141 1202 2245 1256 ait:
2268 1202 2602 1257 Mendacium
2634 1215 2793 1256 omne
2819 1218 2849 1256 a
2881 1203 3020 1257 malo
3057 1215 3134 1257 est
3160 1203 3256 1273 (ὁ),
3295 1204 3408 1258 sive
3451 1203 3572 1272 quis

2011 1293 2300 1346 mentiatur
2348 1295 2402 1347 in
2458 1309 2516 1348 re
2553 1310 2766 1365 magna,
2795 1296 2907 1349 sive
2943 1296 2992 1348 in
3041 1310 3224 1363 parva.
3257 1295 3573 1363 Respondit-

2010 1399 2114 1452 que
2143 1401 2158 1438 :
2193 1384 2300 1453 Ego
2316 1400 2430 1438 sum
2459 1386 2867 1455 Amphilochius
2893 1388 3204 1440 monachus.
3245 1387 3396 1440 Tunc
3426 1388 3568 1442 acci-

2011 1474 2216 1541 pientes
2261 1475 2429 1542 ipsum
2449 1476 2706 1544 episcopi,
2743 1478 3010 1531 duxerunt
3055 1478 3107 1532 in
3141 1478 3441 1532 ecclesiam.
3472 1478 3564 1532 Ait

2011 1578 2137 1617 vero
2164 1563 2267 1618 illis
2294 1581 2309 1618 :
2343 1565 2552 1632 Audite,
2581 1567 2772 1621 fratres
2804 1577 2859 1621 et
2884 1576 3064 1637 patres
3085 1607 3100 1632 ,
3137 1577 3194 1621 ut
3215 1568 3363 1622 vobis
3386 1568 3562 1622 dicam

2009 1656 2306 1712 veritatem.
2346 1657 2455 1711 Hac
2503 1657 2649 1712 enim
2693 1667 2848 1712 nocte
2888 1658 3064 1727 angeli
3090 1658 3182 1712 Dei
3213 1673 3298 1712 me
3331 1657 3568 1714 civitatis

2009 1747 2169 1801 leonii
2213 1747 2596 1802 ordinaverunt
2643 1749 2972 1817 episc0pum.
3016 1749 3086 1803 lis
3113 1750 3187 1802 illi
3212 1750 3427 1814 auditis,
3459 1758 3564 1804 ste-

341 1817 438 1868 σάν
475 1836 544 1887 με
581 1821 880 1877 ἐπίσκοπον
921 1827 1127 1891 πόλεως
1168 1831 1408 1887 Ἰκονίου.
1437 1836 1548 1889 Καὶ
1578 1837 1898 1901 ἀκούσαντες

2011 1846 2190 1889 terunt
2217 1837 2369 1900 muti,
2399 1839 2448 1891 in
2473 1853 2531 1892 se
2566 1839 2792 1893 invicem
2821 1841 3562 1910 aspicientes,dieentesque:

339 1907 510 1961 ταῦτα
539 1913 588 1962 οἱ
623 1913 930 1979 ἐπίσκοποι,
961 1918 1195 1990 ἔστησαν
1218 1923 1410 1991 ἐννεοὶ,
1440 1926 1802 1995 ἐμϐλέποντες
1828 1931 1907 1992 εἰς

333 1997 423 2049 τὸν
451 2000 568 2062 ἕνα,
604 2004 698 2055 καὶ
729 2003 1012 2073 λέγοντεςο
1057 2011 1152 2065 Ὃν
1186 2013 1214 2064 ὁ
1243 2012 1376 2074 Θεὸς
1417 2015 1791 2086 ἐχειροτόνησε
1819 2019 1906 2072 διὰ

333 2088 440 2140 τῶν
492 2092 662 2158 ἁγεων
705 2095 870 2148 αὐτοῦ
921 2098 1200 2167 ἀγγέλων,
1243 2104 1407 2172 ἡμεῖς
1450 2109 1824 2178 χειροτονῆσαι
1870 2111 1902 2181 ἢ

336 2184 676 2254 παρυῦρὶσαι
699 2188 759 2239 ού
790 2188 1065 2260 δυνάμεθα
1085 2209 1100 2222 ·
1125 2193 1239 2246 ἀλλ’
1267 2194 1418 2250 ἔσται
1444 2197 1804 2269 εὐλογημένος
1828 2204 1906 2264 εἰς

332 2275 460 2337 τοὺς
505 2277 708 2341 αἰῶνας
753 2280 862 2334 τῶν
914 2282 1159 2337 αἰώνωνο
1206 2287 1302 2339 καὶ
1351 2287 1458 2358 δῴη
1507 2290 1656 2360 αὐτῷ
1705 2292 1906 2362 Κύριος

334 2367 514 2418 τ’..ἱσαν
555 2369 714 2438 χάριν
761 2372 855 2423 καὶ
897 2372 1202 2428 ἀνάπαυσιν
1228 2391 1242 2404 ·
1290 2377 1384 2429 καὶ
1427 2379 1534 2431 υἱοὶ
1580 2380 1808 2450 ἀνομίας
1845 2383 1903 2434 οὐ

335 2456 680 2510 κακώσουσιν
729 2460 896 2530 αὐτῷ.
941 2463 1052 2514 Καὶ
1092 2463 1276 2527 δόντες
1317 2465 1463 2536 αύτῷ
1504 2467 1601 2538 τὴν
1649 2470 1902 2540 εἰρήνην,

335 2545 691 2618 ἀνεχώρησαν
717 2549 810 2602 ἀπ’
842 2551 1006 2604 αὐτοῦ
1027 2569 1042 2582 ·
1075 2554 1168 2606 καὶ
1195 2554 1436 2624 ἀπῆλθον
1457 2557 1685 2622 ἕκαστος
1706 2561 1784 2621 εὶς
1809 2561 1905 2631 τὴν

344 2637 481 2689 ἰδίαν
513 2639 697 2704 πόλιν,
729 2640 828 2694 καὶ
866 2641 1194 2713 διηγήσαντο
1232 2643 1302 2697 τὰ
1344 2648 1471 2718 περὶ
1521 2649 1898 2721 Ἀμςριλοχίου’

336 2730 428 2782 καὶ
470 2732 630 2794 αὐτὸς
669 2728 737 2803 ἦν
792 2735 1067 2803 ποιμένων
1121 2736 1183 2790 τὸ
1225 2738 1474 2808 ποίμνιον
1515 2741 1787 2811 Χριστοῦ,
1847 2745 1904 2796 ὲν

338 2819 468 2870 πᾶσι
491 2821 729 2892 ὁσιότητι
765 2823 860 2875 καὶ
891 2824 1226 2900 δικαιοσύνῃ.

404 2908 477 2964 F'.
496 2912 650 2965 Μετά
682 2912 735 2965 δὲ
750 2913 875 2984 τρία
902 2915 1019 2986 ἐτη,
1045 2916 1344 2989 ἀνέστησαν
1360 2921 1410 2973 οἱ
1435 2920 1598 2974 λύκοι
1613 2921 1711 2992 τῆς
1741 2925 1902 2994 Ἀρα-

338 2999 493 3064 ϐίας,
522 3003 788 3073 Εὐνόμιος
828 3006 921 3059 καὶ
968 3008 1245 3078 ’Λρειανὺς
1284 3011 1378 3064 καὶ
1415 3012 1773 3076 Μακεδόνιος,
1808 3016 1901 3068 καὶ

2020 1926 2187 1992 Quem
2217 1925 2358 1980 Deus
2382 1942 2475 1994 per
2491 1936 2708 1982 sanctos
2740 1928 2958 1998 angelos
2986 1944 3110 1983 suos
3138 1929 3424 1990 ordinavit,
3456 1942 3564 1981 non

2007 2033 2290 2088 possumus
2318 2019 2415 2087 ipsi
2450 2021 2700 2076 ordinare
2732 2030 2824 2075 aut
2858 2021 3068 2075 atiicere
3102 2020 3444 2086 contumelia,
3472 2020 3566 2075 sed

2007 2111 2112 2164 erit
2137 2109 2448 2165 benedictus
2477 2112 2528 2164 in
2561 2112 2754 2166 saecula
2785 2112 3138 2177 saeculorum;
3171 2114 3328 2182 eique
3377 2112 3562 2166 Domi-

2009 2216 2108 2255 nus
2155 2201 2381 2269 gratiam
2425 2217 2636 2257 omnem
2671 2213 2726 2257 et
2769 2204 3004 2272 quietem
3055 2205 3301 2259 dederit:
3337 2219 3434 2258 nec
3469 2202 3563 2257 ﬁlii

2008 2289 2306 2358 iniquitatis
2341 2295 2610 2347 nocebunt
2637 2294 2684 2348 ei
2709 2294 2749 2346 ³.
2784 2295 2913 2348 Data
2945 2311 3073 2362 ergo
3116 2297 3163 2350 ei
3211 2310 3362 2364 pace,
3395 2309 3568 2350 reces-

2005 2390 2183 2434 serunt
2222 2381 2290 2434 ab
2331 2396 2428 2446 eo;
2474 2399 2702 2453 cumque
2757 2387 2809 2440 in
2845 2402 2998 2440 Suam
3026 2389 3252 2455 quisque
3292 2387 3563 2441 civitatem

2008 2472 2206 2526 reversi
2258 2483 2458 2536 essent,
2511 2487 2866 2530 uarraveruut
2922 2493 3039 2545 qua:
3091 2480 3231 2532 circa
3288 2478 3565 2546 Amphilo-

2005 2561 2183 2616 chium
2213 2573 2362 2630 gesta
2390 2573 2562 2618 erant.
2601 2565 2718 2635 Ipse
2738 2581 2898 2635 porro
2927 2568 3334 2638 Amphilochius
3362 2568 3562 2624 Christi

2005 2666 2220 2721 gregem
2270 2655 2524 2724 pascebat
2573 2655 2625 2709 in
2660 2659 2916 2713 omnibus
2957 2661 3246 2716 sanctitate
3301 2670 3355 2715 et
3404 2659 3565 2730 justi-

2007 2745 2097 2797 tia.

2072 2929 2157 2988 lll.
2186 2929 2314 2986 Post
2364 2940 2473 2988 tres
2523 2941 2702 2988 autem
2751 2949 2942 2999 annos,
2992 2933 3400 2988 insurrexerunt
3454 2930 3564 3000 lupi

2002 3023 2214 3079 Arabia:
2247 3025 2340 3096 (c),
2367 3026 2683 3089 Eunomius,
2731 3027 2970 3094 inquam,
3009 3026 3260 3089 Arianus,
3289 3034 3342 3077 et
3391 3022 3566 3076 illaec—

336 3095 631 3167 συζήτησιν
661 3100 942 3154 ἐποιοῦντο
978 3104 1105 3174 περὶ
1134 3104 1234 3174 τῆς
1277 3105 1510 3170 πίστεως
1538 3108 1637 3177 τῆς
1677 3111 1756 3173 εἰς
1787 3110 1896 3163 Κύ-

2006 3117 2216 3183 donius,
2260 3095 2728 3188 rqumstionemque
2761 3129 3040 3174 moverunt
3068 3118 3133 3172 de
3167 3118 3269 3170 [ide
3302 3118 3352 3169 in
3384 3115 3560 3170 Domi-

337 3201 450 3255 ριον
501 3188 655 3258 ἡμῶν
709 3191 917 3260 Ἰησοῦν
964 3195 1196 3265 Χριστόν
1218 3213 1230 3225 ·
1273 3197 1366 3249 καὶ
1393 3198 1568 3261 οὐδεὶς
1598 3201 1776 3268 ἴσχυεν
1808 3204 1901 3256 ἀν-

332 3277 582 3347 τιστῆναι
615 3278 693 3350 τῷ
734 3280 878 3351 λόγῳ
906 3284 1084 3337 αὐτῶν
1105 3299 1118 3312 ⁸
1146 3285 1239 3337 καὶ
1272 3286 1488 3353 ἐγένετο
1525 3287 1740 3353 σύνοδος
1782 3293 1899 3344 ἐπι-

403 3389 425 3421 ³
447 3389 588 3478 Psal.
617 3407 877 3457 Lxxxvm,
909 3394 997 3449 25.

335 3518 424 3560 an.
469 3505 593 3569 594,
619 3507 873 3574 quidquid
903 3508 1072 3564 levius
1103 3511 1424 3567 scholiastes
1453 3513 1749 3569 Germanus
1778 3532 1900 3569 car-

334 3575 495 3628 minis
514 3579 580 3650 ag
602 3575 880 3650 Seleucum
911 3599 924 3632 :
954 3590 1007 3633 et
1031 3583 1308 3635 evidenter
1327 3583 1596 3650 colligitur
1624 3599 1688 3637 ex
1714 3585 1896 3638 Hiero-

335 3659 495 3722 nymo
528 3645 603 3722 De
652 3649 1017 3722 scriptoribus,
1044 3650 1428 3722 ecclesiasticis,
1455 3645 1730 3720 "loquente
1779 3666 1900 3722 post

333 3712 588 3790 Gregorii
615 3712 817 3790 obitum
865 3719 939 3790 ‘de
995 3719 1374 3788 Amphilochio
1405 3712 1462 3775 ut
1493 3712 1567 3778 (ιε’
1587 3712 1896 3790 supersiite,

335 3799 510 3857 exque
541 3783 836 3856 Menologio
865 3783 1229 3857 longissimam
1253 3793 1301 3843 ei
1331 3799 1546 3844 aetatem
1584 3783 1852 3848 tribuente
1877 3783 1891 3850 ξ

334 3869 455 3907 cum
487 3855 643 3927 iter!
665 3855 1004 3927 transmissio
1025 3859 1322 3927 spiritualis
1353 3860 1422 3913 ob
1454 3862 1622 3914 solam
1653 3863 1895 3915 devotio-

335 3939 456 3975 nem
490 3925 542 3976 in
584 3923 838 3980 Theclam
892 3923 1070 3981 minus
1124 3929 1391 3984 sufﬁciens
1421 3931 1665 3986 videatur
1691 3931 1896 3987 intento

332 3992 603 4068 Gregorii,
644 3994 735 4062 qui
777 4005 920 4051 totus
959 3999 1210 4067 mysteria
1249 4000 1504 4067 loquitur,
1553 4002 1752 4068 vixque
1798 4004 1893 4056 ha-

334 4062 711 4135 lgvtgsyllabam
756 4075 847 4118 aut
871 4062 1078 4130 vocent,
1107 4069 1190 4122 cui
1225 4062 1335 4122 non
1385 4070 1456 4122 sit
1498 4062 1738 4135 adjectus
1767 4073 1897 4125 sub-

333 4130 1042 4208 limis-aliquis_divinusquc
1071 4153 1259 4208 sensus
1281 4130 1586 4208 (utegregie
1615 4144 1895 4208 prosequi-

335 4212 418 4253 tur
454 4201 571 4276 ejus
601 4201 1032 4276 studiosissimus
1063 4217 1116 4260 et
1140 4207 1255 4276 ipse
1273 4201 1684 4263 tiervosissim'ns
1723 4201 1892 4264 Maxi-

333 4286 475 4334 unus,
507 4273 574 4346 ad
604 4273 828 4346 primam
860 4285 1050 4346 quaest.
1087 4277 1138 4329 in
1163 4273 1333 4332 'orat.
1377 4277 1456 4330 De
1499 4296 1674 4332 amore
1699 4297 1891 4346 paupe-

333 4355 452 4418 rum
486 4341 732 4418 ejusdem
769 4341 1043 4418 Gregorii,
1058 4349 1360 4413 propediem
1404 4362 1524 4418 cum
1559 4341 1772 4418 reliquis
1804 4341 1887 4418 ip-

331 4412 548 4485 siusuab
575 4412 905 4485 amicissimo
937 4414 1082 4484 regio
1113 4412 1402 4484 interprete
1427 4412 1797 4485 Albertofjam
1817 4412 1882 4473 ex

331 4480 517 4556 Cyrilli
563 4480 1020 4556 magnieditione
1039 4499 1150 4556 non
1170 4480 1356 4556 parum
1384 4487 1550 4556 claro,
1577 4487 1628 4540 in
1652 4480 1756 4552 ’j'us
1787 4505 1884 4556 pu-

334 4552 562 4612 blicum;
601 4552 839 4605 nonnihil
873 4554 1037 4606 etiam
1070 4554 1223 4608 nobis
1253 4555 1336 4608 vel
1385 4552 1886 4612 conferentibus-vel

328 4619 701 4694 antiitentibus
751 4623 1037 4694 celerando
1077 4625 1248 4693 operi,
1275 4633 1330 4678 et
1353 4627 1652 4694 promptius
1684 4626 1890 4682 fodien-

331 4691 473 4767 tibus
507 4690 711 4767 multis,
739 4692 976 4767 eruendo
1009 4690 1277 4767 thesauro,
1306 4690 1756 4767 transierendus).
1782 4715 1888 4750 non

327 4759 592 4810 absonum
623 4761 788 4813 videri
821 4763 1008 4827 possit,
1039 4775 1094 4814 ut
1127 4778 1192 4817 eo
1218 4764 1380 4826 dicat,
1417 4766 1480 4816 ad
1512 4763 1678 4818 Deum
1713 4759 1890 4821 irans-

327 4829 545 4905 misisse
589 4843 712 4882 cum
759 4830 1229 4905 virgine__Thec_la,
1259 4833 1382 4900 quia
1439 4834 1539 4905 sibi
1579 4835 1665 4888 illa
1704 4837 1889 4905 ipsum

325 4899 630 4972 ascivisset,
654 4909 707 4952 et
729 4915 840 4954 sua:
860 4900 940 4972 illi
965 4901 1211 4956 Ecclesia:
1236 4899 1556 4956 niiraculose
1581 4899 1888 4972 praefectum

323 4977 378 5022 et
418 4970 726 5022 ordinatum
763 4970 1077 5033 antistitem,
1113 4973 1254 5024 velut
1302 4972 1414 5036 jam
1459 4970 1592 5026 non'
1617 4984 1889 5028 terrenqu

325 5038 622 5110 hominem,
652 5048 706 5091 et
739 5055 837 5109 pro
860 5040 982 5092 vita:
1018 5039 1186 5110 huius
1231 5049 1370 5095 statu
1420 5041 1674 5096 Ecclesia:
1716 5044 1894 5110 ρι’ωεὶ-

323 5107 472 5170 dem,
514 5108 609 5160 sed
642 5107 898 5178 lanitium
928 5107 1200 5163 caelestem
1229 5111 1428 5169 virum,
1456 5119 1510 5162 et
1532 5113 1642 5178 jam
1675 5107 1729 5165 in
1754 5115 1891 5167 caelo

324 5187 379 5227 ct
413 5192 536 5248 cum
562 5178 835 5231 caelitibus
864 5177 1078 5248 Deoque
1115 5177 1544 5248 pecnliarissinte
1563 5193 1886 5243 versantem,

323 5255 376 5317 et
413 5245 526 5298 fere
560 5257 738 5298 status
776 5247 1006 5300 beatiﬁci
1063 5245 1182 5303 cum
1237 5249 1349 5317 ipsa
1387 5259 1692 5304 consortem
1724 5253 1890 5306 videri

324 5313 582 5378 fecisset;
611 5331 787 5384 eoque
830 5331 956 5370 vere
983 5317 1084 5371 sibi
1114 5313 1365 5380 amicum,
1403 5321 1542 5385 quod
1583 5321 1889 5385 dicebatur;

321 5385 578 5438 erunibus
599 5387 1135 5456 jam‘quodatnntodo
1167 5399 1221 5440 et
1246 5388 1473 5456 mystice
1495 5392 1891 5452 communibus,

321 5456 673 5526 ostendisset.
698 5453 954 5526 Eatndem
990 5453 1322 5526 Nicepltorus
1349 5459 1625 5511 historiam
1650 5475 1713 5512 ex
1748 5475 1896 5514 cont-

323 5526 475 5577 muni
527 5525 669 5577 fama
709 5524 903 5589 refert;
939 5527 1030 5578 sed
1065 5524 1130 5580 is'
1153 5526 1334 5592 iunior
1378 5537 1479 5588 est,
1510 5544 1608 5583 nec
1659 5529 1793 5584 forte
1829 5533 1895 5582 ab

320 5596 434 5646 alio
461 5599 671 5667 accepit
707 5611 869 5667 quam
895 5613 924 5647 ιι
953 5595 1332 5664 Metapbraste,
1375 5613 1537 5666 penes
1561 5614 1742 5667 quem,
1772 5615 1893 5665 cum

319 5665 552 5732 quastio
585 5666 708 5718 faeti
737 5666 827 5726 sit,
863 5675 969 5719 stet
1005 5668 1079 5719 rei
1107 5677 1266 5720 tanta:
1299 5665 1448 5720 lidcs.

396 5734 474 5805 (α)
507 5733 702 5790 Nostro
751 5736 840 5804 qui
888 5735 1157 5805 adfuimus
1190 5747 1236 5793 et
1285 5737 1537 5808 suﬁ‘ragio
1568 5747 1616 5792 et
1646 5739 1892 5794 vcriculo.

2007 3223 2132 3261 num
2166 3208 2347 3263 Jesum
2383 3211 2654 3265 Christum
2689 3227 2702 3263 :
2736 3225 2835 3265 nec
2885 3210 3166 3279 quisquam
3221 3224 3406 3262 eorum
3455 3223 3566 3260 sero

2007 3300 2148 3354 moni
2179 3310 2388 3368 poterat
2419 3302 2670 3356 resistere
2696 3302 2810 3373 (d):
2845 3302 3097 3370 factaque
3135 3310 3218 3355 est
3255 3299 3566 3354 Constanti,

2005 3505 2184 3575 Ψήφῳ
2213 3506 2306 3557 καὶ
2339 3501 2568 3575 κινδύνῳ
2607 3502 2762 3575 ἡμῶν
2794 3500 3268 3575 παραγενομένων.
3306 3499 3561 3575 Loquim-

2005 3571 2093 3626 tur
2116 3571 2288 3642 angeli
2323 3588 2470 3627 more
2523 3571 2820 3642 hominum,
2851 3573 3043 3640 quibus
3079 3571 3566 3642 snllraganlibuset

2003 3639 2398 3711 imponéntibus
2421 3657 2628 3701 manus.
2651 3657 2752 3694 non
2782 3641 2895 3695 leve
2916 3652 2996 3695 cst
3026 3640 3348 3711 periculum.
3365 3639 3564 3711 Quam-

2003 3709 2184 3765 obrem
2227 3711 2420 3765 Paulus
2473 3711 2754 3764 Timotheo
2811 3709 3408 3764 eharissimozNemini
3460 3709 3563 3759 cito

2003 3798 2187 3834 manus
2222 3782 2553 3848 imposueris,
2581 3791 2709 3842 etc.,
2771 3778 2983 3857 Tintiv,
3016 3780 3104 3832 22.
3136 3778 3322 3838 Angcli
3359 3787 3558 3857 autem,

2002 3867 2121 3903 cum
2169 3852 2364 3904 divinae
2417 3858 2620 3903 tantmu
2661 3849 2950 3903 voluntatis
2979 3857 3346 3908 exsecutores,
3377 3849 3561 3913 etiam

2002 3921 2166 3986 beati,
2195 3921 2246 3974 id
2275 3921 2513 3996 mnu-eris
2543 3919 2797 3985 obierint,
2827 3918 3179 3996 extra_aleam
3209 3917 3440 3970 fuerunt.
3470 3915 3561 3996 Vel

2004 3991 2162 4044 fuerit
2213 3987 2520 4044 nommllnm
2576 4003 2759 4042 eorum
2806 3989 3120 4056 periculum.
3159 4003 3223 4040 ne
3271 4003 3374 4040 non
3429 3987 3563 4039 satis

2001 4063 2160 4127 digne
2197 4060 2499 4114 sacerdotio
2526 4058 2856 4128 fungeretur,
2884 4060 3030 4112 velut
3061 4059 3231 4111 adhuc
3257 4056 3323 4110 ad
3361 4058 3561 4109 malum

1996 4131 2259 4183 vertibilis
2285 4141 2340 4183 et
2366 4131 2558 4191 viator,
2591 4144 2747 4195 quem
2776 4129 2875 4196 ipsi
2909 4140 2964 4182 et
3002 4137 3409 4182 consecrasseut
3445 4137 3498 4179 ct
3525 4142 3557 4179 ιι

1996 4199 2124 4262 Deo,
2139 4200 2280 4255 sedis
2299 4200 2460 4264 illius,
2477 4213 2596 4254 cum
2616 4197 2830 4263 Thecla,
2844 4202 3147 4266 episcopum
3166 4197 3560 4266 impetrassent.

1990 4268 2168 4324 Nescii
2212 4271 2354 4323 enim
2377 4271 2698 4331 futurorum,
2727 4284 2846 4320 cum
2877 4265 3075 4336 aliquid
3104 4283 3132 4318 a
3167 4265 3297 4329 Deo,
3326 4267 3463 4333 quod
3497 4268 3562 4320 ad

1993 4339 2082 4391 Dei
2117 4341 2334 4408 gloriam
2361 4349 2578 4406 putant,
2613 4352 2670 4390 re
2698 4339 2871 4408 minus
2893 4339 3230 4408 succedente,
3255 4351 3560 4408 quanquam

1993 4406 2139 4462 nulla
2173 4424 2358 4464 eorum
2414 4410 2589 4476 culpa,
2647 4407 2790 4460 velut
2838 4420 3060 4474 peccare
3123 4407 3392 4470 videntur,
3415 4417 3468 4458 et
3507 4406 3560 4459 iu

1989 4494 2047 4532 se
2079 4483 2223 4546 ipsos
2276 4480 2324 4532 id
2379 4492 2657 4532 accersere
2709 4477 3124 4545 perictilizquod
3151 4478 3373 4530 omnino
3410 4491 3564 4541 pecu-

1991 4548 2272 4603 Iiarissima
2299 4565 2428 4602 cura
2460 4547 2818 4616 precibusque
2849 4547 2915 4599 ad
2938 4549 3098 4616 Deum
3121 4557 3383 4598 conantur
3412 4560 3562 4597 amo—

1991 4617 2098 4681 liri,
2134 4620 2276 4672 velut
2306 4615 2502 4686 quibus
2535 4616 2752 4670 maximi
2784 4619 2870 4677 sit,
2899 4616 2986 4668 illa
3021 4615 3113 4668 Dei
3153 4616 3329 4668 taliter
3359 4619 3561 4668 intenta

1991 4690 2186 4756 gloria.
2237 4688 2480 4752 Legenda
2528 4689 2666 4753 apud
2729 4686 2995 4756 [ianiclrtn
3047 4700 3219 4752 pugna
3245 4687 3556 4752 angelorum

1991 4754 2392 4826 pur-positorum
2412 4756 2643 4811 Hebraeis
2659 4765 2706 4808 et
2724 4754 2918 4814 Persis,
2936 4764 2990 4808 et
3011 4756 3059 4806 in
3073 4772 3187 4826 eam
3206 4756 3556 4826 expositnres.

2066 4824 2137 4899 (ὑ)
2169 4828 2500 4899 Mendacium
2539 4841 2686 4899 omne
2729 4843 2759 4876 (ι
2805 4827 2942 4899 malo
2995 4837 3089 4878 est.
3139 4825 3252 4899 ilav
3277 4824 3469 4893 ψεῦδος
3487 4826 3560 4899 ’ὲκ

1991 4894 2084 4950 τοῦ
2121 4894 2359 4968 ἆιονηροῦ
2384 4899 2521 4948 ἐστι.
2564 4896 2616 4948 lu
2657 4895 2756 4948 hoc
2797 4895 3002 4949 sanius.
3044 4894 3226 4948 multis
3260 4895 3557 4968 pr:e_s_ertim

1993 4963 2322 5030 Graecisfin
2348 4981 2575 5035 quorum
2605 4975 2786 5035 partes
2813 4979 3044 5035 magnus
3067 4966 3333 5035 concessit
3365 4963 3556 5035 Hiero-

1993 5052 2225 5107 nymus;
2253 5032 2449 5107 qua—de
2488 5051 2546 5090 re
2575 5034 2817 5105 pluribus
2835 5033 2976 5104 Aug.
2995 5033 3088 5090 lib.
3117 5032 3312 5087 Contra
3346 5033 3561 5086 menda-

1992 5124 2148 5164 ειιιηι,

2067 5177 2138 5247 (r)
2197 5175 2605 5247 Insurrexerunt
2640 5175 2775 5247 Διηρὶ
2834 5174 3062 5228 Arabica.
3117 5173 3559 5247 _’Avéoer,oa.v_oi

1993 5242 2147 5302 λύκοι
2179 5247 2276 5317 τῆς
2312 5246 2600 5317 Ἀραϐέας,
2637 5242 2893 5317 Ιιιοοτιιιε-
2909 5255 3093 5317 auctor
3115 5245 3255 5297 inter
3280 5242 3558 5310 Amphilo-

1996 5321 2100 5373 chii
2119 5313 2443 5388 operaiorat.
2469 5315 2827 5388 Infirmich
2856 5313 3395 5388 Gregoriusqttoque
3418 5323 3558 5388 orat.

1995 5391 2086 5452 54,
2120 5381 2206 5442 ubi
2238 5386 2422 5438 Dillius
2457 5403 2508 5437 n.
2547 5384 2601 5447 5,
2625 5386 2866 5437 alludunt
2891 5381 3079 5438 omnes
3103 5384 3168 5436 ad
3198 5381 3326 5436 ilind
3356 5381 3555 5452 llaliac.

1999 5450 2186 5526 Ljuxta
2227 5455 2372 5509 LXX
2402 5473 2416 5508 :
2461 5455 2750 5508 Velociores
2779 5454 2929 5521 lupis
2972 5453 3184 5526 Arabiae
3216 5471 3233 5526 ;
3263 5453 3348 5505 ubi
3374 5450 3558 5526 “Vulg.

1997 5521 2134 5594 lupis
2162 5525 2484 5592 vespertinis.
2522 5527 2643 5578 Sola
2684 5535 3002 5594 punctorum
3032 5524 3325 5594 diversitas
3356 5521 3560 5574 discre—

1997 5592 2232 5668 pantiam
2257 5596 2402 5651 facit.
2447 5595 2624 5648 Videri
2653 5592 2826 5664 potest
2854 5592 3065 5668 Cornel.
3103 5609 3169 5646 eo
3202 5593 3325 5645 loci.

2069 5666 2145 5738 (Δ)
2181 5666 2296 5738 ΝιιρΔ
2318 5668 2589 5738 quisquam
2617 5661 2806 5738 eorum
2821 5664 3051 5738 sermoni
3069 5673 3268 5732 poterat
3300 5661 3557 5738 resistere.

2000 5730 2226 5793 maxime
2259 5730 2504 5792 Eunomii
2547 5734 2910 5799 disertissimi,
2973 5730 3121 5803 cujus
3160 5749 3278 5788 cum
3315 5730 3560 5785 Theodo-
