4030 6408
453 335 524 391 I9
1423 342 1473 399 S.
1513 342 1964 400 AMPIIiLOCIIII
2005 339 2392 399 ICONIENSIS
2432 345 2741 400 EPISCOPI
3622 349 3694 403 90

452 454 626 521 nopoli
659 455 724 509 ad
758 456 1136 525 inquirendum
1171 462 1237 514 de
1277 475 1340 515 ea
1390 477 1468 524 re,
1505 472 1720 516 centum
1755 464 2012 532 quinqua-

2120 461 2329 514 σκόπων
2383 468 2493 534 ρνγ¹
2541 465 2599 516 ἐν
2653 459 3219 514 Κωνσταντινουπόλει
3260 461 3387 531 περὶ
3407 461 3500 514 τοῦ
3525 461 3694 534 ζητήσ-

451 547 598 616 ginta
641 549 801 602 trium
835 550 912 620 (a)
941 554 1316 624 episcoporum
1340 555 1597 624 synodus.
1623 554 1868 624 Cumque
1893 556 2022 610 Am-

452 641 758 708 philochius
782 643 833 696 in
875 646 1191 698 memoriam
1217 647 1472 712 venisset,
1513 647 2021 717 dixeruntepiscopi

454 733 520 786 ad
564 735 942 802 imperatorem
979 752 992 788 :
1026 735 1250 792 Domine
1312 739 1627 808 imperator,
1680 738 1809 806 jube
1862 741 2025 809 igitur

453 825 764 893 episcopum
793 825 952 878 lcouii
979 827 1199 892 venire;
1233 822 1585 896 etsiquidem
1619 828 1781 884 fuerit
1819 829 1906 883 ille
1944 830 2023 883 vi-

453 924 591 977 etus,
624 914 724 984 ipsi
767 930 956 970 omnes
1003 917 1130 970 victi
1173 917 1457 974 fuerimus.
1480 917 1808 988 Imperatore
1843 930 2021 974 autem

448 1005 665 1070 jubente
696 1007 844 1060 venit
878 1007 1313 1076 Amphilochius,
1348 1019 1406 1064 ut
1435 1011 1524 1080 qui
1580 1027 1683 1066 non
1743 1013 2024 1068 resisteret

455 1095 830 1164 imperialibus
857 1099 1150 1164 mandatis,
1188 1100 1462 1157 Theodqu
1491 1102 1608 1171 ejus
1643 1105 2021 1159 archidiacono

451 1188 671 1242 comite.
729 1188 919 1253 Porro,
959 1207 1081 1245 cum
1138 1192 1322 1248 Iconio
1378 1197 1752 1265 egrederetur,
1789 1198 1910 1252 tulit
1954 1214 2020 1252 ex

457 1287 608 1331 strue
645 1277 858 1346 plenum
887 1280 1008 1350 igne
1041 1281 1330 1338 carbonem
1370 1284 1466 1356 (b),
1505 1288 1826 1357 tradiditque
1849 1291 2023 1343 archi-

453 1366 699 1431 diacono,
757 1370 981 1426 dicens:
1014 1372 1125 1426 lloc
1170 1376 1308 1441 apud
1345 1386 1396 1431 te
1439 1393 1615 1442 serva,
1670 1395 1841 1449 usque
1895 1381 2019 1434 dum

454 1457 661 1511 dixero.
688 1457 1107 1530 Conscensoque
1132 1464 1274 1532 pullo
1293 1466 1452 1530 asini,
1482 1470 1738 1536 pergebat
1755 1468 2021 1524 Constan-

453 1546 727 1616 tinopolim
763 1565 778 1602 :
817 1564 880 1603 ac
920 1567 1094 1620 neque
1131 1556 1365 1610 comedit
1401 1572 1577 1626 neque
1637 1559 1790 1619 bibit.
1849 1560 2020 1615 donec

451 1639 638 1694 urbem
696 1640 1088 1711 ingrederetur.
1141 1645 1310 1712 Quam
1364 1649 1637 1718 ingressus
1681 1650 1808 1704 hora
1858 1667 2019 1716 nona,

450 1726 668 1782 divertit
697 1730 836 1798 apud
871 1733 1159 1799 quamdam
1189 1735 1470 1808 mulierem
1500 1739 1714 1792 viduam
1751 1754 1765 1791 :
1792 1757 1855 1794 ac
1892 1756 2022 1795 con-

449 1815 654 1880 festim,
690 1816 856 1873 Deum
883 1805 1228 1886 benedicens,
1261 1826 1327 1876 ad
1370 1825 1653 1880 ecclesiam
1711 1838 1794 1882 est
1847 1828 2019 1897 profe-
2049 1799 2092 1854 Β

450 1919 592 1965 ctus.
636 1909 801 1966 Erant
824 1923 1000 1964 autem
1051 1923 1217 1980 porta:
1253 1930 1442 1970 omnes
1467 1919 1731 1973 obseratae
1756 1936 1770 1976 :
1800 1930 1872 1985 at,
1903 1922 2016 1990 ipso

449 2001 641 2068 positis
673 2003 899 2070 genibus
929 2017 1199 2070 precante,
1235 2007 1417 2060 statim
1453 2020 1651 2077 aperta:
1700 2027 1823 2064 eum
1870 2012 2016 2068 intus

449 2106 826 2164 susceperunt.
883 2096 977 2151 Ille
1036 2113 1164 2152 vero
1219 2099 1300 2156 sic
1357 2117 1514 2156 orare
1558 2103 2017 2171 ccepitzDomine

448 2185 576 2242 Iesu
599 2188 835 2250 Christe,
874 2190 1033 2252 Deus,
1065 2205 1168 2244 non
1194 2203 1278 2246 est
1304 2193 1358 2247 in
1383 2208 1468 2248 me
1497 2208 1676 2249 sermo
1702 2197 2011 2264 sapientiae:

448 2293 550 2334 nec
587 2283 706 2333 novi
745 2283 876 2351 quid
912 2283 1086 2338 dicam
1135 2284 1399 2355 quuarve
1440 2301 1622 2341 coram
1670 2287 2013 2356 imperatore.

451 2372 576 2425 Ilrec
604 2388 726 2426 cum
762 2374 1009 2441 dixisset,
1038 2378 1210 2430 astitit
1241 2376 1514 2441 Christus,
1541 2379 1630 2446 qui
1667 2394 1763 2447 per
1793 2381 2018 2449 prophe-

450 2473 530 2518 tas
561 2465 769 2519 locutus
790 2475 892 2529 est,
926 2468 1148 2523 dicens:
1179 2467 1351 2535 Prope
1382 2478 1459 2522 est
1491 2469 1747 2523 Dominus
1772 2472 2017 2524 invocan-

453 2555 594 2609 tibus
648 2572 763 2610 eum
823 2559 878 2612 in
933 2560 1215 2626 veritate‘,
1253 2557 1440 2628 aitque
1502 2561 2014 2630 illi:Amphilochi,

446 2645 555 2700 noli
586 2647 794 2714 timere,
826 2665 1002 2719 neque
1036 2651 1428 2720 trepidaveris:
1461 2668 1578 2706 sum
1605 2669 1702 2722 ego
1733 2665 1931 2722 tecum,
1959 2667 2017 2712 ut

445 2753 542 2808 per
575 2747 625 2793 te
658 2741 866 2808 loquar,
900 2757 1020 2811 qua:
1046 2753 1098 2798 te
1131 2753 1343 2814 oportet
1375 2743 1519 2813 loqui
1571 2760 1754 2799 coram
1801 2758 2010 2802 senatu.

443 2829 627 2900 lisque
671 2831 854 2897 dictis,
897 2834 968 2887 ab
1009 2848 1073 2888 eo
1123 2835 1389 2889 discessit.
1423 2835 1610 2890 Atille
1647 2851 1915 2904 egressus,
1960 2840 2012 2893 in

444 2933 598 2974 suum
633 2934 692 2976 se
726 2920 1012 2991 hospitium
1043 2922 1286 2978 contulit.

516 3095 606 3152 IV.
635 3097 767 3152 Cum
799 3098 1131 3153 audivissent
1156 3107 1334 3154 autem
1381 3099 1488 3168 lupi
1532 3101 1760 3168 Arabiae,
1798 3102 2010 3158 invase-

445 3198 565 3244 runt
625 3190 939 3258 hospitium,
981 3205 1211 3260 moxque
1275 3201 1529 3260 tanquam
1582 3193 1678 3247 feri
1725 3194 1916 3250 ﬂuctus
1945 3199 2012 3252 ad

443 3288 652 3349 petram
680 3281 840 3346 allisi,
864 3293 921 3334 ut
941 3297 1124 3350 spuma
1151 3283 1307 3337 soluti
1324 3296 1467 3338 sunt.
1485 3283 1613 3338 Erat
1633 3287 1774 3340 enim
1791 3289 2014 3358 Amphi-

445 3373 653 3427 lochius
688 3374 791 3426 lide
816 3376 866 3427 iu
891 3383 1095 3440 petram
1119 3373 1364 3429 duratus.
1395 3376 1483 3429 Ait
1507 3392 1636 3430 vero
1667 3377 1964 3434 Eunomius
1992 3398 2006 3433 :

444 3465 600 3520 Tune
652 3481 710 3520 es
761 3465 848 3520 ille
899 3467 1328 3531 Amphilochius.
1362 3466 1455 3520 Dei
1489 3471 1713 3522 servus?
1756 3470 1855 3535 Qui
1889 3472 2004 3525 ait:

443 3556 558 3623 Ego
584 3571 700 3610 sum
735 3555 1140 3625 Amphilochius
1183 3568 1452 3624 peccator.
1501 3559 1796 3613 Eunomius
1827 3560 1962 3615 dixit
1991 3579 2005 3615 :

443 3646 588 3711 Quid
635 3663 752 3701 rero
801 3646 1052 3699 subverti;
1099 3645 1351 3699 Israel"?
1389 3646 1795 3715 Amphilochius
1827 3651 1960 3704 dixit
1994 3670 2010 3708 :

446 3739 571 3792 Non
627 3754 719 3809 ego
781 3740 1043 3806 δαίων-ια,
1085 3740 1174 3794 sed
1248 3749 1306 3794 tu
1325 3740 1366 3796 θ.
1399 3739 1694 3797 Eunomius
1747 3743 1870 3797 ait:
1913 3744 2013 3810 Qui

443 3845 572 3900 ergo
646 3829 808 3886 habet
863 3834 1034 3901 prima
1090 3849 1192 3887 vox
1243 3832 1514 3904 Evangelii
1558 3851 1571 3887 :
1616 3833 1683 3888 lu
1757 3837 2012 3903 prinripio

443 3934 555 3977 erat
585 3922 814 3978 Verbum
841 3937 859 3975 :
888 3935 934 3977 et
981 3923 1197 3978 Verbum
1260 3937 1370 3978 erat
1398 3926 1536 3994 apud
1571 3925 1761 3988 Deum,
1799 3939 1844 3979 et
1877 3927 2012 3980 Deus

443 4024 554 4068 erat
603 4012 900 4068 Verbum"?
958 4013 1094 4068 Num
1155 4025 1278 4068 ante
1339 4016 1660 4085 principium
1713 4027 1850 4079 erat,
1887 4033 2010 4071 ncc-

444 4105 554 4159 nei
581 4104 992 4174 Amphilochius
1017 4105 1152 4159 dixit
1197 4105 1356 4161 :Nou
1408 4108 1549 4160 sicut
1602 4117 1656 4160 tu
1709 4108 2006 4174 existimas,

444 4203 691 4249 creatura
723 4204 806 4249 est
859 4195 950 4249 Dei
1009 4195 1279 4256 Verbum;
1331 4196 1423 4250 sed
1482 4205 1564 4250 est
1615 4197 1813 4250 factum
1859 4212 2012 4251 crea-

443 4295 588 4353 tura,
624 4297 683 4341 ut
709 4287 825 4358 ejus
855 4287 1107 4342 divinitas
1139 4287 1414 4358 voluit(c).
1442 4288 1730 4342 Eunomius
1760 4289 1834 4342 ait
1863 4305 1874 4340 :
1910 4288 2009 4354 Qui

2128 570 2294 623 ματος
2337 553 2546 606 τούτου.
2590 553 2699 605 Καὶ
2743 550 3138 620 ἀναμνησθεὶς,
3176 550 3311 621 πρὸς
3352 551 3444 605 τὸν
3473 551 3694 622 βασιλέα

2124 640 2274 696 εἶπον
2326 646 2374 698 ot
2409 644 2724 697 ἐπίσκοποι·
2772 643 2945 712 Κύριε
2984 640 3243 711 βασιλεῦ,
3293 633 3550 697 κέλευσον
3599 641 3693 699 οὖν

2127 735 2303 790 ἐλθεῖν
2359 736 2451 788 τὸν
2502 734 2799 788 ἐπίσκοπον
2860 734 3114 788 Ἰκονίου·
3167 735 3262 788 καὶ
3311 736 3405 788 ἐὰν
3455 737 3691 802 ἐκεῖνος,

2133 827 2453 897 ἡττήθημεν
2477 827 2697 891 πάντες.
2731 827 3130 890 Κελευσθέντος
3169 827 3226 880 δὲ
3264 826 3358 880 τοῦ
3395 827 3690 896 βασιλέως.

2130 915 2295 990 ἦλθεν
2317 921 2344 971 6
2383 920 2750 990 Ἀμφιλὸχιος,
2773 919 2848 983 ὡς
2874 922 2946 990 μὴ
2975 919 3364 988 ἀνθιστάμενος
3395 919 3693 988 βασιλικοῖς

2125 1013 2575 1083 προστάγμασιν,
2621 1012 2760 1082 ἔχων
2811 1012 2928 1082 μετ’
2961 1010 3125 1064 αὐτοῦ
3155 1012 3250 1063 καὶ
3287 1011 3572 1064 Θεόδουλον
3603 1013 3691 1066 τὸν

2126 1101 2508 1171 ἀρχιδιάκονον
2532 1100 2720 1155 αὑτοῦ.
2767 1099 2972 1153 Τούτου
2999 1100 3056 1154 δέ
3089 1101 3448 1170 ἐξερχομένου
3485 1102 3550 1154 ἐκ
3598 1102 3691 1155 τοῦ

2135 1190 2389 1254 Ἰκονίου,
2421 1186 2556 1261 ἦρεν
2595 1192 2657 1243 ἐκ
2686 1191 2784 1260 τῆς
2835 1189 3130 1260 ἀνθρακιᾶς
3180 1189 3486 1260 καρϐούνην
3522 1208 3692 1262 μεμε-

2124 1283 2405 1354 στωμένην
2436 1283 2605 1353 πυρὸς
2626 1323 2640 1345 ,
2670 1284 2764 1335 καὶ⁵
2791 1281 2990 1334 ἔδωκεν
3019 1282 3095 1352 τῷ
3126 1280 3484 1352 άρχιδιακόνῳ
3526 1281 3691 1336 αὐτοῦ

2123 1374 2293 1442 λέγων
2315 1392 2328 1405 ·
2374 1375 2544 1426 Τοῦτο
2589 1374 2822 1442 φύλαξον
2862 1374 3016 1445 παρὰ
3052 1374 3281 1444 σεαυτῷ,
3315 1374 3419 1437 ἐως
3453 1375 3519 1428 ἂν
3552 1377 3690 1428 εῐπω

2123 1482 2224 1518 σοι.
2271 1467 2382 1519 Καὶ
2429 1465 2716 1528 καθεσθεὶς
2763 1467 2857 1519 ἐπὶ
2895 1466 3056 1518 πόλου
3105 1465 3248 1529 ὄνου,
3298 1466 3588 1536 ἐπορεύετο
3629 1468 3688 1520 ἐν

2122 1556 2686 1608 Κωνσταντινουπόλει
2711 1573 2723 1584 ·
2752 1557 2846 1609 καὶ
2871 1556 2970 1608 οὐκ
2998 1556 3218 1624 ἔφαγεν,
3245 1557 3365 1609 ούδέ
3389 1557 3560 1621 ἔπιεν,
3583 1558 3686 1620 ἕως

2123 1645 2190 1698 ἂν
2215 1646 2460 1717 εἰσῆλθεν
2487 1648 2542 1698 ἐν
2560 1647 3144 1722 Κωνσταντινουπόλει.
3172 1648 3280 1700 Καὶ
3304 1647 3546 1718 εἰσῆλθεν
3570 1648 3688 1718 ὥρα

2123 1734 2188 1797 θ’,
2233 1737 2497 1789 κατέλυσε
2547 1737 2696 1806 παρά
2739 1753 2846 1788 τινι
2891 1736 3106 1804 γυναικὶ
3139 1738 3313 1806 χήρᾳο
3356 1737 3449 1790 καὶ
3486 1737 3687 1797 εὐθέως

2119 1826 2436 1898 ἐξώρμησεν
2479 1827 2572 1879 ἐπὶ
2600 1828 2700 1896 τὴν
2730 1826 3024 1895 ἐκκλησίαν
3058 1827 3292 1895 εὐλογῶν
3319 1828 3410 1879 τὸν
3435 1827 3587 1880 Θεὸν.
3621 1830 3684 1879 At

2117 1920 2173 1972 δὲ
2197 1918 2359 1991 θύραι
2390 1921 2563 1973 πᾶσαι
2597 1919 3004 1990 ἠσφαλισμένας.
3029 1915 3190 1992 ἦσαν.
3237 1920 3360 1984 Elei;
3392 1921 3448 1974 δὲ
3486 1920 3684 1988 γόνατα

2117 2010 2464 2082 προσηύξατο
2484 2051 2498 2074 ,
2529 2013 2623 2064 καὶ
2646 2015 2700 2065 αἱ
2734 2012 2896 2083 θύραι
2940 2012 3292 2083 ἀνεῴχθησαν
3323 2017 3682 2084 παραχρῆμα,

2117 2102 2213 2154 καὶ
2247 2103 2522 2156 εἰσέλαϐον
2551 2103 2711 2156 αὑτὸν
2747 2102 2872 2156 ἔσω.
2918 2104 3244 2173 Ἀρχόμενος
3282 2103 3338 2156 δὲ
3373 2103 3556 2171 ἔλεγεν
3595 2104 3684 2156 06-

2115 2210 2222 2246 τω’
2256 2192 2430 2264 Κύριε
2486 2192 2657 2262 Ἰησοῦ
2695 2193 2899 2264 Χριστὲ
2927 2193 2955 2244 6
2983 2193 3145 2253 Θεὸς,
3189 2193 3268 2245 ὅτι
3313 2192 3412 2244 οὐκ
3446 2193 3590 2244 ἐστιν
3625 2195 3684 2245 ἐν

2117 2285 2239 2355 ἐμοὶ
2267 2285 2423 2352 λόγος
2446 2284 2666 2352 σοφίας,
2693 2284 2788 2336 καὶ.
2817 2285 2869 2336 τί
2899 2283 3090 2352 είπωῆ
3119 2284 3170 2336 τί
3199 2283 3418 2351 λαλήσω
3475 2283 3687 2354 ἔμπρο-

2118 2376 2242 2430 σθεν
2280 2377 2372 2432 τοῦ
2401 2376 2661 2447 βασιλέως
2705 2378 2803 2429 οὐκ
2848 2371 2982 2430 οἶδα.
3033 2378 3142 2429 Καὶ
3189 2377 3388 2441 εὐθέως
3435 2377 3685 2448 παρέστη

2117 2468 2264 2539 αὐτῷ
2296 2468 2615 2540 ὁ’Χριστὸς,
2645 2469 2672 2520 6
2701 2467 2791 2520 διὰ
2827 2468 2933 2521 τῶν
2962 2469 3254 2539 προφητῶν
3289 2469 3560 2539 λαλήσας.
3597 2468 3683 2520 λέ-

2113 2575 2248 2627 γων·
2299 2559 2511 2627 Ἐπ’γὺς
2544 2559 2757 2625 Κύριος
2804 2559 2926 2624 τοῖς
2969 2559 3463 2627 ἐπικαλουμένοις
3499 2560 3686 2612 αὑτὸν

2114 2650 2184 2702 ἐν
2209 2650 2456 2714 ἀληθείᾳ
2476 2668 2488 2678 ·
2522 2649 2615 2702 καὶ
2641 2649 2790 2716 λέγει
2815 2648 2985 2718 αὐτῷ’
3025 2649 3359 2718 Ἀμφιλόχιε,
3392 2651 3464 2721 μὴ
3496 2650 3682 2718 φοϐοῦ,

2119 2742 2257 2812 μηδέ
2291 2742 2562 2812 διλειάσῃς
2583 2758 2596 2774 ο
2626 2745 2640 2760 '
2669 2742 2804 2812 μετὰ
2827 2742 2918 2795 σοῦ
2947 2742 3023 2811 (d)
3051 2740 3244 2812 ὥσπερ
3265 2742 3345 2794 δεῖ
3370 2759 3426 2794 σε
3456 2741 3685 2794 ἐνώπιον

2115 2833 2215 2900 τῆς
2251 2833 2574 2904 συγκλήτου.
2610 2834 2719 2886 Καὶ
2746 2832 2919 2885 ταῦτα
2952 2831 3144 2896 εἰπὼν,
3179 2833 3421 2902 ἀπῆλθεν
3463 2835 3557 2885 ἀπ’
3591 2835 3684 2886 αὖ·

2114 2923 2208 2978 τοῦ
2233 2941 2244 2954 ·
2273 2924 2366 2977 καὶ
2393 2924 2622 2988 ἐξελθὼν
2649 2926 2676 2978 6
2701 2926 2839 2996 ἀνὴρ
2857 2965 2872 2987 ,
2913 2924 3209 2994 ἐπορεύετο
3251 2925 3309 2976 ἐν
3343 2924 3421 2994 τῷ
3453 2925 3686 2978 καταλύ-

2118 3032 2248 3086 ματι
2279 3015 2468 3068 αὑτοῦ.

2185 3105 2256 3160 Δ¹.
2280 3105 2554 3159 Ἤκουσαν
2576 3105 2859 3159 δὲοίλύκοι
2881 3105 2981 3174 τῆς
3021 3104 3298 3176 ’Δραϐίας,
3326 3105 3420 3158 καὶ
3452 3105 3683 3177 ἐπέστηε

2121 3215 2218 3252 σαν
2246 3200 2302 3250 ἐν
2331 3198 2408 3268 τῷ
2441 3197 2815 3266 καταλύματι·
2850 3197 2944 3250 καὶ
2982 3197 3182 3260 εὐθέως
3208 3197 3589 3268 προσέρρηξαν
3617 3202 3682 3268 τῇ

2119 3290 2294 3362 πέτρᾳ
2314 3331 2328 3352 ,
2355 3289 2431 3352 ὠς
2457 3289 2624 3360 ἄγρια
2650 3289 2888 3359 κύματα,
2917 3289 3009 3343 καὶ
3033 3287 3108 3350 ὡς
3136 3289 3308 3359 ἀφρὸς
3332 3289 3680 3359 ἐξελύθησαν.

2121 3378 2554 3448 Πεπετρωμένος
2579 3377 2686 3448 γὰρ
2706 3380 2771 3447 τῇ
2789 3377 2966 3428 πίστει
2991 3377 3234 3446 ὑπῆρχεν
3258 3378 3286 3429 6
3318 3376 3680 3446 Ἀμφιλὸχιος.

2116 3469 2227 3523 Καὶ
2268 3469 2415 3538 λέγει
2454 3469 2482 3520 ὁ
2510 3469 2804 3538 Εύνόμιοςο
2839 3469 2910 3521 Σὺ
2952 3463 3003 3520 εἴ
3037 3470 3064 3521 ὁ
3117 3468 3484 3538 Ἀμφιλόχιος,
3512 3470 3540 3520 6
3563 3468 3685 3520 δοῦ-

2115 3557 2204 3620 λος
2229 3555 2323 3610 τοῦ
2362 3555 2528 3621 Θεοῦ;
2573 3557 2630 3608 ’0
2652 3555 2708 3608 δέ
2739 3555 2920 3623 λέγει’
2974 3554 3111 3618 Ἐγώ
3138 3558 3251 3625 εἰμι
3277 3559 3306 3608 6
3343 3555 3684 3626 Ἀμφιλόχιος

2116 3648 2462 3720 ἁμαρτωλός.
2490 3648 2754 3718 Εὑνόμιος
2786 3646 2906 3700 εῐπε
2926 3664 2940 3678 ο
2968 3649 3074 3701 Καὶ
3104 3649 3158 3700 τί
3180 3647 3555 3716 διαστρέφῃς
3580 3647 3686 3699 τὸν

2126 3738 2402 3810 Ἰᾱραήλ;
2448 3737 2796 3808 Ἀμφιλόχιος
2822 3734 3004 3790 εἶπενο
3037 3738 3156 3790 Οὐκ
3183 3737 3297 3806 ἐγὼ
3325 3737 3682 3806 διιιστρέφω,

2113 3829 2274 3884 ἀλλὰ
2296 3830 2395 3882 σύ.
2419 3826 2681 3899 Emergo;
2704 3825 2848 3896 λέγει
2865 3843 2878 3854 ·
2899 3825 3022 3890 Πῶς
3040 3820 3131 3880 οὖν
3152 3824 3393 3898 ἡπρώτη
3417 3827 3567 3898 φωνὴ
3588 3843 3683 3880 του

2114 3920 2448 3988 Εὐαγγελίου
2476 3919 2644 3987 λέγει·
2673 3921 2774 3971 Ἐν
2797 3917 2954 3985 ἀρχῇ
2980 3914 3058 3985 ἦν
3088 3921 3120 3970 ὀ
3150 3920 3356 3986 Λόγος.
3389 3920 3487 3971 καὶ
3517 3921 3549 3972 ό
3573 3919 3676 3974 Λό-

2116 4032 2222 4084 γος
2246 4011 2322 4083 ἦν·
2354 4013 2504 4081 πρὸς
2536 4013 2643 4064 τὸν
2674 4013 2840 4064 Θεόν·
2871 4010 2971 4062 καὶ
3003 4009 3146 4075 Θεὸς
3169 4005 3248 4078 ἦν
3271 4013 3302 4063 ὀ
3332 4011 3541 4080 Λόγος.
3572 4010 3685 4081 Πρὸ

2117 4106 2215 4175 τῆς
2440 4099 2530 4172 ἦν,
2562 4103 2594 4172 ἧ
2623 4101 2723 4154 οὐκ
2748 4096 2849 4170 ἦν;
2887 4100 3230 4171 Ἀμφιλόχιος
3257 4097 3436 4154 εἶπεν.
3461 4102 3591 4173 Οὐχ,
3610 4102 3686 4164 ὡς

2121 4199 2184 4250 σὺ
2227 4195 2628 4265 ὑπολαμϐάνεις
2648 4233 2662 4257 ,
2707 4194 2914 4262 κτίσμα
2952 4194 3097 4245 ἐστὶν
3129 4195 3157 4245 6
3193 4193 3286 4245 τοῦ
3319 4193 3452 4245 Θεοῦ
3476 4193 3645 4262 Λόγος
3668 4210 3680 4222 ’

2118 4287 2232 4341 ἀλλ’
2265 4287 2339 4350 ὼς
2379 4285 2640 4355 ἠθέλησεν
2671 4287 2704 4354 ἡ
2735 4283 2900 4336 αὐτοῦ
2938 4283 3147 4354 θεότης,
3192 4283 3544 4354 μετεποιήθη.
3582 4284 3684 4337 Εὐ-

515 4403 539 4437 δ
568 4402 708 4458 Psal.
756 4419 931 4467 cxuv,
993 4403 1079 4458 I8.
1156 4404 1176 4436 '
1209 4403 1267 4457 Ill
1328 4403 1462 4474 Reg.
1503 4419 1658 4471 xvm,
1689 4405 1772 4461 I7.
1819 4406 2019 4460 .°ibid.
2070 4405 2157 4460 l8.
2231 4406 2251 4436 "
2281 4402 2437 4459 Joan.
2478 4403 2593 4465 1,1.

445 4497 528 4550 sio
567 4497 1000 4564 congressionem
1040 4495 1207 4549 verita
1265 4496 1478 4550 Placilla
1513 4498 1812 4565 (contendit
1846 4498 2011 4552 Baro-
2044 4503 2087 4556 D

443 4568 566 4620 nius
601 4583 686 4619 an.
713 4565 819 4619 585
842 4567 1036 4638 dictum
1067 4565 1338 4638 Flacillam
1365 4583 1434 4638 exii
1462 4567 1628 4620 veteri
1659 4569 2008 4638 numismate)

444 4645 703 4702 quantum
764 4637 952 4704 potuit,
1001 4637 1291 4702 prohibuit,
1319 4645 1376 4688 ut
1408 4637 1626 4690 Sozom.
1657 4636 1696 4690 I.
1740 4653 1834 4698 vn,
1867 4653 1919 4692 c.
1956 4636 2008 4691 θ’.

446 4705 518 4760 Ut
575 4705 767 4759 merito
818 4706 1085 4775 potuerint
1117 4706 1422 4771 orthodoxi,
1463 4722 1653 4770 magna
1702 4706 1812 4773 jam
1870 4709 2010 4775 apud

443 4790 633 4830 outues
665 4775 938 4839 opinione,
969 4783 1021 4828 et
1048 4773 1228 4829 Basilii
1272 4791 1440 4842 nuper
1487 4776 1722 4830 defuncti
1777 4773 2010 4830 amicitia

444 4857 496 4898 et
555 4845 851 4897 studiorum
905 4846 1158 4897 societate
1219 4846 1420 4898 clarum
1469 4847 1900 4911 Amphilochium
1937 4863 2015 4901 t‘e-

445 4915 682 4984 quirere,
715 4925 873 4982 atque
899 4915 947 4966 in
985 4930 1048 4966 eo
1077 4915 1362 4982 plurimum
1389 4917 1618 4980 prazsidii
1653 4933 1870 4983 ponere.

519 4984 842 5055 (a)Cenlum
880 4986 1253 5056 quinquenium
1308 4987 1486 5037 trium.
1545 4992 1679 5056 ρνγ’.
1738 4987 1840 5038 Alii
1900 4996 2014 5037 tau-

445 5063 584 5116 tum,
621 5065 836 5107 centum
871 5055 1291 5122 quinquaginta;
1326 5057 1418 5108 sed
1452 5055 1621 5123 potuit
1657 5055 1812 5108 facile
1837 5057 2010 5108 oiuitti

445 5125 622 5177 minor
653 5139 925 5180 numerus.
961 5133 1017 5175 ut
1058 5126 1113 5176 lit
1151 5125 1345 5192 possint
1385 5125 1436 5177 in
1471 5124 1611 5178 aliis.
1671 5127 1821 5194 Apud
1854 5125 2014 5192 Lipo-

443 5208 662 5248 manum
689 5209 792 5246 non
822 5195 1140 5261 exprimitur
1180 5210 1452 5247 numerus.

517 5263 590 5331 (b)
627 5261 765 5315 Tulit
799 5279 862 5314 ea:
889 5276 1029 5334 strue
1059 5264 1266 5334 plenum
1302 5265 1417 5332 igne
1445 5264 1736 5317 carbonem.
1764 5264 2012 5334 Καρϐού-

442 5349 542 5402 νην
573 5333 999 5403 μεμεστωμένην
1025 5334 1213 5414 πυρός.
1242 5331 1344 5385 Seu
1377 5336 1640 5414 ILIIUIIBIII,
1673 5331 2014 5414 lutum‘tgni-

447 5413 601 5456 tum:
635 5418 738 5472 vox
779 5405 1050 5472 communi
1093 5402 1203 5472 jam
1252 5419 1348 5454 usu
1388 5402 1593 5458 Graecis
1634 5417 1868 5472 rec-epla.
1903 5403 2013 5456 LVou

445 5472 608 5525 habet
638 5471 746 5523 vita
782 5487 810 5524 a
848 5471 1145 5537 Lipomano
1199 5472 1340 5526 edita
1381 5474 1479 5527 hoc
1522 5471 1859 5537 miraculum,
1892 5489 2017 5528 vere

443 5541 574 5594 illud
613 5542 835 5612 grande,
871 5544 968 5596 etsi
1002 5559 1105 5597 non
1139 5543 1256 5595 sine
1297 5544 1565 5612 exemplo.
1629 5543 1837 5612 Smpius
1864 5545 2006 5596 enim

444 5624 504 5665 se
527 5611 707 5664 divina
735 5611 908 5666 virtus
953 5628 1016 5666 eo
1043 5615 1198 5666 modo
1230 5611 1466 5680 prodidit
1512 5614 1561 5665 iu
1592 5612 1681 5666 illo
1713 5611 2012 5677 elemento;

444 5689 506 5733 ut
537 5680 588 5732 in
635 5681 849 5736 fornace
887 5683 1231 5754 Babylonica,
1262 5681 1313 5736 in
1345 5681 1566 5747 Drirtio,
1611 5683 1663 5736 iu
1720 5682 2016 5740 Fraucisco

445 5752 512 5813 de
540 5749 721 5813 Paula,
753 5759 857 5810 etc.

481 5765 512 5803 e
540 5759 721 5818 Paula,
753 5759 857 5810 etc.

2188 4494 2397 4569 (ηερμ-
2427 4506 2499 4569 est
2532 4495 2727 4569 factum
2767 4501 3036 4569 creatura,
3071 4493 3286 4569 πέμψω
3316 4491 3680 4569 divinitast‘o-

2115 4559 2398 4622 Ιιιίὶ.”Αλλ’
2427 4565 2502 4626 ὼς
2523 4563 2785 4633 ἠθέλησεν
2814 4564 2845 4631 ἡ
2878 4559 3039 4613 αὑτοῦ
3075 4560 3294 4633 θεότης,
3325 4559 3678 4631 μετεποιήθη.

2117 4638 2208 4692 Sic
2256 4637 2428 4688 visum
2477 4645 2559 4686 est
2603 4632 3085 4700 et’iuterpuugere
3129 4641 3180 4684 et
3208 4632 3450 4693 reddere,
3483 4638 3556 4682 ut“
3574 4639 3682 4683 stet

2115 4722 2306 4762 sensus
2336 4704 2656 4764 catholicus,
2687 4718 2794 4770 quo
2829 4713 3033 4754 certum
3071 4709 3174 4763 est,
3211 4715 3322 4770 non
3343 4700 3516 4752 solum
3541 4700 3679 4752 Am-

2117 4776 2446 4846 philochium
2468 4768 2746 4846 esseolim
2780 4771 3044 4846 locutum,
3075 4773 3166 4824 sed
3192 4781 3244 4822 et
3278 4768 3673 4836 Metaphrasten

2121 4839 2433 4912 scripsisse.
2465 4841 2740 4909 Signiﬁcat
2769 4855 2896 4907 ergo
2926 4839 3155 4912 Verbum
3196 4854 3296 4912 non
3321 4854 3439 4892 esse
3470 4849 3678 4912 creatu-

2121 4908 2256 4977 ram,
2296 4915 2387 4968 sed
2418 4908 2613 4965 factum
2642 4919 2966 4968 creaturam,
2999 4924 3059 4960 ea
3090 4910 3268 4976 phrasi
3317 4923 3420 4976 qua
3455 4908 3669 4966 dicitur,

2119 4987 2314 5053 factum
2349 4998 2490 5044 caro,
2519 4979 2674 5032 Joan.
2709 4996 2744 5044 ι,
2786 4980 2873 5041 14,
2919 4993 3010 5030 seu
3066 4979 3165 5030 sibi
3217 4979 3472 5053 ascivisse
3521 4979 3682 5053 ηιιίοο

2120 5047 2242 5108 item
2279 5054 2422 5106 illam
2465 5061 2756 5115 creaturze;
2789 5064 2908 5117 qua:
2948 5057 3029 5101 est
3063 5049 3276 5118 propria
3303 5057 3357 5101 et
3395 5049 3516 5100 trita
3543 5047 3680 5100 illius

2122 5123 2267 5176 verbi
2323 5120 2646 5189 signiﬁcatio
2675 5136 2687 5171 :
2719 5121 2879 5186 idque
2921 5125 2978 5169 ut
3011 5118 3175 5170 voluit
3211 5118 3324 5184 ejus
3383 5118 3672 5189 divinitas;

2122 5193 2279 5246 modo
2313 5187 2466 5258 plane
2515 5189 2667 5242 nobis
2704 5190 3054 5258 incomperto,
3088 5198 3142 5240 et
3176 5189 3226 5240 in
3265 5202 3370 5258 quo
3415 5197 3521 5239 tota
3551 5187 3676 5258 faciti

2124 5263 2280 5325 ratio,
2311 5255 2554 5312 voluntas
2585 5261 2651 5310 sit
2679 5255 2962 5326 facientis.
2993 5255 3259 5325 Iuterpres
3297 5257 3571 5326 Lipomani
3603 5257 3681 5310 sic

2125 5334 2379 5385 reddebat
2414 5346 2426 5381 :
2464 5330 2566 5383 Sed
2610 5339 2666 5381 ut
2698 5329 2878 5392 voluit,
2916 5325 3028 5393 ejus
3059 5327 3304 5380 diuinitas
3330 5325 3681 5378 transmutata

2123 5411 2235 5464 est;
2260 5400 2409 5465 cujus
2462 5399 2842 5466 propositionis
2877 5413 2981 5449 non
3021 5397 3256 5449 occurrit
3288 5412 3478 5450 sensus
3501 5400 3683 5449 catho-

2124 5473 2281 5534 licus,
2314 5473 2578 5523 clamante
2613 5467 2813 5520 Jacobo
2847 5484 2859 5519 :
2892 5467 3042 5531 Apud
3066 5482 3218 5534 quem
3266 5483 3369 5519 non
3401 5476 3475 5518 est
3505 5477 3670 5518 trans-

2123 5541 2367 5601 mutatio,
2396 5549 2520 5599 elc.,
2563 5536 2676 5591 Jac.
2723 5553 2760 5597 ι,
2799 5537 2851 5589 7.
2895 5536 3057 5588 l'latte
3091 5535 3387 5588 cohibenda
3436 5537 3487 5588 in
3523 5538 3681 5589 rebus

2125 5620 2232 5663 tam
2268 5610 2449 5662 arduis
2487 5607 2676 5660 calami
2706 5607 3007 5665 festinatio;
3045 5619 3144 5657 nec
3196 5614 3302 5657 tam
3332 5615 3540 5668 sancta,
3573 5621 3678 5658 non

2123 5680 2344 5735 initiatis
2365 5692 2426 5731 ac
2461 5677 2630 5730 solum
2659 5674 3097 5741 grannuaticulis,
3126 5674 3505 5741 permittenda.

2197 5750 2272 5822 (ά)
2303 5749 2464 5804 Μετὰ
2487 5745 2623 5802 σοῦ.
2660 5745 2819 5801 Deest
2854 5745 2939 5800 hic
2970 5745 3189 5814 aliquid.
