4030 6408
391 253 451 308 21
1766 253 1923 308 VITA

2065 253 2292 321 TlQUA.
3566 249 3641 304 29-.

391 377 573 436 νομιος
615 365 806 434 λέγει·
831 366 957 430 Πῶς
989 360 1083 420 οὖν
1107 367 1202 420 καὶ
1242 368 1302 420 ἐν
1343 365 1556 439 Παλαιᾷ
1596 369 1840 441 Διαθήκῃ
1883 370 1960 422 λέ-

2075 385 2204 439 ergo
2263 371 2423 425 etiam
2487 370 2540 422 in
2590 368 2767 424 Veteri
2817 367 3162 424 Testamento
3192 404 3212 430 ,
3270 365 3398 418 dicit
3449 380 3464 417 :

392 473 472 523 γει
492 473 506 487 ’
542 457 658 510 Δύο
689 457 789 510 καὶ
815 457 947 522 δύο,
975 457 1044 510 ἓν
1073 457 1387 511 κατέναντι
1416 459 1522 512 τοῦ
1554 459 1728 525 ἐνός;
1773 461 1969 531 Ἀμφι-

390 543 787 618 λόχιοςιεῖπενο
829 550 1117 614 Ἄκουσον,
1153 545 1198 604 ὦ
1240 551 1553 621 ταλαίπωρε
1598 552 1692 604 καὶ
1735 552 1966 605 δυσωδέ-

393 657 551 693 στατε
565 656 580 670 ’
604 639 698 693 δύο
719 641 814 692 καὶ
834 641 930 693 δύο
946 642 1190 712 τέσσαρά
1207 644 1364 696 εἰσιν.
1393 642 1639 713 Μάρκος,
1668 644 1964 708 Ματθαῑος,

392 735 603 794 Λουκᾶς
637 733 744 784 ’καὶ
787 733 1081 804 Ἰωάννης·
1132 736 1182 788 οἱ
1227 734 1492 806 τέσσαρες
1551 734 1964 802 εὐαγγελισταὶ,

390 824 436 875 οε
487 823 970 894 εὐαγγελισάμενοι
1013 825 1111 896 τὴν
1146 826 1371 896 ὑφήλιον
1431 828 1610 880 πᾶσαν
1661 828 1760 897 τὴν
1797 843 1968 895 σωτη-

392 913 513 984 ρίαν
566 916 729 985 ἡμῶν
777 915 884 968 τῶν
930 917 1296 989 Χριστιανῶν.
1361 917 1418 970 '0
1469 917 1524 970 δὲ
1575 919 1728 985 ἅγιος
1778 917 1967 986 Πατὴρ

391 1006 718 1069 ἀποστείλας
749 1006 840 1058 τὸν
867 1007 1151 1078 Μονογενῆ
1185 1009 1280 1061 καὶ
1305 1007 1618 1078 ὁμόθρονον.
1648 1008 1742 1060 καὶ
1774 1007 1967 1077 ὀμοού-

389 1110 506 1153 ,σιον
533 1094 630 1147 καὶ
656 1094 823 1147 ἀΐδιον
867 1095 1030 1147 αὐτοῦ
1065 1096 1258 1163 Λόγον,
1292 1095 1386 1148 τοῦ
1418 1095 1788 1166 σαρκωθῆναι,
1837 1095 1962 1166 ἔφη·

390 1184 645 1250 Αἲτησαι
674 1185 807 1253 παρ’
845 1185 1014 1253 ἐμοῦ,
1047 1185 1146 1238 καὶ
1171 1184 1342 1238 δώσω
1369 1200 1468 1240 σοι
1493 1186 1636 1253 ἔθνη
1667 1185 1780 1253 τὴν
1813 1189 1928 1251 κλη
1948 1213 1962 1224 ο

383 1275 678 1343 ρονομίαν
713 1291 859 1338 σου,
891 1276 992 1329 καὶ
1026 1276 1142 1342 τὴν
1190 1275 1564 1345 κατάσχεσιν
1595 1290 1711 1330 σου
1753 1276 1825 1330 τὰ
1865 1276 1966 1329 πέ-

383 1381 538 1432 ρατα
569 1364 678 1432 τῆς
721 1366 860 1434 γῆς,
900 1367 994 1420 καὶ
1032 1367 1101 1420 τὰ
1146 1366 1291 1436 ἑξῆς.
1328 1367 1590 1436 Εὐνόμιος
1637 1363 1756 1419 εἷπε
1781 1385 1794 1398 ·
1843 1368 1967 1430 Πῶς

391 1452 484 1508 οὖν
515 1456 604 1508 διὰ
627 1457 722 1510 τοῦ
754 1459 1038 1529 Προφήτω
1057 1460 1223 1528 λέγει’
1253 1461 1374 1513 Οὐκ
1398 1459 1615 1526 ἐκρύϐη
1647 1459 1713 1512 τό
1745 1458 1969 1511 ὀστοῦν

387 1565 508 1615 μου
532 1548 563 1600 ὂ
591 1548 888 1615 ἐποίησας
909 1550 979 1604 ἐν
1009 1549 1209 1618 κρυφῇ
1229 1567 1247 1614 ;
1290 1549 1636 1620 Ἀμφιλόχιος
1664 1550 1811 1618 λέγει
1830 1567 1845 1583 ο
1877 1550 1966 1620 Μὴ

392 1639 499 1710 γὰρ
532 1640 662 1709 περὶ
690 1639 784 1691 τοῦ
814 1641 1048 1710 Χριστοῦ
1081 1640 1238 1694 τοῦτο
1265 1641 1450 1708 λέγεις
1485 1642 1604 1711 οὐχί
1629 1659 1642 1673 ο
1679 1641 1814 1695 ἀλλὰ
1839 1643 1966 1710 περὶ

3524 361 3639 417 Duo

2070 472 2117 516 et
2147 463 2274 525 duo,
2311 472 2357 515 et
2399 477 2558 515 unum
2611 471 2790 515 contra
2834 476 2994 512 unum
3024 457 3186 527 “(11)?
3234 456 3640 526 Amphilochius

2070 554 2206 610 dixit
2251 571 2266 608 :
2300 554 2436 608 Audi
2471 593 2488 620 ,
2520 553 2684 607 miser
2708 562 2764 606 et
2814 550 3186 620 putentissime
3215 567 3230 604 :
3264 549 3368 603 duo
3420 556 3473 602 et
3511 547 3641 610 duo,

2068 656 2297 718 quatuor
2353 655 2500 700 sunt.
2541 645 2770 710 Marcus,
2796 643 3097 706 Matthacus,
3147 641 3321 697 Lucas
3373 648 3428 694 et
3479 638 3643 693 Joan-

2071 752 2197 802 nes;
2246 747 2472 805 quatuor
2513 733 2874 804 evangelista’,
2906 733 2994 802 qui
3037 744 3194 786 terrm
3243 731 3504 784 universae
3549 742 3642 780 sa-

2070 829 2237 882 lutem
2280 836 2517 882 nostram
2547 826 2973 881 Christianorum
3006 823 3478 878 annuntiaverunt.
3519 818 3640 897 rPa-

2071 929 2154 973 ter
2213 928 2390 973 autem
2448 925 2687 980 sanctus,
2730 917 2894 970 misso
2937 915 3240 985 Unigenito,
3295 913 3641 981 ejusdemque
3716 939 3719 978 ς

2072 1011 2247 1066 throni
2298 1017 2549 1065 consorte
2614 1018 2669 1064 et
2723 1007 3164 1063 consubstantiali
3218 1015 3381 1075 atque
3437 1013 3639 1058 aeterno

3341 1090 3562 1145 Postula
3603 1108 3636 1145 α
3716 1081 3721 1122 "-

2069 1099 2244 1156 Verbo
2275 1115 2394 1165 suo,
2441 1108 2496 1152 ut
2527 1113 2744 1154 carnem
2796 1104 3049 1160 sumeret,
3087 1094 3222 1150 dixit
3272 1112 3286 1146 :

2068 1209 2168 1258 me,
2211 1203 2257 1247 et
2281 1193 2414 1245 dabo
2457 1192 2548 1244 tibi
2585 1201 2756 1258 gentes
2784 1188 3140 1242 htcreditatem
3167 1197 3331 1246 tuam,
3362 1193 3409 1238 et
3436 1200 3638 1252 posses-

2069 1285 2264 1338 sionem
2301 1294 2444 1336 tuam
2503 1282 2746 1335 terminos
2799 1292 2950 1333 term:
2980 1280 3020 1342 ⁸,
3052 1288 3107 1331 et
3157 1292 3275 1346 quae
3321 1285 3634 1342 sequuntur.

2069 1375 2358 1429 Eunomius
2401 1373 2534 1426 dixit
2562 1393 2574 1428 :
2603 1373 2702 1438 Qui
2731 1386 2858 1439 ergo
2888 1373 2961 1424 ait
2989 1385 3083 1438 per
3117 1369 3435 1437 Proplietam
3470 1388 3482 1421 :
3513 1365 3637 1418 Non

2068 1476 2140 1519 est
2173 1465 2486 1519 occultatum
2516 1480 2572 1516 os
2626 1479 2820 1527 meum,
2851 1464 2986 1532 quod
3031 1460 3199 1528 fecisti
3250 1460 3304 1510 in
3344 1453 3637 1515 occulto"?

2068 1553 2471 1624 Amphilochius
2503 1553 2576 1605 ait
2610 1569 2622 1604 :
2664 1550 2826 1616 Quasi
2872 1563 3004 1603 vero
3035 1548 3137 1601 hoc
3192 1547 3336 1601 dicat
3373 1546 3438 1599 de
3479 1544 3639 1598 Chri-

2072 1653 2154 1699 sto
2190 1665 2202 1699 :
2233 1659 2338 1698 non
2374 1645 2438 1698 de
2461 1643 2652 1704 Adam,
2680 1639 2892 1710 quando
2925 1640 3080 1699 Deus.
3117 1646 3340 1705 accepto
3381 1636 3448 1689 de
3493 1645 3634 1689 terra

389 1729 483 1781 τοῦ
526 1729 728 1798 Ἀδὰμ,
771 1731 930 1800 ἡνίκα
961 1731 1088 1800 χοῦν
1115 1731 1295 1785 λαϐὼν
1327 1732 1434 1785 ἀπὸ
1462 1733 1560 1802 τῆς
1602 1732 1704 1801 γῆς
1738 1734 1766 1784 ὁ
1798 1732 1929 1794 Θεὸς
1948 1771 1960 1793 ,

2067 1735 2300 1804 pulvere,
2329 1733 2577 1788 formavit
2630 1733 2920 1795 hominem,
2955 1740 3010 1784 et
3041 1730 3175 1782 dixit
3206 1746 3220 1782 :
3280 1725 3403 1781 Non
3434 1736 3508 1780 est
3543 1727 3635 1778 bo-

392 1816 593 1869 ἔπλασε
637 1818 729 1869 τὸν
762 1817 1071 1888 ἄνθρωπον,
1102 1820 1197 1872 καὶ
1229 1817 1382 1873 εἶπεν
1405 1837 1419 1850 ο
1469 1822 1551 1873 Οὐ
1590 1821 1781 1874 καλὸν
1812 1817 1966 1873 εἶναι

394 1909 500 1962 τὸν
537 1910 852 1977 ἄνθρωπον
883 1911 1104 1978 μόνον’
1157 1913 1503 1981 ποιήσωμεν
1533 1911 1692 1977 αὐτῷ
1731 1913 1967 1982 βοηθὸν

392 1999 523 2055 κατ’
556 2002 774 2054 αὐτόν·
807 2001 906 2055 καὶ
945 2001 1238 2055 ἐπέϐαλεν
1278 2005 1310 2056 ὁ
1357 2003 1500 2067 Θεὸς
1537 2005 1830 2056 ἔκστασιν
1867 2005 1963 2057 ἐπὶ

393 2091 500 2143 τὸν
559 2090 776 2160 Ἀδὰμ,
829 2092 926 2143 καὶ
976 2093 1217 2145 ὕπνωσε
1241 2109 1256 2122 θ
1310 2092 1411 2145 καὶ
1446 2094 1621 2146 ἔλαϐε
1659 2095 1806 2161 μίαν
1850 2095 1966 2146 τῶν

392 2181 673 2249 πλευρῶν
731 2181 953 2246 αὑτοῦ,
1001 2184 1099 2236 καὶ
1149 2183 1496 2236 ἀνέπλασεν
1545 2183 1702 2248 αὐτῷ
1741 2187 1826 2249 εἰς
1864 2204 1964 2253 γυ-

391 2272 591 2335 ναῖκα,
617 2273 712 2326 καὶ
741 2273 960 2327 ἔδωκεν
992 2275 1170 2340 αὐτῷ.
1200 2275 1298 2327 Διὰ
1326 2275 1482 2327 τοῦτο
1503 2277 1530 2326 ὁ
1565 2276 1853 2346 Προφήτης

393 2364 589 2436 ﬂii
637 2364 808 2436 Ἀδὰμ
836 2361 1023 2417 εἷπενσ
1065 2367 1185 2419 οὐκ
1229 2367 1448 2434 ἐκρύϐη
1485 2366 1548 2418 τὸ
1591 2366 1813 2419 ὀστοῦν
1844 2384 1962 2434 μου

392 2457 510 2510 ἀπὸ
558 2457 715 2517 σοῦ,
763 2458 793 2508 ὃ
829 2458 1124 2524 ἐποίησας
1171 2457 1240 2510 ἐν
1278 2455 1498 2525 κρυφῇ.
1554 2456 1864 2509 ’Υπολαϐὼν
1907 2457 1964 2508 δὲ

391 2547 656 2614 Εὑνὸμιος
706 2547 884 2614 λέγει·
939 2549 1154 2615 Κύριος
1198 2547 1401 2600 ἐκτισέ
1444 2566 1520 2616 με
1564 2547 1762 2616 ἀρχὴν
1810 2547 1965 2601 ὁδῶν

390 2633 610 2687 αὑτοῦ·
665 2634 781 2698 πῶς
821 2635 980 2687 τοῦτο
1021 2635 1168 2705 λέγει
1217 2636 1246 2686 ὁ
1293 2639 1614 2708 Προφήτηςς
1680 2640 1840 2708 Ὁρᾷς
1881 2640 1961 2691 ὅτι

392 2723 605 2793 ποίημά
635 2725 782 2776 ἐστιν
811 2726 838 2776 ὁ
871 2725 1000 2788 Υἱὸς
1019 2765 1033 2788 ,
1063 2727 1158 2778 καὶ
1201 2727 1319 2796 οὐχὶ
1350 2727 1650 2796 ὁμοούσιος.
1709 2727 1964 2796 Ἀμφιλό-

379 2428 552 2439 σ--ν-

2069 1841 2192 1878 num
2222 1825 2480 1878 hominem
2515 1840 2625 1877 esse
2675 1823 2877 1884 solum;
2927 1821 3183 1889 faciamus
3229 1819 3276 1873 ei
3311 1819 3634 1888 adjutorium

2065 1917 2346 1969 secundum
2366 1919 2555 1984 ipsum.
2602 1914 2667 1967 Et
2702 1914 2920 1966 immisit
2946 1913 3085 1965 Deus
3105 1912 3344 1965 ecstasim
3369 1913 3423 1963 in
3443 1911 3634 1974 Adam,

2066 2017 2111 2059 et
2144 2009 2405 2060 dormivit.
2449 2007 2513 2059 Et
2554 2007 2752 2073 accepit
2787 2021 2944 2058 unam
2976 2014 3237 2056 costarum
3265 2003 3400 2070 ejus,
3430 2010 3478 2054 et
3507 2000 3636 2054 mdi-

2065 2096 2243 2164 ﬁcavit
2287 2098 2333 2149 ei
2393 2097 2448 2148 in
2498 2097 2787 2158 mulierem,
2834 2110 2990 2161 quam
3044 2094 3183 2146 dedit
3215 2092 3292 2144 illi
3332 2093 3394 2144 “.
3437 2091 3637 2144 Idcirco

2062 2188 2320 2256 propheta
2367 2187 2512 2242 velut
2564 2203 2633 2240 ex
2715 2200 2942 2254 persona
2989 2184 3118 2237 Ada:
3165 2183 3298 2236 dixit
3339 2201 3352 2235 :
3398 2179 3519 2234 Non
3561 2190 3636 2234 est

2065 2275 2380 2329 occultatum
2424 2293 2480 2329 os
2515 2291 2682 2328 meum
2727 2291 2760 2327 a
2815 2283 2882 2336 te,
2931 2272 3067 2339 quod
3101 2271 3269 2340 fecisti
3309 2271 3364 2324 in
3407 2270 3631 2323 occulto.

2066 2362 2374 2433 Suscipiens
2399 2377 2526 2418 vero
2571 2361 2867 2417 Eunomius
2912 2361 3089 2414 dicit:
3137 2360 3388 2413 Dominus
3440 2361 3632 2412 creavit

2065 2473 2148 2511 me
2185 2455 2258 2526 (b)
2307 2456 2514 2509 initium
2572 2456 2775 2509 uiarum
2819 2470 3037 2507 suarum
3072 2454 3113 2484 “
3156 2471 3170 2505 :
3229 2451 3495 2520 quomodo
3536 2450 3636 2503 hoc

2064 2549 2194 2602 dicit
2240 2546 2547 2615 Propheta?
2594 2544 2752 2600 Vides
2819 2555 2879 2598 ut
2931 2543 3096 2598 Filius
3129 2552 3372 2596 creatura
3412 2542 3504 2605 sit,
3531 2557 3633 2593 non

2065 2641 2304 2709 ejusdem
2329 2639 2667 2694 substantiae.
2709 2636 3111 2706 Amphilochius
3143 2634 3275 2689 dixit
3304 2652 3316 2688 :
3348 2631 3482 2685 Num
3509 2647 3633 2685 vere

2063 2733 2220 2788 etiam
2253 2732 2356 2786 hoc
2385 2731 2513 2786 dicit
2558 2732 2624 2786 de
2673 2729 2926 2785 Christo?
2966 2728 3226 2781 minime:
3267 2725 3359 2779 sed
3413 2723 3634 2792 quando

2075 2824 2317 2878 occurrit
2363 2823 2698 2890 mulieribus,
2733 2823 2855 2876 dico
2887 2830 3064 2875 autem
3102 2819 3285 2873 Maria:
3313 2827 3367 2872 et
3390 2815 3631 2871 Marthae.

2063 2915 2247 2970 dicunt
2277 2913 2399 2979 illac,
2432 2929 2554 2968 cum
2587 2929 2711 2969 eum
2745 2929 2849 2968 non
2878 2912 3272 2982 cognovissent,
3307 2909 3545 2970 Domine,
3588 2909 3632 2960 si

355 2865 358 2892 Ι
391 2832 505 2886 χιος
533 2811 688 2867 εἷπε·
718 2815 809 2885 Μὴ
836 2815 944 2887 γὰρ
989 2816 1082 2868 καὶ
1115 2815 1271 2869 τοῦτο
1307 2817 1435 2885 περὶ
1478 2816 1570 2868 τοῦ
1606 2816 1842 2888 Χριστοῦ
1876 2816 1963 2869 λέ-

356 2903 362 2982 }
391 2926 510 2978 γει;
543 2910 692 2980 οὐχί·
725 2910 839 2963 ἀλλ’
870 2911 957 2963 ὅτε
991 2912 1284 2981 συνήντησε
1314 2914 1434 2974 ταῖς
1473 2910 1704 2990 χυναιςὶ,
1730 2911 1870 2983 λὲηίω
1898 2910 1960 2985 ὃῂ

390 2998 621 3077 Mang
1145 3000 1391 3067 λέγουσιν
1435 3000 1581 3070 αὑτῴ
1627 3003 1828 3053 ἐκεῖναι
1886 3001 1960 3071 μὴ

365 3075 737 3160 ίῇώρῖξασαιή
766 3075 954 3141 αὐτόν·
995 3075 1217 3158 Κύριε,
1261 3094 1315 3143 εὶ
1365 3087 1529 3158 εἷὸας
1581 3092 1698 3146 ποῦ
1736 3093 1962 3160 ἔθηκαν

366 3178 595 3252 ξαύτὸν,
631 3179 762 3230 εἰπὲ
793 3179 964 3247 ἡμῖν·
1008 3180 1102 3233 καὶ
1133 3183 1160 3232 ὁ
1202 3181 1404 3252 Κύριος
1446 3181 1584 3249 ἔφη·
1625 3183 1839 3249 Μαρία,
1880 3180 1958 3246 μή

365 3263 374 3332 i
385 3286 502 3338 μου
529 3269 722 3323 ἅπτου
739 3285 754 3300 ο
785 3272 1039 3339 πορεύου
1069 3271 1136 3324 δὲ
1163 3271 1311 3339 πρὸς
1332 3271 1474 3336 τοὺς
1496 3271 1796 3339 ἀδελφούς
1817 3288 1957 3338 μου,

391 3359 487 3411 καὶ
515 3359 647 3412 εἰπὲ
672 3360 895 3426 αὐτοῖς,
931 3364 1024 3414 καὶ
1048 3362 1116 3414 τὰ
1144 3363 1288 3432 ἑξῆς.
1323 3363 1508 3416 Ταῦτα
1538 3362 1777 3424 ἀκούσας
1804 3365 1830 3415 ὁ
1860 3362 1962 3414 Εὑ-

389 3451 572 3519 νόμιος
606 3450 708 3520 ἔφη
734 3466 746 3475 ·
795 3450 988 3522 Αὔριον
1029 3454 1120 3504 ἐπὶ
1152 3453 1244 3506 τοῦ
1289 3452 1548 3522 βασιλέως
1581 3453 1673 3506 καὶ
1702 3454 1796 3521 τῆς
1833 3469 1966 3519 συγ-

389 3541 584 3610 κλήτου
627 3542 1023 3612 διαλεγόμεθαο
1083 3547 1177 3597 καὶ
1221 3545 1574 3615 ἀνεχώρησαν
1620 3547 1713 3597 ἀπ’
1766 3543 1951 3599 αὑτοῦ.

388 3633 499 3686 Καὶ
544 3630 611 3703 ἧν
642 3637 792 3686 πᾶσα
825 3637 857 3704 ἡ
890 3635 1042 3697 πόλις
1085 3635 1375 3707 αἰδουμένη
1408 3638 1486 3698 εἰς
1525 3635 1783 3706 ἀκρόασιν
1821 3635 1954 3703 Ἀμ-

391 3719 629 3790 ςιλοχίου
666 3723 762 3774 καὶ
802 3721 1066 3790 Εὐνομίου
1095 3740 1107 3752 ·
1155 3724 1338 3792 ἔλεγον
1369 3724 1474 3795 γὰρ
1526 3724 1955 3794 ἁμφιϐἁλλοντες

389 3811 523 3882 πρὸς
561 3812 844 3883 ἀλλήλους,
881 3815 974 3867 καὶ
1003 3815 1249 3883 λέγοντες
1269 3834 1282 3847 ⁸
1326 3813 1472 3887 Ἆρα
1497 3820 1645 3880 ποῖος
1676 3818 1833 3884 νικᾷς
1866 3812 1958 3868 οἶ)-

458 3925 674 3980 ‘Eccli.
736 3943 924 3986 xxmt,
978 3928 1062 3982 15.
1162 3931 1182 3959 ⁹
1239 3927 1380 3982 Psal.
1434 3944 1494 3992 ιι,
1549 3929 1602 3982 8.

388 3995 433 4026 ⁸³
465 3993 622 4049 Joun.
658 4011 749 4057 xx.
791 3997 973 4050 l5-i7.

461 4109 537 4178 (α)
569 4108 686 4161 Duo
703 4118 750 4162 et
773 4110 898 4176 duo,
910 4119 956 4164 et
975 4127 1132 4164 unum
1147 4120 1327 4165 contra
1344 4127 1524 4166 unum.
1542 4111 1646 4164 Δύο
1661 4111 1754 4164 καὶ
1766 4110 1880 4176 δύο,
1898 4110 1957 4163 ἓν

386 4179 678 4232 κατέναντι
712 4179 803 4232 τοῦ
831 4181 969 4242 ἑνός.
1001 4181 1097 4234 Est
1121 4181 1285 4234 Eccli.
1306 4197 1499 4246 χχχιιι,
1534 4182 1620 4244 l5,
1639 4182 1834 4248 vixque
1862 4197 1956 4248 ap-

389 4258 560 4316 paret,
591 4249 719 4315 quid
750 4264 812 4302 eo
837 4251 954 4304 loco
990 4251 1147 4303 vellet
1178 4249 1473 4304 Eunomius
1510 4253 1778 4305 conﬁcere
1805 4269 1818 4304 :
1850 4251 1951 4304 nisi

384 4321 773 4390 Anomtnorum
807 4320 921 4385 ipse
965 4321 1279 4390 coryphaius
1300 4335 1361 4373 ac
1384 4321 1527 4374 velut
1561 4330 1712 4388 pater
1731 4331 1954 4390 conten-

389 4387 575 4451 debat,
601 4403 707 4459 non
760 4397 967 4441 tantum
997 4387 1073 4459 ιη’
1097 4392 1316 4452 creatis,
1351 4391 1490 4459 quod
1517 4390 1782 4459 signiﬁcat
1806 4389 1954 4443 Scri-

389 4467 568 4524 ptura,
602 4468 661 4508 ut
695 4457 830 4511 bene
874 4459 958 4512 ibi.
989 4457 1295 4520 Jansenius,
1344 4457 1435 4513 sed
1483 4460 1535 4512 in
1571 4457 1808 4526 'divinis,
1839 4474 1959 4512 esse

389 4526 604 4579 diversa
665 4527 852 4594 paria,
906 4543 1133 4595 quorum
1189 4544 1348 4580 unum
1402 4529 1554 4582 alteri
1616 4541 1758 4583 esset
1817 4528 1960 4582 velut

385 4595 746 4655 contrarium.
784 4612 880 4666 nec
921 4613 1014 4666 per
1054 4598 1233 4650 omnia
1271 4599 1481 4660 simile;
1511 4614 1681 4665 eoque
1708 4613 1810 4652 non
1837 4611 1959 4652 esse

384 4678 655 4737 personas
710 4665 930 4720 divinas
969 4666 1288 4736 ὁμοουσίους
1315 4684 1330 4698 ·
1363 4669 1602 4734 ejusdem
1648 4685 1740 4737 per
1779 4667 1958 4722 omnia

382 4735 726 4806 substantiae,
756 4745 810 4806 et
832 4735 1041 4790 sumine
1063 4752 1219 4789 uuas.
1250 4739 1544 4805 llespunsio
1571 4735 1957 4806 Amphilochii,

382 4805 491 4857 etsi
538 4819 641 4856 non
668 4805 738 4855 ita
769 4805 1041 4864 litterulis,
1074 4821 1175 4858 ιιοιι
1215 4810 1435 4858 omnino
1473 4819 1645 4860 tamen
1679 4805 1837 4862 debet
1883 4808 1959 4858 vi-

379 4874 503 4944 deri
543 4873 892 4944 insulliciens.
925 4875 1068 4929 Satis
1094 4875 1234 4928 enim
1269 4874 1370 4928 luit
1413 4885 1470 4928 ut
1501 4891 1766 4942 perversa:
1795 4893 1954 4944 expo-

379 4943 591 5006 sitioni,
629 4958 728 4997 nec
781 4943 891 4996 ulla
931 4946 1073 4998 fultae
1098 4945 1345 4997 veritatis
1388 4948 1587 5012 specie,
1621 4962 1772 4999 suam
1827 4963 1961 4999 noii-

381 5012 520 5068 nihil
564 5013 937 5078 verisimilem,
991 5029 1087 5067 nec
1134 5013 1240 5067 ullo
1290 5017 1447 5069 modo
1499 5017 1646 5070 sanis
1697 5016 1960 5082 dogmatis

381 5085 690 5153 adversam.
723 5092 1040 5153 Opponeret.
1091 5083 1356 5136 Caeterum
1396 5085 1639 5139 occurrit
1675 5094 1798 5153 post
1846 5087 1959 5138 haec

378 5152 608 5219 scripta,
646 5151 881 5223 nondum
910 5163 1084 5206 tamen
1123 5153 1287 5216 edita,
1331 5166 1640 5223 excerptum
1678 5151 1960 5222 Amphilo-

378 5223 641 5274 clnianum
662 5237 724 5275 ex
757 5221 941 5275 codice
964 5223 1128 5275 emin.
1155 5225 1303 5292 card.
1329 5221 1708 5290 Rupifncaldii,
1738 5221 1878 5292 quod
1906 5234 1960 5276 et

380 5292 506 5343 aliis
534 5293 772 5362 ejusdem
796 5292 1068 5358 escerptis
1088 5291 1455 5362 fadjnnximus,
1482 5309 1590 5362 quo
1627 5297 1710 5347 vir
1738 5291 1958 5349 sanctus

382 5376 501 5413 rem
539 5361 728 5412 melius
755 5362 1007 5427 exulicat,
1067 5361 1264 5415 docens
1304 5375 1407 5415 non
1457 5361 1578 5417 θέεις
1634 5365 1687 5417 in
1739 5366 1954 5429 divinis,

382 5445 554 5484 unum
589 5438 643 5483 et
667 5446 855 5490 unum,
880 5433 986 5484 duo
1013 5438 1067 5483 et
1099 5431 1223 5493 duo,
1274 5431 1365 5485 sed
1401 5435 1662 5487 unitatem
1695 5438 1746 5488 in
1783 5433 1960 5487 Trini-

385 5509 518 5561 tate,
572 5511 626 5552 et
671 5498 994 5570 Trinitatem
1054 5498 1107 5552 in
1167 5500 1370 5553 unitate
1405 5519 1419 5554 :
1453 5505 1648 5570 quibus
1706 5505 1958 5556 nimirum

385 5571 723 5640 signiﬁcetur
745 5569 998 5622 distincta
1018 5570 1368 5624 subsistentia
1398 5569 1556 5625 trium
1585 5589 1954 5640 personarum,

389 5641 442 5692 in
473 5639 751 5694 individua
801 5654 1122 5709 summeque
1181 5657 1287 5694 una
1329 5639 1657 5708 substantia,
1684 5643 1956 5713 υιὰμέε-ι-

1708 3927 1751 3957 ¹⁰
1807 3926 1948 3981 Psal.
2005 3941 2264 3991 cxxxvm,
2301 3929 2382 3982 l5.

2068 3007 2170 3062 scis
2204 3005 2291 3058 ubi
2341 3015 2622 3074 posuerunt
2658 3022 2798 3066 eum,
2830 3005 2988 3058 dicito
3040 3002 3207 3055 nobis.
3259 3000 3414 3054 Jesus
3459 3006 3633 3051 autem

2062 3097 2240 3152 disit:
2269 3095 2467 3160 Maria,
2500 3096 2606 3150 noli
2634 3111 2714 3148 me
2769 3105 2978 3163 tangere
3005 3107 3024 3146 :
3052 3093 3180 3146 uade
3219 3099 3390 3144 autem
3421 3089 3488 3141 ad
3521 3087 3633 3156 fra-

2063 3205 2167 3243 tres
2199 3204 2339 3242 meos
2371 3199 2420 3241 et
2459 3187 2545 3240 dic
2575 3187 2681 3240 illis
2709 3185 2775 3250 ¹³,
2802 3195 2907 3238 etc.
2941 3186 3075 3239 Cum
3113 3183 3407 3236 Eunomius
3433 3180 3518 3234 illa
3546 3195 3635 3231 an-

2063 3277 2251 3340 disset,
2274 3277 2407 3330 dixit
2436 3291 2446 3321 τ
2484 3273 2892 3344 Disputabimus
2923 3273 3159 3328 crastina
3197 3272 3282 3326 die
3309 3286 3487 3324 coram
3525 3269 3631 3323 im--

2060 3377 2308 3435 peratore
2335 3377 2387 3420 et
2415 3378 2634 3431 senatu;
2693 3365 3050 3434 discessitque
3078 3364 3145 3418 ab
3170 3364 3280 3417 illo.
3306 3362 3439 3416 Tota
3472 3376 3632 3430 porro

2063 3459 2252 3513 civitas
2301 3459 2594 3512 reverentia
2635 3458 2864 3528 quadam
2916 3466 2971 3510 et
3012 3466 3156 3510 metu
3213 3454 3490 3508 tenebatur
3537 3449 3630 3521 (c),

2062 3550 2129 3600 ad
2154 3549 2517 3618 Amphilochii
2542 3547 2900 3616 Eunomiique
2927 3547 3160 3600 auditam
3193 3544 3627 3611 disputationem.

2059 3638 2318 3693 Dicebant
2351 3639 2491 3692 enim
2530 3638 2594 3692 ad
2637 3639 2860 3692 invicem
2902 3637 3254 3691 haesitantes:
3292 3633 3423 3688 Uter
3470 3647 3630 3702 porro

2063 3729 2237 3782 victor
2284 3729 2493 3782 futurus
2519 3729 2642 3783 est?
2674 3727 2840 3782 Hicne
2875 3743 2941 3780 an
2981 3727 3102 3780 ille?
3135 3731 3201 3780 At
3224 3723 3630 3792 Amphilochius

2072 3829 2239 3874 totam
2296 3831 2509 3874 noctem
2569 3821 2892 3887 precabatur
2937 3819 3119 3872 dicens
3167 3831 3183 3870 :
3239 3814 3460 3869 Domine
3503 3809 3630 3866 Jesu

2485 3929 2525 3959 “
2561 3928 2697 3983 Gen.
2731 3945 2788 3991 ll,
2822 3927 2996 3980 18-92.
3112 3928 3154 3956 "
3193 3924 3350 3978 Prov.
3380 3941 3496 3989 vui,
3537 3923 3626 3978 12.

2065 4124 2187 4170 στος
2219 4107 2277 4159 ὲν
2313 4107 2734 4177 μεμερισμένοις
2767 4105 2960 4177 Baden;
2981 4120 2994 4134 ·
3027 4111 3083 4154 ιιι
3110 4101 3401 4170 Gregorius
3454 4100 3628 4167 loqui-

2070 4188 2178 4239 tur,
2206 4185 2260 4230 et
2295 4175 2572 4230 citaviinus
2604 4178 2654 4229 in
2685 4175 3069 4242 superioribus.

2130 4246 2204 4316 (b)
2234 4245 2486 4299 Dominus
2501 4245 2690 4299 creavit
2719 4239 2815 4316 me.
2842 4243 2916 4296 Ita
2942 4241 3097 4316 juxta
3116 4239 3280 4316 ιχις,
3314 4239 3411 4316 nisi
3434 4240 3496 4316 in
3525 4239 3628 4292 illis

2058 4310 2148 4369 est
2178 4315 2449 4379 mendum,
2495 4329 2686 4380 nempe
2732 4311 3108 4371 ἕκτισεν,ἁντὶ
3155 4310 3271 4372 τοῦ,
3325 4310 3624 4380 ἐκτήσατοο

2069 4383 2332 4444 Possedit,
2372 4385 2642 4452 quomodo
2688 4383 2860 4436 reddit
2896 4383 3249 4452 Hieronymus
3278 4394 3340 4433 ex
3383 4379 3624 4452 llehrajo.

2075 4453 2243 4508 Porro
2271 4463 2355 4507 est
2385 4448 2662 4520 responsio
2689 4454 2967 4504 obscurior
3000 4468 3014 4504 :
3049 4448 3106 4502 in
3135 4451 3234 4504 hoc
3275 4461 3447 4501 tamen
3483 4448 3632 4520 vide-

2069 4533 2154 4575 tur
2181 4518 2494 4588 consistere,
2520 4533 2577 4575 nt
2606 4523 2883 4582 Dominus,
2913 4521 3019 4574 alio
3051 4520 3209 4573 modo
3237 4520 3338 4574 sibi
3369 4529 3423 4572 et
3447 4518 3622 4581 nobis,

2064 4594 2228 4647 Deum
2284 4602 2338 4647 et
2386 4591 2598 4646 Patrem
2649 4606 2770 4646 esse
2822 4589 3234 4658 signiﬁcaverit,
3294 4603 3463 4658 eoque
3523 4602 3624 4640 nun

2065 4664 2453 4716 accensendum
2491 4662 2706 4716 creatis.
2739 4661 2832 4713 Vel
2865 4657 3052 4721 etiam,
3077 4671 3133 4713 et
3162 4660 3298 4713 forte
3333 4657 3542 4716 melius,
3570 4667 3629 4708 ut

2069 4733 2172 4785 illis
2201 4731 2400 4792 verbis,
2445 4730 2569 4783 Noli
2622 4747 2702 4783 me
2750 4740 2961 4798 tangere
2987 4746 3005 4783 :
3035 4731 3099 4781 ad
3141 4728 3341 4797 aliquid
3373 4729 3536 4779 altius
3562 4730 3627 4798 de

2061 4802 2176 4868 ipso
2209 4801 2519 4867 sapientium
2571 4815 2729 4868 quam
2770 4797 2879 4865 pra:
2905 4815 2962 4852 se
3005 4799 3190 4859 ferret,
3225 4813 3456 4863 vereque
3487 4797 3624 4868 divi—

2064 4864 2212 4935 num,
2248 4864 2502 4922 humilius
2521 4864 2867 4935 cogitantem,
2895 4885 3197 4936 quanquam
3220 4875 3488 4919 amantem
3518 4864 3626 4936 Ma-

2063 4943 2220 5001 riam,
2254 4940 2514 5002 evexerit,
2564 4934 2671 5007 quo
2703 4934 2995 4992 Eunomius
3030 4934 3415 5007 blasphemiam
3460 4934 3626 4988 casti-

2060 5019 2166 5076 get,
2211 5019 2264 5061 et
2320 5009 2485 5061 Deum
2534 5004 2814 5076 agnoscat.
2861 5004 3166 5075 quanquam
3204 5004 3623 5076 specie_tautttttt

2063 5073 2357 5132 hominem.
2381 5073 3280 5145 Lapsuinetttoriae,’appa‘ritionem
3307 5073 3413 5145 soli
3448 5074 3625 5145 Maria:

2062 5147 2286 5210 factam,
2333 5144 2671 5202 communem
2725 5144 2969 5207 Marthae,
3016 5144 3421 5213 Amphilochius
3456 5144 3622 5196 facit:

2060 5218 2301 5285 duasque
2333 5217 2499 5271 etiam
2535 5218 2586 5268 in
2619 5230 2780 5268 unam
2813 5216 3111 5271 confundit.

2130 5281 2534 5356 (cfﬂeverentia
2571 5285 2800 5356 quodam
2842 5294 2889 5337 et
2924 5294 3073 5356 metu,
3106 5284 3392 5356 tenebatur.
3431 5281 3624 5334 Αἰδου-

2065 5353 2201 5425 asin
2238 5371 2252 5384 ·
2314 5353 2589 5421 interpres
2643 5355 2848 5420 Lipom.
2914 5353 3277 5425 Mirabantur.
3335 5353 3624 5419 Sequentia

2061 5422 2251 5480 anxius
2281 5426 2584 5495 signiﬁcant
2608 5425 2673 5495 de
2700 5438 2886 5491 pugna:
2916 5425 3081 5495 exitu,
3111 5433 3168 5495 et
3196 5422 3473 5495 cujusnam
3504 5437 3622 5488 par-

2063 5497 2192 5620 titam
2227 5491 2371 5552 esset
2407 5495 2582 5550 futura
2614 5493 2841 5548 victoria
2868 5509 2882 5558 ;
2916 5505 2972 5547 ut
3005 5493 3117 5548 fere
3150 5494 3202 5547 in
3237 5491 3504 5548 similibus
3534 5508 3627 5546 ac-

2063 5575 2208 5620 ειιι.

2061 5575 2208 5620 ctdtt.
