4030 6408
415 262 488 318 93
1370 262 1426 316 S.
1470 260 1913 318 AMPlllLOCIill
1957 261 2354 318 [CONIENSIS
2397 260 2709 316 EPlSCOPl

3599 263 3674 320 θῑᾶ

413 382 652 446 Christe,
687 391 879 451 prmsta
919 398 1035 450 qua:
1077 383 1206 437 mihi
1247 396 1305 438 es
1329 382 1622 452 pollicitus,
1677 393 1735 437 ut
1785 383 1988 449 glorifi-

2090 400 2182 446 τος
2212 382 2244 453 ἢ
2281 384 2524 448 ὲκεῖνος;
2561 385 2639 434 Δι’
2671 382 2798 452 ὅλης
2828 381 2883 434 δὲ
2925 383 3020 451 τῆς
3053 383 3244 442 νυκτὸς
3280 381 3671 452 προσηύχετοὸ

413 484 565 529 cetur
593 476 988 528 sanetissimum
1041 489 1233 528 nomen
1267 483 1412 528 tuum
1447 473 1624 528 Patris
1655 483 1710 528 et
1764 475 1883 529 Filii
1937 485 1992 530 et

415 563 650 634 Spiritus
676 565 845 620 sancti
884 564 981 628 (α).
1036 564 1160 621 Haec
1195 574 1378 621 autem
1423 581 1489 622 eo
1523 575 1776 636 precante
1808 577 1862 620 et
1911 567 1992 622 di-

413 665 590 720 cente,
628 670 732 709 nox
760 655 1078 725 perefﬂuxit.

486 917 552 972 ν.
587 917 740 970 Mane
770 927 946 969 autem
980 917 1141 979 facto,
1173 915 1513 984 apprehenso
1548 930 1709 969 manu
1738 916 1986 981 diacono,

415 1009 544 1064 dicit
576 1009 622 1063 ei
655 1027 667 1061 :
700 1006 970 1060 Theodule
1001 1007 1186 1070 frater,
1220 1007 1373 1060 nobis
1398 1006 1558 1061 hodie
1609 1023 1754 1060 mors
1800 1019 1854 1060 et
1879 1009 1987 1060 vita

417 1101 692 1170 proposita
715 1109 818 1154 est.
850 1099 1103 1168 Dixitque
1142 1098 1401 1151 diaconus
1428 1116 1441 1150 :
1496 1098 1698 1166 Ecquid
1727 1114 1854 1154 vero
1887 1099 1987 1153 sibi

416 1194 528 1246 vult
563 1209 740 1248 sermo
775 1194 897 1255 iste,
934 1192 1126 1260 pater?
1158 1192 1564 1259 Amphilochius
1609 1191 1746 1245 dixit
1791 1211 1806 1247 :
1842 1192 1988 1258 Quo-

418 1289 560 1340 niam
598 1300 711 1337 mos
765 1293 867 1348 est,
891 1295 949 1336 ut
996 1284 1148 1337 nobis
1166 1285 1623 1350 adimpcralorem
1653 1283 1992 1352 ingredienti-

419 1377 631 1443 hus(bl,
659 1375 871 1428 dicatur
906 1393 920 1429 :
953 1375 1102 1428 Βετιί
1127 1393 1323 1429 omnes.
1366 1376 1442 1429 Tu
1478 1376 1659 1444 igitur,
1681 1376 1753 1429 fili
1783 1376 1876 1442 mi,
1911 1375 1992 1428 in-

418 1467 782 1534 gredientibus
813 1467 982 1524 nobis.
1029 1469 1079 1520 in
1125 1468 1343 1520 introitu
1395 1468 1576 1536 palatii
1631 1467 1802 1520 clama
1861 1483 1990 1522 voce

419 1574 608 1627 magna
641 1575 656 1612 :
703 1558 849 1611 Rerti
879 1576 1076 1623 omnes,
1110 1560 1212 1612 sive
1233 1561 1358 1623 vita,
1385 1561 1490 1612 sive
1516 1576 1670 1612 mors.
1698 1559 1992 1628 Respondit

417 1651 672 1704 diaconus
712 1666 728 1704 :
783 1652 943 1704 Plane
972 1666 1120 1714 vero,
1151 1651 1195 1703 si
1227 1651 1296 1703 ita
1333 1651 1540 1715 dixero,
1567 1665 1652 1703 me
1698 1651 1991 1718 imperator

2109 475 2478 545 Ἀμφιλόχιος,
2510 474 2684 542 λέγων
2705 491 2720 506 ο
2753 473 2925 544 Κύριε
2967 472 3141 542 Ἰησοῦ
3172 473 3401 544 Χριστὲ,
3432 473 3468 526 ἃ
3499 475 3671 543 gmw-

2093 571 2258 638 γείλω
2300 587 2424 639 μοι,
2463 570 2711 639 ποίησον,
2754 569 2840 622 ἵνα
2884 566 3112 637 δοξασθῇ
3157 584 3248 618 σου
3299 567 3358 618 τὸ
3407 569 3668 634 πανάγιον

2091 662 2284 732 ὄνομα,
2309 661 2404 713 τοῦ
2435 661 2649 732 Πατρὸς
2679 660 2772 713 καὶ
2793 658 2887 712 τοῦ
2919 658 3046 710 Υἰοῠ
3076 659 3169 711 καὶ
3197 657 3289 710 τοῦ
3317 658 3472 725 ἁγίου
3501 659 3669 710 Πνεύ-

2097 772 2286 824 ματος.
2320 754 2428 806 Kal
2461 753 2632 807 ταῦτα
2667 751 2829 806 αὐτοῦ
2878 751 3314 821 προσευχομένου
3358 752 3450 804 xal.
3486 751 3667 819 λέγον-

2097 863 2204 910 τος,
2240 845 2518 916 παρῆλθεν
2553 848 2586 916 ἡ
2616 846 2731 912 νύξ.

2161 935 2236 994 E'.
2268 938 2486 1008 Πρωῖας
2509 938 2566 990 δὲ
2603 938 2920 1008 γενομένης,
2948 937 3335 1008 ἐπιλαϐόμενος
3367 937 3466 1008 τῆς
3483 939 3661 1010 χειρὸς

2091 1029 2183 1080 τοῦ
2217 1029 2462 1081 διακόνου
2497 1029 2644 1096 λέγει
2687 1031 2866 1100 αύτῷ·
2915 1030 3134 1098 Ἀδελςςὲ
3181 1030 3467 1092 Θεόδουλε,
3498 1032 3665 1101 σήμε-

2097 1131 2186 1189 ρον
2225 1120 2451 1183 Θάνατος
2493 1122 2584 1173 καὶ
2625 1122 2737 1192 ζωὴ
2770 1125 2902 1192 ἡμῖν
2938 1123 3240 1192 πρόκειται.
3272 1123 3383 1175 Kal
3415 1124 3445 1174 ὁ
3480 1122 3663 1175 διάκο-

2091 1231 2180 1276 νος
2212 1213 2313 1282 ἔφη
2340 1230 2353 1243 ·
2389 1214 2498 1266 Kal
2527 1216 2612 1276 τίς
2636 1215 2781 1266 ἐστιν
2813 1216 2840 1266 ὁ
2869 1214 3022 1281 λόγος
3056 1209 3208 1276 οὗτος
3231 1253 3244 1274 ,
3275 1214 3482 1284 πάτερ;
3531 1215 3662 1283 Ἀμ-

2093 1303 2331 1372 φιλόχιος
2387 1299 2574 1356 εἶπεν
2644 1302 2860 1373 Ἐπειδὴ
2914 1302 3058 1374 [οὐκ]
3112 1303 3254 1355 ἐστιν
3304 1301 3422 1365 ἔθος
3483 1303 3540 1354 ὲν
3587 1303 3662 1372 τῷ

2092 1395 2315 1448 εἰσιέναι
2363 1397 2506 1465 ἡμᾶς
2549 1396 2630 1457 εἰς
2667 1395 2758 1447 τὸν
2807 1395 3026 1465 βασιλέα
3079 1397 3253 1447 εἰπεῖν
3303 1395 3383 1457 τὸ,
3469 1396 3657 1462 Ὀρθοὶ

2091 1486 2330 1552 πάντες.
2368 1487 2439 1538 Σὺ
2474 1481 2586 1548 οὖν,
2621 1487 2808 1539 τέκνον
2859 1505 2959 1556 μου
2983 1527 2998 1549 ,
3049 1488 3106 1538 ὲν
3139 1486 3217 1556 τῷ
3252 1486 3476 1538 εἰσιέναι
3514 1489 3662 1556 ἡμᾶς

2093 1581 2148 1632 ὲν
2173 1583 2242 1651 τῇ
2286 1580 2475 1650 εἰσόδῳ
2509 1580 2601 1632 τοῦ
2628 1580 2910 1641 παλατξου,
2937 1581 3138 1650 κράξον
3163 1578 3372 1651 μεγάλῃ
3395 1582 3460 1649 τῇ
3486 1582 3657 1649 φωνῇ’

2105 1669 2283 1738 Ὀρθοὶ
2310 1669 2551 1736 πάντες,
2585 1672 2704 1723 εἴτε
2733 1668 2843 1736 ζωὴ
2871 1671 2990 1724 εἴτε
3013 1670 3288 1736 θάνατος.
3339 1671 3394 1722 Ὀ
3417 1670 3662 1724 διάκονος

416 1744 647 1796 occidet.
699 1743 783 1795 Ait
835 1742 1286 1809 Amphilochius:
1327 1741 1423 1807 Ne,
1464 1741 1557 1806 fili,
1615 1741 1989 1810 imperatorem

2095 1760 2199 1830 ἔφη
2221 1779 2234 1792 υ
2264 1763 2375 1815 Kal.
2414 1763 2654 1826 πάντως,
2692 1761 2786 1814 ἐὰν
2813 1761 2952 1815 εἴπω
2980 1757 3176 1824 οὕτως,
3207 1763 3496 1814 ἀποκτενεῖ
3530 1778 3594 1832 με
3632 1763 3662 1814 6

416 1835 575 1886 istum
613 1835 874 1898 timueris,
909 1835 997 1904 qui
1023 1844 1200 1904 potest
1224 1850 1437 1903 corpus,
1465 1851 1569 1888 non
1600 1835 1723 1888 item
1754 1835 1986 1887 animam

415 1929 685 1990 occidere,
719 1930 896 1997 potius
951 1939 1127 1981 autem
1178 1928 1324 1981 illum
1366 1928 1513 1991 time,
1550 1929 1639 1996 qui
1689 1942 1884 1995 corpus
1936 1935 1992 1980 et

416 2021 651 2073 animam
687 2021 738 2073 in
782 2022 1022 2090 gehenna
1059 2020 1258 2074 occidit
1285 2019 1348 2074 “‘.
1392 2019 1535 2073 Dixit
1564 2020 1816 2072 diaconus
1847 2036 1860 2071 :
1889 2017 1985 2081 Ita,

414 2123 586 2180 pater,
621 2114 809 2164 faciam
865 2120 920 2164 ut
959 2113 1157 2175 dixisti,
1197 2112 1310 2164 sive
1349 2113 1477 2176 vita,
1521 2111 1632 2165 sive
1670 2126 1812 2164 mors
1868 2125 1990 2176 pro-

417 2204 590 2272 posita
619 2213 721 2258 est.
753 2203 892 2256 Inter
927 2217 1020 2256 eos
1053 2217 1328 2256 sermones
1357 2217 1476 2254 cum
1516 2216 1682 2270 prope
1724 2205 1987 2255 accessis-

416 2307 536 2350 sent
563 2297 628 2348 ad
665 2295 846 2363 palatii
907 2295 1126 2359 atrium,
1161 2293 1531 2346 nuntiantibus
1556 2291 1866 2346 cursoribus
1895 2293 1990 2345 ad-

418 2393 636 2437 ventum
667 2383 1050 2452 Amphilochii,
1086 2383 1269 2452 jussus
1292 2391 1374 2436 est
1397 2382 1600 2451 ingredi
1634 2399 1648 2436 :
1695 2383 1876 2450 aitque
1901 2397 1988 2435 ar-

416 2475 733 2528 chidiacono
779 2489 917 2528 suo:
951 2473 1154 2528 Stolam
1193 2489 1386 2537 meam,
1439 2483 1527 2526 tua
1577 2483 1844 2527 commuta
1893 2473 1986 2541 (ε).

417 2568 536 2632 Quo
566 2567 708 2622 facto
740 2568 869 2621 dicit
895 2583 912 2617 :
933 2567 1116 2621 Redde
1139 2568 1278 2635 quod
1309 2567 1434 2619 dum
1469 2575 1650 2620 nostra
1683 2567 1815 2620 urbe
1837 2582 1989 2636 egre-

418 2661 686 2724 deremur,
736 2659 836 2714 fuit
869 2660 1169 2727 depositum
1207 2677 1221 2712 :
1263 2659 1542 2728 solutoque
1567 2659 1863 2728 strophiolo
1887 2659 1986 2729 (d),

417 2753 639 2806 tradidit
685 2769 835 2821 teque
870 2755 1117 2807 ardentes
1149 2767 1348 2820 prunas
1381 2766 1443 2805 ac
1478 2761 1761 2818 acceperat
1811 2751 1984 2804 initio.

419 2841 536 2907 Quo
564 2843 700 2906 viso,
743 2843 1006 2897 diaconus
1033 2843 1206 2896 factus
1230 2852 1313 2897 est
1345 2841 1594 2895 fidentior
1622 2859 1636 2896 :
1666 2841 1990 2910 adolensque

421 2937 714 3006 thymiama
754 2936 847 3007 (e),
876 2951 1008 2990 voce
1041 2951 1230 3006 magna
1258 2934 1510 2988 clamavit
1543 2954 1558 2990 :
1602 2935 1745 2990 [lecti
1789 2953 1984 2990 omnes.

421 3030 680 3083 UniverSa
713 3044 872 3096 porro
913 3029 1056 3099 regia
1088 3038 1228 3081 mota
1283 3037 1382 3091 est,
1421 3043 1717 3095 omnesque
1765 3037 1988 3096 stupue-

421 3131 542 3175 runt
587 3119 676 3192 (l).
711 3120 845 3174 Cum
890 3098 1065 3172 autem
1110 3119 1513 3188 Amphilochius
1567 3098 2058 3190 appropinquas-c

501 3257 545 3292 “
577 3257 706 3313 Luc.
744 3274 844 3322 xu,
871 3258 926 3311 4.

491 3419 566 3485 (η)
596 3419 992 3473 Sanctissimum
1015 3437 1196 3475 nomen
1219 3433 1385 3489 tuum,
1408 3423 1606 3487 Patris,
1628 3432 1674 3476 et
1701 3421 1852 3485 Filii,
1883 3432 1989 3478 etc.

427 3487 602 3562 Unum
657 3505 847 3562 notnen
891 3500 974 3544 est
1002 3487 1530 3562 superadorandum,
1567 3494 1707 3562 quod
1740 3493 1990 3548 Christus

421 3561 838 3630 substantiveet
867 3561 1110 3616 absolute
1139 3564 1337 3617 dicitur
1367 3574 1422 3618 et
1471 3561 1655 3626 est,’id
1685 3563 1857 3630 ipsum
1890 3564 1992 3617 l’a-
2059 3585 2066 3593 -

421 3629 542 3686 tris.
584 3637 638 3682 et
683 3629 912 3696 Spiritus
957 3634 1126 3686 sancti
1177 3649 1392 3698 nomen,
1435 3646 1492 3687 ut
1527 3644 1608 3687 est
1650 3629 1753 3685 una
1813 3635 1982 3687 trihus

422 3709 693 3770 naturaet
720 3714 840 3752 esse
866 3721 878 3755 :
906 3705 1047 3769 quod
1085 3702 1429 3757 subtilissime
1473 3703 1884 3770 Amphilochius
1919 3704 1983 3758 iis

421 3769 602 3822 verbis
627 3769 822 3824 innuit.
858 3770 1044 3825 Utrum
1072 3787 1197 3825 vero
1221 3791 1381 3826 unum
1420 3769 1609 3826 nomen
1637 3773 1836 3826 Christi
1874 3775 1982 3827 dis-

422 3837 589 3891 tincte
641 3840 966 3904 invocatum,
997 3842 1264 3896 sufﬁciens
1299 3846 1367 3897 sit
1389 3843 1669 3898 Trinitatis
1692 3843 1978 3907 invocatio,

424 3919 514 3981 aut
529 3907 719 3981 saltem
741 3911 1197 3978 fueritaliquando
1212 3929 1273 3965 ex
1300 3914 1529 3981 quadam
1551 3912 1898 3981 indulgentia,
1917 3914 1981 3967 ad

421 3977 660 4031 valerem
686 3980 928 4048 baptismi
955 3998 967 4043 ;
999 3977 1359 4036 controversia
1379 3993 1480 4047 est,
1501 3983 1550 4035 in
1567 4001 1667 4048 qua
1687 3977 1745 4036 D.
1764 3985 1987 4036 Ambro-

424 4048 556 4110 sius,
576 4058 764 4122 etcum
786 4061 1000 4122 secutus
1020 4051 1287 4122 Nicolaus,
1311 4052 1454 4105 velut
1479 4070 1541 4106 ex
1565 4054 1680 4122 ejus
1717 4054 1980 4107 sententia

422 4119 724 4184 approbans
756 4120 1074 4188 baptismum
1103 4136 1130 4173 a
1165 4120 1349 4175 .Iudzeo
1389 4119 1638 4174 collatum
1677 4122 1728 4173 in
1767 4123 1979 4176 nomine

424 4196 629 4239 tantum
659 4188 884 4252 Christi,
926 4205 952 4242 a
1001 4200 1151 4256 parte
1196 4191 1498 4244 aflirmante
1538 4193 1785 4244 videntur
1812 4202 1976 4245 stare.

425 4257 529 4310 Sed
555 4257 822 4328 quidquid
851 4260 918 4312 sit
963 4261 1028 4313 de
1055 4261 1340 4314 Ambrosio
1391 4264 1482 4327 qui
1534 4263 1692 4314 aliter
1721 4261 1860 4315 forte
1886 4276 1981 4328 po-

425 4327 589 4379 tuerit
620 4329 835 4394 exponi,
873 4331 1012 4396 quod
1049 4339 1254 4398 spectat
1289 4329 1354 4384 ad
1391 4332 1688 4391 Nicolaum,
1729 4327 1982 4386 constans

422 4405 504 4468 est
531 4410 764 4468 errasse,
811 4400 900 4467 qui
945 4414 1038 4452 sua
1085 4401 1243 4453 etiam
1286 4410 1466 4465 aetate,
1509 4401 1722 4468 quando
1769 4410 1980 4454 constat

423 4467 875 4540 dispensationem
916 4483 1180 4532 cessasse,
1212 4470 1256 4523 si
1299 4486 1402 4537 qua
1437 4467 1668 4539 unquam
1702 4469 1820 4535 fuit,
1849 4472 1991 4540 ejus-

424 4537 566 4589 modi
602 4538 923 4603 baptismum
962 4550 1136 4592 ratum
1166 4540 1434 4594 habuerit.

497 4605 860 4679 (b)_Quonia_m
893 4625 1003 4661 mos
1063 4619 1156 4671 est,
1200 4621 1254 4661 ut
1306 4612 1520 4664 nobis...
1560 4609 1986 4679 ingredientibus.

425 4674 771 4743 SignifiCatur
796 4677 962 4730 fuisse
989 4679 1038 4731 id
1072 4680 1236 4732 tnoris
1264 4681 1314 4731 in
1344 4681 1488 4743 aula,
1517 4691 1575 4732 ut
1595 4674 1783 4732 omnes
1815 4695 1990 4734 assur-

425 4756 608 4814 getent
639 4746 1064 4811 ingredientibus
1093 4751 1359 4816 episcopis
1393 4753 1463 4804 ob
1508 4752 1862 4804 reverentiam
1897 4765 1988 4802 or-

425 4818 562 4869 dinis
591 4832 604 4867 :
634 4831 739 4883 quo
787 4817 914 4871 facit
956 4819 1258 4873 incendium
1311 4820 1438 4872 illud
1491 4821 1748 4873 divinitus
1781 4821 1989 4872 excita-

426 4896 537 4957 tum
584 4890 723 4954 apud
771 4887 1089 4957 Sulpicium,
1134 4905 1239 4956 quo
1286 4889 1713 4952 Valentinianus,
1758 4904 1989 4944 renuens

425 4955 475 5005 id
527 4954 746 5010 honoris
789 4954 998 5011 deferre
1050 4954 1303 5020 Martino,
1353 4959 1486 5012 cella
1534 4961 1845 5013 deturbatus
1882 4971 1985 5012 est.

423 5023 578 5096 Facit
609 5027 793 5090 etiam,
827 5045 946 5094 qua:
983 5029 1034 5082 in
1071 5029 1396 5096 Euchologio
1431 5030 1658 5082 habetur
1695 5028 1868 5081 oratio
1895 5044 1986 5081 su-

425 5095 958 5166 perritnperatorem,
1007 5095 1670 5166 patriarchaingrediente
1709 5098 1984 5166 palatium,

425 5164 512 5215 cui
539 5165 584 5217 is
607 5168 828 5231 proinde
859 5179 913 5220 ut
941 5164 1340 5222 benedicendus
1376 5164 1650 5221 humiliter
1670 5164 1985 5235 assurgens,

425 5236 784 5288 reverentiam
811 5237 1048 5291 haberet.
1075 5237 1242 5292 Porro
1279 5238 1424 5301 illud,
1460 5237 1601 5290 [lecti
1642 5254 1834 5299 onmes,
1867 5253 1985 5301 seu,

425 5304 588 5378 Stetit
609 5320 796 5378 omnes
822 5320 875 5359 et
901 5317 1217 5378 assurgant;
1255 5323 1359 5361 non
1395 5309 1632 5375 episcopi
1663 5318 1778 5378 erat
1809 5309 1986 5378 ingre-

425 5373 644 5437 dientis,
679 5377 771 5428 sed
806 5373 1148 5447 suscipietftis
1184 5373 1542 5444 imperatoris.
1581 5373 1988 5447 Amphilochius

424 5457 553 5516 vero
582 5459 737 5497 suum
785 5447 931 5508 fecit,
956 5446 1025 5500 ait
1068 5448 1233 5516 ipsius
1275 5449 1544 5516 totiusque
1583 5446 1718 5499 aula:
1759 5447 1986 5510 animos,

425 5511 687 5586 inmagni
741 5517 965 5586 alicujus
1013 5511 1473 5586 exspectationem
1518 5531 1583 5571 ex
1631 5517 1706 5569 rei
1753 5517 1988 5572 novitate

423 5583 738 5650 erigcndos,
781 5583 1277 5653 conciliandamqne
1321 5588 1562 5640 dicendis
1591 5590 1984 5652 auctoritatem,

425 5665 527 5732 pro
555 5655 750 5721 quibus
787 5666 939 5732 tanta
968 5657 1328 5732 fitlucia__not:_e
1376 5657 1987 5732 sanctitatis__episcopus

430 5727 810 5794 imperatorem
857 5729 1028 5784 adiret
1063 5744 1075 5781 :
1108 5727 1329 5795 adjectis
1364 5730 1596 5782 maxime
1635 5727 1737 5782 illis
1774 5727 1982 5783 verbis:

2093 1853 2366 1922 βασιλεύς.
2398 1855 2507 1906 Kal.
2528 1857 2556 1907 ὁ
2596 1853 2942 1924 Ἀμφιλόχιος
2962 1854 3086 1923 ἔφη·
3119 1854 3210 1923 Μὴ
3235 1853 3423 1922 φοϐοῦ,
3449 1855 3657 1920 τέκνον,

2089 1941 2183 1994 τὸν
2214 1941 2434 2011 βασιλέα
2459 1942 2645 1995 τοῦτον
2695 1942 2783 1994 τὸν
2811 1941 3107 2012 δυνάμενον
3140 1943 3296 2012 σῶμα
3327 1943 3658 2006 ἀποκτεῖναι,

2090 2031 2185 2086 καὶ
2209 2033 2306 2103 τὴν
2331 2032 2506 2103 ψυχὴν
2534 2032 2606 2103 μὴ
2631 2033 2979 2085 ἀποκτεῖναι·
3012 2032 3148 2086 ἀλλὰ
3174 2033 3371 2103 μᾶλλον
3397 2033 3661 2104 φοϐήθητι

2090 2126 2293 2178 ἐκεῖνον
2337 2125 2428 2178 τὸν
2486 2126 2871 2179 ἀποκτείνοντα
2911 2125 3006 2196 τὴν
3047 2125 3222 2197 ψυχὴν
3264 2127 3355 2179 καὶ
3403 2127 3462 2179 τὸ
3504 2127 3662 2196 σῶμα

2090 2217 2148 2269 ὲν
2178 2216 2389 2288 γεέννῃ.
2438 2217 2495 2271 '0
2534 2217 2775 2282 διάκονος
2834 2217 2970 2289 ἔφη·
3023 2219 3168 2278 Ναὶ.
3221 2219 3433 2290 πάτερ’
3480 2218 3662 2281 καθὼς

2090 2306 2316 2375 ἔφησας,
2340 2306 2481 2362 οὕτω
2509 2310 2736 2377 ποιήσω,
2759 2307 2869 2360 εἴτε
2899 2307 3031 2378 ζωὴ,
3061 2309 3168 2361 εἴτε
3195 2309 3442 2372 Θάνατος.
3469 2309 3656 2362 Ταῦτα

2089 2397 2377 2466 λέγοντες,
2435 2400 2669 2469 ἤγγισαν
2718 2402 2783 2470 τῇ
2833 2400 3024 2471 εἰσόδῳ
3077 2400 3172 2453 τοῦ
3219 2401 3500 2454 παλατίου.
3552 2401 3662 2453 Καὶ

2093 2489 2364 2559 μηνύσασι
2405 2490 2765 2559 ταχυδρόμοις
2797 2489 2892 2561 τὴν
2938 2492 3238 2562 παρουσίαν
3293 2491 3658 2561 Ἀμφιλοχίου,

2091 2581 2384 2652 ἐκελεύσθη
2420 2581 2513 2634 τοῦ
2562 2582 2822 2646 εἰσιέναι·
2864 2583 2957 2635 καὶ
2997 2583 3142 2651 λέγει
3179 2583 3257 2653 τῷ
3300 2583 3661 2655 ἀρχιδιακόνῳ

2089 2673 2289 2727 αὐτοῦ·
2328 2673 2591 2738 ¹’Λλλαξόν
2647 2690 2747 2743 μου
2791 2672 2889 2742 τὴν
2925 2675 3113 2744 στολὴν
3157 2675 3257 2745 τῆς
3289 2675 3501 2728 ἑαυτοῦ.
3553 2677 3661 2728 Καὶ

2090 2765 2280 2818 τούτου
2307 2765 2598 2835 γενομένου
2633 2764 2781 2832 λέγει
2818 2765 2965 2837 αύτῷ
2989 2785 3000 2796 ·
3055 2767 3276 2829 Ἀπόδος
3309 2784 3395 2836 μοι
3425 2767 3522 2836 τὴν
3558 2783 3663 2818 πα-

2092 2854 2483 2925 ρακαταθήκην
2512 2854 2578 2924 ἣν
2620 2855 2936 2925 παρεθέμην
2966 2872 3046 2908 σοι
3081 2857 3138 2907 ὲν
3165 2855 3242 2926 τῷ
3284 2856 3482 2920 ἐξιέναι
3513 2857 3658 2926 ἡμᾶς

2090 2947 2153 2998 ὲκ
2180 2945 2274 2998 τοῦ
2303 2947 2571 3018 ἡμετέρου
2615 2948 2804 3004 τόπου.
2840 2949 2947 3000 Καὶ
2987 2948 3152 3011 λύσας
3194 2947 3357 3001 αὑτοῦ
3398 2949 3456 3000 τὸ
3488 2949 3660 3017 ἐγχεί-

2095 3051 2225 3104 ριον,
2257 3036 2422 3090 ἔδωκε
2449 3037 2546 3108 τὴν
2576 3037 2874 3108 ἀνθρακιὰν
2908 3038 3084 3102 ζῶσαν
3114 3037 3300 3110 ὥσπερ
3329 3033 3395 3109 ἦν
3429 3039 3494 3091 τὸ
3525 3038 3658 3110 πρό-

2091 3144 2268 3196 τερον.
2297 3129 2410 3181 Kal.
2457 3129 2612 3182 τοῦτο
2652 3128 2805 3184 εἰδὼν
2849 3131 2877 3182 ὁ
2914 3131 3176 3196 διάκονος,
3222 3129 3655 3202 ὲθαρσωποιήθη.

2100 3423 2216 3477 Sive
2248 3441 2407 3486 mors,
2448 3425 2552 3478 sive
2588 3426 2712 3479 vita.
2745 3422 2900 3477 Velut
2949 3430 3106 3490 caput
3156 3426 3222 3475 ad
3279 3423 3441 3490 pedes
3491 3420 3658 3490 ipsius

2099 3501 2408 3559 deponeret,
2447 3495 2740 3562 lubensque
2765 3494 2886 3546 vitm
2919 3493 3089 3546 aleam
3119 3493 3342 3546 subiret.

2171 3566 2238 3632 (ε)
2259 3563 2459 3616 Stolam
2492 3561 2676 3627 meam,
2707 3575 2797 3616 tua
2827 3574 3105 3616 commuto.
3137 3563 3296 3616 Forte
3330 3571 3388 3614 ιιι
3418 3561 3660 3616 ornatior

2097 3645 2378 3703 appareret
2405 3649 2584 3689 coram
2618 3636 2961 3703 imperatore.
2991 3633 3101 3685 Non
3133 3632 3513 3703 eniut_5pernit
3537 3647 3662 3699 gra-

2090 3701 2381 3758 tiaisthzec
2447 3715 2503 3759 et
2558 3701 2788 3758 humana
2832 3704 3026 3762 media,
3067 3713 3124 3754 ut
3158 3704 3208 3754 in
3250 3701 3367 3768 ejus
3405 3704 3660 3768 operibus

2086 3773 2286 3840 aliquid
2341 3775 2501 3828 etiam
2549 3775 2618 3827 sit
2669 3786 2865 3826 nostra:
2917 3771 3212 3832 industrire,
3267 3773 3408 3838 quod
3452 3772 3656 3836 passim

2084 3845 2428 3911 prosequitur
2474 3843 2914 3914 Chrysostomus,
2966 3852 3019 3914 et
3065 3843 3319 3914 observat
3356 3842 3406 3914 i_u
3449 3840 3655 3914 Christi

2087 3909 2139 3967 in
2173 3909 2442 3979 apostolos
2490 3909 2906 3982 dispensatione.
2960 3911 3050 3964 Sic
3099 3910 3316 3982 Esther,
3359 3909 3655 3982 Judithque

2087 3983 2439 4037 adhibuerunt
2476 3980 2727 4036 mutillum
2756 3981 3066 4034 muliebrem
3097 3998 3108 4033 :
3141 3981 3217 4034 sic
3242 3982 3384 4034 cavit
3415 3980 3656 4047 Raphael

2087 4069 2155 4105 ne
2193 4055 2318 4122 quid
2354 4053 2622 4122 sordidius
2673 4055 2722 4106 in
2772 4051 2953 4104 Tobiae
3001 4049 3193 4122 afﬂicta
3235 4052 3650 4122 (Ιοιιιοηιιονιιιιι

2085 4119 2334 4187 sponsam
2367 4121 2659 4176 offenderet
2694 4139 2708 4175 :
2737 4123 2989 4189 cavitque
3030 4119 3226 4173 Paulus
3265 4137 3331 4173 ne
3360 4120 3515 4173 vilior
3550 4120 3650 4172 tri-

2085 4193 2229 4245 [ιιιηο
2257 4194 2426 4245 factus
2453 4192 2833 4260 ﬂagellatione,
2867 4192 2981 4243 neci
3010 4192 3336 4260 traderetur.
3369 4199 3474 4260 etc.

2155 4263 2232 4330 (ιι)
2260 4257 2548 4327 Solutoqué
2593 4260 2899 4329 strophiolo.
2945 4259 3129 4322 Λύσας
3164 4259 3330 4312 αὑτοῦ
3379 4259 3438 4311 τὸ
3480 4257 3660 4328 ἐγχεί-

2093 4348 2228 4402 ριον.
2278 4331 2465 4384 Linleo
2492 4346 2597 4398 quo
2631 4332 2932 4402 carbonem
2965 4345 3278 4402 .accensnm_
3308 4330 3654 4402 deposuerat,

2083 4396 2158 4454 sic
2189 4403 2330 4454 dicto
2374 4396 2520 4464 quod
2563 4401 2822 4454 habeatur
2871 4401 2935 4451 ad
2989 4415 3199 4452 manus.
3247 4396 3304 4450 S.
3351 4398 3654 4451 Germanus

2022 4473 2067 4527 D
2094 4474 2488 4537 manuterginm
2518 4473 2758 4538 exponit,
2789 4472 2929 4538 quod
2966 4469 3139 4535 primo
3179 4469 3338 4538 datur
3367 4469 3652 4538 subdiaco-

2094 4556 2185 4601 no,
2217 4550 2270 4593 et
2303 4540 2494 4609 pendet
2551 4537 2718 4594 sacris
2758 4537 3039 4603 ministris,
3080 4554 3108 4590 a
3145 4537 3372 4592 sinistro
3408 4537 3651 4591 feruore:

2091 4611 2156 4663 de
2187 4625 2292 4675 quo
2325 4612 2375 4662 in
2408 4609 2803 4678 Euchologicis.

2163 4684 2232 4748 (ε)
2268 4681 2589 4747 Adolensque
2648 4675 2954 4748 thymiama.
2998 4676 3108 4729 Kal.
3160 4676 3332 4747 βαλὼν
3382 4675 3654 4748 θυμίαμα.

2092 4745 2262 4802 Simili
2325 4745 2530 4818 phrasi,
2577 4745 2738 4815 atque
2778 4748 2952 4818 βαλὼν
3008 4745 3293 4817 μετάνοιαν
3320 4747 3510 4818 ἠιιιιοι]
3544 4745 3657 4818 Da-

2093 4816 2362 4882 masceno,
2387 4817 2576 4871 Joanni
2606 4816 3088 4887 llierosolytnitano
3116 4819 3167 4869 in
3199 4821 3314 4883 ejus
3335 4817 3476 4877 Vita,
3506 4816 3655 4887 aliis-

2090 4905 2194 4952 que
2225 4890 2380 4942 medii
2409 4892 2506 4940 aevi
2535 4885 2885 4956 scriptoribus
2913 4887 3298 4940 creberrimum
3327 4897 3409 4938 cst
3439 4903 3452 4938 :
3483 4885 3648 4947 velut,

2094 4959 2320 5012 Sulliens
2348 4970 2401 5011 et
2437 4955 2714 5011 incensum
2748 4958 2994 5020 offerens,
3027 4957 3212 5010 eadem
3248 4955 3385 5008 forte
3410 4957 3658 5008 cazrimo-

2092 5029 2202 5092 nia,
2233 5045 2335 5095 qua
2372 5042 2470 5081 nos
2495 5030 2680 5090 etiam,
2711 5029 2953 5095 persmris
2989 5029 3038 5079 in
3091 5027 3265 5079 altiori
3304 5025 3468 5093 gradu
3512 5025 3656 5092 posi—

2093 5100 2180 5159 tis,
2217 5099 2448 5151 maxime
2476 5099 2668 5160 sacris,
2701 5113 2794 5150 seu
2835 5098 2883 5149 in
2908 5097 3103 5165 quibus
3138 5097 3298 5148 Deum
3329 5095 3654 5162 peculiar-ius

2090 5182 2465 5235 agnoscamus,
2502 5177 2557 5221 et
2602 5169 2653 5220 in
2687 5168 2896 5236 signum
2933 5167 3110 5220 devoti
3146 5165 3365 5236 affectus
3413 5180 3532 5216 cum
3571 5179 3654 5218 re-

2089 5233 2352 5302 verentia,
2382 5237 2506 5291 thus
2536 5247 2591 5290 et
2621 5233 2907 5306 thymiama
2935 5237 3225 5288 offerimus.
3252 5233 3455 5306 Modus
3479 5243 3652 5306 tamen

2095 5308 2186 5360 ille
2214 5308 2574 5376 Amphilochii
2603 5303 2892 5374 singularis
2923 5307 3041 5369 fuit,
3083 5306 3196 5372 ipso
3228 5322 3255 5355 a
3306 5304 3492 5376 prunis
3529 5303 3656 5376 illa:-

2089 5392 2149 5430 so
2185 5395 2197 5430 :
2229 5373 2370 5446 quod
2423 5377 2580 5446 plane
2632 5373 2714 5430 vel
2765 5393 2928 5429 unum
2982 5378 3234 5430 omnibus
3301 5373 3655 5441 percellendis

2092 5463 2181 5500 Cl'il
2192 5459 2228 5499 ι.

2163 5519 2227 5582 (fl
2261 5516 2550 5583 Omnesque
2570 5524 2898 5582 stupuerunt.
2930 5514 3276 5583 Ἐξέστησαν.
3311 5510 3656 5583 Dietamaxi-

2093 5579 2303 5651 Ine'jatu
2336 5579 2562 5639 ratione.
2596 5579 2685 5639 Sic
2716 5585 2880 5638 Marc.
2909 5600 2959 5647 v,
2985 5586 3054 5638 42
3089 5579 3414 5653 Ἐ’ξέστησαν
3462 5579 3659 5635 ἐκστάη

2093 5675 2173 5710 σει
2207 5657 2437 5728 μεγάλῃ.
2473 5657 2792 5725 Stnpucrunt
2829 5667 3036 5722 stupore
3061 5671 3266 5724 magno.
