4030 6408
269 295 327 348 ‘25
1596 287 1754 342 VlTA
1792 289 1860 342 AI

1889 289 2123 355 TIQUA.
3407 293 3479 348 26

267 407 358 457 Καὶ
399 400 572 471 βαλὼν
622 399 875 470 θυμίαμα
924 400 1188 468 ἀνέκραξε
1249 401 1460 474 μεγάλη
1499 405 1563 471 τῇ
1603 404 1751 471 φωνῇ
1782 403 1858 461 ὁὶ

1910 413 1992 457 sel
2023 403 2351 473 imperatori,
2405 403 2527 456 ait:
2571 401 2683 454 Pax
2721 401 3069 469 imperatori:
3110 416 3332 470 puerum
3381 420 3479 457 au-

265 495 497 554 διάκονος
542 491 733 558 Ὀρθοὶ
770 490 1011 554 πάντες.
1065 491 1169 545 Καὶ
1204 491 1467 561 ἐσαλεύθη
1519 491 1580 544 τὸ
1629 490 1804 544 παλά-

1911 503 2014 547 tem
2081 491 2363 562 prmteriit.
2413 490 2545 544 Tum
2600 491 2935 557 imperator:
2974 489 3339 557 Amphilochi,
3379 507 3478 545 cur

263 605 358 640 τιον
383 585 512 645 ὅλον,
553 586 646 635 καὶ
691 583 984 654 ἐξέστησαν
1013 584 1268 646 ἅπαντες.
1301 584 1532 652 Πλησίον
1565 584 1620 636 δὲ
1649 585 1804 652 γενό-

1907 583 2069 637 etiam
2101 583 2382 651 imperium
2414 596 2590 635 meum
2624 578 2946 633 contumelia
2984 577 3244 632 aﬂ'ecisti?
3286 595 3477 646 meque

270 694 401 745 μενος
440 674 530 727 τοῦ
575 675 861 744 βασιλέως,
899 675 1028 744 ἔφη·
1062 674 1286 742 Εἶρήνη
1312 673 1392 739 τῷ
1423 674 1670 738 βασιλεῖ
1697 692 1710 704 ο
1745 675 1806 727 τὸ

1907 675 2164 738 salutans,
2180 689 2364 742 pacem
2383 672 2739 741 impertivisti,
2760 671 2924 724 lilium
2943 681 3117 724 autem
3140 686 3313 724 meum
3338 687 3475 740 pra:-

267 768 312 819 δὲ
334 767 522 818 παιδίον
559 765 903 835 παρέδραμε.
933 766 1041 818 Καὶ
1080 767 1108 818 6
1135 765 1386 834 βασιλεύς
1406 779 1420 792 ⁸
1459 765 1801 835 Ἀμφιλόχιε·

1909 762 2102 816 teristi.
2135 761 2320 816 Nescis
2359 760 2472 814 fore
2515 770 2632 829 post
2688 776 2772 814 me
2825 759 3210 826 regnaturum?
3246 761 3316 813 At
3349 760 3475 812 Am-

267 860 356 916 ναὶ,
407 859 557 926 erat,
601 857 688 908 διὰ
732 857 784 907 τί
826 856 1109 924 ἐνύϐρισας
1147 856 1208 908 τὸ
1253 855 1519 925 βασίλειόν
1551 873 1672 925 μου,
1711 857 1806 909 καὶ

1906 854 2203 921 pltilochins
2234 853 2566 920 respondens
2602 853 2677 905 ait
2707 869 2721 904 :
2755 852 2890 904 Audi
2928 867 3032 916 me,
3060 852 3260 920 optime
3310 852 3479 920 impe-

267 948 368 1016 ἐμοὶ
406 947 500 1014 μὲν
546 946 834 1008 ἀπέδωκας
879 946 975 1014 τὴν
1019 948 1257 1014 εἰρήνην,
1308 946 1398 997 τὸν
1445 945 1501 997 δὲ
1547 946 1658 998 υἱὸν
1703 963 1802 1016 μου

1906 957 2073 1000 rator.
2126 946 2292 1008 Situ,
2322 960 2616 998 conservus
2673 961 2840 1008 tuens,
2887 946 2976 1013 qui
3029 959 3087 997 es
3135 946 3310 1006 hodie,
3352 959 3473 999 cras

264 1037 516 1106 παρῆλθες
542 1053 556 1096 ;
599 1037 712 1088 Οὐκ
743 1033 887 1097 οἶδας
916 1037 999 1087 ὅτι
1030 1035 1122 1087 καὶ
1144 1031 1298 1096 οὗτος
1341 1036 1455 1104 μετ’
1488 1033 1622 1104 ἐμοῦ
1653 1033 1805 1102 βασι-

1905 1051 2031 1089 vero
2068 1051 2170 1088 non
2203 1052 2280 1097 es,
2309 1051 2448 1102 aegre
2475 1035 2639 1088 tulisti
2690 1033 2936 1088 affectum
2970 1034 3291 1089 contumelia
3324 1046 3471 1088 tuum

264 1129 444 1191 λεύσει;
481 1127 592 1178 Καὶ
621 1129 649 1178 6
673 1127 1019 1196 Ἀμςριλόχιος
1045 1125 1359 1196 ἀποκριθεὶς
1382 1121 1534 1179 εἶπεν
1558 1142 1570 1154 ’
1607 1127 1804 1177 Ἀκου-

1907 1127 2070 1179 lilium
2118 1142 2132 1179 :
2195 1126 2404 1180 Deusne
2446 1126 2565 1179 ςαξιὶ
2614 1141 2717 1178 non
2757 1140 2897 1193 aegre
2932 1125 3092 1188 feret,
3128 1141 3249 1178 cum
3307 1125 3473 1180 Filius

264 1218 339 1269 σόν
362 1233 478 1285 μου,
505 1215 724 1284 βασιλεῦ
752 1214 1068 1282 ἀγαθώτατε
1089 1230 1102 1243 ο
1128 1216 1177 1266 εἰ
1205 1215 1290 1277 σὺ,
1318 1215 1346 1265 6
1367 1211 1648 1273 σύνδουλός
1679 1230 1800 1282 μου,

1904 1217 2018 1284 ejus
2042 1217 2360 1269 contumelia
2391 1214 2691 1268 alliciatur?
2715 1215 2911 1283 Aitqne
2942 1214 3270 1280 imperator:
3297 1215 3473 1269 Senex

260 1311 285 1360 6
305 1311 524 1378 σήμερον
555 1307 630 1359 ὢν
665 1307 758 1358 καὶ
783 1305 970 1376 αὔριον
1007 1305 1078 1375 μὴ
1110 1305 1390 1374 ὑπάρχων,
1421 1305 1803 1374 ἠγανάκτησας

1905 1305 2365 1374 impudentissime
2395 1314 2448 1358 et
2497 1307 2649 1358 canis
2696 1305 2798 1372 (τι),
2856 1321 2953 1358 cur
3002 1320 3143 1374 :egre
3193 1303 3366 1358 feret?
3404 1305 3474 1357 At

260 1397 593 1466 ὑϐριζομένου
619 1397 711 1449 τοῦ
750 1396 864 1449 υἱοῦ
912 1413 1025 1458 σου,
1070 1397 1097 1447 6
1121 1395 1177 1446 δὲ
1210 1394 1341 1456 Θεὸς
1374 1397 1401 1446 6
1428 1395 1676 1464 οὐράνιος
1705 1395 1803 1448 οὐκ

1902 1397 2306 1467 Amphilochius
2337 1414 2352 1450 :
2389 1396 2599 1466 Optime
2632 1397 2944 1465 imperator,
2973 1397 3118 1460 andi,
3153 1411 3302 1464 rogo,
3343 1409 3471 1463 pue-

259 1489 609 1556 ὰγανακτήσει
662 1485 1012 1556 ὑϐριζομένου
1059 1484 1152 1537 τοῦ
1206 1484 1338 1536 Υἱοῦ
1391 1485 1584 1546 αὑτοῦ;
1635 1485 1744 1537 Καὶ
1774 1486 1802 1536 6

1903 1504 2020 1542 rum
2069 1498 2215 1542 tuum
2249 1507 2262 1542 :
2296 1503 2458 1542 senex
2512 1488 2723 1555 quidem
2764 1503 2904 1552 sum,
2952 1497 3168 1555 propter
3214 1497 3469 1556 tempus:

259 1577 489 1646 βασιλεὺς
535 1577 670 1646 ἔφη·
727 1577 1095 1629 Ἀναιδέστατε
1142 1577 1321 1648 γέρων
1363 1577 1455 1629 καὶ
1500 1575 1682 1640 κύων,
1715 1576 1802 1629 διὰ

1904 1581 2188 1648 impudens
2214 1589 2414 1643 autem,
2447 1591 2664 1648 propter
2690 1579 2979 1632 insolentes
3009 1597 3024 1633 :
3049 1579 3196 1632 canis
3222 1578 3467 1645 denique,

258 1668 301 1720 τί
338 1670 733 1738 ἀγανακτήσει;
780 1668 888 1720 Καὶ
931 1670 958 1720 6
1012 1668 1356 1737 Ἀμφιλόχιος
1401 1667 1526 1734 ἔφη·
1572 1665 1799 1718 Βασιλεῦ
1833 1737 1849 1742 _

1904 1677 2042 1742 quod
2083 1685 2190 1726 tres
2221 1673 2457 1725 latrones
2479 1672 2686 1737 videns,
2720 1687 2911 1740 nempe
2941 1670 3285 1736 Eunomium,
3311 1670 3469 1723 Aria-

257 1759 577 1827 ἀγαθώτατε,
610 1759 837 1812 ἄκουσον
871 1759 961 1811 τοῦ
991 1759 1179 1821 παιδός
1207 1775 1298 1810 σου
1321 1773 1334 1786 °
1364 1758 1423 1810 τὸ
1457 1759 1554 1828 μὲν
1587 1760 1763 1828 γῆρας
1783 1799 1796 1823 ,
1833 1737 1848 1790 Ῑ

1907 1779 2031 1817 num
2089 1773 2140 1816 et
2202 1762 2590 1826 Macedonium,
2647 1763 2844 1816 latrare
2895 1778 2999 1815 non
3059 1763 3320 1815 desinam.
3366 1760 3470 1814 Eos

255 1850 328 1902 διὰ
353 1851 454 1902 τῶν
505 1851 748 1922 χρόνωνο
780 1853 814 1920 ἡ
848 1850 904 1902 δὲ
939 1851 1152 1904 ἀναιδέα
1173 1891 1186 1912 ,
1215 1850 1303 1903 διὰ
1340 1851 1464 1912 τοὺς
1500 1850 1797 1912 ἀτάκτους’

1906 1855 2161 1908 Dominus
2195 1853 2469 1907 exscindet
2495 1870 2558 1906 ex
2601 1852 2792 1921 pupnlo
2849 1852 2972 1915 isto,
2995 1853 3133 1920 quod
3187 1852 3301 1921 ejus
3333 1851 3469 1904 divi-

257 1940 380 1993 κύων
403 1942 478 2004 δὲ,
525 1943 612 1994 ὅτι
645 1943 790 2012 τρεῖς
813 1941 1013 2012 λῃστὰς
1047 1941 1287 2012 θεωρῶν,
1313 1942 1371 1993 ού
1403 1941 1645 2010 παύομαι
1676 1938 1804 1993 ὑλα-

1905 1948 2127 1999 nitatem
2163 1944 2442 1999 aliecerint
2490 1943 2836 1997 contumelia.
2873 1942 3168 2011 Imperator
3208 1951 3384 1996 autem
3416 1943 3471 1996 in

254 2031 404 2082 κτῶνο
434 2031 584 2099 λέγω
601 2031 665 2100 δὴ
702 2031 981 2100 Εὐνόμιον,
1021 2032 1076 2082 Ἀ
1089 2031 1296 2102 ρειανὸν
1322 2029 1415 2083 καὶ
1444 2030 1800 2084 Μακεδόνιον⁶

1903 2051 1960 2090 se
1987 2051 2256 2098 reversus,
2292 2036 2424 2088 dixit
2461 2052 2475 2087 ε
2510 2033 2648 2088 Vere
2685 2035 2892 2088 locutus
2924 2043 3004 2087 est
3045 2033 3144 2086 iste
3177 2048 3358 2090 senex.
3414 2031 3469 2087 Si

252 2119 331 2182 οὖς
352 2121 573 2190 ἐκκόψει
612 2121 814 2189 Κύριος
855 2123 919 2173 ἐκ
949 2121 1043 2173 τοῦ
1076 2120 1206 2174 λαοῦ
1236 2121 1446 2184 τούτου,
1475 2123 1556 2174 ὃτι
1588 2121 1803 2192 ἐνύϐρι-

1903 2129 2045 2182 enim
2075 2142 2172 2197 ego
2195 2142 2334 2196 aegre
2365 2126 2458 2178 tuli
2514 2127 2653 2194 quod
2686 2125 2822 2179 lilius
2868 2139 3018 2178 meus
3046 2125 3363 2179 contumelia
3395 2125 3475 2176 al-

252 2228 336 2262 σαν
362 2212 526 2265 αὑτοῦ
562 2211 660 2281 τὴν
708 2211 958 2282 θεότητα.
1006 2213 1115 2266 Καὶ
1159 2213 1187 2264 6
1229 2212 1479 2281 βασιλεὺς
1522 2215 1579 2266 ἐν
1628 2212 1804 2284 ἐαυτῷ

1906 2216 2160 2272 liceretur
2190 2233 2206 2271 :
2250 2217 2389 2270 Deus
2423 2216 2540 2270 ρωῐί
2575 2232 2676 2269 non
2705 2230 2843 2283 a’gre
2870 2214 3026 2277 feret,
3063 2230 3184 2269 cum
3214 2214 3330 2283 ejus
3381 2213 3472 2267 Fi-

248 2303 553 2373 γενόμενος,
591 2301 778 2357 εἷπενο
821 2303 1060 2374 Ἀληθῶς
1099 2304 1318 2374 εἴρηκεν
1349 2305 1377 2355 6
1411 2305 1586 2374 γέρων
1625 2299 1799 2368 οὗτος.

1903 2309 2011 2362 lius
2050 2307 2374 2362 contumelia
2405 2306 2701 2359 alliciatur?
2729 2307 2891 2361 Plane
2914 2306 3106 2373 pOtiori
3134 2305 3258 2375 jure
3291 2307 3475 2359 adver-

249 2395 304 2447 ΕΞ
328 2397 426 2468 γὰρ
449 2398 569 2465 ἐγὼ
611 2396 965 2467 ἠγανάκτησα
1005 2395 1360 2468 ὑϐριζομένου
1390 2398 1484 2451 τοῦ
1511 2396 1628 2450 υἱοῦ
1664 2416 1764 2470 μου
1785 2413 1798 2426 '

1903 2414 2020 2453 sum
2081 2414 2178 2453 nos
2210 2398 2610 2451 succcnsuerit.
2664 2398 2858 2464 Aitqne
2910 2397 3224 2459 astantibus,
3255 2404 3315 2448 ut
3356 2393 3473 2448 illos

249 2490 273 2538 6
295 2491 534 2558 οὐράνιος
571 2490 702 2553 Θεὸς
733 2491 831 2543 οὐκ
876 2491 1264 2560 ἀγανακτήσει,
1313 2489 1667 2560 ὑϐριζομένου
1705 2488 1800 2542 τοῦ

1912 2492 2128 2545 sedibus
2160 2491 2529 2544 deturbarent.
2573 2490 2892 2543 Assidehant
2921 2490 3063 2543 enim
3103 2498 3210 2542 tres
3247 2488 3320 2541 illi
3351 2504 3473 2556 per-

248 2575 361 2628 Υἱοῦ
394 2576 566 2630 αὐτοῦ
594 2594 608 2642 ;
637 2577 822 2647 Πολλῷ
855 2579 1050 2648 μᾶλλον
1075 2579 1441 2649 ἀγανακτήσει
1466 2579 1586 2631 καθ’
1621 2577 1800 2648 ἡμῶν.

1905 2583 2124 2638 ditionis
2167 2582 2431 2650 magistri.
2463 2581 2727 2636 Clamavit
2761 2592 2935 2634 autem
2965 2580 3189 2649 populus
3236 2580 3418 2653 dicens
3453 2595 3467 2632 :

247 2669 341 2720 Καὶ
367 2669 514 2738 λέγει
540 2672 573 2722 6
597 2670 849 2739 βασιλεὺς
887 2673 998 2732 τοῖς
1021 2669 1364 2736 παρεστῶσιν
1401 2669 1546 2738 αὐτῷ
1571 2685 1586 2700 ο
1615 2671 1802 2722 Κατα-

1903 2674 2090 2730 Gladio
2146 2674 2665 2729 animadvertautur.
2715 2675 2784 2726 At
2831 2674 3236 2742 Amphilochius
3285 2673 3469 2726 dixit:

247 2761 470 2814 σπάσατε
501 2762 701 2824 αὐτοὺς
733 2759 842 2812 ἀπὸ
879 2760 986 2812 τῶν
1015 2760 1216 2831 θρόνων
1252 2758 1452 2813 αὐτῶν.
1480 2755 1660 2812 *Ησαν
1694 2760 1802 2831 γὰρ

1904 2767 2129 2822 Domine
2159 2767 2476 2834 imperator,
2508 2781 2573 2820 ne
2605 2767 2705 2821 hoc
2729 2765 2954 2834 jusseris
2987 2766 3100 2819 ﬁeri
3131 2784 3145 2820 :
3187 2766 3278 2819 sed
3334 2779 3463 2832 rogo

243 2853 686 2923 παρακαθήμενοι
726 2854 774 2904 οἱ
808 2851 1117 2904 διδάσκαλοι
1140 2852 1240 2922 τῆς
1260 2851 1534 2916 ἀπωλείας
1555 2853 1605 2904 οἰ
1631 2853 1799 2922 τρεῖς.

1904 2869 2048 2912 tuam
2078 2861 2392 2927 potentiam,
2427 2869 2484 2913 ut
2522 2859 2889 2928 unusquisque
2928 2858 3196 2926 relegetur
3227 2858 3280 2910 in
3313 2871 3468 2910 suam

240 2943 340 2996 Καὶ
372 2946 400 2996 6
430 2947 611 3015 δῆμος
636 2945 886 3016 ἔκραζον,
928 2945 1175 3014 λέγοντες
1198 2963 1213 2976 ·
1265 2944 1399 3007 Τάς-
1424 2943 1666 3014 κεφαλάς
1708 2944 1804 2996 αὐ-

1905 2951 2156 3018 patriam.
2215 2949 2475 3020 Praecepit
2501 2967 2628 3006 vero
2667 2951 2960 3018 imperator
3007 2958 3064 3002 ut
3093 2950 3244 3004 ﬁeret
3279 2964 3469 3018 quem-

237 3037 336 3088 τῶν
361 3037 845 3107 άποτμηθήτωσαν
873 3037 1035 3106 ξίφει.
1077 3037 1135 3091 '0
1159 3037 1216 3090 δὲ
1253 3037 1596 3107 Ἀμφιλόχιος
1654 3033 1798 3088 εἶπεν
1827 3092 1828 3104 χ

1903 3045 2191 3098 admodum
2269 3055 2421 3114 pater
2468 3055 2651 3098 noster
2711 3043 3122 3112 Amphilochius
3188 3052 3468 3100 statuerat.

238 3129 395 3200 Κύριε
442 3128 693 3199 βασιλεῦ.
749 3131 822 3200 μὴ
871 3130 1132 3200 κελεύσῃς
1161 3128 1318 3182 τοῦτο
1355 3128 1623 3196 γενέσθαι,
1667 3127 1801 3180 ἀλλά

1906 3136 2074 3192 Porro
2117 3136 2340 3206 populus
2395 3137 2647 3191 clamavit
2673 3136 2861 3191 dicens
2891 3154 2905 3188 :
2936 3137 3146 3190 Abeant
3189 3138 3240 3190 in
3292 3137 3467 3206 ignem

237 3221 413 3291 δέομαί
450 3240 552 3276 σου
580 3221 676 3274 τοῦ
706 3222 958 3293 κράτους,
983 3221 1326 3294 ἐξορισθῆναι
1351 3223 1544 3283 αὐτοὺς
1573 3220 1803 3274 ἕκαστον

1902 3227 2259 3281 exteriorem.
2319 3226 2558 3294 Cumque
2581 3226 3080 3295 apprehendissent,
3101 3237 3156 3280 et
3185 3226 3472 3294 imposuis-

237 3315 289 3365 ἐν
315 3315 374 3384 τῇ
407 3315 514 3384 ἰδίᾳ
553 3314 793 3384 πατρίδι.
835 3315 944 3366 Καὶ
972 3313 1301 3383 προσέταξεν
1333 3315 1361 3364 ὁ
1399 3312 1676 3382 βασιλεὺς,
1712 3329 1805 3380 γε-

1901 3327 2020 3373 sent
2052 3318 2251 3388 plagas,
2297 3318 2572 3386 triumpho
2606 3318 3037 3386 circumegernnt
3073 3332 3168 3385 per
3199 3317 3468 3371 civitatem

239 3404 409 3458 νέσθαι
440 3405 634 3467 καθὼς
663 3404 848 3467 ἔταξεν
869 3405 897 3455 ὁ
923 3404 1101 3475 πατὴρ
1128 3405 1282 3474 ἡμῶν
1336 3405 1696 3474 Ἀμφιλόχιος.
1743 3405 1802 3457 '0

1901 3410 2138 3464 dicentes
2166 3429 2178 3463 :
2214 3409 2285 3464 Hi
2319 3408 2517 3465 Christi
2553 3411 2725 3464 hostes
2747 3421 2888 3474 sunt,
2913 3419 2960 3464 et
3001 3408 3421 3465 Christianorum
3449 3422 3470 3463 ε

234 3496 284 3550 δὲ
309 3497 474 3568 δῆμος
504 3497 745 3568 ἔκραζον
773 3496 948 3563 λέγων
971 3514 984 3528 ·
1016 3498 1110 3559 Εἰς
1135 3498 1196 3550 τὸ
1218 3496 1480 3568 ἐξώτερον
1510 3496 1618 3568 πῦρ
1647 3497 1806 3550 67:51-

1903 3499 2286 3569 impositosque
2313 3500 2363 3553 in
2393 3500 2698 3554 vehiculum
2725 3500 2829 3569 (b),
2863 3500 3185 3569 expulerunt
3224 3515 3342 3553 cum
3387 3499 3469 3553 di-

234 3591 482 3646 θέτωσαν.
544 3591 657 3644 Καὶ
698 3587 1108 3660 παραλαϐόντες
1157 3589 1389 3650 αὐτοὺς,
1449 3588 1543 3640 καὶ⁵
1589 3586 1804 3656 πληγὰς

1901 3588 2117 3656 scipu'is
2145 3590 2196 3642 in
2241 3604 2368 3643 suas
2397 3590 2633 3657 ipsorum
2667 3591 2990 3658 provincias.
3052 3590 3350 3657 Imperator
3377 3604 3473 3641 au-

231 3682 499 3745 ὲπιθέντες
524 3724 547 3746 ,
587 3681 989 3751 ἐθριάμϐευσαν
1023 3679 1396 3749 αὑτοὺςέν-ἰῇ
1441 3677 1592 3730 πόλει
1621 3677 1805 3745 λέγον-

1905 3688 2008 3733 tem
2038 3678 2376 3733 Theodosius
2431 3694 2645 3733 servum
2705 3681 2794 3733 Dei
2824 3679 3256 3748 Amphilochium
3325 3679 3468 3732 mul-

229 3791 338 3837 τεςο
370 3771 532 3827 Οἶδτοί
572 3776 711 3827 εἰσιν
749 3775 797 3825 οἱ
844 3772 1028 3843 ἐχθροὶ
1060 3771 1156 3824 τοῦ
1197 3771 1330 3824 Θεοῦ
1356 3813 1370 3836 ,
1400 3769 1493 3823 καὶ
1526 3768 1632 3822 τῶν
1671 3772 1802 3840 Χρι-

1905 3771 1972 3822 tis
2003 3773 2244 3836 pecuniis
2268 3772 2518 3825 donatum
2553 3772 2603 3824 in
2632 3772 2901 3839 propriam
2927 3766 3132 3825 dimisit
3153 3770 3463 3824 civitatem:

235 3867 449 3918 στιανῶν
470 3883 484 3895 ⁸
515 3867 617 3920 καὶ
655 3864 944 3927 ἐπιϐάντες
972 3864 1167 3926 αὐτοὺς
1199 3864 1279 3924 εἰς
1321 3861 1417 3933 τὴν
1462 3861 1800 3931 ἐπτάλωφον,

1902 3865 2324 3920 benedictionem
2362 3881 2483 3920 cum
2532 3875 2644 3919 toto
2683 3873 2872 3920 senatu
2902 3866 2968 3919 ab
3008 3879 3071 3918 eo
3129 3874 3466 3924 consecutus.

230 3954 504 4022 ὲξεδὶωξαν
537 3955 745 4017 αὐτοὺς
779 3954 918 4024 μετά
943 3954 1050 4006 τῶν
1083 3953 1341 4023 μαθητῶν
1391 3953 1568 4006 αὐτῶν
1598 3955 1676 4015 εἰς
1705 3953 1802 4016 τὰς

1903 3955 2168 4008 Similiter
2193 3955 2356 4008 etiam
2399 3953 2634 4023 episcOpi
2659 3970 2849 4007 omnes
2882 3954 3081 4008 reversi
3111 3964 3233 4008 sunt
3264 3955 3314 4007 in
3344 3969 3470 4006 suas

229 4045 397 4115 χώρας
426 4047 640 4099 αὐτῶν.
679 4045 780 4097 Τὸν
822 4045 879 4097 δὲ
912 4045 1096 4098 δοῦλον
1125 4045 1220 4097 τοῦ
1256 4045 1390 4099 Θεοῦ
1433 4047 1486 4097 Ἀ
1498 4045 1797 4116 μφιλόχιον,

1903 4046 2162 4099 civitates.
2190 4045 2326 4099 Cum
2355 4056 2530 4100 autem
2557 4046 2984 4115 Amphilochius,
3019 4056 3129 4101 tres
3168 4047 3236 4099 ab
3280 4046 3471 4100 itinere

227 4142 471 4205 χρήματα
515 4135 698 4189 πολλὰ
743 4136 867 4197 δοὺς
911 4135 1061 4206 αὐτῷ
1109 4139 1138 4190 6
1186 4136 1436 4206 βασιλεὺς
1487 4137 1803 4199 Θεοδόσιος..

1901 4153 2070 4191 annos
2097 4139 2166 4206 (c)
2200 4139 2251 4189 in
2295 4138 2430 4191 vivis
2474 4139 2691 4206 egisset,
2719 4149 2802 4192 est
2831 4147 2886 4192 et
2939 4139 3051 4206 ipse
3101 4138 3470 4205 peregrinatus

228 4226 482 4280 ἀπέλυσεν
542 4226 712 4281 αὑτὸν
761 4229 818 4279 ἐν
859 4230 922 4297 τῇ
968 4227 1072 4297 ἰδίᾳ
1124 4228 1297 4288 πόλει,
1339 4227 1650 4296 εύλογηθεὶς
1702 4227 1792 4279 ὑπ’

1906 4230 1973 4280 ad
2012 4228 2294 4281 Dominum
2326 4246 2342 4280 :
2377 4229 2682 4297 gloriﬁcans
2712 4229 2922 4282 Patrem
2959 4239 3011 4281 ct
3037 4228 3228 4281 Filium
3269 4239 3321 4281 et
3351 4227 3471 4296 Spi-

226 4318 399 4382 αὑτοῦ,
435 4321 534 4371 καὶ
563 4320 719 4370 πᾶσα
749 4321 781 4387 ἠ
819 4318 1135 4390 σύγκλητος.
1155 4319 1382 4389 Ὁμοίως
1413 4320 1506 4371 καὶ
1523 4319 1723 4381 πάντες
1743 4320 1791 4370 οἱ

1910 4318 2072 4372 ritum
2095 4331 2360 4385 sanctum,
2393 4336 2535 4373 nunc
2565 4330 2620 4374 et
2644 4335 2880 4388 semper,
2905 4329 2959 4372 et
2991 4319 3040 4370 in
3071 4319 3262 4372 srecula
3289 4333 3462 4371 sazcu-

228 4408 504 4463 ἐπίσκοποι
543 4409 794 4479 ἀπῆλθον
820 4411 898 4472 εἰς
924 4411 1021 4470 τάς
1043 4411 1220 4475 πόλεις
1244 4411 1438 4463 αὐτῶν.
1483 4411 1540 4463 Ὀ
1566 4411 1621 4463 δὲ
1668 4413 1794 4482 Ἀμ-

723 4412 794 4462 ὶον
820 4411 898 4472 εἰς
924 4411 1021 4470 τάς
1043 4411 1220 4475 πόλεις
1244 4411 1438 4463 αὐτῶν.
1483 4411 1540 4463 Ὀ
1566 4411 1621 4463 δὲ
1668 4413 1794 4482 Ἀμ-
1833 4407 1878 4462 D
1909 4411 2101 4464 lorum.
2124 4412 2314 4466 Amen.

228 4503 486 4570 φιλόχιος,
542 4503 690 4571 μετὰ
735 4502 796 4554 τὸ
840 4504 1106 4557 ἀπολῦσαι
1135 4505 1243 4556 ἀπὸ
1271 4505 1370 4572 τῆς
1412 4501 1563 4571 ὀδοῦ,
1611 4503 1804 4574 ἔζησεν
1841 4505 1936 4575 ἕτη
1964 4511 2036 4572 γ’,
2088 4504 2183 4556 καὶ
2236 4502 2377 4555 οὕτω
2423 4504 2559 4574 προς
2606 4502 2810 4576 Κύριον
2843 4503 3188 4573 ἐπεδήμησε·
3232 4500 3469 4566 δοξάζων

227 4593 305 4645 τὸν
347 4595 576 4665 Πατέρα
627 4597 722 4647 καὶ
764 4597 888 4649 Υἱὸν
932 4598 1025 4649 καὶ
1069 4597 1222 4666 ἆγιον
1271 4597 1522 4667 Πνεῦμα,
1569 4597 1663 4649 νῦν
1710 4607 1803 4650 και
1825 4599 1929 4662 ἀεὶ,
1960 4597 2056 4650 xal.
2088 4600 2166 4661 εὶς
2199 4598 2321 4658 τοὺς
2354 4596 2556 4659 αἰῶνας
2587 4596 2695 4649 τῶν
2721 4595 2949 4652 αἰώνων.
2998 4596 3184 4666 Ἀμήν.

285 4753 355 4821 (α)
394 4756 578 4808 Senex
622 4754 1068 4819 impudentissime
1116 4765 1162 4807 et
1207 4755 1370 4808 canis.
1415 4753 1788 4808 ’Δναιδέστατε
1898 4753 2088 4806 vitiosa
2143 4753 2384 4819 scriptio,
2436 4756 2677 4809 divinare
2728 4769 2829 4806 non
2889 4767 3191 4821 possumus.
3251 4750 3460 4805 Dicitur

226 4823 384 4892 γέρων
423 4828 522 4878 καὶ
563 4823 735 4877 κύων.
787 4823 1070 4876 Prom-cius
1104 4840 1260 4889 quam
1312 4840 1406 4889 pro
1449 4825 1791 4891 imperatoris

1899 4823 2065 4874 ltoma
2091 4823 2390 4892 ἑπτάλοιρος
2416 4827 2553 4892 apud
2569 4824 2916 4877 Plutarchum
2948 4824 2996 4875 in
3031 4821 3216 4875 Probl.
3237 4832 3465 4892 propter

228 4890 615 4962 moderatione,
652 4907 700 4945 et
735 4898 1035 4945 reverentia
1073 4897 1202 4946 tanti
1248 4896 1412 4948 senis.
1446 4890 1592 4946 Adde
1627 4893 1791 4947 fuisse
1903 4904 2103 4960 srptem
2141 4890 2340 4954 colles;
2375 4890 2467 4948 sed
2502 4895 2631 4947 nihil
2661 4899 2724 4946 ad
2759 4893 3111 4962 propositum.
3140 4922 3206 4931 --
3235 4891 3327 4952 Εἰς
3365 4890 3464 4962 τὴν

226 4958 610 5026 Theodosium,
645 4978 950 5029 quanquam
991 4965 1159 5013 virum
1191 4964 1582 5021 admirabilem,
1619 4980 1793 5030 prom-
1898 4958 2370 5032 ἑπτάλωφονειιίο
2408 4966 2555 5017 locus
2591 4958 2873 5031 Cangiunr
2903 4963 3039 5015 haud
3085 4963 3214 5029 l‘ugit
3263 4962 3312 5012 itt
3361 4958 3468 5026 At}.

229 5031 401 5092 ptioris
431 5035 552 5095 iraa,
586 5036 731 5101 ῳιυιι
756 5045 951 5100 pneter
981 5034 1178 5084 credent
1205 5032 1789 5096 Tln-SSalnnicensinm,
1899 5035 2056 5099 pend.
2118 5031 2182 5084 ad
2229 5031 2554 5086 Glossarium
2590 5033 2808 5087 Gru’cit.
2850 5048 2968 5100 pag.
3011 5033 3098 5094 75,
3144 5044 3346 5097 nosque
3385 5047 3468 5082 re-

225 5103 368 5170 ctiam
411 5104 622 5155 indicta
668 5106 732 5154 ah
779 5103 1065 5155 Ambrosio
1113 5104 1252 5153 Illius
1291 5107 1572 5156 measione
1609 5117 1788 5170 pmna,
1903 5104 2064 5154 mittit
2097 5104 2161 5153 ad
2196 5119 2346 5155 suam
2377 5102 2884 5170 Constantinopolim
2903 5101 3098 5154 Christ.
3131 5102 3226 5153 lib.
3266 5112 3462 5162 t,sect.

227 5169 402 5242 innmt.
437 5175 787 5224 Suzmnenns
821 5174 895 5222 ait
933 5182 1137 5224 tantum
1181 5174 1388 5242 jussnm
1433 5173 1578 5226 foras
1606 5181 1791 5226 cxtur-
1903 5187 2018 5233 vtu,
2051 5175 2257 5242 tametsi
2288 5175 2419 5225 nihil
2454 5177 2517 5226 ad
2553 5177 2690 5226 hunc
2725 5175 2898 5242 locum
2932 5172 3108 5223 l'aciat.

227 5236 325 5290 bart
360 5258 480 5292 cum
515 5242 870 5294 contumelia.
1181 5236 1197 5242 ⁷
1973 5246 2042 5308 (c)
2071 5241 2192 5293 Tres
2248 5244 2310 5294 ab
2346 5244 2528 5295 itinere
2575 5259 2766 5295 annos.
2809 5241 2996 5293 Plures
3027 5254 3194 5292 annos
3241 5237 3462 5298 vixisse.

286 5310 360 5381 (bl
385 5311 781 5381 Impositosque
809 5314 861 5362 in
891 5311 1201 5364 vehiculum.
1246 5311 1563 5374 Ἐπιϐάντες
1592 5312 1671 5374 εἰς
1694 5309 1790 5381 τὴν

1902 5307 2055 5363 docet
2087 5310 2348 5363 Barmtitls
2385 5326 2510 5364 ann.
2558 5312 2680 5372 594,
2715 5313 2805 5380 qui
2855 5321 3024 5378 potest
3050 5307 3293 5371 consuli;
3331 5319 3385 5359 ut
3411 5318 3464 5381 et

225 5374 558 5447 ἑπτάλωφον.
619 5374 729 5431 Non
765 5381 1050 5449 halmimus
1083 5398 1188 5449 quo
1220 5397 1336 5434 eam
1384 5399 1564 5435 vocem
1601 5374 1791 5434 melius
1903 5397 2020 5447 quae
2056 5383 2286 5434 dixitnus
2334 5381 2510 5434 initio.
2541 5382 2681 5434 Nihil
2731 5374 2937 5437 facilius
2969 5394 3125 5449 quam
3164 5389 3217 5432 ut
3249 5377 3464 5432 numeri

227 5450 566 5504 redderemus
609 5465 626 5503 :
659 5449 768 5502 ἀπὸ
792 5449 888 5502 τοῦ
918 5448 1134 5521 λωφᾷν·
1177 5450 1346 5506 Onere
1366 5454 1522 5506 levor.
1554 5451 1689 5505 Num
1720 5451 1792 5505 sit
1899 5460 2169 5504 mutentur
2204 5452 2333 5506 vitio
2371 5453 2719 5521 scriptorum.
