4030 6408
504 289 574 343 27
1775 288 2112 345 VETERUM
2148 289 2567 348 TESTIMONIA
3685 293 3754 348 ‘28

505 443 2016 473 =W_—_—_-
1815 451 2096 473 -———__

2106 451 3697 464 mum-.5.-

1341 464 3723 483 Ἢ.

1528 613 2020 692 VETERUM
2075 613 2718 692 TESTIMONIA

1401 837 1488 890 DE
1527 839 1586 894 S.
1629 837 2095 894 AMPHILOCHIO
2133 836 2474 894 ICONIENSI
2512 835 2856 892 EPISCOI’O.

2103 1125 2148 1184 l.

785 1219 841 1274 S.
875 1221 1139 1288 Basmus,
1170 1222 1261 1279 lib.
1292 1222 1369 1278 De
1394 1222 1595 1294 Spiritu
1623 1234 1830 1289 sancto,
1856 1242 1972 1296 cap.
1999 1227 2049 1293 1,
2087 1245 2206 1297 pag.
2242 1229 2291 1285 l.
2317 1240 2443 1281 tom.
2477 1228 2543 1280 ΙΙΙ
2571 1229 2760 1282 noviss.
2789 1228 2912 1282 edit.
2947 1227 3059 1281 BB.
3095 1227 3272 1282 Paris.
3309 1226 3465 1282 1750.

578 1333 890 1390 Collaudavi
923 1333 1080 1402 plane
1127 1335 1178 1388 in
1213 1334 1450 1388 moribus
1506 1336 1610 1388 tuis
1663 1335 1902 1390 discendi
1957 1347 2074 1390 stu-
2105 1344 2148 1400 Α

2259 1338 2529 1408 Ἐπῄνεσα
2568 1340 2628 1391 τὸ
2684 1337 2980 1408 φιλομαθές
3033 1356 3125 1392 σου
3183 1339 3276 1393 καὶ
3325 1339 3608 1408 φιλόπονον
3654 1339 3746 1392 τοῦ

505 1427 651 1480 dium
692 1434 852 1494 atque
883 1425 1237 1489 industriam;
1282 1440 1552 1494 supraque
1591 1426 1807 1480 modum
1844 1427 2078 1482 delecta-

2177 1429 2401 1500 τρόπου,
2437 1431 2530 1483 καὶ
2560 1431 2732 1500 ἥσθην
2765 1448 2830 1498 γε
2865 1431 3155 1502 ὑπερφυῶς
3186 1431 3264 1501 τῷ
3296 1431 3626 1501 ὲπιστατικῷ
3658 1433 3750 1484 καὶ

509 1528 593 1571 tus
613 1533 731 1572 sum
757 1527 857 1570 tua!
889 1519 1084 1572 mentis
1118 1517 1532 1586 perspicacitate
1565 1528 1729 1588 atque
1752 1519 2032 1588 prudentia
2057 1558 2073 1584 ,

2180 1522 2424 1591 νηταλίῳ
2451 1522 2551 1591 τῆς
2578 1521 2846 1586 διανοίας,
2877 1521 2942 1574 δι’
2985 1517 3053 1592 ἧς
3082 1522 3337 1591 οὐδεμίαν
3375 1521 3750 1591 ἀδιερεύνητον

505 1609 596 1676 qui
627 1607 907 1661 arbitreris
937 1607 1133 1660 nullam
1168 1621 1382 1673 vocem,
1421 1622 1484 1660 ex
1523 1608 1606 1661 his
1637 1623 1755 1677 qua:
1785 1610 2074 1663 secundum

2179 1614 2282 1667 οἴει
2333 1614 2528 1685 χρῆναι
2582 1613 3013 1684 καταλιμπάνειν
3063 1615 3279 1685 φωνὴν,
3320 1613 3427 1666 τῶν
3464 1615 3585 1666 ὅσαι
3625 1614 3750 1683 περί⁵

508 1711 882 1765 quemcunque
920 1697 1189 1750 sermonis
1223 1713 1376 1750 usum
1418 1699 1483 1751 de
1538 1698 1650 1752 Deo
1696 1700 2075 1766 praedicantur,

2181 1707 2317 1760 ει)εοῦ
2354 1707 2494 1760 κατὰ
2525 1708 2703 1758 πᾶσαν
2735 1705 2924 1776 χρείαν
2957 1704 3052 1757 τοῦ
3093 1705 3252 1772 λόγου
3288 1705 3678 1775 προφέρονται,
3708 1701 3752 1755 ὦ

507 1797 758 1854 oportere
799 1787 1153 1841 indiscussam
1207 1789 1543 1858 relinquere,
1595 1806 1629 1843 o
1677 1791 1898 1846 charum
1947 1791 2078 1845 mihi

2182 1793 2307 1864 φίλη
2339 1793 2570 1864 κεφαλὴ,
2599 1794 2691 1846 καὶ
2714 1793 3014 1864 τιμιωτάτη
3043 1810 3133 1864 μοι
3164 1793 3376 1858 πασῶν,
3401 1793 3593 1864 ἀδελφέ
3627 1793 3753 1864 ’Λμ-

509 1887 698 1944 caput,
741 1879 905 1932 frater
955 1879 1333 1949 Amphilochi,
1367 1895 1526 1949 quem
1569 1895 1668 1951 ego
1719 1896 1830 1951 pra:
1869 1883 2077 1938 cunctis
2185 1885 2412 1955 φιλόχιε.

509 1970 728 2023 maximi
761 1971 920 2024 facio.

1261 2088 1412 2154 locu,
1441 2089 1613 2156 Epist.
1637 2106 1932 2156 cuxxvnt,
1959 2106 2076 2160 qua:
2103 2099 2178 2143 est
2205 2086 2477 2141 Cauouica
2509 2084 2548 2151 1,
2575 2085 2725 2148 ibid.,
2751 2103 2870 2154 pag.
2903 2085 3028 2142 268.

583 2180 860 2248 Sapientis
892 2186 1226 2250 percontatio
1250 2226 1265 2248 ,
1304 2186 1465 2238 etiam
1511 2185 1730 2239 stultum
1779 2187 2074 2253 sapientem

2265 2175 2439 2249 Σὸφοῦ
2469 2178 2818 2251 ἐπερώτημα,
2853 2182 2946 2234 καὶ
2972 2181 3062 2233 τὸν
3095 2181 3320 2251 ἀνόητον
3348 2180 3590 2249 σοφίζει·
3619 2180 3755 2247 ὅπερ

509 2273 638 2328 facit
668 2295 681 2329 :
712 2276 851 2343 quod
886 2275 1040 2330 nobis
1088 2276 1181 2329 Dei
1211 2275 1383 2345 gratia
1421 2277 1614 2330 accidit
1642 2317 1657 2340 ,
1684 2277 1895 2343 quoties
1933 2277 2079 2329 labo-

2180 2273 2247 2342 τῇ
2283 2269 2377 2323 τοῦ
2425 2268 2560 2321 Θεοῦ
2595 2269 2776 2339 χάριτι
2814 2268 3096 2339 συμϐαίνει
3138 2272 3300 2340 ἡμῖν,
3330 2270 3520 2333 ὁσάκις
3559 2268 3624 2321 ἄν
3661 2284 3755 2320 σου

511 2366 667 2418 riosae
710 2375 813 2418 tuae
865 2367 1058 2420 animm
1104 2366 1310 2420 litteras
1359 2367 1672 2435 accipimus.
1710 2367 1876 2422 Nobis
1930 2369 2074 2421 enim

2181 2362 2463 2432 δεξώμεθα
2501 2361 2602 2431 τῆς
2630 2360 2918 2429 φιλοπόνου
2947 2361 3125 2430 ψυχῆς
3153 2362 3221 2414 τὰ
3252 2362 3558 2431 γράμματα
3583 2377 3595 2389 ·
3633 2361 3757 2411 ἐπι-

510 2454 641 2520 ipsis
672 2454 1088 2522 perspicaciores
1140 2457 1620 2526 prudentioresque
1662 2459 1730 2511 ab
1761 2459 1872 2527 ipsa
1907 2459 2080 2512 inter-

2186 2453 2570 2525 στατικώτερα
2601 2455 2708 2527 γὰρ
2753 2453 2960 2506 ἑαυτῶν
3009 2455 3101 2506 καὶ
3159 2453 3580 2523 ὲμφρονέστεροι
3611 2451 3759 2520 γινό-

511 2546 1136 2615 rogatione~reddimur;
1183 2562 1248 2601 ac
1295 2548 1460 2601 multa
1505 2548 1763 2603 discimus
1787 2589 1802 2613 ,
1832 2565 1954 2618 qua-
1984 2566 2080 2602 nc-

2190 2546 2328 2618 μεθα
2368 2545 2463 2597 ἀπ’
2493 2544 2663 2614 αὐτῆς
2693 2543 2792 2612 τῆς
2837 2545 3176 2614 ἐρωτήσεως,
3213 2543 3382 2595 πολλὰ
3410 2537 3483 2595 ὧν
3511 2543 3609 2595 οὐκ
3641 2544 3761 2594 ὲπι-

511 2637 846 2706 sciebamus;
873 2637 1039 2708 ﬁtque
1069 2638 1222 2694 nobis
1258 2639 1526 2705 doctrina,
1566 2640 1932 2710 responsionis
1966 2649 2082 2695 stu-

2195 2636 2443 2708 στάμεθα
2465 2677 2478 2699 ,
2509 2635 2888 2705 διδασκόμενοι
2907 2653 2920 2665 ⁸
2961 2636 3056 2687 καὶ
3081 2636 3290 2701 γίνεται
3317 2634 3474 2706 ἡμῶν
3511 2635 3762 2687 διδάσκα-

514 2727 683 2781 dium.
2191 2730 2300 2792 λος,
2331 2730 2364 2798 ἡ
2393 2729 2519 2798 περὶ
2548 2727 2608 2780 τὸ
2635 2726 3024 2798 ἀποκρίνεσθαι
3054 2727 3310 2796 μέριμνα.

1303 2839 1456 2903 locu,
1486 2839 1656 2909 Epist.
1679 2855 1860 2906 cxcux,
1886 2857 2002 2912 qua:
2029 2851 2102 2896 est
2131 2840 2396 2896 Canopica
2425 2839 2491 2902 Il,
2517 2839 2667 2900 ibid.,
2697 2856 2818 2906 pag.
2852 2838 2976 2894 ‘290.

585 2933 846 2988 Admirati
890 2951 1099 2997 sumus.
1151 2946 1261 2990 tum
1298 2937 1537 2991 discendi
1603 2947 1746 2990 tuam
1799 2937 1944 2990 illam
2003 2953 2093 2990 cu-
2128 2946 2165 2999 Β

2285 2935 2706 3005 Ἐθαυμὰσαμέν
2740 2952 2832 2987 σου
2860 2934 2958 3004 τὴν
2992 2933 3345 3003 φιλομάθειαν
3375 2931 3508 3002 ὁμοῦ
3536 2931 3630 2984 καὶ
3666 2931 3766 2999 τὴν

512 3024 824 3095 piditatem,
859 3035 970 3080 tum
1028 3029 1416 3095 humilitatem;
1471 3031 1611 3095 quod
1655 3029 1787 3083 velis
1833 3030 2081 3092 discere,

2192 3025 2696 3097 ταπεινοφροσύνην
2719 3042 2731 3054 ·
2763 3027 2845 3078 ὅτι
2879 3026 2970 3079 καὶ
3005 3024 3192 3094 μαθεῖν
3231 3023 3502 3092 καταδέχῃ
3545 3021 3644 3092 τὴν
3671 3020 3766 3073 τοῦ

515 3116 602 3170 cui
637 3117 707 3172 sit
737 3117 1142 3173 crcditusiocus
1190 3121 1447 3187 docendi;
1489 3121 1647 3190 idque
1675 3135 1707 3174 a
1747 3120 1932 3185 nobis,
1963 3122 2082 3190 qui-

2187 3117 2458 3170 διδὰσκειν
2495 3117 2644 3182 τάξιν
2675 3115 3135 3185 πεπιστευμένος,
3168 3116 3262 3167 καὶ
3307 3114 3598 3184 μανθάνειν
3635 3114 3769 3184 παρ’

518 3205 617 3260 bus
648 3206 780 3260 nihil
813 3209 986 3278 magni
1021 3209 1086 3262 ad
1112 3209 1389 3263 scientiam
1415 3211 1588 3264 adest.

2186 3208 2364 3280 ἡμῶν,
2397 3203 2477 3271 οἷς
2511 3209 2662 3262 οὐδὲν
2699 3210 2840 3280 μέγα
2873 3208 3128 3278 πρόσεστι
3160 3206 3296 3277 πρὸς
3325 3205 3551 3274 γνῶσιν.

2101 3323 2184 3386 ΙΙ.
3262 3371 3269 3382 .

520 3417 578 3472 S.
617 3416 924 3474 Gnecontcs
945 3418 1334 3486 NAZIANZENUS,
1369 3421 1420 3474 in
1448 3421 1779 3478 Paraenetico
1813 3423 1878 3476 ad
1907 3421 2272 3494 Olympiadem
2308 3426 2591 3495 virginem,
2613 3441 2750 3479 vers.
2783 3423 3040 3487 190-104,
3075 3422 3211 3488 Opp.
3242 3432 3367 3475 tom.
3398 3421 3460 3482 ll,
3488 3436 3608 3488 pag.
3642 3415 3764 3470 134.-

518 3513 566 3586 _A_
599 3522 751 3586 patre
783 3522 1082 3586 susceptam
1117 3529 1233 3586 quae
1261 3524 1311 3567 te
1341 3513 1592 3586 formavit
1623 3513 1864 3586 honestis
1907 3583 1917 3586 _

2199 3515 2273 3586 Ἥ
2306 3516 2354 3567 σ’
2382 3519 2446 3568 ὲκ
2479 3516 2684 3586 πατρὸς
2724 3515 2938 3586 ἔδεκτο,
2979 3514 3072 3566 καὶ
3101 3511 3518 3586 ἔπλασενὲἧθεσι
3542 3508 3767 3569 κεδνοῖέ,

520 3579 777 3656 biuribtts,
803 3579 1153 3656 Amphilochi
1188 3599 1356 3656 soror
1385 3585 1529 3656 muni
1569 3583 1950 3656 lahe_carentis
1969 3623 1984 3647 ,

1839 3583 1950 3637 rutis
1969 3623 1984 3647 ,
2197 3579 2642 3656 Αύτοκασιγνήτη
2684 3586 2802 3656 μέγ’
2831 3585 3110 3656 ἀμύμονος
3140 3579 3430 3656 ᾁρχιερῆος

518 3651 690 3726 Quem
719 3651 867 3707 ccelis
895 3647 1012 3726 misi
1048 3651 1274 3726 Domino
1301 3669 1422 3726 cum
1447 3654 1657 3726 virgine
1677 3653 1873 3706 Thecla
1897 3690 1914 3714 .

2210 3647 2572 3726 Ἀμφιλόχου,’
2603 3647 2696 3708 τὸν
2724 3647 3332 3726 ἐπεμῷα’6εῷ.ῃθέκλῂ
3359 3647 3434 3726 ’γε
3475 3649 3571 3702 σὺν
3609 3647 3771 3716 ἁγνῇ,

525 3719 827 3776 Praeconem
862 3723 971 3776 veri
1006 3723 1296 3789 celebrem,
1327 3724 1457 3776 mihi
1485 3719 1638 3777 dulce
1668 3728 1956 3793 decusque.

1848 3739 1956 3793 Ille-
2198 3719 2475 3794 ’Ἄγγελον
2501 3726 2759 3798 ἀτρεκίης
2789 3719 3040 3797 ἐριηχέα,
3071 3719 3229 3785 κῦδος
3269 3719 3439 3791 ἐμεῖο.

2104 3821 2211 3880 III.

617 3917 677 3972 S.
708 3915 1076 3982 HIBRONYHUS,
1106 3919 1271 3987 Epist.
1301 3935 1427 3983 LXX,
1457 3919 1529 3973 al.
1554 3936 1776 3983 Lxxxtv,
1803 3921 1872 3973 ad
1903 3920 2158 3988 Magnum
2185 3934 2468 3986 oratorem,
2503 3922 2530 3994 §
2558 3924 2611 3990 4,
2633 3921 2768 3992 Opp.
2803 3932 2930 3976 tom.
2960 3923 3000 3984 I,
3024 3933 3145 3990 pag.‘
3174 3917 3301 3981 427,
3331 3919 3460 3972 edit.
3487 3911 3678 3968 Veron.

591 4031 822 4086 Exstant
849 4033 970 4087 libri
1001 4051 1015 4087 :
1055 4032 1534 4103 Cappadocumque
1585 4034 1804 4098 Basilii,
1830 4033 2073 4103 Gregorii
2105 4044 2160 4091 et
2197 4037 2578 4104 Amphilochii,
2601 4037 2691 4107 qui
2737 4052 2926 4091 omnes
2967 4037 3020 4090 in
3063 4045 3269 4088 tantum
3319 4031 3763 4100 philosotihorum

523 4125 780 4179 doctrinis
823 4133 987 4196 atque
1019 4127 1300 4181 sententiis
1363 4142 1488 4181 suos
1516 4125 1808 4180 refarciunt
1841 4127 2040 4193 libros,
2072 4138 2130 4181 ut
2167 4132 2377 4184 nescias
2423 4132 2550 4199 quid
2586 4132 2637 4186 in
2673 4131 2777 4187 illis
2827 4133 3054 4200 primum
3093 4128 3349 4184 admirari
3394 4127 3612 4187 debeas,
3644 4138 3768 4177 eru-

523 4221 778 4276 ditionem
803 4223 1006 4288 saaculi,
1038 4239 1105 4277 an
1145 4222 1426 4277 scientiam
1459 4221 1882 4290 Scripturarum.

1549 4336 1697 4401 IDEM,
1732 4336 1822 4389 lib.
1853 4334 1926 4387 De
1957 4334 2071 4390 Vir.
2114 4335 2330 4401 illustr.,
2366 4335 2480 4404 cap.
2513 4351 2738 4390 cxxxttt.

595 4427 1002 4500 Amphilochius
1072 4428 1233 4483 Ironii
1293 4429 1610 4497 episc0pus,
1664 4445 1831 4498 nuper
1892 4429 2020 4483 mihi
2073 4430 2264 4484 librum
2323 4428 2451 4498 legit
2491 4428 2566 4482 De
2612 4427 2810 4496 Spiritu
2881 4440 3082 4492 sancto,
3143 4427 3284 4498 quod
3338 4426 3476 4481 Deus
3522 4433 3576 4479 et
3629 4429 3768 4492 quod

524 4525 856 4590 adorandus,
883 4526 1131 4595 quodque
1163 4536 1218 4578 et
1250 4526 1586 4594 omnipotens
1614 4525 1704 4580 sit.

2110 4641 2212 4700 IV.

1535 4743 1931 4808 Tneonom'rus,
1966 4741 2099 4798 Hist.
2132 4742 2291 4804 eccl.,
2320 4743 2409 4796 lib.
2435 4755 2508 4806 ιν,
2535 4757 2650 4801 cap.
2685 4739 2773 4793 Η.

596 4835 770 4891 Simili
799 4836 956 4890 modo
985 4833 1397 4902 Amphilochius
1422 4833 1511 4888 ille
1539 4835 1920 4890 celeberrimus
1943 4873 1960 4900 ,
1999 4833 2088 4901 qui
2119 4839 2162 4895 (ζ

2277 4831 2551 4893 Ὡσαύτως
2589 4829 2645 4882 δὲ
2680 4830 2774 4881 καὶ
2807 4830 2835 4881 ὁ
2875 4825 3227 4896 πανεύφημος
3267 4826 3635 4896 ’Λμφιλόχιος,
3680 4824 3781 4896 τὴν

525 4927 869 4996 metropolim
907 4927 1188 4996 Lycaonia:
1219 4925 1474 4995 pastorali
1507 4940 1635 4980 cura
1664 4925 1950 4994 regendam
1974 4938 2098 4977 sus-

2210 4923 2501 4976 Λυκαόνων
2556 4919 2888 4992 μητρόπολιν
2935 4919 3116 4988 νέμειν
3171 4919 3630 4986 πεπιστευμένος,
3689 4918 3785 4971 καὶ

525 5028 780 5088 ceperat,
803 5027 860 5074 et
883 5019 1188 5073 universam
1217 5017 1544 5085 provinciam
1573 5016 1908 5086 gubernabat
1937 5054 1953 5079 ,
1977 5030 2097 5069 cum

2208 5013 2354 5066 ἅπαν
2385 5011 2578 5063 ἰθύνων
2606 5010 2668 5062 τὸ
2714 5009 2886 5071 ἔθνος,
2925 5007 3305 5077 ὲπισκήψασαν
3332 5008 3524 5059 αὐτόσε
3557 5006 3654 5076 τὴν
3690 5005 3782 5057 λύ-

525 5111 668 5166 hunc
699 5119 908 5176 pestem
946 5109 1070 5162 illuc
1092 5107 1391 5176 pervasisse
1426 5107 1720 5172 didicisset,
1759 5121 1946 5160 rursus
1981 5120 2099 5160 eam

2213 5122 2322 5174 μην
2363 5104 2566 5172 ταύτην
2611 5101 2794 5172 μαθὼν
2815 5144 2829 5166 ,
2859 5099 3182 5168 ἐξανέστησε
3235 5099 3393 5152 πάλιν
3416 5143 3428 5155 .
3459 5101 3553 5152 καὶ
3591 5099 3656 5151 τὰ
3690 5099 3783 5151 ὑπ’

525 5202 766 5272 depulit,
807 5211 862 5260 et
891 5215 1103 5272 gregem
1137 5201 1238 5257 sibi
1265 5201 1610 5256 commissum
1645 5215 1707 5254 ea
1749 5199 1867 5254 labe
1907 5199 2102 5252 libera-

2209 5195 2371 5250 αὐτοῦ
2411 5195 2683 5265 νεμόμενα
2709 5195 2807 5263 τῆς
2841 5192 3022 5262 λώὸης
3047 5191 3260 5262 ἐκείνης
3292 5190 3632 5261 ἠλευθέρωσε
3662 5188 3787 5242 ποί-

527 5297 625 5350 vit.

2205 5304 2352 5358 μνια.

1899 5399 2054 5467 IDEM,
2079 5398 2233 5462 ibid.,
2264 5415 2378 5461 cap.
2407 5396 2492 5450 50.

606 5497 666 5552 In
701 5497 898 5553 Pisidia
921 5497 1191 5567 Optimus,
1221 5505 1276 5551 et
1299 5493 1702 5564 Amphilochius
1730 5493 1780 5546 in
1809 5491 2100 5562 Lycaonia,

2293 5488 2381 5538 Ἐν
2439 5485 2652 5555 Πισιδίιξ⁸
2705 5487 2996 5552 Ὀπτιμος,
3040 5482 3135 5535 καὶ
3189 5480 3532 5552 ’Δμφιλόχιος
3576 5479 3633 5531 ὲν
3679 5478 3793 5531 Λυ-

531 5605 633 5666 pro
667 5591 770 5644 [ide
804 5607 833 5644 a
870 5589 1164 5659 majoribus
1197 5589 1389 5642 tradita
1423 5587 1634 5640 fortiter
1677 5593 2098 5656 propugnantes,

2218 5579 2410 5648 καονίᾳ
2431 5619 2444 5639 .
2479 5575 2736 5644 γενναίως
2770 5575 2909 5645 ὑπὲρ
2942 5575 3041 5643 τῆς
3073 5573 3401 5644 προγονικῆς
3443 5570 3789 5640 παραταττό·

539 5658 972 5739 ndversariorum
1003 5680 1232 5750 impetus
1261 5675 1636 5734 rctundcbuut.

2214 5685 2363 5740 μενοι
2393 5667 2648 5732 πίστεως,
2676 5665 2772 5730 τὰς
2802 5663 3049 5727 ἐναντίας
3074 5661 3437 5732 ἀπεκρούοντο
3462 5658 3787 5728 προσϐολάς.
