4030 6408
314 354 381 411 9.3
1604 330 1795 427 ott's.
1830 370 1865 423 ι

1965 371 2323 431 W0.
3468 384 3561 457 ω’

1570 478 1718 546 lusit,
1745 482 1896 550 ibid.,
1918 483 2009 539 lib.
2043 501 2095 551 v,
2132 505 2247 543 can.
2282 490 2335 549 8.

378 580 557 637 Ἦσαν
584 585 642 639 δὲ
668 586 861 658 ἄνδρες
888 589 1223 657 ἀειάγαστοι,
1258 594 1352 647 καὶ
1378 594 1540 665 ζήλου
1570 598 1664 650 καὶ
1692 600 1865 668 σοφίας

2060 601 2232 659 Erant
2258 616 2437 662 autem
2472 609 2571 664 viri
2605 611 2950 669 admirabiles
2978 654 2995 677 .
3024 624 3080 671 et
3120 618 3236 674 zelo
3274 620 3453 677 divino
3486 642 3543 683 at

310 675 593 731 ἀνάπλεοι·
639 679 984 750 Ἀμφιλόχιος
1015 682 1324 749 Λυκαόνων,
1360 702 1415 738 κ.
1455 702 1506 737 τ.
1552 686 1601 739 λ.

1984 693 2247 761 sapientia
2275 697 2529 766 singulari
2558 702 2763 769 praediti
2789 719 2805 758 :
2829 706 3397 781 AmphilochiusLyca
3413 717 3543 769 onis

1981 786 2206 839 antistes
2238 799 2342 842 etc.

1611 861 1763 925 Inest,
1790 864 1939 933 ibid.,
1969 886 2084 941 cap.
2111 875 2197 930 16.

376 948 531 1002 Μετὰ
553 948 610 1000 δὲ
638 949 736 1019 τὴν
764 949 971 1003 ἐκεῖθεν
992 951 1269 1018 ἐπάνοδον,
1299 954 1523 1023 ἀφίκετο
1555 956 1653 1026 μὲν
1691 957 1876 1029 ’Δμφι-

306 1040 483 1107 λόχιος
509 1042 539 1092 6
572 1040 901 1110 θαυμάσιος,
934 1037 995 1096 οὗ
1030 1043 1293 1108 πολλάκις
1334 1048 1629 1117 ἐμνήσθην,
1664 1051 1876 1103 ἀντιϐο-

302 1126 415 1178 λῶν
448 1128 716 1205 τοὺςὶτῶν
760 1131 1052 1201 Ἀρειανῶν
1085 1134 1148 1185 ἐκ
1172 1133 1281 1187 τῶν
1322 1136 1529 1190 πόλεων
1556 1138 1875 1211 ἐξελαθῆναι

303 1217 619 1285 συλλόγους.
687 1220 747 1273 '0
782 1221 838 1273 δὲ
877 1222 1126 1289 βασιλεὺς
1175 1228 1551 1300 ἀπηνεστέραν
1593 1232 1875 1287 ὑπολαϐὼν

297 1308 401 1377 τὴν
436 1309 685 1379 αἴτησιν,
719 1312 818 1365 οὐκ
858 1313 1093 1377 ἐδέξατο.
1138 1317 1195 1368 '0
1226 1318 1283 1370 δὲ
1318 1318 1625 1387 σοφώτατος
1684 1324 1875 1394 Ἀμφι-

298 1399 479 1468 λόχιος
504 1404 819 1473 παραυτίκα
853 1408 1101 1475 σιγήσας,
1136 1410 1353 1479 μνήμης
1378 1412 1531 1475 ἀξίαν
1557 1415 1741 1486 ἐξεῦρε
1772 1435 1875 1487 μη-

294 1495 491 1563 χανήν.
544 1494 689 1547 Εῖσω
729 1496 837 1565 γάρ
883 1493 1037 1559 αὖθις
1081 1498 1188 1549 τῶν
1224 1499 1508 1569 βασιλείων
1561 1506 1870 1576 γενόμενος,

295 1584 398 1635 καὶ
422 1585 752 1653 παρεστῶτα
773 1585 850 1655 τῷ
878 1586 1084 1655 βασιλεῖ
1106 1589 1197 1641 τὸν
1221 1591 1335 1643 υἱὸν
1375 1592 1654 1664 Ἀρκάδιον
1682 1596 1874 1651 θεασά-

295 1692 463 1744 μενος
503 1678 717 1743 (νεωστὶ
742 1678 797 1729 δὲ
826 1670 977 1743 οὗτος
1002 1682 1407 1753 κεχειροτόνητο
1444 1684 1737 1757 βασιλεὺς),
1774 1693 1871 1744 αὐ-

290 1768 388 1819 τὸν
432 1768 533 1836 μὲν
567 1770 850 1837 ἠσπάσατο
883 1773 1123 1842 συνήθως
1162 1775 1251 1827 τὸν
1284 1776 1530 1845 βασιλέα,
1568 1782 1870 1853 ἀγέραστον

290 1863 350 1915 δὲ
387 1863 647 1916 κατέλιπε
671 1864 761 1916 τὸν
788 1866 919 1921 υἱόν,
937 1868 993 1918 '0
1017 1867 1073 1919 δὲ
1097 1867 1367 1937 βασιλεὺς,
1406 1872 1760 1946 ὲπιλησθῆναι
1787 1894 1871 1929 vo.

294 1953 464 2022 μξσας
479 1952 569 2005 τὸν
605 1954 969 2024 Ἀμφιλόχιον,
1000 1958 1315 2028 προσελθεῖν
1339 1962 1429 2014 καὶ
1455 1963 1675 2033 φιλῆσαι
1709 1984 1871 2038 προσ-

288 2043 450 2108 ἑταξε
481 2043 574 2096 τὸν
602 2044 741 2097 υἱόν.
782 2045 843 2097 Ὀ
866 2046 922 2099 δὲ
948 2048 1254 2120 ἀποχρῆναι
1284 2051 1385 2122 ἔφη
1418 2054 1516 2123 τὴν
1541 2056 1688 2127 αὐτῷ
1740 2058 1868 2129 παρ’

285 2133 461 2189 αὑτοῦ
494 2137 949 2206 προσενεχθεῖσαν
989 2143 1173 2210 τιμήν.
1219 2142 1275 2194 'U
1308 2143 1362 2195 δὲ
1396 2144 1745 2215 δυσχεράνας,
1788 2151 1868 2202 ol-

2048 969 2171 1026 Post
2200 974 2531 1048 (Theodosii)
2557 979 2700 1049 illinc
2730 982 2980 1049 reditum,
3005 986 3411 1057 Amphilochius
3450 988 3545 1042 ille

1976 1060 2304 1119 admirabilis
2335 1065 2487 1133 cujus
2514 1071 2704 1137 saepius
2732 1086 2763 1125 a
2791 1088 2876 1128 me
2900 1072 3011 1140 jam
3040 1075 3175 1130 facta
3204 1087 3284 1130 est
3310 1081 3535 1144 mentio,

1979 1153 2212 1207 accessit
2240 1167 2491 1212 oraturus
2520 1159 2917 1227 imperatorem,
2951 1165 3025 1217 uti
3050 1182 3113 1219 ex
3145 1170 3363 1222 urbibus
3379 1170 3537 1223 Aria-

1977 1257 2163 1295 norum
2211 1260 2505 1303 conventus
2532 1249 2728 1317 ejiciat.
2756 1255 2823 1305 At
2869 1256 3181 1323 imperator.
3225 1260 3537 1327 postulatio-

1977 1347 2097 1387 nem
2134 1334 2275 1388 illam
2302 1337 2459 1392 nimis
2482 1354 2726 1394 severam
2754 1352 2806 1395 et
2832 1344 3176 1399 inhumanam
3203 1348 3494 1403 arbitratus
3515 1392 3532 1416 ,

1976 1424 2168 1491 rejicit.
2231 1425 2669 1496 Sapientissimus
2707 1434 2870 1501 igitur
2917 1437 3326 1505 Amphilochius
3366 1456 3422 1496 re
3467 1444 3531 1496 ad

1978 1526 2185 1584 tempus
2211 1521 2371 1573 tacita
2395 1560 2409 1584 ,
2450 1522 2607 1575 aliam
2646 1525 2906 1580 rationem
2950 1530 3015 1581 ad
3065 1530 3116 1583 id
3150 1534 3290 1600 quod
3326 1534 3536 1588 volebat

1973 1608 2319 1663 obtinendum
2341 1651 2355 1675 ,
2389 1628 2613 1681 eamque
2648 1614 2801 1682 plane
2836 1622 3238 1675 memorabilem
3267 1625 3536 1691 exe0gita-

1974 1699 2069 1751 \‘it.
2107 1700 2381 1769 Ingressus
2412 1706 2555 1757 enim
2589 1707 2760 1760 denuo
2794 1709 2844 1760 in
2885 1711 3162 1778 palatium,
3186 1729 3306 1766 eum
3332 1715 3535 1767 videret

1973 1798 2235 1842 astantem
2315 1793 2623 1861 imperatori
2675 1798 2839 1851 ﬁlium
2886 1817 3040 1854 suum
3080 1804 3408 1868 Arcadium,
3443 1808 3532 1874 qui

1974 1894 2139 1946 nuper
2180 1881 2449 1948 Augustus
2497 1888 2829 1942 renuntiatus
2863 1888 3058 1957 fuerat,
3096 1894 3264 1960 ipsum
3298 1896 3535 1964 impera-

1974 1977 2141 2021 torem
2162 1970 2515 2027 Theodosium
2543 1976 2700 2029 solito
2726 1994 2870 2034 more
2887 1983 3134 2037 salutavit
3162 1986 3250 2038 ille
3277 1989 3514 2055 quidem,

1971 2062 2061 2112 sed
2094 2060 2256 2112 ﬁlium
2289 2064 2403 2117 sine
2425 2066 2628 2120 honore
2654 2069 2875 2123 dimisit.
2904 2071 3193 2139 Imperator
3222 2089 3420 2143 autem,
3446 2094 3532 2130 ra-

1973 2159 2057 2205 tus
2087 2154 2516 2221 Amphilochium
2561 2159 2784 2213 oblitum
2831 2162 2989 2217 ollicii
3016 2206 3030 2226 ,
3073 2166 3224 2234 jubet
3269 2171 3336 2221 ad
3367 2171 3532 2223 lilium

287 2226 448 2279 κείαν
508 2226 693 2280 ἐκάλει
747 2229 1033 2298 παροινίαν
1077 2229 1177 2300 τὴν
1226 2231 1318 2284 τοῦ
1380 2235 1567 2297 παιδὸς
1623 2238 1864 2307 ἀτιμίαν.

1970 2247 2257 2312 accedere,
2297 2264 2525 2316 eumque
2563 2252 2817 2307 osculari.
2874 2257 2942 2310 At
2994 2259 3403 2329 Amphilochius
3450 2280 3534 2315 re-

284 2317 611 2387 Τηνικαῦτα
657 2318 841 2371 λοιπὸν
882 2321 909 2372 6
951 2318 1256 2388 σοφώτατος
1313 2324 1654 2395 Ἀμφιλόχιος
1700 2332 1866 2384 ἐκκα-

284 2406 482 2461 λύπτει
515 2408 607 2461 τὸν
640 2410 731 2461 τοῦ
759 2411 1125 2481 γεγενημένου
1162 2414 1385 2475 σκοπὸν,
1421 2417 1515 2467 καὶ
1553 2416 1690 2486 βοῶν
1722 2420 1821 2490 ἔφη
1848 2438 1863 2451 ο

298 2498 483 2569 Ὁρᾷς,
500 2493 544 2550 ὦ
568 2499 807 2569 βασιλεῦ,
835 2502 982 2563 ὅπως
1008 2503 1067 2553 οὐ
1089 2502 1269 2573 φέρεις
1295 2505 1394 2574 τὴν
1418 2506 1511 2558 τοῦ
1538 2510 1725 2573 παιδὸς
1750 2512 1867 2563 ἀτι-

287 2589 450 2659 μίαν,
484 2590 621 2642 άλλά
664 2593 778 2654 τοῖς
812 2593 889 2655 είς
924 2590 1110 2644 τοῦτον
1162 2595 1477 2665 παροινοῦσι
1523 2597 1865 2667 χαλεπαίνεις

284 2681 536 2751 πικρῶςς
580 2682 873 2735 Πίστευσον
903 2682 964 2754 δὴ
999 2679 1113 2749 οὖν,
1149 2687 1239 2738 καὶ
1273 2687 1378 2739 τῶν
1404 2689 1541 2741 ὅλων
1578 2691 1709 2743 Θεὸν
1743 2695 1867 2757 τοὺς

284 2774 382 2826 τον
410 2774 538 2826 Υἱὸν
567 2774 733 2826 αὐτοῦ
760 2775 849 2827 τὸν
887 2776 1146 2847 μονογενῆ
1182 2777 1630 2850 βλασφημοῦντας
1649 2784 1864 2853 βδελύτοο

281 2866 497 2926 τεσθαι,
549 2867 647 2918 καὶ
698 2867 773 2929 ὡς
827 2867 1151 2937 ἀχαρίστους
1183 2871 1315 2940 ,περὶ
1365 2871 1455 2924 τὸν
1502 2874 1726 2945 Σωτῆρα
1771 2877 1865 2929 καὶ

282 2956 588 3026 εὐεργέτην
617 2957 1013 3027 γεγενημένους
1054 2962 1248 3028 μισεῖν.
1293 2960 1447 3015 Οὕτω
1491 2965 1666 3028 συνεὶς
1700 2968 1729 3017 ὁ
1763 2966 1861 3035 βα-

284 3046 496 3109 σιλεὺς,
524 3048 620 3100 καὶ
648 3048 717 3101 τά
746 3065 805 3101 τε
840 3052 1225 3121 πεπραγμένα,
1248 3054 1318 3106 τά
1343 3072 1401 3106 τε
1441 3058 1703 3128 εἰρημένα
1732 3059 1860 3112 θαυ·

285 3139 496 3208 μάσας,
526 3139 689 3208 νόμον
718 3140 880 3205 εὐθὺς
904 3141 1108 3213 ἔγραψε
1128 3145 1253 3207 τοὺς
1278 3145 1385 3199 τῶν
1421 3150 1710 3219 αἱρετικῶν
1744 3153 1861 3209 συλ-

281 3231 481 3297 λόγους
518 3231 816 3290 κωλύοντα.

1969 2339 2181 2403 spondit
2208 2355 2221 2390 :
2256 2337 2397 2395 Satis
2425 2356 2544 2395 esse
2580 2346 2719 2411 quod
2755 2347 2805 2399 ei
2835 2347 3094 2402 honorem
3123 2352 3390 2408 habuerit.
3422 2354 3529 2407 Ita-

1967 2443 2072 2495 que
2135 2428 2175 2481 Τ
2183 2430 2466 2486 heodosius
2523 2449 2632 2488 rem
2674 2435 2863 2491 acerbe
2918 2448 2973 2491 et
3028 2444 3265 2519 graviter
3312 2443 3532 2510 ferens,

1967 2521 2221 2589 probrqu
2259 2522 2365 2574 tilio
2404 2522 2672 2591 objectutn
2705 2525 2913 2592 injuriae
2954 2526 3071 2581 loco
3102 2530 3202 2582 sibi
3237 2532 3334 2599 ipsi
3368 2535 3531 2589 illatae

1968 2613 2288 2665 numeravit.
2341 2612 2472 2667 Tum
2524 2618 2953 2685 sapientissimus
2983 2623 3413 2691 Amphilm-hius,
3440 2630 3534 2679 de-

1967 2699 2181 2753 cIarans
2230 2702 2578 2770 imperatori,
2614 2708 2752 2773 quod
2795 2708 2973 2760 animo
3023 2710 3356 2776 instituebat,
3398 2730 3530 2766 eon-

1971 2798 2115 2842 lenta
2152 2807 2280 2845 voce
2311 2810 2325 2847 :
2366 2794 2544 2860 Vides,
2574 2798 2767 2864 inquit,
2798 2814 2831 2853 0
2865 2800 3174 2868 imperator,
3204 2819 3362 2870 quam
3392 2822 3533 2874 aegre

1966 2880 2310 2949 ignominiam
2367 2886 2457 2938 tilii
2509 2888 2582 2940 tui
2630 2886 2771 2943 feras
2823 2906 2838 2944 :
2906 2891 3013 2944 imo
3045 2907 3172 2945 vero
3217 2894 3319 2948 illis
3354 2898 3444 2964 qui
3478 2898 3531 2948 in

1962 2987 2082 3026 eum
2122 2974 2400 3039 insultant,
2432 2978 2775 3033 vehementer
2796 2995 3102 3037 succenses.
3139 2984 3341 3038 Credas
3373 2987 3532 3055 igitur

1968 3065 2095 3118 mihi
2143 3067 2324 3132 velim,
2354 3069 2507 3137 hujus
2530 3074 2895 3128 universitatis
2923 3087 3185 3130 rectorem
3210 3079 3404 3144 Deum,
3439 3096 3533 3133 eos

1964 3156 2052 3223 qui
2080 3167 2265 3211 contra
2292 3159 2485 3215 Filium
2520 3177 2674 3215 suum
2702 3166 3029 3234 unigenitum
3055 3166 3345 3235 loquuntur
3382 3170 3529 3223 blas-

1885 3240 1929 3299 C
1967 3248 2232 3315 phetnias,
2286 3251 2467 3304 itidem
2541 3254 2848 3319 detestari,
2896 3268 2951 3311 et
3001 3268 3248 3324 tanquam
3293 3260 3531 3328 ingratos

286 3339 417 3390 erga
454 3324 801 3409 Servatorem
834 3339 888 3380 et
920 3330 1052 3383 bene
1080 3329 1146 3384 de
1176 3344 1236 3385 se
1269 3333 1517 3386 meritum
1542 3376 1557 3399 ,
1589 3336 1713 3389 odio
1742 3343 2013 3408 prosequi.
2057 3343 2220 3411 Cujus
2264 3348 2566 3401 institutum
2612 3365 2731 3402 cum
2801 3352 2903 3405 hoc
2970 3364 3123 3420 pacto
3185 3354 3532 3408 intellexisset

286 3423 601 3487 imperator.
636 3421 772 3475 facta
809 3426 923 3493 ejus
961 3428 1208 3495 dictaque
1240 3428 1396 3483 simul
1428 3430 1747 3499 admiratus,
1807 3441 1978 3505 legem
2046 3442 2292 3508 protinus
2364 3447 2722 3514 conscripsit,
2768 3463 2888 3515 quae
2941 3448 3159 3501 vetabat
3224 3458 3524 3503 conventus

289 3516 364 3569 ab
395 3516 667 3571 hereticis
701 3518 807 3587 agi.
886 3546 893 3553 ι

1883 3623 1957 3684 ν.

538 3708 824 3767 Fscunuus
853 3710 1265 3781 HEBIIANENSIS,
1313 3716 1404 3770 lib.
1441 3733 1520 3782 τι,
1548 3735 1664 3787 cap.
1697 3721 1752 3785 5,
1782 3738 1903 3792 pag.
1938 3724 2063 3787 760,
2096 3734 2222 3776 tom.
2258 3722 2321 3787 II,
2359 3725 2492 3792 Opp.
2528 3724 2787 3783 Stnuonn.
2822 3726 2945 3779 edit.
2979 3726 3151 3779 Paris.
3184 3724 3328 3782 I696.

363 3800 442 3854 Ex
485 3801 645 3855 dictis
695 3806 831 3857 beati
878 3807 1233 3874 Amphilochii
1287 3808 1582 3867 lconiensis
1625 3816 1859 3883 epise0pi

285 3893 469 3959 aliqua
503 3894 871 3959 proferemus,
912 3913 1070 3965 quem
1126 3910 1180 3954 et
1213 3901 1650 3969 sapientissimus
1697 3903 1861 3958 Joan-

290 3986 774 4041 nesAntiochenus
810 4005 928 4042 eum
976 3992 1221 4046 orientali
1265 3994 1495 4049 concilio
1544 3997 1859 4063 probatissi-

287 4094 437 4130 mum
485 4080 760 4135 doctorem
803 4086 1189 4152 pronuntiavit,
1232 4096 1286 4141 et
1324 4087 1673 4154 imperatores
1716 4090 1856 4145 Gra-

290 4169 471 4223 tianus
505 4180 562 4223 et
612 4169 785 4238 major
817 4172 1147 4229 Theodosius
1186 4176 1341 4228 talem
1371 4178 1767 4246 judicaverunt,
1800 4191 1857 4233 ut

1967 3819 2356 3887 pra-ciperem,
2387 3820 2525 3873 sicut
2564 3821 2700 3873 libro
2730 3836 2783 3873 Iv
2828 3822 3243 3874 memoravimus
3294 3824 3434 3888 (cap.
3469 3819 3525 3879 ἓ.

1968 3924 2090 3978 pag.
2114 3911 2263 3974 52H,
2304 3911 2420 3963 illos
2454 3910 2596 3963 solos
2622 3912 2880 3965 ecclesias
2916 3914 3133 3974 habere,
3164 3914 3252 3980 qui
3293 3927 3355 3963 ex
3388 3928 3526 3980 pra;-

1966 4001 2092 4055 dieti
2141 4000 2312 4055 sancti
2354 4001 2713 4070 Amphilochii
2743 4012 2798 4056 et
2848 4004 3060 4055 Diodori
3107 4013 3269 4071 atque
3300 4004 3527 4058 aliorum

1967 4093 2225 4147 similium
2242 4095 2619 4148 communione
2646 4096 2891 4149 catholici
2919 4098 3296 4164 probarentur.

1870 4276 1970 4336 VI.
3506 4352 3510 4357 .

390 4369 603 4423 Cosns
628 4370 1098 4438 INDICUPLEUSTES,
1133 4373 1474 4444 Tapograph.
1505 4376 1731 4444 t‘.hrist.,
1764 4378 1863 4431 lib.
1895 4395 1991 4445 vn,
2028 4396 2147 4447 pag.
2175 4378 2300 4437 992.
2328 4388 2453 4431 tom.
2494 4377 2531 4430 ll
2573 4378 2796 4432 Collect.
2827 4378 2929 4432 PP.
2973 4378 3147 4432 Graec.
3186 4378 3471 4437 Montt‘auc.

365 4462 737 4531 ’Δμφιλόχιος,
778 4464 1075 4527 ἐπίσκοπος
1110 4466 1401 4537 γενόμενος
1450 4467 1546 4520 τοῦ
1611 4469 1853 4530 Ἰκονίου,

282 4550 438 4617 φίλος
478 4554 573 4605 καὶ
610 4555 927 4617 κοινωνικὸς
964 4554 1056 4607 τοῦ
1093 4558 1363 4626 μακαρίου
1408 4558 1705 4623 Βασιλείου,
1762 4561 1857 4613 καὶ

282 4644 449 4705 αὐτὸς
481 4646 540 4696 ἐν
584 4647 696 4707 τοῖς
732 4645 869 4716 πρὸς
896 4646 1155 4701 Σέλευκον
1190 4648 1338 4719 αὑτῴ
1376 4653 1661 4720 γραφεῖσιν
1707 4651 1856 4721 Ἰάμ-

281 4732 421 4797 ϐοις,
452 4750 506 4786 κ.
544 4752 594 4792 τ.
634 4735 685 4788 λ.

2034 4474 2441 4541 Amphilochius
2481 4471 2637 4524 Iconii
2696 4472 3018 4539 episcopus,
3059 4472 3262 4526 amicus
3290 4482 3345 4526 et
3368 4472 3525 4526 fami--

1965 4564 2112 4618 liaris
2147 4565 2291 4617 beati
2324 4563 2525 4628 Basilii,
2552 4563 2604 4616 in
2628 4561 2821 4616 lambis
2845 4561 2959 4618 suis
2982 4562 3048 4616 ad
3068 4556 3355 4619 Seleucum
3389 4566 3527 4620 scri-

1968 4657 2090 4724 ptis,
2125 4663 2230 4708 etc.

1852 4831 1984 4891 VII.

708 4930 1001 4986 CONCILIU!
1031 4932 1286 4987 NICA'ZNUII
1320 4935 1382 4997 Il,
1415 4937 1534 4989 Act.
1576 4951 1627 5002 ν,
1660 4953 1782 5005 pag.
1823 4935 1983 4999 1015,
2017 4945 2143 4988 tom.
2182 4932 2293 4987 VIII
2338 4932 2545 4988 Concil.
2574 4935 2700 4991 edit.
2744 4934 3123 4989 Veneto-Labb.

354 5019 628 5091 Ταράσιος
658 5022 686 5073 ὀ
706 5021 1003 5089 ἀγιώτατος
1025 5024 1366 5094 πατριάρχης
1396 5020 1567 5078 εἶπενο
1609 5027 1664 5080 Ὀ
1682 5026 1862 5097 πατὴρ

2048 5022 2301 5076 Tarasius
2366 5024 2734 5077 sanctissimus
2786 5025 3091 5092 patriarcha
3141 5022 3319 5077 dixit:
3376 5020 3532 5075 Pater

283 5110 441 5182 ἡμῶν
470 5113 680 5181 eam;
725 5113 1065 5184 Ἀμφιλόχιος
1105 5115 1276 5185 μέγας
1303 5116 1440 5181 ἐστὶ,
1482 5117 1573 5170 καὶ
1606 5116 1674 5169 τά
1715 5116 1860 5186 ἑξῆς.

1974 5125 2159 5169 noster
2191 5124 2411 5170 sanctus
2437 5115 2843 5184 Amphilochius
2884 5130 3108 5184 magnus
3138 5124 3253 5178 est,
3280 5125 3384 5168 etc.

1840 5211 1998 5271 VIII.

1522 5311 1778 5373 Pttortus.
1812 5312 2068 5368 Biblioth.
2098 5312 2214 5366 cod.
2242 5327 2335 5365 Lit.

363 5398 708 5470 ’Δνεγνὼσθη
742 5399 974 5465 ’σύνοδος
1002 5403 1266 5474 γενομένη
1297 5406 1354 5458 ὲν
1389 5406 1548 5477 Σίδῃ,
1579 5408 1719 5460 κατὰ
1758 5409 1857 5479 τῆς

280 5491 547 5561 αἱρέσεως
597 5492 708 5545 τῶν
757 5494 1177 5560 Μεσσαλιανῶν,
1243 5498 1408 5567 ἤγουν
1451 5498 1693 5566 Εὒχιτῶν
1740 5500 1857 5568 ἤτοι

298 5582 679 5651 Ἀδελφιανῶν.
712 5584 938 5653 Ἐξῆρχε
980 5584 1036 5637 δὲ
1063 5586 1163 5653 τῆς
1204 5587 1426 5643 συνόδου
1460 5588 1800 5658 ’Δμφιλόχιος
1830 5592 1859 5643 ὁ

285 5669 377 5720 τοῦ
410 5670 658 5738 Ἰκονίου,
686 5672 1106 5744 συνεδρεύοντων
1127 5675 1272 5747 αὐτῷ
1296 5679 1390 5732 καὶ
1420 5678 1618 5750 ἑτέρων
1646 5680 1859 5735 ἐπισκό-

288 5775 400 5814 ων
424 5768 523 5817 κε’.

2036 5407 2197 5461 Lecta
2242 5405 2478 5476 synodus
2529 5404 2671 5459 Sidae
2724 5405 2905 5461 habita
2968 5407 3228 5462 adversus
3282 5408 3532 5463 hteresim

1966 5497 2429 5561 Messalianorutn,
2461 5498 2563 5551 hoc
2599 5506 2682 5551 est
2723 5498 3067 5553 Euchilarum
3107 5514 3200 5553 seu
3246 5498 3533 5569 Adelpltia-

1966 5602 2181 5642 norum.
2226 5585 2451 5641 Praefuit
2497 5588 2702 5657 synodo
2745 5588 3153 5659 Amphilochius
3195 5589 3357 5644 Iconii
3419 5590 3533 5658 epi-

1964 5696 2179 5749 scopus,
2233 5682 2633 5739 considentibus
2668 5693 2719 5739 et
2766 5683 2884 5739 aliis
2920 5683 3105 5753 viginti
3147 5685 3383 5754 quinque
3417 5682 3529 5753 cpi-

1967 5786 2163 5839 scopis.
