4030 6408
468 371 534 426 at
1753 367 2088 426 veranum
2129 325 2545 422 TESTiMONIA
3671 344 3743 397 ὅθ

2053 488 2160 548 ΙΧ.

1345 585 1579 642 Jomsss
1608 589 1858 642 Zomnss
1882 590 1951 642 ad
1972 603 2234 643 canonem
2265 602 2421 642 xxvn
2450 586 2666 641 concilii
2693 587 2952 656 Carthag.

1246 681 1400 749 Apud
1441 682 1789 738 stenecwu
1816 685 1872 737 in
1901 685 2171 759 Pandecte
2199 698 2488 749 canonum,
2523 693 2648 737 tom.
2687 683 2747 742 ll.
2778 701 2897 752 pag.
2926 683 3048 738 559.

555 776 701 844 Quos
726 777 890 831 libros
913 776 1089 847 legere
1125 778 1180 831 in
1212 777 1443 831 ecclesia
1471 789 1735 848 oporteat,
1767 788 1821 832 et
1847 789 2056 847 postre-
2087 798 2102 841 λ

2231 778 2366 849 Περὶ
2419 778 2512 830 τοῦ
2567 778 2691 831 τίνα
2758 778 2839 831 δεῖ
2889 778 3354 846 ἀναγινώσκεσθαι
3411 775 3590 848 βιϐλία
3646 775 3733 829 ἐπ’

485 886 610 924 mus
648 872 1011 939 apostolorum
1038 885 1206 924 canon
1239 871 1445 933 statuit,
1469 899 1539 910 --
1559 881 1856 939 etmagnus
1887 872 2056 924 Atha-

489 961 702 1026 nasius,
735 961 824 1028 qui
870 961 990 1015 libri
1032 961 1237 1031 legendi
1267 962 1374 1015 sint
1395 1001 1411 1026 ,
1441 976 1632 1016 omnes
1674 971 1976 1020 enumerat.
2003 970 2060 1014 et

486 1067 712 1120 magnus
747 1051 1037 1123 Gregorius
1077 1053 1379 1121 Theologus
1423 1091 1442 1120 ,
1477 1063 1530 1108 et
1564 1061 1782 1108 sanctus
1829 1053 2056 1122 Amphi-

485 1141 717 1198 lochius.

2162 867 2464 938 ἐκκλησίᾳ,
2516 868 2611 920 καὶ
2642 868 2671 919 ὁ
2704 867 3012 931 τελευταῖος
3063 868 3170 921 τῶν
3216 868 3589 921 ἁποστολικῶν
3637 885 3737 920 κα-

2170 961 2335 1012 νόνων
2365 959 2738 1030 διαλαμϐάνει,
2766 990 2836 1000 -
2863 961 2956 1013 καὶ
2986 961 3014 1012 ὁ
3043 959 3216 1030 μέγας
3257 959 3577 1024 Ἀθανάσιος
3633 959 3738 1012 ἀπ-

2163 1050 2496 1121 αριθμεῖται,
2547 1052 2647 1104 ὅσα
2670 1051 2774 1123 χρὴ
2814 1051 3282 1120 ἀναγινώσκεσθαι
3327 1051 3539 1120 βιϐλία,
3573 1050 3666 1104 καὶ
3706 1052 3736 1102 ὁ

2162 1142 2335 1212 μέγας
2363 1142 2664 1214 Γρηγόριος
2693 1146 2719 1196 ὁ
2747 1143 3026 1213 Θεολόγος,
3071 1143 3166 1196 καὶ
3191 1145 3226 1196 ’ὁ
3269 1143 3437 1211 ἅγιος.
3479 1141 3732 1214 Ἀμφιλό-

2157 1249 2294 1302 χιος.

1432 1317 1636 1373 Eadem
1665 1319 1835 1374 ferme
1867 1318 2030 1372 habet
2067 1319 2102 1372 1.
2131 1335 2182 1374 c.
2216 1321 2534 1380 Theodorus
2561 1325 2870 1378 Balsamon.

2084 1413 2159 1472 Χ.

1443 1508 1910 1564 Μλιιτιιιιοιοοιυιι
1948 1509 2234 1578 nonnum,
2268 1516 2324 1568 d.
2363 1532 2494 1570 mu
2527 1515 2854 1571 Novembris.

559 1601 724 1657 Iconii
770 1603 821 1656 in
873 1601 1143 1673 Lycaonia
1179 1602 1352 1658 sancti
1386 1602 1747 1672 Amphilochii
1783 1603 2059 1671 episcopi,

490 1695 582 1764 qui
623 1703 930 1749 sanctorum
959 1695 1137 1748 Basilii
1169 1696 1346 1763 magni
1377 1705 1428 1748 et
1457 1693 1700 1760 Gregorii
1737 1693 2060 1748 Nazianzeni

493 1788 546 1839 in
571 1801 752 1841 eremo
791 1787 989 1850 socius,
1024 1797 1080 1842 et
1103 1788 1155 1840 in
1181 1787 1490 1856 episcopatu
1513 1787 1734 1858 collega,
1758 1796 1876 1857 post
1899 1787 2062 1840 multa

2168 1611 2462 1664 certamina
2489 1624 2584 1678 pro
2610 1609 2874 1664 catholica
2909 1610 3014 1664 ﬁde
3040 1620 3285 1680 suscepta
3315 1650 3330 1674 ,
3369 1610 3654 1666 sanctitate
3684 1618 3740 1668 et

2169 1699 2416 1756 doctrina
2445 1700 2622 1756 clarus
2643 1701 2847 1754 quievit
2874 1702 2924 1754 in
2958 1717 3107 1771 pace.

2061 1883 2162 1943 XI.

1020 1981 1379 2039 MENOLOGIUII
1405 1981 1723 2039 anconuu
1743 1987 1900 2052 jussu
1929 1983 2114 2038 Basilii
2147 1986 2272 2052 imp.
2301 1983 2592 2050 confectum
2614 1986 2710 2038 sub
2741 1986 2824 2039 die
2857 2002 2948 2040 xu
2977 1984 3240 2039 Octobris.

1574 2075 1729 2130 Part.
1762 2093 1803 2143 ι,
1833 2094 1952 2147 pag.
1988 2079 2091 2132 127
2145 2079 2268 2132 edit.
2308 2076 2493 2132 Urbin.
2525 2077 2685 2132 m7.

497 2161 940 2217 Commemoratio
1015 2164 1184 2244 sancti
1250 2168 1645 2244 patris__nostri
1711 2168 2102 2236 Amphilochii]

2176 2168 2381 2238 Μνήμη
2427 2168 2533 2223 τοῦ
2567 2169 2644 2244 ἑ-ν-
2677 2169 2868 2244 ἁγίοις
2901 2168 3124 2244 πατρὸς
3152 2167 3323 2244 ἡμῶν
3365 2166 3740 2244 Ἀμφιλοχίου

1053 2236 1278 2303 episcopi
1312 2237 1498 2289 Iconii.

566 2340 663 2396 Hic
706 2356 814 2396 non
853 2343 1094 2397 mortalis
1121 2345 1456 2414 cuiuspiam,
1491 2354 1802 2401 sanctorum
1845 2348 2067 2417 angelo-

497 2448 616 2486 rum
653 2433 898 2488 manihus
936 2433 1216 2490 ordinatus
1248 2437 1580 2507 episcopus:
1609 2437 1911 2492 commilito
1939 2453 2069 2492 san-

496 2535 706 2578 ctorum
739 2524 984 2591 Patrum,
1008 2519 1191 2581 Basilii
1227 2529 1429 2600 magni,
1459 2529 1704 2599 Gregorii
1731 2530 1987 2602 Theologi
2015 2541 2070 2586 et

497 2619 740 2688 Gregorii
789 2619 1015 2691 Nysseni
1037 2661 1052 2683 ,
1083 2621 1344 2676 adversus
1378 2621 1565 2675 Arium
1597 2661 1614 2689 ,
1648 2620 1968 2677 Eunomium
2018 2633 2072 2676 et

496 2710 686 2763 horum
735 2710 938 2765 similes
967 2712 1252 2767 haereticos
1281 2712 1335 2766 in
1359 2712 1476 2768 acie
1506 2714 1675 2768 stetit.
1721 2713 1821 2780 Qui
1852 2728 1972 2769 cum
2004 2713 2072 2767 ad

499 2803 791 2862 Theodosii
825 2807 1001 2876 magni
1053 2816 1294 2876 tempora
1331 2806 1586 2874 vixisset,
1629 2816 1793 2877 atque
1830 2807 1896 2862 ab
1924 2821 1990 2863 eo
2015 2817 2073 2862 ut

499 2908 774 2953 coerceret
832 2898 1156 2953 Arianorum
1224 2913 1458 2970 synaxes
1527 2899 1882 2967 postulasset;
1945 2908 2074 2954 tunc

498 2989 715 3057 quidem
769 2989 1442 3059 supersedit,imperator,
1493 2989 1699 3045 veritus
1746 3005 1812 3045 ne
1872 3006 1934 3045 ea
1983 3005 2074 3046 res

499 3094 725 3150 magnos
751 3081 1011 3136 excitaret
1033 3081 1308 3136 tumultus.
1335 3080 1442 3136 Sed
1483 3088 1669 3152 postea
1695 3097 1817 3137 cum
1842 3082 2071 3152 quadam

500 3176 567 3224 de
604 3185 766 3227 causa
820 3172 1198 3242 imperatorem
1263 3173 1627 3228 Theodosium
1703 3175 2071 3238 convenisset,

399 3305 402 3308 ί
502 3259 756 3330 illumque
799 3263 1010 3330 solum,
1067 3264 1298 3318 Arcadio
1336 3264 1444 3317 tilio
1478 3263 1568 3333 qui
1603 3278 1770 3334 prope
1805 3264 2076 3318 assidebat

501 3354 906 3424 praetermisso,
943 3357 1253 3425 adorasset;
1294 3367 1513 3429 rogatus
1545 3373 1704 3428 quam
1753 3359 1825 3414 ob
1866 3373 1978 3414 rem
2021 3359 2075 3414 id

504 3443 710 3497 t'aceret
733 3483 749 3508 ,
787 3447 1061 3515 respondit
1092 3465 1106 3502 :
1137 3448 1594 3514 Quemadmodum
1627 3460 1679 3504 tu
1706 3489 1722 3516 ,
1753 3451 2068 3520 imperator,

503 3531 719 3601 indigne
751 3533 878 3601 fers,
909 3536 952 3589 si
977 3551 1082 3592 non
1114 3536 1253 3592 idem
1286 3537 1429 3604 ﬁlio,
1468 3541 1557 3609 qui
1589 3540 1719 3604 tibi,
1753 3541 1926 3596 honor
1975 3540 2073 3594 ha-

505 3609 731 3701 Ιιιῖἷιιιιν,
757 3627 839 3682 sic
866 3635 922 3682 et
951 3629 1056 3683 Deo
1089 3629 1238 3684 Patri
1261 3629 1514 3698 injuriam
1545 3632 1659 3686 ﬁeri
1690 3633 1849 3697 scito,
1875 3632 1921 3688 si
1949 3633 2072 3701 quis

2620 2239 2955 2293 ἐπισκόπου
3014 2239 3280 2294 Ἰκονίου.

2237 2345 2402 2416 Οὗτος
2436 2353 2838 2424 προχειρίζεται
2867 2350 3161 2413 ἐπίσκοπος
3201 2347 3418 2402 Ἰκονίου
3447 2348 3539 2418 ὑφ’
3576 2349 3743 2416 ἁγίων

2167 2442 2436 2510 ἀγγέλων,
2471 2444 2571 2496 οὑκ
2612 2440 2960 2515 ἀνθρωπίνης
2993 2439 3206 2510 χειρόςο
3251 2438 3652 2507 συναγωνιστὴς
3686 2437 3744 2489 δὲ

2168 2534 2455 2602 γενόμενος
2480 2533 2588 2586 τῶν
2623 2534 2790 2602 ἁγίων
2821 2532 3101 2601 Πατέρων,
3134 2528 3413 2582 Βασιλείου
3442 2528 3536 2581 τοῦ
3569 2527 3741 2598 μεγά-

2169 2624 2285 2686 λου,
2325 2625 2628 2696 Γρηγορίου
2679 2623 2773 2676 τοῦ
2821 2622 3103 2690 Θεολὸγου,
3159 2622 3255 2675 καὶ
3309 2622 3606 2694 Γρηγορίου
3647 2621 3743 2673 τοῦ

2170 2717 2411 2786 Νύσσης,
2459 2717 2600 2770 κατὰ
2644 2717 2751 2769 τῶν
2800 2715 3091 2788 αἰρετικῶν
3137 2715 3479 2786 παρετάξατο
3534 2715 3746 2786 ’Λρείου

2172 2811 2266 2862 καὶ
2305 2810 2569 2880 Εὑνομίου
2607 2810 2701 2864 καὶ
2735 2809 2842 2862 τῶν
2879 2809 3098 2879 ὁμοίων.
3139 2808 3430 2881 Παρετάθη
3463 2808 3519 2861 δὲ
3555 2809 3588 2880 ἡ
3629 2807 3745 2877 ζωὴ

2174 2901 2334 2955 αὑτοῦ
2371 2901 2530 2974 μέχρι
2568 2901 2845 2955 Θεοδοσίου
2884 2899 2977 2954 τοῦ
3017 2901 3282 2972 μεγάλου·
3328 2900 3386 2953 ὃν
3416 2901 3511 2953 καὶ
3545 2897 3746 2969 ἠξίωσε

2173 2993 2412 3046 κωλῦσαι
2441 2994 2550 3046 τῶν
2578 2993 2869 3064 Ἀρειανῶν
2895 2992 2994 3056 τὰς
3033 2994 3088 3045 έν
3116 2995 3234 3058 ταῖς
3265 2991 3449 3045 πόλεσι
3477 2989 3744 3054 συνάξεις.

2175 3085 2323 3156 Βοιρὺ
2356 3085 2412 3138 δὲ
2437 3085 2760 3155 νομίσαντος
2787 3085 2944 3137 τοῦτο
2962 3083 3056 3136 τοῦ
3088 3082 3367 3154 βασιλέως,
3399 3083 3486 3136 διὰ
3518 3081 3615 3153 τὴν
3651 3098 3750 3134 τα-

2178 3176 2348 3248 ραχὴν
2371 3217 2386 3241 ,
2418 3177 2536 3229 τότε
2572 3177 2671 3247 μὲν
2709 3176 3001 3248 ἡσύχασεν.
3045 3177 3308 3245 ’Ὕστερον
3343 3174 3400 3227 δὲ
3438 3175 3580 3228 κατά
3625 3190 3748 3226 τινα

2177 3269 2363 3341 χρείαν
2385 3267 2640 3321 εἰσελθὼν
2661 3268 2795 3340 πρὸς
2820 3268 2912 3321 τὸν
2939 3266 3181 3338 βασιλέα,
3212 3267 3304 3320 καὶ
3329 3265 3418 3318 τὸν
3439 3265 3553 3318 υίδν
3582 3263 3749 3319 αὑτοῦ

2189 3361 2467 3432 Ἀρκάδιον
2505 3359 2626 3412 ἰδὼν
2675 3359 2752 3430 τῷ
2794 3361 2965 3430 πατρὶ
3013 3358 3480 3432 συγκαθήμενον,
3505 3357 3596 3410 τὸν
3647 3356 3748 3427 μὲν

2177 3431 2453 3504 Θεοδόσιον
2482 3449 2875 3521 προσεκύνησε,
2909 3449 3000 3502 τὸν
3027 3448 3083 3502 δὲ
3111 3449 3224 3501 υίὸν
3256 3431 3520 3520 παρῆλθε.
3552 3446 3657 3498 Τοῦ
3689 3446 3747 3499 δὲ

2181 3539 2441 3612 βασιλέως
2461 3540 2724 3602 εἰπόντος·
2759 3539 2877 3592 Ἵνα
2903 3539 2956 3592 τί
2985 3540 3074 3591 τὸν
3095 3538 3209 3591 υἱόν
3243 3555 3339 3608 μου
3368 3537 3744 3607 παρέδραμες;

2177 3632 2277 3701 ἔφη
2299 3647 2312 3660 ·
2337 3629 2532 3695 Γνῶθι,
2560 3627 2799 3698 βασιλεῦ,
2829 3629 2909 3681 ὅτι
2941 3627 3129 3699 ὥσπερ
3149 3629 3211 3680 σὺ
3237 3626 3619 3697 ἠγανάκτησας
3653 3623 3748 3677 τοῦ

506 3697 700 3768 Filium
730 3726 785 3771 et
824 3715 1061 3773 Verbum
1093 3721 1419 3776 contumelia
1450 3721 1631 3777 afﬁcit.
1659 3722 1864 3789 Quibus
1889 3697 2071 3778 verbis

2176 3697 2291 3773 υιοὸ
2319 3697 2825 3790 παραολείπομένου,
2852 3715 3003 3771 ὀὕτω
3045 3697 3138 3771 me
3179 3719 3207 3770 ὁ
3247 3718 3378 3780 Θεὸς
3410 3718 3504 3770 και
3535 3714 3748 3785 Πατὴρ,

505 3818 778 3874 permotus
809 3809 1122 3879 imperator,
1140 3813 1291 3878 juxta
1333 3813 1432 3866 viri
1463 3813 1636 3868 sancti
1669 3815 1989 3868 sententiam
2012 3827 2076 3868 ac

2176 3810 2268 3865 τοῦ
2305 3809 2434 3863 Υἱοῦ
2466 3812 2561 3863 καὶ
2601 3810 2774 3877 Λόγου
2815 3808 3192 3879 ὑϐριζομένου.
3235 3807 3396 3861 Ὅθεν
3447 3806 3686 3868 πεισθεὶς
3719 3804 3751 3856 ὁ

505 3899 864 3966 voluntatem,
908 3917 1020 3957 rem
1053 3903 1318 3966 confecit.
1362 3903 1518 3958 Hunc
1563 3915 1742 3959 autem
1773 3904 1826 3958 in
1858 3904 2072 3959 modum

2178 3900 2448 3971 βασιλεὺς,
2484 3899 2704 3970 ἐποίησε
2732 3900 2792 3952 τὸ
2827 3899 2920 3952 τοῦ
2953 3899 3107 3966 ἁγίου
3137 3897 3366 3968 θέλημα.
3393 3897 3547 3952 Οὕτω
3573 3897 3627 3949 δὲ
3657 3894 3752 3966 ζή-

505 4001 778 4048 transacta
803 4008 925 4048 cum
965 3993 1164 4065 pietate
1190 3996 1323 4060 vita,
1347 3995 1415 4050 ad
1446 3995 1734 4051 Dominum
1765 3995 2038 4064 migravit.

2181 4011 2278 4057 σας
2319 3992 2577 4057 εὐσεϐῶς,
2618 3993 2755 4064 πρὸς
2782 3991 2984 4063 Κύριον
3015 3991 3365 4061 ὲξεδήμησεν.

2050 4083 2180 4143 ΧΠ.

1655 4181 2009 4239 Menonoctuu
2041 4184 2095 4236 ά.
2129 4201 2265 4239 mu
2295 4181 2632 4238 Novembris.

514 4293 773 4350 Memoria
827 4298 996 4350 sancti
1037 4297 1399 4368 patris_nostri
1439 4297 1789 4368 Amphilochii
1852 4299 2077 4366 episcopi

1237 4300 1399 4350 nostri
1439 4300 1789 4368 Amphilocltii
1852 4300 2077 4366 episcopi
2181 4302 2399 4374 Μνήμη
2437 4302 2543 4356 τοῦ
2573 4302 2642 4356 ἐν
2677 4303 2866 4372 ἁγίοις
2895 4304 3113 4370 πατρὸς
3152 4303 3320 4370 ἡμῶν·
3365 4300 3750 4370 Ἀμφιλοχῖου

1204 4364 1396 4421 lconii.
2635 4373 2970 4421 ἐπισκόπου
3030 4373 3290 4421 Ἰκονίου.

2635 4373 2970 4428 ἐπισκόπου
3030 4373 3290 4427 Ἰκονίου.

579 4478 678 4534 Hic
714 4480 880 4550 gradu
932 4481 1080 4535 omni
1130 4481 1497 4536 ecclesiastico
1543 4498 1573 4535 a
1612 4483 1836 4553 juvenili
1878 4493 2072 4548 aatate,

2250 4476 2417 4546 Οὗτος
2454 4482 2518 4535 ἐκ
2563 4484 2763 4554 νεαρᾶς
2791 4483 3041 4551 ἡλικίας,
3085 4483 3262 4535 πάντα
3310 4480 3514 4550 βαθμὸν
3555 4482 3752 4551 ἐκκλη-

512 4570 716 4624 alterna
753 4572 1050 4626 mutatione
1080 4580 1368 4642 provectus
1387 4611 1403 4636 ,
1439 4575 1845 4642 monasticaque
1873 4575 2077 4629 exerci-

2181 4573 2454 4627 σιαστικδν
2495 4573 2874 4645 παραλλάξας,
2905 4574 2999 4626 καὶ
3025 4575 3253 4642 ἀσκήσει
3284 4573 3377 4625 καὶ
3408 4572 3526 4642 θείᾳ
3552 4570 3752 4640 γνώσει

515 4660 716 4713 talione
741 4671 796 4713 et
829 4661 1008 4715 divina
1035 4662 1257 4716 scientia
1286 4661 1483 4728 clarus,
1519 4665 1790 4717 communi
1820 4661 2075 4732 suﬂragio

2178 4663 2429 4733 λάμπων,
2465 4663 2630 4735 ψήφῳ
2669 4663 2760 4717 τοῦ
2799 4665 2977 4717 κοινοῦ
3023 4662 3424 4736 προχειρίζεται
3456 4663 3751 4726 ἐπίσκοπος

511 4749 662 4805 urbis
693 4751 853 4806 lconii
895 4753 1178 4821 episcopus
1213 4763 1428 4808 creatur
1460 4770 1476 4807 :
1521 4755 1848 4823 temporihus
1887 4755 2078 4809 Valen-

2181 4756 2280 4824 τῆς
2319 4755 2584 4808 Ἰκονιέων
2608 4754 2832 4817 πόλεως,
2860 4757 2917 4807 ὲν
2944 4756 3053 4818 τοῖς
3072 4755 3281 4826 χρόνοις
3310 4753 3751 4807 Οὐαλεντινιανοῦ

513 4843 705 4896 tiniani
737 4853 793 4896 et
826 4841 1065 4898 Valentis
1111 4845 1495 4914 imperatorum
1516 4889 1531 4912 ,
1578 4848 1685 4900 vita
1717 4846 1784 4900 ad
1831 4845 2077 4903 Theodo-

2182 4848 2276 4900 καὶ
2305 4847 2602 4910 Οὐάλεντος
2639 4847 2746 4898 τῶν
2777 4845 3037 4915 βασιλέοιν
3059 4864 3072 4877 ·
3129 4847 3457 4917 παρατείνας
3483 4847 3580 4916 τὴν
3607 4845 3752 4916 ζωὴν

511 4933 648 4986 sium
701 4948 870 5002 usque
933 4949 1183 5004 magnum
1239 4937 1619 5006 imperatorem
1667 4937 1890 5006 ejusque
1939 4938 2079 4994 ﬁlios

509 5025 804 5093 producta;
852 5024 1132 5094 factusque
1164 5026 1282 5082 ﬁdei
1311 5028 1635 5094 orthodoxae.
1660 5029 1865 5095 doctor,
1895 5041 2081 5084 contra

511 5116 769 5170 Arianam
795 5117 936 5170 luem
961 5133 1056 5171 ceu
1081 5120 1198 5174 acie
1225 5121 1484 5174 instructa
1512 5121 1738 5174 ﬁrmiter
1764 5123 2080 5186 consistens,

513 5206 711 5261 multas
764 5209 832 5263 ab
910 5209 1088 5277 impiis
1141 5213 1542 5280 persecutiones
1610 5211 2085 5282 Iribulationesque

513 5301 787 5364 sustinuit,
823 5316 928 5354 una
960 5318 1081 5356 cutn
1106 5304 1277 5358 beatis
1310 5304 1562 5358 Patrihus
1586 5316 1857 5360 certamen
1889 5309 2082 5360 adver-

513 5407 606 5446 sus
629 5391 992 5461 blasphemias
1030 5394 1275 5449 Eunomii
1309 5397 1532 5450 habens.
1584 5395 1683 5451 Hic
1726 5397 1854 5451 item
1880 5437 1894 5458 ,
1947 5413 2084 5452 unus

514 5494 728 5537 centum
767 5485 976 5540 illorum
1020 5488 1406 5558 quinquaginta
1445 5490 1664 5542 Patrum
1705 5491 1954 5543 secunda:
1996 5503 2086 5558 sy-

520 5574 681 5638 nodi,
726 5575 1012 5643 plurimum
1058 5578 1313 5633 adversus
1359 5579 1594 5649 Spiritus
1649 5581 1820 5634 sancti
1874 5581 2082 5634 hostem

519 5663 883 5722 Maccdonium
933 5669 1155 5740 Ariiquc
1201 5669 1494 5740 discipulos
1521 5670 1864 5738 depugnavit.
1895 5668 2082 5735 Porro,

519 5758 754 5826 potiente
788 5776 967 5817 rerum
1016 5777 1210 5832 magno
1242 5762 1542 5819 Theodosio
1566 5803 1580 5830 ,
1630 5777 1947 5830 reversoque
1984 5762 2081 5817 Va-

2185 4939 2346 5009 μέχρι
2367 4937 2644 4990 Θεοδοσίου
2672 4937 2766 4990 τοῦ
2797 4937 3032 5006 μεγάλου
3065 4937 3346 5008 βασιλέως,
3375 4937 3468 4990 καὶ
3493 4937 3599 4989 τῶν
3621 4936 3752 4988 υἱῶν

2181 5029 2345 5083 αὑτοῦ
2367 5045 2382 5060 ⁸
2413 5031 2472 5092 ὃς
2493 5029 2587 5083 καὶ
2624 5029 2940 5093 διδάσκαλος
2969 5030 3066 5099 τῆς
3101 5030 3378 5101 ὁρθοδόξου
3408 5029 3642 5092 πίστεως
3662 5045 3753 5096 γε-

2181 5121 2373 5192 γονὼς,
2414 5123 2509 5175 καὶ
2547 5121 2686 5174 κατὰ
2717 5121 2818 5191 τῆς
2863 5123 3073 5195 Ἀρείου
3112 5121 3289 5192 λύμης
3329 5121 3568 5192 στερρῶς
3608 5123 3754 5173 ἀντι-

2181 5215 2501 5284 ταξάμενος,
2536 5214 2763 5276 πολλοὺς
2785 5215 3057 5284 διωγμοὺς
3088 5214 3182 5267 καὶ
3221 5212 3426 5280 θλίψεις
3455 5212 3755 5282 ὑπομείνας

2184 5305 2334 5377 παρὰ
2372 5305 2482 5357 τῶν
2509 5305 2751 5369 ἀσεϐῶν,
2799 5307 3201 5374 συναγωνιστὴς
3228 5303 3463 5372 γεγονὼς
3497 5304 3604 5357 τῶν
3651 5322 3754 5374 μα-

2185 5397 2390 5468 καρίων
2425 5397 2685 5469 Πατέρων
2734 5397 2872 5450 κατὰ
2917 5397 3016 5465 τῆς
3056 5397 3319 5466 Εὑνομίου
3371 5396 3789 5473 βλασφημίαςοί

2183 5478 2337 5548 οὗτος
2363 5487 2454 5538 καὶ
2493 5485 2597 5538 τῶν
2621 5487 2676 5539 ἐν
2703 5488 2767 5556 τῇ
2794 5485 3021 5556 δευτέρᾳ
3048 5485 3248 5555 συνόδῳ
3275 5484 3383 5538 τῶν
3406 5487 3596 5537 ἑκατὸν
3625 5501 3756 5536 πεν-

2184 5579 2418 5648 τήκοντα
2462 5578 2723 5648 Πατέρων
2758 5573 2838 5641 εἷς
2866 5577 3155 5648 ὑπάρχων,
3177 5576 3248 5630 τὰ
3285 5577 3511 5630 πλεῖστα
3558 5575 3758 5645 διηγω-

2185 5670 2368 5724 νίσατο
2411 5669 2552 5723 κατὰ
2594 5669 2929 5723 Μακεδονίου
2985 5671 3078 5722 τοῦ
3131 5669 3604 5740 πνευματομάχου,
3661 5669 3750 5718 καὶ

2185 5764 2291 5817 τῶν
2326 5763 2591 5832 φοιτητῶν
2636 5760 2843 5825 Ἀρείου
2862 5779 2874 5794 ’
2904 5761 3042 5815 κατὰ
3065 5761 3119 5814 δὲ
3151 5763 3209 5814 τὸ
3239 5763 3507 5832 κρατῆσαι
3533 5759 3631 5828 τῆς
3663 5759 3755 5826 βαι
