4030 6408
276 361 338 418 35
798 414 801 415 ,
1572 356 1661 411 DE
1701 356 1761 414 S.
1802 356 2297 414 AMPHILOCHIO.
3454 362 3529 420 54

269 478 461 539 οιλςίας
488 475 769 529 Θεοδόσιον
800 475 892 529 τὸν
934 477 1128 545 μέγαν,
1167 479 1259 531 καὶ
1290 480 1381 531 τὸν
1413 478 1530 531 νέον
1558 478 1847 531 Ούαλεντι-

1954 478 2250 534 lentiniano
2272 478 2525 547 juniore,
2560 492 2680 533 cum
2716 483 2893 533 victor
2927 478 3046 549 ipse
3076 479 3327 536 rediisset
3354 526 3368 549 ,
3405 500 3537 557 sup.

264 571 433 627 νιανὸν
457 569 799 640 κατατρέψαι
824 611 839 633 ,
891 571 983 622 καὶ
1010 574 1307 641 νικήσαντα
1338 569 1672 631 ἐπανελθεῖν,
1702 572 1844 639 ἠντι-

1950 570 2187 639 plicahat
2235 585 2463 641 magnus
2510 569 2921 637 Amphilochius
2956 580 3015 624 ut
3046 570 3382 630 Theodosius
3424 577 3529 632 im-

266 665 399 718 ϐόλει
442 666 472 716 6
517 663 692 734 μέγας
750 663 1097 734 Ἀμφιλόχιος
1141 664 1230 717 τὸν
1292 663 1516 732 βασιλέα
1563 662 1842 715 Θεοδόσιον

264 757 582 811 ἀπώσασθαι
634 758 759 820 τοὺς
825 756 1165 828 Ἀρειανοὺς,
1226 757 1320 807 καὶ
1370 758 1483 817 τοῖς
1540 754 1839 825 ὀρθοδόξοις

264 852 464 903 ἀνεῖναι
494 849 594 911 τὰς
621 848 937 917 ἐκκλησίας.
981 848 1134 900 Ἐπεὶ
1169 843 1262 900 οῦν
1323 848 1351 899 6
1409 845 1663 915 βασιλεὺς
1704 864 1845 916 παρ-

261 939 456 1007 ῃτεῖτο,
486 936 675 1005 ἐξεῦρε
728 936 977 1007 μηχανὴν
1004 939 1032 989 ὁ
1062 936 1362 1007 θαυμάσιος
1388 951 1400 964 ·
1434 938 1528 989 καὶ
1555 936 1841 1007 παρελθὼν

258 1033 335 1091 εἰς
374 1030 445 1081 τὰ
481 1028 762 1097 βασίλεια,
796 1029 887 1081 τὸν
925 1028 1023 1098 μὲν
1073 1028 1301 1098 βασιλέα
1345 1028 1623 1081 Θεοδόσιον
1660 1029 1841 1097 ἠσπά-

258 1136 409 1179 σατο,
441 1120 533 1170 τὸν
561 1119 618 1171 δὲ
657 1115 771 1171 υἱὸν
800 1118 961 1171 αὐτοῦ
1009 1117 1307 1188 Ἀρκάδων,
1340 1117 1654 1172 καταλιπὼν
1685 1120 1839 1187 ὑφει-

256 1213 455 1282 μένως,
488 1212 590 1263 οὐκ
619 1211 936 1281 ἠσπάσατο·
982 1212 1077 1263 καὶ
1105 1209 1265 1263 τοῦτο
1310 1212 1338 1263 6
1370 1210 1621 1280 βασιλεὺς
1654 1211 1843 1281 δυσχε-

255 1305 446 1373 ράνας,
474 1303 685 1356 οἰκείαν
713 1301 869 1373 ῦὸριν
902 1302 1088 1355 ἐκάλει
1118 1302 1218 1372 τὴν
1251 1301 1342 1355 τοῦ
1374 1301 1561 1365 παιδὸς
1596 1303 1723 1372 παρ’
1752 1302 1841 1355 αὑ-

250 1395 347 1447 τοῦ
376 1396 635 1464 ἀτιμίαν·
672 1397 701 1447 ὁ
742 1395 798 1447 δὲ
834 1394 1121 1464 σοφώτατα
1166 1394 1498 1447 ὲκκαλύπτει
1538 1394 1596 1447 τὸ
1633 1395 1837 1464 δρᾶμα,

250 1485 349 1537 καί
377 1502 567 1555 φησιν·
612 1486 793 1556 Ὁρᾷς,
826 1479 872 1537 ὦ
904 1484 1148 1555 βασιλεῦ,
1177 1486 1293 1549 πῶς
1319 1486 1378 1537 οὐ
1412 1485 1596 1555 φέρεις
1646 1487 1709 1537 σὺ
1742 1486 1840 1555 τὴν

246 1579 346 1631 τοῦ
400 1578 597 1640 παιδὸς
640 1577 889 1646 ἀτιμίαν,
936 1578 1072 1630 ἀλλὰ
1113 1576 1493 1647 χαλεπαίνεις;
1548 1576 1839 1628 Πίστευσον

247 1665 365 1731 οὖν,
392 1669 475 1721 ὅτι
506 1668 604 1721 καὶ
629 1669 755 1731 τοὺς
784 1667 874 1720 τὸν
904 1669 1029 1721 Υἱὸν
1062 1666 1154 1720 τοῦ
1195 1666 1330 1719 Θεοῦ
1364 1665 1835 1735 βλασφημοῦντας,

244 1761 451 1831 ὁμοίως
486 1761 578 1813 καὶ
601 1763 629 1814 6
657 1760 790 1823 Θεὸς
818 1759 1218 1831 ἀποστρέφεται
1241 1757 1335 1810 καὶ
1365 1760 1530 1827 μισεῖ.
1553 1756 1683 1809 Τότε
1716 1773 1839 1808 συν-

1951 672 2191 732 perator,
2242 662 2409 732 pulsis
2461 660 2711 725 Arianis,
2756 660 3017 715 ecclesias
3043 663 3361 719 orthodoxis
3406 682 3531 736 per-

1950 756 2204 810 mitteret.
2255 755 2520 809 Caeterum
2568 769 2633 808 eo
2690 748 2981 817 renuente,
3044 755 3127 809 vir
3187 757 3528 815 admirabilis

1950 848 2143 903 subtile
2181 848 2308 918 quid
2338 846 2632 901 adinvenit.
2666 844 2946 900 Accedens
2977 847 3159 916 itaque
3185 850 3251 903 ad
3294 852 3518 920 regiam,

1953 940 2318 994 Theodosium
2377 938 2592 1009 quidem
2638 939 3017 1007 imperatorem
3066 940 3352 1008 salutavit;
3406 944 3524 1013 ejus

1949 1046 2077 1085 vero
2111 1031 2277 1084 lilium
2312 1030 2624 1095 Arcadium,
2662 1030 2855 1083 cessim
2889 1030 3219 1100 relinquens,
3247 1048 3350 1087 non
3377 1036 3525 1089 salu-
3559 1099 3565 1105 ο

1960 1122 2109 1175 tavit.
2147 1121 2276 1174 Eam
2309 1136 2421 1174 rem
2456 1120 2680 1174 moleste
2710 1118 2889 1175 ferens
2929 1122 3241 1190 imperator,
3274 1134 3525 1193 negatum

1948 1214 2058 1268 tilio
2090 1215 2346 1268 honorem
2369 1251 2386 1277 ,
2418 1227 2570 1266 suam
2606 1212 2774 1282 ipsius
2805 1213 3035 1267 vocabat
3071 1214 3343 1282 injuriam.
3387 1216 3523 1270 Tum

1950 1304 2037 1357 ille
2069 1303 2470 1372 sapientissime
2515 1304 2719 1373 detegit
2748 1303 3015 1372 fabulam,
3058 1306 3278 1375 aitque:
3312 1307 3521 1373 Viden',

1950 1395 2269 1465 imperator,
2306 1403 2362 1449 ut
2391 1395 2504 1464 ipse
2542 1395 2637 1448 lilii
2688 1396 3159 1451 inhonorationem
3200 1413 3305 1451 non
3340 1396 3520 1464 feras,

1948 1488 2041 1541 sed
2096 1486 2440 1554 indigneris?
2488 1484 2699 1540 Habeas
2761 1500 2890 1556 ergo
2953 1502 3270 1557 persuasum
3333 1492 3521 1543 eadem

1948 1580 2115 1634 Deum
2168 1579 2377 1633 ratione
2422 1579 2766 1648 blasphemus
2809 1581 2864 1635 in
2908 1581 3013 1635 Dei'
3046 1581 3243 1636 Filiqu
3282 1586 3521 1639 aversari

1947 1683 2000 1726 et
2030 1671 2233 1728 odisse.
2281 1669 2432 1725 Tunc
2468 1671 2782 1739 imperator,
2828 1688 2943 1727 rem
2978 1673 3283 1743 intelligens
3310 1714 3325 1738 ,
3374 1676 3526 1744 leges

1947 1765 2302 1835 conscripsit,
2332 1761 2528 1833 quibus
2559 1764 2935 1818 haereticorum
2966 1776 3261 1820 conventus
3294 1776 3520 1820 vetaret.

246 1855 331 1917 εὶς
379 1856 409 1906 6
450 1854 707 1923 βασιλεὺς
729 1893 743 1916 ,
773 1854 969 1923 νόμους
1008 1851 1213 1922 ἔγραψε
1244 1850 1370 1912 τοὺς
1408 1850 1516 1902 τῶν
1553 1849 1844 1919 αἱρετικῶν

1949 1857 2047 1911 llic
2076 1858 2158 1911 vir
2184 1856 2476 1926 praeclarus
2506 1855 2597 1910 ubi
2639 1870 2810 1910 annos
2857 1855 3054 1911 multos
3079 1857 3279 1936 Christi
3304 1873 3520 1928 gregem

247 1944 544 2012 συλλόγους
593 1944 921 2007 κωλύοντας.
973 1938 1139 2006 Οὗτος
1186 1945 1215 1996 6
1248 1942 1491 2013 ἀοίδιμος
1533 1940 1694 2011 ἀνὴρ,
1743 1941 1837 1994 ἐπὶ

245 2036 523 2100 πλείστοις
548 2038 761 2109 χρόνοις
788 2036 1058 2107 ποιμάνας
1090 2035 1152 2087 τὸ
1174 2034 1266 2088 τοῦ
1294 2032 1531 2104 Χριστοῦ
1564 2033 1835 2103 ποίμνιον,

240 2130 342 2182 καὶ
378 2130 575 2197 λόγους
607 2129 920 2201 ὀρθοδόξους
954 2126 1237 2194 συντάξας.
1268 2127 1360 2180 καὶ
1390 2128 1470 2191 εἰς
1499 2124 1635 2196 βαθὺ
1663 2125 1839 2196 γῆρας

244 2217 479 2282 ἐλάσας,
516 2220 577 2271 ὲν
608 2220 801 2293 εἰρήνῃ
842 2218 1203 2275 ἀνεπαύσατο.

1942 1948 2199 2017 pavisset,
2235 1947 2508 2018 librosque
2540 1949 2857 2004 orthodoxa:
2894 1951 3155 2007 doctrinae
3184 1952 3522 2024 composuis-

1944 2049 2048 2109 set,
2085 2040 2191 2096 alta
2221 2050 2501 2099 senectute
2520 2040 2723 2112 quievit
2755 2041 2809 2097 in
2839 2056 2995 2112 pace.

1801 2374 1958 2432 XIII.

783 2497 1136 2575 MENOLOGIUII
1176 2499 1490 2555 Cumarum
1517 2498 1616 2554 sub
1654 2499 1840 2554 eadem
1870 2499 1978 2561 die,
2009 2514 2073 2552 ea:
2096 2498 2525 2567 interpretatione
2553 2498 2840 2553 cardinalis
2866 2499 3074 2556 Sirleti.

1173 2616 1258 2672 Ea:
1290 2618 1578 2673 Tuesauau
1603 2617 1892 2672 Camsuso
1926 2628 2051 2670 tom.
2086 2615 2173 2680 Ill,
2203 2626 2345 2684 part.
2373 2632 2415 2681 ι,
2445 2633 2566 2685 pag.
2586 2616 2721 2672 490.

320 2738 532 2794 Natalis
576 2737 635 2793 S.
671 2737 733 2793 P.
766 2737 831 2792 Ν.
894 2738 1258 2809 Amphilochii
1319 2739 1555 2809 episcOpi
1616 2738 1820 2801 lconii,

244 2832 352 2886 sub
402 2832 716 2886 Theodosio
758 2832 1088 2901 imperatore
1142 2842 1364 2901 magno,
1404 2832 1490 2884 vir
1526 2830 1832 2885 divinarum

244 2924 555 2977 litterarum
600 2923 790 2992 peritia
843 2932 897 2976 et
939 2923 1226 2977 sanctitate
1263 2923 1421 2987 vitae,
1462 2937 1527 2976 ac
1578 2930 1741 2976 recta:
1781 2929 1836 2974 et

243 3012 535 3068 catholica:
588 3012 711 3067 fidei
750 3012 1065 3068 sinceritate
1106 3012 1368 3083 insignis,
1410 3010 1599 3066 Basilii
1653 3011 1835 3080 magni

1944 2737 2181 2792 amicitia
2210 2746 2266 2792 et
2298 2737 2611 2791 testimonio
2637 2737 3069 2791 commendatus.
3102 2734 3202 2791 llic
3230 2735 3397 2790 libros
3419 2749 3515 2790 or-

1943 2828 2237 2884 thodoxam
2274 2826 2434 2881 ﬁdem
2464 2825 2803 2882 continentes
2827 2826 3173 2895 conscripsit,
3200 2836 3255 2880 et
3276 2828 3343 2882 ad
3367 2840 3518 2883 sum-

1943 2936 2087 2977 mam
2125 2927 2464 2976 senectutem
2502 2929 2793 2989 provectus
2822 2919 2876 2974 in
2901 2934 3035 2990 pace
3064 2919 3289 2988 quievit.

1794 3167 1952 3227 XIV.

645 3292 731 3347 Ea:
752 3295 1104 3351 Amnoaocto
1125 3295 1466 3359 Gnmconuu,
1494 3311 1629 3349 χχιιι
1658 3293 1876 3349 Noveml

1947 3309 1993 3359 ε,
2025 3292 2155 3347 edit.
2186 3290 2358 3347 Graec.
2390 3289 2529 3345 1756
2559 3287 2869 3352 (Romana),
2906 3304 3027 3357 pag.
3058 3286 3190 3342 aven

316 3432 428 3484 Τοῦ
472 3432 529 3484 ὲν
573 3430 748 3499 ἁγίοις
782 3431 987 3503 πατρὸς
1021 3432 1179 3504 ἡμῶν
1239 3433 1589 3506 Ἀμφιλοχῐου
1624 3431 1835 3485 ἑπισκό-
1864 3442 1876 3492 4

2015 3428 2196 3485 Sancti
2252 3427 2422 3499 patris
2471 3424 2640 3482 nostri
2686 3422 3046 3493 Amphilochii
3091 3422 3328 3493 episcopi
3396 3422 3515 3478 Ico-

241 3542 357 3578 που
400 3524 628 3577 Ἰκονίου
639 3565 651 3577 .

878 3616 1223 3671 ΚΟντάκιον.

332 3710 399 3764 Ἦ
433 3709 554 3763 Θεία
597 3708 823 3780 βροντή’
860 3711 893 3780 ἡ
943 3709 1176 3777 σάλπιγξ
1212 3709 1305 3763 τοῦ
1354 3707 1702 3779 Πνεύματος·
1742 3725 1835 3760 πι-

245 3801 393 3858 στῶν
422 3801 698 3873 φυτουργέ
718 3818 731 3831 ·
760 3802 855 3854 καὶ
884 3801 1115 3864 πέλεκυς
1144 3801 1251 3853 τῶν
1277 3800 1541 3871 αἱρέσεων
1562 3816 1574 3829 ο
1608 3798 1835 3870 ἱεράρχα

256 3893 583 3963 ’Δμφιλόχιε
604 3911 620 3923 ο
662 3892 761 3962 τῆς
793 3890 1024 3961 Τριὰδος
1058 3890 1310 3962 Θεράπων
1350 3892 1376 3943 6
1413 3889 1699 3960 μέγιστος·
1737 3888 1834 3939 σὺν

244 3986 507 4053 ἀγγέλοις
552 3984 728 4037 πέλων
777 3984 893 4036 ἀεί’
947 3981 1265 4053 πρεσϐεύων
1326 3980 1400 4053 μὴ
1454 3979 1639 4053 παύσῃ
1694 3979 1834 4049 ὑπὲρ

243 4070 470 4124 πάντων
505 4072 537 4141 ἡ
546 4070 683 4141 μῶν.

1946 3521 2171 3575 niensis.

2484 3606 2725 3677 Hymnus
2739 3622 2965 3681 .parvus.

2012 3700 2058 3757 Ο
2107 3699 2345 3755 divinum
2405 3698 2641 3761 tonitru;
2690 3712 2724 3751 o
2776 3695 2899 3749 tuba
2959 3694 3229 3763 Spiritus;
3275 3694 3513 3749 ﬁdelium

1938 3792 2249 3863 plantatur;
2275 3800 2328 3845 et
2353 3789 2558 3843 securis
2580 3788 2990 3851 haereticorum;
3024 3786 3260 3856 pontifex
3290 3786 3515 3855 Amphi-

1936 3885 2113 3953 lochi;
2162 3884 2444 3939 Trinitatis
2503 3883 2745 3937 minister
2797 3883 3071 3947 maxime;
3129 3896 3250 3934 cum
3297 3878 3507 3949 angelis

1935 3980 2203 4035 exsistens
2250 3991 2503 4046 semper;
2556 3976 2886 4031 intercessor
2933 3989 2998 4029 ne
3045 3987 3225 4029 cesses
3253 3987 3372 4027 esse
3415 3986 3515 4041 pro

1938 4070 2187 4124 omnibus
2216 4066 2391 4122 nobis.

1818 4242 2021 4297 IBIDEM.

924 4368 1145 4435 Στίχοι.

247 4458 490 4524 Σταλεὶς,
541 4458 892 4528 Ἀμςριλὸχιε,
928 4457 1136 4529 νεκρῶν
1167 4457 1407 4528 ἀμφίοις,

246 4552 451 4619 Δόχους
480 4549 784 4614 σκεδαζεις,
813 4549 907 4602 καὶ
940 4550 1129 4621 νεκρὸς
1153 4548 1271 4602 νοού
1280 4566 1459 4619 μενος.

248 4640 521 4695 Εἰκὰδιὲν
552 4648 786 4713 τριτάτῃ
831 4640 1061 4703 Θάνατος
1122 4639 1285 4693 λάϐεν
1333 4638 1701 4709 Ἀμφιλόχιον.

2625 4362 2836 4418 Versus.

1942 4452 2182 4519 lndutus,
2227 4452 2593 4524 Amphilochi,
2630 4466 2966 4509 mortuorum
2990 4453 3193 4519 linteis,

1938 4545 2289 4600 lnsidiantum
2314 4546 2528 4616 agmina
2554 4547 2809 4614 dissipas,
2837 4546 2918 4601 vel
2941 4557 3185 4600 mortuus
3207 4549 3508 4614 reputatus.

1941 4636 2038 4690 Die
2068 4634 2324 4690 vicesima
2352 4637 2511 4691 tertia
2536 4651 2683 4693 mors
2717 4637 2862 4705 cepit
2888 4635 3346 4707 Amphilochium.
