4030 6408
474 375 548 433 35
1423 364 1481 418 S.
1525 353 1966 416 AMPHILOCHII
2005 347 2392 409 lCONIENSlS
2430 344 2735 403 EPISCOPI
3649 331 3725 391 ω

1548 487 3703 521 Wa

647 521 1486 552 κεν-..ᾔ

1489 527 1538 536 -ι

1593 677 1730 730 ΤυΥ
1757 674 1848 728 ΕΝ
1871 673 2092 728 ΑΓΙΟΙΣ
2113 672 2382 727 ΠΑΤΡΟΣ
2413 669 2608 723 ΗΜΩΝ

1109 847 1822 941 ΛΜΦΙΛΟΧΙΟΥ
1875 841 2542 931 ΕΠΙΣΚΟΠΟΥ
2614 839 3088 926 ΙΚΟΝΙΟΥ

1319 1038 1828 1158 ΛΟΓΟΙο
1863 1037 2140 1151 ΚΑΙ
2200 1026 2853 1150 ΟΜΙΛΙΑΙ.

1283 1434 1410 1560 S.
1480 1430 1616 1551 P.
1685 1429 1828 1550 N.
1895 1421 2947 1550 AMPHILOCHII

1874 1663 2176 1721 EPISCOPI
2216 1661 2418 1718 lCONll

1479 1838 2062 1919 ORATIONES
2102 1837 2233 1915 ET
2279 1816 2778 1914 HOMILUE.

2067 2000 2154 2030 1.-

1123 2155 1378 2214 ΟΒΛΤΙΟ
1417 2157 1457 2212 Ι.

644 2249 714 2309 In
759 2251 1000 2305 natalitia
1028 2256 1200 2321 magni
1234 2251 1325 2304 Dei
1363 2263 1410 2303 et
1450 2249 1735 2305 Saluatoris
1768 2253 1931 2305 nostri

1055 2321 1181 2374 Jestt
1235 2322 1433 2375 Christi
1454 2322 1518 2374 ¹⁵.

577 2413 618 2468 l.
650 2412 872 2468 Videtur
903 2410 1058 2482 plane
1088 2419 1296 2479 pratum
1325 2411 1424 2464 hoc
1450 2407 1727 2478 spirituale
1749 2419 1803 2464 et
1840 2411 2076 2480 splendi-

510 2505 659 2568 dum,
683 2503 980 2558 caelestium
1016 2502 1204 2555 ﬂorum
1235 2511 1517 2555 venustate
1543 2501 1748 2554 varium
1775 2501 1926 2566 illud,
1955 2517 2081 2571 apo-

511 2595 826 2663 stolicisque
851 2608 915 2648 ac
956 2580 1280 2660 incorruptis
1328 2591 1644 2646 suaveoleus
1685 2591 1962 2656 odoribus,
1996 2594 2081 2648 di-

517 2689 630 2743 vini
660 2685 890 2756 paradisi
928 2683 1183 2754 prmt‘erre
1211 2693 1414 2754 typum.
1451 2682 1909 2747 Quemadmodum
1935 2685 2076 2738 enim

513 2779 730 2848 tripudii
764 2791 1038 2844 ovansque
1081 2775 1170 2830 ille
1201 2775 1383 2829 sensui
1417 2772 1690 2842 subjectus
1731 2784 1892 2844 atque
1944 2775 2083 2830 mala

512 2872 660 2923 oniui
689 2885 820 2922 aura
855 2883 1054 2923 vacuus
1081 2867 1259 2935 locus;
1291 2867 1573 2921 arboribus
1605 2866 1958 2936 incorruptis,
1981 2868 2086 2922 im-

519 2962 946 3031 mortalibusque
986 2961 1267 3022 fructibus,
1325 2974 1388 3014 ac
1441 2959 1918 3015 innumerabilibus
1965 2959 2087 3013 aliis

518 3069 774 3123 perquam
803 3051 1099 3122 magniﬁcis
1129 3052 1417 3106 decoratur
1445 3051 1778 3106 ornamentis
1810 3071 1824 3106 :
1855 3051 1926 3105 ita
1959 3067 2089 3107 sane

518 3147 573 3191 et
604 3137 971 3191 divinissimus
1027 3137 1539 3205 sacratissiinusque
1573 3135 1824 3190 Ecclesia:
1855 3151 2089 3190 conven-

524 3242 630 3292 tus,
667 3228 1036 3298 spiritualibus
1086 3229 1406 3296 arcanisque
1452 3228 1709 3282 illustrius
1759 3228 2091 3298 splendescit

521 3319 875 3374 sacramentis
902 3335 914 3370 :
952 3311 1180 3388 quorum
1213 3321 1366 3373 nobis
1393 3334 1674 3373 sacrorum
1708 3319 1864 3373 hodie
1891 3319 2089 3373 Christi

2103 2171 2150 2227 A

2804 2155 3020 2208 ΛΟΓΟΣ
3056 2156 3133 2207 Αν.

2177 2254 2280 2319 Εἰς
2317 2251 2391 2305 τὰ
2427 2249 2699 2324 γενέθλια
2738 2247 2843 2324 ζοῦ
2864 2316 2876 2324 ·
2892 2245 3163 2324 suariam}!
3205 2243 3366 2324 Θεοῦ.
3392 2243 3490 2296 καὶ
3546 2239 3748 2314 Σωτῆ-

2515 2338 2626 2386 ρος
2654 2316 2821 2386 ἡμῶν
2864 2316 3066 2382 'lnaoi!
3111 2316 3390 2382 Χριστοῦ.

2246 2416 2326 2469 A’.
2371 2414 2429 2465 Ὀ
2466 2413 2563 2483 μὲν
2593 2411 2953 2481 πνευματικὸς
2975 2400 3128 2470 οὗτος
3143 2408 3236 2459 καὶ
3256 2405 3503 2477 λαμπρὸς
3521 2403 3744 2475 λειμὼν,

2178 2507 2207 2559 ὁ
2253 2504 2332 2576 τῷ
2373 2504 2480 2557 τῶν
2527 2501 2789 2573 οὐρανίων
2831 2499 3006 2553 ἀνθῶν
3063 2497 3247 2552 κάλλει
3307 2495 3748 2565 πεποικιλμένος,

2180 2599 2275 2651 καὶ
2338 2599 2456 2660 ταῖς
2505 2594 2888 2655 άποστολικαῖς
2962 2593 3056 2644 καὶ
3117 2591 3405 2660 άχράντοις
3460 2587 3751 2652 εὐοδιάζων

2181 2689 2501 2758 ἀποφοραῖς,
2545 2685 2710 2738 τύπον
2755 2683 2898 2754 ἔχειν
2940 2680 3035 2735 τοῦ
3088 2679 3233 2732 θείου
3279 2677 3602 2749 παραδείσου
3662 2693 3754 2747 μοι

2184 2779 2450 2850 φαίνεται.
2478 2779 2574 2829 Ὃν
2593 2775 2701 2846 γὰρ
2723 2775 2920 2845 τρόπον
2939 2773 2967 2823 ὁ
2989 2770 3243 2839 αἰσθητὸς
3266 2772 3468 2830 ἐκεῖνος
3495 2767 3587 2819 καὶ
3609 2766 3754 2838 ἀκή-

2188 2888 2346 2944 ρατος
2375 2869 2535 2940 χορὸς
2570 2868 2669 2937 (l),
2709 2866 2979 2937 δένδρεσιν
3020 2863 3339 2933 ἀφθάρτοις,
3383 2861 3478 2913 καὶ
3521 2860 3759 2930 καρποῖς

2185 2963 2494 3024 ἀθανάτοις,
2517 2960 2612 3014 καὶ
2636 2957 2852 3030 μυρίοις
2879 2955 3058 3019 ἄλλοις
3087 2954 3499 3025 ὑπερλάμπροις
3531 2952 3760 3022 φαιδρύ-

2185 3070 2333 3107 νεται
2371 3050 2652 3105 κάλλεσιν*
2684 3048 2826 3101 οὕτω
2872 3048 2936 3118 δὴ
2982 3046 3077 3099 καὶ
3117 3038 3270 3108 οὗτος
3297 3045 3326 3096 ὁ
3357 3042 3759 3106 θεοειδέστατος

2186 3145 2285 3214 τῆς
2341 3141 2841 3214 ίεροπρεπεστάτης
2896 3136 3220 3208 Ἐκκλησίας
3276 3134 3500 3201 θίασος,
3550 3135 3761 3203 νοητοῖς

2187 3239 2281 3290 καὶ
2313 3236 2575 3308 ἀρρήτοις
2601 3229 3122 3302 καταλαμπρύνεται
3154 3228 3496 3299 μυστηρίοις,
3522 3221 3596 3280 ὧν
3622 3243 3763 3297 κρη-

2189 3327 2284 3390 πὶς
2313 3329 2445 3398 ἡμῖν
2469 3324 2735 3396 ἀρραγὴς,
2764 3323 2858 3376 καὶ
2884 3320 3132 3392 θεμέλιος
3155 3321 3461 3391 ἀστεμφὴς,
3493 3318 3589 3372 καὶ
3617 3318 3763 3389 ἀρχὴ

525 3411 634 3464 veri
653 3409 742 3464 Dei
771 3410 936 3464 nostri
961 3410 1325 3463 natalitiorum
1355 3409 1490 3465 festa
1522 3411 1661 3477 dies,
1685 3411 1853 3465 solida
1875 3412 2092 3479 crepido

2195 3418 2477 3488 σωτήριος,
2508 3417 2600 3468 καὶ
2623 3413 2836 3485 κορυφὴ
2865 3411 3293 3481 πανσεϐάσμιος,
3324 3413 3356 3481 ἡ
3391 3410 3627 3482 σήμερον
3656 3409 3766 3460 τῶν

523 3497 606 3556 est
635 3502 1151 3571 fundamentumque
1183 3501 1482 3558 immowni.
1519 3512 1574 3555 et
1616 3503 1833 3557 salubre
1882 3503 2091 3556 initium
2122 3516 2166 3572 Β

2195 3509 2364 3578 ἁγίων
2402 3506 2636 3580 Χριστοῦ
2684 3505 2777 3559 τοῦ
2825 3503 3080 3576 ἀληθινοῦ
3125 3502 3259 3556 Θεοῦ
3293 3501 3448 3573 ἡμῶν
3474 3499 3768 3568 γενεθλίων

525 3609 587 3646 ac
617 3594 775 3662 plane
798 3603 1054 3662 angustus
1089 3602 1272 3646 vertex
1308 3610 1323 3648 :
1357 3603 1576 3662 propter
1612 3609 1772 3663 quam
1823 3603 1878 3648 et
1914 3603 2095 3647 vetera

2195 3601 2342 3653 ἐστὶν
2375 3601 2570 3670 ἑορτή·
2605 3599 2672 3651 δι’
2707 3599 2775 3668 ἢν
2828 3597 2922 3650 καὶ
2965 3596 3034 3650 τὰ
3073 3596 3278 3650 παλαιὰ
3323 3595 3768 3667 πεπροφήτευται

528 3685 753 3754 ﬁgurate
781 3685 1095 3753 prophetata
1131 3691 1277 3750 sunt,
1313 3691 1364 3738 et
1405 3699 1541 3737 nova
1583 3684 1633 3738 iu
1681 3691 1795 3738 toto
1831 3693 2094 3738 terrarum

2194 3690 2458 3754 τυπικῶς,
2485 3688 2671 3742 καὶτὰ
2698 3687 2795 3742 νέα
2823 3686 3117 3759 διαρρήδην
3145 3688 3226 3750 εἰς
3255 3688 3436 3740 πᾶσαν
3462 3685 3560 3756 τὴν
3590 3685 3770 3738 οίκου-

525 3778 657 3831 urbe
701 3777 875 3844 palam
927 3776 1210 3843 praedicata
1237 3764 1257 3829 ε’
1285 3790 1381 3844 per
1429 3791 1588 3844 quam
1622 3775 1817 3829 coelum
1851 3785 2096 3846 apertum

2200 3782 2364 3854 μένην
2398 3782 2764 3852 κεκήρυκται·
2800 3779 2866 3832 δι’
2897 3782 2962 3849 ἢν
3011 3778 3217 3849 φθορᾶς
3253 3778 3482 3848 δύναμις
3516 3776 3768 3846 πεπάτη-

525 3875 633 3930 est,
670 3875 920 3933 terraque
968 3865 1036 3918 ad
1065 3865 1301 3918 divinam
1349 3866 1487 3920 elata
1539 3866 1910 3921 celsitudinem
1957 3881 2101 3935 :per

2196 3891 2306 3936 ται,
2335 3872 2428 3926 καὶ
2459 3871 2705 3925 διαϐόλου
2742 3869 2906 3933 σέϐας
2950 3869 3190 3941 ὀλέθριον
3228 3871 3505 3923 πέπαυται
3530 3885 3544 3899 '
3593 3869 3660 3922 δι’
3702 3869 3774 3940 ἢν

527 3975 688 4028 quam
723 3961 998 4027 paradisus
1016 3974 1306 4013 concessus
1328 3969 1412 4012 est
1445 3959 1771 4021 hominibus,
1802 3960 2098 4027 mortisque

2198 3962 2514 4034 ἀνθρώπινα
2536 3961 2682 4032 πάθη
2713 3962 3100 4027 τεθανάτωται,
3127 3960 3423 4030 ἁγγελικῆς
3454 3959 3774 4023 δεσποτείας

2201 4053 2314 4122 βίος
2353 4054 2797 4106 άνακεκαίνισται
2825 4053 2930 4124 (2)·
2967 4052 3032 4105 δι’
3085 4053 3150 4122 ἥν
3194 4052 3423 4123 οὐρανὸς
3467 4051 3770 4122 ὴνέῳκται,

2199 4145 2295 4199 καὶ
2319 4145 2389 4216 γῆ
2426 4147 2506 4209 εἰς
2541 4145 2684 4198 θεῖον
2725 4142 2860 4214 ὕψος
2894 4143 3254 4214 μετεώρισται
3276 4161 3289 4174 ·
3319 4143 3384 4195 δι’
3416 4144 3480 4214 ἣν
3511 4141 3773 4212 παράδει-

2202 4254 2292 4300 σος
2319 4237 2623 4308 ἁνθρώποις
2645 4234 2979 4299 ἀποδέδοται,
3019 4235 3115 4290 κει.)⁵
3149 4234 3378 4289 θανάτου
3409 4233 3608 4305 κράτος
3637 4250 3771 4286 κατ-

2197 4331 2465 4400 ήργηται·
2509 4329 2575 4382 δι’
2605 4328 2673 4400 ἣν
2715 4328 2894 4398 πλάνη
2940 4327 3208 4398 δαιμόνων
3266 4326 3570 4391 δεδίωκται,
3637 4323 3775 4379 Θεοῦ

2202 4422 2364 4492 σοφία
2401 4423 2496 4477 καὶ
2540 4423 2812 4490 πάναγνος
2852 4423 3120 4494 παρουσία
3153 4422 3479 4493 μεμήνυται.
3514 4423 3635 4474 Οὐκ
3668 4419 3774 4489 ἄγη

2201 4515 2377 4581 τελος
2409 4511 2539 4581 γὰρ,
2593 4513 2776 4582 φησὶν,
2834 4512 2976 4566 οὐδὲ
3025 4512 3311 4580 πρέσϐυς,
3354 4510 3491 4566 ἀλλ’
3527 4509 3709 4576 αὐτὸς
3743 4512 3778 4563 ό

536 4610 696 4660 neque
727 4595 946 4664 legatus,
999 4593 1089 4646 sed
1139 4594 1245 4662 ipse
1284 4592 1543 4647 Dominus
1593 4593 1753 4645 veniet
1792 4603 1840 4645 et
1882 4591 2100 4646 salvabit

2200 4603 2416 4671 Κύριος
2447 4602 2578 4670 ἥξει
2620 4602 2718 4655 καὶ
2765 4602 2949 4657 σώσει
2986 4603 3225 4668 αὐτούς.
3257 4599 3328 4654 Ὦ
3361 4602 3521 4656 θείων
3549 4603 3777 4672 εὐαγγε-

534 4701 620 4737 eos
643 4685 706 4738 ".
731 4684 776 4741 Ο
803 4685 1097 4740 faustorum
1134 4685 1438 4739 mintiorum
1485 4684 1758 4738 immensa:
1794 4683 2027 4738 divitiae!
2069 4698 2102 4736 ο

2200 4691 2327 4745 λίων
2351 4692 2578 4755 πλοῦτος
2597 4691 2902 4762 άμύθητοςῑ
2930 4687 3275 4760 ὧπανσόφων
3301 4692 3610 4763 μυστηρίων
3639 4691 3779 4760 γνῶ-

538 4776 1058 4847 sapientissimorum
1109 4786 1569 4832 sacramentorum
1629 4774 1852 4829 scientia
1889 4775 2102 4829 inenar-

2204 4799 2286 4846 σις
2324 4783 2744 4853 ἀνεκδιὴγητοςί
2793 4777 2839 4836 ὧ
2885 4782 3046 4836 θείων
3092 4783 3384 4854 άφράστων
3417 4783 3633 4854 δωρεῶν
3681 4783 3778 4854 01L-

540 4868 753 4922 rabilis!
801 4883 834 4922 ο
879 4868 1182 4922 divinorum
1237 4865 1588 4920 ineﬂ‘abiliunt
1629 4865 1888 4919 donorum
1948 4865 2101 4919 iude-
2128 4862 2169 4923 C

2206 4875 2405 4946 σαυρὸς
2432 4850 2848 4940 άνεξάλειπτοςι
2893 4867 2938 4926 ὦ
2981 4850 3342 4946 προνοητικῆς
3369 4850 3779 4946 φιλανθρωπίας

538 4958 790 5013 fectihilis
850 4957 1170 5013 thesaurus!
1211 4973 1245 5011 ο
1299 4958 1533 5026 providae
1584 4956 1882 5011 clementia:
1928 4957 2099 5028 gratia

2206 4963 2366 5034 χάρις
2413 4963 2814 5035 άναρίθμητοςί
2855 4964 3050 5028 Αὐτὸς
3094 4962 3224 5032 γὰρ,
3269 4963 3454 5034 φησὶν,
3499 4965 3532 5017 ό
3565 4965 3781 5033 Κύριος

541 5047 976 5102 innumerabilis!
1015 5047 1136 5114 Ipse
1166 5047 1326 5111 enim,
1368 5048 1560 5116 inquit,
1607 5046 1863 5100 Dominus
1915 5047 2098 5109 veniet,

2205 5047 2357 5116 ἣξει,
2393 5049 2492 5103 καὶ
2519 5048 2705 5104 σώσει
2741 5048 2917 5119 ἡμᾶς.
2953 5051 3138 5115 Ἥξειν
3170 5051 3304 5122 πρὸς
3335 5054 3486 5123 ἡμᾶς
3510 5052 3628 5106 τίνα
3651 5054 3776 5128 τρό-

541 5150 588 5193 ει
613 5140 837 5193 salvabit
869 5155 981 5195 nos.
1010 5139 1147 5206 Quo.
1179 5140 1437 5209 propheta
1474 5139 1675 5204 divine,
1718 5141 1874 5194 modo
1900 5141 1966 5194 ad
2001 5154 2101 5196 nos

2205 5156 2326 5206 πον,
2356 5133 2402 5192 ὦ
2445 5140 2557 5194 θεῖε
2591 5141 2876 5213 προφῆτα,
2909 5141 3200 5213 κηρύττεις
3223 5143 3315 5197 τὸν
3347 5143 3585 5214 Κύριον;
3627 5145 3778 5217 Παρ-

612 5272 656 5302 ¹⁵
697 5271 803 5326 Tit.
835 5288 895 5337 ιι,
931 5273 1019 5327 15.
1098 5274 1142 5304 ’⁸
1171 5273 1271 5327 lsa.
1310 5288 1465 5337 um,
1501 5273 1556 5329 9.

614 5388 690 5460 (l)
727 5389 836 5443 Καὶ
857 5390 1152 5458 ἀκήρατος
1191 5393 1386 5458 χορός.
1415 5389 1655 5444 Placeret
1676 5389 1847 5456 magis
1879 5388 2054 5460 χῶρος
2087 5409 2100 5423 ·

543 5460 860 5515 retinuimus
883 5471 1060 5515 tamen
1091 5475 1307 5530 propter
1331 5477 1582 5526 sequens,
1608 5460 1793 5522 θίασος
1812 5501 1827 5523 ,
1844 5471 1915 5530 ut
1939 5461 2105 5528 signi-

545 5533 736 5582 licetur
765 5532 1044 5598 paradisus
1070 5529 1124 5584 et
1149 5531 1336 5585 hortus
1366 5533 1472 5594 ille,
1500 5533 1566 5584 ad
1596 5536 1807 5584 modum
1839 5529 1938 5582 loci
1975 5532 2103 5582 cho-

541 5600 652 5655 reis
679 5600 950 5664 destinati,
984 5611 1037 5654 et
1064 5600 1164 5656 loci
1190 5601 1441 5671 tripudii:
1476 5601 1651 5670 qualis
1679 5613 1804 5653 vere
1827 5598 1927 5653 fuit
1951 5613 2105 5655 crea-

543 5677 634 5729 tus
665 5671 930 5723 innocenti
969 5672 1192 5725 homini.

614 5736 694 5811 (2)
735 5739 1063 5810 Ἀγγελικῆς
1083 5740 1434 5809 δεσποτείας
1445 5741 1585 5807 βίος
1602 5740 2106 5796 ἀνακεκαίνισται.

533 4058 768 4116 potestas
788 4048 982 4101 abolita
1017 4063 1032 4100 :
1059 4063 1152 4117 per
1181 4064 1342 4116 quam
1372 4049 1450 4102 vis
1477 4049 1838 4117 corruptionis
1867 4058 2101 4103 est'cou-

531 4137 761 4201 cnlcata,
786 4137 1225 4206 perniciosusque
1254 4137 1448 4191 diaboli
1477 4138 1654 4192 cultus
1678 4136 1920 4190 sublatus
1946 4155 1959 4191 :
1996 4152 2092 4205 per

531 4244 692 4298 quam
741 4231 968 4282 humana
1018 4229 1143 4281 vitia
1187 4229 1511 4282 inortiticata
1569 4237 1714 4289 sunt,
1766 4229 2100 4298 augelicique

534 4321 751 4374 dominii
782 4322 1059 4389 designata
1091 4319 1212 4373 vita:
1246 4320 1420 4373 ratio:
1459 4335 1553 4388 per
1587 4335 1749 4389 quam
1783 4319 1993 4388 fugatus
2018 4329 2102 4375 est

533 4427 687 4466 error
725 4411 1052 4475 daemonum,
1096 4412 1295 4480 Deique
1341 4411 1603 4480 sapientia
1661 4426 1724 4464 ac
1764 4410 2102 4465 castissimus

536 4502 889 4555 aununtiatus
921 4503 1206 4555 adventus.
1257 4499 1379 4553 Non
1430 4502 1566 4554 enim
1622 4499 1858 4569 angelus,
1899 4500 2099 4569 inquit,

2212 5389 2371 5445 V'elut
2399 5389 2570 5458 prima
2598 5388 2686 5442 illa
2710 5388 2984 5460 libertate,
3010 5403 3114 5458 qua
3139 5389 3344 5445 similes
3370 5391 3594 5460 angelis,
3633 5405 3781 5443 mero

2214 5462 2438 5529 imperio
2466 5459 2719 5528 appetitui
2748 5460 3181 5530 dominabantur,
3213 5461 3294 5530 sin
3323 5459 3477 5530 plene
3509 5460 3780 5521 restituta,

2213 5539 2267 5584 at
2296 5527 2444 5584 velut
2478 5527 2762 5593 inchoata;
2803 5527 3178 5598 abundantiori
3220 5529 3306 5582 illa
3325 5527 3507 5598 'gratia
3545 5540 3600 5584 et
3639 5531 3786 5583 sani-

2216 5612 2323 5654 tate
2365 5599 2459 5678 τοῦ
2503 5597 2834 5679 ἡγεμονικοῦ
2857 5635 2872 5662 ,
2904 5599 3238 5655 redundante
3287 5597 3568 5672 iniicorpus
3599 5599 3784 5668 subje-

2216 5681 2382 5736 ctum,
2415 5684 2636 5739 ejusque
2665 5683 2830 5724 Vires.
