4030 6408
301 376 369 431 57
1405 374 1669 429 ORATlO
1710 374 1773 429 IN
1814 375 2092 430 CHRISTI
2134 376 2492 435 NATALEM.
3487 386 3560 442 ἵιὸ

305 495 635 568 ρησιᾶσομαι
669 495 778 567 γὰρ
825 498 883 549 ἐν
923 494 1095 565 τούτῳ
1127 493 1203 565 τῷ
1236 495 1392 565 μέρει
1428 497 1563 567 πρὸς
1589 498 1648 549 σὲ
1689 497 1751 549 τὸ
1778 498 1879 551 τῶν

1990 509 2273 553 venturum
2334 501 2614 553 Dominum
2661 498 2955 569 pradicas?
2978 500 3060 554 Ad
3093 508 3144 554 te
3180 501 3322 584 enim
3360 502 3463 556 hae
3502 504 3555 557 in

303 586 551 639 παλαιῶν
578 586 787 657 ἀνδρῶν
828 586 1114 656 πρόσωπον
1138 587 1581 656 ἀναδεδεγμένος,
1614 588 1721 642 τῶν
1748 589 1883 642 ταύ-

302 699 402 750 την
428 680 553 749 (εἰς)
581 680 679 749 τὴν
718 678 1063 748 πανύμνητόν
1114 695 1204 747 μοι
1237 677 1612 746 ἐορτασάντων
1640 681 1884 751 πανήγυ-

308 790 414 842 ριν,
456 772 595 841 μήτε
637 771 692 823 δὲ
723 770 818 823 τοῦ
860 768 1046 823 καινοῦ
1090 770 1184 821 καὶ
1216 771 1491 838 πανάγνου
1532 771 1754 824 τοκετοῦ
1784 771 1885 842 τῆς

307 863 574 931 ἀχράντου
603 860 886 930 Παρθένου
915 859 1351 929 πεπειραμένων,
1388 860 1525 931 μήτε
1556 860 1625 913 τὰ
1646 861 1755 914 τῶν
1784 863 1885 929 ἁγ-

306 955 478 1021 γέλων
519 953 842 1021 ἑωρακότων
877 952 1240 1022 σκιρτήματα,
1281 953 1416 1022 μήτε
1444 952 1541 1014 τὰς
1566 952 1715 1016 θείας
1750 954 1885 1022 ἀκη-

307 1045 509 1097 κοότων
540 1044 747 1110 φωνὰς,
791 1044 856 1105 ἂς
902 1042 1035 1113 πρὸς
1063 1044 1187 1105 τοὺς
1234 1044 1397 1113 ἱερεῖς
1427 1043 1692 1114 ποιμένας
1723 1046 1883 1096 ἀνευ-

307 1134 622 1202 φημοῦντες
675 1133 765 1185 τὸν
830 1132 1221 1202 γεγεννημένον
1272 1135 1531 1205 Σωτῆρα,
1588 1134 1884 1205 γεγηθότες

305 1225 689 1294 ἀπήγγελλονο
731 1226 863 1295 μήτε
900 1226 1005 1295 μὴν
1039 1224 1146 1276 τῶν
1177 1226 1365 1295 μάγων
1402 1226 1469 1277 τὰ
1498 1225 1646 1296 δῶρα
1672 1227 1881 1279 συνιέν-

304 1335 435 1380 των,
467 1318 564 1369 καὶ
588 1315 687 1386 τὴν
715 1316 1083 1387 προσκύνησιν
1111 1316 1210 1387 τὴν
1242 1316 1459 1387 θεῖκήν·
1498 1318 1722 1371 ἐκείνων
1750 1320 1883 1372 ἁνα-

305 1409 602 1478 δεξάμενος
636 1407 696 1458 τὸ
736 1408 1043 1478 πρόσωπον,
1091 1407 1428 1477 ὲρωτήσαιμί
1463 1424 1522 1459 σε
1546 1408 1638 1460 τὸν
1683 1410 1881 1479 τρόπον

305 1502 408 1569 τῆς
454 1500 777 1570 παρουσίας.
833 1500 1185 1569 Κατέπληττε
1244 1500 1352 1568 γὰρ
1402 1501 1598 1563 αὐτοὺς
1654 1502 1879 1563 εἰκότως

306 1592 427 1644 λίαν
453 1591 517 1643 τὸ
545 1591 747 1658 λόγιον,
785 1590 879 1642 καὶ
909 1590 1103 1661 μικροῦ
1132 1590 1239 1642 δεῖν
1268 1590 1345 1660 τῷ
1377 1590 1568 1661 πλήθει
1604 1591 1697 1643 τοῦ
1730 1592 1881 1655 δέους

307 1683 627 1748 ἐξίστασθαι
661 1682 1070 1751 παρεσκεύασεν
1100 1682 1207 1735 τῶν
1232 1681 1458 1752 φρενῶν.
1501 1683 1573 1734 Οὐ
1602 1683 1708 1752 γὰρ
1739 1680 1881 1752 εἶχον

306 1776 466 1835 νοεῖν,
484 1774 569 1825 ὅτι
592 1773 621 1823 6
638 1771 900 1833 ἀθάνατος
914 1771 1045 1834 Θεὸς
1073 1771 1207 1842 πρὸς
1239 1770 1334 1823 ἀνθ
1344 1768 1552 1839 ρώπους
1579 1771 1878 1838 γεώδεστά-

306 1882 429 1928 τους
461 1864 618 1934 ἦξειο
661 1864 690 1915 6
730 1863 1100 1932 ἁψηλάφητος,
1146 1861 1283 1932 πρὸς
1325 1863 1449 1925 τοὺς
1496 1861 1783 1931 αἰσθητούς
1808 1880 1821 1893 ο
1853 1867 1880 1915 ό

308 1956 642 2027 ἀθεώρητος,
679 1956 815 2025 πρὸς
858 1957 983 2016 τοὺς
1023 1953 1273 2025 ὁρατούς.
1321 1954 1446 2015 Πῶς
1492 1954 1601 2023 γὰρ
1633 1952 1697 2005 ἂν
1729 1954 1879 2023 ἥξειν

304 2046 396 2097 τὸν
425 2046 560 2099 Θεὸν
592 2044 870 2114 ᾠήθησαν,
892 2044 984 2096 καί
1012 2042 1127 2104 πῶς
1150 2041 1512 2112 ὀφθήσεσθαι;
1556 2043 1743 2107 Ἐνίοις
1784 2046 1881 2115 μὲν

306 2137 481 2188 ἐδόκει
512 2136 776 2205 πρότερον
812 2133 885 2196 ὡς
918 2131 1073 2203 ὤφθη
1122 2132 1199 2203 τῷ
1238 2132 1487 2203 Ἀϐραὰμ
1511 2132 1578 2184 δι’
1610 2133 1876 2202 ἀγγέλων,

305 2232 338 2299 ἧ
382 2231 427 2282 δ’
469 2225 537 2282 αὖ
586 2228 769 2291 πάλιν,
810 2228 884 2291 ὡς
924 2226 1076 2297 ὤφθη
1112 2226 1187 2295 τῷ
1236 2227 1444 2296 Μωῦσῇ
1484 2224 1573 2277 διὰ
1617 2227 1785 2297 πυρὸς
1822 2228 1880 2277 ὲν

302 2324 373 2390 τῇ
402 2321 573 2391 βάτῳ,
605 2320 638 2390 ἢ
668 2320 785 2372 καθ’
810 2319 867 2371 ὃν
890 2318 1085 2389 τρόπον
1118 2316 1273 2386 ὤφθη
1304 2316 1381 2386 τῷ
1424 2316 1616 2387 Ἡσαΐᾳ
1644 2317 1732 2370 διὰ
1772 2318 1879 2371 τῶν

306 2413 570 2481 σεραφὶμ,
629 2411 661 2481 ἢ
700 2411 775 2481 τῷ
836 2408 1095 2479 Ἰεζεκιὴλ
1137 2406 1223 2460 διὰ
1264 2407 1370 2459 τῶν
1409 2408 1690 2477 χερουϐίμ.
1725 2408 1880 2461 Οὕτω

304 2504 416 2574 γὰρ
465 2503 667 2566 πάντες
703 2502 834 2555 θεὸν
880 2501 1181 2573 ἑωρακέναι
1227 2499 1609 2569 διαμφοτέροις
1659 2500 1879 2570 τρόποις

308 2594 791 2664 μεμαρτυρήκασι.
846 2592 1002 2653 Ποίος
1050 2591 1225 2643 τοίνυν
1270 2587 1473 2640 τούτων
1530 2589 1749 2659 τρόπων
1800 2593 1881 2652 εἰς

304 2684 542 2755 θεωρίαν
573 2682 708 2736 Θεοῦ
736 2685 883 2735 ἐστιν
916 2682 1099 2747 ἄξιος;
1132 2683 1289 2753 δῆλον
1317 2686 1397 2738 ὅτι
1420 2686 1539 2738 οὐδὲ
1566 2678 1666 2745 εἷς.

378 2778 551 2831 Πόθεν
570 2777 628 2829 δὲ
658 2777 891 2846 μάλιστα
918 2774 1075 2829 τοῦτο
1107 2776 1475 2847 πιστούμεθας
1521 2777 1615 2828 Ἐκ
1644 2774 1743 2843 τῆς
1769 2772 1882 2824 ἐτέ-

306 2888 406 2941 ρας
443 2869 543 2922 τοῦ
588 2872 866 2939 προφήτου
912 2867 1093 2937 φωνῆς
1138 2867 1435 2939 λεγούσης·
1475 2866 1635 2921 Μετὰ
1688 2864 1875 2917 ταῦτα

301 2963 401 3013 ἐπὶ
434 2962 543 3028 τῆς
579 2960 695 3029 γῆς
738 2961 926 3028 ὤφθη,
977 2959 1073 3012 καὶ
1118 2959 1240 3023 τοῖς
1283 2959 1613 3027 ἀνθρώποις
1652 2972 1873 3010 συναν-

300 3053 600 3121 εστρὰερη.
642 3051 933 3114 Ὀπτασίας
966 3051 1065 3121 μὲν
1091 3050 1196 3123 γὰρ
1226 3053 1427 3114 ἐκεῖνα,
1463 3052 1555 3104 καὶ
1570 3050 1629 3101 ού
1650 3065 1878 3101 συνανα-

1986 598 2139 656 parte
2165 588 2330 643 libere
2359 590 2572 658 loquar,
2595 604 2823 657 persona
2855 600 3095 645 veterum
3128 600 3425 663 assumpta,
3456 596 3552 663 qui

1985 678 2191 734 hancce
2216 680 2344 733 mihi
2391 680 2806 735 laudatissimam
2851 681 3219 737 celebritatem
3248 684 3553 752 coluerunt,

1985 785 2085 826 nec
2105 786 2296 826 novum
2323 781 2499 826 tamen
2532 782 2587 826 et
2608 772 2966 827 castissimum
3008 773 3341 830 intemerata:
3374 775 3556 845 Virgi-

1985 860 2069 914 nis
2098 871 2333 929 partum,
2378 864 2746 931 experimento
2793 876 3179 933 cognoverunt,
3215 882 3310 919 nec
3336 877 3555 921 sancto-

1987 966 2102 1005 rum
2132 952 2440 1020 angelorum
2468 954 2715 1008 viderunt
2760 956 3011 1023 tripudia,
3068 971 3169 1010 nec
3207 956 3419 1010 divinas
3450 973 3547 1010 au-

1985 1043 2197 1095 dierunt
2231 1059 2407 1105 voces.
2462 1044 2655 1112 quibus
2699 1045 2799 1109 illi,
2839 1046 3009 1099 sacris
3035 1046 3341 1113 pastoribus
3374 1047 3553 1103 fausta

1985 1135 2361 1199 acclamantes,
2395 1146 2578 1189 natum
2614 1136 2944 1191 Salvatorem
2979 1137 3170 1206 gaudio
3198 1140 3549 1195 nuntiarunt:

1984 1228 2075 1279 sed
2125 1241 2297 1292 neque
2339 1241 2613 1295 magorum
2649 1243 2894 1293 munera,
2952 1228 3296 1294 divinantque
3328 1245 3551 1298 perspe-

1986 1324 2178 1370 xerunt
2218 1319 2581 1371 adorationem
2615 1336 2628 1372 :
2660 1334 2869 1383 eorum,
2911 1320 3151 1389 inquam,
3192 1336 3417 1390 persona
3464 1337 3554 1375 as-

1983 1418 2213 1475 sumpta,
2234 1421 2299 1460 ex
2328 1416 2377 1461 te
2404 1409 2660 1463 adventus
2690 1410 2902 1462 modum
2938 1410 3263 1477 quzesierim.
3318 1410 3553 1465 Perculit

1984 1500 2126 1552 enim
2149 1514 2241 1552 eos
2269 1513 2524 1567 perquam
2564 1500 2756 1553 merito
2783 1500 3081 1564 oraculum,
3115 1516 3411 1568 parumque
3451 1504 3550 1554 ab-

1986 1590 2103 1653 fuit,
2128 1604 2193 1642 ne
2226 1603 2331 1657 prae
2360 1589 2559 1657 ingenti
2594 1599 2733 1642 metu
2773 1590 3017 1643 sensibus
3054 1591 3382 1645 deturbaret.
3430 1590 3547 1646 Non

1983 1681 2121 1732 enim
2164 1688 2408 1747 pateraut
2442 1679 2710 1733 intellectu
2760 1680 2995 1748 assequi,
3041 1691 3327 1734 venturum
3379 1682 3544 1735 Deum

1985 1772 2339 1825 immortalem
2375 1772 2440 1825 ad
2477 1770 2843 1825 crassissimus
2882 1770 3156 1835 homines;
3210 1772 3410 1839 palpari
3455 1786 3551 1825 ne-

1982 1866 2173 1927 scium,
2202 1864 2265 1918 ad
2289 1864 2604 1927 sensibiles;
2650 1863 2996 1925 invisibilem,
3035 1864 3099 1915 ad
3140 1862 3546 1919 visibiles.N:uu

1982 1956 2248 2024 quomodo
2274 1965 2576 2019 venturum,
2613 1968 2825 2022 quoque
2853 1955 3008 2007 modo
3038 1953 3319 2007 videndum
3354 1955 3544 2008 existi-

1983 2046 2228 2099 marent?
2262 2045 2485 2111 Quidam
2508 2044 2650 2097 enim
2678 2043 2951 2111 putabant.
2981 2043 3121 2095 sicut
3145 2043 3291 2111 prius
3315 2043 3547 2097 Abrahae

1981 2137 2225 2203 apparuit
2255 2151 2349 2204 per
2384 2135 2603 2203 angelos
2627 2135 2667 2165 "
2696 2152 2709 2186 :
2741 2144 2833 2186 aut
2874 2149 3086 2187 rursum
3128 2143 3184 2187 ut
3222 2149 3315 2201 per
3365 2134 3540 2203 ignem

1984 2228 2147 2299 Moysi
2188 2228 2236 2281 in
2275 2228 2407 2281 rubo
2430 2226 2512 2279 ¹⁸ε
2548 2234 2637 2279 aut
2672 2227 2941 2295 quomodo
2982 2225 3132 2279 Isaia:
3159 2226 3305 2277 visus
3340 2234 3422 2277 est
3453 2238 3547 2291 per

1981 2320 2306 2389 seraphim"
2350 2337 2364 2375 :
2420 2330 2512 2372 aut
2564 2318 2830 2371 Ezechieli
2899 2332 2992 2386 per
3032 2317 3311 2371 cherubim
3334 2316 3401 2371 ’°.
3452 2315 3547 2368 llis

1980 2413 2121 2467 cnim
2171 2411 2443 2465 alterutris
2493 2411 2685 2475 modis,
2714 2410 2876 2463 Deum
2904 2424 3088 2463 omnes
3123 2408 3321 2462 vidisse
3369 2408 3544 2461 testati

1981 2515 2124 2558 sunt.
2157 2502 2285 2569 Quis
2312 2518 2439 2571 ergo
2463 2501 2671 2555 illorum
2699 2501 2912 2569 dignus,
2938 2510 2994 2553 ut
3019 2515 3077 2552 se
3115 2499 3254 2553 Deus
3273 2514 3337 2553 eo
3365 2500 3548 2553 viden-

1981 2596 2105 2648 dum
2138 2592 2436 2663 praeberet?
2462 2590 2687 2645 Planum
2718 2600 2801 2645 est
2831 2604 2898 2645 ne
2922 2589 3088 2643 ullum
3116 2605 3255 2644 esse.

2051 2788 2115 2842 ll.
2144 2787 2293 2842 Unde
2322 2788 2369 2843 id
2399 2788 2818 2841 conﬁrmamus?
2850 2787 2922 2841 Ex
2956 2787 3055 2841 alia
3087 2789 3361 2856 propheta:
3388 2803 3542 2852 voce,

1981 2880 2208 2933 dicentis
2235 2898 2248 2933 :
2282 2876 2407 2931 Post
2439 2880 2548 2931 [nec
2570 2879 2624 2930 in
2668 2886 2809 2930 terra
2841 2879 2978 2930 visus
3016 2887 3113 2937 est.
3136 2887 3181 2929 et
3210 2893 3329 2929 cum
3372 2877 3545 2930 homi-

1981 2972 2487 3033 nibus,conversatus
2516 2970 2675 3025 est".
2704 2967 2797 3021 Illa
2824 2970 3039 3036 quidem
3067 2967 3285 3020 visionis
3310 2968 3541 3027 luerunt.

1982 3076 2085 3114 non
2118 3061 2546 3113 conversationis
2588 3068 2900 3127 argumenta
2938 3076 2952 3110 :
2982 3058 3082 3110 ista
3115 3058 3541 3111 conversationis

304 3142 551 3213 στροφῆς
604 3141 814 3213 ὑπῆρχε
862 3144 1162 3212 τεκμήρια*
1199 3142 1371 3195 ταῦτα
1414 3142 1872 3211 συναναστροφῆςν

1982 3161 2126 3214 sunt,
2157 3167 2259 3205 non
2288 3152 2508 3206 visionis
2554 3150 2841 3219 praeconia.
2886 3148 3163 3214 Quomodo
3212 3148 3372 3214 igitur
3409 3148 3484 3201 ait
3526 3167 3538 3201 :

302 3235 399 3286 καὶ
442 3234 548 3285 ούκ
586 3232 851 3295 ὀπτασίας
894 3231 1149 3300 τυγχάνει
1200 3230 1550 3301 κηρύγματα.
1606 3229 1729 3291 Πῶς
1783 3224 1876 3281 οὖν

302 3327 502 3395 φησίν·
556 3324 751 3389 Αὐτὸς
796 3327 828 3377 ό
877 3324 1087 3391 Κύριος
1136 3323 1289 3392 ἣξει,
1322 3324 1421 3377 καὶ
1460 3322 1645 3377 σώσει
1687 3321 1877 3391 quiec,-

304 3419 489 3487 Λέγῃς
531 3416 599 3469 ἂν
628 3418 781 3487 ἡμῖν,
832 3408 877 3466 ὦ
933 3414 1189 3485 μακάριε.
1242 3414 1366 3477 Πῶς
1408 3414 1437 3465 6
1464 3413 1879 3482 ,ἀσχημάτιστος

306 3508 734 3579 σχηματίζεταις
771 3509 799 3559 ὁ
828 3506 1101 3577 ἀκίνητος,
1137 3506 1243 3557 ἀπὸ
1294 3505 1403 3558 τῶν
1450 3504 1714 3574 οὐρανίων
1754 3502 1878 3573 θρό-

304 3617 414 3653 νων
459 3600 550 3651 ὲπὶ
586 3598 691 3667 τῆς
723 3596 830 3667 γῆς
874 3596 1033 3650 πάλιν
1068 3595 1540 3665 ἁντιμεθίσταται;
1571 3596 1698 3665 εἴπῃ
1736 3594 1781 3645 δ’
1813 3594 1879 3646 ἂν

306 3693 445 3762 πρὸς
474 3692 674 3752 αὐτοὺς
700 3687 953 3742 ἀπαντῶν
974 3689 1001 3741 ό
1017 3687 1157 3750 θεῖος
1183 3680 1335 3749 οὗτος
1354 3686 1492 3755 ἁνήρ
1509 3702 1523 3716 ·
1540 3685 1660 3737 Ὅτι
1680 3684 1744 3737 δι’
1767 3684 1881 3736 ἐτέ-

306 3802 417 3854 ρων
450 3783 646 3849 λογίων
674 3780 765 3834 τὸν
796 3780 993 3850 τρόπον
1038 3777 1307 3847 ⁴ᾗκούσατε
1345 3776 1441 3847 τῆς
1480 3775 1797 3845 παρουσίας,
1828 3775 1879 3826 τί

306 3875 587 3945 περισσῶς
635 3872 1135 3942 πολυπραγμονεῖτε
1186 3868 1416 3923 ἐνταῦθα
1460 3868 1520 3920 τὸ
1565 3868 1772 3934 λόγιον;
1809 3868 1879 3918 ’Ἡ

304 3964 531 4034 λέληθεν
566 3964 712 4032 ὑμᾶς
758 3962 819 4014 τὸ
865 3960 1174 4031 εἰρημένον,
1220 3960 1302 4013 ὃτι
1356 3960 1425 4013 '11
1472 3957 1768 4025 παρθένος
1811 3956 1882 4009 ἐν

303 4053 519 4121 γαστρὶ
554 4051 701 4117 ἕξει,
736 4048 838 4103 καὶ
868 4049 1096 4112 τέξεται
1117 4048 1272 4109 υἱὸν,
1310 4046 1408 4102 καὶ
1445 4045 1785 4099 καλέσουσι
1812 4042 1877 4096 τὸ

305 4144 497 4211 ὄνομα
534 4142 722 4195 αὑτοῦ
772 4139 1177 4209 Ἐμμανουὴλ,
1215 4138 1249 4191 ὅ
1280 4138 1413 4192 ἐστι
1448 4136 1881 4206 μεθερμηνευό-

298 4254 516 4306 μενον.
546 4237 687 4291 Μεθ’
719 4234 888 4303 ἡμῶν
920 4237 953 4287 ό
994 4236 1167 4299 Θεός;
1197 4232 1229 4303 ἢ
1262 4233 1362 4285 ούκ
1388 4232 1662 4301 ἀκηκόατε
1694 4229 1753 4282 τὸ
1790 4245 1882 4297 γε-

304 4328 653 4398 γραμμένον,
690 4328 773 4381 ὅτι
810 4324 1057 4379 Παιδίον
1095 4323 1385 4393 ἐγεννήθη
1418 4322 1584 4391 ἡμῖν,
1620 4321 1752 4387 υἱὸς
1779 4321 1877 4375 καὶ

303 4422 489 4486 ἐδόθη
528 4418 693 4487 ἡμῖν,
728 4413 798 4473 οὗ
826 4417 865 4485 ἠ
904 4417 1060 4486 ἁρχὴ
1093 4416 1193 4469 ἐπὶ
1223 4415 1329 4469 τοῦ
1363 4414 1522 4483 ὤμου
1554 4412 1758 4471 αὐτοῦ,
1784 4412 1880 4465 καὶ

1979 3243 2101 3311 Ipse
2130 3243 2378 3297 Dominus
2414 3243 2598 3306 veniet,
2631 3252 2678 3296 et
2709 3241 2923 3295 salvabit
2958 3242 3091 3294 nos?
3126 3238 3333 3293 Dixeris
3369 3239 3544 3301 nobis,

1980 3350 2014 3387 o
2047 3338 2198 3389 beate
2231 3350 2246 3389 :
2279 3334 2545 3403 quomodo
2586 3334 2863 3400 ﬁguratur,
2921 3331 2975 3384 iu
3025 3344 3185 3399 quem
3245 3344 3349 3384 non
3402 3331 3549 3382 cadit

1982 3427 2185 3495 figura?
2219 3425 2615 3493 immobilisque
2666 3423 2733 3477 ab
2766 3422 3077 3477 coelestibus
3106 3421 3341 3485 sedibus,
3391 3421 3547 3474 dere-

1979 3516 2106 3570 licta
2147 3530 2359 3569 rursum
2401 3514 2652 3579 statione,
2700 3513 2751 3567 in
2799 3522 2993 3566 terram
3044 3508 3412 3564 transfertur?
3451 3509 3547 3563 llis

1981 3621 2108 3660 vero
2143 3607 2224 3660 vir
2274 3606 2486 3660 divinus
2525 3604 2843 3665 occurrerit,
2888 3604 3075 3656 dicens
3115 3620 3128 3655 :
3162 3598 3282 3655 Alio
3329 3603 3548 3655 oraculo

1982 3700 2235 3752 traditum
2278 3698 2557 3751 audivistis
2598 3699 2859 3750 adventus
2892 3696 3127 3748 modum.
3160 3694 3297 3760 Quid
3330 3695 3415 3748 hic
3449 3710 3544 3748 su-

1980 3802 2307 3857 pervacanea
2346 3789 2655 3841 curiositate
2696 3785 2980 3854 exquiritis
3020 3785 3337 3838 oraculum?
3381 3783 3545 3852 Fugit

1982 3890 2077 3930 vos
2124 3875 2321 3929 dictum
2378 3874 2548 3927 illud:
2596 3870 2728 3925 Ecce
2764 3872 2905 3939 uirgo
2935 3871 3137 3924 habebit
3186 3872 3238 3923 in
3280 3882 3448 3934 utero,
3496 3880 3543 3922 et

1980 3969 2145 4038 pariet
2173 3967 2363 4035 ﬁlium,
2396 3976 2441 4019 et
2473 3966 2722 4017 vocabunt
2762 3978 2949 4016 nomen
2992 3962 3104 4030 ejus
3141 3960 3543 4014 Emmanuel":

1980 4062 2122 4128 quod
2165 4059 2551 4127 interpreteris,
2580 4056 2864 4109 Nobiscum
2891 4052 3069 4106 Deus?
3100 4051 3286 4106 Nonne
3313 4052 3540 4105 audistis

1980 4151 2121 4217 quod
2162 4152 2417 4219 scriptum
2458 4158 2563 4211 est,
2603 4148 2727 4215 quia
2765 4145 3029 4199 Parvulas
3066 4152 3220 4197 natus
3254 4152 3328 4196 est
3373 4143 3541 4205 nobis,

1977 4244 2121 4311 [ilius
2156 4252 2201 4296 et
2235 4242 2390 4294 datus
2416 4251 2488 4293 est
2528 4240 2693 4303 nobis,
2730 4236 2879 4305 cujus
2911 4235 3234 4303 principatus
3260 4248 3415 4301 super
3450 4232 3546 4285 ltu-

1979 4344 2176 4381 merum
2203 4326 2339 4394 ejus,
2380 4338 2427 4379 et
2462 4336 2678 4379 vocatur
2722 4339 2906 4377 nomen
2944 4321 3077 4390 ejus.
3114 4320 3293 4389 magni
3340 4322 3545 4373 consilii

1979 4415 2192 4485 angelus
2223 4432 2242 4470 :
2273 4414 2622 4475 admirabilis,
2653 4412 3010 4473 consiliarius,
3064 4409 3202 4462 Deus
3237 4408 3413 4475 fortis,
3453 4426 3546 4477 po-

304 4509 582 4562 καλεῖται
627 4508 691 4559 τὸ
731 4507 916 4575 ὄνομα
940 4506 1146 4570 αὑτοῦ,
1172 4503 1437 4573 μεγάλης
1453 4503 1692 4571 βουλῆς
1716 4501 1879 4572 ἅγγε-

1986 4515 2120 4571 tens,
2147 4506 2382 4574 princeps
2426 4507 2600 4571 pacis,
2650 4513 2797 4572 pater
2836 4502 3001 4570 futuri
3035 4500 3318 4555 swculi”?
3361 4500 3441 4553 Ex
3482 4500 3549 4553 iis

303 4606 441 4667 λος.
468 4597 830 4668 θαυμαστὸς,
859 4599 1217 4667 σύμϐουλος,
1245 4594 1388 4662 Θεὸς
1412 4594 1678 4665 ἰσχυρὸς.
1709 4595 1879 4658 ἐξου-

303 4692 599 4759 tractim,
648 4691 845 4759 ἄρχων
875 4688 1138 4757 ειρήνης,
1174 4687 1369 4756 πατὴρ
1413 4687 1516 4740 τοῦ
1549 4687 1881 4756 μέλλοντος

303 4784 673 4848 αὶώνος;Ἐκ
700 4782 901 4836 τούτων
924 4781 1030 4833 τῶν
1053 4781 1222 4849 λόγων
1266 4780 1356 4833 τὸν
1387 4780 1585 4851 τρόπον
1619 4778 1718 4848 τῆς
1744 4794 1882 4849 παρ-

303 4878 499 4938 ουσίας
564 4876 855 4943 ἐπέγνωτε.
935 4872 1207 4943 Παρθένος
1276 4872 1384 4943 γὰρ
1440 4871 1711 4942 ἄφθαρτος
1742 4872 1878 4924 ἀπο-

307 4970 506 5036 κυήσει
571 4964 893 5035 σωματικῶς
947 4965 1040 5017 τὸν
1090 4962 1283 5033 λύχνον
1330 4962 1421 5015 τὸν
1470 4960 1743 5032 ἄφθαρτον
1776 4960 1874 5031 (5).

382 5081 426 5111 ’ν
458 5079 597 5131 Gen.
630 5094 765 5140 xvtt,
801 5078 853 5130 l.

308 5151 355 5181 ”
378 5151 482 5201 ιω.
518 5165 596 5209 ιι,
622 5150 675 5202 6.

384 5291 461 5359 (3)
507 5288 622 5341 Τὸν
653 5287 886 5359 λύχνον
917 5284 1022 5337 τὸν
1050 5283 1369 5359 ἄφθαρτογς.
1410 5281 1557 5359 Solet
1591 5279 1782 5334 crebro
1818 5279 1874 5334 in

310 5352 596 5428 Scriptura
657 5352 1047 5428 perflucernatn
1080 5352 1346 5428 designari
1381 5352 1557 5428 proles
1577 5359 1631 5428 et
1655 5363 1841 5428 sementi
1860 5366 1874 5413 ;

312 5432 363 5483 in
410 5417 515 5495 qua
568 5417 843 5495 igniculus
880 5424 1055 5478 Patris
1099 5434 1159 5495 et
1185 5417 1345 5476 Pater
1366 5417 1533 5495 ivelut
1572 5420 1735 5495 vivant.
1786 5417 1881 5495 _Sic

308 5488 533 5552 Jatisen.
582 5488 709 5550 illud
740 5494 871 5562 psal.
908 5509 1092 5551 cum.
1126 5493 1317 5545 Pnrani
1360 5493 1623 5544 lucernam
1670 5488 1879 5562 Christo

312 5585 445 5629 meo,
471 5557 961 5635 paraphrastictbs:
995 5562 1187 5635 Puravi
1215 5564 1349 5615 enim
1380 5570 1533 5635 uncto
1568 5575 1678 5611 meo
1710 5557 1879 5635 Dauid

316 5628 698 5701 posteritate-nt.
739 5649 858 5701 qua
884 5650 979 5686 sua
1021 5633 1258 5685 claritate
1299 5640 1348 5684 et
1391 5630 1588 5697 gloria,
1620 5630 1773 5701 quasi
1798 5628 1879 5678 lu-

320 5697 470 5758 cerna
501 5697 1054 5773 quadam'illustrabit
1088 5702 1298 5755 Davidis
1337 5715 1519 5773 nomen
1549 5697 1699 5773 :__ubi
1726 5697 1877 5773 plura

325 5775 375 5827 in
409 5768 528 5831 caui
578 5792 715 5831 teut.
770 5772 884 5827 Pra:
920 5774 1171 5828 onmihus
1212 5781 1387 5825 autem
1426 5768 1523 5822 fuit
1569 5769 1751 5821 Maria:
1800 5768 1881 5820 lu-

1991 4597 2325 4651 scrmonibus
2364 4595 2637 4664 cognitum
2694 4594 2901 4648 habetis
2952 4593 3167 4647 modum
3224 4592 3541 4662 praesentire.

1990 4686 2153 4756 Virgo
2174 4687 2315 4739 enim
2354 4687 2663 4753 incon-uitta
2719 4686 2951 4737 nesciam
3000 4684 3142 4736 illam
3187 4683 3548 4750 corruptionis

1989 4775 2257 4829 lucernam
2336 4775 2601 4842 corporali
2686 4774 2892 4827 ratione
2966 4773 3249 4839 concipiet.
3326 4770 3547 4840 Oportet

1985 4868 2127 4920 enim
2159 4874 2216 4919 ut
2253 4881 2310 4919 se
2335 4864 2424 4918 Dei
2464 4864 2693 4918 Verbum
2738 4862 3172 4932 augustiSsimum
3216 4862 3282 4915 ad
3326 4875 3545 4915 carnem

1983 4972 2153 5026 usque
2186 4958 2337 5012 nobis
2371 4957 2621 5018 inclinet;
2652 4963 2711 5010 ut
2750 4971 2885 5025 quos
2920 4956 3230 5022 incorporea
3270 4954 3549 5008 divinitate

930 5075 973 5106 ⁸⁸
994 5076 1163 5129 Exod.
1195 5089 1275 5138 ιιι,
1320 5073 1374 5127 2.
1452 5072 1619 5126 "lsa.
1663 5087 1735 5135 vr,
1778 5072 1833 5127 2.

1988 5071 2183 5125 lszech.
2217 5086 2269 5135 κ,
2312 5080 2415 5124 etc.
2493 5070 2536 5102 "
2576 5069 2788 5124 Baruclt
2836 5085 2919 5133 ιιι,
2951 5069 3038 5123 38.
3116 5070 3160 5100 “
3195 5068 3297 5122 Isa.
3333 5082 3427 5131 vu,
3458 5067 3548 5120 14.

1981 5290 2140 5331 cerna
2184 5273 2439 5328 Dominus
2484 5271 2642 5325 Jesus
2664 5312 2678 5334 ,
2714 5268 2803 5338 qui
2838 5268 2925 5321 lux
2965 5268 3031 5321 de
3063 5266 3181 5338 luce
3217 5273 3477 5338 aeternum
3519 5280 3549 5317 a

1982 5346 2142 5399 Patre
2167 5344 2348 5414 prodit
2373 5358 2387 5403 ;
2420 5336 2823 5414 humanumque
2852 5347 2905 5392 et
2936 5352 3089 5414 suum
3112 5336 3425 5414 dignatione
3458 5350 3550 5402 ge—

1984 5431 2107 5477 nus,
2149 5406 2347 5467 carnali
2378 5427 2440 5464 ex
2480 5426 2541 5465 ea
2572 5410 2851 5463 nativitate
2873 5446 2888 5469 ,
2924 5409 2987 5460 ad
3018 5408 3209 5477 divinae
3236 5406 3371 5457 lucis
3398 5419 3549 5457 com-

1984 5476 2268 5544 mercium,
2302 5482 2642 5535 deilicatione
2672 5478 2973 5533 admirabili
3000 5476 3180 5530 evehit
3212 5492 3225 5527 :
3257 5483 3316 5527 ut
3342 5483 3548 5544 tantum

1988 5554 2148 5607 faciat
2213 5543 2457 5606 homines
2507 5552 2672 5611 deos,
2724 5557 2983 5617 quantum
3035 5545 3205 5599 laetus
3260 5553 3345 5617 est
3402 5543 3549 5617 ipse,

1988 5627 2149 5679 homo
2178 5640 2191 5675 :
2246 5632 2301 5676 ut
2343 5623 2529 5691 ingens
2562 5622 2650 5675 illa
2684 5613 2963 5691 theologia:
2988 5613 3551 5691 lucernaﬁregoriue

1978 5695 2268 5747 audentius
2326 5682 2545 5762 protulit
2620 5682 2943 5759 exponitque
2986 5688 3047 5742 D.
3108 5684 3374 5739 Maximus
3419 5682 3550 5736 dub.

1989 5766 2054 5820 ad
2084 5763 2367 5830 Thomam,
2395 5773 2498 5817 elc.
