4030 6408
480 394 549 450 59
1429 393 1487 448 s.
1529 391 1977 448 AMPHllDCllll
2017 393 2405 448 ICONIENSIS
2444 391 2752 448 EPISCOPI
3657 370 3744 454 ια’

476 517 776 577 creaverat,
807 516 1028 574 peccato
1054 513 1342 569 veteratos,
1363 506 1544 561 carnis
1569 507 1936 574 assumptione
1970 509 2036 560 in-

2158 507 2319 578 μέχρι
2368 507 2476 577 γὰρ
2518 507 2717 577 σαρκὸς
2750 506 2829 558 δεῖ
2865 509 3272 581 συγκαταϐῆναι
3303 514 3440 582 πρὸς
3472 513 3620 583 ἡμᾶς
3647 513 3722 580 (4)

478 611 658 664 novet,
703 611 757 654 et
799 600 1064 654 immunes
1103 611 1130 648 a
1159 597 1525 664 corruptione,
1571 597 1924 652 similitudine
1975 598 2040 649 ad

478 689 901 755 corruptionem,
925 685 1140 738 ellieiat.
1217 703 1223 708 ί

2155 599 2245 650 τὸν
2280 599 2685 669 πανσεϐἁσμιον
2715 597 2807 650 τοῦ
2842 599 2976 651 Θεοῦ
3003 601 3194 668 Λόγον.
3223 604 3309 656 ἵνα
3338 605 3404 675 δὴ
3427 605 3552 667 τοὺς
3582 604 3727 656 ἀσω-

2157 693 2312 761 μάτῳ
2346 690 2560 763 θεότητι
2604 692 2733 762 παρ’
2775 691 2938 744 αὐτοῦ
2985 692 3550 765 δεδημιουργημένους
3593 695 3728 748 ἀνα-

476 781 695 852 καινίσῃ
715 778 804 831 διὰ
831 775 1182 848 σαρκώσεως,
1207 773 1612 837 παλαιωθέντας
1641 774 1728 828 διά
1753 776 1849 846 τὴν
1879 777 2172 847 ἁμαρτίαν,
2196 785 2289 837 καὶ
2307 785 2616 856 ἀφθάρτους
2673 785 3060 856 κατασκευάσῃ
3110 785 3198 838 διὰ
3253 789 3352 856 τῆς
3409 787 3726 857 ὁμοιότητος

474 869 574 936 τῆς
605 868 740 938 πρὸς
777 865 875 936 τὴν
904 865 1128 935 φθοράν.

546 963 629 1018 Ill.
663 963 755 1016 His
805 961 870 1015 ad
906 976 999 1015 eos
1043 975 1136 1028 per
1162 957 1480 1026 Proplietam
1516 959 1698 1023 dictis,
1731 959 1892 1013 etiam
1929 961 2032 1027 ipsi

477 1054 949 1123 intcrrogabimus.
984 1052 1026 1106 0
1058 1049 1277 1120 puernle
1320 1051 1455 1105 caalo
1493 1051 1792 1120 antiquior!
1820 1049 1864 1105 0
1899 1052 2036 1105 lilins

479 1156 562 1200 ter
589 1146 797 1209 beatus,
835 1145 921 1212 qui
951 1145 1093 1197 venit
1125 1145 1301 1197 ferens
1332 1142 1686 1212 principatum
1721 1158 1898 1207 suum,
1929 1159 2033 1196 non

475 1254 605 1294 vero
637 1252 882 1307 quaarens
914 1247 977 1288 ut
1012 1235 1077 1290 ab
1124 1237 1231 1289 alio
1269 1235 1516 1302 accipiat.
1549 1234 1642 1288 Est
1684 1234 1829 1286 enim
1865 1234 2038 1288 Verbo

475 1347 505 1384 a
567 1342 779 1394 natura,
834 1341 1086 1397 tanquam
1135 1328 1289 1388 Filio,
1342 1339 1400 1380 ut
1444 1327 1694 1380 omnibus
1733 1327 2036 1394 prmsideat,

478 1437 575 1478 nec
602 1421 801 1491 aliquid
832 1422 1158 1475 adseititium
1200 1429 1258 1474 ut
1289 1427 1536 1472 creatura
1571 1418 1783 1471 habeat.
1833 1416 2040 1470 Primi-

475 1522 628 1580 palus
665 1513 822 1575 enim,
864 1510 1054 1579 inquit,
1095 1527 1250 1576 super
1296 1510 1568 1562 humerum
1607 1507 1740 1574 ejus.
1774 1507 1817 1560 0
1866 1507 2042 1574 proles

475 1604 655 1673 magni
692 1602 957 1656 nominis!
1004 1601 1183 1668 Magni
1206 1602 1341 1652 enim
1379 1597 1604 1661 consilii,
1639 1598 1826 1665 inquit,
1885 1613 2040 1665 ange-

474 1694 557 1747 lus
592 1703 829 1756 vocatur,
871 1701 917 1744 et
948 1691 1085 1744 Deus
1115 1690 1288 1758 fortis.
1319 1689 1362 1742 0
1401 1695 1636 1754 potestas
1666 1688 2036 1756 omnipotens!

475 1785 813 1839 Admirabilis
840 1783 982 1836 enim
1023 1781 1356 1835 consiliarius
1389 1788 1484 1842 est,
1513 1787 1561 1830 et
1594 1779 1827 1844 princeps
1868 1780 2032 1847 pacis.

478 1878 578 1943 Qui
643 1892 772 1943 ergo
813 1875 1266 1930 eelebraverimus
1309 1872 1619 1926 hodiernam
1654 1873 2038 1926 festivitatem?

475 1967 576 2032 Qui
641 1967 878 2020 maxime
919 1963 1249 2034 spiritualem
1293 1963 1345 2015 in
1387 1962 1631 2029 praesenti
1672 1962 2041 2016 celebritatem

474 2058 685 2114 beatam
738 2055 1245 2126 prmdicaverimus?
1287 2053 1417 2120 Quis
1470 2054 1612 2107 enim
1663 2052 1888 2120 hujusce
1939 2053 2042 2108 diei

476 2147 811 2203 immortales
863 2147 1076 2201 divitias
1113 2143 1490 2214 investigabit?
1520 2144 1727 2210 Quibus
1776 2145 2042 2213 magniso-

476 2240 562 2296 nis
595 2238 1010 2308 elatissimisque
1054 2237 1257 2300 verbis,
1288 2235 1535 2290 omnibus
1587 2235 1811 2289 canticis
1861 2250 2046 2303 prose-

475 2331 771 2402 quendum,
824 2344 888 2384 ac
928 2326 1176 2397 trapaeale
1215 2337 1616 2383 sacramentum
1663 2326 1766 2380 hoc
1832 2327 2045 2394 procla-

477 2420 781 2476 mabimus?
848 2421 894 2474 0
968 2421 1082 2474 dies
1160 2417 1638 2473 innumerabilibus
1727 2416 2043 2470 celebranda

474 2513 722 2579 canticis,
756 2512 811 2566 in
857 2528 963 2581 qua
1003 2511 1154 2564 nobis
1197 2521 1313 2564 orta
1361 2520 1445 2563 est
1491 2508 1641 2563 stella
1681 2523 1748 2562 ex
1791 2505 2041 2572 Jacob“,

475 2605 818 2675 coelestisque
863 2605 1024 2658 homo
1067 2619 1130 2655 ex
1169 2601 1326 2654 Israel
1356 2600 1630 2670 apparuit,
1665 2614 1728 2652 ae
1753 2614 1852 2653 nos
1896 2599 2041 2654 Deus

477 2697 632 2752 fortis
672 2697 844 2750 adiit:
891 2694 1090 2763 Solque
1136 2692 1357 2762 justitim
1403 2692 1764 2755 obumbravit,
1791 2703 1844 2744 et
1877 2693 2046 2744 virtu»

477 2796 587 2839 tum
635 2785 935 2839 divinarum
978 2783 1261 2836 thesaurus
1294 2782 1485 2848 patuit,
1527 2795 1591 2834 ac
1649 2781 1771 2834 vita:
1825 2790 2042 2834 aeterna:

475 2877 658 2946 planta
708 2875 1015 2930 hominibus
1071 2872 1410 2942 germinavit,
1464 2870 1764 2941 Oriensque
1817 2871 1884 2926 de
1933 2871 2042 2924 alto

475 2969 650 3022 illuxit
714 2975 770 3022 et
835 2965 1157 3029 caelestium,
1212 2964 1549 3018 terrestrium
1603 2964 2042 3031 infernorumque

475 3059 738 3114 Dominus
769 3073 836 3112 ex
873 3058 1114 3126 virgineo
1159 3070 1476 3126 progressus
1514 3065 1687 3116 utero,
1721 3070 1817 3124 pro
1857 3054 2042 3108 mundi

475 3150 861 3219 redemptione,
903 3149 954 3201 in
1000 3147 1256 3201 mundum
1297 3146 1694 3212 corruptibilem
1733 3145 1898 3199 venit.
1923 3143 2037 3197 Na-

475 3251 566 3295 tus
605 3242 740 3294 enim
788 3251 864 3293 est
917 3241 1062 3292 nobis
1104 3239 1258 3290 hodie
1301 3236 1540 3290 Salvator
1588 3234 1830 3288 Christus
1863 3233 2040 3286 Domis

475 3332 656 3394 rius",
698 3332 789 3398 qni
854 3332 1026 3383 lumen
1078 3342 1150 3383 est
1200 3328 1512 3398 gentium“,
1553 3335 1609 3379 et
1655 3326 1802 3379 salus
1854 3327 2044 3377 domus

474 3419 654 3474 Israel.
692 3421 736 3476 Ο
793 3420 1141 3474 miraculum!
1195 3421 1292 3484 Qui
1343 3435 1448 3472 non
1494 3417 1746 3470 delinitur
1781 3416 1950 3478 cmlis,
1986 3416 2038 3468 in

475 3513 696 3579 praesepi
745 3514 1051 3564 demoratus
1094 3520 1179 3563 est
1221 3520 1278 3562 ut
1327 3507 1622 3577 parvulus:
1655 3509 1853 3575 quique
1887 3504 2038 3558 brevi

473 3617 723 3657 sermone
755 3602 1002 3655 universa
1045 3601 1342 3662 constituit,
1375 3597 1731 3651 muliebribus
1755 3595 2036 3650 fovebatur

472 3691 648 3756 ulnis;
688 3708 751 3747 ac
805 3694 892 3761 qui
943 3691 1423 3760 snpercmlestibus
1471 3691 1723 3743 omnilms
1753 3685 2036 3741 virtutibus

473 3782 690 3835 donavit
719 3790 776 3834 ut
801 3792 998 3845 essent,
1034 3781 1322 3848 impollntis
1351 3779 1649 3832 laetabatur
1675 3777 1908 3843 Virginis
1943 3790 2032 3828 sa-

473 3890 579 3928 cra:
600 3874 874 3928 uberibus.
913 3871 1133 3924 Factum
1175 3873 1310 3924 enim
1341 3881 1438 3937 est,
1474 3869 1663 3936 inquit,
1699 3877 1756 3920 ut
1787 3865 2034 3937 Evange~

472 3965 601 4020 lium
636 3976 882 4026 testatur,
921 3980 1037 4016 cum
1089 3972 1254 4015 essent
1304 3962 1396 4022 ibi,
1437 3960 1634 4028 impleti
1671 3967 1792 4012 sunt
1826 3959 1934 4010 dies
1980 3966 2037 4010 ut

469 4066 697 4124 pareret.
741 4056 808 4108 Et
845 4055 1041 4122 peperit
1096 4055 1262 4121 [ilium
1311 4068 1462 4104 suum
1509 4050 1931 4118 primogenitum,
1986 4057 2035 4101 et

470 4149 657 4214 pannis
689 4163 808 4200 eum
848 4145 1078 4206 involvit,
1110 4152 1159 4196 et
1197 4142 1464 4195 reclinavit
1495 4157 1612 4194 eum
1648 4141 1702 4192 in
1728 4139 1977 4206 praisepio
2013 4154 2032 4192 :

469 4243 592 4309 quia
620 4258 722 4294 non
749 4252 858 4295 erat
901 4243 973 4294 eis
1008 4241 1149 4292 locus
1173 4241 1227 4292 in
1269 4240 1551 4292 diversorio
1569 4238 1631 4292 ".

2211 963 2288 1015 1".
2326 959 2511 1014 Ταῦτα
2541 958 2636 1012 τοῦ
2666 960 2954 1031 Προφήτου
3008 959 3144 1028 πρὸς
3170 960 3368 1022 αὐτοὺς
3416 961 3720 1030 εἰρηκότος,

2141 1053 2371 1124 ἐροῦμεν
2388 1053 2480 1104 καὶ
2495 1054 2674 1121 ἡμεῖς.
2693 1046 2762 1100 Ὦ
2780 1049 2990 1102 παιδίον
3006 1051 3233 1119 οὐρανοῦ
3249 1051 3600 1122 παλαιότερον
3615 1055 3627 1105 !
3651 1050 3722 1104 Ὦ

2141 1145 2442 1214 τρισόλϐιος
2488 1143 2622 1207 υἱὸς,
2683 1142 2830 1206 ὅστις
2883 1144 2971 1193 ἐπ’
3021 1142 3186 1213 ῶμων
3227 1144 3352 1213 ἥκει
3390 1145 3492 1214 τὴν
3527 1143 3720 1198 ἑαυτοῦ

2145 1235 2425 1307 βαστάζων
2452 1235 2623 1306 ἀρχὴν
2653 1233 2752 1302 (5),
2796 1233 2889 1285 καὶ
2909 1233 2968 1285 οὐ
2985 1235 3112 1304 παρ’
3136 1235 3322 1305 ἐτέρου
3345 1235 3522 1304 ζητῶν
3552 1237 3720 1308 αὐτὴν

2143 1325 2496 1396 κομίσασθαι.
2547 1327 2826 1394 Ἔμφυτον
2873 1325 2981 1395 γὰρ
3023 1326 3099 1395 τῷ
3144 1327 3300 1396 Λόγῳ
3347 1326 3454 1378 τῶν
3504 1327 3721 1381 πάντων

2143 1419 2330 1488 ἄρχειν
2380 1417 2455 1480 ὡς
2507 1417 2642 1486 Υίῷ,
2695 1418 2786 1468 καὶ
2828 1417 2927 1468 οὐκ
2971 1417 3291 1470 ἐπείσακτον
3324 1417 3399 1479 ὡς
3436 1418 3717 1488 ποιήματι.

2155 1508 2222 1561 Ἢ
2252 1505 2409 1575 ἀρχὴ
2439 1507 2568 1577 γὰρ,
2601 1507 2785 1576 φησὶν,
2825 1506 2921 1560 ἐπὶ
2959 1506 3063 1559 τοῦ
3107 1506 3269 1575 ὤμου
3297 1505 3503 1560 αὑτοῦ.
3531 1504 3600 1558 Ὦ
3626 1523 3722 1576 με-

2142 1599 2461 1669 γαλώνυμον
2486 1599 2766 1668 γέννημαί
2805 1598 3082 1666 Μεγάλης
3110 1599 3218 1668 γάρ
3240 1597 3498 1664 βουλῆς,
3532 1599 3716 1669 φησιν,

2141 1692 2412 1761 ἅγγελος,
2451 1689 2549 1743 καὶ
2582 1689 2726 1754 Θεὸς
2761 1689 3008 1758 ἰσχυρὸς
3035 1689 3376 1757 ὀνομάζεται.
3410 1685 3478 1741 Ὠ
3518 1705 3716 1741 παντο-

2139 1782 2371 1852 δὺναμος
2398 1780 2644 1844 ἐξουσίαι
2683 1781 3038 1849 Θαυμαστὸς
3069 1780 3176 1851 γάρ
3214 1783 3580 1849 σύμϐουλος,
3619 1781 3730 1834 καὶ

2145 1872 2344 1942 ἅρχων
2379 1871 2625 1940 εἰρήνης
2674 1873 2810 1926 ἐστί.
2869 1872 2992 1934 Πῶς
3047 1873 3225 1926 τοίνυν
3267 1872 3577 1942 δοξάσωμεν
3618 1873 3718 1943 τὴν

2147 1963 2384 2032 σήμερον
2423 1964 2651 2033 έορτήν;
2706 1963 2829 2026 Πῶς
2889 1963 3283 2033 μακαρίσωμεν
3334 1965 3432 2034 τὴν
3476 1965 3570 2017 ἐπὶ
3622 1965 3716 2017 τοῦ

2145 2053 2408 2124 παρόντος
2459 2054 2876 2122 μυστικωτάτην
2947 2055 3284 2124 πανήγυριν;
3327 2055 3422 2117 Τίς
3466 2054 3575 2124 γὰρ
3630 2054 3719 2120 ἐξ·

2147 2149 2375 2218 ιχνιάσει
2413 2148 2502 2200 τὸν
2525 2147 2730 2217 ταύτης
2769 2149 2868 2219 τῆς
2888 2148 3097 2219 ἡμέρας
3133 2148 3360 2202 πλοῦτον
3411 2149 3710 2215 ἀθάνατον;

2144 2239 2326 2302 Ποίοις
2361 2240 2690 2311 μεγαλήχοις
2721 2243 2814 2292 καὶ
2855 2241 3212 2310 ὑψηλοτάτοις
3243 2243 3478 2312 ῥήμασιν
3505 2244 3715 2313 ἀνακη-

2146 2327 2378 2399 ρύξομεν
2424 2329 2484 2381 τὸ
2524 2329 2870 2399 πανύμνητον
2913 2329 3071 2382 τοῦτο
3103 2332 3195 2382 καὶ
3227 2331 3586 2401 τροπαιοῦχον
3614 2331 3714 2402 τῆς

2143 2419 2450 2489 ἀφθαρσίας
2514 2421 2843 2491 μυστήριον;
2899 2417 2969 2472 Ὦ
3029 2421 3209 2492 ἡμέρα
3273 2421 3479 2492 μυρίων
3531 2421 3713 2490 ὓμνων

2144 2509 2288 2574 ἀξία,
2320 2513 2377 2565 ὲν
2466 2511 2736 2564 ἀνέτειλεν
2768 2514 2898 2582 ἡμῖν
2929 2513 2990 2564 τὸ
3031 2515 3228 2584 ἄστρον
3273 2513 3333 2577 ἐξ
3375 2512 3588 2577 Ἰακὼϐ,
3618 2514 3714 2566 καὶ

2143 2601 2172 2652 6
2210 2602 2495 2672 ἄνθρωπος
2543 2604 2572 2654 6
2613 2604 2880 2674 οὐράνιος,
2929 2604 2987 2667 ὃς
3022 2604 3175 2674 ὤφθη
3224 2603 3282 2669 ἐξ
3335 2605 3568 2673 Ἰσραὴλ,
3617 2605 3712 2658 καὶ

2143 2693 2485 2764 ἐπεδήμησεν
2519 2695 2646 2764 ἡμῖν
2678 2697 2706 2746 6
2737 2695 2952 2766 ἰσχυρὸς
2991 2695 3140 2758 Θεὸς,
3186 2697 3280 2749 καὶ
3321 2698 3350 2749 6
3377 2696 3477 2765 τῆς
3509 2697 3714 2749 δικαιο-

2146 2782 2310 2854 σύνης
2351 2784 2675 2836 ἐπεσκίασεν
2719 2783 2903 2854 ἣλιος,
2953 2787 3045 2838 καὶ
3076 2788 3104 2838 ὁ
3141 2786 3248 2838 τῶν
3295 2785 3454 2838 θείων
3500 2786 3712 2856 ἀρετῶν

2143 2874 2412 2946 ὴνέφκται
2441 2875 2734 2947 θησαυρὸς,
2776 2879 2872 2930 καὶ
2910 2878 2970 2930 τὸ
2993 2881 3094 2949 τῆς
3128 2878 3347 2930 αίωνίου
3377 2878 3520 2948 ζωῆς
3547 2877 3713 2946 φυτὸν

2142 2966 2446 3037 ἀνθρώποις
2473 2967 2796 3038 ἐϐλάστησε,
2844 2969 2936 3022 καὶ
2981 2972 3014 3040 ἡ
3059 2970 3286 3040 ἀνατολὴ
3327 2971 3391 3024 ἐκ
3417 2971 3510 3022 τοῦ
3543 2969 3713 3038 ὕψους

2142 3058 2447 3128 ἐπέλαμψε,
2471 3060 2564 3112 καὶ
2590 3061 2618 3112 6
2644 3060 2752 3112 τῶν
2787 3061 3051 3131 οὐρανίων
3090 3063 3182 3115 καὶ
3215 3062 3474 3130 ἐπιγείων
3501 3063 3712 3114 Δεσπό-

2143 3165 2241 3218 της
2284 3151 2348 3201 ὲκ
2393 3149 2734 3220 παρθενικῶν
2780 3151 3040 3219 λαγόνων,
3076 3153 3216 3224 ὑπὲρ
3256 3153 3458 3223 κόσμου
3507 3153 3714 3225 λυτρώ-

2148 3257 2304 3304 σεως,
2335 3242 2414 3304 είς
2438 3241 2638 3310 κόσμον
2668 3241 2904 3312 φθαρτὸν
2932 3243 3207 3313 ἐλήλυθεν.
3252 3245 3572 3314 Ἐγεννήθη
3603 3245 3714 3314 γὰρ

2145 3330 2292 3398 ἡμῖν
2327 3331 2590 3400 σήμερον
2627 3332 2848 3400 Σωτὴρ,
2889 3333 2957 3398 ὅς
3013 3335 3142 3386 ἐστι
3191 3315 3710 3403 Χρῖσῆξῇῗιῖριος,

2145 3423 2290 3484 ὅστις
2370 3423 2494 3490 φῶς
2547 3424 2782 3493 ὑπάρχει
2841 3423 3068 3490 ἐθνῶν,
3119 3428 3211 3479 καὶ
3262 3429 3503 3499 σωτηρία
3562 3431 3712 3482 οἴκου

2156 3514 2390 3583 Ἰσραήλ.
2442 3510 2510 3565 Ὦ
2550 3515 2640 3567 τοῦ
2677 3515 2990 3585 θαύματοςί
3035 3519 3157 3570 Ἐπὶ
3209 3520 3414 3588 φάτνης
3452 3519 3526 3584 ὡς
3574 3537 3706 3574 παι-

2141 3602 2248 3655 δίον
2276 3604 2539 3673 ηὐλίζετο,
2574 3607 2602 3657 6
2635 3607 2738 3659 ὑπὸ
2767 3607 2873 3660 τῶν
2903 3609 3144 3679 οὐρανῶν
3179 3609 3252 3680 μὴ
3295 3613 3707 3682 περιγραφόμε-

2141 3710 2248 3756 νος·
2268 3696 2358 3747 καὶ
2381 3697 2713 3763 γυναικείαις
2733 3699 2997 3766 ἀγκάλαις
3013 3699 3293 3764 ἐθάλπετο,
3313 3703 3340 3752 6
3363 3702 3504 3771 λόγῳ
3518 3702 3712 3772 βραχεῖ

2139 3785 2208 3837 τά
2255 3787 2429 3840 πάντα
2471 3789 2906 3858 συστησάμενοςο
2943 3792 3037 3843 καὶ
3077 3792 3417 3860 ὲγαλουχεῖτο
3463 3794 3566 3846 ὑπὸ
3603 3796 3710 3847 τῶν

2141 3873 2418 3943 ἁμιάντων
2437 3877 2535 3945 τῆς
2560 3877 2720 3944 ἁγίας
2747 3879 3021 3948 Παρθένου
3053 3882 3289 3949 μαστῶν,
3314 3885 3341 3935 6
3362 3883 3560 3946 πάσαις
3590 3889 3710 3948 ταῖς

2140 3967 2536 4037 ὑπερκοσμίαις
2569 3969 2828 4038 δυνάμεσι
2855 3973 2913 4024 τὸ
2945 3969 3082 4024 εἶναι
3112 3977 3519 4045 κεχαρισμένος.
3553 3978 3712 4046 Ἐγέ-

2139 4073 2281 4109 νετο
2305 4058 2433 4128 γὰρ,
2470 4061 2622 4126 φησι,
2654 4060 2834 4124 καθὼς
2864 4067 3133 4135 μαρτυρεῖ
3167 4067 3227 4118 τὸ
3257 4067 3604 4135 Εὐαγγέλιον,
3639 4071 3711 4122 ἐν

2137 4145 2217 4210 τῷ
2248 4143 2399 4200 εἶναι
2427 4150 2648 4213 αὐτοὺς
2674 4151 2816 4212 ἐκεῖ,
2843 4152 3247 4220 ἐπλήσθησαν
3279 4161 3338 4210 αὶ
3365 4159 3572 4226 ἡμέραι
3599 4160 3708 4212 τοῦ

2135 4237 2330 4291 τεκεῖν
2350 4237 2563 4306 αὐτὴν,
2595 4241 2694 4293 καὶ
2713 4242 2878 4296 ἔτεκε
2905 4246 3010 4297 τὸν
3040 4246 3177 4299 υἱὸν
3204 4247 3394 4316 αὐτῆς
3423 4249 3528 4302 τὸν
3559 4267 3708 4317 πρω-

469 4331 742 4396 τότοκον,
771 4333 867 4386 καί
903 4329 1368 4400 ἐσπαργάνωσεν
1409 4329 1618 4392 αὐτὸν,
1649 4326 1749 4381 καὶ
1789 4325 2106 4381 ἀνέκλινεν
2161 4327 2348 4382 αὐτὸν
2397 4329 2468 4381 ἐν
2607 4331 2822 4401 φάτνῃ,
2858 4333 3005 4388 διότι
3044 4337 3156 4389 οὐκ
3192 4332 3274 4406 ἦν
3295 4337 3499 4404 αὐτοῖς
3525 4342 3708 4407 τόπος

468 4424 542 4478 ἐν
560 4423 639 4489 τῷ
671 4427 1059 4494 καταλύματι.

539 4545 628 4599 IV.
654 4545 781 4611 Quae
828 4561 962 4599 nova
1009 4547 1122 4599 haec
1165 4553 1220 4599 et
1271 4543 1530 4596 mirabilis
1576 4541 1860 4598 doctrina?
1905 4541 2035 4607 Quae

2207 4536 2278 4593 A'.
2305 4541 2400 4603 Τίς
2425 4542 2457 4610 ἡ
2491 4541 2650 4611 καινὴ
2679 4541 2772 4595 καὶ
2820 4541 3116 4612 παράδοξος
3145 4543 3281 4615 αὕτη
3311 4549 3700 4616 μυσταγωγία;

467 4637 828 4704 omnipotens.
868 4647 921 4689 et
947 4636 1152 4688 faciens
1191 4636 1494 4696 mortalem,
1527 4633 1720 4686 divina:
1743 4633 2031 4686 Providen-

493 4729 556 4781 ive
606 4726 1010 4781 benevolentia?
1074 4725 1224 4792 Quod
1277 4725 1479 4795 grande
1540 4724 2034 4792 astutissimnmqne

468 4829 792 4882 strategema
841 4816 1102 4869 adversus
1150 4813 1462 4868 diabolum?
1517 4811 1738 4866 Mundus
1795 4821 2032 4864 asset-tus

2139 4632 2232 4694 Τίς
2262 4634 2294 4702 ἡ
2329 4632 2731 4703 παντοδύναμος
2775 4636 2869 4688 καὶ
2917 4635 3277 4709 φθαρτοποιὸς
3302 4640 3378 4709 (6)
3424 4641 3522 4711 τῆς
3555 4641 3704 4706 θείας

2138 4723 2396 4795 Προνοίας
2430 4725 2719 4794 εὐμένειας
2752 4727 2816 4778 Τί
2849 4729 2908 4780 τὸ
2940 4729 3108 4782 δεινὸν
3143 4733 3235 4784 καὶ
3268 4733 3538 4801 πάνσοφον
3563 4725 3702 4790 κατά

2135 4815 2228 4866 τοῦ
2262 4814 2504 4868 διαϐόλου
2535 4818 2921 4888 στρατήγημας
2970 4821 3362 4894 Ἠλευθέρωται
3389 4825 3588 4896 κόσμος
3615 4825 3701 4879 διὰ

542 4991 584 5022 ³³
608 4991 767 5048 Num.
795 5009 938 5057 xxiv,
972 4992 1054 5046 l7.
1129 4991 1174 5022 ’⁵
1212 4992 1422 5052 an.|i.
1458 4991 1544 5045 il.
1620 4990 1666 5021 ³⁸
1704 4988 1836 5046 ibid.
1867 4988 1957 5043 52.
2036 4991 2078 5022 "'
2110 4990 2239 5045 ibid.
2279 4992 2336 5054 6,
2367 4993 2416 5044 7.

535 5173 611 5244 (4)
652 5172 838 5242 Μέχρι
868 5171 978 5241 γὰρ
1025 5171 1248 5239 σαρκὸς
1282 5171 1375 5223 δεῖ
1405 5172 1855 5242 συγ-καταϐῆναι
1885 5173 2035 5240 πρὸς

460 5243 645 5314 ἡμᾶς,
679 5246 825 5314 velut
853 5244 1286 5314 condescendat:
1319 5244 1508 5314 sediea
1551 5259 1652 5298 vox
1685 5245 1870 5298 durior
1909 5255 2028 5309 est;

462 5313 770 5381 quanquam
818 5313 989 5381 habet
1022 5313 1359 5375 Bernardus,
1392 5313 1506 5366 sive
1555 5314 1798 5380 quisquis
1842 5325 2031 5366 auctor

461 5378 544 5437 est
567 5378 833 5436 sermonis
865 5382 917 5433 in
947 5378 1281 5449 Evangelium
1309 5381 1448 5450 infra
1472 5378 1586 5434 oet;
1607 5378 1872 5450 Epiphan.
1906 5383 2031 5435 lilii-

466 5452 559 5506 tati
591 5467 775 5505 sumus
803 5467 1052 5518 magnum
1103 5451 1335 5505 Leonem
1367 5459 1416 5502 in
1446 5451 1564 5516 illo,
1597 5451 1663 5505 Se
1705 5451 1849 5505 nobis
1877 5453 2028 5504 incli-

465 5533 567 5575 net.
611 5521 818 5574 Passim
864 5522 1058 5591 utitan
1089 5521 1502 5591 Clirysostonms
1523 5538 1584 5575 ea
1621 5535 1750 5574 voce
1782 5524 1941 5575 etiam
1974 5523 2024 5574 in

2142 5187 2335 5238 capere
2367 5181 2561 5236 potest.

2342 5243 2682 5318 way?)an
2711 5243 3032 5318 βαστάζων
3087 5245 3200 5314 τὴν
3234 5247 3450 5301 ἑαυτοῦ
3483 5251 3699 5318 ἀρχήν.

2143 5311 2370 5384 Balchra
2417 5313 2556 5367 illius
2586 5314 2684 5366 loci
2717 5317 2983 5381 expositio
3013 5335 3025 5367 :
3060 5311 3223 5384 quam
3257 5311 3701 5375 eamdem'tiabet

2138 5381 2444 5436 Theodotus
2480 5385 2792 5452 Aneyranus
2834 5396 3021 5437 auctor
3069 5381 3290 5439 alterius
3339 5393 3598 5443 orationis
3651 5411 3699 5444 ιιι

2137 5454 3176 5526 Antiati!_Cl-SyIIIOBOII§ltI,AlllpllllQCllll
3211 5458 3422 5509 nomine
3450 5463 3698 5526 vulgate.

2197 5519 2274 5591 (6)
2306 5519 2465 5603 Τίςῄ
2504 5519 2959 5603 Ξταντοδύναμος
2984 5525 3079 5577 καί
3125 5519 3699 5603 φθαρτοποιόςίίίιι-

465 5591 939 5665 materiavisionis
963 5630 976 5652 ,
1013 5590 1101 5665 ubi
1136 5589 1296 5645 etiam
1319 5591 1577 5665 quaedam
1605 5601 1690 5644 est
1719 5591 1806 5665 Dei
1845 5593 1897 5645 in
1930 5607 2026 5643 nos
2126 5589 2262 5665 (ξίιιιι
2287 5593 2574 5665 antithesis
2604 5608 2618 5644 :
2656 5607 2783 5644 vere
2829 5589 2970 5646 enim
3017 5589 3276 5664 nusquam
3328 5589 3510 5665 magis
3537 5600 3701 5650 elnxat

466 5661 763 5722 inclinatio,
802 5662 1227 5728 compositioqne
1265 5661 1330 5713 ad
1377 5669 1617 5713 nostrum
1653 5661 1891 5723 modum,
1933 5675 2022 5728 qui

462 5745 522 5783 se
552 5732 835 5782 videndum
889 5731 1153 5797 praebeat,
1206 5748 1308 5782 non
1353 5741 1582 5796 quantus
1621 5741 1702 5782 est
1754 5731 1902 5797 ipse,
1933 5731 2023 5782 sed

464 5811 723 5869 quantum
760 5799 875 5868 ejus
912 5802 1111 5856 lumine
1158 5800 1406 5871 perfusus
1445 5800 1752 5856 intellectus
1784 5809 2020 5863 creatus,

2126 5661 2303 5712 divina
2358 5661 2630 5727 potentia;
2682 5665 2894 5715 tametsi
2962 5661 3291 5729 impetcntia:
3338 5661 3569 5730 videtur,
3625 5670 3702 5721 la-

2127 5745 2246 5784 cere
2279 5731 2580 5786 mortalem.
2611 5733 2699 5787 Sic
2731 5731 2897 5788 Maria
2924 5749 2938 5786 :
2980 5731 3128 5789 Fecit
3160 5737 3467 5804 potentiam,
3505 5752 3617 5806 etc.
