  <div class='ocr_page' id='page_1' title='image "/cluster/home/n/w/nwhite01/storage/ocr_20150623/39/hvd.32044037979440/030.png"; bbox 0 0 4030 6408; ppageno 0'>
   <div class='ocr_carea' id='block_1_1' title="bbox 283 345 3517 408">
    <p class='ocr_par' dir='ltr' id='par_1_1' title="bbox 283 345 3517 408">
     <span class='ocr_line' id='line_1_1' title="bbox 283 345 3517 408; baseline -0.001 -2"><span class='ocrx_word' id='word_1_1' title='bbox 283 354 348 408; x_wconf 73' lang='grc' dir='ltr'>Η</span> <span class='ocrx_word' id='word_1_2' title='bbox 1377 346 1635 403; x_wconf 78' lang='lat' dir='ltr'><strong>ORATIO</strong></span> <span class='ocrx_word' id='word_1_3' title='bbox 1672 346 1739 402; x_wconf 84' lang='lat' dir='ltr'><strong>IN</strong></span> <span class='ocrx_word' id='word_1_4' title='bbox 1777 346 2054 405; x_wconf 82' lang='lat' dir='ltr'><strong>CHRISTI</strong></span> <span class='ocrx_word' id='word_1_5' title='bbox 2090 346 2440 403; x_wconf 77' lang='lat' dir='ltr'><strong>NATALEM.</strong></span> <span class='ocrx_word' id='word_1_6' title='bbox 3443 345 3517 402; x_wconf 62' lang='lat'><strong>‘2</strong></span> 
     </span>
    </p>
   </div>
   <div class='ocr_carea' id='block_1_2' title="bbox 282 440 1851 541">
    <p class='ocr_par' dir='ltr' id='par_1_2' title="bbox 282 466 1851 541">
     <span class='ocr_line' id='line_1_2' title="bbox 282 466 1851 541; baseline -0.001 -18"><span class='ocrx_word' id='word_1_7' title='bbox 282 466 574 541; x_wconf 78' lang='grc' dir='ltr'>παρθένου,</span> <span class='ocrx_word' id='word_1_8' title='bbox 622 468 653 521; x_wconf 99' lang='lat'><strong>6</strong></span> <span class='ocrx_word' id='word_1_9' title='bbox 692 467 788 521; x_wconf 85' lang='grc' dir='ltr'>διὰ</span> <span class='ocrx_word' id='word_1_10' title='bbox 819 468 1019 539; x_wconf 78' lang='grc' dir='ltr'><strong>ταύτης</strong></span> <span class='ocrx_word' id='word_1_11' title='bbox 1043 468 1103 521; x_wconf 80' lang='grc' dir='ltr'><strong>τὸ</strong></span> <span class='ocrx_word' id='word_1_12' title='bbox 1135 468 1260 540; x_wconf 77' lang='grc' dir='ltr'>πρὶν</span> <span class='ocrx_word' id='word_1_13' title='bbox 1308 470 1413 522; x_wconf 80' lang='grc' dir='ltr'>ὑπὸ</span> <span class='ocrx_word' id='word_1_14' title='bbox 1451 470 1550 540; x_wconf 83' lang='grc' dir='ltr'><strong>τὴν</strong></span> <span class='ocrx_word' id='word_1_15' title='bbox 1579 471 1851 541; x_wconf 80' lang='grc' dir='ltr'><strong>ἁμαρτίαν</strong></span> 
     </span>
    </p>
   </div>
   <div class='ocr_carea' id='block_1_3' title="bbox 1953 440 3517 541">
    <p class='ocr_par' dir='ltr' id='par_1_3' title="bbox 1957 440 3517 540">
     <span class='ocr_line' id='line_1_3' title="bbox 1957 440 3517 540; baseline 0 -15"><span class='ocrx_word' id='word_1_16' title='bbox 1957 480 2040 525; x_wconf 89' lang='lat' dir='ltr'><strong>est</strong></span> <span class='ocrx_word' id='word_1_17' title='bbox 2084 473 2136 525; x_wconf 92' lang='lat' dir='ltr'><strong>iu</strong></span> <span class='ocrx_word' id='word_1_18' title='bbox 2187 471 2489 525; x_wconf 87' lang='lat' dir='ltr'><strong>libertatem</strong></span> <span class='ocrx_word' id='word_1_19' title='bbox 2546 482 2642 540; x_wconf 79' lang='lat' dir='ltr'><strong>per</strong></span> <span class='ocrx_word' id='word_1_20' title='bbox 2674 467 2970 537; x_wconf 76' lang='lat' dir='ltr'><strong>Virginem,</strong></span> <span class='ocrx_word' id='word_1_21' title='bbox 2994 468 3085 539; x_wconf 92' lang='lat' dir='ltr'><strong>qui</strong></span> <span class='ocrx_word' id='word_1_22' title='bbox 3122 483 3218 537; x_wconf 87' lang='lat' dir='ltr'><strong>per</strong></span> <span class='ocrx_word' id='word_1_23' title='bbox 3260 468 3517 539; x_wconf 82' lang='lat' dir='ltr'><strong>virginem</strong></span> 
     </span>
    </p>
   </div>
   <div class='ocr_carea' id='block_1_4' title="bbox 284 559 1846 631">
    <p class='ocr_par' dir='ltr' id='par_1_4' title="bbox 284 559 1846 631">
     <span class='ocr_line' id='line_1_4' title="bbox 284 559 1846 631; baseline 0 -18"><span class='ocrx_word' id='word_1_24' title='bbox 284 559 481 613; x_wconf 76' lang='grc' dir='ltr'>πεσών.</span> <span class='ocrx_word' id='word_1_25' title='bbox 519 560 617 613; x_wconf 84' lang='grc' dir='ltr'>Διά</span> <span class='ocrx_word' id='word_1_26' title='bbox 651 559 984 630; x_wconf 78' lang='grc' dir='ltr'><strong>παρθενικοῦ</strong></span> <span class='ocrx_word' id='word_1_27' title='bbox 1024 559 1244 612; x_wconf 89' lang='grc' dir='ltr'>τοκετοῦ</span> <span class='ocrx_word' id='word_1_28' title='bbox 1280 561 1693 631; x_wconf 83' lang='grc' dir='ltr'>τεταρτάρωται</span> <span class='ocrx_word' id='word_1_29' title='bbox 1734 562 1846 615; x_wconf 78' lang='grc' dir='ltr'>δαιο</span> 
     </span>
    </p>
   </div>
   <div class='ocr_carea' id='block_1_5' title="bbox 286 650 1855 724">
    <p class='ocr_par' dir='ltr' id='par_1_5' title="bbox 286 650 1855 724">
     <span class='ocr_line' id='line_1_5' title="bbox 286 650 1855 724; baseline 0 -19"><span class='ocrx_word' id='word_1_30' title='bbox 286 653 461 722; x_wconf 75' lang='grc' dir='ltr'>μόνων</span> <span class='ocrx_word' id='word_1_31' title='bbox 488 652 740 722; x_wconf 86' lang='grc' dir='ltr'>ἀοράτων</span> <span class='ocrx_word' id='word_1_32' title='bbox 798 651 867 704; x_wconf 83' lang='grc' dir='ltr'><strong>τὰ</strong></span> <span class='ocrx_word' id='word_1_33' title='bbox 906 650 1139 704; x_wconf 87' lang='grc' dir='ltr'>τοσαῦτα</span> <span class='ocrx_word' id='word_1_34' title='bbox 1184 652 1277 704; x_wconf 78' lang='grc' dir='ltr'><strong>καὶ</strong></span> <span class='ocrx_word' id='word_1_35' title='bbox 1321 653 1626 721; x_wconf 86' lang='grc' dir='ltr'>τηλικαῦτα</span> <span class='ocrx_word' id='word_1_36' title='bbox 1658 656 1855 724; x_wconf 77' lang='grc' dir='ltr'>συστή-</span> 
     </span>
    </p>
   </div>
   <div class='ocr_carea' id='block_1_6' title="bbox 287 743 1854 817">
    <p class='ocr_par' dir='ltr' id='par_1_6' title="bbox 287 743 1854 817">
     <span class='ocr_line' id='line_1_6' title="bbox 287 743 1854 817; baseline 0.002 -23"><span class='ocrx_word' id='word_1_37' title='bbox 287 762 449 814; x_wconf 78' lang='grc' dir='ltr'>ματα.</span> <span class='ocrx_word' id='word_1_38' title='bbox 496 744 829 816; x_wconf 72' lang='grc' dir='ltr'>Σύμμορφος</span> <span class='ocrx_word' id='word_1_39' title='bbox 856 746 968 806; x_wconf 88' lang='grc' dir='ltr'>τοῖς</span> <span class='ocrx_word' id='word_1_40' title='bbox 1007 743 1213 806; x_wconf 88' lang='grc' dir='ltr'>δούλοις</span> <span class='ocrx_word' id='word_1_41' title='bbox 1247 746 1275 798; x_wconf 94' lang='lat'><strong>6</strong></span> <span class='ocrx_word' id='word_1_42' title='bbox 1307 746 1584 817; x_wconf 82' lang='grc' dir='ltr'><strong>Δεσπότης</strong></span> <span class='ocrx_word' id='word_1_43' title='bbox 1612 746 1854 814; x_wconf 85' lang='grc' dir='ltr'>γέγονεν,</span> 
     </span>
    </p>
   </div>
   <div class='ocr_carea' id='block_1_7' title="bbox 286 831 1857 903">
    <p class='ocr_par' dir='ltr' id='par_1_7' title="bbox 286 831 1857 903">
     <span class='ocr_line' id='line_1_7' title="bbox 286 831 1857 903; baseline 0.001 -17"><span class='ocrx_word' id='word_1_44' title='bbox 286 835 373 886; x_wconf 76' lang='grc' dir='ltr'><strong>ῖνα</strong></span> <span class='ocrx_word' id='word_1_45' title='bbox 407 836 455 887; x_wconf 80' lang='grc' dir='ltr'>οἱ</span> <span class='ocrx_word' id='word_1_46' title='bbox 506 834 683 886; x_wconf 89' lang='grc' dir='ltr'>δοῦλοι</span> <span class='ocrx_word' id='word_1_47' title='bbox 716 835 982 902; x_wconf 81' lang='grc' dir='ltr'><strong>γένωνται</strong></span> <span class='ocrx_word' id='word_1_48' title='bbox 1023 832 1335 903; x_wconf 83' lang='grc' dir='ltr'>σύμμορφοι</span> <span class='ocrx_word' id='word_1_49' title='bbox 1380 834 1541 888; x_wconf 86' lang='grc' dir='ltr'>πάλιν</span> <span class='ocrx_word' id='word_1_50' title='bbox 1581 833 1737 887; x_wconf 88' lang='grc' dir='ltr'>Θεοῦ.</span> <span class='ocrx_word' id='word_1_51' title='bbox 1787 831 1857 887; x_wconf 84' lang='grc' dir='ltr'><strong><em>Ὦ</em></strong></span> 
     </span>
    </p>
   </div>
   <div class='ocr_carea' id='block_1_8' title="bbox 285 923 1855 997">
    <p class='ocr_par' dir='ltr' id='par_1_8' title="bbox 285 923 1855 997">
     <span class='ocr_line' id='line_1_8' title="bbox 285 923 1855 997; baseline 0.001 -20"><span class='ocrx_word' id='word_1_52' title='bbox 285 924 531 994; x_wconf 78' lang='grc' dir='ltr'>Βηθλεὲμ</span> <span class='ocrx_word' id='word_1_53' title='bbox 564 925 717 987; x_wconf 82' lang='grc' dir='ltr'><strong>πόλις</strong></span> <span class='ocrx_word' id='word_1_54' title='bbox 751 923 1082 995; x_wconf 82' lang='grc' dir='ltr'>ἡγιασμένη,</span> <span class='ocrx_word' id='word_1_55' title='bbox 1114 924 1208 978; x_wconf 71' lang='grc' dir='ltr'><strong>καὶ</strong></span> <span class='ocrx_word' id='word_1_56' title='bbox 1237 927 1351 987; x_wconf 91' lang='grc' dir='ltr'>τοῖς</span> <span class='ocrx_word' id='word_1_57' title='bbox 1378 925 1685 997; x_wconf 87' lang='grc' dir='ltr'>ἀνθρώποις</span> <span class='ocrx_word' id='word_1_58' title='bbox 1722 943 1855 994; x_wconf 81' lang='grc' dir='ltr'>συγ-</span> 
     </span>
    </p>
   </div>
   <div class='ocr_carea' id='block_1_9' title="bbox 282 1010 1854 1089">
    <p class='ocr_par' dir='ltr' id='par_1_9' title="bbox 282 1010 1854 1089">
     <span class='ocr_line' id='line_1_9' title="bbox 282 1010 1854 1089; baseline 0.001 -21"><span class='ocrx_word' id='word_1_59' title='bbox 282 1016 677 1089; x_wconf 81' lang='grc' dir='ltr'>κεκληρωμένη</span> <span class='ocrx_word' id='word_1_60' title='bbox 707 1018 812 1086; x_wconf 89' lang='lat'><strong>(7).</strong></span> <span class='ocrx_word' id='word_1_61' title='bbox 858 1012 928 1068; x_wconf 80' lang='grc' dir='ltr'><strong><em>Ὦ</em></strong></span> <span class='ocrx_word' id='word_1_62' title='bbox 986 1016 1181 1086; x_wconf 78' lang='grc' dir='ltr'>φάτνη,</span> <span class='ocrx_word' id='word_1_63' title='bbox 1233 1010 1278 1069; x_wconf 80' lang='grc' dir='ltr'><strong>ὦ</strong></span> <span class='ocrx_word' id='word_1_64' title='bbox 1327 1018 1498 1087; x_wconf 80' lang='grc' dir='ltr'>φάτνη</span> <span class='ocrx_word' id='word_1_65' title='bbox 1548 1018 1854 1087; x_wconf 85' lang='grc' dir='ltr'>συμμέτοχε</span> 
     </span>
    </p>
   </div>
   <div class='ocr_carea' id='block_1_10' title="bbox 281 1106 1856 1178">
    <p class='ocr_par' dir='ltr' id='par_1_10' title="bbox 281 1106 1856 1178">
     <span class='ocr_line' id='line_1_10' title="bbox 281 1106 1856 1178; baseline 0.002 -21"><span class='ocrx_word' id='word_1_66' title='bbox 281 1107 390 1160; x_wconf 89' lang='grc' dir='ltr'><strong>τῶν</strong></span> <span class='ocrx_word' id='word_1_67' title='bbox 430 1107 735 1178; x_wconf 73' lang='grc' dir='ltr'>Χερουϐὶμ,</span> <span class='ocrx_word' id='word_1_68' title='bbox 767 1107 860 1159; x_wconf 78' lang='grc' dir='ltr'>καὶ</span> <span class='ocrx_word' id='word_1_69' title='bbox 901 1106 1130 1177; x_wconf 86' lang='grc' dir='ltr'>ὁμότιμε</span> <span class='ocrx_word' id='word_1_70' title='bbox 1170 1106 1277 1161; x_wconf 89' lang='grc' dir='ltr'><strong>τῶν</strong></span> <span class='ocrx_word' id='word_1_71' title='bbox 1323 1107 1602 1178; x_wconf 81' lang='grc' dir='ltr'>Σεραιρίμι</span> <span class='ocrx_word' id='word_1_72' title='bbox 1661 1109 1718 1159; x_wconf 83' lang='grc' dir='ltr'>Ὀ</span> <span class='ocrx_word' id='word_1_73' title='bbox 1748 1108 1856 1177; x_wconf 84' lang='grc' dir='ltr'>γὰρ</span> 
     </span>
    </p>
   </div>
   <div class='ocr_carea' id='block_1_11' title="bbox 281 1197 1853 1269">
    <p class='ocr_par' dir='ltr' id='par_1_11' title="bbox 281 1197 1853 1269">
     <span class='ocr_line' id='line_1_11' title="bbox 281 1197 1853 1269; baseline 0.001 -20"><span class='ocrx_word' id='word_1_74' title='bbox 281 1198 517 1260; x_wconf 76' lang='grc' dir='ltr'>αἰωνὶως</span> <span class='ocrx_word' id='word_1_75' title='bbox 539 1198 630 1250; x_wconf 79' lang='grc' dir='ltr'>ὑπ’</span> <span class='ocrx_word' id='word_1_76' title='bbox 650 1197 872 1250; x_wconf 77' lang='grc' dir='ltr'>ἐκείνων</span> <span class='ocrx_word' id='word_1_77' title='bbox 898 1199 1003 1252; x_wconf 88' lang='grc' dir='ltr'><strong>τῶν</strong></span> <span class='ocrx_word' id='word_1_78' title='bbox 1029 1199 1231 1269; x_wconf 85' lang='grc' dir='ltr'>θρόνων</span> <span class='ocrx_word' id='word_1_79' title='bbox 1249 1198 1611 1269; x_wconf 78' lang='grc' dir='ltr'>ἐποχούμενος</span> <span class='ocrx_word' id='word_1_80' title='bbox 1638 1198 1853 1261; x_wconf 89' lang='grc' dir='ltr'>θεῖκῶς,</span> 
     </span>
    </p>
   </div>
   <div class='ocr_carea' id='block_1_12' title="bbox 280 1286 1853 1359">
    <p class='ocr_par' dir='ltr' id='par_1_12' title="bbox 280 1286 1853 1359">
     <span class='ocr_line' id='line_1_12' title="bbox 280 1286 1853 1359; baseline 0.001 -18"><span class='ocrx_word' id='word_1_81' title='bbox 280 1288 379 1341; x_wconf 83' lang='grc' dir='ltr'><strong>νῦν</strong></span> <span class='ocrx_word' id='word_1_82' title='bbox 417 1290 476 1340; x_wconf 85' lang='grc' dir='ltr'><strong>ἐν</strong></span> <span class='ocrx_word' id='word_1_83' title='bbox 524 1289 609 1339; x_wconf 75' lang='grc' dir='ltr'><strong>σοὶ</strong></span> <span class='ocrx_word' id='word_1_84' title='bbox 648 1288 973 1357; x_wconf 82' lang='grc' dir='ltr'><strong>σωματικῶς</strong></span> <span class='ocrx_word' id='word_1_85' title='bbox 1008 1288 1169 1342; x_wconf 84' lang='grc' dir='ltr'>πάλιν</span> <span class='ocrx_word' id='word_1_86' title='bbox 1205 1288 1503 1352; x_wconf 75' lang='grc' dir='ltr'>αὐλίζεται.</span> <span class='ocrx_word' id='word_1_87' title='bbox 1536 1286 1605 1341; x_wconf 80' lang='grc' dir='ltr'><strong><em>Ὦ</em></strong></span> <span class='ocrx_word' id='word_1_88' title='bbox 1646 1290 1853 1359; x_wconf 87' lang='grc' dir='ltr'>Μαρία,</span> 
     </span>
    </p>
   </div>
   <div class='ocr_carea' id='block_1_13' title="bbox 280 1375 1855 1451">
    <p class='ocr_par' dir='ltr' id='par_1_13' title="bbox 280 1375 1855 1451">
     <span class='ocr_line' id='line_1_13' title="bbox 280 1375 1855 1451; baseline -0.001 -18"><span class='ocrx_word' id='word_1_89' title='bbox 280 1375 328 1433; x_wconf 76' lang='grc' dir='ltr'>ὦ</span> <span class='ocrx_word' id='word_1_90' title='bbox 374 1379 589 1448; x_wconf 76' lang='grc' dir='ltr'>Μαρίαί</span> <span class='ocrx_word' id='word_1_91' title='bbox 625 1381 658 1449; x_wconf 76' lang='grc' dir='ltr'><strong>ἡ</strong></span> <span class='ocrx_word' id='word_1_92' title='bbox 700 1378 789 1432; x_wconf 84' lang='grc' dir='ltr'><strong>τὸν</strong></span> <span class='ocrx_word' id='word_1_93' title='bbox 814 1380 1069 1433; x_wconf 85' lang='grc' dir='ltr'>ἁπάντων</span> <span class='ocrx_word' id='word_1_94' title='bbox 1116 1380 1458 1451; x_wconf 83' lang='grc' dir='ltr'>Δημιουργὸν</span> <span class='ocrx_word' id='word_1_95' title='bbox 1516 1380 1855 1451; x_wconf 80' lang='grc' dir='ltr'>πρωτότοκον</span> 
     </span>
    </p>
   </div>
   <div class='ocr_carea' id='block_1_14' title="bbox 281 1465 1855 1541">
    <p class='ocr_par' dir='ltr' id='par_1_14' title="bbox 281 1465 1855 1541">
     <span class='ocr_line' id='line_1_14' title="bbox 281 1465 1855 1541; baseline 0.001 -19"><span class='ocrx_word' id='word_1_96' title='bbox 281 1469 617 1539; x_wconf 78' lang='grc' dir='ltr'>κεκτημένη.</span> <span class='ocrx_word' id='word_1_97' title='bbox 664 1465 735 1521; x_wconf 81' lang='grc' dir='ltr'><strong><em>Ὦ</em></strong></span> <span class='ocrx_word' id='word_1_98' title='bbox 776 1469 1215 1541; x_wconf 80' lang='grc' dir='ltr'>ἀνθρωπότης,ή</span> <span class='ocrx_word' id='word_1_99' title='bbox 1259 1470 1348 1523; x_wconf 82' lang='grc' dir='ltr'><strong>τὸν</strong></span> <span class='ocrx_word' id='word_1_100' title='bbox 1388 1470 1482 1523; x_wconf 91' lang='grc' dir='ltr'><strong>τοῦ</strong></span> <span class='ocrx_word' id='word_1_101' title='bbox 1519 1470 1653 1523; x_wconf 87' lang='grc' dir='ltr'>Θεοῦ</span> <span class='ocrx_word' id='word_1_102' title='bbox 1686 1472 1855 1539; x_wconf 88' lang='grc' dir='ltr'>Λόγον</span> 
     </span>
    </p>
   </div>
   <div class='ocr_carea' id='block_1_15' title="bbox 284 1557 1856 1628">
    <p class='ocr_par' dir='ltr' id='par_1_15' title="bbox 284 1557 1856 1628">
     <span class='ocr_line' id='line_1_15' title="bbox 284 1557 1856 1628; baseline 0.001 -18"><span class='ocrx_word' id='word_1_103' title='bbox 284 1557 615 1627; x_wconf 76' lang='grc' dir='ltr'>σωματικῶς</span> <span class='ocrx_word' id='word_1_104' title='bbox 642 1557 950 1612; x_wconf 81' lang='grc' dir='ltr'>ούσιὼσασα</span> <span class='ocrx_word' id='word_1_105' title='bbox 972 1557 1068 1628; x_wconf 85' lang='grc'><strong>(8),</strong></span> <span class='ocrx_word' id='word_1_106' title='bbox 1113 1558 1343 1611; x_wconf 74' lang='grc' dir='ltr'>καὶτῶν</span> <span class='ocrx_word' id='word_1_107' title='bbox 1385 1558 1721 1627; x_wconf 77' lang='grc' dir='ltr'>ἐπουρανίων</span> <span class='ocrx_word' id='word_1_108' title='bbox 1761 1559 1856 1613; x_wconf 72' lang='lat' dir='ltr'><strong>ml.</strong></span> 
     </span>
    </p>
   </div>
   <div class='ocr_carea' id='block_1_16' title="bbox 281 1651 1851 1723">
    <p class='ocr_par' dir='ltr' id='par_1_16' title="bbox 281 1651 1851 1723">
     <span class='ocr_line' id='line_1_16' title="bbox 281 1651 1851 1723; baseline 0 -18"><span class='ocrx_word' id='word_1_109' title='bbox 281 1652 484 1723; x_wconf 81' lang='grc' dir='ltr'>νοερῶν</span> <span class='ocrx_word' id='word_1_110' title='bbox 508 1652 793 1722; x_wconf 74' lang='grc' dir='ltr'>δυνάμεων</span> <span class='ocrx_word' id='word_1_111' title='bbox 817 1653 875 1704; x_wconf 87' lang='grc' dir='ltr'><strong>ἐν</strong></span> <span class='ocrx_word' id='word_1_112' title='bbox 899 1651 1072 1720; x_wconf 90' lang='grc' dir='ltr'>τούτῳ</span> <span class='ocrx_word' id='word_1_113' title='bbox 1095 1651 1170 1704; x_wconf 91' lang='grc' dir='ltr'><strong>τῶ</strong></span> <span class='ocrx_word' id='word_1_114' title='bbox 1198 1652 1352 1722; x_wconf 82' lang='grc' dir='ltr'>μέρει</span> <span class='ocrx_word' id='word_1_115' title='bbox 1373 1668 1677 1723; x_wconf 89' lang='grc' dir='ltr'>προτετιμη</span> <span class='ocrx_word' id='word_1_116' title='bbox 1688 1653 1851 1722; x_wconf 73' lang='grc' dir='ltr'>μένηῐ</span> 
     </span>
    </p>
   </div>
   <div class='ocr_carea' id='block_1_17' title="bbox 284 1739 1853 1813">
    <p class='ocr_par' dir='ltr' id='par_1_17' title="bbox 284 1739 1853 1813">
     <span class='ocr_line' id='line_1_17' title="bbox 284 1739 1853 1813; baseline 0 -20"><span class='ocrx_word' id='word_1_117' title='bbox 284 1742 357 1793; x_wconf 66' lang='lat'><strong>05</strong></span> <span class='ocrx_word' id='word_1_118' title='bbox 391 1742 503 1813; x_wconf 76' lang='grc' dir='ltr'>γὰρ</span> <span class='ocrx_word' id='word_1_119' title='bbox 534 1740 735 1810; x_wconf 71' lang='grc' dir='ltr'>ἠξίωσε</span> <span class='ocrx_word' id='word_1_120' title='bbox 778 1739 1012 1811; x_wconf 84' lang='grc' dir='ltr'>Χριστὸς</span> <span class='ocrx_word' id='word_1_121' title='bbox 1055 1740 1405 1811; x_wconf 71' lang='grc' dir='ltr'>μορφωθῆναι</span> <span class='ocrx_word' id='word_1_122' title='bbox 1437 1741 1573 1809; x_wconf 85' lang='grc' dir='ltr'>πρὸς</span> <span class='ocrx_word' id='word_1_123' title='bbox 1598 1741 1697 1805; x_wconf 82' lang='grc' dir='ltr'>τὰς</span> <span class='ocrx_word' id='word_1_124' title='bbox 1744 1742 1853 1794; x_wconf 90' lang='grc' dir='ltr'><strong>τῶν</strong></span> 
     </span>
    </p>
   </div>
   <div class='ocr_carea' id='block_1_18' title="bbox 1959 560 3518 632">
    <p class='ocr_par' dir='ltr' id='par_1_18' title="bbox 1959 560 3518 632">
     <span class='ocr_line' id='line_1_18' title="bbox 1959 560 3518 632; baseline 0 -15"><span class='ocrx_word' id='word_1_125' title='bbox 1959 563 2084 617; x_wconf 91' lang='lat' dir='ltr'><strong>olim</strong></span> <span class='ocrx_word' id='word_1_126' title='bbox 2121 564 2221 618; x_wconf 98' lang='lat' dir='ltr'><strong>sub</strong></span> <span class='ocrx_word' id='word_1_127' title='bbox 2262 572 2540 632; x_wconf 87' lang='lat' dir='ltr'><strong>peccatum</strong></span> <span class='ocrx_word' id='word_1_128' title='bbox 2582 571 2880 617; x_wconf 75' lang='lat' dir='ltr'><strong>corruerat.</strong></span> <span class='ocrx_word' id='word_1_129' title='bbox 2924 560 3180 631; x_wconf 82' lang='lat' dir='ltr'><strong>Virginali</strong></span> <span class='ocrx_word' id='word_1_130' title='bbox 3224 572 3399 632; x_wconf 89' lang='lat' dir='ltr'><strong>partu,</strong></span> <span class='ocrx_word' id='word_1_131' title='bbox 3440 572 3518 617; x_wconf 88' lang='lat' dir='ltr'><strong>tot</strong></span> 
     </span>
    </p>
   </div>
   <div class='ocr_carea' id='block_1_19' title="bbox 1958 652 3515 723">
    <p class='ocr_par' dir='ltr' id='par_1_19' title="bbox 1958 652 3515 723">
     <span class='ocr_line' id='line_1_19' title="bbox 1958 652 3515 723; baseline 0.001 -16"><span class='ocrx_word' id='word_1_132' title='bbox 1958 662 2226 722; x_wconf 83' lang='lat' dir='ltr'><strong>tantaeque</strong></span> <span class='ocrx_word' id='word_1_133' title='bbox 2259 653 2604 708; x_wconf 84' lang='lat' dir='ltr'><strong>invisibilium</strong></span> <span class='ocrx_word' id='word_1_134' title='bbox 2636 652 2937 708; x_wconf 71' lang='lat' dir='ltr'><strong>dtemonum</strong></span> <span class='ocrx_word' id='word_1_135' title='bbox 2964 653 3131 723; x_wconf 65' lang='lat' dir='ltr'><strong>copia;</strong></span> <span class='ocrx_word' id='word_1_136' title='bbox 3160 654 3211 707; x_wconf 91' lang='lat' dir='ltr'><strong>in</strong></span> <span class='ocrx_word' id='word_1_137' title='bbox 3256 663 3515 709; x_wconf 89' lang='lat' dir='ltr'><strong>tartarum</strong></span> 
     </span>
    </p>
   </div>
   <div class='ocr_carea' id='block_1_20' title="bbox 1956 743 3516 816">
    <p class='ocr_par' dir='ltr' id='par_1_20' title="bbox 1956 743 3516 816">
     <span class='ocr_line' id='line_1_20' title="bbox 1956 743 3516 816; baseline 0.001 -17"><span class='ocrx_word' id='word_1_138' title='bbox 1956 746 2256 816; x_wconf 66' lang='lat' dir='ltr'><strong>prazcipites</strong></span> <span class='ocrx_word' id='word_1_139' title='bbox 2282 745 2417 799; x_wconf 70' lang='lat' dir='ltr'><strong>data:</strong></span> <span class='ocrx_word' id='word_1_140' title='bbox 2452 751 2591 799; x_wconf 87' lang='lat' dir='ltr'><strong>sunt.</strong></span> <span class='ocrx_word' id='word_1_141' title='bbox 2614 743 2813 799; x_wconf 88' lang='lat' dir='ltr'><strong>Factus</strong></span> <span class='ocrx_word' id='word_1_142' title='bbox 2842 754 2919 799; x_wconf 90' lang='lat' dir='ltr'><strong>est</strong></span> <span class='ocrx_word' id='word_1_143' title='bbox 2947 745 3202 800; x_wconf 88' lang='lat' dir='ltr'><strong>Dominus</strong></span> <span class='ocrx_word' id='word_1_144' title='bbox 3227 745 3516 800; x_wconf 85' lang='lat' dir='ltr'><strong>conformis</strong></span> 
     </span>
    </p>
   </div>
   <div class='ocr_carea' id='block_1_21' title="bbox 1956 836 3517 903">
    <p class='ocr_par' dir='ltr' id='par_1_21' title="bbox 1956 836 3517 903">
     <span class='ocr_line' id='line_1_21' title="bbox 1956 836 3517 903; baseline 0.002 -14"><span class='ocrx_word' id='word_1_145' title='bbox 1956 838 2144 903; x_wconf 84' lang='lat' dir='ltr'><strong>servis,</strong></span> <span class='ocrx_word' id='word_1_146' title='bbox 2188 846 2245 889; x_wconf 89' lang='lat' dir='ltr'><strong>ut</strong></span> <span class='ocrx_word' id='word_1_147' title='bbox 2295 836 2436 891; x_wconf 82' lang='lat' dir='ltr'><strong>servi</strong></span> <span class='ocrx_word' id='word_1_148' title='bbox 2491 836 2684 891; x_wconf 90' lang='lat' dir='ltr'><strong>iterum</strong></span> <span class='ocrx_word' id='word_1_149' title='bbox 2722 836 3024 892; x_wconf 82' lang='lat' dir='ltr'><strong>conformes</strong></span> <span class='ocrx_word' id='word_1_150' title='bbox 3068 837 3176 890; x_wconf 84' lang='lat' dir='ltr'><strong>Deo</strong></span> <span class='ocrx_word' id='word_1_151' title='bbox 3221 837 3430 892; x_wconf 83' lang='lat' dir='ltr'><strong>ﬁerent.</strong></span> <span class='ocrx_word' id='word_1_152' title='bbox 3471 836 3517 892; x_wconf 89' lang='lat'><strong>0</strong></span> 
     </span>
    </p>
   </div>
   <div class='ocr_carea' id='block_1_22' title="bbox 1958 926 3518 992">
    <p class='ocr_par' dir='ltr' id='par_1_22' title="bbox 1958 926 3518 992">
     <span class='ocr_line' id='line_1_22' title="bbox 1958 926 3518 992; baseline -0.001 -10"><span class='ocrx_word' id='word_1_153' title='bbox 1958 929 2263 983; x_wconf 86' lang='lat' dir='ltr'><strong>Bethlehem</strong></span> <span class='ocrx_word' id='word_1_154' title='bbox 2298 928 2426 983; x_wconf 87' lang='lat' dir='ltr'><strong>urbs</strong></span> <span class='ocrx_word' id='word_1_155' title='bbox 2460 928 2815 992; x_wconf 82' lang='lat' dir='ltr'><strong>sanctificata,</strong></span> <span class='ocrx_word' id='word_1_156' title='bbox 2863 938 2916 982; x_wconf 92' lang='lat' dir='ltr'><strong>et</strong></span> <span class='ocrx_word' id='word_1_157' title='bbox 2957 927 3255 982; x_wconf 89' lang='lat' dir='ltr'><strong>communis</strong></span> <span class='ocrx_word' id='word_1_158' title='bbox 3289 926 3518 981; x_wconf 69' lang='lat' dir='ltr'><strong>hau-edi-</strong></span> 
     </span>
    </p>
   </div>
   <div class='ocr_carea' id='block_1_23' title="bbox 1958 1018 3518 1087">
    <p class='ocr_par' dir='ltr' id='par_1_23' title="bbox 1958 1018 3518 1087">
     <span class='ocr_line' id='line_1_23' title="bbox 1958 1018 3518 1087; baseline -0.002 -15"><span class='ocrx_word' id='word_1_159' title='bbox 1958 1027 2037 1073; x_wconf 88' lang='lat' dir='ltr'><strong>tas</strong></span> <span class='ocrx_word' id='word_1_160' title='bbox 2059 1020 2369 1073; x_wconf 89' lang='lat' dir='ltr'><strong>hominibus</strong></span> <span class='ocrx_word' id='word_1_161' title='bbox 2399 1018 2571 1073; x_wconf 82' lang='lat' dir='ltr'><strong>facta!</strong></span> <span class='ocrx_word' id='word_1_162' title='bbox 2608 1018 2651 1074; x_wconf 94' lang='grc' dir='ltr'><strong>Ο</strong></span> <span class='ocrx_word' id='word_1_163' title='bbox 2672 1031 2931 1087; x_wconf 68' lang='lat' dir='ltr'><strong>praesepe,</strong></span> <span class='ocrx_word' id='word_1_164' title='bbox 2963 1032 2993 1071; x_wconf 92' lang='grc' dir='ltr'><strong>ο</strong></span> <span class='ocrx_word' id='word_1_165' title='bbox 3020 1031 3253 1085; x_wconf 63' lang='lat' dir='ltr'><strong>praesepe</strong></span> <span class='ocrx_word' id='word_1_166' title='bbox 3273 1031 3518 1085; x_wconf 89' lang='lat' dir='ltr'><strong>compar-</strong></span> 
     </span>
    </p>
   </div>
   <div class='ocr_carea' id='block_1_24' title="bbox 1956 1103 3517 1176">
    <p class='ocr_par' dir='ltr' id='par_1_24' title="bbox 1956 1103 3517 1176">
     <span class='ocr_line' id='line_1_24' title="bbox 1956 1103 3517 1176; baseline -0.001 -16"><span class='ocrx_word' id='word_1_167' title='bbox 1956 1109 2122 1176; x_wconf 89' lang='lat' dir='ltr'><strong>ticeps</strong></span> <span class='ocrx_word' id='word_1_168' title='bbox 2162 1108 2461 1170; x_wconf 86' lang='lat' dir='ltr'><strong>cherubim,</strong></span> <span class='ocrx_word' id='word_1_169' title='bbox 2493 1108 2791 1175; x_wconf 90' lang='lat' dir='ltr'><strong>eodemque</strong></span> <span class='ocrx_word' id='word_1_170' title='bbox 2824 1106 3093 1174; x_wconf 88' lang='lat' dir='ltr'><strong>seraphim</strong></span> <span class='ocrx_word' id='word_1_171' title='bbox 3127 1106 3361 1160; x_wconf 88' lang='lat' dir='ltr'><strong>honore!</strong></span> <span class='ocrx_word' id='word_1_172' title='bbox 3415 1103 3517 1171; x_wconf 86' lang='lat' dir='ltr'><strong>Qui</strong></span> 
     </span>
    </p>
   </div>
   <div class='ocr_carea' id='block_1_25' title="bbox 1955 1196 3519 1265">
    <p class='ocr_par' dir='ltr' id='par_1_25' title="bbox 1955 1196 3519 1265">
     <span class='ocr_line' id='line_1_25' title="bbox 1955 1196 3519 1265; baseline -0.001 -14"><span class='ocrx_word' id='word_1_173' title='bbox 1955 1199 2097 1251; x_wconf 86' lang='lat' dir='ltr'><strong>enim</strong></span> <span class='ocrx_word' id='word_1_174' title='bbox 2125 1198 2191 1251; x_wconf 88' lang='lat' dir='ltr'><strong>iis</strong></span> <span class='ocrx_word' id='word_1_175' title='bbox 2224 1208 2480 1254; x_wconf 66' lang='lat' dir='ltr'><strong>aeternum</strong></span> <span class='ocrx_word' id='word_1_176' title='bbox 2510 1197 2783 1252; x_wconf 76' lang='lat' dir='ltr'><strong>sedibus“</strong></span> <span class='ocrx_word' id='word_1_177' title='bbox 2826 1196 3005 1251; x_wconf 89' lang='lat' dir='ltr'><strong>divine</strong></span> <span class='ocrx_word' id='word_1_178' title='bbox 3056 1196 3338 1265; x_wconf 88' lang='lat' dir='ltr'><strong>inequitat,</strong></span> <span class='ocrx_word' id='word_1_179' title='bbox 3376 1210 3519 1250; x_wconf 89' lang='lat' dir='ltr'><strong>uuuc</strong></span> 
     </span>
    </p>
   </div>
   <div class='ocr_carea' id='block_1_26' title="bbox 1956 1286 3514 1358">
    <p class='ocr_par' dir='ltr' id='par_1_26' title="bbox 1956 1286 3514 1358">
     <span class='ocr_line' id='line_1_26' title="bbox 1956 1286 3514 1358; baseline -0.003 -15"><span class='ocrx_word' id='word_1_180' title='bbox 1956 1289 2009 1343; x_wconf 90' lang='lat' dir='ltr'><strong>iu</strong></span> <span class='ocrx_word' id='word_1_181' title='bbox 2057 1300 2109 1345; x_wconf 89' lang='lat' dir='ltr'><strong>te</strong></span> <span class='ocrx_word' id='word_1_182' title='bbox 2146 1305 2354 1343; x_wconf 90' lang='lat' dir='ltr'><strong>rursum</strong></span> <span class='ocrx_word' id='word_1_183' title='bbox 2383 1287 2735 1358; x_wconf 89' lang='lat' dir='ltr'><strong>corporaliter</strong></span> <span class='ocrx_word' id='word_1_184' title='bbox 2766 1287 2929 1358; x_wconf 81' lang='lat' dir='ltr'><strong>degit.</strong></span> <span class='ocrx_word' id='word_1_185' title='bbox 2967 1287 3010 1342; x_wconf 95' lang='grc' dir='ltr'><strong>Ο</strong></span> <span class='ocrx_word' id='word_1_186' title='bbox 3041 1286 3230 1352; x_wconf 85' lang='lat' dir='ltr'><strong>Maria,</strong></span> <span class='ocrx_word' id='word_1_187' title='bbox 3265 1301 3297 1340; x_wconf 92' lang='grc' dir='ltr'><strong>ο</strong></span> <span class='ocrx_word' id='word_1_188' title='bbox 3324 1286 3514 1352; x_wconf 83' lang='lat' dir='ltr'><strong>Maria,</strong></span> 
     </span>
    </p>
   </div>
   <div class='ocr_carea' id='block_1_27' title="bbox 1954 1379 3519 1450">
    <p class='ocr_par' dir='ltr' id='par_1_27' title="bbox 1954 1379 3519 1450">
     <span class='ocr_line' id='line_1_27' title="bbox 1954 1379 3519 1450; baseline 0 -18"><span class='ocrx_word' id='word_1_189' title='bbox 1954 1395 2074 1450; x_wconf 70' lang='lat' dir='ltr'><strong>qua:</strong></span> <span class='ocrx_word' id='word_1_190' title='bbox 2123 1381 2497 1434; x_wconf 89' lang='lat' dir='ltr'><strong>universorum</strong></span> <span class='ocrx_word' id='word_1_191' title='bbox 2547 1379 2855 1434; x_wconf 84' lang='lat' dir='ltr'><strong>Creatorem</strong></span> <span class='ocrx_word' id='word_1_192' title='bbox 2911 1379 3141 1434; x_wconf 89' lang='lat' dir='ltr'><strong>habuisti</strong></span> <span class='ocrx_word' id='word_1_193' title='bbox 3194 1380 3519 1449; x_wconf 81' lang='lat' dir='ltr'><strong>primogeni-</strong></span> 
     </span>
    </p>
   </div>
   <div class='ocr_carea' id='block_1_28' title="bbox 1956 1469 3516 1541">
    <p class='ocr_par' dir='ltr' id='par_1_28' title="bbox 1956 1469 3516 1541">
     <span class='ocr_line' id='line_1_28' title="bbox 1956 1469 3516 1541; baseline -0.001 -14"><span class='ocrx_word' id='word_1_194' title='bbox 1956 1472 2105 1527; x_wconf 83' lang='lat' dir='ltr'><strong>tum!</strong></span> <span class='ocrx_word' id='word_1_195' title='bbox 2153 1472 2196 1527; x_wconf 94' lang='grc' dir='ltr'>Ο</span> <span class='ocrx_word' id='word_1_196' title='bbox 2246 1471 2547 1526; x_wconf 82' lang='lat' dir='ltr'><strong>humanitas</strong></span> <span class='ocrx_word' id='word_1_197' title='bbox 2598 1471 2691 1525; x_wconf 89' lang='lat' dir='ltr'><strong>Dei</strong></span> <span class='ocrx_word' id='word_1_198' title='bbox 2744 1469 2919 1525; x_wconf 79' lang='lat' dir='ltr'><strong>Verbo</strong></span> <span class='ocrx_word' id='word_1_199' title='bbox 2972 1473 3320 1541; x_wconf 85' lang='lat' dir='ltr'><strong>corporaliter</strong></span> <span class='ocrx_word' id='word_1_200' title='bbox 3377 1473 3516 1527; x_wconf 83' lang='lat' dir='ltr'><strong>facta</strong></span> 
     </span>
    </p>
   </div>
   <div class='ocr_carea' id='block_1_29' title="bbox 1953 1561 3516 1633">
    <p class='ocr_par' dir='ltr' id='par_1_29' title="bbox 1953 1561 3516 1633">
     <span class='ocr_line' id='line_1_29' title="bbox 1953 1561 3516 1633; baseline 0.001 -16"><span class='ocrx_word' id='word_1_201' title='bbox 1953 1563 2276 1629; x_wconf 89' lang='lat' dir='ltr'><strong>substantia,</strong></span> <span class='ocrx_word' id='word_1_202' title='bbox 2324 1577 2495 1631; x_wconf 87' lang='lat' dir='ltr'><strong>eoque</strong></span> <span class='ocrx_word' id='word_1_203' title='bbox 2529 1561 2682 1617; x_wconf 90' lang='lat' dir='ltr'><strong>titulo</strong></span> <span class='ocrx_word' id='word_1_204' title='bbox 2718 1562 3032 1617; x_wconf 76' lang='lat' dir='ltr'><strong>cmlestibus</strong></span> <span class='ocrx_word' id='word_1_205' title='bbox 3080 1564 3516 1633; x_wconf 88' lang='lat' dir='ltr'><strong>spiritalibusque</strong></span> 
     </span>
    </p>
   </div>
   <div class='ocr_carea' id='block_1_30' title="bbox 1953 1654 3516 1722">
    <p class='ocr_par' dir='ltr' id='par_1_30' title="bbox 1953 1654 3516 1722">
     <span class='ocr_line' id='line_1_30' title="bbox 1953 1654 3516 1722; baseline 0.001 -13"><span class='ocrx_word' id='word_1_206' title='bbox 1953 1654 2244 1709; x_wconf 85' lang='lat' dir='ltr'><strong>virtutibus</strong></span> <span class='ocrx_word' id='word_1_207' title='bbox 2278 1655 2479 1709; x_wconf 88' lang='lat' dir='ltr'><strong>honore</strong></span> <span class='ocrx_word' id='word_1_208' title='bbox 2541 1654 2799 1722; x_wconf 75' lang='lat' dir='ltr'><strong>praelata!</strong></span> <span class='ocrx_word' id='word_1_209' title='bbox 2848 1654 3026 1709; x_wconf 86' lang='lat' dir='ltr'><strong>Noluit</strong></span> <span class='ocrx_word' id='word_1_210' title='bbox 3074 1656 3215 1710; x_wconf 90' lang='lat' dir='ltr'><strong>enim</strong></span> <span class='ocrx_word' id='word_1_211' title='bbox 3270 1655 3516 1712; x_wconf 88' lang='lat' dir='ltr'><strong>Christus</strong></span> 
     </span>
    </p>
   </div>
   <div class='ocr_carea' id='block_1_31' title="bbox 1953 1743 3514 1816">
    <p class='ocr_par' dir='ltr' id='par_1_31' title="bbox 1953 1743 3514 1816">
     <span class='ocr_line' id='line_1_31' title="bbox 1953 1743 3514 1816; baseline 0.001 -17"><span class='ocrx_word' id='word_1_212' title='bbox 1953 1744 2180 1799; x_wconf 88' lang='lat' dir='ltr'><strong>formam</strong></span> <span class='ocrx_word' id='word_1_213' title='bbox 2206 1743 2649 1815; x_wconf 84' lang='lat' dir='ltr'><strong>archangelorum</strong></span> <span class='ocrx_word' id='word_1_214' title='bbox 2679 1745 2899 1800; x_wconf 90' lang='lat' dir='ltr'><strong>induere</strong></span> <span class='ocrx_word' id='word_1_215' title='bbox 2917 1746 3085 1813; x_wconf 76' lang='lat' dir='ltr'><strong>“,sed</strong></span> <span class='ocrx_word' id='word_1_216' title='bbox 3117 1762 3289 1816; x_wconf 89' lang='lat' dir='ltr'><strong>neque</strong></span> <span class='ocrx_word' id='word_1_217' title='bbox 3310 1748 3514 1815; x_wconf 86' lang='lat' dir='ltr'><strong>princi-</strong></span> 
     </span>
    </p>
   </div>
   <div class='ocr_carea' id='block_1_32' title="bbox 284 1829 1851 1908">
    <p class='ocr_par' dir='ltr' id='par_1_32' title="bbox 284 1829 1849 1905">
     <span class='ocr_line' id='line_1_32' title="bbox 284 1829 1849 1905; baseline 0.002 -21"><span class='ocrx_word' id='word_1_218' title='bbox 284 1832 641 1903; x_wconf 83' lang='grc' dir='ltr'>ἀρχαγγέλων</span> <span class='ocrx_word' id='word_1_219' title='bbox 666 1830 902 1904; x_wconf 78' lang='grc' dir='ltr'>μορφὰς,</span> <span class='ocrx_word' id='word_1_220' title='bbox 931 1829 1055 1883; x_wconf 74' lang='grc' dir='ltr'>οὕτε</span> <span class='ocrx_word' id='word_1_221' title='bbox 1086 1830 1190 1902; x_wconf 79' lang='grc' dir='ltr'>μὴν</span> <span class='ocrx_word' id='word_1_222' title='bbox 1215 1830 1353 1903; x_wconf 80' lang='grc' dir='ltr'>πρὸς</span> <span class='ocrx_word' id='word_1_223' title='bbox 1380 1831 1479 1897; x_wconf 81' lang='grc' dir='ltr'>τὰς</span> <span class='ocrx_word' id='word_1_224' title='bbox 1512 1832 1620 1887; x_wconf 89' lang='grc' dir='ltr'><strong>τῶν</strong></span> <span class='ocrx_word' id='word_1_225' title='bbox 1644 1833 1849 1905; x_wconf 87' lang='grc' dir='ltr'>ἀρχῶν,</span> 
     </span>
    </p>
   </div>
   <div class='ocr_carea' id='block_1_33' title="bbox 1953 1829 3515 1908">
    <p class='ocr_par' dir='ltr' id='par_1_33' title="bbox 1954 1837 3515 1908">
     <span class='ocr_line' id='line_1_33' title="bbox 1954 1837 3515 1908; baseline 0.004 -19"><span class='ocrx_word' id='word_1_226' title='bbox 1954 1848 2175 1905; x_wconf 91' lang='lat' dir='ltr'><strong>patuum</strong></span> <span class='ocrx_word' id='word_1_227' title='bbox 2238 1846 2293 1891; x_wconf 88' lang='lat' dir='ltr'><strong>et</strong></span> <span class='ocrx_word' id='word_1_228' title='bbox 2334 1837 2589 1891; x_wconf 87' lang='lat' dir='ltr'><strong>virtutum</strong></span> <span class='ocrx_word' id='word_1_229' title='bbox 2655 1847 3088 1908; x_wconf 90' lang='lat' dir='ltr'><strong>potestatumque</strong></span> <span class='ocrx_word' id='word_1_230' title='bbox 3153 1840 3515 1896; x_wconf 82' lang='lat' dir='ltr'><strong>itnmutabiles</strong></span> 
     </span>
    </p>
   </div>
   <div class='ocr_carea' id='block_1_34' title="bbox 285 1920 1850 1995">
    <p class='ocr_par' dir='ltr' id='par_1_34' title="bbox 285 1920 1850 1995">
     <span class='ocr_line' id='line_1_34' title="bbox 285 1920 1850 1995; baseline 0.003 -20"><span class='ocrx_word' id='word_1_231' title='bbox 285 1924 376 1975; x_wconf 72' lang='grc' dir='ltr'><strong>καὶ</strong></span> <span class='ocrx_word' id='word_1_232' title='bbox 406 1922 715 1992; x_wconf 74' lang='grc' dir='ltr'>δυνάμεων,</span> <span class='ocrx_word' id='word_1_233' title='bbox 763 1921 859 1974; x_wconf 71' lang='grc' dir='ltr'><strong>καὶ</strong></span> <span class='ocrx_word' id='word_1_234' title='bbox 904 1920 1163 1985; x_wconf 84' lang='grc' dir='ltr'>ἐξουσιῶν</span> <span class='ocrx_word' id='word_1_235' title='bbox 1188 1922 1491 1992; x_wconf 82' lang='grc' dir='ltr'>ἀτρέπτους</span> <span class='ocrx_word' id='word_1_236' title='bbox 1518 1923 1731 1987; x_wconf 76' lang='grc' dir='ltr'>εἰκόνας</span> <span class='ocrx_word' id='word_1_237' title='bbox 1753 1924 1850 1995; x_wconf 88' lang='grc'><strong>(9),</strong></span> 
     </span>
    </p>
   </div>
   <div class='ocr_carea' id='block_1_35' title="bbox 282 2012 1856 2086">
    <p class='ocr_par' dir='ltr' id='par_1_35' title="bbox 282 2012 1856 2086">
     <span class='ocr_line' id='line_1_35' title="bbox 282 2012 1856 2086; baseline 0.003 -21"><span class='ocrx_word' id='word_1_238' title='bbox 282 2015 418 2066; x_wconf 74' lang='grc' dir='ltr'>ἀλλὰ</span> <span class='ocrx_word' id='word_1_239' title='bbox 442 2015 584 2085; x_wconf 74' lang='grc' dir='ltr'>πρὸς</span> <span class='ocrx_word' id='word_1_240' title='bbox 613 2012 672 2065; x_wconf 87' lang='grc' dir='ltr'><strong>σέ</strong></span> <span class='ocrx_word' id='word_1_241' title='bbox 697 2014 794 2084; x_wconf 79' lang='grc' dir='ltr'>τὴν</span> <span class='ocrx_word' id='word_1_242' title='bbox 818 2013 1230 2083; x_wconf 83' lang='grc' dir='ltr'>κατενεχθεῖσαν</span> <span class='ocrx_word' id='word_1_243' title='bbox 1253 2014 1347 2067; x_wconf 80' lang='grc' dir='ltr'>ἐπὶ</span> <span class='ocrx_word' id='word_1_244' title='bbox 1370 2014 1596 2086; x_wconf 82' lang='grc' dir='ltr'>τροπὴν,</span> <span class='ocrx_word' id='word_1_245' title='bbox 1630 2017 1856 2081; x_wconf 79' lang='grc' dir='ltr'>καὶτοῖς</span> 
     </span>
    </p>
   </div>
   <div class='ocr_carea' id='block_1_36' title="bbox 280 2100 1856 2176">
    <p class='ocr_par' dir='ltr' id='par_1_36' title="bbox 280 2100 1856 2176">
     <span class='ocr_line' id='line_1_36' title="bbox 280 2100 1856 2176; baseline 0.002 -21"><span class='ocrx_word' id='word_1_246' title='bbox 280 2103 498 2169; x_wconf 75' lang='grc' dir='ltr'>ἀλόγοις</span> <span class='ocrx_word' id='word_1_247' title='bbox 569 2100 731 2165; x_wconf 79' lang='grc' dir='ltr'>ζώοις</span> <span class='ocrx_word' id='word_1_248' title='bbox 786 2102 1411 2174; x_wconf 60' lang='grc' dir='ltr'>παῳσυμὸεὸλημένην.</span> <span class='ocrx_word' id='word_1_249' title='bbox 1468 2105 1532 2157; x_wconf 84' lang='grc' dir='ltr'><strong>Οἱ</strong></span> <span class='ocrx_word' id='word_1_250' title='bbox 1590 2105 1690 2176; x_wconf 77' lang='grc' dir='ltr'><strong>μὲν</strong></span> <span class='ocrx_word' id='word_1_251' title='bbox 1746 2106 1856 2176; x_wconf 75' lang='grc' dir='ltr'><strong>γὰρ</strong></span> 
     </span>
    </p>
   </div>
   <div class='ocr_carea' id='block_1_37' title="bbox 282 2192 1853 2269">
    <p class='ocr_par' dir='ltr' id='par_1_37' title="bbox 282 2192 1853 2269">
     <span class='ocr_line' id='line_1_37' title="bbox 282 2192 1853 2269; baseline 0.001 -22"><span class='ocrx_word' id='word_1_252' title='bbox 282 2194 621 2262; x_wconf 78' lang='grc' dir='ltr'>ὑγιαίνοντες</span> <span class='ocrx_word' id='word_1_253' title='bbox 635 2195 696 2246; x_wconf 77' lang='grc' dir='ltr'><strong>οὐ</strong></span> <span class='ocrx_word' id='word_1_254' title='bbox 719 2193 904 2265; x_wconf 79' lang='grc' dir='ltr'>χρείαν</span> <span class='ocrx_word' id='word_1_255' title='bbox 923 2192 1132 2263; x_wconf 77' lang='grc' dir='ltr'>ἔχουσιν</span> <span class='ocrx_word' id='word_1_256' title='bbox 1162 2194 1346 2264; x_wconf 75' lang='grc' dir='ltr'>ἰατροῦ</span> <span class='ocrx_word' id='word_1_257' title='bbox 1368 2213 1379 2225; x_wconf 88' lang='grc'><strong>·</strong></span> <span class='ocrx_word' id='word_1_258' title='bbox 1401 2195 1505 2265; x_wconf 82' lang='grc' dir='ltr'>ἠδὲ</span> <span class='ocrx_word' id='word_1_259' title='bbox 1526 2195 1664 2266; x_wconf 83' lang='grc' dir='ltr'>νόσῳ</span> <span class='ocrx_word' id='word_1_260' title='bbox 1686 2200 1853 2269; x_wconf 80' lang='grc' dir='ltr'>συχνῇ</span> 
     </span>
    </p>
   </div>
   <div class='ocr_carea' id='block_1_38' title="bbox 275 2284 1855 2358">
    <p class='ocr_par' dir='ltr' id='par_1_38' title="bbox 275 2284 1855 2358">
     <span class='ocr_line' id='line_1_38' title="bbox 275 2284 1855 2358; baseline 0.002 -21"><span class='ocrx_word' id='word_1_261' title='bbox 275 2285 703 2356; x_wconf 87' lang='grc' dir='ltr'>κατασχεθεῖσα,</span> <span class='ocrx_word' id='word_1_262' title='bbox 749 2284 1064 2356; x_wconf 83' lang='grc' dir='ltr'>τηλικούτου</span> <span class='ocrx_word' id='word_1_263' title='bbox 1114 2284 1209 2338; x_wconf 75' lang='grc' dir='ltr'><strong>καὶ</strong></span> <span class='ocrx_word' id='word_1_264' title='bbox 1254 2284 1496 2339; x_wconf 89' lang='grc' dir='ltr'>τοιούτου</span> <span class='ocrx_word' id='word_1_265' title='bbox 1556 2287 1855 2358; x_wconf 82' lang='grc' dir='ltr'>τετύχηκεν</span> 
     </span>
    </p>
   </div>
   <div class='ocr_carea' id='block_1_39' title="bbox 279 2376 1852 2451">
    <p class='ocr_par' dir='ltr' id='par_1_39' title="bbox 279 2376 1852 2451">
     <span class='ocr_line' id='line_1_39' title="bbox 279 2376 1852 2451; baseline 0 -20"><span class='ocrx_word' id='word_1_266' title='bbox 279 2378 493 2451; x_wconf 80' lang='grc' dir='ltr'>ἰατροῦ,</span> <span class='ocrx_word' id='word_1_267' title='bbox 532 2378 611 2441; x_wconf 81' lang='grc' dir='ltr'>ὡς</span> <span class='ocrx_word' id='word_1_268' title='bbox 642 2377 885 2447; x_wconf 75' lang='grc' dir='ltr'>μείζονος</span> <span class='ocrx_word' id='word_1_269' title='bbox 908 2376 1008 2447; x_wconf 84' lang='grc' dir='ltr'>τῆς</span> <span class='ocrx_word' id='word_1_270' title='bbox 1034 2376 1220 2443; x_wconf 82' lang='grc' dir='ltr'>ὑγείας</span> <span class='ocrx_word' id='word_1_271' title='bbox 1256 2376 1487 2448; x_wconf 85' lang='grc' dir='ltr'>εύτυχής</span> <span class='ocrx_word' id='word_1_272' title='bbox 1513 2378 1629 2431; x_wconf 82' lang='grc' dir='ltr'>ἐστι</span> <span class='ocrx_word' id='word_1_273' title='bbox 1674 2395 1852 2451; x_wconf 78' lang='grc' dir='ltr'>σωτηο</span> 
     </span>
    </p>
   </div>
   <div class='ocr_carea' id='block_1_40' title="bbox 279 2466 1853 2544">
    <p class='ocr_par' dir='ltr' id='par_1_40' title="bbox 279 2466 1853 2544">
     <span class='ocr_line' id='line_1_40' title="bbox 279 2466 1853 2544; baseline 0.002 -22"><span class='ocrx_word' id='word_1_274' title='bbox 279 2471 404 2544; x_wconf 80' lang='grc' dir='ltr'>ρξας</span> <span class='ocrx_word' id='word_1_275' title='bbox 426 2469 564 2541; x_wconf 75' lang='grc'><strong>(10),</strong></span> <span class='ocrx_word' id='word_1_276' title='bbox 599 2467 692 2521; x_wconf 88' lang='grc' dir='ltr'><strong>τοῦ</strong></span> <span class='ocrx_word' id='word_1_277' title='bbox 718 2469 1016 2539; x_wconf 83' lang='grc' dir='ltr'>νοσήματος</span> <span class='ocrx_word' id='word_1_278' title='bbox 1043 2466 1523 2539; x_wconf 84' lang='grc' dir='ltr'>δραπετεύσαντος.</span> <span class='ocrx_word' id='word_1_279' title='bbox 1568 2469 1728 2523; x_wconf 82' lang='grc' dir='ltr'><strong>Ἀλλά</strong></span> <span class='ocrx_word' id='word_1_280' title='bbox 1751 2470 1853 2525; x_wconf 87' lang='grc' dir='ltr'><strong>ποῦ</strong></span> 
     </span>
    </p>
   </div>
   <div class='ocr_carea' id='block_1_41' title="bbox 275 2558 1855 2632">
    <p class='ocr_par' dir='ltr' id='par_1_41' title="bbox 275 2558 1855 2632">
     <span class='ocr_line' id='line_1_41' title="bbox 275 2558 1855 2632; baseline -0.001 -17"><span class='ocrx_word' id='word_1_281' title='bbox 275 2563 373 2616; x_wconf 73' lang='grc' dir='ltr'><strong>νῦν</strong></span> <span class='ocrx_word' id='word_1_282' title='bbox 399 2564 428 2615; x_wconf 89' lang='lat'><strong>6</strong></span> <span class='ocrx_word' id='word_1_283' title='bbox 452 2559 731 2631; x_wconf 78' lang='grc' dir='ltr'>δυσμενὴς</span> <span class='ocrx_word' id='word_1_284' title='bbox 762 2560 853 2613; x_wconf 76' lang='grc' dir='ltr'>καὶ</span> <span class='ocrx_word' id='word_1_285' title='bbox 884 2558 1215 2630; x_wconf 75' lang='grc' dir='ltr'>ἀϐρόντητος</span> <span class='ocrx_word' id='word_1_286' title='bbox 1240 2558 1382 2628; x_wconf 69' lang='grc'><strong>(11)*</strong></span> <span class='ocrx_word' id='word_1_287' title='bbox 1414 2559 1443 2611; x_wconf 94' lang='lat'><strong>6</strong></span> <span class='ocrx_word' id='word_1_288' title='bbox 1469 2559 1723 2632; x_wconf 84' lang='grc' dir='ltr'>ἀλάστωρ</span> <span class='ocrx_word' id='word_1_289' title='bbox 1762 2562 1855 2614; x_wconf 80' lang='grc' dir='ltr'><strong>καὶ</strong></span> 
     </span>
    </p>
   </div>
   <div class='ocr_carea' id='block_1_42' title="bbox 277 2648 1855 2721">
    <p class='ocr_par' dir='ltr' id='par_1_42' title="bbox 277 2648 1855 2721">
     <span class='ocr_line' id='line_1_42' title="bbox 277 2648 1855 2721; baseline -0.001 -15"><span class='ocrx_word' id='word_1_290' title='bbox 277 2651 607 2721; x_wconf 80' lang='grc' dir='ltr'>παμμίαρος</span> <span class='ocrx_word' id='word_1_291' title='bbox 634 2649 869 2721; x_wconf 87' lang='grc' dir='ltr'>δράκων,</span> <span class='ocrx_word' id='word_1_292' title='bbox 895 2650 923 2701; x_wconf 87' lang='lat'><strong>6</strong></span> <span class='ocrx_word' id='word_1_293' title='bbox 952 2649 1300 2719; x_wconf 77' lang='grc' dir='ltr'>μετεωρίζειν</span> <span class='ocrx_word' id='word_1_294' title='bbox 1330 2650 1409 2712; x_wconf 74' lang='grc' dir='ltr'>εἰς</span> <span class='ocrx_word' id='word_1_295' title='bbox 1447 2648 1579 2718; x_wconf 74' lang='grc' dir='ltr'>ὕψος</span> <span class='ocrx_word' id='word_1_296' title='bbox 1602 2650 1692 2703; x_wconf 72' lang='grc' dir='ltr'><strong>τὸν</strong></span> <span class='ocrx_word' id='word_1_297' title='bbox 1715 2652 1855 2704; x_wconf 89' lang='grc' dir='ltr'>ἐαυ-</span> 
     </span>
    </p>
   </div>
   <div class='ocr_carea' id='block_1_43' title="bbox 276 2741 1126 2815">
    <p class='ocr_par' dir='ltr' id='par_1_43' title="bbox 276 2741 1126 2815">
     <span class='ocr_line' id='line_1_43' title="bbox 276 2741 1126 2815; baseline 0.031 -33"><span class='ocrx_word' id='word_1_298' title='bbox 276 2744 373 2797; x_wconf 64' lang='grc' dir='ltr'><strong>τοῦ</strong></span> <span class='ocrx_word' id='word_1_299' title='bbox 405 2743 600 2815; x_wconf 81' lang='grc' dir='ltr'>θρόνον</span> <span class='ocrx_word' id='word_1_300' title='bbox 631 2741 1093 2812; x_wconf 74' lang='grc' dir='ltr'>ἐπαγγειλάμενος</span> <span class='ocrx_word' id='word_1_301' title='bbox 1112 2758 1126 2807; x_wconf 71' lang='grc' dir='ltr'><strong>ἶ</strong></span> 
     </span>
    </p>
   </div>
   <div class='ocr_carea' id='block_1_44' title="bbox 350 2831 1856 2904">
    <p class='ocr_par' dir='ltr' id='par_1_44' title="bbox 350 2831 1856 2904">
     <span class='ocr_line' id='line_1_44' title="bbox 350 2831 1856 2904; baseline -0.001 -16"><span class='ocrx_word' id='word_1_302' title='bbox 350 2837 425 2888; x_wconf 79' lang='lat' dir='ltr'><strong>E&#39;.</strong></span> <span class='ocrx_word' id='word_1_303' title='bbox 440 2834 556 2898; x_wconf 75' lang='grc' dir='ltr'>Διὸ,</span> <span class='ocrx_word' id='word_1_304' title='bbox 571 2834 811 2901; x_wconf 76' lang='grc' dir='ltr'>ἀδελφοὶ,</span> <span class='ocrx_word' id='word_1_305' title='bbox 828 2832 1098 2903; x_wconf 81' lang='grc' dir='ltr'>μακαρίας</span> <span class='ocrx_word' id='word_1_306' title='bbox 1108 2831 1352 2903; x_wconf 81' lang='grc' dir='ltr'>κλήσεως</span> <span class='ocrx_word' id='word_1_307' title='bbox 1386 2831 1706 2903; x_wconf 76' lang='grc' dir='ltr'>ἐπουρανίου</span> <span class='ocrx_word' id='word_1_308' title='bbox 1728 2832 1856 2904; x_wconf 85' lang='grc' dir='ltr'>μέτ-</span> 
     </span>
    </p>
   </div>
   <div class='ocr_carea' id='block_1_45' title="bbox 275 2922 1855 2999">
    <p class='ocr_par' dir='ltr' id='par_1_45' title="bbox 275 2922 1855 2999">
     <span class='ocr_line' id='line_1_45' title="bbox 275 2922 1855 2999; baseline -0.002 -19"><span class='ocrx_word' id='word_1_309' title='bbox 275 2944 416 2999; x_wconf 83' lang='grc' dir='ltr'>οχοι,</span> <span class='ocrx_word' id='word_1_310' title='bbox 451 2926 593 2997; x_wconf 79' lang='grc' dir='ltr'>πρὸς</span> <span class='ocrx_word' id='word_1_311' title='bbox 619 2924 888 2978; x_wconf 77' lang='grc' dir='ltr'>υἱοθεσίαν</span> <span class='ocrx_word' id='word_1_312' title='bbox 919 2922 1052 2977; x_wconf 88' lang='grc' dir='ltr'>Θεοῦ</span> <span class='ocrx_word' id='word_1_313' title='bbox 1092 2923 1182 2977; x_wconf 76' lang='grc' dir='ltr'><strong>καὶ</strong></span> <span class='ocrx_word' id='word_1_314' title='bbox 1218 2923 1553 2993; x_wconf 60' lang='grc' dir='ltr'>ἀδελφότητα</span> <span class='ocrx_word' id='word_1_315' title='bbox 1584 2925 1855 2996; x_wconf 85' lang='grc' dir='ltr'>κεκλημέ-</span> 
     </span>
    </p>
   </div>
   <div class='ocr_carea' id='block_1_46' title="bbox 276 3013 1854 3091">
    <p class='ocr_par' dir='ltr' id='par_1_46' title="bbox 276 3013 1854 3091">
     <span class='ocr_line' id='line_1_46' title="bbox 276 3013 1854 3091; baseline -0.003 -18"><span class='ocrx_word' id='word_1_316' title='bbox 276 3039 382 3081; x_wconf 86' lang='grc' dir='ltr'>νοι,</span> <span class='ocrx_word' id='word_1_317' title='bbox 418 3020 763 3091; x_wconf 73' lang='grc' dir='ltr'>εὐχαριστεῖν</span> <span class='ocrx_word' id='word_1_318' title='bbox 792 3015 1080 3087; x_wconf 83' lang='grc' dir='ltr'>ὀφείλομεν</span> <span class='ocrx_word' id='word_1_319' title='bbox 1123 3013 1203 3087; x_wconf 83' lang='grc' dir='ltr'>τῷ</span> <span class='ocrx_word' id='word_1_320' title='bbox 1236 3017 1527 3069; x_wconf 66' lang='grc' dir='ltr'>καλέσαντι</span> <span class='ocrx_word' id='word_1_321' title='bbox 1560 3016 1726 3085; x_wconf 79' lang='grc' dir='ltr'>ἡμᾶς,</span> <span class='ocrx_word' id='word_1_322' title='bbox 1759 3015 1854 3069; x_wconf 76' lang='grc' dir='ltr'><strong>καὶ</strong></span> 
     </span>
    </p>
   </div>
   <div class='ocr_carea' id='block_1_47' title="bbox 277 3102 1853 3184">
    <p class='ocr_par' dir='ltr' id='par_1_47' title="bbox 277 3102 1853 3184">
     <span class='ocr_line' id='line_1_47' title="bbox 277 3102 1853 3184; baseline -0.004 -18"><span class='ocrx_word' id='word_1_323' title='bbox 277 3113 543 3184; x_wconf 77' lang='grc' dir='ltr'>παρέχειν</span> <span class='ocrx_word' id='word_1_324' title='bbox 578 3110 804 3173; x_wconf 75' lang='grc' dir='ltr'>ἑαυτοὺς</span> <span class='ocrx_word' id='word_1_325' title='bbox 831 3108 1014 3174; x_wconf 79' lang='grc' dir='ltr'>ἀξίους</span> <span class='ocrx_word' id='word_1_326' title='bbox 1060 3102 1198 3162; x_wconf 78' lang='grc' dir='ltr'>εἶναι</span> <span class='ocrx_word' id='word_1_327' title='bbox 1224 3106 1319 3160; x_wconf 91' lang='grc' dir='ltr'><strong>τοῦ</strong></span> <span class='ocrx_word' id='word_1_328' title='bbox 1355 3107 1681 3178; x_wconf 84' lang='grc' dir='ltr'>παρέχοντος</span> <span class='ocrx_word' id='word_1_329' title='bbox 1723 3108 1853 3177; x_wconf 83' lang='grc' dir='ltr'>ἡμῖν</span> 
     </span>
    </p>
   </div>
   <div class='ocr_carea' id='block_1_48' title="bbox 274 3198 1852 3277">
    <p class='ocr_par' dir='ltr' id='par_1_48' title="bbox 274 3198 1852 3277">
     <span class='ocr_line' id='line_1_48' title="bbox 274 3198 1852 3277; baseline -0.006 -19"><span class='ocrx_word' id='word_1_330' title='bbox 274 3209 379 3277; x_wconf 70' lang='grc' dir='ltr'><strong>τὴν</strong></span> <span class='ocrx_word' id='word_1_331' title='bbox 404 3203 765 3273; x_wconf 76' lang='grc' dir='ltr'>ἀδελφότητα,</span> <span class='ocrx_word' id='word_1_332' title='bbox 796 3201 889 3254; x_wconf 69' lang='grc' dir='ltr'><strong>καὶ</strong></span> <span class='ocrx_word' id='word_1_333' title='bbox 928 3198 1219 3270; x_wconf 76' lang='grc' dir='ltr'>δεξαμένου</span> <span class='ocrx_word' id='word_1_334' title='bbox 1257 3200 1403 3270; x_wconf 76' lang='grc' dir='ltr'>ἡμᾶς</span> <span class='ocrx_word' id='word_1_335' title='bbox 1436 3200 1515 3262; x_wconf 87' lang='grc' dir='ltr'><strong>είς</strong></span> <span class='ocrx_word' id='word_1_336' title='bbox 1560 3198 1852 3264; x_wconf 75' lang='grc' dir='ltr'>υἱοθεσίαν,</span> 
     </span>
    </p>
   </div>
   <div class='ocr_carea' id='block_1_49' title="bbox 276 3289 1857 3361">
    <p class='ocr_par' dir='ltr' id='par_1_49' title="bbox 276 3289 1857 3361">
     <span class='ocr_line' id='line_1_49' title="bbox 276 3289 1857 3361; baseline -0.004 -9"><span class='ocrx_word' id='word_1_337' title='bbox 276 3299 499 3360; x_wconf 78' lang='grc' dir='ltr'>ἑκόντες</span> <span class='ocrx_word' id='word_1_338' title='bbox 530 3291 626 3350; x_wconf 73' lang='grc' dir='ltr'><strong>οὖν</strong></span> <span class='ocrx_word' id='word_1_339' title='bbox 653 3294 747 3347; x_wconf 72' lang='grc' dir='ltr'><strong>καὶ</strong></span> <span class='ocrx_word' id='word_1_340' title='bbox 776 3292 833 3359; x_wconf 80' lang='grc' dir='ltr'><strong>ἐξ</strong></span> <span class='ocrx_word' id='word_1_341' title='bbox 862 3292 1079 3361; x_wconf 86' lang='grc' dir='ltr'>ἀγάπης</span> <span class='ocrx_word' id='word_1_342' title='bbox 1113 3289 1484 3360; x_wconf 86' lang='grc' dir='ltr'>δουλεύσωμεν</span> <span class='ocrx_word' id='word_1_343' title='bbox 1522 3290 1691 3361; x_wconf 79' lang='grc' dir='ltr'>αὐτῷ,</span> <span class='ocrx_word' id='word_1_344' title='bbox 1717 3291 1857 3345; x_wconf 78' lang='grc' dir='ltr'>ἐτοι-</span> 
     </span>
    </p>
   </div>
   <div class='ocr_carea' id='block_1_50' title="bbox 280 3379 1855 3460">
    <p class='ocr_par' dir='ltr' id='par_1_50' title="bbox 280 3379 1855 3460">
     <span class='ocr_line' id='line_1_50' title="bbox 280 3379 1855 3460; baseline -0.006 -19"><span class='ocrx_word' id='word_1_345' title='bbox 280 3408 376 3460; x_wconf 81' lang='grc' dir='ltr'><strong>μοι</strong></span> <span class='ocrx_word' id='word_1_346' title='bbox 392 3389 546 3450; x_wconf 72' lang='grc' dir='ltr'>ὅντες</span> <span class='ocrx_word' id='word_1_347' title='bbox 568 3385 706 3456; x_wconf 83' lang='grc' dir='ltr'>πρὸς</span> <span class='ocrx_word' id='word_1_348' title='bbox 727 3386 906 3438; x_wconf 80' lang='grc' dir='ltr'>πᾶσαν</span> <span class='ocrx_word' id='word_1_349' title='bbox 932 3381 1273 3451; x_wconf 86' lang='grc' dir='ltr'>δικαιοσύνης</span> <span class='ocrx_word' id='word_1_350' title='bbox 1289 3379 1645 3451; x_wconf 59' lang='grc' dir='ltr'>κατόρθωσιν</span> <span class='ocrx_word' id='word_1_351' title='bbox 1666 3381 1855 3452; x_wconf 73' lang='grc' dir='ltr'>ἁγνείᾳ</span> 
     </span>
    </p>
   </div>
   <div class='ocr_carea' id='block_1_51' title="bbox 278 3472 1852 3550">
    <p class='ocr_par' dir='ltr' id='par_1_51' title="bbox 278 3472 1852 3550">
     <span class='ocr_line' id='line_1_51' title="bbox 278 3472 1852 3550; baseline -0.004 -18"><span class='ocrx_word' id='word_1_352' title='bbox 278 3483 674 3550; x_wconf 77' lang='grc' dir='ltr'>κοσμούμενοι,</span> <span class='ocrx_word' id='word_1_353' title='bbox 728 3473 1113 3545; x_wconf 85' lang='grc' dir='ltr'>ἀκτημοσύνην</span> <span class='ocrx_word' id='word_1_354' title='bbox 1152 3472 1460 3537; x_wconf 86' lang='grc' dir='ltr'>διώκοντες,</span> <span class='ocrx_word' id='word_1_355' title='bbox 1493 3472 1674 3541; x_wconf 85' lang='grc' dir='ltr'>λόγοις</span> <span class='ocrx_word' id='word_1_356' title='bbox 1720 3472 1852 3526; x_wconf 88' lang='grc' dir='ltr'>Θεοῦ</span> 
     </span>
    </p>
   </div>
   <div class='ocr_carea' id='block_1_52' title="bbox 278 3562 1851 3642">
    <p class='ocr_par' dir='ltr' id='par_1_52' title="bbox 278 3562 1851 3642">
     <span class='ocr_line' id='line_1_52' title="bbox 278 3562 1851 3642; baseline -0.005 -17"><span class='ocrx_word' id='word_1_357' title='bbox 278 3566 842 3642; x_wconf 78' lang='grc' dir='ltr'>προσκαρτεροῦντες,</span> <span class='ocrx_word' id='word_1_358' title='bbox 888 3566 1074 3635; x_wconf 78' lang='grc' dir='ltr'>εὐχαῖς</span> <span class='ocrx_word' id='word_1_359' title='bbox 1119 3562 1302 3632; x_wconf 84' lang='grc' dir='ltr'>ἁγίαις</span> <span class='ocrx_word' id='word_1_360' title='bbox 1344 3562 1437 3617; x_wconf 66' lang='grc' dir='ltr'><strong>καὶ</strong></span> <span class='ocrx_word' id='word_1_361' title='bbox 1490 3563 1680 3633; x_wconf 73' lang='grc' dir='ltr'>ὕμνοις</span> <span class='ocrx_word' id='word_1_362' title='bbox 1720 3562 1851 3617; x_wconf 85' lang='grc' dir='ltr'>Θεοῦ</span> 
     </span>
    </p>
   </div>
   <div class='ocr_carea' id='block_1_53' title="bbox 279 3654 1855 3734">
    <p class='ocr_par' dir='ltr' id='par_1_53' title="bbox 279 3654 1855 3734">
     <span class='ocr_line' id='line_1_53' title="bbox 279 3654 1855 3734; baseline -0.004 -21"><span class='ocrx_word' id='word_1_363' title='bbox 279 3662 447 3734; x_wconf 76' lang='grc' dir='ltr'>ἱεροῖς</span> <span class='ocrx_word' id='word_1_364' title='bbox 480 3658 827 3729; x_wconf 83' lang='grc' dir='ltr'>ἀνακείμενοι</span> <span class='ocrx_word' id='word_1_365' title='bbox 847 3672 861 3687; x_wconf 77' lang='grc' dir='ltr'><strong>ο</strong></span> <span class='ocrx_word' id='word_1_366' title='bbox 908 3655 1469 3727; x_wconf 75' lang='grc' dir='ltr'>μετασχηματίζοντες</span> <span class='ocrx_word' id='word_1_367' title='bbox 1495 3654 1722 3717; x_wconf 78' lang='grc' dir='ltr'>ἑαυτοὺς</span> <span class='ocrx_word' id='word_1_368' title='bbox 1747 3654 1855 3707; x_wconf 84' lang='grc' dir='ltr'><strong>ἀπὸ</strong></span> 
     </span>
    </p>
   </div>
   <div class='ocr_carea' id='block_1_54' title="bbox 278 3744 1853 3816">
    <p class='ocr_par' dir='ltr' id='par_1_54' title="bbox 278 3744 1853 3816">
     <span class='ocr_line' id='line_1_54' title="bbox 278 3744 1853 3816; baseline -0.006 -9"><span class='ocrx_word' id='word_1_369' title='bbox 278 3755 372 3808; x_wconf 84' lang='grc' dir='ltr'><strong>τοῦ</strong></span> <span class='ocrx_word' id='word_1_370' title='bbox 417 3752 618 3813; x_wconf 86' lang='grc' dir='ltr'>αἰῶνος</span> <span class='ocrx_word' id='word_1_371' title='bbox 649 3748 861 3815; x_wconf 85' lang='grc' dir='ltr'>τούτου,</span> <span class='ocrx_word' id='word_1_372' title='bbox 894 3746 1370 3816; x_wconf 78' lang='grc' dir='ltr'>ἐπιλανθανόμενοι</span> <span class='ocrx_word' id='word_1_373' title='bbox 1401 3744 1510 3797; x_wconf 87' lang='grc' dir='ltr'><strong>τῶν</strong></span> <span class='ocrx_word' id='word_1_374' title='bbox 1534 3746 1735 3816; x_wconf 81' lang='grc' dir='ltr'>γηΐνων</span> <span class='ocrx_word' id='word_1_375' title='bbox 1761 3745 1853 3797; x_wconf 76' lang='grc' dir='ltr'><strong>καὶ</strong></span> 
     </span>
    </p>
   </div>
   <div class='ocr_carea' id='block_1_55' title="bbox 279 3836 1851 3917">
    <p class='ocr_par' dir='ltr' id='par_1_55' title="bbox 279 3836 1851 3917">
     <span class='ocr_line' id='line_1_55' title="bbox 279 3836 1851 3917; baseline -0.008 -16"><span class='ocrx_word' id='word_1_376' title='bbox 279 3845 492 3917; x_wconf 79' lang='grc' dir='ltr'>θνητῶν</span> <span class='ocrx_word' id='word_1_377' title='bbox 524 3840 851 3912; x_wconf 82' lang='grc' dir='ltr'>ἐπιθυμιῶν,</span> <span class='ocrx_word' id='word_1_378' title='bbox 885 3837 1140 3901; x_wconf 89' lang='grc' dir='ltr'>νικῶντες</span> <span class='ocrx_word' id='word_1_379' title='bbox 1179 3839 1236 3890; x_wconf 86' lang='grc' dir='ltr'><strong>ἐν</strong></span> <span class='ocrx_word' id='word_1_380' title='bbox 1263 3836 1340 3905; x_wconf 82' lang='grc' dir='ltr'><strong>τῷ</strong></span> <span class='ocrx_word' id='word_1_381' title='bbox 1365 3836 1552 3907; x_wconf 82' lang='grc' dir='ltr'>ἀγαθῷ</span> <span class='ocrx_word' id='word_1_382' title='bbox 1582 3836 1642 3889; x_wconf 82' lang='grc' dir='ltr'><strong>τὸ</strong></span> <span class='ocrx_word' id='word_1_383' title='bbox 1664 3836 1851 3900; x_wconf 82' lang='grc' dir='ltr'>κακὸν,</span> 
     </span>
    </p>
   </div>
   <div class='ocr_carea' id='block_1_56' title="bbox 282 3925 1855 4009">
    <p class='ocr_par' dir='ltr' id='par_1_56' title="bbox 282 3925 1855 4009">
     <span class='ocr_line' id='line_1_56' title="bbox 282 3925 1855 4009; baseline -0.009 -18"><span class='ocrx_word' id='word_1_384' title='bbox 282 3938 477 4009; x_wconf 76' lang='grc' dir='ltr'>μηδενὶ</span> <span class='ocrx_word' id='word_1_385' title='bbox 516 3934 686 3988; x_wconf 82' lang='grc' dir='ltr'>κακὸν</span> <span class='ocrx_word' id='word_1_386' title='bbox 720 3932 841 3986; x_wconf 73' lang='grc' dir='ltr'>ἀντὶ</span> <span class='ocrx_word' id='word_1_387' title='bbox 890 3928 1061 3984; x_wconf 88' lang='grc' dir='ltr'>κακοῦ</span> <span class='ocrx_word' id='word_1_388' title='bbox 1104 3927 1468 3990; x_wconf 71' lang='grc' dir='ltr'>ἀποδιδόντες*</span> <span class='ocrx_word' id='word_1_389' title='bbox 1521 3926 1593 3997; x_wconf 85' lang='grc' dir='ltr'><strong>μὴ</strong></span> <span class='ocrx_word' id='word_1_390' title='bbox 1646 3925 1855 3994; x_wconf 76' lang='grc' dir='ltr'>λογιζόο</span> 
     </span>
    </p>
   </div>
   <div class='ocr_carea' id='block_1_57' title="bbox 283 4014 1851 4097">
    <p class='ocr_par' dir='ltr' id='par_1_57' title="bbox 283 4014 1851 4097">
     <span class='ocr_line' id='line_1_57' title="bbox 283 4014 1851 4097; baseline -0.009 -16"><span class='ocrx_word' id='word_1_391' title='bbox 283 4045 435 4097; x_wconf 82' lang='grc' dir='ltr'>μενοι</span> <span class='ocrx_word' id='word_1_392' title='bbox 470 4024 699 4087; x_wconf 76' lang='grc' dir='ltr'>ἐαυτοὺς</span> <span class='ocrx_word' id='word_1_393' title='bbox 734 4020 1027 4091; x_wconf 80' lang='grc' dir='ltr'>διατρίϐειν</span> <span class='ocrx_word' id='word_1_394' title='bbox 1060 4019 1117 4070; x_wconf 88' lang='grc' dir='ltr'><strong>ἐν</strong></span> <span class='ocrx_word' id='word_1_395' title='bbox 1157 4020 1223 4089; x_wconf 81' lang='grc' dir='ltr'>τῇ</span> <span class='ocrx_word' id='word_1_396' title='bbox 1258 4019 1350 4088; x_wconf 77' lang='grc' dir='ltr'>γῇ,</span> <span class='ocrx_word' id='word_1_397' title='bbox 1390 4014 1503 4069; x_wconf 85' lang='grc' dir='ltr'>ἀλλ’</span> <span class='ocrx_word' id='word_1_398' title='bbox 1549 4018 1607 4068; x_wconf 83' lang='grc' dir='ltr'><strong>ἐν</strong></span> <span class='ocrx_word' id='word_1_399' title='bbox 1638 4015 1851 4085; x_wconf 80' lang='grc' dir='ltr'>οὐρανῷ</span> 
     </span>
    </p>
   </div>
   <div class='ocr_carea' id='block_1_58' title="bbox 280 4105 1853 4184">
    <p class='ocr_par' dir='ltr' id='par_1_58' title="bbox 280 4105 1853 4184">
     <span class='ocr_line' id='line_1_58' title="bbox 280 4105 1853 4184; baseline -0.008 -13"><span class='ocrx_word' id='word_1_400' title='bbox 280 4115 662 4172; x_wconf 79' lang='grc' dir='ltr'>πολιτεύεσθαι</span> <span class='ocrx_word' id='word_1_401' title='bbox 676 4130 691 4144; x_wconf 77' lang='grc'><strong><em>⁸</em></strong></span> <span class='ocrx_word' id='word_1_402' title='bbox 718 4113 834 4184; x_wconf 86' lang='grc' dir='ltr'>μετ’</span> <span class='ocrx_word' id='word_1_403' title='bbox 850 4109 1094 4180; x_wconf 80' lang='grc' dir='ltr'>ἀγγέλων</span> <span class='ocrx_word' id='word_1_404' title='bbox 1119 4105 1569 4178; x_wconf 82' lang='grc' dir='ltr'>ἀναστρέφεσθαι,</span> <span class='ocrx_word' id='word_1_405' title='bbox 1588 4106 1666 4175; x_wconf 82' lang='grc' dir='ltr'><strong>τῷ</strong></span> <span class='ocrx_word' id='word_1_406' title='bbox 1683 4105 1853 4175; x_wconf 87' lang='grc' dir='ltr'>θρόνῳ</span> 
     </span>
    </p>
   </div>
   <div class='ocr_carea' id='block_1_59' title="bbox 278 4196 1854 4280">
    <p class='ocr_par' dir='ltr' id='par_1_59' title="bbox 278 4196 1854 4280">
     <span class='ocr_line' id='line_1_59' title="bbox 278 4196 1854 4280; baseline -0.01 -18"><span class='ocrx_word' id='word_1_407' title='bbox 278 4210 376 4280; x_wconf 81' lang='grc' dir='ltr'>τῆς</span> <span class='ocrx_word' id='word_1_408' title='bbox 422 4206 683 4279; x_wconf 71' lang='grc' dir='ltr'>ὠρανίου</span> <span class='ocrx_word' id='word_1_409' title='bbox 744 4202 1018 4274; x_wconf 82' lang='grc' dir='ltr'>βασιλείας</span> <span class='ocrx_word' id='word_1_410' title='bbox 1075 4199 1440 4270; x_wconf 81' lang='grc' dir='ltr'>παραστῆναι.</span> <span class='ocrx_word' id='word_1_411' title='bbox 1498 4197 1682 4249; x_wconf 88' lang='grc' dir='ltr'>Ταῦτα</span> <span class='ocrx_word' id='word_1_412' title='bbox 1742 4196 1854 4248; x_wconf 88' lang='grc' dir='ltr'><strong>τῶν</strong></span> 
     </span>
    </p>
   </div>
   <div class='ocr_carea' id='block_1_60' title="bbox 283 4288 1853 4373">
    <p class='ocr_par' dir='ltr' id='par_1_60' title="bbox 283 4288 1853 4373">
     <span class='ocr_line' id='line_1_60' title="bbox 283 4288 1853 4373; baseline -0.01 -18"><span class='ocrx_word' id='word_1_413' title='bbox 283 4302 446 4373; x_wconf 74' lang='grc' dir='ltr'>ἱερῶν</span> <span class='ocrx_word' id='word_1_414' title='bbox 480 4299 797 4353; x_wconf 76' lang='grc' dir='ltr'>ἀποστόλων</span> <span class='ocrx_word' id='word_1_415' title='bbox 826 4295 895 4349; x_wconf 80' lang='grc' dir='ltr'><strong>τά</strong></span> <span class='ocrx_word' id='word_1_416' title='bbox 937 4294 1266 4363; x_wconf 73' lang='grc' dir='ltr'>διδάγματαο</span> <span class='ocrx_word' id='word_1_417' title='bbox 1300 4294 1357 4344; x_wconf 88' lang='grc' dir='ltr'><strong>ἐν</strong></span> <span class='ocrx_word' id='word_1_418' title='bbox 1387 4288 1596 4352; x_wconf 86' lang='grc' dir='ltr'>τούτοις</span> <span class='ocrx_word' id='word_1_419' title='bbox 1624 4288 1853 4359; x_wconf 84' lang='grc' dir='ltr'>Χριστὸς</span> 
     </span>
    </p>
   </div>
   <div class='ocr_carea' id='block_1_61' title="bbox 281 4378 1849 4466">
    <p class='ocr_par' dir='ltr' id='par_1_61' title="bbox 281 4378 1849 4466">
     <span class='ocr_line' id='line_1_61' title="bbox 281 4378 1849 4466; baseline -0.009 -18"><span class='ocrx_word' id='word_1_420' title='bbox 281 4399 410 4466; x_wconf 79' lang='grc' dir='ltr'>ἡμῖν</span> <span class='ocrx_word' id='word_1_421' title='bbox 453 4393 555 4464; x_wconf 73' lang='grc' dir='ltr'><strong>τὴν</strong></span> <span class='ocrx_word' id='word_1_422' title='bbox 602 4390 873 4463; x_wconf 85' lang='grc' dir='ltr'>μακαρίαν</span> <span class='ocrx_word' id='word_1_423' title='bbox 922 4387 1015 4440; x_wconf 58' lang='grc' dir='ltr'><strong>καὶ⁸</strong></span> <span class='ocrx_word' id='word_1_424' title='bbox 1060 4383 1275 4439; x_wconf 83' lang='grc' dir='ltr'>αἰώνιον</span> <span class='ocrx_word' id='word_1_425' title='bbox 1317 4381 1580 4452; x_wconf 85' lang='grc' dir='ltr'>διαθήκην</span> <span class='ocrx_word' id='word_1_426' title='bbox 1628 4378 1849 4434; x_wconf 87' lang='grc' dir='ltr'>διέθετο.</span> 
     </span>
    </p>
   </div>
   <div class='ocr_carea' id='block_1_62' title="bbox 282 4469 1853 4557">
    <p class='ocr_par' dir='ltr' id='par_1_62' title="bbox 282 4469 1853 4557">
     <span class='ocr_line' id='line_1_62' title="bbox 282 4469 1853 4557; baseline -0.012 -18"><span class='ocrx_word' id='word_1_427' title='bbox 282 4484 634 4557; x_wconf 57' lang='grc' dir='ltr'>Θαυμασάτω</span> <span class='ocrx_word' id='word_1_428' title='bbox 668 4481 770 4552; x_wconf 76' lang='grc' dir='ltr'>τὴν</span> <span class='ocrx_word' id='word_1_429' title='bbox 806 4478 1004 4551; x_wconf 77' lang='grc' dir='ltr'>ἀρετὴν</span> <span class='ocrx_word' id='word_1_430' title='bbox 1046 4474 1204 4547; x_wconf 77' lang='grc' dir='ltr'>ἡμῶν</span> <span class='ocrx_word' id='word_1_431' title='bbox 1236 4474 1263 4526; x_wconf 91' lang='lat'><strong>6</strong></span> <span class='ocrx_word' id='word_1_432' title='bbox 1296 4473 1530 4542; x_wconf 89' lang='grc' dir='ltr'>κόσμος·</span> <span class='ocrx_word' id='word_1_433' title='bbox 1569 4469 1853 4541; x_wconf 74' lang='grc' dir='ltr'>αἰσχυνθή-</span> 
     </span>
    </p>
   </div>
   <div class='ocr_carea' id='block_1_63' title="bbox 1957 1927 3516 2000">
    <p class='ocr_par' dir='ltr' id='par_1_63' title="bbox 1957 1927 3516 2000">
     <span class='ocr_line' id='line_1_63' title="bbox 1957 1927 3516 2000; baseline 0.003 -19"><span class='ocrx_word' id='word_1_434' title='bbox 1957 1927 2239 1993; x_wconf 78' lang='lat' dir='ltr'><strong>imagines,</strong></span> <span class='ocrx_word' id='word_1_435' title='bbox 2277 1936 2421 1983; x_wconf 90' lang='lat' dir='ltr'><strong>tuam</strong></span> <span class='ocrx_word' id='word_1_436' title='bbox 2469 1943 2598 1984; x_wconf 89' lang='lat' dir='ltr'><strong>vero</strong></span> <span class='ocrx_word' id='word_1_437' title='bbox 2633 1928 2687 1983; x_wconf 91' lang='lat' dir='ltr'><strong>in</strong></span> <span class='ocrx_word' id='word_1_438' title='bbox 2716 1930 3062 1984; x_wconf 87' lang='lat' dir='ltr'><strong>mutationem</strong></span> <span class='ocrx_word' id='word_1_439' title='bbox 3094 1930 3392 2000; x_wconf 86' lang='lat' dir='ltr'><strong>prolapsam</strong></span> <span class='ocrx_word' id='word_1_440' title='bbox 3434 1932 3516 1986; x_wconf 86' lang='lat' dir='ltr'><strong>in-</strong></span> 
     </span>
    </p>
   </div>
   <div class='ocr_carea' id='block_1_64' title="bbox 1956 2018 3517 2091">
    <p class='ocr_par' dir='ltr' id='par_1_64' title="bbox 1956 2018 3517 2091">
     <span class='ocr_line' id='line_1_64' title="bbox 1956 2018 3517 2091; baseline 0.004 -19"><span class='ocrx_word' id='word_1_441' title='bbox 1956 2018 2090 2082; x_wconf 87' lang='lat' dir='ltr'><strong>duit,</strong></span> <span class='ocrx_word' id='word_1_442' title='bbox 2134 2028 2192 2074; x_wconf 90' lang='lat' dir='ltr'><strong>et</strong></span> <span class='ocrx_word' id='word_1_443' title='bbox 2232 2019 2405 2075; x_wconf 87' lang='lat' dir='ltr'><strong>brutis</strong></span> <span class='ocrx_word' id='word_1_444' title='bbox 2455 2020 2820 2077; x_wconf 80' lang='lat' dir='ltr'><strong>animantibus</strong></span> <span class='ocrx_word' id='word_1_445' title='bbox 2871 2032 3229 2091; x_wconf 88' lang='lat' dir='ltr'><strong>comparatam</strong></span> <span class='ocrx_word' id='word_1_446' title='bbox 3248 2023 3312 2078; x_wconf 82' lang='lat'><strong>&#39;°.</strong></span> <span class='ocrx_word' id='word_1_447' title='bbox 3356 2023 3517 2079; x_wconf 87' lang='lat' dir='ltr'><strong>Sanis</strong></span> 
     </span>
    </p>
   </div>
   <div class='ocr_carea' id='block_1_65' title="bbox 1954 2112 3518 2185">
    <p class='ocr_par' dir='ltr' id='par_1_65' title="bbox 1954 2112 3518 2185">
     <span class='ocr_line' id='line_1_65' title="bbox 1954 2112 3518 2185; baseline 0.004 -22"><span class='ocrx_word' id='word_1_448' title='bbox 1954 2112 2167 2180; x_wconf 87' lang='lat' dir='ltr'><strong>quidem</strong></span> <span class='ocrx_word' id='word_1_449' title='bbox 2196 2126 2299 2166; x_wconf 91' lang='lat' dir='ltr'><strong>non</strong></span> <span class='ocrx_word' id='word_1_450' title='bbox 2326 2123 2408 2167; x_wconf 91' lang='lat' dir='ltr'><strong>est</strong></span> <span class='ocrx_word' id='word_1_451' title='bbox 2432 2127 2565 2182; x_wconf 86' lang='lat' dir='ltr'><strong>opus</strong></span> <span class='ocrx_word' id='word_1_452' title='bbox 2590 2112 2829 2168; x_wconf 90' lang='lat' dir='ltr'><strong>medicus</strong></span> <span class='ocrx_word' id='word_1_453' title='bbox 2847 2113 2887 2144; x_wconf 78' lang='lat'><strong>&quot;</strong></span> <span class='ocrx_word' id='word_1_454' title='bbox 2905 2130 2920 2166; x_wconf 92' lang='lat'><strong>:</strong></span> <span class='ocrx_word' id='word_1_455' title='bbox 2940 2122 2995 2167; x_wconf 90' lang='lat' dir='ltr'><strong>at</strong></span> <span class='ocrx_word' id='word_1_456' title='bbox 3027 2129 3144 2184; x_wconf 74' lang='lat' dir='ltr'><strong>qua:</strong></span> <span class='ocrx_word' id='word_1_457' title='bbox 3169 2114 3349 2170; x_wconf 88' lang='lat' dir='ltr'><strong>multis</strong></span> <span class='ocrx_word' id='word_1_458' title='bbox 3376 2131 3518 2185; x_wconf 74' lang='lat' dir='ltr'><strong>mor-</strong></span> 
     </span>
    </p>
   </div>
   <div class='ocr_carea' id='block_1_66' title="bbox 1956 2199 3519 2272">
    <p class='ocr_par' dir='ltr' id='par_1_66' title="bbox 1956 2199 3519 2272">
     <span class='ocr_line' id='line_1_66' title="bbox 1956 2199 3519 2272; baseline 0.005 -19"><span class='ocrx_word' id='word_1_459' title='bbox 1956 2199 2039 2254; x_wconf 87' lang='lat' dir='ltr'><strong>bis</strong></span> <span class='ocrx_word' id='word_1_460' title='bbox 2095 2200 2453 2263; x_wconf 82' lang='lat' dir='ltr'><strong>detinebatur,</strong></span> <span class='ocrx_word' id='word_1_461' title='bbox 2519 2200 2677 2256; x_wconf 82' lang='lat' dir='ltr'><strong>talem</strong></span> <span class='ocrx_word' id='word_1_462' title='bbox 2739 2211 3054 2272; x_wconf 88' lang='lat' dir='ltr'><strong>tantumque</strong></span> <span class='ocrx_word' id='word_1_463' title='bbox 3110 2215 3397 2261; x_wconf 73' lang='lat' dir='ltr'><strong>consecuta</strong></span> <span class='ocrx_word' id='word_1_464' title='bbox 3434 2218 3519 2261; x_wconf 90' lang='lat' dir='ltr'><strong>est</strong></span> 
     </span>
    </p>
   </div>
   <div class='ocr_carea' id='block_1_67' title="bbox 1958 2291 3515 2363">
    <p class='ocr_par' dir='ltr' id='par_1_67' title="bbox 1958 2291 3515 2363">
     <span class='ocr_line' id='line_1_67' title="bbox 1958 2291 3515 2363; baseline 0.005 -19"><span class='ocrx_word' id='word_1_465' title='bbox 1958 2291 2242 2356; x_wconf 79' lang='lat' dir='ltr'><strong>medicum,</strong></span> <span class='ocrx_word' id='word_1_466' title='bbox 2277 2301 2333 2345; x_wconf 92' lang='lat' dir='ltr'><strong>ut</strong></span> <span class='ocrx_word' id='word_1_467' title='bbox 2361 2291 2542 2361; x_wconf 85' lang='lat' dir='ltr'><strong>fugato</strong></span> <span class='ocrx_word' id='word_1_468' title='bbox 2574 2292 2781 2358; x_wconf 87' lang='lat' dir='ltr'><strong>morbo,</strong></span> <span class='ocrx_word' id='word_1_469' title='bbox 2807 2292 2997 2362; x_wconf 84' lang='lat' dir='ltr'><strong>majori</strong></span> <span class='ocrx_word' id='word_1_470' title='bbox 3027 2310 3186 2363; x_wconf 90' lang='lat' dir='ltr'><strong>quam</strong></span> <span class='ocrx_word' id='word_1_471' title='bbox 3232 2312 3363 2351; x_wconf 88' lang='lat' dir='ltr'><strong>sana</strong></span> <span class='ocrx_word' id='word_1_472' title='bbox 3404 2297 3515 2352; x_wconf 60' lang='lat' dir='ltr'><strong>fore</strong></span> 
     </span>
    </p>
   </div>
   <div class='ocr_carea' id='block_1_68' title="bbox 1960 2384 3517 2443">
    <p class='ocr_par' dir='ltr' id='par_1_68' title="bbox 1960 2384 3517 2443">
     <span class='ocr_line' id='line_1_68' title="bbox 1960 2384 3517 2443; baseline 0.004 -6"><span class='ocrx_word' id='word_1_473' title='bbox 1960 2394 2141 2438; x_wconf 80' lang='lat' dir='ltr'><strong>lunata</strong></span> <span class='ocrx_word' id='word_1_474' title='bbox 2170 2386 2241 2440; x_wconf 92' lang='lat' dir='ltr'><strong>sit</strong></span> <span class='ocrx_word' id='word_1_475' title='bbox 2274 2384 2468 2440; x_wconf 90' lang='lat' dir='ltr'><strong>salute.</strong></span> <span class='ocrx_word' id='word_1_476' title='bbox 2499 2384 2599 2440; x_wconf 91' lang='lat' dir='ltr'><strong>Ubi</strong></span> <span class='ocrx_word' id='word_1_477' title='bbox 2630 2400 2759 2440; x_wconf 90' lang='lat' dir='ltr'><strong>vero</strong></span> <span class='ocrx_word' id='word_1_478' title='bbox 2784 2401 2928 2440; x_wconf 88' lang='lat' dir='ltr'><strong>nunc</strong></span> <span class='ocrx_word' id='word_1_479' title='bbox 2955 2386 3192 2442; x_wconf 89' lang='lat' dir='ltr'><strong>infensus</strong></span> <span class='ocrx_word' id='word_1_480' title='bbox 3222 2388 3309 2443; x_wconf 90' lang='lat' dir='ltr'><strong>ille</strong></span> <span class='ocrx_word' id='word_1_481' title='bbox 3339 2398 3393 2443; x_wconf 92' lang='lat' dir='ltr'><strong>et</strong></span> <span class='ocrx_word' id='word_1_482' title='bbox 3418 2390 3517 2443; x_wconf 90' lang='lat' dir='ltr'><strong>im-</strong></span> 
     </span>
    </p>
   </div>
   <div class='ocr_carea' id='block_1_69' title="bbox 1957 2474 3518 2547">
    <p class='ocr_par' dir='ltr' id='par_1_69' title="bbox 1957 2474 3518 2547">
     <span class='ocr_line' id='line_1_69' title="bbox 1957 2474 3518 2547; baseline 0.004 -20"><span class='ocrx_word' id='word_1_483' title='bbox 1957 2474 2233 2544; x_wconf 89' lang='lat' dir='ltr'><strong>perculsus</strong></span> <span class='ocrx_word' id='word_1_484' title='bbox 2277 2492 2290 2527; x_wconf 94' lang='lat'>:</span> <span class='ocrx_word' id='word_1_485' title='bbox 2338 2476 2424 2531; x_wconf 88' lang='lat' dir='ltr'><strong>ille</strong></span> <span class='ocrx_word' id='word_1_486' title='bbox 2469 2477 2746 2545; x_wconf 82' lang='lat' dir='ltr'><strong>exitiosus,</strong></span> <span class='ocrx_word' id='word_1_487' title='bbox 2793 2491 3124 2547; x_wconf 86' lang='lat' dir='ltr'><strong>prorsusque</strong></span> <span class='ocrx_word' id='word_1_488' title='bbox 3168 2481 3518 2535; x_wconf 80' lang='lat' dir='ltr'><strong>exsecrabilis</strong></span> 
     </span>
    </p>
   </div>
   <div class='ocr_carea' id='block_1_70' title="bbox 1957 2566 3518 2635">
    <p class='ocr_par' dir='ltr' id='par_1_70' title="bbox 1957 2566 3518 2635">
     <span class='ocr_line' id='line_1_70' title="bbox 1957 2566 3518 2635; baseline 0.004 -16"><span class='ocrx_word' id='word_1_489' title='bbox 1957 2566 2137 2631; x_wconf 90' lang='lat' dir='ltr'><strong>draco,</strong></span> <span class='ocrx_word' id='word_1_490' title='bbox 2181 2567 2272 2635; x_wconf 89' lang='lat' dir='ltr'><strong>qui</strong></span> <span class='ocrx_word' id='word_1_491' title='bbox 2319 2567 2561 2623; x_wconf 85' lang='lat' dir='ltr'><strong>edixerat</strong></span> <span class='ocrx_word' id='word_1_492' title='bbox 2599 2568 2713 2624; x_wconf 93' lang='lat' dir='ltr'><strong>fore</strong></span> <span class='ocrx_word' id='word_1_493' title='bbox 2745 2576 2804 2623; x_wconf 93' lang='lat' dir='ltr'><strong>ut</strong></span> <span class='ocrx_word' id='word_1_494' title='bbox 2844 2567 3091 2623; x_wconf 88' lang='lat' dir='ltr'><strong>thronum</strong></span> <span class='ocrx_word' id='word_1_495' title='bbox 3122 2583 3277 2625; x_wconf 89' lang='lat' dir='ltr'><strong>suum</strong></span> <span class='ocrx_word' id='word_1_496' title='bbox 3313 2571 3367 2625; x_wconf 91' lang='lat' dir='ltr'><strong>in</strong></span> <span class='ocrx_word' id='word_1_497' title='bbox 3397 2572 3518 2627; x_wconf 87' lang='lat' dir='ltr'><strong>sub-</strong></span> 
     </span>
    </p>
   </div>
   <div class='ocr_carea' id='block_1_71' title="bbox 1955 2658 2498 2714">
    <p class='ocr_par' dir='ltr' id='par_1_71' title="bbox 1955 2658 2498 2714">
     <span class='ocr_line' id='line_1_71' title="bbox 1955 2658 2498 2714; baseline -0.002 -2"><span class='ocrx_word' id='word_1_498' title='bbox 1955 2658 2080 2713; x_wconf 91' lang='lat' dir='ltr'><strong>lime</strong></span> <span class='ocrx_word' id='word_1_499' title='bbox 2114 2658 2391 2714; x_wconf 78' lang='lat' dir='ltr'><strong>extolleret</strong></span> <span class='ocrx_word' id='word_1_500' title='bbox 2406 2658 2451 2697; x_wconf 78' lang='grc' dir='ltr'><strong>³ι</strong></span> <span class='ocrx_word' id='word_1_501' title='bbox 2474 2659 2498 2711; x_wconf 88' lang='lat'><strong>?</strong></span> 
     </span>
    </p>
   </div>
   <div class='ocr_carea' id='block_1_72' title="bbox 2025 2829 3516 2905">
    <p class='ocr_par' dir='ltr' id='par_1_72' title="bbox 2025 2829 3516 2905">
     <span class='ocr_line' id='line_1_72' title="bbox 2025 2829 3516 2905; baseline 0.005 -23"><span class='ocrx_word' id='word_1_502' title='bbox 2025 2829 2092 2883; x_wconf 61' lang='grc' dir='ltr'><strong>Υ.</strong></span> <span class='ocrx_word' id='word_1_503' title='bbox 2120 2830 2266 2895; x_wconf 89' lang='lat' dir='ltr'><strong>Ideo,</strong></span> <span class='ocrx_word' id='word_1_504' title='bbox 2301 2840 2517 2899; x_wconf 74' lang='lat' dir='ltr'><strong>rratres,</strong></span> <span class='ocrx_word' id='word_1_505' title='bbox 2544 2833 2713 2889; x_wconf 58' lang='lat' dir='ltr'><strong>beata:</strong></span> <span class='ocrx_word' id='word_1_506' title='bbox 2741 2831 2977 2888; x_wconf 76' lang='lat' dir='ltr'><strong>cmlestis</strong></span> <span class='ocrx_word' id='word_1_507' title='bbox 3016 2834 3312 2890; x_wconf 85' lang='lat' dir='ltr'><strong>vocationis</strong></span> <span class='ocrx_word' id='word_1_508' title='bbox 3351 2836 3516 2905; x_wconf 90' lang='lat' dir='ltr'><strong>parti-</strong></span> 
     </span>
    </p>
   </div>
   <div class='ocr_carea' id='block_1_73' title="bbox 1956 2920 3519 2995">
    <p class='ocr_par' dir='ltr' id='par_1_73' title="bbox 1956 2920 3519 2995">
     <span class='ocr_line' id='line_1_73' title="bbox 1956 2920 3519 2995; baseline 0.004 -20"><span class='ocrx_word' id='word_1_509' title='bbox 1956 2920 2101 2991; x_wconf 90' lang='lat' dir='ltr'><strong>cipes</strong></span> <span class='ocrx_word' id='word_1_510' title='bbox 2121 2920 2188 2986; x_wconf 87' lang='grc'><strong>³³,</strong></span> <span class='ocrx_word' id='word_1_511' title='bbox 2220 2921 2286 2976; x_wconf 92' lang='lat' dir='ltr'><strong>ad</strong></span> <span class='ocrx_word' id='word_1_512' title='bbox 2324 2922 2560 2977; x_wconf 91' lang='lat' dir='ltr'><strong>divinam</strong></span> <span class='ocrx_word' id='word_1_513' title='bbox 2594 2924 2766 2979; x_wconf 84' lang='lat' dir='ltr'><strong>vocati</strong></span> <span class='ocrx_word' id='word_1_514' title='bbox 2804 2925 3144 2995; x_wconf 86' lang='lat' dir='ltr'><strong>adoptionem</strong></span> <span class='ocrx_word' id='word_1_515' title='bbox 3178 2936 3233 2980; x_wconf 91' lang='lat' dir='ltr'><strong>et</strong></span> <span class='ocrx_word' id='word_1_516' title='bbox 3262 2925 3519 2981; x_wconf 82' lang='lat' dir='ltr'><strong>fraterni-</strong></span> 
     </span>
    </p>
   </div>
   <div class='ocr_carea' id='block_1_74' title="bbox 1959 3012 3511 3085">
    <p class='ocr_par' dir='ltr' id='par_1_74' title="bbox 1959 3012 3511 3085">
     <span class='ocr_line' id='line_1_74' title="bbox 1959 3012 3511 3085; baseline 0.004 -19"><span class='ocrx_word' id='word_1_517' title='bbox 1959 3021 2143 3077; x_wconf 86' lang='lat' dir='ltr'><strong>tatem,</strong></span> <span class='ocrx_word' id='word_1_518' title='bbox 2180 3012 2432 3067; x_wconf 89' lang='lat' dir='ltr'><strong>debemus</strong></span> <span class='ocrx_word' id='word_1_519' title='bbox 2461 3028 2619 3084; x_wconf 88' lang='lat' dir='ltr'><strong>agere</strong></span> <span class='ocrx_word' id='word_1_520' title='bbox 2655 3015 2855 3084; x_wconf 76' lang='lat' dir='ltr'><strong>gratias</strong></span> <span class='ocrx_word' id='word_1_521' title='bbox 2885 3017 2934 3070; x_wconf 89' lang='lat' dir='ltr'><strong>ei</strong></span> <span class='ocrx_word' id='word_1_522' title='bbox 2987 3017 3081 3085; x_wconf 87' lang='lat' dir='ltr'><strong>qui</strong></span> <span class='ocrx_word' id='word_1_523' title='bbox 3124 3032 3224 3073; x_wconf 89' lang='lat' dir='ltr'><strong>nos</strong></span> <span class='ocrx_word' id='word_1_524' title='bbox 3262 3020 3511 3085; x_wconf 89' lang='lat' dir='ltr'><strong>vocavit;</strong></span> 
     </span>
    </p>
   </div>
   <div class='ocr_carea' id='block_1_75' title="bbox 1956 3107 3515 3179">
    <p class='ocr_par' dir='ltr' id='par_1_75' title="bbox 1956 3107 3515 3179">
     <span class='ocr_line' id='line_1_75' title="bbox 1956 3107 3515 3179; baseline 0.006 -22"><span class='ocrx_word' id='word_1_525' title='bbox 1956 3118 2126 3173; x_wconf 87' lang='lat' dir='ltr'><strong>eoque</strong></span> <span class='ocrx_word' id='word_1_526' title='bbox 2178 3118 2275 3160; x_wconf 90' lang='lat' dir='ltr'><strong>nos</strong></span> <span class='ocrx_word' id='word_1_527' title='bbox 2326 3107 2469 3176; x_wconf 85' lang='lat' dir='ltr'><strong>ipsos</strong></span> <span class='ocrx_word' id='word_1_528' title='bbox 2501 3107 2685 3176; x_wconf 89' lang='lat' dir='ltr'><strong>dignos</strong></span> <span class='ocrx_word' id='word_1_529' title='bbox 2722 3107 2769 3162; x_wconf 91' lang='lat' dir='ltr'><strong>ei</strong></span> <span class='ocrx_word' id='word_1_530' title='bbox 2805 3107 3078 3173; x_wconf 83' lang='lat' dir='ltr'><strong>exhibere,</strong></span> <span class='ocrx_word' id='word_1_531' title='bbox 3119 3109 3213 3179; x_wconf 89' lang='lat' dir='ltr'><strong>qui</strong></span> <span class='ocrx_word' id='word_1_532' title='bbox 3272 3124 3330 3166; x_wconf 89' lang='lat' dir='ltr'><strong>se</strong></span> <span class='ocrx_word' id='word_1_533' title='bbox 3362 3113 3515 3167; x_wconf 90' lang='lat' dir='ltr'><strong>nobis</strong></span> 
     </span>
    </p>
   </div>
   <div class='ocr_carea' id='block_1_76' title="bbox 1879 3177 3516 3274">
    <p class='ocr_par' dir='ltr' id='par_1_76' title="bbox 1879 3177 3516 3274">
     <span class='ocr_line' id='line_1_76' title="bbox 1879 3177 3516 3274; baseline 0.005 -25"><span class='ocrx_word' id='word_1_534' title='bbox 1879 3177 1924 3236; x_wconf 66' lang='grc' dir='ltr'><strong>(ἶ</strong></span> <span class='ocrx_word' id='word_1_535' title='bbox 1956 3194 2175 3251; x_wconf 81' lang='lat' dir='ltr'><strong>fratrem</strong></span> <span class='ocrx_word' id='word_1_536' title='bbox 2207 3197 2481 3261; x_wconf 86' lang='lat' dir='ltr'><strong>exhibuit;</strong></span> <span class='ocrx_word' id='word_1_537' title='bbox 2517 3212 2580 3253; x_wconf 92' lang='lat' dir='ltr'><strong>ac</strong></span> <span class='ocrx_word' id='word_1_538' title='bbox 2610 3196 2753 3252; x_wconf 88' lang='lat' dir='ltr'><strong>velut</strong></span> <span class='ocrx_word' id='word_1_539' title='bbox 2792 3198 2909 3266; x_wconf 86' lang='lat' dir='ltr'><strong>filii,</strong></span> <span class='ocrx_word' id='word_1_540' title='bbox 2950 3199 3041 3255; x_wconf 92' lang='lat' dir='ltr'><strong>illo</strong></span> <span class='ocrx_word' id='word_1_541' title='bbox 3063 3177 3208 3270; x_wconf 72' lang='lat' dir='ltr'><strong>digni</strong></span> <span class='ocrx_word' id='word_1_542' title='bbox 3241 3216 3382 3267; x_wconf 90' lang='lat' dir='ltr'><strong>esse,</strong></span> <span class='ocrx_word' id='word_1_543' title='bbox 3422 3204 3516 3274; x_wconf 89' lang='lat' dir='ltr'><strong>qui</strong></span> 
     </span>
    </p>
   </div>
   <div class='ocr_carea' id='block_1_77' title="bbox 1954 3288 3515 3364">
    <p class='ocr_par' dir='ltr' id='par_1_77' title="bbox 1954 3288 3515 3364">
     <span class='ocr_line' id='line_1_77' title="bbox 1954 3288 3515 3364; baseline 0.006 -23"><span class='ocrx_word' id='word_1_544' title='bbox 1954 3288 2211 3343; x_wconf 77' lang='lat' dir='ltr'><strong>filiatione</strong></span> <span class='ocrx_word' id='word_1_545' title='bbox 2241 3289 2458 3343; x_wconf 87' lang='lat' dir='ltr'><strong>donavit</strong></span> <span class='ocrx_word' id='word_1_546' title='bbox 2489 3290 2649 3359; x_wconf 91' lang='lat' dir='ltr'><strong>inque</strong></span> <span class='ocrx_word' id='word_1_547' title='bbox 2679 3290 3025 3359; x_wconf 88' lang='lat' dir='ltr'><strong>adoptionem</strong></span> <span class='ocrx_word' id='word_1_548' title='bbox 3066 3295 3376 3364; x_wconf 87' lang='lat' dir='ltr'><strong>assumpsit.</strong></span> <span class='ocrx_word' id='word_1_549' title='bbox 3406 3296 3515 3350; x_wconf 84' lang='lat' dir='ltr'><strong>Lu-</strong></span> 
     </span>
    </p>
   </div>
   <div class='ocr_carea' id='block_1_78' title="bbox 1953 3381 3513 3455">
    <p class='ocr_par' dir='ltr' id='par_1_78' title="bbox 1953 3381 3513 3455">
     <span class='ocr_line' id='line_1_78' title="bbox 1953 3381 3513 3455; baseline 0.003 -20"><span class='ocrx_word' id='word_1_550' title='bbox 1953 3381 2139 3437; x_wconf 87' lang='lat' dir='ltr'><strong>bentes</strong></span> <span class='ocrx_word' id='word_1_551' title='bbox 2173 3395 2302 3448; x_wconf 88' lang='lat' dir='ltr'><strong>ergo</strong></span> <span class='ocrx_word' id='word_1_552' title='bbox 2330 3388 2383 3435; x_wconf 90' lang='lat' dir='ltr'><strong>et</strong></span> <span class='ocrx_word' id='word_1_553' title='bbox 2416 3394 2481 3434; x_wconf 87' lang='lat' dir='ltr'><strong>ex</strong></span> <span class='ocrx_word' id='word_1_554' title='bbox 2512 3381 2774 3437; x_wconf 85' lang='lat' dir='ltr'><strong>charitate</strong></span> <span class='ocrx_word' id='word_1_555' title='bbox 2815 3382 2863 3436; x_wconf 90' lang='lat' dir='ltr'><strong>ei</strong></span> <span class='ocrx_word' id='word_1_556' title='bbox 2907 3381 3228 3447; x_wconf 86' lang='lat' dir='ltr'><strong>serviamus,</strong></span> <span class='ocrx_word' id='word_1_557' title='bbox 3280 3385 3513 3455; x_wconf 85' lang='lat' dir='ltr'><strong>expediti</strong></span> 
     </span>
    </p>
   </div>
   <div class='ocr_carea' id='block_1_79' title="bbox 1952 3473 3513 3543">
    <p class='ocr_par' dir='ltr' id='par_1_79' title="bbox 1952 3473 3513 3543">
     <span class='ocr_line' id='line_1_79' title="bbox 1952 3473 3513 3543; baseline 0.004 -18"><span class='ocrx_word' id='word_1_558' title='bbox 1952 3474 2017 3526; x_wconf 81' lang='lat' dir='ltr'><strong>ad</strong></span> <span class='ocrx_word' id='word_1_559' title='bbox 2060 3487 2272 3527; x_wconf 91' lang='lat' dir='ltr'><strong>omnem</strong></span> <span class='ocrx_word' id='word_1_560' title='bbox 2326 3473 2613 3543; x_wconf 83' lang='lat' dir='ltr'><strong>gerendam</strong></span> <span class='ocrx_word' id='word_1_561' title='bbox 2662 3473 2949 3543; x_wconf 86' lang='lat' dir='ltr'><strong>justitiam,</strong></span> <span class='ocrx_word' id='word_1_562' title='bbox 3007 3476 3254 3530; x_wconf 87' lang='lat' dir='ltr'><strong>castitate</strong></span> <span class='ocrx_word' id='word_1_563' title='bbox 3315 3477 3513 3543; x_wconf 91' lang='lat' dir='ltr'><strong>ornati,</strong></span> 
     </span>
    </p>
   </div>
   <div class='ocr_carea' id='block_1_80' title="bbox 1953 3564 3517 3632">
    <p class='ocr_par' dir='ltr' id='par_1_80' title="bbox 1953 3564 3517 3632">
     <span class='ocr_line' id='line_1_80' title="bbox 1953 3564 3517 3632; baseline 0.003 -16"><span class='ocrx_word' id='word_1_564' title='bbox 1953 3571 2323 3617; x_wconf 87' lang='lat' dir='ltr'><strong>consectantes</strong></span> <span class='ocrx_word' id='word_1_565' title='bbox 2362 3572 2761 3632; x_wconf 88' lang='lat' dir='ltr'><strong>paupertatem,</strong></span> <span class='ocrx_word' id='word_1_566' title='bbox 2815 3564 3014 3620; x_wconf 84' lang='lat' dir='ltr'><strong>divinis</strong></span> <span class='ocrx_word' id='word_1_567' title='bbox 3045 3566 3384 3622; x_wconf 83' lang='lat' dir='ltr'><strong>sermonibus</strong></span> <span class='ocrx_word' id='word_1_568' title='bbox 3432 3568 3517 3622; x_wconf 84' lang='lat' dir='ltr'><strong>in-</strong></span> 
     </span>
    </p>
   </div>
   <div class='ocr_carea' id='block_1_81' title="bbox 1953 3655 3513 3724">
    <p class='ocr_par' dir='ltr' id='par_1_81' title="bbox 1953 3655 3513 3724">
     <span class='ocr_line' id='line_1_81' title="bbox 1953 3655 3513 3724; baseline 0.003 -15"><span class='ocrx_word' id='word_1_569' title='bbox 1953 3664 2177 3719; x_wconf 86' lang='lat' dir='ltr'><strong>stantes,</strong></span> <span class='ocrx_word' id='word_1_570' title='bbox 2210 3656 2461 3724; x_wconf 87' lang='lat' dir='ltr'><strong>precibus</strong></span> <span class='ocrx_word' id='word_1_571' title='bbox 2498 3655 2701 3710; x_wconf 90' lang='lat' dir='ltr'><strong>sanctis</strong></span> <span class='ocrx_word' id='word_1_572' title='bbox 2733 3657 3010 3724; x_wconf 89' lang='lat' dir='ltr'><strong>sacrisque</strong></span> <span class='ocrx_word' id='word_1_573' title='bbox 3055 3658 3149 3713; x_wconf 90' lang='lat' dir='ltr'><strong>Dei</strong></span> <span class='ocrx_word' id='word_1_574' title='bbox 3181 3659 3343 3713; x_wconf 65' lang='lat' dir='ltr'><strong>deiliti</strong></span> <span class='ocrx_word' id='word_1_575' title='bbox 3378 3674 3513 3714; x_wconf 88' lang='lat' dir='ltr'><strong>can-</strong></span> 
     </span>
    </p>
   </div>
   <div class='ocr_carea' id='block_1_82' title="bbox 1956 3742 3513 3813">
    <p class='ocr_par' dir='ltr' id='par_1_82' title="bbox 1956 3742 3513 3813">
     <span class='ocr_line' id='line_1_82' title="bbox 1956 3742 3513 3813; baseline 0.002 -16"><span class='ocrx_word' id='word_1_576' title='bbox 1956 3744 2094 3809; x_wconf 89' lang='lat' dir='ltr'><strong>ticis,</strong></span> <span class='ocrx_word' id='word_1_577' title='bbox 2118 3759 2216 3798; x_wconf 90' lang='lat' dir='ltr'><strong>nos</strong></span> <span class='ocrx_word' id='word_1_578' title='bbox 2247 3745 2388 3813; x_wconf 91' lang='lat' dir='ltr'><strong>ipsos</strong></span> <span class='ocrx_word' id='word_1_579' title='bbox 2424 3742 2866 3797; x_wconf 86' lang='lat' dir='ltr'><strong>transformantes</strong></span> <span class='ocrx_word' id='word_1_580' title='bbox 2894 3744 2961 3797; x_wconf 92' lang='lat' dir='ltr'><strong>ab</strong></span> <span class='ocrx_word' id='word_1_581' title='bbox 2989 3742 3092 3798; x_wconf 89' lang='lat' dir='ltr'><strong>isto</strong></span> <span class='ocrx_word' id='word_1_582' title='bbox 3121 3743 3335 3808; x_wconf 71' lang='lat' dir='ltr'><strong>smculo,</strong></span> <span class='ocrx_word' id='word_1_583' title='bbox 3358 3742 3513 3800; x_wconf 88' lang='lat' dir='ltr'><strong>obliti</strong></span> 
     </span>
    </p>
   </div>
   <div class='ocr_carea' id='block_1_83' title="bbox 1955 3832 3512 3901">
    <p class='ocr_par' dir='ltr' id='par_1_83' title="bbox 1955 3832 3512 3901">
     <span class='ocr_line' id='line_1_83' title="bbox 1955 3832 3512 3901; baseline 0.001 -14"><span class='ocrx_word' id='word_1_584' title='bbox 1955 3844 2196 3889; x_wconf 87' lang='lat' dir='ltr'><strong>terrenas</strong></span> <span class='ocrx_word' id='word_1_585' title='bbox 2225 3843 2279 3888; x_wconf 91' lang='lat' dir='ltr'><strong>et</strong></span> <span class='ocrx_word' id='word_1_586' title='bbox 2312 3832 2561 3887; x_wconf 89' lang='lat' dir='ltr'><strong>mortales</strong></span> <span class='ocrx_word' id='word_1_587' title='bbox 2597 3832 3101 3901; x_wconf 75' lang='lat' dir='ltr'><strong>concupiscentias;</strong></span> <span class='ocrx_word' id='word_1_588' title='bbox 3143 3834 3417 3889; x_wconf 83' lang='lat' dir='ltr'><strong>vincentes</strong></span> <span class='ocrx_word' id='word_1_589' title='bbox 3458 3834 3512 3889; x_wconf 88' lang='lat' dir='ltr'><strong>in</strong></span> 
     </span>
    </p>
   </div>
   <div class='ocr_carea' id='block_1_84' title="bbox 1952 3920 3508 3990">
    <p class='ocr_par' dir='ltr' id='par_1_84' title="bbox 1952 3920 3508 3990">
     <span class='ocr_line' id='line_1_84' title="bbox 1952 3920 3508 3990; baseline 0.001 -14"><span class='ocrx_word' id='word_1_590' title='bbox 1952 3924 2115 3986; x_wconf 88' lang='lat' dir='ltr'><strong>bono,</strong></span> <span class='ocrx_word' id='word_1_591' title='bbox 2144 3920 2370 3989; x_wconf 89' lang='lat' dir='ltr'><strong>malum;</strong></span> <span class='ocrx_word' id='word_1_592' title='bbox 2413 3920 2610 3975; x_wconf 87' lang='lat' dir='ltr'><strong>nemini</strong></span> <span class='ocrx_word' id='word_1_593' title='bbox 2636 3920 2829 3973; x_wconf 92' lang='lat' dir='ltr'><strong>malum</strong></span> <span class='ocrx_word' id='word_1_594' title='bbox 2855 3935 2952 3990; x_wconf 88' lang='lat' dir='ltr'><strong>pro</strong></span> <span class='ocrx_word' id='word_1_595' title='bbox 2983 3921 3121 3974; x_wconf 90' lang='lat' dir='ltr'><strong>malo</strong></span> <span class='ocrx_word' id='word_1_596' title='bbox 3141 3921 3420 3976; x_wconf 88' lang='lat' dir='ltr'><strong>reddentes</strong></span> <span class='ocrx_word' id='word_1_597' title='bbox 3434 3921 3508 3977; x_wconf 73' lang='grc' dir='ltr'><strong>’δε</strong></span> 
     </span>
    </p>
   </div>
   <div class='ocr_carea' id='block_1_85' title="bbox 1954 4007 3514 4081">
    <p class='ocr_par' dir='ltr' id='par_1_85' title="bbox 1954 4007 3514 4081">
     <span class='ocr_line' id='line_1_85' title="bbox 1954 4007 3514 4081; baseline 0.001 -16"><span class='ocrx_word' id='word_1_598' title='bbox 1954 4027 2056 4065; x_wconf 88' lang='lat' dir='ltr'><strong>non</strong></span> <span class='ocrx_word' id='word_1_599' title='bbox 2083 4019 2389 4081; x_wconf 88' lang='lat' dir='ltr'><strong>reputantes</strong></span> <span class='ocrx_word' id='word_1_600' title='bbox 2420 4011 2471 4064; x_wconf 91' lang='lat' dir='ltr'><strong>in</strong></span> <span class='ocrx_word' id='word_1_601' title='bbox 2503 4020 2641 4064; x_wconf 89' lang='lat' dir='ltr'><strong>terra</strong></span> <span class='ocrx_word' id='word_1_602' title='bbox 2666 4007 2951 4065; x_wconf 86' lang='lat' dir='ltr'><strong>incolatum</strong></span> <span class='ocrx_word' id='word_1_603' title='bbox 2977 4021 3238 4075; x_wconf 90' lang='lat' dir='ltr'><strong>nostrum,</strong></span> <span class='ocrx_word' id='word_1_604' title='bbox 3262 4012 3355 4064; x_wconf 88' lang='lat' dir='ltr'><strong>sed</strong></span> <span class='ocrx_word' id='word_1_605' title='bbox 3386 4026 3514 4067; x_wconf 88' lang='lat' dir='ltr'><strong>con-</strong></span> 
     </span>
    </p>
   </div>
   <div class='ocr_carea' id='block_1_86' title="bbox 1952 4100 3487 4171">
    <p class='ocr_par' dir='ltr' id='par_1_86' title="bbox 1952 4100 3487 4171">
     <span class='ocr_line' id='line_1_86' title="bbox 1952 4100 3487 4171; baseline 0.001 -18"><span class='ocrx_word' id='word_1_606' title='bbox 1952 4103 2306 4157; x_wconf 86' lang='lat' dir='ltr'><strong>versationem</strong></span> <span class='ocrx_word' id='word_1_607' title='bbox 2338 4103 2389 4154; x_wconf 90' lang='lat' dir='ltr'><strong>iu</strong></span> <span class='ocrx_word' id='word_1_608' title='bbox 2419 4100 2643 4156; x_wconf 69' lang='lat' dir='ltr'><strong>caalo”:</strong></span> <span class='ocrx_word' id='word_1_609' title='bbox 2667 4115 2787 4155; x_wconf 91' lang='lat' dir='ltr'><strong>cum</strong></span> <span class='ocrx_word' id='word_1_610' title='bbox 2812 4101 3015 4171; x_wconf 79' lang='lat' dir='ltr'><strong>angelis</strong></span> <span class='ocrx_word' id='word_1_611' title='bbox 3045 4115 3219 4169; x_wconf 86' lang='lat' dir='ltr'><strong>agere.</strong></span> <span class='ocrx_word' id='word_1_612' title='bbox 3250 4100 3487 4155; x_wconf 69' lang='lat' dir='ltr'><strong>cmlestis</strong></span> 
     </span>
    </p>
   </div>
   <div class='ocr_carea' id='block_1_87' title="bbox 1952 4192 3513 4265">
    <p class='ocr_par' dir='ltr' id='par_1_87' title="bbox 1952 4192 3513 4265">
     <span class='ocr_line' id='line_1_87' title="bbox 1952 4192 3513 4265; baseline 0.001 -19"><span class='ocrx_word' id='word_1_613' title='bbox 1952 4210 2055 4263; x_wconf 89' lang='lat' dir='ltr'><strong>que</strong></span> <span class='ocrx_word' id='word_1_614' title='bbox 2094 4194 2254 4265; x_wconf 71' lang='lat' dir='ltr'><strong>Regis</strong></span> <span class='ocrx_word' id='word_1_615' title='bbox 2289 4195 2480 4249; x_wconf 90' lang='lat' dir='ltr'><strong>throno</strong></span> <span class='ocrx_word' id='word_1_616' title='bbox 2506 4205 2699 4249; x_wconf 88' lang='lat' dir='ltr'><strong>astare.</strong></span> <span class='ocrx_word' id='word_1_617' title='bbox 2737 4192 2873 4248; x_wconf 90' lang='lat' dir='ltr'><strong>Sunt</strong></span> <span class='ocrx_word' id='word_1_618' title='bbox 2918 4192 3030 4248; x_wconf 56' lang='lat' dir='ltr'><strong>hinc</strong></span> <span class='ocrx_word' id='word_1_619' title='bbox 3069 4208 3342 4248; x_wconf 89' lang='lat' dir='ltr'><strong>sacrorum</strong></span> <span class='ocrx_word' id='word_1_620' title='bbox 3382 4208 3513 4263; x_wconf 89' lang='lat' dir='ltr'><strong>apo-</strong></span> 
     </span>
    </p>
   </div>
   <div class='ocr_carea' id='block_1_88' title="bbox 1952 4284 3510 4341">
    <p class='ocr_par' dir='ltr' id='par_1_88' title="bbox 1952 4284 3510 4341">
     <span class='ocr_line' id='line_1_88' title="bbox 1952 4284 3510 4341; baseline -0.001 -1"><span class='ocrx_word' id='word_1_621' title='bbox 1952 4286 2208 4341; x_wconf 76' lang='lat' dir='ltr'><strong>Stolorum</strong></span> <span class='ocrx_word' id='word_1_622' title='bbox 2252 4287 2491 4341; x_wconf 89' lang='lat' dir='ltr'><strong>doctrina</strong></span> <span class='ocrx_word' id='word_1_623' title='bbox 2541 4285 2753 4340; x_wconf 90' lang='lat' dir='ltr'><strong>tradita.</strong></span> <span class='ocrx_word' id='word_1_624' title='bbox 2795 4285 2850 4339; x_wconf 90' lang='lat' dir='ltr'><strong>In</strong></span> <span class='ocrx_word' id='word_1_625' title='bbox 2891 4284 2973 4339; x_wconf 87' lang='lat' dir='ltr'><strong>his</strong></span> <span class='ocrx_word' id='word_1_626' title='bbox 3017 4284 3262 4339; x_wconf 88' lang='lat' dir='ltr'><strong>Christus</strong></span> <span class='ocrx_word' id='word_1_627' title='bbox 3297 4285 3510 4339; x_wconf 88' lang='lat' dir='ltr'><strong>beatum</strong></span> 
     </span>
    </p>
   </div>
   <div class='ocr_carea' id='block_1_89' title="bbox 1953 4374 3514 4446">
    <p class='ocr_par' dir='ltr' id='par_1_89' title="bbox 1953 4374 3514 4446">
     <span class='ocr_line' id='line_1_89' title="bbox 1953 4374 3514 4446; baseline 0 -17"><span class='ocrx_word' id='word_1_628' title='bbox 1953 4377 2107 4431; x_wconf 90' lang='lat' dir='ltr'><strong>nobis</strong></span> <span class='ocrx_word' id='word_1_629' title='bbox 2141 4385 2507 4446; x_wconf 62' lang='lat' dir='ltr'><strong>aeternumque</strong></span> <span class='ocrx_word' id='word_1_630' title='bbox 2530 4384 2908 4431; x_wconf 78' lang='lat' dir='ltr'><strong>testamentum</strong></span> <span class='ocrx_word' id='word_1_631' title='bbox 2934 4376 3189 4430; x_wconf 90' lang='lat' dir='ltr'><strong>condidit.</strong></span> <span class='ocrx_word' id='word_1_632' title='bbox 3210 4374 3514 4431; x_wconf 89' lang='lat' dir='ltr'><strong>Demiretur</strong></span> 
     </span>
    </p>
   </div>
   <div class='ocr_carea' id='block_1_90' title="bbox 1952 4465 3515 4525">
    <p class='ocr_par' dir='ltr' id='par_1_90' title="bbox 1952 4465 3515 4525">
     <span class='ocr_line' id='line_1_90' title="bbox 1952 4465 3515 4525; baseline -0.003 -1"><span class='ocrx_word' id='word_1_633' title='bbox 1952 4470 2183 4525; x_wconf 86' lang='lat' dir='ltr'><strong>mundus</strong></span> <span class='ocrx_word' id='word_1_634' title='bbox 2198 4479 2430 4524; x_wconf 86' lang='lat' dir='ltr'><strong>vestram</strong></span> <span class='ocrx_word' id='word_1_635' title='bbox 2462 4470 2736 4523; x_wconf 90' lang='lat' dir='ltr'><strong>virtutem.</strong></span> <span class='ocrx_word' id='word_1_636' title='bbox 2768 4465 3356 4521; x_wconf 67' lang='lat' dir='ltr'><strong>ConfundanturJudzei</strong></span> <span class='ocrx_word' id='word_1_637' title='bbox 3383 4481 3515 4521; x_wconf 85' lang='lat' dir='ltr'><strong>con-</strong></span> 
     </span>
    </p>
   </div>
   <div class='ocr_carea' id='block_1_91' title="bbox 346 4581 1851 4659">
    <p class='ocr_par' dir='ltr' id='par_1_91' title="bbox 346 4584 1842 4659">
     <span class='ocr_line' id='line_1_91' title="bbox 346 4584 1842 4659; baseline -0.013 -2"><span class='ocrx_word' id='word_1_638' title='bbox 346 4603 393 4635; x_wconf 82' lang='grc'><strong>²³</strong></span> <span class='ocrx_word' id='word_1_639' title='bbox 424 4601 573 4656; x_wconf 82' lang='lat' dir='ltr'><strong>Psal.</strong></span> <span class='ocrx_word' id='word_1_640' title='bbox 606 4612 789 4659; x_wconf 77' lang='lat' dir='ltr'><strong>Lxxtx,</strong></span> <span class='ocrx_word' id='word_1_641' title='bbox 814 4594 871 4651; x_wconf 75' lang='grc'><strong>2.</strong></span> <span class='ocrx_word' id='word_1_642' title='bbox 943 4594 988 4627; x_wconf 79' lang='lat'><strong>&quot;</strong></span> <span class='ocrx_word' id='word_1_643' title='bbox 1005 4592 1164 4647; x_wconf 84' lang='lat' dir='ltr'><strong>Hebr.</strong></span> <span class='ocrx_word' id='word_1_644' title='bbox 1190 4605 1252 4654; x_wconf 89' lang='grc' dir='ltr'><strong>ιι,</strong></span> <span class='ocrx_word' id='word_1_645' title='bbox 1285 4587 1372 4643; x_wconf 79' lang='grc'><strong>16.</strong></span> <span class='ocrx_word' id='word_1_646' title='bbox 1403 4587 1460 4659; x_wconf 80' lang='lat'><strong>&#39;°_</strong></span> <span class='ocrx_word' id='word_1_647' title='bbox 1480 4584 1623 4659; x_wconf 69' lang='lat' dir='ltr'><strong>Psal.</strong></span> <span class='ocrx_word' id='word_1_648' title='bbox 1656 4600 1842 4652; x_wconf 79' lang='lat' dir='ltr'><strong>vatu,</strong></span> 
     </span>
    </p>
   </div>
   <div class='ocr_carea' id='block_1_92' title="bbox 1953 4581 3509 4659">
    <p class='ocr_par' dir='ltr' id='par_1_92' title="bbox 1953 4581 3509 4653">
     <span class='ocr_line' id='line_1_92' title="bbox 1953 4581 3509 4653; baseline -0.003 -12"><span class='ocrx_word' id='word_1_649' title='bbox 1953 4624 1959 4641; x_wconf 90' lang='lat'><strong>.</strong></span> <span class='ocrx_word' id='word_1_650' title='bbox 2035 4587 2076 4619; x_wconf 84' lang='grc'><strong>³¹</strong></span> <span class='ocrx_word' id='word_1_651' title='bbox 2097 4586 2286 4642; x_wconf 82' lang='lat' dir='ltr'><strong>Matth.</strong></span> <span class='ocrx_word' id='word_1_652' title='bbox 2312 4602 2389 4653; x_wconf 76' lang='grc' dir='ltr'>ιι,</span> <span class='ocrx_word' id='word_1_653' title='bbox 2422 4586 2508 4641; x_wconf 72' lang='grc'><strong>12.</strong></span> <span class='ocrx_word' id='word_1_654' title='bbox 2584 4585 2626 4617; x_wconf 87' lang='grc'>³³</span> <span class='ocrx_word' id='word_1_655' title='bbox 2657 4585 2892 4651; x_wconf 80' lang='lat' dir='ltr'><strong>Isa._xrv,</strong></span> <span class='ocrx_word' id='word_1_656' title='bbox 2920 4583 3005 4637; x_wconf 79' lang='grc'><strong>15.</strong></span> <span class='ocrx_word' id='word_1_657' title='bbox 3081 4583 3125 4613; x_wconf 83' lang='grc'>⁸³</span> <span class='ocrx_word' id='word_1_658' title='bbox 3149 4581 3315 4637; x_wconf 84' lang='lat' dir='ltr'><strong>Ilebr.</strong></span> <span class='ocrx_word' id='word_1_659' title='bbox 3342 4599 3425 4642; x_wconf 87' lang='lat' dir='ltr'><strong>Ill.</strong></span> <span class='ocrx_word' id='word_1_660' title='bbox 3458 4583 3509 4636; x_wconf 81' lang='lat' dir='ltr'><strong>l.</strong></span> 
     </span>
    </p>
   </div>
   <div class='ocr_carea' id='block_1_93' title="bbox 284 4656 1524 4735">
    <p class='ocr_par' dir='ltr' id='par_1_93' title="bbox 284 4656 1524 4735">
     <span class='ocr_line' id='line_1_93' title="bbox 284 4656 1524 4735; baseline -0.015 -8"><span class='ocrx_word' id='word_1_661' title='bbox 284 4672 506 4726; x_wconf 72' lang='lat' dir='ltr'><strong>“Rom.</strong></span> <span class='ocrx_word' id='word_1_662' title='bbox 538 4668 718 4735; x_wconf 59' lang='lat' dir='ltr'><strong>xm?!</strong></span> <span class='ocrx_word' id='word_1_663' title='bbox 754 4656 810 4722; x_wconf 87' lang='lat' dir='ltr'><strong>et</strong></span> <span class='ocrx_word' id='word_1_664' title='bbox 841 4665 927 4720; x_wconf 84' lang='lat' dir='ltr'><strong>I7.</strong></span> <span class='ocrx_word' id='word_1_665' title='bbox 1001 4664 1045 4696; x_wconf 84' lang='grc'><strong>³⁵</strong></span> <span class='ocrx_word' id='word_1_666' title='bbox 1067 4661 1296 4730; x_wconf 84' lang='lat' dir='ltr'><strong>Philipp.</strong></span> <span class='ocrx_word' id='word_1_667' title='bbox 1328 4673 1408 4723; x_wconf 86' lang='lat' dir='ltr'><strong>ut,</strong></span> <span class='ocrx_word' id='word_1_668' title='bbox 1433 4656 1524 4710; x_wconf 68' lang='grc' dir='ltr'><strong>ΞΟ.</strong></span> 
     </span>
    </p>
   </div>
   <div class='ocr_carea' id='block_1_94' title="bbox 354 4757 1851 4847">
    <p class='ocr_par' dir='ltr' id='par_1_94' title="bbox 354 4763 1851 4847">
     <span class='ocr_line' id='line_1_94' title="bbox 354 4763 1851 4847; baseline -0.007 -17"><span class='ocrx_word' id='word_1_669' title='bbox 354 4779 433 4847; x_wconf 82' lang='grc'><strong>(7)</strong></span> <span class='ocrx_word' id='word_1_670' title='bbox 489 4773 835 4843; x_wconf 77' lang='grc' dir='ltr'>Ἀνθρώποις</span> <span class='ocrx_word' id='word_1_671' title='bbox 874 4766 1435 4847; x_wconf 59' lang='grc' dir='ltr'>σιξγκεκληρωμένη.</span> <span class='ocrx_word' id='word_1_672' title='bbox 1460 4763 1657 4847; x_wconf 34' lang='grc' dir='ltr'><strong>Δ,ριιιιιιι</strong></span> <span class='ocrx_word' id='word_1_673' title='bbox 1683 4764 1851 4847; x_wconf 61' lang='grc' dir='ltr'><strong>Δνεξιιιι</strong></span> 
     </span>
    </p>
   </div>
   <div class='ocr_carea' id='block_1_95' title="bbox 1953 4757 3510 4847">
    <p class='ocr_par' dir='ltr' id='par_1_95' title="bbox 1964 4757 3510 4847">
     <span class='ocr_line' id='line_1_95' title="bbox 1964 4757 3510 4847; baseline -0.008 -27"><span class='ocrx_word' id='word_1_674' title='bbox 1964 4765 2132 4847; x_wconf 81' lang='lat' dir='ltr'><strong>tione,</strong></span> <span class='ocrx_word' id='word_1_675' title='bbox 2155 4762 2547 4847; x_wconf 70' lang='lat' dir='ltr'><strong>quodammodo</strong></span> <span class='ocrx_word' id='word_1_676' title='bbox 2566 4761 2760 4847; x_wconf 37' lang='lat' dir='ltr'><strong>etiam:</strong></span> <span class='ocrx_word' id='word_1_677' title='bbox 2776 4757 2927 4839; x_wconf 82' lang='lat' dir='ltr'><strong>Quod</strong></span> <span class='ocrx_word' id='word_1_678' title='bbox 2950 4758 3096 4847; x_wconf 47' lang='lat' dir='ltr'><strong>eniml</strong></span> <span class='ocrx_word' id='word_1_679' title='bbox 3121 4773 3223 4813; x_wconf 91' lang='lat' dir='ltr'><strong>non</strong></span> <span class='ocrx_word' id='word_1_680' title='bbox 3246 4758 3510 4847; x_wconf 66' lang='lat' dir='ltr'><strong>absolute.</strong></span> 
     </span>
    </p>
   </div>
   <div class='ocr_carea' id='block_1_96' title="bbox 285 4834 1850 4916">
    <p class='ocr_par' dir='ltr' id='par_1_96' title="bbox 285 4834 1850 4916">
     <span class='ocr_line' id='line_1_96' title="bbox 285 4834 1850 4916; baseline -0.007 -16"><span class='ocrx_word' id='word_1_681' title='bbox 285 4834 631 4916; x_wconf 64' lang='lat' dir='ltr'><strong>conu&#39;nunem</strong></span> <span class='ocrx_word' id='word_1_682' title='bbox 678 4834 1008 4916; x_wconf 68' lang='lat' dir='ltr'><strong>tnetropoliin</strong></span> <span class='ocrx_word' id='word_1_683' title='bbox 1056 4834 1304 4916; x_wconf 47' lang='lat' dir='ltr'><strong>homines</strong></span> <span class='ocrx_word' id='word_1_684' title='bbox 1362 4836 1537 4914; x_wconf 75' lang='lat' dir='ltr'><strong>sortiti</strong></span> <span class='ocrx_word' id='word_1_685' title='bbox 1588 4834 1736 4916; x_wconf 68' lang='lat' dir='ltr'><strong>sint,</strong></span> <span class='ocrx_word' id='word_1_686' title='bbox 1786 4852 1850 4889; x_wconf 84' lang='lat' dir='ltr'><strong>ex</strong></span> 
     </span>
    </p>
   </div>
   <div class='ocr_carea' id='block_1_97' title="bbox 289 4905 1849 4979">
    <p class='ocr_par' dir='ltr' id='par_1_97' title="bbox 289 4905 1849 4979">
     <span class='ocr_line' id='line_1_97' title="bbox 289 4905 1849 4979; baseline -0.004 -14"><span class='ocrx_word' id='word_1_687' title='bbox 289 4917 512 4979; x_wconf 65' lang='lat' dir='ltr'><strong>ignobili</strong></span> <span class='ocrx_word' id='word_1_688' title='bbox 537 4915 680 4977; x_wconf 85' lang='lat' dir='ltr'><strong>vico,</strong></span> <span class='ocrx_word' id='word_1_689' title='bbox 711 4905 1068 4967; x_wconf 28' lang='lat' dir='ltr'><strong>facta’Christi</strong></span> <span class='ocrx_word' id='word_1_690' title='bbox 1103 4908 1356 4979; x_wconf 61' lang='lat' dir='ltr'><strong>editione,</strong></span> <span class='ocrx_word' id='word_1_691' title='bbox 1392 4905 1579 4975; x_wconf 87' lang='lat' dir='ltr'><strong>regina</strong></span> <span class='ocrx_word' id='word_1_692' title='bbox 1612 4905 1849 4971; x_wconf 85' lang='lat' dir='ltr'><strong>urbium,</strong></span> 
     </span>
    </p>
   </div>
   <div class='ocr_carea' id='block_1_98' title="bbox 280 4976 1545 5054">
    <p class='ocr_par' dir='ltr' id='par_1_98' title="bbox 280 4976 1545 5054">
     <span class='ocr_line' id='line_1_98' title="bbox 280 4976 1545 5054; baseline -0.009 -17"><span class='ocrx_word' id='word_1_693' title='bbox 280 4976 437 5054; x_wconf 77' lang='lat' dir='ltr'><strong>juxta</strong></span> <span class='ocrx_word' id='word_1_694' title='bbox 472 4976 804 5054; x_wconf 55' lang='lat' dir='ltr'><strong>prophetiam</strong></span> <span class='ocrx_word' id='word_1_695' title='bbox 830 4982 1103 5054; x_wconf 62' lang='lat' dir='ltr'><strong>Minimas;</strong></span> <span class='ocrx_word' id='word_1_696' title='bbox 1134 4976 1200 5029; x_wconf 83' lang='lat' dir='ltr'><strong>Et</strong></span> <span class='ocrx_word' id='word_1_697' title='bbox 1232 4986 1288 5029; x_wconf 84' lang='lat' dir='ltr'><strong>tu</strong></span> <span class='ocrx_word' id='word_1_698' title='bbox 1309 5015 1325 5039; x_wconf 91' lang='lat'><strong>,</strong></span> <span class='ocrx_word' id='word_1_699' title='bbox 1356 4984 1464 5028; x_wconf 89' lang='lat' dir='ltr'><strong>etc.</strong></span> <span class='ocrx_word' id='word_1_700' title='bbox 1519 5042 1545 5053; x_wconf 85' lang='lat'>_</span> 
     </span>
    </p>
   </div>
   <div class='ocr_carea' id='block_1_99' title="bbox 360 5043 1850 5122">
    <p class='ocr_par' dir='ltr' id='par_1_99' title="bbox 360 5043 1850 5122">
     <span class='ocr_line' id='line_1_99' title="bbox 360 5043 1850 5122; baseline -0.021 -7"><span class='ocrx_word' id='word_1_701' title='bbox 360 5062 436 5122; x_wconf 67' lang='grc' dir='ltr'><strong>(κ)</strong></span> <span class='ocrx_word' id='word_1_702' title='bbox 473 5043 612 5105; x_wconf 58' lang='grc' dir='ltr'><strong>’Τόὶα</strong></span> <span class='ocrx_word' id='word_1_703' title='bbox 658 5051 764 5105; x_wconf 85' lang='grc' dir='ltr'><strong>τοῦ</strong></span> <span class='ocrx_word' id='word_1_704' title='bbox 813 5050 957 5122; x_wconf 72' lang='grc' dir='ltr'>Θεοῦ</span> <span class='ocrx_word' id='word_1_705' title='bbox 1002 5050 1195 5116; x_wconf 84' lang='grc' dir='ltr'>Λόγον</span> <span class='ocrx_word' id='word_1_706' title='bbox 1241 5043 1593 5122; x_wconf 63' lang='grc' dir='ltr'>σωματικῶς</span> <span class='ocrx_word' id='word_1_707' title='bbox 1637 5043 1850 5122; x_wconf 49' lang='lat' dir='ltr'><strong>quq-‘93-</strong></span> 
     </span>
    </p>
   </div>
   <div class='ocr_carea' id='block_1_100' title="bbox 285 5113 1845 5188">
    <p class='ocr_par' dir='ltr' id='par_1_100' title="bbox 285 5113 1845 5188">
     <span class='ocr_line' id='line_1_100' title="bbox 285 5113 1845 5188; baseline -0.006 -11"><span class='ocrx_word' id='word_1_708' title='bbox 285 5113 475 5178; x_wconf 65' lang='grc' dir='ltr'>σασα.</span> <span class='ocrx_word' id='word_1_709' title='bbox 515 5122 647 5188; x_wconf 68' lang='lat' dir='ltr'><strong>Quae</strong></span> <span class='ocrx_word' id='word_1_710' title='bbox 702 5122 787 5175; x_wconf 84' lang='lat' dir='ltr'><strong>Dei</strong></span> <span class='ocrx_word' id='word_1_711' title='bbox 824 5120 1054 5175; x_wconf 83' lang='lat' dir='ltr'><strong>Verbum</strong></span> <span class='ocrx_word' id='word_1_712' title='bbox 1090 5113 1212 5172; x_wconf 74' lang='lat' dir='ltr'><strong>vere</strong></span> <span class='ocrx_word' id='word_1_713' title='bbox 1243 5113 1845 5188; x_wconf 71' lang='lat' dir='ltr'><strong>substantia_ind_ttist_i_:</strong></span> 
     </span>
    </p>
   </div>
   <div class='ocr_carea' id='block_1_101' title="bbox 290 5182 1847 5263">
    <p class='ocr_par' dir='ltr' id='par_1_101' title="bbox 290 5182 1847 5263">
     <span class='ocr_line' id='line_1_101' title="bbox 290 5182 1847 5263; baseline -0.007 -17"><span class='ocrx_word' id='word_1_714' title='bbox 290 5208 346 5263; x_wconf 65' lang='lat' dir='ltr'><strong>ut</strong></span> <span class='ocrx_word' id='word_1_715' title='bbox 364 5201 447 5255; x_wconf 83' lang='grc' dir='ltr'><strong>το,</strong></span> <span class='ocrx_word' id='word_1_716' title='bbox 472 5182 820 5260; x_wconf 60' lang='grc' dir='ltr'>σωματικῶς,</span> <span class='ocrx_word' id='word_1_717' title='bbox 843 5192 913 5263; x_wconf 84' lang='lat' dir='ltr'><strong>sit</strong></span> <span class='ocrx_word' id='word_1_718' title='bbox 933 5188 1315 5263; x_wconf 30' lang='lat' dir='ltr'><strong>eunph‘aticuur,</strong></span> <span class='ocrx_word' id='word_1_719' title='bbox 1333 5185 1490 5253; x_wconf 86' lang='lat' dir='ltr'><strong>quale</strong></span> <span class='ocrx_word' id='word_1_720' title='bbox 1509 5182 1808 5263; x_wconf 51' lang='lat' dir='ltr'><strong>illud-Pauli</strong></span> <span class='ocrx_word' id='word_1_721' title='bbox 1830 5200 1847 5263; x_wconf 69' lang='grc' dir='ltr'>ξ</span> 
     </span>
    </p>
   </div>
   <div class='ocr_carea' id='block_1_102' title="bbox 290 5254 1844 5329">
    <p class='ocr_par' dir='ltr' id='par_1_102' title="bbox 290 5254 1844 5329">
     <span class='ocr_line' id='line_1_102' title="bbox 290 5254 1844 5329; baseline -0.006 -14"><span class='ocrx_word' id='word_1_722' title='bbox 290 5261 359 5315; x_wconf 76' lang='lat' dir='ltr'><strong>In</strong></span> <span class='ocrx_word' id='word_1_723' title='bbox 386 5254 489 5325; x_wconf 80' lang='lat' dir='ltr'><strong>quo</strong></span> <span class='ocrx_word' id='word_1_724' title='bbox 517 5254 716 5313; x_wconf 69' lang='lat' dir='ltr'><strong>habitat</strong></span> <span class='ocrx_word' id='word_1_725' title='bbox 748 5254 1326 5329; x_wconf 17' lang='lat' dir='ltr'><strong>plenitudoidiviuitfttis</strong></span> <span class='ocrx_word' id='word_1_726' title='bbox 1358 5254 1729 5329; x_wconf 69' lang='grc' dir='ltr'>σωματικῶς,</span> <span class='ocrx_word' id='word_1_727' title='bbox 1764 5254 1844 5305; x_wconf 82' lang='lat' dir='ltr'><strong>vel</strong></span> 
     </span>
    </p>
   </div>
   <div class='ocr_carea' id='block_1_103' title="bbox 292 5323 1826 5398">
    <p class='ocr_par' dir='ltr' id='par_1_103' title="bbox 292 5323 1826 5398">
     <span class='ocr_line' id='line_1_103' title="bbox 292 5323 1826 5398; baseline -0.006 -15"><span class='ocrx_word' id='word_1_728' title='bbox 292 5323 660 5398; x_wconf 71' lang='lat' dir='ltr'><strong>corporaliter,</strong></span> <span class='ocrx_word' id='word_1_729' title='bbox 701 5323 823 5398; x_wconf 82' lang='lat' dir='ltr'><strong>quia</strong></span> <span class='ocrx_word' id='word_1_730' title='bbox 860 5330 973 5398; x_wconf 77' lang='lat' dir='ltr'><strong>ipsa</strong></span> <span class='ocrx_word' id='word_1_731' title='bbox 1001 5325 1310 5392; x_wconf 85' lang='lat' dir='ltr'><strong>corporalis,</strong></span> <span class='ocrx_word' id='word_1_732' title='bbox 1342 5324 1638 5377; x_wconf 85' lang='lat' dir='ltr'><strong>substantia</strong></span> <span class='ocrx_word' id='word_1_733' title='bbox 1675 5323 1826 5398; x_wconf 73' lang='lat' dir='ltr'><strong>dona.</strong></span> 
     </span>
    </p>
   </div>
   <div class='ocr_carea' id='block_1_104' title="bbox 292 5390 1847 5462">
    <p class='ocr_par' dir='ltr' id='par_1_104' title="bbox 292 5390 1847 5462">
     <span class='ocr_line' id='line_1_104' title="bbox 292 5390 1847 5462; baseline -0.006 -11"><span class='ocrx_word' id='word_1_734' title='bbox 292 5390 667 5459; x_wconf 45' lang='lat' dir='ltr'><strong>vit&#39;Verbunt&#39;,</strong></span> <span class='ocrx_word' id='word_1_735' title='bbox 700 5390 764 5453; x_wconf 78' lang='lat' dir='ltr'><strong>eo</strong></span> <span class='ocrx_word' id='word_1_736' title='bbox 802 5390 928 5452; x_wconf 74' lang='lat' dir='ltr'><strong>vere</strong></span> <span class='ocrx_word' id='word_1_737' title='bbox 955 5390 1150 5449; x_wconf 77' lang='lat' dir='ltr'><strong>factum</strong></span> <span class='ocrx_word' id='word_1_738' title='bbox 1182 5408 1372 5460; x_wconf 87' lang='lat' dir='ltr'><strong>corpus</strong></span> <span class='ocrx_word' id='word_1_739' title='bbox 1394 5432 1408 5453; x_wconf 88' lang='lat'><strong>,</strong></span> <span class='ocrx_word' id='word_1_740' title='bbox 1449 5390 1847 5462; x_wconf 81' lang='grc' dir='ltr'>μεταποιούμε-</span> 
     </span>
    </p>
   </div>
   <div class='ocr_carea' id='block_1_105' title="bbox 294 5467 1847 5533">
    <p class='ocr_par' dir='ltr' id='par_1_105' title="bbox 294 5467 1847 5533">
     <span class='ocr_line' id='line_1_105' title="bbox 294 5467 1847 5533; baseline -0.006 -11"><span class='ocrx_word' id='word_1_741' title='bbox 294 5486 386 5533; x_wconf 78' lang='grc' dir='ltr'><strong>νος</strong></span> <span class='ocrx_word' id='word_1_742' title='bbox 411 5470 591 5522; x_wconf 82' lang='grc' dir='ltr'>τοῦτο.</span> <span class='ocrx_word' id='word_1_743' title='bbox 619 5469 729 5522; x_wconf 82' lang='lat' dir='ltr'><strong>Hoc</strong></span> <span class='ocrx_word' id='word_1_744' title='bbox 760 5468 861 5523; x_wconf 88' lang='lat' dir='ltr'><strong>sibi</strong></span> <span class='ocrx_word' id='word_1_745' title='bbox 891 5467 1194 5521; x_wconf 71' lang='lat' dir='ltr'><strong>adsciscens</strong></span> <span class='ocrx_word' id='word_1_746' title='bbox 1213 5504 1227 5523; x_wconf 88' lang='lat'><strong>,</strong></span> <span class='ocrx_word' id='word_1_747' title='bbox 1260 5475 1317 5514; x_wconf 92' lang='lat' dir='ltr'><strong>ut</strong></span> <span class='ocrx_word' id='word_1_748' title='bbox 1360 5472 1416 5533; x_wconf 88' lang='lat' dir='ltr'><strong>et</strong></span> <span class='ocrx_word' id='word_1_749' title='bbox 1449 5476 1811 5533; x_wconf 83' lang='lat' dir='ltr'><strong>essecaruem</strong></span> <span class='ocrx_word' id='word_1_750' title='bbox 1831 5500 1847 5533; x_wconf 91' lang='lat'><strong>,</strong></span> 
     </span>
    </p>
   </div>
   <div class='ocr_carea' id='block_1_106' title="bbox 298 5532 1848 5608">
    <p class='ocr_par' dir='ltr' id='par_1_106' title="bbox 298 5532 1848 5608">
     <span class='ocr_line' id='line_1_106' title="bbox 298 5532 1848 5608; baseline -0.005 -18"><span class='ocrx_word' id='word_1_751' title='bbox 298 5532 458 5608; x_wconf 58' lang='lat' dir='ltr'><strong>attjue</strong></span> <span class='ocrx_word' id='word_1_752' title='bbox 497 5542 631 5591; x_wconf 81' lang='lat' dir='ltr'><strong>adeo</strong></span> <span class='ocrx_word' id='word_1_753' title='bbox 672 5550 1005 5601; x_wconf 83' lang='lat' dir='ltr'><strong>creaturam,</strong></span> <span class='ocrx_word' id='word_1_754' title='bbox 1038 5550 1140 5608; x_wconf 89' lang='lat' dir='ltr'><strong>non</strong></span> <span class='ocrx_word' id='word_1_755' title='bbox 1184 5532 1476 5585; x_wconf 87' lang='lat' dir='ltr'><strong>mutatione</strong></span> <span class='ocrx_word' id='word_1_756' title='bbox 1516 5532 1726 5600; x_wconf 89' lang='lat' dir='ltr'><strong>aliqua,</strong></span> <span class='ocrx_word' id='word_1_757' title='bbox 1756 5532 1848 5585; x_wconf 89' lang='lat' dir='ltr'><strong>sed</strong></span> 
     </span>
    </p>
   </div>
   <div class='ocr_carea' id='block_1_107' title="bbox 300 5607 1212 5677">
    <p class='ocr_par' dir='ltr' id='par_1_107' title="bbox 300 5607 1212 5677">
     <span class='ocr_line' id='line_1_107' title="bbox 300 5607 1212 5677; baseline -0.005 -16"><span class='ocrx_word' id='word_1_758' title='bbox 300 5610 671 5677; x_wconf 77' lang='lat' dir='ltr'><strong>assumptione</strong></span> <span class='ocrx_word' id='word_1_759' title='bbox 688 5618 739 5660; x_wconf 92' lang='lat' dir='ltr'><strong>et</strong></span> <span class='ocrx_word' id='word_1_760' title='bbox 763 5607 1212 5675; x_wconf 84' lang='lat' dir='ltr'><strong>appropriatione.</strong></span> 
     </span>
    </p>
   </div>
   <div class='ocr_carea' id='block_1_108' title="bbox 375 5668 1849 5745">
    <p class='ocr_par' dir='ltr' id='par_1_108' title="bbox 375 5668 1849 5745">
     <span class='ocr_line' id='line_1_108' title="bbox 375 5668 1849 5745; baseline -0.005 -14"><span class='ocrx_word' id='word_1_761' title='bbox 375 5678 445 5745; x_wconf 78' lang='lat'><strong>(9)</strong></span> <span class='ocrx_word' id='word_1_762' title='bbox 481 5668 865 5744; x_wconf 70' lang='grc' dir='ltr'><strong>’Ἄτρέπτοὺξ-</strong></span> <span class='ocrx_word' id='word_1_763' title='bbox 932 5668 1195 5736; x_wconf 74' lang='grc' dir='ltr'>εικόνας.</span> <span class='ocrx_word' id='word_1_764' title='bbox 1240 5670 1394 5741; x_wconf 74' lang='lat' dir='ltr'><strong>Modo</strong></span> <span class='ocrx_word' id='word_1_765' title='bbox 1438 5670 1653 5739; x_wconf 91' lang='lat' dir='ltr'><strong>quidem</strong></span> <span class='ocrx_word' id='word_1_766' title='bbox 1716 5668 1849 5745; x_wconf 80' lang='lat' dir='ltr'><strong>tales</strong></span> 
     </span>
    </p>
   </div>
   <div class='ocr_carea' id='block_1_109' title="bbox 304 5740 1839 5817">
    <p class='ocr_par' dir='ltr' id='par_1_109' title="bbox 304 5740 1839 5817">
     <span class='ocr_line' id='line_1_109' title="bbox 304 5740 1839 5817; baseline -0.007 -16"><span class='ocrx_word' id='word_1_767' title='bbox 304 5740 558 5811; x_wconf 75' lang='lat' dir='ltr'><strong>absolute,</strong></span> <span class='ocrx_word' id='word_1_768' title='bbox 584 5740 803 5817; x_wconf 80' lang='lat' dir='ltr'><strong>propter</strong></span> <span class='ocrx_word' id='word_1_769' title='bbox 840 5740 1061 5813; x_wconf 67' lang='lat' dir='ltr'><strong>gloriam</strong></span> <span class='ocrx_word' id='word_1_770' title='bbox 1099 5762 1113 5797; x_wconf 89' lang='lat'><strong>:</strong></span> <span class='ocrx_word' id='word_1_771' title='bbox 1146 5753 1296 5794; x_wconf 85' lang='lat' dir='ltr'><strong>antea</strong></span> <span class='ocrx_word' id='word_1_772' title='bbox 1344 5756 1468 5791; x_wconf 79' lang='lat' dir='ltr'><strong>vero</strong></span> <span class='ocrx_word' id='word_1_773' title='bbox 1497 5750 1551 5793; x_wconf 88' lang='lat' dir='ltr'><strong>et</strong></span> <span class='ocrx_word' id='word_1_774' title='bbox 1594 5755 1621 5793; x_wconf 89' lang='lat' dir='ltr'><strong>a</strong></span> <span class='ocrx_word' id='word_1_775' title='bbox 1659 5740 1839 5793; x_wconf 84' lang='lat' dir='ltr'><strong>condi-</strong></span> 
     </span>
    </p>
   </div>
   <div class='ocr_carea' id='block_1_110' title="bbox 701 5833 1481 5899">
    <p class='ocr_par' dir='ltr' id='par_1_110' title="bbox 701 5833 1481 5899">
     <span class='ocr_line' id='line_1_110' title="bbox 701 5833 1481 5899; baseline -0.006 -1"><span class='ocrx_word' id='word_1_776' title='bbox 701 5840 969 5899; x_wconf 73' lang='lat' dir='ltr'><strong>PATROL.</strong></span> <span class='ocrx_word' id='word_1_777' title='bbox 1018 5838 1133 5896; x_wconf 74' lang='lat' dir='ltr'><strong>Gtt.</strong></span> <span class='ocrx_word' id='word_1_778' title='bbox 1178 5833 1481 5895; x_wconf 71' lang='lat' dir='ltr'><strong>XXXIX.</strong></span> 
     </span>
    </p>
   </div>
   <div class='ocr_carea' id='block_1_111' title="bbox 1961 4830 3512 4902">
    <p class='ocr_par' dir='ltr' id='par_1_111' title="bbox 1961 4830 3512 4902">
     <span class='ocr_line' id='line_1_111' title="bbox 1961 4830 3512 4902; baseline -0.005 -15"><span class='ocrx_word' id='word_1_779' title='bbox 1961 4836 2137 4902; x_wconf 83' lang='lat' dir='ltr'><strong>arguit</strong></span> <span class='ocrx_word' id='word_1_780' title='bbox 2174 4830 2389 4887; x_wconf 85' lang='lat' dir='ltr'><strong>Lucifer</strong></span> <span class='ocrx_word' id='word_1_781' title='bbox 2440 4833 2559 4902; x_wconf 86' lang='lat' dir='ltr'><strong>ille_,</strong></span> <span class='ocrx_word' id='word_1_782' title='bbox 2598 4838 2832 4902; x_wconf 83' lang='lat' dir='ltr'><strong>mutatus</strong></span> <span class='ocrx_word' id='word_1_783' title='bbox 2866 4830 2916 4881; x_wconf 90' lang='lat' dir='ltr'><strong>in</strong></span> <span class='ocrx_word' id='word_1_784' title='bbox 2958 4830 3238 4902; x_wconf 65' lang='lat' dir='ltr'><strong>tenebras,</strong></span> <span class='ocrx_word' id='word_1_785' title='bbox 3277 4838 3334 4902; x_wconf 82' lang='lat' dir='ltr'><strong>ut</strong></span> <span class='ocrx_word' id='word_1_786' title='bbox 3379 4830 3512 4902; x_wconf 80' lang='lat' dir='ltr'><strong>bene</strong></span> 
     </span>
    </p>
   </div>
   <div class='ocr_carea' id='block_1_112' title="bbox 1956 4898 3513 4972">
    <p class='ocr_par' dir='ltr' id='par_1_112' title="bbox 1956 4898 3513 4972">
     <span class='ocr_line' id='line_1_112' title="bbox 1956 4898 3513 4972; baseline -0.005 -14"><span class='ocrx_word' id='word_1_787' title='bbox 1956 4898 2158 4972; x_wconf 86' lang='lat' dir='ltr'><strong>colligit</strong></span> <span class='ocrx_word' id='word_1_788' title='bbox 2184 4904 2475 4970; x_wconf 84' lang='lat' dir='ltr'><strong>Gregorius</strong></span> <span class='ocrx_word' id='word_1_789' title='bbox 2504 4899 2806 4969; x_wconf 74' lang='lat' dir='ltr'><strong>Ttteologus</strong></span> <span class='ocrx_word' id='word_1_790' title='bbox 2830 4936 2845 4962; x_wconf 94' lang='lat'><strong>,</strong></span> <span class='ocrx_word' id='word_1_791' title='bbox 2884 4908 3023 4951; x_wconf 89' lang='lat' dir='ltr'><strong>orat.</strong></span> <span class='ocrx_word' id='word_1_792' title='bbox 3067 4898 3123 4950; x_wconf 79' lang='lat' dir='ltr'><strong>in</strong></span> <span class='ocrx_word' id='word_1_793' title='bbox 3168 4898 3355 4953; x_wconf 81' lang='grc' dir='ltr'><strong>Ναεαι.</strong></span> <span class='ocrx_word' id='word_1_794' title='bbox 3385 4907 3439 4952; x_wconf 88' lang='lat' dir='ltr'><strong>et</strong></span> <span class='ocrx_word' id='word_1_795' title='bbox 3477 4900 3513 4950; x_wconf 75' lang='lat'><strong>2</strong></span> 
     </span>
    </p>
   </div>
   <div class='ocr_carea' id='block_1_113' title="bbox 1954 4972 2539 5028">
    <p class='ocr_par' dir='ltr' id='par_1_113' title="bbox 1954 4972 2539 5028">
     <span class='ocr_line' id='line_1_113' title="bbox 1954 4972 2539 5028; baseline -0.012 0"><span class='ocrx_word' id='word_1_796' title='bbox 1954 4977 2009 5028; x_wconf 78' lang='lat' dir='ltr'><strong>in</strong></span> <span class='ocrx_word' id='word_1_797' title='bbox 2040 4984 2277 5028; x_wconf 81' lang='lat' dir='ltr'><strong>sanctum</strong></span> <span class='ocrx_word' id='word_1_798' title='bbox 2310 4972 2539 5025; x_wconf 75' lang='lat' dir='ltr'><strong>Pascha.</strong></span> 
     </span>
    </p>
   </div>
   <div class='ocr_carea' id='block_1_114' title="bbox 2026 5035 3517 5117">
    <p class='ocr_par' dir='ltr' id='par_1_114' title="bbox 2026 5035 3517 5117">
     <span class='ocr_line' id='line_1_114' title="bbox 2026 5035 3517 5117; baseline -0.006 -19"><span class='ocrx_word' id='word_1_799' title='bbox 2026 5043 2137 5115; x_wconf 78' lang='grc'><strong>(10)</strong></span> <span class='ocrx_word' id='word_1_800' title='bbox 2162 5040 2454 5117; x_wconf 55' lang='grc' dir='ltr'>μείζονος</span> <span class='ocrx_word' id='word_1_801' title='bbox 2488 5037 2595 5117; x_wconf 61' lang='grc' dir='ltr'>τῆς</span> <span class='ocrx_word' id='word_1_802' title='bbox 2623 5038 2826 5109; x_wconf 79' lang='grc' dir='ltr'>ὑγείας</span> <span class='ocrx_word' id='word_1_803' title='bbox 2857 5035 3129 5117; x_wconf 42' lang='grc' dir='ltr'>εὐτυχής.</span> <span class='ocrx_word' id='word_1_804' title='bbox 3152 5036 3283 5117; x_wconf 70' lang='grc' dir='ltr'>ἐστι</span> <span class='ocrx_word' id='word_1_805' title='bbox 3326 5052 3517 5106; x_wconf 83' lang='grc' dir='ltr'>σωτη-</span> 
     </span>
    </p>
   </div>
   <div class='ocr_carea' id='block_1_115' title="bbox 1944 5107 3515 5183">
    <p class='ocr_par' dir='ltr' id='par_1_115' title="bbox 1944 5107 3515 5183">
     <span class='ocr_line' id='line_1_115' title="bbox 1944 5107 3515 5183; baseline -0.006 -15"><span class='ocrx_word' id='word_1_806' title='bbox 1944 5107 2248 5183; x_wconf 71' lang='grc' dir='ltr'>ρίας.’8ἱο</span> <span class='ocrx_word' id='word_1_807' title='bbox 2302 5114 2498 5183; x_wconf 83' lang='lat' dir='ltr'><strong>passim</strong></span> <span class='ocrx_word' id='word_1_808' title='bbox 2548 5107 2842 5183; x_wconf 26' lang='lat' dir='ltr'><strong>Patres‘et</strong></span> <span class='ocrx_word' id='word_1_809' title='bbox 2901 5107 3163 5183; x_wconf 72' lang='lat' dir='ltr'><strong>theologi,</strong></span> <span class='ocrx_word' id='word_1_810' title='bbox 3223 5110 3515 5161; x_wconf 87' lang='lat' dir='ltr'><strong>immensas</strong></span> 
     </span>
    </p>
   </div>
   <div class='ocr_carea' id='block_1_116' title="bbox 1952 5176 3594 5246">
    <p class='ocr_par' dir='ltr' id='par_1_116' title="bbox 1952 5176 3594 5246">
     <span class='ocr_line' id='line_1_116' title="bbox 1952 5176 3594 5246; baseline -0.007 -7"><span class='ocrx_word' id='word_1_811' title='bbox 1952 5176 2073 5239; x_wconf 78' lang='lat' dir='ltr'><strong>illas</strong></span> <span class='ocrx_word' id='word_1_812' title='bbox 2109 5176 2315 5238; x_wconf 53' lang='lat' dir='ltr'><strong>divina!</strong></span> <span class='ocrx_word' id='word_1_813' title='bbox 2358 5180 2612 5235; x_wconf 86' lang='lat' dir='ltr'><strong>bonitatis</strong></span> <span class='ocrx_word' id='word_1_814' title='bbox 2656 5178 2869 5233; x_wconf 86' lang='lat' dir='ltr'><strong>divitias</strong></span> <span class='ocrx_word' id='word_1_815' title='bbox 2912 5176 2965 5230; x_wconf 90' lang='lat' dir='ltr'><strong>in</strong></span> <span class='ocrx_word' id='word_1_816' title='bbox 3008 5177 3297 5231; x_wconf 89' lang='lat' dir='ltr'><strong>humanum</strong></span> <span class='ocrx_word' id='word_1_817' title='bbox 3347 5190 3515 5246; x_wconf 88' lang='lat' dir='ltr'><strong>genus</strong></span> <span class='ocrx_word' id='word_1_818' title='bbox 3590 5216 3594 5221; x_wconf 84' lang='lat'><strong>.</strong></span> 
     </span>
    </p>
   </div>
   <div class='ocr_carea' id='block_1_117' title="bbox 1953 5252 2515 5309">
    <p class='ocr_par' dir='ltr' id='par_1_117' title="bbox 1953 5252 2515 5309">
     <span class='ocr_line' id='line_1_117' title="bbox 1953 5252 2515 5309; baseline -0.012 0"><span class='ocrx_word' id='word_1_819' title='bbox 1953 5257 2143 5309; x_wconf 87' lang='lat' dir='ltr'><strong>merito</strong></span> <span class='ocrx_word' id='word_1_820' title='bbox 2166 5252 2515 5307; x_wconf 89' lang='lat' dir='ltr'><strong>celebrantes.</strong></span> 
     </span>
    </p>
   </div>
   <div class='ocr_carea' id='block_1_118' title="bbox 2022 5314 3516 5408">
    <p class='ocr_par' dir='ltr' id='par_1_118' title="bbox 2022 5314 3516 5408">
     <span class='ocr_line' id='line_1_118' title="bbox 2022 5314 3516 5408; baseline 0 0"><span class='ocrx_word' id='word_1_821' title='bbox 2022 5324 2157 5408; x_wconf 74' lang='grc' dir='ltr'><strong>(η),</strong></span> <span class='ocrx_word' id='word_1_822' title='bbox 2207 5321 2628 5408; x_wconf 47' lang='lat' dir='ltr'><strong>Marses-</strong></span> <span class='ocrx_word' id='word_1_823' title='bbox 2666 5317 2840 5408; x_wconf 59' lang='lat' dir='ltr'><strong>ans.</strong></span> <span class='ocrx_word' id='word_1_824' title='bbox 2895 5316 3352 5408; x_wconf 55' lang='grc' dir='ltr'><strong>ἐξερένῖτιεφίιη</strong></span> <span class='ocrx_word' id='word_1_825' title='bbox 3371 5314 3516 5408; x_wconf 61' lang='grc' dir='ltr'><strong>ῐεένι</strong></span> 
     </span>
    </p>
   </div>
   <div class='ocr_carea' id='block_1_119' title="bbox 1954 5387 3511 5464">
    <p class='ocr_par' dir='ltr' id='par_1_119' title="bbox 1954 5387 3511 5464">
     <span class='ocr_line' id='line_1_119' title="bbox 1954 5387 3511 5464; baseline -0.008 -17"><span class='ocrx_word' id='word_1_826' title='bbox 1954 5387 2042 5464; x_wconf 78' lang='lat' dir='ltr'><strong>qui</strong></span> <span class='ocrx_word' id='word_1_827' title='bbox 2076 5387 2199 5448; x_wconf 83' lang='lat' dir='ltr'><strong>voto</strong></span> <span class='ocrx_word' id='word_1_828' title='bbox 2228 5387 2540 5464; x_wconf 76' lang='lat' dir='ltr'><strong>frustratum</strong></span> <span class='ocrx_word' id='word_1_829' title='bbox 2577 5404 2635 5442; x_wconf 84' lang='lat' dir='ltr'><strong>se</strong></span> <span class='ocrx_word' id='word_1_830' title='bbox 2669 5389 2879 5464; x_wconf 55' lang='lat' dir='ltr'><strong>videat,</strong></span> <span class='ocrx_word' id='word_1_831' title='bbox 2924 5387 3063 5453; x_wconf 68' lang='lat' dir='ltr'><strong>quad</strong></span> <span class='ocrx_word' id='word_1_832' title='bbox 3089 5391 3511 5464; x_wconf 50' lang='lat' dir='ltr'><strong>attonitosnper-</strong></span> 
     </span>
    </p>
   </div>
   <div class='ocr_carea' id='block_1_120' title="bbox 1954 5454 3514 5531">
    <p class='ocr_par' dir='ltr' id='par_1_120' title="bbox 1954 5454 3514 5531">
     <span class='ocr_line' id='line_1_120' title="bbox 1954 5454 3514 5531; baseline -0.009 -11"><span class='ocrx_word' id='word_1_833' title='bbox 1954 5454 2235 5531; x_wconf 55' lang='lat' dir='ltr'><strong>drusosque</strong></span> <span class='ocrx_word' id='word_1_834' title='bbox 2270 5462 2429 5515; x_wconf 88' lang='lat' dir='ltr'><strong>habet</strong></span> <span class='ocrx_word' id='word_1_835' title='bbox 2455 5459 2649 5531; x_wconf 82' lang='lat' dir='ltr'><strong>facere.</strong></span> <span class='ocrx_word' id='word_1_836' title='bbox 2684 5456 2993 5531; x_wconf 75' lang='lat' dir='ltr'><strong>Fortevero</strong></span> <span class='ocrx_word' id='word_1_837' title='bbox 3018 5455 3184 5508; x_wconf 89' lang='lat' dir='ltr'><strong>voluit</strong></span> <span class='ocrx_word' id='word_1_838' title='bbox 3206 5454 3514 5531; x_wconf 76' lang='lat' dir='ltr'><strong>significare</strong></span> 
     </span>
    </p>
   </div>
   <div class='ocr_carea' id='block_1_121' title="bbox 1956 5523 3514 5602">
    <p class='ocr_par' dir='ltr' id='par_1_121' title="bbox 1956 5523 3514 5602">
     <span class='ocr_line' id='line_1_121' title="bbox 1956 5523 3514 5602; baseline -0.01 -15"><span class='ocrx_word' id='word_1_839' title='bbox 1956 5523 2379 5602; x_wconf 46' lang='lat' dir='ltr'><strong>magna-miluus</strong></span> <span class='ocrx_word' id='word_1_840' title='bbox 2421 5530 2796 5602; x_wconf 73' lang='lat' dir='ltr'><strong>audaciam_et</strong></span> <span class='ocrx_word' id='word_1_841' title='bbox 2840 5527 3119 5602; x_wconf 81' lang='lat' dir='ltr'><strong>infractam</strong></span> <span class='ocrx_word' id='word_1_842' title='bbox 3162 5523 3514 5602; x_wconf 50' lang='lat' dir='ltr'><strong>pervicaciu-</strong></span> 
     </span>
    </p>
   </div>
   <div class='ocr_carea' id='block_1_122' title="bbox 1956 5590 3508 5672">
    <p class='ocr_par' dir='ltr' id='par_1_122' title="bbox 1956 5590 3508 5672">
     <span class='ocr_line' id='line_1_122' title="bbox 1956 5590 3508 5672; baseline -0.006 -14"><span class='ocrx_word' id='word_1_843' title='bbox 1956 5590 2084 5667; x_wconf 72' lang='grc' dir='ltr'>ιειιῖ,</span> <span class='ocrx_word' id='word_1_844' title='bbox 2112 5601 2287 5672; x_wconf 86' lang='lat' dir='ltr'><strong>qualis</strong></span> <span class='ocrx_word' id='word_1_845' title='bbox 2334 5600 2656 5657; x_wconf 86' lang='lat' dir='ltr'><strong>describitur</strong></span> <span class='ocrx_word' id='word_1_846' title='bbox 2697 5595 2797 5651; x_wconf 83' lang='lat' dir='ltr'><strong>Job</strong></span> <span class='ocrx_word' id='word_1_847' title='bbox 2837 5611 2905 5650; x_wconf 72' lang='grc' dir='ltr'><strong>ιι.</strong></span> <span class='ocrx_word' id='word_1_848' title='bbox 2950 5596 3048 5652; x_wconf 88' lang='lat' dir='ltr'><strong>sub</strong></span> <span class='ocrx_word' id='word_1_849' title='bbox 3089 5590 3309 5649; x_wconf 77' lang='lat' dir='ltr'><strong>nomine</strong></span> <span class='ocrx_word' id='word_1_850' title='bbox 3346 5590 3508 5648; x_wconf 70' lang='lat' dir='ltr'><strong>Belle-</strong></span> 
     </span>
    </p>
   </div>
   <div class='ocr_carea' id='block_1_123' title="bbox 1957 5675 2124 5731">
    <p class='ocr_par' dir='ltr' id='par_1_123' title="bbox 1957 5675 2124 5731">
     <span class='ocr_line' id='line_1_123' title="bbox 1957 5675 2124 5731; baseline -0.012 -2"><span class='ocrx_word' id='word_1_851' title='bbox 1957 5675 2124 5731; x_wconf 87' lang='lat' dir='ltr'><strong>tuotlt.</strong></span> 
     </span>
    </p>
   </div>
   <div class='ocr_carea' id='block_1_124' title="bbox 3164 5821 3202 5879">
    <p class='ocr_par' dir='ltr' id='par_1_124' title="bbox 3164 5821 3202 5879">
     <span class='ocr_line' id='line_1_124' title="bbox 3164 5821 3202 5879; baseline 0 0"><span class='ocrx_word' id='word_1_852' title='bbox 3164 5821 3202 5879; x_wconf 77' lang='lat'><strong>2</strong></span> 
     </span>
    </p>
   </div>
  </div>
