4030 6408
469 400 540 458 ιδ
1456 391 1513 449 S.
1552 391 2000 450 Αιιριιιιοοιιιι
2041 389 2426 448 lCONlENSlS
2461 387 2768 444 EPISCOPI
3644 381 3717 438 ﬂ

474 522 682 570 tuentes
709 518 910 582 quanto
959 524 1129 566 novus
1169 517 1223 564 et
1262 507 1469 565 electus
1497 509 1744 580 populus,
1773 508 2038 578 spirituali

2161 522 2319 558 :waatv
2361 503 2603 557 Ἰουδαῖοι.
2631 501 2722 556 τὸν
2749 500 2868 552 νέον
2898 499 2992 552 καὶ
3017 495 3270 550 ἐκλεκτὸν
3296 495 3422 550 λαὸν
3443 496 3711 568 θεωροῦν-

471 607 669 662 decore
713 603 959 660 excultus
1004 601 1094 667 sit,
1123 609 1432 669 quantoque
1465 601 1722 655 mundum
1757 600 2041 669 splendore

474 697 725 751 illustret.
779 693 982 748 Idcirco
1028 693 1170 746 enim
1218 693 1418 754 dimisit
1459 707 1554 746 nos
1602 691 1850 760 gentibus
1893 706 2042 744 com-

475 788 713 851 misceri,
747 794 805 840 ιιι
839 784 1112 838 luceamns
1133 784 1273 838 sicut
1318 783 1602 836 luminaria
1641 782 1693 836 in
1739 781 2040 837 mundo“:

475 891 535 936 ut
584 882 752 937 sinms
803 879 993 934 salutis
1044 891 1227 931 semen
1250 876 1292 907 ³⁷
1336 876 1587 930 omnibus
1629 874 1719 944 qui
1769 872 2042 928 nobiscum

476 981 780 1033 versantur,
820 979 874 1023 et
911 983 1008 1021 nos
1038 967 1266 1029 adeunt;
1309 965 1438 1034 ipsis
1466 965 1590 1017 facti
1621 965 1686 1017 ad
1727 963 2040 1019 conversio-

478 1078 601 1118 nem
632 1061 1013 1132 spectaculum.
1060 1059 1244 1113 Videte
1287 1072 1354 1110 ne
1400 1057 1520 1125 quis
1548 1065 1764 1125 propter
1795 1070 1888 1109 vos
1923 1067 2046 1123 gen-

478 1156 648 1209 tilium
673 1153 1002 1222 blasphemet
1035 1152 1222 1205 Deum.
1247 1148 1514 1202 Laudetur
1538 1161 1666 1200 vero
1695 1146 1748 1200 in
1774 1145 1926 1200 nobis
1955 1145 2044 1213 qvi

477 1247 691 1301 vocavit
733 1253 786 1300 et
843 1243 1221 1308 sanetiﬁcavit,
1249 1252 1302 1296 et
1352 1239 1527 1296 salvos
1572 1238 1718 1292 fecit.
1767 1236 1941 1291 Ferox
1993 1246 2047 1289 et

480 1338 677 1400 audax,
725 1336 984 1404 suspiciat
1033 1345 1267 1388 nostram
1314 1329 1777 1384 mansuetudinem
1822 1335 1876 1382 et
1924 1341 2043 1378 mo-

479 1429 728 1482 desdam.
776 1426 876 1492 Qui
933 1424 1284 1488 convicialur,
1339 1430 1618 1489 reportans
1666 1418 1804 1472 bona
1861 1417 2044 1482 verba,

481 1516 736 1572 confusus
792 1517 1059 1570 abscedat.
1097 1512 1195 1580 Qui
1249 1525 1344 1580 pro
1389 1509 1628 1579 pecuniis
1673 1506 1946 1562 contendit
1994 1515 2047 1558 et

481 1610 814 1679 V'lllljlltliCiO
847 1624 1027 1675 agere,
1071 1608 1210 1660 circa
1258 1604 1470 1658 divitias
1506 1601 1924 1671 imperturbatus
1965 1598 2048 1651 in-

483 1701 684 1764 veniat,
718 1713 820 1753 non
848 1708 1153 1766 reputantes
1185 1693 1382 1748 habere
1407 1707 1502 1746 nos
1547 1700 1812 1744 terrenam
1840 1701 2049 1757 posses-

486 1793 730 1855 sionem,
787 1790 879 1844 sed
944 1789 1216 1840 caelestem
1284 1795 1487 1840 tenere.
1531 1781 1630 1848 Qui
1684 1795 1782 1836 nos
1817 1780 1951 1843 adit,
1991 1788 2051 1831 ut

485 1883 654 1935 amica
673 1881 1035 1936 consolatione
1058 1880 1109 1931 in
1133 1877 1428 1929 mundanas
1444 1874 1741 1942 voluptates
1758 1871 1971 1925 inducat
1987 1869 2052 1934 ³⁸,

486 1975 723 2028 inveniat
759 1987 971 2043 graves,
1014 1969 1335 2030 immobiles,
1378 1965 1744 2034 temperantiae
1790 1975 2050 2024 amantes,

485 2085 590 2124 non
622 2076 803 2134 captos
837 2063 1140 2132 voluptate;
1166 2058 1552 2114 mortilicantes
1579 2066 1824 2109 naturam
1855 2056 2051 2118 carnis,

484 2170 544 2214 nt
594 2161 841 2214 noverint
891 2165 1146 2226 quantttm
1195 2153 1428 2223 Spiritus
1476 2150 1646 2204 sancti
1701 2148 2054 2203 eomtnoratio

485 2255 681 2307 valeat.
713 2250 815 2316 Qui
845 2261 1081 2317 praeceps
1112 2254 1196 2300 est
1223 2247 1288 2299 ad
1335 2242 1648 2313 periurium,
1689 2241 1928 2296 inveniat
1961 2255 2055 2294 nos

448 2343 576 2412 Iqui
617 2354 788 2410 neque
831 2339 1191 2392 snstiueamus
1227 2335 1432 2405 jnrare,
1467 2339 1560 2386 sed
1591 2332 1682 2386 Dei
1719 2348 1936 2391 nomen,
1967 2330 2053 2383 ubi

487 2437 552 2488 de
583 2431 740 2487 rebus
768 2430 990 2501 abiectis
1027 2439 1082 2482 et
1129 2426 1358 2488 terrenis
1407 2425 1604 2493 agitur,
1632 2439 1908 2478 vereamur
1935 2437 2058 2490 pro-

489 2527 652 2581 fare.
704 2521 795 2578 Sic
843 2521 983 2575 enim
1023 2521 1331 2575 docebimus
1379 2531 1586 2583 omnes,
1627 2517 1717 2586 qui
1777 2515 1828 2569 in
1866 2516 2058 2584 quovis

490 2617 703 2685 negotio
739 2630 834 2670 nos
863 2613 1206 2667 conveniunt.
1240 2610 1333 2665 Sic
1377 2624 1509 2664 vero
1538 2608 1795 2662 institutis
1825 2608 1946 2660 vita:
1975 2622 2055 2659 ra-

491 2708 744 2771 tionibus,
764 2719 888 2759 vere
909 2703 1199 2756 elIiciemnr
1222 2714 1433 2754 sacrum
1468 2700 1812 2758 fermentum,
1847 2704 2058 2748 nostra-

490 2815 594 2869 qne
629 2814 790 2868 opera
825 2795 1236 2851 fermentahitnr
1271 2789 1500 2845 mundus
1538 2788 1602 2860 ad
1631 2785 1880 2846 salutem,
1923 2784 2046 2834 ntul-

494 2903 686 2960 tusque
728 2905 793 2942 ex
838 2888 992 2942 nobis
1044 2887 1248 2938 fructus
1303 2881 1603 2935 invenietur
1654 2877 1919 2945 repositus
1954 2875 2056 2929 Do-

491 2985 731 3048 mino,et
760 2983 812 3036 in
839 2981 991 3035 nobis
1007 2977 1396 3050 gloriﬁeabitnr
1417 2977 1576 3036 Deus,
1596 2973 1747 3042 juxta
1777 2971 2056 3025 Dominum

493 3077 758 3133 dicentem
793 3091 807 3128 :
854 3072 919 3126 In
943 3071 1037 3125 hoc
1071 3069 1397 3138 clari/icatns
1435 3078 1508 3120 est
1543 3063 1726 3129 Pater,
1752 3072 1806 3116 ut
1830 3063 2056 3131 fructum

491 3165 776 3238 plurimum
829 3161 1095 3231 offeratis,
1145 3169 1190 3212 et
1241 3155 1533 3226 elﬁciamini
1585 3154 1684 3207 mei
1725 3150 1968 3218 discipuli
1989 3150 2053 3202 ³³.

494 3257 666 3312 Porro
711 3254 1036 3309 clarilieatus
1075 3266 1103 3302 a
1145 3250 1297 3302 nobis
1347 3248 1621 3305 Dominus.
1681 3259 1778 3297 nos
1814 3244 2057 3296 claritate

2161 3223 2352 3328 ﬁt
2379 3223 2792 3329 Ερίῖἷᾶδηταί
2827 3251 3114 3316 Δοξασθεὶς

494 3363 693 3407 reterns
728 3347 1069 3409 clariticabit,
1106 3347 1157 3396 in
1185 3343 1399 3397 Christo
1430 3340 1554 3394 Jesu
1600 3339 1824 3392 Domino
1854 3346 2056 3399 nostro,

495 3445 580 3500 cui
616 3443 785 3514 gloria
816 3441 868 3494 in
903 3437 1099 3493 saecula
1139 3435 1482 3488 saeculorum.
1519 3429 1709 3483 Amen.

1093 3524 1348 3580 ORATIO
1403 3524 1461 3576 ll.

569 3648 646 3703 De
669 3662 889 3701 occursu
937 3642 1145 3696 Domini
1183 3640 1342 3692 nostri
1386 3637 1510 3692 Jesu
1553 3635 1746 3690 Clu-isti
1777 3651 1794 3689 :
1828 3636 1990 3705 deque

781 3717 1032 3783 Deipara,
1058 3714 1184 3764 etde
1220 3711 1370 3762 Anna
1423 3721 1467 3762 et
1509 3705 1767 3761 Simeone.

571 3857 609 3910 l.
646 3855 783 3907 Sunt
811 3851 990 3921 plures
1021 3849 1070 3902 in
1109 3846 1416 3900 hominibus
1443 3843 1643 3913 magni,
1676 3843 1885 3912 virique
1933 3858 2065 3910 pra:-

501 3955 726 4004 stantes.
755 3943 845 4011 qui
871 3941 1227 4009 virginitatem
1259 3936 1590 3989 admirentur
1612 3945 1664 3989 et
1686 3935 2064 4002 depraadicent.

499 4037 568 4092 Et
593 4049 722 4090 sane
754 4042 836 4086 est
869 4029 1150 4095 mirabilis,
1203 4029 1347 4081 velut
1406 4026 1612 4094 angelis
1641 4036 1890 4091 cognata,
1926 4026 2067 4078 velut

501 4125 704 4180 sodalis
731 4135 1085 4190 sure-"uarum
1121 4118 1401 4179 virtutum,
1440 4117 1584 4168 velut
1606 4129 1784 4168 comes
1829 4115 2068 4185 incorpo-

505 4230 720 4270 rearum
747 4223 1081 4274 naturezam,
1121 4220 1175 4262 ut
1210 4222 1330 4277 quae
1380 4205 1549 4260 lacent
1599 4205 2069 4259 sanctze'Ecclesim

506 4304 778 4376 praeferat.
805 4311 864 4356 ut
890 4315 1009 4372 quae
1037 4300 1213 4352 vincat
1257 4297 1536 4361 nmndum,
1570 4305 1628 4350 ιιι
1658 4311 1778 4366 quae
1827 4293 2068 4350 affectio-

508 4413 608 4454 nes
638 4395 940 4459 conculcet,
973 4394 1206 4449 refrenet
1231 4390 1518 4460 appetitus,
1543 4404 1662 4444 cum
1695 4389 1802 4442 Eva
1831 4403 2072 4443 commu-

507 4491 721 4545 nionem
751 4502 856 4542 non
887 4486 1098 4550 habeat,
1128 4483 1221 4539 sed
1254 4481 1456 4537 doloris
1502 4495 1716 4550 expers,
1749 4480 2003 4533 immunis
2041 4494 2069 4531 a

2142 614 2252 662 τες,
2285 596 2392 666 ὅσῳ
2425 593 2608 647 κάλλει
2652 591 2988 660 κεκόσμηται
3022 585 3396 657 πευματικῷ,
3447 588 3549 658 ὅσῃ
3577 587 3716 657 λαμ-

2147 689 2374 761 πρότητι
2411 685 2746 753 καταυγάςει
2773 683 2861 736 τὸν
2887 681 3108 752 κόσμον.
3133 679 3232 732 Διὰ
3259 679 3416 733 τοῦτο
3443 679 3550 750 γὰρ
3572 681 3718 750 ἡμᾶς

2149 785 2522 855 μεμιγμένους
2553 784 2610 834 ἐν
2645 783 2753 842 τοῖς
2781 779 2987 831 ἔθνεσιν
3020 779 3252 847 ἀφῆκεν,
3285 777 3371 831 ἵνα
3399 776 3720 846 φαινώμεθα

2145 877 2220 939 ὡς
2245 875 2527 944 imm”;
2556 875 2612 925 έν
2643 874 2860 941 κώμῳ
2893 871 2979 922 ἵνα
3007 871 3227 940 σπέρμα
3255 869 3524 940 σωτηρίας
3549 863 3720 940 ὦμεν.

2145 971 2226 1031 εἰς
2268 967 2599 1038 ἐπιστροφὴν
2639 963 3006 1036 θεωρούμενοι
3043 965 3176 1016 πᾶσι
3225 965 3334 1025 τοῖς
3370 961 3585 1014 συνοῦσι
3627 962 3724 1014 καὶ

2149 1060 2628 1129 συντυγχάνουσιν,
2675 1058 2869 1128 Ὀράτε
2903 1057 2974 1125 μή
3015 1073 3096 1118 τις
3136 1055 3203 1107 δι’
3240 1055 3383 1124 ὑμᾶς
3423 1053 3529 1106 τῶν
3565 1052 3723 1105 ἐθνι-

2147 1151 2258 1206 κῶν
2295 1151 2675 1221 βλασφημήσει
2727 1150 2877 1202 Θεόν.
2930 1147 3297 1217 Εὐφημείσθω
3343 1146 3398 1199 δὲ
3437 1147 3495 1198 ἐν
3529 1147 3663 1215 ἡμῖν
3693 1146 3727 1197 6

2147 1243 2400 1305 καλέσας,
2437 1242 2527 1295 καὶ
2566 1242 2797 1309 ἁγιάσας
2826 1241 2918 1293 καὶ
2948 1237 3144 1302 σώσας.
3192 1240 3250 1292 Ὀ
3279 1239 3446 1308 βίαιος
3474 1238 3566 1290 καὶ
3592 1235 3696 1306 θρα

2150 1335 2246 1397 σῦς
2285 1333 2616 1403 θαυμασάτω
2643 1333 2740 1401 τὴν
2789 1329 3090 1383 ἐπιείκειαν
3120 1328 3276 1399 ἡμῶν
3311 1327 3402 1382 καὶ⁸
3435 1327 3725 1398 μετριότη-

2147 1443 2216 1480 τα
2232 1444 2243 1455 ’
2268 1428 2296 1479 6
2320 1424 2592 1495 λοιδορῶν,
2616 1425 2853 1492 ἁντευφη
2864 1421 2962 1491 μού
2972 1437 3128 1491 μενος
3147 1419 3491 1491 ἐντρεπέσθω
3511 1436 3523 1448 ·
3547 1421 3574 1472 6
3596 1419 3725 1488 περὶ

2149 1518 2445 1588 χρημάτων
2527 1515 2813 1585 φιλονικῶν
2873 1514 2966 1568 καὶ
3027 1511 3341 1575 δικάζεσθαι
3409 1509 3728 1582 βουλόμενος

2152 1609 2457 1678 ἀταράχους
2485 1609 2633 1677 ἡμᾶς
2663 1605 2960 1674 εύρισκέτω
3000 1605 3126 1674 περὶ
3156 1605 3432 1676 χρήματα,
3471 1602 3545 1674 μὴ
3569 1603 3724 1672 νομί-

2153 1698 2336 1760 ζοντες
2367 1697 2592 1759 ἑαυτοὺς
2619 1696 2760 1766 ἔχειν
2795 1696 2984 1766 κτῆσιν
3015 1695 3275 1762 ἐπίγειον,
3307 1695 3441 1748 ἀλλὰ
3466 1694 3726 1765 κρατοῦν-

2153 1807 2242 1852 τες
2267 1790 2364 1859 τὴν
2418 1790 2768 1859 ἐπουράνιον·
2829 1790 2856 1840 6
2908 1787 2997 1839 διὰ
3053 1787 3450 1856 παρακλήσεως
3503 1785 3723 1856 φιλικῆς

2090 1869 2130 1924 Β
2160 1880 2510 1950 προσιέμενος
2551 1881 2694 1950 ἡμᾶς
2738 1881 2815 1942 εἰς
2860 1878 3051 1949 ἡδονάς
3115 1879 3380 1949 κοσμικὰς
3429 1878 3727 1949 εὑρισκέτω

2157 1973 2404 2041 σέμςνοῦς.
2432 1973 2881 2042 ἀμετακινήτους,
2908 1970 3256 2041 σωφροσύνην
3287 1969 3602 2028 ποθοῦντας,
3625 1969 3726 2038 οὐχ

2160 2063 2321 2134 ἡδονῇ
2359 2063 2774 2133 δελεαζομένους
2796 2081 2807 2092 °
2844 2063 2926 2116 ἵνα
2966 2063 3144 2116 εἶδωσι
3175 2063 3333 2116 πόσον
3364 2061 3532 2131 ἰσχύει
3557 2061 3728 2114 Πνεύ-

2158 2173 2324 2225 ματος
2357 2155 2511 2223 ἁγίου
2549 2155 2879 2225 συνοίκησις,
2917 2154 3076 2222 φύσιν
3121 2153 3321 2224 cupito;
3350 2152 3726 2222 ἐκνεκρὼσαν·

2154 2261 2262 2306 τες.
2313 2245 2369 2296 Ὀ
2436 2245 2722 2316 πρόχειρος
2785 2245 2864 2306 εἰς
2909 2242 3192 2314 ἐπιορκίαν
3247 2241 3544 2311 εύρισκέτω
3595 2241 3729 2310 μηδέ

2154 2335 2375 2404 ὀμνύειν
2412 2335 2768 2404 ἀνεχομένους
2814 2337 2980 2405 ἡμᾶς.
3027 2334 3162 2387 ἀλλά
3207 2333 3513 2396 δεδοικότας
3543 2333 3601 2386 τὺ
3633 2332 3726 2384 τοῦ

2155 2426 2288 2478 Θεοῦ
2343 2428 2632 2498 προφέρειν
2683 2427 2853 2497 ὄνομα
2906 2428 3034 2496 περὶ
3082 2425 3354 2479 ταπεινῶν
3402 2426 3495 2478 καὶ
3527 2424 3729 2495 γηΐνων

2159 2519 2518 2589 πραγμάτων.
2561 2519 2716 2572 Ούτω
2747 2520 2851 2588 γὰρ
2895 2517 3126 2582 ἐσόμεθα
3179 2518 3376 2579 πάντες
3421 2515 3731 2569 διδάσκαλοι

2157 2609 2262 2662 τῶν
2308 2612 2742 2680 ἐντυγχανόντων
2791 2613 2924 2680 ἡμῖν
2970 2613 3026 2663 ἐν
3078 2609 3372 2679 οἱῳδήποτε
3420 2609 3728 2678 πράγματι.

2159 2702 2313 2756 Οὕτω
2334 2704 2388 2756 δέ
2444 2705 2889 2773 πολιτευσάμενοι
2923 2703 3262 2775 γενησόμεθα
3296 2702 3440 2772 ζύμη
3461 2701 3609 2769 ἁγία.
3639 2701 3734 2754 καὶ

2158 2796 2224 2848 δι’
2273 2797 2428 2866 ἡμῶν
2474 2797 2858 2867 ζυμωθήσεται
2904 2799 2931 2850 6
2967 2798 3166 2865 κόσμος
3195 2799 3274 2858 εἰς
3305 2793 3594 2864 σωτηρίαν,
3636 2794 3734 2846 καὶ

2162 2887 2329 2950 πολὺς
2368 2889 2424 2953 ἐξ
2457 2889 2614 2958 ἡμῶν
2646 2888 2856 2959 καρπὸς
2899 2887 3249 2958 εὑρεθήσεται
3292 2885 3368 2956 τῷ
3402 2883 3592 2954 Κυρίῳ
3628 2901 3729 2935 πε-

2160 2978 2523 3050 φυλαγμένος,
2565 2981 2658 3032 καὶ
2701 2980 3088 3050 δοξασθήσεται
3115 2981 3142 3032 ὁ
3165 2978 3294 3041 Θεὸς
3321 2979 3379 3031 ὲν
3405 2978 3556 3047 ἡμῖν,
3588 2975 3734 3028 κατὰ

2158 3073 2249 3126 τὸν
2291 3071 2516 3139 λέγοντα
2561 3070 2794 3142 Κύριον·
2853 3071 2955 3124 Ἐν
2998 3070 3186 3133 τούτῳ
3217 3066 3518 3134 ἐδοξάσθη
3549 3069 3582 3120 ό
3615 3069 3734 3118 ﬂa-

2161 3165 2292 3242 τηρ,
2326 3165 2426 3218 ἵνα
2698 3162 2933 3230 καρπὸν
2979 3161 3178 3214 πολὺν
3226 3160 3460 3229 φέρητε,
3494 3159 3589 3212 καὶ
3623 3157 3735 3229 χέ-

3159 3251 3214 3304 δέ
3263 3253 3349 3320 ὑφ’
3384 3249 3540 3321 ἡμῶν
3569 3251 3596 3302 6
3623 3249 3737 3302 Κύ-

2166 3365 2281 3419 ριος
2327 3347 2536 3411 δοξάσει
2558 3349 2704 3416 ἡμᾶς
2725 3348 2788 3416 τῇ
2820 3345 3020 3413 αἰωνίῳ
3043 3343 3187 3414 δόξῃ,
3219 3346 3274 3394 ἐν
3304 3343 3522 3413 Χριστῷ
3558 3341 3732 3411 Ἰησοῦ

2164 3441 2242 3512 τῷ
2274 3441 2460 3512 Κυρίῳ
2492 3439 2666 3510 ἡμῶν,
2701 3431 2744 3506 ᾧ
2772 3439 2805 3507 ἡ
2851 3435 2976 3499 δόξα
3006 3437 3083 3497 εἰς
3115 3435 3240 3498 τοὺς
3269 3433 3488 3498 αἰῶνας.
3540 3434 3732 3504 Ἀμήν.

2795 3529 3008 3583 ΛΟΓΟΣ
3043 3528 3095 3579 B'
3543 3513 3550 3520 ’

2168 3627 2271 3689 Εἰς
2322 3624 2436 3690 τὴν
2485 3620 2846 3687 ὐπιιπαντὴν
2890 3618 2992 3673 τοῦ
3043 3619 3261 3685 Κυρίου
3313 3615 3478 3690 ἡμῶν
3530 3617 3737 3690 Ἰησοῦ

2240 3688 2522 3761 Χριστοῦο
2575 3693 2671 3745 καὶ
2712 3694 2798 3756 εὶς
2847 3690 2958 3755 τὴν
2989 3690 3296 3761 Θεᾼοτόιιον,
3346 3688 3444 3741 καὶ
3497 3690 3584 3754 εὶς
3623 3688 3742 3755 τὴν

2245 3759 2479 3828 Ἅνναν,
2503 3765 2599 3816 καὶ
2638 3766 2724 3827 εὶς
2755 3761 2860 3813 τὸν
2882 3759 3180 3827 Συμεῶνα.

2241 3860 2316 3913 A’.
2365 3858 2552 3911 Πολλοὶ⁸
2578 3857 2684 3909 τῶν
2712 3855 2958 3925 μεγάλων
2987 3853 3284 3926 ἀνθρώπων
3309 3853 3404 3925 τὴν
3444 3850 3740 3924 παρθενίαν

2173 3951 2540 4020 θαυμάζουσιν
2563 3965 2575 3978 ·
2608 3949 2700 3999 καὶ
2726 3947 2832 4016 γάρ
2859 3947 2974 3998 ἐστὶ
3002 3945 3308 4016 θαυμαστὴ,
3331 3945 3405 4008 ῶς
3436 3945 3542 3998 τῶν
3577 3942 3742 4011 ἀγγέ-

2172 4041 2278 4093 λων
2318 4039 2613 4110 σύμφυτος,
2643 4036 2717 4096 ὡς
2749 4035 2854 4088 τῶν
2883 4036 2994 4088 ἅνω
3019 4035 3296 4104 δυνάμεων
3332 4033 3629 4104 συνόμιλος.
3662 4035 3738 4097 ὡς

2174 4133 2279 4186 τῶν
2332 4131 2634 4200 ἀσωμάτων
2694 4129 2906 4198 φύσεων
2954 4127 3267 4198 σύνδρομος,
3319 4127 3393 4190 ὡς
3433 4127 3532 4197 τῆς
3577 4127 3739 4195 ἁγίας

2188 4221 2509 4291 Ἐκκλησίας
2533 4217 2928 4289 λαμπαδοῦχος,
2953 4218 3025 4280 ὡς
3055 4218 3145 4270 τὸν
3184 4218 3382 4288 κόσμον
3419 4218 3642 4280 νικῶσα,
3665 4217 3741 4280 ὡς

2174 4313 2244 4366 τὰ
2275 4313 2418 4382 πάθη
2463 4310 2724 4370 πατοῦσα,
2747 4309 2820 4372 ὡς
2851 4309 2948 4372 τὰς
2975 4308 3179 4378 ὀρέξεις
3221 4305 3530 4376 χαλινοῦσα,
3560 4306 3634 4369 ὡς
3670 4309 3739 4377 τῇ

2178 4401 2293 4471 Εύειι
2349 4400 2421 4470 μὴ
2461 4397 2808 4460 κοινωνοῦσα,
2865 4397 2940 4460 ὡς
2986 4396 3160 4466 λύπης
3216 4395 3630 4466 ἀπηλλαγμένη’
3665 4396 3741 4459 ὡς

2181 4489 2499 4560 στεναγμῶν
2539 4489 2938 4559 λελυτρωμένη,
2975 4488 3048 4550 ῶς
3089 4489 3187 4557 τὴν
3214 4486 3742 4558 καταδεδικασμένην

501 4580 829 4654 gemitibus,
893 4578 1160 4632 decretam
1228 4573 1694 4630 condemnationis
1750 4573 2052 4628 sententia"

2176 4587 2451 4652 ἀπόφασιν
2505 4585 2576 4654 μὴ
2626 4581 3024 4652 προσδεχομένη
3075 4581 3204 4649 (li),
3254 4580 3349 4650 τὴν
3389 4579 3742 4648 φάσκουσανο

504 4691 612 4730 ιιοιι
643 4679 940 4742 exspectet,
970 4684 1071 4738 qua
1097 4668 1294 4722 dicitur
1321 4684 1334 4720 :
1367 4664 1732 4733 Multiplicanr
1754 4664 2076 4734 multiplica-

505 4768 568 4821 bo
603 4765 844 4819 tristitia:
874 4772 1011 4828 tuas,
1060 4771 1107 4815 et
1148 4761 1391 4830 gemitum
1421 4769 1606 4812 tuum:
1637 4759 1690 4811 in
1724 4757 1952 4810 tristitiis
1981 4773 2075 4823 pa-

503 4861 605 4912 ries
634 4856 795 4926 ﬁlios,
835 4862 885 4908 et
923 4854 990 4906 ad
1017 4852 1183 4906 virum
1217 4861 1363 4904 tuum
1398 4849 1664 4904 conversio
1709 4859 1820 4904 tua.
1868 4845 1935 4901 Et
1968 4849 2075 4915 ipse

505 4949 862 5002 dominabitur
895 4947 968 4998 tui
995 4945 1065 4998 δθ.
1091 4944 1185 4998 Est
1221 4945 1382 5014 igitur
1409 4941 1691 5012 virginitas
1719 4942 2072 5006 admirabilis,

505 5041 651 5093 velut
694 5054 778 5094 res
806 5039 1026 5102 invicta,
1059 5037 1204 5090 velut
1257 5051 1474 5106 germen
1507 5034 1777 5102 corrumpi
1807 5034 2070 5098 nescium,

504 5133 652 5188 velut
680 5131 889 5186 mansio
921 5129 1113 5195 libera,
1149 5136 1208 5182 ut
1239 5127 1458 5183 ascetiei
1489 5125 1694 5180 ordinis
1720 5135 1774 5179 et
1807 5129 2073 5181 exercita-

577 5249 622 5282 ³⁸
658 5246 885 5317 Philipp.
916 5261 975 5310 ιι,
1008 5243 1095 5300 15.
1170 5244 1213 5274 ³⁷
1240 5244 1342 5298 lsa.
1372 5259 1410 5304 ι,
1437 5242 1506 5308 9;
1548 5241 1683 5296 Rom
1713 5256 1789 5308 ιιι,
1820 5240 1912 5296 29.

578 5342 690 5412 (ιὲ)
724 5340 945 5408 Προσδ.
969 5341 1060 5412 Al.
1095 5338 1486 5412 ὑποδεχομένη.

578 5400 688 5481 (13)
726 5400 833 5466 Kh!
874 5411 1022 5480 πρὸς
1071 5411 1180 5481 τὸν
1224 5400 1580 5481 ᾱὶῖδραςσου.
1624 5405 1674 5481 ἠγ
1723 5405 2074 5474 ἀποστροφή

504 5476 646 5538 σοὺ.
673 5476 863 5535 ’Μίιιυε
898 5476 1032 5534 bene
1070 5480 1286 5534 Sifanns
1325 5476 1342 5533 ἑ
1394 5476 1458 5530 Et
1513 5477 1580 5528 ad
1627 5480 1794 5529 virum
1847 5487 1991 5528 tuum
2025 5486 2074 5528 te

506 5563 738 5606 avertes:
762 5553 847 5604 vix
865 5551 1005 5605 enim
1029 5549 1190 5603 fuerit
1217 5548 1422 5602 Latinis
1456 5545 1517 5599 τὺ
1553 5557 1746 5600 avertes
1771 5557 1816 5598 et
1847 5547 2068 5607 aversio,

509 5623 705 5691 ipsum,
757 5631 1037 5674 convertes
1081 5631 1134 5691 et
1177 5619 1480 5691 conversio,
1514 5617 1654 5686 quod
1690 5612 1812 5691 ‘v_t_t_lt
1842 5615 1904 5667 τὸ
1934 5617 2070 5668 ἁπο-

512 5683 741 5762 στροφή,
767 5701 822 5762 et
855 5691 1046 5762 habent
1084 5689 1306 5762 Sy_xtina
1355 5687 1468 5762 ubi,
1525 5683 1662 5740 teste
1697 5683 2070 5762 _llieronyt_no,

510 5757 719 5830 Aq'uiia
757 5757 1062 5814 Societatem
1088 5757 1512 5830 :Symmacltus,
1540 5757 1820 5830 appetitum
1859 5757 1936 5830 vel
1972 5757 2066 5806 imr

508 5821 682 5899 peium
717 5830 1098 5886 transtulerunt
1130 5844 1145 5884 :
1179 5821 1454 5900 'quoumde
1496 5821 1656 5882 etiam
1680 5825 1864 5895 'l‘igur.
1892 5821 1954 5878 Et
1997 5830 2063 5877 ad

1988 5243 2206 5300 "Hebr.
2245 5263 2297 5308 ιι,
2332 5247 2416 5299 14.

2177 4676 2508 4742 Πληθύνων
2552 4669 2838 4737 πληθυνῶ
2888 4671 2991 4735 τὰς
3054 4672 3246 4734 λύπας
3307 4685 3444 4733 σου,
3493 4671 3588 4724 καὶ
3639 4672 3744 4725 τὸν

2177 4765 2512 4834 στεναγμόν
2540 4779 2686 4817 σου·
2715 4763 3021 4826 ἐνλύπατ
3056 4761 3196 4828 τέξῃ
3231 4761 3428 4823 τέκνα,
3459 4763 3555 4815 καὶ
3595 4763 3746 4831 πρὸς

2177 4856 2284 4909 τὸν
2315 4855 2502 4923 ἄνδρα
2526 4870 2642 4907 σου
2678 4855 2714 4922 ἠ
2746 4851 3095 4920 ἀποστροφή
3132 4869 3246 4905 σου
3276 4853 3410 4922 (15)·
3441 4854 3535 4907 καί
3562 4856 3744 4918 αὐτός

2179 4965 2293 5002 σου
2321 4947 2648 5014 κυριεύσει·
2677 4944 2960 5014 θαυμαστὴ
2989 4946 3324 5014 τοιγαροῦνή
3360 4944 3641 5015 παρθενία,
3668 4944 3745 5007 ὼς

2179 5039 2471 5093 ἀδούλωτον
2507 5038 2712 5108 κτῆμα,
2748 5037 2822 5100 ὡς
2868 5036 3175 5107 ἀμάραντον
3216 5037 3399 5104 φυτὸν,
3428 5036 3502 5100 ὡς
3534 5034 3743 5088 ἐλεύθε-

2181 5147 2272 5199 ρον
2317 5128 2657 5198 ἐνδιαίτημα,
2691 5127 2764 5191 ῶς
2809 5127 3102 5191 ἀσκητικὸν
3143 5113 3565 5198 ἐγκαλλῶπισμα
3607 5126 3741 5198 (14),

2494 5245 2536 5277 ³⁸
2568 5244 2719 5300 Joan.
2758 5261 2846 5308 xv,
2872 5245 2923 5298 8.
2998 5244 3042 5276 “
3075 5244 3209 5299 Gen.
3244 5259 3322 5310 ιιι,
3357 5243 3442 5298 16.

2202 5344 2366 5393 virum
2391 5351 2532 5392 tuum
2561 5340 2657 5390 erit
2681 5338 2992 5391 desiderium
3012 5349 3176 5390 tuum.

2251 5409 2362 5479 (14)
2414 5410 2505 5474 Ὠς
2549 5409 2880 5474 ἀσκητικὸν
2905 5405 3389 5479 ἑγζκαλλώπισμα.
3443 5403 3746 5479 Yelttt_m0-

2183 5475 2479 5532 uaL-hdrnm
2510 5488 2563 5531 et
2599 5479 2920 5546 peculiarins
2947 5475 3064 5530 'Deo
3093 5478 3426 5546 addit-torum
3467 5475 3742 5546 hominum

2180 5550 2343 5617 gloria
2371 5587 2386 5608 ,
2420 5545 2645 5617 qum-um
2695 5547 2938 5618 angelico
2971 5549 3025 5618 in
3061 5547 3217 5599 terris
3249 5545 3493 5618 instituto
3544 5545 3615 5597 ita
3648 5561 3740 5597 co-

2179 5615 2336 5683 gnata
2373 5615 2453 5672 est
2477 5619 2716 5683 angelica
2742 5615 2908 5670 virtus
2937 5617 3234 5683 virginitas,
3265 5630 3356 5668 seu
3385 5615 3577 5667 saltem
3610 5629 3744 5667 con-

2180 5692 2424 5750 tinentia,
2455 5690 2522 5740 ab
2551 5689 2636 5740 illo
2665 5687 2829 5742 semel
2861 5698 3096 5755 arrepto,
3126 5696 3176 5736 ut
3207 5684 3348 5737 nulla
3382 5683 3733 5749 indulgentia,

2182 5760 2299 5828 ipso
2336 5761 2567 5828 integro,
2598 5760 2765 5826 possit
2792 5757 2998 5824 violari,
3042 5772 3105 5811 ac
3137 5755 3218 5809 vel
3251 5755 3317 5809 ad
3349 5757 3558 5820 horam,
3599 5771 3652 5807 tn
3685 5768 3751 5814 rc
