  <div class='ocr_page' id='page_1' title='image "/cluster/home/n/w/nwhite01/storage/ocr_20150623/39/hvd.32044037979440/032.png"; bbox 0 0 4030 6408; ppageno 0'>
   <div class='ocr_carea' id='block_1_1' title="bbox 315 302 3534 386">
    <p class='ocr_par' dir='ltr' id='par_1_1' title="bbox 315 302 3534 386">
     <span class='ocr_line' id='line_1_1' title="bbox 315 302 3534 386; baseline 0 -2"><span class='ocrx_word' id='word_1_1' title='bbox 315 335 372 385; x_wconf 69' lang='lat' dir='ltr'><strong>is</strong></span> <span class='ocrx_word' id='word_1_2' title='bbox 1400 326 1657 386; x_wconf 75' lang='lat' dir='ltr'><strong>onmo</strong></span> <span class='ocrx_word' id='word_1_3' title='bbox 1695 326 1761 380; x_wconf 82' lang='lat' dir='ltr'><strong>IN</strong></span> <span class='ocrx_word' id='word_1_4' title='bbox 1800 324 2176 382; x_wconf 79' lang='lat' dir='ltr'><strong>occunsuu</strong></span> <span class='ocrx_word' id='word_1_5' title='bbox 2218 324 2472 383; x_wconf 75' lang='lat' dir='ltr'><strong>DOMINI.</strong></span> <span class='ocrx_word' id='word_1_6' title='bbox 3041 302 3056 312; x_wconf 88' lang='grc'><em>’</em></span> <span class='ocrx_word' id='word_1_7' title='bbox 3463 329 3534 386; x_wconf 74' lang='grc' dir='ltr'>ιδ</span> 
     </span>
    </p>
   </div>
   <div class='ocr_carea' id='block_1_2' title="bbox 313 405 1884 522">
    <p class='ocr_par' dir='ltr' id='par_1_2' title="bbox 313 448 1874 522">
     <span class='ocr_line' id='line_1_2' title="bbox 313 448 1874 522; baseline -0.01 -6"><span class='ocrx_word' id='word_1_8' title='bbox 313 454 378 518; x_wconf 72' lang='grc' dir='ltr'><strong>ὡς</strong></span> <span class='ocrx_word' id='word_1_9' title='bbox 399 451 500 521; x_wconf 81' lang='grc' dir='ltr'>τῆς</span> <span class='ocrx_word' id='word_1_10' title='bbox 525 449 870 522; x_wconf 74' lang='grc' dir='ltr'><strong>ἀνθρωπίνης</strong></span> <span class='ocrx_word' id='word_1_11' title='bbox 898 448 1064 514; x_wconf 73' lang='grc' dir='ltr'>ἕξεως</span> <span class='ocrx_word' id='word_1_12' title='bbox 1095 450 1361 521; x_wconf 80' lang='grc' dir='ltr'>ἁνωτερα,</span> <span class='ocrx_word' id='word_1_13' title='bbox 1396 449 1471 513; x_wconf 77' lang='grc' dir='ltr'>ὡς</span> <span class='ocrx_word' id='word_1_14' title='bbox 1503 449 1610 502; x_wconf 83' lang='grc' dir='ltr'>τῶν</span> <span class='ocrx_word' id='word_1_15' title='bbox 1639 451 1874 516; x_wconf 76' lang='grc' dir='ltr'>ἐπαναγ-</span> 
     </span>
    </p>
   </div>
   <div class='ocr_carea' id='block_1_3' title="bbox 1986 405 3537 522">
    <p class='ocr_par' dir='ltr' id='par_1_3' title="bbox 1986 444 3537 514">
     <span class='ocr_line' id='line_1_3' title="bbox 1986 444 3537 514; baseline 0.001 -16"><span class='ocrx_word' id='word_1_16' title='bbox 1986 455 2150 498; x_wconf 87' lang='lat' dir='ltr'><strong>lorum</strong></span> <span class='ocrx_word' id='word_1_17' title='bbox 2191 447 2371 507; x_wconf 83' lang='lat' dir='ltr'><strong>decus,</strong></span> <span class='ocrx_word' id='word_1_18' title='bbox 2399 455 2455 498; x_wconf 92' lang='lat' dir='ltr'><strong>ut</strong></span> <span class='ocrx_word' id='word_1_19' title='bbox 2493 445 2740 514; x_wconf 85' lang='lat' dir='ltr'><strong>superior</strong></span> <span class='ocrx_word' id='word_1_20' title='bbox 2768 445 3005 500; x_wconf 85' lang='lat' dir='ltr'><strong>humano</strong></span> <span class='ocrx_word' id='word_1_21' title='bbox 3044 444 3226 500; x_wconf 84' lang='lat' dir='ltr'><strong>habitu</strong></span> <span class='ocrx_word' id='word_1_22' title='bbox 3259 453 3314 500; x_wconf 91' lang='lat' dir='ltr'><strong>et</strong></span> <span class='ocrx_word' id='word_1_23' title='bbox 3368 447 3537 514; x_wconf 79' lang='lat' dir='ltr'><strong>quali-</strong></span> 
     </span>
    </p>
   </div>
   <div class='ocr_carea' id='block_1_4' title="bbox 314 540 1876 612">
    <p class='ocr_par' dir='ltr' id='par_1_4' title="bbox 314 540 1876 612">
     <span class='ocr_line' id='line_1_4' title="bbox 314 540 1876 612; baseline -0.003 -14"><span class='ocrx_word' id='word_1_24' title='bbox 314 543 612 598; x_wconf 81' lang='grc' dir='ltr'>καιοπαθῶν</span> <span class='ocrx_word' id='word_1_25' title='bbox 639 543 909 612; x_wconf 79' lang='grc' dir='ltr'>ἐλευθέρα</span> <span class='ocrx_word' id='word_1_26' title='bbox 939 543 1071 608; x_wconf 79' lang='grc'><strong>(15),</strong></span> <span class='ocrx_word' id='word_1_27' title='bbox 1101 542 1176 606; x_wconf 82' lang='grc' dir='ltr'>ὡς</span> <span class='ocrx_word' id='word_1_28' title='bbox 1203 540 1615 594; x_wconf 82' lang='grc' dir='ltr'>συνεισελθοῦσα</span> <span class='ocrx_word' id='word_1_29' title='bbox 1641 542 1720 612; x_wconf 82' lang='grc' dir='ltr'>τῷ</span> <span class='ocrx_word' id='word_1_30' title='bbox 1744 560 1876 612; x_wconf 79' lang='grc' dir='ltr'>νυμ-</span> 
     </span>
    </p>
   </div>
   <div class='ocr_carea' id='block_1_5' title="bbox 312 631 1873 703">
    <p class='ocr_par' dir='ltr' id='par_1_5' title="bbox 312 631 1873 703">
     <span class='ocr_line' id='line_1_5' title="bbox 312 631 1873 703; baseline 0.001 -18"><span class='ocrx_word' id='word_1_31' title='bbox 312 635 405 703; x_wconf 78' lang='grc' dir='ltr'><strong>φίῳ</strong></span> <span class='ocrx_word' id='word_1_32' title='bbox 431 632 652 703; x_wconf 80' lang='grc' dir='ltr'>Χριστῷ</span> <span class='ocrx_word' id='word_1_33' title='bbox 692 633 772 694; x_wconf 83' lang='grc' dir='ltr'><strong>εἰς</strong></span> <span class='ocrx_word' id='word_1_34' title='bbox 797 632 886 684; x_wconf 85' lang='grc' dir='ltr'><strong>τὸν</strong></span> <span class='ocrx_word' id='word_1_35' title='bbox 910 632 1148 702; x_wconf 79' lang='grc' dir='ltr'>θάλαμον</span> <span class='ocrx_word' id='word_1_36' title='bbox 1175 632 1274 701; x_wconf 80' lang='grc' dir='ltr'>τῆς</span> <span class='ocrx_word' id='word_1_37' title='bbox 1301 631 1546 702; x_wconf 86' lang='grc' dir='ltr'>οὐρανῶν</span> <span class='ocrx_word' id='word_1_38' title='bbox 1577 632 1873 702; x_wconf 80' lang='grc' dir='ltr'>βασιλείας.</span> 
     </span>
    </p>
   </div>
   <div class='ocr_carea' id='block_1_6' title="bbox 312 722 1878 795">
    <p class='ocr_par' dir='ltr' id='par_1_6' title="bbox 312 722 1878 795">
     <span class='ocr_line' id='line_1_6' title="bbox 312 722 1878 795; baseline 0.001 -20"><span class='ocrx_word' id='word_1_39' title='bbox 312 725 407 775; x_wconf 80' lang='grc' dir='ltr'>Καὶ</span> <span class='ocrx_word' id='word_1_40' title='bbox 439 723 507 775; x_wconf 77' lang='grc' dir='ltr'>τὰ</span> <span class='ocrx_word' id='word_1_41' title='bbox 541 723 639 790; x_wconf 82' lang='grc' dir='ltr'>μὲν</span> <span class='ocrx_word' id='word_1_42' title='bbox 673 724 773 793; x_wconf 79' lang='grc' dir='ltr'>τῆς</span> <span class='ocrx_word' id='word_1_43' title='bbox 807 723 1102 795; x_wconf 79' lang='grc' dir='ltr'>παρθενίας</span> <span class='ocrx_word' id='word_1_44' title='bbox 1139 722 1290 793; x_wconf 84' lang='grc' dir='ltr'>κλέη,</span> <span class='ocrx_word' id='word_1_45' title='bbox 1317 723 1510 788; x_wconf 76' lang='grc' dir='ltr'>ταῦτα,</span> <span class='ocrx_word' id='word_1_46' title='bbox 1551 725 1645 777; x_wconf 77' lang='grc' dir='ltr'>καὶ</span> <span class='ocrx_word' id='word_1_47' title='bbox 1672 723 1740 776; x_wconf 76' lang='grc' dir='ltr'><strong>τὰ</strong></span> <span class='ocrx_word' id='word_1_48' title='bbox 1772 742 1878 777; x_wconf 86' lang='grc' dir='ltr'>πα-</span> 
     </span>
    </p>
   </div>
   <div class='ocr_carea' id='block_1_7' title="bbox 313 813 1876 886">
    <p class='ocr_par' dir='ltr' id='par_1_7' title="bbox 313 813 1876 886">
     <span class='ocr_line' id='line_1_7' title="bbox 313 813 1876 886; baseline 0.001 -19"><span class='ocrx_word' id='word_1_49' title='bbox 313 814 578 886; x_wconf 79' lang='grc' dir='ltr'>ραπλήσια</span> <span class='ocrx_word' id='word_1_50' title='bbox 633 813 872 866; x_wconf 80' lang='grc' dir='ltr'>τούτων·</span> <span class='ocrx_word' id='word_1_51' title='bbox 930 814 958 865; x_wconf 87' lang='grc' dir='ltr'>ὁ</span> <span class='ocrx_word' id='word_1_52' title='bbox 1004 814 1060 866; x_wconf 81' lang='grc' dir='ltr'>δὲ</span> <span class='ocrx_word' id='word_1_53' title='bbox 1110 814 1287 883; x_wconf 84' lang='grc' dir='ltr'>τίμιος</span> <span class='ocrx_word' id='word_1_54' title='bbox 1342 815 1518 884; x_wconf 85' lang='grc' dir='ltr'><strong>γάμος</strong></span> <span class='ocrx_word' id='word_1_55' title='bbox 1561 815 1876 884; x_wconf 82' lang='grc' dir='ltr'>ὑπέρκειται</span> 
     </span>
    </p>
   </div>
   <div class='ocr_carea' id='block_1_8' title="bbox 311 903 1877 977">
    <p class='ocr_par' dir='ltr' id='par_1_8' title="bbox 311 903 1877 977">
     <span class='ocr_line' id='line_1_8' title="bbox 311 903 1877 977; baseline 0.001 -20"><span class='ocrx_word' id='word_1_56' title='bbox 311 905 497 968; x_wconf 80' lang='grc' dir='ltr'>παντὸς</span> <span class='ocrx_word' id='word_1_57' title='bbox 546 903 720 973; x_wconf 79' lang='grc' dir='ltr'>δώρου</span> <span class='ocrx_word' id='word_1_58' title='bbox 773 904 984 974; x_wconf 78' lang='grc' dir='ltr'>γηΐνου,</span> <span class='ocrx_word' id='word_1_59' title='bbox 1033 903 1106 968; x_wconf 84' lang='grc' dir='ltr'>ὼς</span> <span class='ocrx_word' id='word_1_60' title='bbox 1171 904 1447 975; x_wconf 81' lang='grc' dir='ltr'>ἔγκαρπον</span> <span class='ocrx_word' id='word_1_61' title='bbox 1509 905 1744 977; x_wconf 84' lang='grc' dir='ltr'>δένδρον,</span> <span class='ocrx_word' id='word_1_62' title='bbox 1803 907 1877 968; x_wconf 81' lang='grc' dir='ltr'>ὡς</span> 
     </span>
    </p>
   </div>
   <div class='ocr_carea' id='block_1_9' title="bbox 310 995 1876 1067">
    <p class='ocr_par' dir='ltr' id='par_1_9' title="bbox 310 995 1876 1067">
     <span class='ocr_line' id='line_1_9' title="bbox 310 995 1876 1067; baseline -0.003 -15"><span class='ocrx_word' id='word_1_63' title='bbox 310 1000 510 1052; x_wconf 81' lang='grc' dir='ltr'>ἀστεῖον</span> <span class='ocrx_word' id='word_1_64' title='bbox 539 1001 730 1064; x_wconf 71' lang='grc' dir='ltr'>φυτὸν,</span> <span class='ocrx_word' id='word_1_65' title='bbox 763 997 837 1059; x_wconf 82' lang='grc' dir='ltr'>ὡς</span> <span class='ocrx_word' id='word_1_66' title='bbox 886 996 1011 1066; x_wconf 73' lang='grc' dir='ltr'>ῥίζα</span> <span class='ocrx_word' id='word_1_67' title='bbox 1051 997 1150 1066; x_wconf 77' lang='grc' dir='ltr'>τῆς</span> <span class='ocrx_word' id='word_1_68' title='bbox 1189 995 1506 1067; x_wconf 75' lang='grc' dir='ltr'>παρθενίας,</span> <span class='ocrx_word' id='word_1_69' title='bbox 1537 997 1612 1060; x_wconf 88' lang='grc' dir='ltr'>ὠς</span> <span class='ocrx_word' id='word_1_70' title='bbox 1637 997 1876 1066; x_wconf 77' lang='grc' dir='ltr'>γεωργὸς</span> 
     </span>
    </p>
   </div>
   <div class='ocr_carea' id='block_1_10' title="bbox 308 1088 1878 1160">
    <p class='ocr_par' dir='ltr' id='par_1_10' title="bbox 308 1088 1878 1160">
     <span class='ocr_line' id='line_1_10' title="bbox 308 1088 1878 1160; baseline 0.001 -18"><span class='ocrx_word' id='word_1_71' title='bbox 308 1090 406 1142; x_wconf 86' lang='grc' dir='ltr'><strong>τῶν</strong></span> <span class='ocrx_word' id='word_1_72' title='bbox 459 1088 693 1157; x_wconf 81' lang='grc' dir='ltr'>λογικῶν</span> <span class='ocrx_word' id='word_1_73' title='bbox 733 1089 827 1141; x_wconf 80' lang='grc' dir='ltr'>καὶ</span> <span class='ocrx_word' id='word_1_74' title='bbox 858 1088 1114 1159; x_wconf 72' lang='grc' dir='ltr'>ἐμψύχων</span> <span class='ocrx_word' id='word_1_75' title='bbox 1153 1088 1381 1152; x_wconf 75' lang='grc' dir='ltr'>κλάδων,</span> <span class='ocrx_word' id='word_1_76' title='bbox 1412 1090 1487 1152; x_wconf 83' lang='grc' dir='ltr'>ὡς</span> <span class='ocrx_word' id='word_1_77' title='bbox 1531 1089 1744 1158; x_wconf 79' lang='grc' dir='ltr'>εὐλογία</span> <span class='ocrx_word' id='word_1_78' title='bbox 1782 1092 1878 1160; x_wconf 82' lang='grc' dir='ltr'><strong>τῆς</strong></span> 
     </span>
    </p>
   </div>
   <div class='ocr_carea' id='block_1_11' title="bbox 308 1180 1876 1252">
    <p class='ocr_par' dir='ltr' id='par_1_11' title="bbox 308 1180 1876 1252">
     <span class='ocr_line' id='line_1_11' title="bbox 308 1180 1876 1252; baseline -0.001 -17"><span class='ocrx_word' id='word_1_79' title='bbox 308 1183 389 1235; x_wconf 76' lang='grc' dir='ltr'><strong>τοῦ</strong></span> <span class='ocrx_word' id='word_1_80' title='bbox 420 1182 626 1250; x_wconf 67' lang='grc' dir='ltr'>κὰσμου</span> <span class='ocrx_word' id='word_1_81' title='bbox 661 1181 958 1248; x_wconf 76' lang='grc' dir='ltr'>αὐξήσεως,</span> <span class='ocrx_word' id='word_1_82' title='bbox 981 1180 1056 1242; x_wconf 86' lang='grc' dir='ltr'>ὡς</span> <span class='ocrx_word' id='word_1_83' title='bbox 1095 1182 1407 1252; x_wconf 81' lang='grc' dir='ltr'>παρήγορος</span> <span class='ocrx_word' id='word_1_84' title='bbox 1439 1181 1533 1233; x_wconf 76' lang='grc' dir='ltr'>τοῦ</span> <span class='ocrx_word' id='word_1_85' title='bbox 1562 1181 1773 1249; x_wconf 79' lang='grc' dir='ltr'>γένους,</span> <span class='ocrx_word' id='word_1_86' title='bbox 1801 1183 1876 1243; x_wconf 84' lang='grc' dir='ltr'>ὼς</span> 
     </span>
    </p>
   </div>
   <div class='ocr_carea' id='block_1_12' title="bbox 308 1268 1880 1342">
    <p class='ocr_par' dir='ltr' id='par_1_12' title="bbox 308 1268 1880 1342">
     <span class='ocr_line' id='line_1_12' title="bbox 308 1268 1880 1342; baseline -0.001 -18"><span class='ocrx_word' id='word_1_87' title='bbox 308 1271 628 1342; x_wconf 75' lang='grc' dir='ltr'>δημιουργὸς</span> <span class='ocrx_word' id='word_1_88' title='bbox 654 1271 751 1339; x_wconf 76' lang='grc' dir='ltr'><strong>τῆς</strong></span> <span class='ocrx_word' id='word_1_89' title='bbox 777 1268 1213 1340; x_wconf 71' lang='grc' dir='ltr'>ἀνθρωπὸτητος,</span> <span class='ocrx_word' id='word_1_90' title='bbox 1251 1270 1326 1332; x_wconf 84' lang='grc' dir='ltr'>ὡς</span> <span class='ocrx_word' id='word_1_91' title='bbox 1370 1271 1467 1340; x_wconf 83' lang='grc' dir='ltr'>τῆς</span> <span class='ocrx_word' id='word_1_92' title='bbox 1510 1269 1696 1340; x_wconf 78' lang='grc' dir='ltr'>θεῐκῆς</span> <span class='ocrx_word' id='word_1_93' title='bbox 1741 1273 1880 1324; x_wconf 69' lang='grc' dir='ltr'>εἰκό-</span> 
     </span>
    </p>
   </div>
   <div class='ocr_carea' id='block_1_13' title="bbox 311 1359 1876 1431">
    <p class='ocr_par' dir='ltr' id='par_1_13' title="bbox 311 1359 1876 1431">
     <span class='ocr_line' id='line_1_13' title="bbox 311 1359 1876 1431; baseline -0.001 -16"><span class='ocrx_word' id='word_1_94' title='bbox 311 1380 387 1424; x_wconf 78' lang='grc' dir='ltr'><strong>νος</strong></span> <span class='ocrx_word' id='word_1_95' title='bbox 405 1361 720 1430; x_wconf 62' lang='grc' dir='ltr'>ζωγράφος,</span> <span class='ocrx_word' id='word_1_96' title='bbox 747 1360 816 1422; x_wconf 77' lang='grc' dir='ltr'>ὡς</span> <span class='ocrx_word' id='word_1_97' title='bbox 839 1360 928 1411; x_wconf 76' lang='grc' dir='ltr'><strong>τὸν</strong></span> <span class='ocrx_word' id='word_1_98' title='bbox 956 1361 1229 1428; x_wconf 76' lang='grc' dir='ltr'>Δεσπότην</span> <span class='ocrx_word' id='word_1_99' title='bbox 1253 1359 1577 1427; x_wconf 80' lang='grc' dir='ltr'>εὐλογοῦντα</span> <span class='ocrx_word' id='word_1_100' title='bbox 1607 1378 1772 1431; x_wconf 79' lang='grc' dir='ltr'>κεκτη</span> <span class='ocrx_word' id='word_1_101' title='bbox 1783 1363 1876 1430; x_wconf 78' lang='grc' dir='ltr'><strong>μὲ-</strong></span> 
     </span>
    </p>
   </div>
   <div class='ocr_carea' id='block_1_14' title="bbox 309 1447 1880 1519">
    <p class='ocr_par' dir='ltr' id='par_1_14' title="bbox 309 1447 1880 1519">
     <span class='ocr_line' id='line_1_14' title="bbox 309 1447 1880 1519; baseline 0.001 -18"><span class='ocrx_word' id='word_1_102' title='bbox 309 1467 406 1512; x_wconf 85' lang='grc' dir='ltr'>νος,</span> <span class='ocrx_word' id='word_1_103' title='bbox 430 1449 508 1511; x_wconf 80' lang='grc' dir='ltr'>ὡς</span> <span class='ocrx_word' id='word_1_104' title='bbox 535 1449 710 1501; x_wconf 68' lang='grc' dir='ltr'>πάντα</span> <span class='ocrx_word' id='word_1_105' title='bbox 743 1447 833 1499; x_wconf 83' lang='grc' dir='ltr'><strong>τὸν</strong></span> <span class='ocrx_word' id='word_1_106' title='bbox 855 1447 1058 1516; x_wconf 80' lang='grc' dir='ltr'>κόσμον</span> <span class='ocrx_word' id='word_1_107' title='bbox 1086 1447 1269 1518; x_wconf 76' lang='grc' dir='ltr'>φέρειν</span> <span class='ocrx_word' id='word_1_108' title='bbox 1303 1447 1607 1519; x_wconf 82' lang='grc' dir='ltr'>δεχόμενος,</span> <span class='ocrx_word' id='word_1_109' title='bbox 1647 1450 1721 1514; x_wconf 83' lang='grc' dir='ltr'><strong>ὡς</strong></span> <span class='ocrx_word' id='word_1_110' title='bbox 1740 1451 1880 1502; x_wconf 82' lang='grc' dir='ltr'>ὲκεί-</span> 
     </span>
    </p>
   </div>
   <div class='ocr_carea' id='block_1_15' title="bbox 309 1537 1877 1610">
    <p class='ocr_par' dir='ltr' id='par_1_15' title="bbox 309 1537 1877 1610">
     <span class='ocr_line' id='line_1_15' title="bbox 309 1537 1877 1610; baseline 0 -18"><span class='ocrx_word' id='word_1_111' title='bbox 309 1558 376 1610; x_wconf 83' lang='grc' dir='ltr'><strong>νῳ</strong></span> <span class='ocrx_word' id='word_1_112' title='bbox 415 1539 834 1607; x_wconf 71' lang='grc' dir='ltr'>πολιτευόμενος</span> <span class='ocrx_word' id='word_1_113' title='bbox 861 1537 971 1606; x_wconf 87' lang='grc'><strong>(16)</strong></span> <span class='ocrx_word' id='word_1_114' title='bbox 1009 1537 1068 1590; x_wconf 82' lang='grc' dir='ltr'>ὃν</span> <span class='ocrx_word' id='word_1_115' title='bbox 1129 1539 1221 1590; x_wconf 69' lang='grc' dir='ltr'>καὶ</span> <span class='ocrx_word' id='word_1_116' title='bbox 1269 1538 1679 1610; x_wconf 76' lang='grc' dir='ltr'>ὲνανθρωπῆσαι</span> <span class='ocrx_word' id='word_1_117' title='bbox 1728 1541 1877 1593; x_wconf 80' lang='grc' dir='ltr'>ἐδυσ-</span> 
     </span>
    </p>
   </div>
   <div class='ocr_carea' id='block_1_16' title="bbox 310 1629 1875 1702">
    <p class='ocr_par' dir='ltr' id='par_1_16' title="bbox 310 1629 1875 1702">
     <span class='ocr_line' id='line_1_16' title="bbox 310 1629 1875 1702; baseline 0 -20"><span class='ocrx_word' id='word_1_118' title='bbox 310 1631 549 1699; x_wconf 72' lang='grc' dir='ltr'>ὡπησεν,</span> <span class='ocrx_word' id='word_1_119' title='bbox 573 1630 647 1692; x_wconf 78' lang='grc' dir='ltr'>ὡς</span> <span class='ocrx_word' id='word_1_120' title='bbox 677 1630 970 1700; x_wconf 78' lang='grc' dir='ltr'>δυνάμενος</span> <span class='ocrx_word' id='word_1_121' title='bbox 992 1629 1169 1697; x_wconf 83' lang='grc' dir='ltr'>λέγειν</span> <span class='ocrx_word' id='word_1_122' title='bbox 1201 1630 1336 1700; x_wconf 79' lang='grc' dir='ltr'>μετὰ</span> <span class='ocrx_word' id='word_1_123' title='bbox 1363 1633 1686 1702; x_wconf 76' lang='grc' dir='ltr'>παρρησίας.</span> <span class='ocrx_word' id='word_1_124' title='bbox 1713 1633 1875 1696; x_wconf 70' lang='grc' dir='ltr'>Ἰδοὺ,</span> 
     </span>
    </p>
   </div>
   <div class='ocr_carea' id='block_1_17' title="bbox 311 1722 1878 1797">
    <p class='ocr_par' dir='ltr' id='par_1_17' title="bbox 311 1722 1878 1797">
     <span class='ocr_line' id='line_1_17' title="bbox 311 1722 1878 1797; baseline 0.002 -22"><span class='ocrx_word' id='word_1_125' title='bbox 311 1725 413 1790; x_wconf 67' lang='grc' dir='ltr'><strong>ἐγὼ</strong></span> <span class='ocrx_word' id='word_1_126' title='bbox 449 1724 550 1776; x_wconf 77' lang='grc' dir='ltr'>καὶ</span> <span class='ocrx_word' id='word_1_127' title='bbox 599 1724 670 1776; x_wconf 82' lang='grc' dir='ltr'>τὰ</span> <span class='ocrx_word' id='word_1_128' title='bbox 706 1722 930 1785; x_wconf 77' lang='grc' dir='ltr'>παιδία,</span> <span class='ocrx_word' id='word_1_129' title='bbox 964 1722 1001 1776; x_wconf 83' lang='grc' dir='ltr'><em>ἅ</em></span> <span class='ocrx_word' id='word_1_130' title='bbox 1024 1741 1122 1791; x_wconf 83' lang='grc' dir='ltr'>μοι</span> <span class='ocrx_word' id='word_1_131' title='bbox 1152 1723 1376 1777; x_wconf 78' lang='grc' dir='ltr'>ἔδωκεν</span> <span class='ocrx_word' id='word_1_132' title='bbox 1408 1728 1440 1777; x_wconf 84' lang='grc' dir='ltr'><em>ό</em></span> <span class='ocrx_word' id='word_1_133' title='bbox 1471 1727 1632 1790; x_wconf 85' lang='grc' dir='ltr'>Θεός.</span> <span class='ocrx_word' id='word_1_134' title='bbox 1659 1726 1878 1797; x_wconf 82' lang='grc' dir='ltr'>Περίε).ε</span> 
     </span>
    </p>
   </div>
   <div class='ocr_carea' id='block_1_18' title="bbox 308 1795 1952 1886">
    <p class='ocr_par' dir='ltr' id='par_1_18' title="bbox 308 1795 1952 1886">
     <span class='ocr_line' id='line_1_18' title="bbox 308 1795 1952 1886; baseline 0.002 -20"><span class='ocrx_word' id='word_1_135' title='bbox 308 1818 388 1867; x_wconf 70' lang='grc' dir='ltr'>τὸν</span> <span class='ocrx_word' id='word_1_136' title='bbox 417 1817 604 1886; x_wconf 86' lang='grc' dir='ltr'>τίμιον</span> <span class='ocrx_word' id='word_1_137' title='bbox 627 1816 824 1884; x_wconf 80' lang='grc' dir='ltr'>γάμον,</span> <span class='ocrx_word' id='word_1_138' title='bbox 850 1817 942 1868; x_wconf 75' lang='grc' dir='ltr'><strong>καὶ</strong></span> <span class='ocrx_word' id='word_1_139' title='bbox 969 1817 1070 1868; x_wconf 76' lang='grc' dir='ltr'>ποῦ</span> <span class='ocrx_word' id='word_1_140' title='bbox 1093 1817 1163 1867; x_wconf 83' lang='grc' dir='ltr'><strong>εὐ</strong></span> <span class='ocrx_word' id='word_1_141' title='bbox 1175 1817 1358 1885; x_wconf 83' lang='grc' dir='ltr'>ρήσεις</span> <span class='ocrx_word' id='word_1_142' title='bbox 1382 1815 1442 1868; x_wconf 84' lang='grc' dir='ltr'><strong>τὸ</strong></span> <span class='ocrx_word' id='word_1_143' title='bbox 1469 1817 1565 1886; x_wconf 84' lang='grc' dir='ltr'>τῆς</span> <span class='ocrx_word' id='word_1_144' title='bbox 1588 1817 1880 1886; x_wconf 80' lang='grc' dir='ltr'>παρθενίας</span> <span class='ocrx_word' id='word_1_145' title='bbox 1916 1795 1952 1846; x_wconf 68' lang='grc' dir='ltr'><strong>Β</strong></span> 
     </span>
    </p>
   </div>
   <div class='ocr_carea' id='block_1_19' title="bbox 311 1906 1882 1980">
    <p class='ocr_par' dir='ltr' id='par_1_19' title="bbox 311 1906 1882 1980">
     <span class='ocr_line' id='line_1_19' title="bbox 311 1906 1882 1980; baseline 0.003 -22"><span class='ocrx_word' id='word_1_146' title='bbox 311 1906 455 1970; x_wconf 71' lang='grc' dir='ltr'>ἄνθος</span> <span class='ocrx_word' id='word_1_147' title='bbox 475 1923 490 1937; x_wconf 90' lang='grc'>·</span> <span class='ocrx_word' id='word_1_148' title='bbox 526 1906 680 1958; x_wconf 77' lang='grc' dir='ltr'>ἐνθεν</span> <span class='ocrx_word' id='word_1_149' title='bbox 705 1908 813 1977; x_wconf 65' lang='grc' dir='ltr'>γὰγ·</span> <span class='ocrx_word' id='word_1_150' title='bbox 851 1908 944 1959; x_wconf 70' lang='grc' dir='ltr'><strong>καὶ</strong></span> <span class='ocrx_word' id='word_1_151' title='bbox 973 1908 1069 1958; x_wconf 84' lang='grc' dir='ltr'><strong>οὐκ</strong></span> <span class='ocrx_word' id='word_1_152' title='bbox 1100 1906 1339 1970; x_wconf 81' lang='grc' dir='ltr'>ἄλλοθεν,</span> <span class='ocrx_word' id='word_1_153' title='bbox 1377 1907 1437 1960; x_wconf 84' lang='grc' dir='ltr'><strong>τὸ</strong></span> <span class='ocrx_word' id='word_1_154' title='bbox 1469 1908 1566 1977; x_wconf 78' lang='grc' dir='ltr'>τῆς</span> <span class='ocrx_word' id='word_1_155' title='bbox 1590 1909 1882 1980; x_wconf 82' lang='grc' dir='ltr'>παρθενίας</span> 
     </span>
    </p>
   </div>
   <div class='ocr_carea' id='block_1_20' title="bbox 309 1997 1882 2071">
    <p class='ocr_par' dir='ltr' id='par_1_20' title="bbox 309 1997 1882 2071">
     <span class='ocr_line' id='line_1_20' title="bbox 309 1997 1882 2071; baseline 0.003 -21"><span class='ocrx_word' id='word_1_156' title='bbox 309 1997 455 2061; x_wconf 79' lang='grc' dir='ltr'>ἄνθος</span> <span class='ocrx_word' id='word_1_157' title='bbox 493 1999 841 2066; x_wconf 73' lang='grc' dir='ltr'>ἁναλέ-τεται.</span> <span class='ocrx_word' id='word_1_158' title='bbox 889 1999 1070 2052; x_wconf 78' lang='grc' dir='ltr'>Ταῦτα</span> <span class='ocrx_word' id='word_1_159' title='bbox 1097 2000 1152 2053; x_wconf 78' lang='grc' dir='ltr'>δὲ</span> <span class='ocrx_word' id='word_1_160' title='bbox 1192 2000 1461 2068; x_wconf 83' lang='grc' dir='ltr'>λέγοντες,</span> <span class='ocrx_word' id='word_1_161' title='bbox 1491 2003 1783 2071; x_wconf 72' lang='grc' dir='ltr'>ἀγαπητοὶ.</span> <span class='ocrx_word' id='word_1_162' title='bbox 1822 2005 1882 2056; x_wconf 89' lang='grc' dir='ltr'><strong>οὐ</strong></span> 
     </span>
    </p>
   </div>
   <div class='ocr_carea' id='block_1_21' title="bbox 313 2093 1880 2164">
    <p class='ocr_par' dir='ltr' id='par_1_21' title="bbox 313 2093 1880 2164">
     <span class='ocr_line' id='line_1_21' title="bbox 313 2093 1880 2164; baseline 0.004 -20"><span class='ocrx_word' id='word_1_163' title='bbox 313 2095 483 2163; x_wconf 72' lang='grc' dir='ltr'>μάχην</span> <span class='ocrx_word' id='word_1_164' title='bbox 540 2093 1014 2162; x_wconf 72' lang='grc' dir='ltr'>παρεισϐἀλλομεν</span> <span class='ocrx_word' id='word_1_165' title='bbox 1075 2093 1276 2162; x_wconf 78' lang='grc' dir='ltr'>μεταξὺ</span> <span class='ocrx_word' id='word_1_166' title='bbox 1331 2093 1626 2164; x_wconf 84' lang='grc' dir='ltr'>παρθενίας</span> <span class='ocrx_word' id='word_1_167' title='bbox 1661 2097 1753 2148; x_wconf 76' lang='grc' dir='ltr'><strong>καὶ</strong></span> <span class='ocrx_word' id='word_1_168' title='bbox 1781 2098 1880 2164; x_wconf 87' lang='grc' dir='ltr'><strong>γά-</strong></span> 
     </span>
    </p>
   </div>
   <div class='ocr_carea' id='block_1_22' title="bbox 310 2183 1879 2257">
    <p class='ocr_par' dir='ltr' id='par_1_22' title="bbox 310 2183 1879 2257">
     <span class='ocr_line' id='line_1_22' title="bbox 310 2183 1879 2257; baseline 0.003 -22"><span class='ocrx_word' id='word_1_169' title='bbox 310 2199 436 2252; x_wconf 80' lang='grc' dir='ltr'>μου·</span> <span class='ocrx_word' id='word_1_170' title='bbox 491 2185 566 2236; x_wconf 71' lang='grc' dir='ltr'>τὰ</span> <span class='ocrx_word' id='word_1_171' title='bbox 620 2184 855 2253; x_wconf 73' lang='grc' dir='ltr'>ἑκάτερα</span> <span class='ocrx_word' id='word_1_172' title='bbox 904 2183 959 2235; x_wconf 82' lang='grc' dir='ltr'><strong>δὲ</strong></span> <span class='ocrx_word' id='word_1_173' title='bbox 1011 2183 1086 2246; x_wconf 83' lang='grc' dir='ltr'>ὡς</span> <span class='ocrx_word' id='word_1_174' title='bbox 1134 2183 1464 2254; x_wconf 73' lang='grc' dir='ltr'>ἁλληλόχρεα</span> <span class='ocrx_word' id='word_1_175' title='bbox 1511 2185 1879 2257; x_wconf 79' lang='grc' dir='ltr'>θαυμάζομεν.</span> 
     </span>
    </p>
   </div>
   <div class='ocr_carea' id='block_1_23' title="bbox 318 2273 1886 2350">
    <p class='ocr_par' dir='ltr' id='par_1_23' title="bbox 318 2273 1886 2350">
     <span class='ocr_line' id='line_1_23' title="bbox 318 2273 1886 2350; baseline 0.003 -24"><span class='ocrx_word' id='word_1_176' title='bbox 318 2275 532 2345; x_wconf 73' lang='grc' dir='ltr'>Ἐπειδὴ</span> <span class='ocrx_word' id='word_1_177' title='bbox 590 2273 699 2326; x_wconf 79' lang='grc' dir='ltr'><strong>τῶν</strong></span> <span class='ocrx_word' id='word_1_178' title='bbox 755 2275 1030 2342; x_wconf 77' lang='grc' dir='ltr'>ἑκατέρων</span> <span class='ocrx_word' id='word_1_179' title='bbox 1072 2277 1100 2326; x_wconf 86' lang='grc' dir='ltr'><strong>ὁ</strong></span> <span class='ocrx_word' id='word_1_180' title='bbox 1131 2276 1404 2344; x_wconf 76' lang='grc' dir='ltr'><strong>Δεσπότης</strong></span> <span class='ocrx_word' id='word_1_181' title='bbox 1453 2278 1547 2330; x_wconf 78' lang='grc' dir='ltr'><strong>καὶ</strong></span> <span class='ocrx_word' id='word_1_182' title='bbox 1584 2279 1886 2350; x_wconf 73' lang='grc' dir='ltr'>προνοητὴς</span> 
     </span>
    </p>
   </div>
   <div class='ocr_carea' id='block_1_24' title="bbox 307 2365 1886 2441">
    <p class='ocr_par' dir='ltr' id='par_1_24' title="bbox 307 2365 1886 2441">
     <span class='ocr_line' id='line_1_24' title="bbox 307 2365 1886 2441; baseline 0.004 -25"><span class='ocrx_word' id='word_1_183' title='bbox 307 2367 399 2416; x_wconf 81' lang='grc' dir='ltr'><strong>οὐκ</strong></span> <span class='ocrx_word' id='word_1_184' title='bbox 443 2365 890 2418; x_wconf 76' lang='grc' dir='ltr'>ὰντιταλαντεύει</span> <span class='ocrx_word' id='word_1_185' title='bbox 935 2366 1119 2435; x_wconf 70' lang='grc' dir='ltr'>ἕτερον</span> <span class='ocrx_word' id='word_1_186' title='bbox 1150 2365 1228 2435; x_wconf 80' lang='grc' dir='ltr'><strong>τῷ</strong></span> <span class='ocrx_word' id='word_1_187' title='bbox 1256 2368 1458 2437; x_wconf 78' lang='grc' dir='ltr'>ἑτέρῳ·</span> <span class='ocrx_word' id='word_1_188' title='bbox 1499 2369 1634 2438; x_wconf 68' lang='grc' dir='ltr'>πρὸς</span> <span class='ocrx_word' id='word_1_189' title='bbox 1681 2373 1786 2441; x_wconf 74' lang='grc' dir='ltr'>γὰρ</span> <span class='ocrx_word' id='word_1_190' title='bbox 1820 2370 1886 2423; x_wconf 79' lang='grc' dir='ltr'>τὰ</span> 
     </span>
    </p>
   </div>
   <div class='ocr_carea' id='block_1_25' title="bbox 307 2455 1886 2532">
    <p class='ocr_par' dir='ltr' id='par_1_25' title="bbox 307 2455 1886 2532">
     <span class='ocr_line' id='line_1_25' title="bbox 307 2455 1886 2532; baseline 0.003 -24"><span class='ocrx_word' id='word_1_191' title='bbox 307 2457 537 2526; x_wconf 78' lang='grc' dir='ltr'>ἑκάτερα</span> <span class='ocrx_word' id='word_1_192' title='bbox 584 2457 688 2524; x_wconf 73' lang='grc' dir='ltr'>τῆς</span> <span class='ocrx_word' id='word_1_193' title='bbox 727 2455 1036 2519; x_wconf 75' lang='grc' dir='ltr'>θεοσεϐείας</span> <span class='ocrx_word' id='word_1_194' title='bbox 1065 2455 1245 2524; x_wconf 78' lang='grc' dir='ltr'>ἔχεται</span> <span class='ocrx_word' id='word_1_195' title='bbox 1271 2458 1402 2526; x_wconf 78' lang='grc'><strong>(17).</strong></span> <span class='ocrx_word' id='word_1_196' title='bbox 1434 2459 1594 2511; x_wconf 78' lang='grc' dir='ltr'>Ἀνευ</span> <span class='ocrx_word' id='word_1_197' title='bbox 1643 2462 1750 2532; x_wconf 76' lang='grc' dir='ltr'>γὰρ</span> <span class='ocrx_word' id='word_1_198' title='bbox 1789 2462 1886 2531; x_wconf 78' lang='grc' dir='ltr'>τῆς</span> 
     </span>
    </p>
   </div>
   <div class='ocr_carea' id='block_1_26' title="bbox 306 2547 1885 2622">
    <p class='ocr_par' dir='ltr' id='par_1_26' title="bbox 306 2547 1885 2622">
     <span class='ocr_line' id='line_1_26' title="bbox 306 2547 1885 2622; baseline 0.005 -25"><span class='ocrx_word' id='word_1_199' title='bbox 306 2549 485 2616; x_wconf 76' lang='grc' dir='ltr'>τιμίας</span> <span class='ocrx_word' id='word_1_200' title='bbox 541 2549 640 2600; x_wconf 67' lang='grc' dir='ltr'><strong>καὶ</strong></span> <span class='ocrx_word' id='word_1_201' title='bbox 681 2547 965 2611; x_wconf 76' lang='grc' dir='ltr'>θεοσεϐοῦς</span> <span class='ocrx_word' id='word_1_202' title='bbox 996 2548 1276 2612; x_wconf 78' lang='grc' dir='ltr'>εὐσεϐείας</span> <span class='ocrx_word' id='word_1_203' title='bbox 1317 2550 1426 2620; x_wconf 90' lang='grc'><strong>(18)</strong></span> <span class='ocrx_word' id='word_1_204' title='bbox 1469 2549 1593 2603; x_wconf 80' lang='grc' dir='ltr'>οὐτε</span> <span class='ocrx_word' id='word_1_205' title='bbox 1626 2552 1885 2622; x_wconf 84' lang='grc' dir='ltr'>παρθενία</span> 
     </span>
    </p>
   </div>
   <div class='ocr_carea' id='block_1_27' title="bbox 311 2638 1088 2710">
    <p class='ocr_par' dir='ltr' id='par_1_27' title="bbox 311 2638 1088 2710">
     <span class='ocr_line' id='line_1_27' title="bbox 311 2638 1088 2710; baseline 0.006 -22"><span class='ocrx_word' id='word_1_206' title='bbox 311 2642 502 2710; x_wconf 72' lang='grc' dir='ltr'>σεμνὴ,</span> <span class='ocrx_word' id='word_1_207' title='bbox 533 2638 663 2691; x_wconf 77' lang='grc' dir='ltr'>οὐτε</span> <span class='ocrx_word' id='word_1_208' title='bbox 690 2639 866 2709; x_wconf 81' lang='grc' dir='ltr'>γάμος</span> <span class='ocrx_word' id='word_1_209' title='bbox 891 2638 1088 2709; x_wconf 87' lang='grc' dir='ltr'>τίμιος.</span> 
     </span>
    </p>
   </div>
   <div class='ocr_carea' id='block_1_28' title="bbox 367 2810 1887 2885">
    <p class='ocr_par' dir='ltr' id='par_1_28' title="bbox 367 2810 1887 2885">
     <span class='ocr_line' id='line_1_28' title="bbox 367 2810 1887 2885; baseline 0.004 -23"><span class='ocrx_word' id='word_1_210' title='bbox 367 2812 443 2864; x_wconf 86' lang='lat' dir='ltr'><strong>B&#39;.</strong></span> <span class='ocrx_word' id='word_1_211' title='bbox 468 2810 665 2862; x_wconf 75' lang='grc' dir='ltr'>Ταῦτα</span> <span class='ocrx_word' id='word_1_212' title='bbox 684 2811 737 2862; x_wconf 79' lang='grc' dir='ltr'><strong>δέ</strong></span> <span class='ocrx_word' id='word_1_213' title='bbox 761 2829 846 2882; x_wconf 79' lang='grc' dir='ltr'><strong>μοι</strong></span> <span class='ocrx_word' id='word_1_214' title='bbox 871 2813 925 2863; x_wconf 83' lang='grc' dir='ltr'>ἐν</span> <span class='ocrx_word' id='word_1_215' title='bbox 950 2812 1028 2883; x_wconf 81' lang='grc' dir='ltr'>τῷ</span> <span class='ocrx_word' id='word_1_216' title='bbox 1041 2814 1264 2884; x_wconf 79' lang='grc' dir='ltr'>παρόντι</span> <span class='ocrx_word' id='word_1_217' title='bbox 1284 2812 1424 2884; x_wconf 80' lang='grc' dir='ltr'>λόγῳ</span> <span class='ocrx_word' id='word_1_218' title='bbox 1444 2813 1807 2885; x_wconf 73' lang='grc' dir='ltr'>προήχθη,διὰ</span> <span class='ocrx_word' id='word_1_219' title='bbox 1825 2817 1887 2869; x_wconf 81' lang='grc' dir='ltr'><strong>τὸ</strong></span> 
     </span>
    </p>
   </div>
   <div class='ocr_carea' id='block_1_29' title="bbox 303 2904 1886 2975">
    <p class='ocr_par' dir='ltr' id='par_1_29' title="bbox 303 2904 1886 2975">
     <span class='ocr_line' id='line_1_29' title="bbox 303 2904 1886 2975; baseline 0.004 -23"><span class='ocrx_word' id='word_1_220' title='bbox 303 2904 356 2953; x_wconf 76' lang='grc' dir='ltr'><strong>ἐν</strong></span> <span class='ocrx_word' id='word_1_221' title='bbox 378 2905 455 2973; x_wconf 82' lang='grc' dir='ltr'><strong>τῷ</strong></span> <span class='ocrx_word' id='word_1_222' title='bbox 486 2904 646 2973; x_wconf 72' lang='grc' dir='ltr'>νόμῳ</span> <span class='ocrx_word' id='word_1_223' title='bbox 682 2904 912 2974; x_wconf 66' lang='grc' dir='ltr'>γραφὲν,</span> <span class='ocrx_word' id='word_1_224' title='bbox 948 2906 1040 2957; x_wconf 79' lang='grc' dir='ltr'><strong>καὶ</strong></span> <span class='ocrx_word' id='word_1_225' title='bbox 1061 2907 1118 2956; x_wconf 81' lang='grc' dir='ltr'><strong>ἐν</strong></span> <span class='ocrx_word' id='word_1_226' title='bbox 1150 2907 1212 2974; x_wconf 78' lang='grc' dir='ltr'>τῇ</span> <span class='ocrx_word' id='word_1_227' title='bbox 1245 2905 1422 2975; x_wconf 82' lang='grc' dir='ltr'>χάριτι</span> <span class='ocrx_word' id='word_1_228' title='bbox 1453 2905 1764 2974; x_wconf 78' lang='grc' dir='ltr'>βεϐαιωθὲν,</span> <span class='ocrx_word' id='word_1_229' title='bbox 1793 2908 1886 2959; x_wconf 70' lang='grc' dir='ltr'><strong>καὶ</strong></span> 
     </span>
    </p>
   </div>
   <div class='ocr_carea' id='block_1_30' title="bbox 299 2991 1885 3066">
    <p class='ocr_par' dir='ltr' id='par_1_30' title="bbox 299 2991 1885 3066">
     <span class='ocr_line' id='line_1_30' title="bbox 299 2991 1885 3066; baseline 0.003 -22"><span class='ocrx_word' id='word_1_230' title='bbox 299 2995 532 3046; x_wconf 64' lang='grc' dir='ltr'>καθόλου</span> <span class='ocrx_word' id='word_1_231' title='bbox 585 2991 792 3061; x_wconf 79' lang='grc' dir='ltr'>λεχθὲν,</span> <span class='ocrx_word' id='word_1_232' title='bbox 825 2993 918 3044; x_wconf 69' lang='grc' dir='ltr'>καὶ</span> <span class='ocrx_word' id='word_1_233' title='bbox 951 2992 1175 3046; x_wconf 82' lang='grc' dir='ltr'>καθόλου</span> <span class='ocrx_word' id='word_1_234' title='bbox 1210 2993 1284 3064; x_wconf 84' lang='grc' dir='ltr'><strong>μὴ</strong></span> <span class='ocrx_word' id='word_1_235' title='bbox 1317 2994 1559 3065; x_wconf 81' lang='grc' dir='ltr'>εὑρεθὲν,</span> <span class='ocrx_word' id='word_1_236' title='bbox 1593 2997 1687 3048; x_wconf 75' lang='grc' dir='ltr'><strong>καὶ</strong></span> <span class='ocrx_word' id='word_1_237' title='bbox 1724 2998 1782 3048; x_wconf 85' lang='grc' dir='ltr'>ὲν</span> <span class='ocrx_word' id='word_1_238' title='bbox 1807 2996 1885 3066; x_wconf 81' lang='grc' dir='ltr'><strong>τῷ</strong></span> 
     </span>
    </p>
   </div>
   <div class='ocr_carea' id='block_1_31' title="bbox 299 3082 1884 3156">
    <p class='ocr_par' dir='ltr' id='par_1_31' title="bbox 299 3082 1884 3156">
     <span class='ocr_line' id='line_1_31' title="bbox 299 3082 1884 3156; baseline 0.003 -23"><span class='ocrx_word' id='word_1_239' title='bbox 299 3083 488 3153; x_wconf 77' lang='grc' dir='ltr'>Κυρίῳ</span> <span class='ocrx_word' id='word_1_240' title='bbox 523 3082 676 3152; x_wconf 79' lang='grc' dir='ltr'>μόνῳ</span> <span class='ocrx_word' id='word_1_241' title='bbox 709 3083 994 3153; x_wconf 75' lang='grc' dir='ltr'>πληρωθὲν</span> <span class='ocrx_word' id='word_1_242' title='bbox 1022 3083 1133 3154; x_wconf 81' lang='grc'><strong>(19)</strong></span> <span class='ocrx_word' id='word_1_243' title='bbox 1163 3098 1177 3115; x_wconf 74' lang='grc'>⁸</span> <span class='ocrx_word' id='word_1_244' title='bbox 1210 3084 1336 3156; x_wconf 79' lang='grc' dir='ltr'>περὶ</span> <span class='ocrx_word' id='word_1_245' title='bbox 1360 3083 1454 3137; x_wconf 82' lang='grc' dir='ltr'>τοῦ</span> <span class='ocrx_word' id='word_1_246' title='bbox 1477 3085 1714 3156; x_wconf 81' lang='grc' dir='ltr'>γαμικοῦ</span> <span class='ocrx_word' id='word_1_247' title='bbox 1743 3085 1884 3156; x_wconf 75' lang='grc' dir='ltr'>φημὶ</span> 
     </span>
    </p>
   </div>
   <div class='ocr_carea' id='block_1_32' title="bbox 367 3237 1338 3302">
    <p class='ocr_par' dir='ltr' id='par_1_32' title="bbox 367 3237 1338 3302">
     <span class='ocr_line' id='line_1_32' title="bbox 367 3237 1338 3302; baseline 0.002 -12"><span class='ocrx_word' id='word_1_248' title='bbox 367 3237 413 3268; x_wconf 68' lang='grc' dir='ltr'>δι</span> <span class='ocrx_word' id='word_1_249' title='bbox 441 3237 588 3292; x_wconf 77' lang='lat' dir='ltr'><strong>lleb.</strong></span> <span class='ocrx_word' id='word_1_250' title='bbox 621 3253 739 3299; x_wconf 75' lang='lat' dir='ltr'><strong>snt,</strong></span> <span class='ocrx_word' id='word_1_251' title='bbox 770 3237 825 3290; x_wconf 70' lang='grc'><strong>4.</strong></span> <span class='ocrx_word' id='word_1_252' title='bbox 900 3237 945 3268; x_wconf 72' lang='grc' dir='ltr'><strong>δ’</strong></span> <span class='ocrx_word' id='word_1_253' title='bbox 973 3238 1073 3293; x_wconf 87' lang='lat' dir='ltr'><strong>lsa.</strong></span> <span class='ocrx_word' id='word_1_254' title='bbox 1103 3254 1218 3302; x_wconf 88' lang='lat' dir='ltr'><strong>vm,</strong></span> <span class='ocrx_word' id='word_1_255' title='bbox 1252 3240 1338 3296; x_wconf 87' lang='grc'><strong>18.</strong></span> 
     </span>
    </p>
   </div>
   <div class='ocr_carea' id='block_1_33' title="bbox 1979 531 3539 600">
    <p class='ocr_par' dir='ltr' id='par_1_33' title="bbox 1979 531 3539 600">
     <span class='ocr_line' id='line_1_33' title="bbox 1979 531 3539 600; baseline 0.004 -15"><span class='ocrx_word' id='word_1_256' title='bbox 1979 543 2109 596; x_wconf 79' lang='lat' dir='ltr'><strong>tate,</strong></span> <span class='ocrx_word' id='word_1_257' title='bbox 2168 543 2223 586; x_wconf 91' lang='lat' dir='ltr'><strong>ut</strong></span> <span class='ocrx_word' id='word_1_258' title='bbox 2282 534 2603 588; x_wconf 68' lang='lat' dir='ltr'><strong>necessariis</strong></span> <span class='ocrx_word' id='word_1_259' title='bbox 2663 531 3040 589; x_wconf 76' lang='lat' dir='ltr'><strong>aﬂ‘ectionibus</strong></span> <span class='ocrx_word' id='word_1_260' title='bbox 3075 535 3264 600; x_wconf 86' lang='lat' dir='ltr'><strong>libera,</strong></span> <span class='ocrx_word' id='word_1_261' title='bbox 3301 543 3362 590; x_wconf 86' lang='lat' dir='ltr'><strong>ut</strong></span> <span class='ocrx_word' id='word_1_262' title='bbox 3414 551 3539 592; x_wconf 91' lang='lat' dir='ltr'><strong>cum</strong></span> 
     </span>
    </p>
   </div>
   <div class='ocr_carea' id='block_1_34' title="bbox 1976 624 3540 695">
    <p class='ocr_par' dir='ltr' id='par_1_34' title="bbox 1976 624 3540 695">
     <span class='ocr_line' id='line_1_34' title="bbox 1976 624 3540 695; baseline 0.004 -17"><span class='ocrx_word' id='word_1_263' title='bbox 1976 624 2190 678; x_wconf 80' lang='lat' dir='ltr'><strong>Christo</strong></span> <span class='ocrx_word' id='word_1_264' title='bbox 2229 640 2426 693; x_wconf 86' lang='lat' dir='ltr'><strong>sponso</strong></span> <span class='ocrx_word' id='word_1_265' title='bbox 2457 629 2508 677; x_wconf 88' lang='lat' dir='ltr'><strong>in</strong></span> <span class='ocrx_word' id='word_1_266' title='bbox 2553 626 2698 695; x_wconf 80' lang='lat' dir='ltr'><strong>regni</strong></span> <span class='ocrx_word' id='word_1_267' title='bbox 2733 625 2988 680; x_wconf 64' lang='lat' dir='ltr'><strong>caelorum</strong></span> <span class='ocrx_word' id='word_1_268' title='bbox 3033 637 3322 695; x_wconf 83' lang='lat' dir='ltr'><strong>penetrans</strong></span> <span class='ocrx_word' id='word_1_269' title='bbox 3366 629 3540 685; x_wconf 85' lang='lat' dir='ltr'><strong>thala-</strong></span> 
     </span>
    </p>
   </div>
   <div class='ocr_carea' id='block_1_35' title="bbox 1978 716 3541 790">
    <p class='ocr_par' dir='ltr' id='par_1_35' title="bbox 1978 716 3541 790">
     <span class='ocr_line' id='line_1_35' title="bbox 1978 716 3541 790; baseline 0.004 -20"><span class='ocrx_word' id='word_1_270' title='bbox 1978 732 2143 771; x_wconf 88' lang='lat' dir='ltr'><strong>mum.</strong></span> <span class='ocrx_word' id='word_1_271' title='bbox 2173 716 2239 770; x_wconf 89' lang='lat' dir='ltr'><strong>Et</strong></span> <span class='ocrx_word' id='word_1_272' title='bbox 2263 719 2373 769; x_wconf 76' lang='lat' dir='ltr'><strong>haec</strong></span> <span class='ocrx_word' id='word_1_273' title='bbox 2401 717 2617 785; x_wconf 84' lang='lat' dir='ltr'><strong>quidem</strong></span> <span class='ocrx_word' id='word_1_274' title='bbox 2653 727 2779 772; x_wconf 89' lang='lat' dir='ltr'><strong>sunt</strong></span> <span class='ocrx_word' id='word_1_275' title='bbox 2812 718 3136 786; x_wconf 79' lang='lat' dir='ltr'><strong>virginitatis</strong></span> <span class='ocrx_word' id='word_1_276' title='bbox 3179 720 3432 790; x_wconf 85' lang='lat' dir='ltr'><strong>insignia,</strong></span> <span class='ocrx_word' id='word_1_277' title='bbox 3485 732 3541 776; x_wconf 90' lang='lat' dir='ltr'><strong>et</strong></span> 
     </span>
    </p>
   </div>
   <div class='ocr_carea' id='block_1_36' title="bbox 1977 806 3543 876">
    <p class='ocr_par' dir='ltr' id='par_1_36' title="bbox 1977 806 3543 876">
     <span class='ocr_line' id='line_1_36' title="bbox 1977 806 3543 876; baseline 0.004 -15"><span class='ocrx_word' id='word_1_278' title='bbox 1977 806 2019 861; x_wconf 91' lang='lat' dir='ltr'><strong>si</strong></span> <span class='ocrx_word' id='word_1_279' title='bbox 2051 823 2154 876; x_wconf 89' lang='lat' dir='ltr'><strong>qua</strong></span> <span class='ocrx_word' id='word_1_280' title='bbox 2191 807 2256 860; x_wconf 88' lang='lat' dir='ltr'><strong>iis</strong></span> <span class='ocrx_word' id='word_1_281' title='bbox 2303 808 2502 860; x_wconf 80' lang='lat' dir='ltr'><strong>fuerint</strong></span> <span class='ocrx_word' id='word_1_282' title='bbox 2529 807 2771 876; x_wconf 84' lang='lat' dir='ltr'><strong>proxima</strong></span> <span class='ocrx_word' id='word_1_283' title='bbox 2803 826 2816 859; x_wconf 90' lang='lat'><strong>:</strong></span> <span class='ocrx_word' id='word_1_284' title='bbox 2848 809 3160 866; x_wconf 88' lang='lat' dir='ltr'><strong>honorabile</strong></span> <span class='ocrx_word' id='word_1_285' title='bbox 3193 823 3372 866; x_wconf 89' lang='lat' dir='ltr'><strong>autem</strong></span> <span class='ocrx_word' id='word_1_286' title='bbox 3408 828 3543 868; x_wconf 84' lang='lat' dir='ltr'><strong>con-</strong></span> 
     </span>
    </p>
   </div>
   <div class='ocr_carea' id='block_1_37' title="bbox 1978 898 3542 972">
    <p class='ocr_par' dir='ltr' id='par_1_37' title="bbox 1978 898 3542 972">
     <span class='ocr_line' id='line_1_37' title="bbox 1978 898 3542 972; baseline 0.005 -20"><span class='ocrx_word' id='word_1_287' title='bbox 1978 901 2194 952; x_wconf 89' lang='lat' dir='ltr'><strong>nubium</strong></span> <span class='ocrx_word' id='word_1_288' title='bbox 2227 898 2294 964; x_wconf 75' lang='lat'><strong>“,</strong></span> <span class='ocrx_word' id='word_1_289' title='bbox 2333 902 2528 952; x_wconf 83' lang='lat' dir='ltr'><strong>donum</strong></span> <span class='ocrx_word' id='word_1_290' title='bbox 2590 914 2750 954; x_wconf 85' lang='lat' dir='ltr'><strong>omne</strong></span> <span class='ocrx_word' id='word_1_291' title='bbox 2802 911 3072 955; x_wconf 89' lang='lat' dir='ltr'><strong>terrenum</strong></span> <span class='ocrx_word' id='word_1_292' title='bbox 3127 912 3364 972; x_wconf 82' lang='lat' dir='ltr'><strong>Superat,</strong></span> <span class='ocrx_word' id='word_1_293' title='bbox 3423 915 3542 960; x_wconf 87' lang='lat' dir='ltr'><strong>tan-</strong></span> 
     </span>
    </p>
   </div>
   <div class='ocr_carea' id='block_1_38' title="bbox 1978 989 3541 1062">
    <p class='ocr_par' dir='ltr' id='par_1_38' title="bbox 1978 989 3541 1062">
     <span class='ocr_line' id='line_1_38' title="bbox 1978 989 3541 1062; baseline 0.008 -24"><span class='ocrx_word' id='word_1_294' title='bbox 1978 1003 2134 1055; x_wconf 86' lang='lat' dir='ltr'><strong>quam</strong></span> <span class='ocrx_word' id='word_1_295' title='bbox 2171 989 2332 1042; x_wconf 86' lang='lat' dir='ltr'><strong>arhnr</strong></span> <span class='ocrx_word' id='word_1_296' title='bbox 2364 989 2640 1058; x_wconf 81' lang='lat' dir='ltr'><strong>frugifera,</strong></span> <span class='ocrx_word' id='word_1_297' title='bbox 2673 1001 2729 1043; x_wconf 91' lang='lat' dir='ltr'><strong>ut</strong></span> <span class='ocrx_word' id='word_1_298' title='bbox 2757 990 2934 1059; x_wconf 85' lang='lat' dir='ltr'><strong>planta</strong></span> <span class='ocrx_word' id='word_1_299' title='bbox 2976 992 3211 1062; x_wconf 83' lang='lat' dir='ltr'><strong>elegans,</strong></span> <span class='ocrx_word' id='word_1_300' title='bbox 3257 993 3400 1050; x_wconf 84' lang='lat' dir='ltr'><strong>velut</strong></span> <span class='ocrx_word' id='word_1_301' title='bbox 3452 1011 3541 1050; x_wconf 85' lang='lat' dir='ltr'><strong>ra-</strong></span> 
     </span>
    </p>
   </div>
   <div class='ocr_carea' id='block_1_39' title="bbox 1981 1077 3542 1153">
    <p class='ocr_par' dir='ltr' id='par_1_39' title="bbox 1981 1077 3542 1153">
     <span class='ocr_line' id='line_1_39' title="bbox 1981 1077 3542 1153; baseline 0.004 -21"><span class='ocrx_word' id='word_1_302' title='bbox 1981 1078 2070 1132; x_wconf 85' lang='lat' dir='ltr'><strong>dix</strong></span> <span class='ocrx_word' id='word_1_303' title='bbox 2101 1077 2442 1148; x_wconf 75' lang='lat' dir='ltr'><strong>virginitatis,</strong></span> <span class='ocrx_word' id='word_1_304' title='bbox 2480 1087 2535 1132; x_wconf 92' lang='lat' dir='ltr'><strong>ut</strong></span> <span class='ocrx_word' id='word_1_305' title='bbox 2569 1083 2711 1147; x_wconf 91' lang='lat' dir='ltr'><strong>quod</strong></span> <span class='ocrx_word' id='word_1_306' title='bbox 2743 1082 3031 1135; x_wconf 79' lang='lat' dir='ltr'><strong>rationales</strong></span> <span class='ocrx_word' id='word_1_307' title='bbox 3077 1084 3292 1152; x_wconf 83' lang='lat' dir='ltr'><strong>vitaque</strong></span> <span class='ocrx_word' id='word_1_308' title='bbox 3347 1084 3542 1153; x_wconf 87' lang='lat' dir='ltr'><strong>potiori</strong></span> 
     </span>
    </p>
   </div>
   <div class='ocr_carea' id='block_1_40' title="bbox 1979 1171 3540 1237">
    <p class='ocr_par' dir='ltr' id='par_1_40' title="bbox 1979 1171 3540 1237">
     <span class='ocr_line' id='line_1_40' title="bbox 1979 1171 3540 1237; baseline 0.006 -16"><span class='ocrx_word' id='word_1_309' title='bbox 1979 1179 2164 1224; x_wconf 89' lang='lat' dir='ltr'><strong>auctos</strong></span> <span class='ocrx_word' id='word_1_310' title='bbox 2193 1185 2387 1237; x_wconf 89' lang='lat' dir='ltr'><strong>ramos,</strong></span> <span class='ocrx_word' id='word_1_311' title='bbox 2413 1171 2642 1235; x_wconf 92' lang='lat' dir='ltr'><strong>excolat,</strong></span> <span class='ocrx_word' id='word_1_312' title='bbox 2681 1173 2844 1226; x_wconf 90' lang='lat' dir='ltr'><strong>veluti</strong></span> <span class='ocrx_word' id='word_1_313' title='bbox 2890 1174 3070 1229; x_wconf 86' lang='lat' dir='ltr'><strong>mundi</strong></span> <span class='ocrx_word' id='word_1_314' title='bbox 3103 1186 3377 1230; x_wconf 88' lang='lat' dir='ltr'><strong>cremento</strong></span> <span class='ocrx_word' id='word_1_315' title='bbox 3415 1178 3540 1231; x_wconf 89' lang='lat' dir='ltr'><strong>data</strong></span> 
     </span>
    </p>
   </div>
   <div class='ocr_carea' id='block_1_41' title="bbox 1983 1260 3537 1334">
    <p class='ocr_par' dir='ltr' id='par_1_41' title="bbox 1983 1260 3537 1334">
     <span class='ocr_line' id='line_1_41' title="bbox 1983 1260 3537 1334; baseline 0.006 -22"><span class='ocrx_word' id='word_1_316' title='bbox 1983 1260 2307 1325; x_wconf 89' lang='lat' dir='ltr'><strong>benedictio,</strong></span> <span class='ocrx_word' id='word_1_317' title='bbox 2349 1270 2406 1314; x_wconf 93' lang='lat' dir='ltr'><strong>ut</strong></span> <span class='ocrx_word' id='word_1_318' title='bbox 2428 1262 2673 1316; x_wconf 88' lang='lat' dir='ltr'><strong>solatium</strong></span> <span class='ocrx_word' id='word_1_319' title='bbox 2694 1265 2929 1332; x_wconf 78' lang='lat' dir='ltr'><strong>generis,</strong></span> <span class='ocrx_word' id='word_1_320' title='bbox 2959 1275 3016 1319; x_wconf 91' lang='lat' dir='ltr'><strong>ut</strong></span> <span class='ocrx_word' id='word_1_321' title='bbox 3047 1278 3247 1320; x_wconf 64' lang='lat' dir='ltr'><strong>natura:</strong></span> <span class='ocrx_word' id='word_1_322' title='bbox 3277 1268 3537 1334; x_wconf 88' lang='lat' dir='ltr'><strong>conditor,</strong></span> 
     </span>
    </p>
   </div>
   <div class='ocr_carea' id='block_1_42' title="bbox 1982 1351 3542 1423">
    <p class='ocr_par' dir='ltr' id='par_1_42' title="bbox 1982 1351 3542 1423">
     <span class='ocr_line' id='line_1_42' title="bbox 1982 1351 3542 1423; baseline 0.008 -22"><span class='ocrx_word' id='word_1_323' title='bbox 1982 1359 2038 1402; x_wconf 95' lang='lat' dir='ltr'><strong>ut</strong></span> <span class='ocrx_word' id='word_1_324' title='bbox 2080 1351 2254 1419; x_wconf 89' lang='lat' dir='ltr'><strong>pictor</strong></span> <span class='ocrx_word' id='word_1_325' title='bbox 2294 1351 2486 1406; x_wconf 86' lang='lat' dir='ltr'><strong>divinae</strong></span> <span class='ocrx_word' id='word_1_326' title='bbox 2547 1352 2816 1423; x_wconf 81' lang='lat' dir='ltr'><strong>imaginis,</strong></span> <span class='ocrx_word' id='word_1_327' title='bbox 2870 1367 2926 1408; x_wconf 89' lang='lat' dir='ltr'><strong>ut</strong></span> <span class='ocrx_word' id='word_1_328' title='bbox 2959 1372 3042 1410; x_wconf 85' lang='lat' dir='ltr'><strong>cut</strong></span> <span class='ocrx_word' id='word_1_329' title='bbox 3085 1357 3336 1413; x_wconf 89' lang='lat' dir='ltr'><strong>Dominus</strong></span> <span class='ocrx_word' id='word_1_330' title='bbox 3380 1360 3542 1414; x_wconf 85' lang='lat' dir='ltr'><strong>bene-</strong></span> 
     </span>
    </p>
   </div>
   <div class='ocr_carea' id='block_1_43' title="bbox 1979 1439 3542 1516">
    <p class='ocr_par' dir='ltr' id='par_1_43' title="bbox 1979 1439 3542 1516">
     <span class='ocr_line' id='line_1_43' title="bbox 1979 1439 3542 1516; baseline 0.008 -26"><span class='ocrx_word' id='word_1_331' title='bbox 1979 1439 2134 1504; x_wconf 80' lang='lat' dir='ltr'><strong>dixit,</strong></span> <span class='ocrx_word' id='word_1_332' title='bbox 2169 1447 2396 1509; x_wconf 88' lang='lat' dir='ltr'><strong>utquod</strong></span> <span class='ocrx_word' id='word_1_333' title='bbox 2443 1443 2752 1496; x_wconf 83' lang='lat' dir='ltr'><strong>universum</strong></span> <span class='ocrx_word' id='word_1_334' title='bbox 2817 1446 3071 1499; x_wconf 88' lang='lat' dir='ltr'><strong>mundum</strong></span> <span class='ocrx_word' id='word_1_335' title='bbox 3115 1457 3329 1516; x_wconf 85' lang='lat' dir='ltr'><strong>portare</strong></span> <span class='ocrx_word' id='word_1_336' title='bbox 3374 1448 3542 1504; x_wconf 86' lang='lat' dir='ltr'><strong>susti-</strong></span> 
     </span>
    </p>
   </div>
   <div class='ocr_carea' id='block_1_44' title="bbox 1982 1532 3538 1610">
    <p class='ocr_par' dir='ltr' id='par_1_44' title="bbox 1982 1532 3538 1610">
     <span class='ocr_line' id='line_1_44' title="bbox 1982 1532 3538 1610; baseline 0.009 -28"><span class='ocrx_word' id='word_1_337' title='bbox 1982 1540 2127 1595; x_wconf 85' lang='lat' dir='ltr'><strong>neat,</strong></span> <span class='ocrx_word' id='word_1_338' title='bbox 2161 1542 2217 1586; x_wconf 90' lang='lat' dir='ltr'><strong>ut</strong></span> <span class='ocrx_word' id='word_1_339' title='bbox 2243 1532 2393 1600; x_wconf 85' lang='lat' dir='ltr'><strong>cujus</strong></span> <span class='ocrx_word' id='word_1_340' title='bbox 2419 1535 2655 1589; x_wconf 88' lang='lat' dir='ltr'><strong>rationes</strong></span> <span class='ocrx_word' id='word_1_341' title='bbox 2689 1537 2761 1589; x_wconf 88' lang='lat' dir='ltr'><strong>illi</strong></span> <span class='ocrx_word' id='word_1_342' title='bbox 2793 1536 3158 1607; x_wconf 88' lang='lat' dir='ltr'><strong>instituantur,</strong></span> <span class='ocrx_word' id='word_1_343' title='bbox 3196 1557 3353 1610; x_wconf 86' lang='lat' dir='ltr'><strong>quem</strong></span> <span class='ocrx_word' id='word_1_344' title='bbox 3377 1543 3538 1597; x_wconf 89' lang='lat' dir='ltr'><strong>etiam</strong></span> 
     </span>
    </p>
   </div>
   <div class='ocr_carea' id='block_1_45' title="bbox 1981 1625 3541 1698">
    <p class='ocr_par' dir='ltr' id='par_1_45' title="bbox 1981 1625 3541 1698">
     <span class='ocr_line' id='line_1_45' title="bbox 1981 1625 3541 1698; baseline 0.008 -22"><span class='ocrx_word' id='word_1_345' title='bbox 1981 1633 2038 1676; x_wconf 90' lang='lat' dir='ltr'><strong>ut</strong></span> <span class='ocrx_word' id='word_1_346' title='bbox 2068 1625 2225 1678; x_wconf 91' lang='lat' dir='ltr'><strong>homo</strong></span> <span class='ocrx_word' id='word_1_347' title='bbox 2265 1626 2415 1680; x_wconf 83' lang='lat' dir='ltr'><strong>ﬁeret</strong></span> <span class='ocrx_word' id='word_1_348' title='bbox 2467 1627 2711 1682; x_wconf 73' lang='lat' dir='ltr'><strong>inﬂexit:</strong></span> <span class='ocrx_word' id='word_1_349' title='bbox 2748 1631 2888 1698; x_wconf 89' lang='lat' dir='ltr'><strong>quod</strong></span> <span class='ocrx_word' id='word_1_350' title='bbox 2935 1640 3042 1685; x_wconf 88' lang='lat' dir='ltr'><strong>tota</strong></span> <span class='ocrx_word' id='word_1_351' title='bbox 3085 1632 3333 1689; x_wconf 83' lang='lat' dir='ltr'><strong>libertate</strong></span> <span class='ocrx_word' id='word_1_352' title='bbox 3363 1635 3541 1689; x_wconf 80' lang='lat' dir='ltr'><strong>dicere</strong></span> 
     </span>
    </p>
   </div>
   <div class='ocr_carea' id='block_1_46' title="bbox 1981 1717 3530 1790">
    <p class='ocr_par' dir='ltr' id='par_1_46' title="bbox 1981 1717 3530 1790">
     <span class='ocr_line' id='line_1_46' title="bbox 1981 1717 3530 1790; baseline 0.006 -22"><span class='ocrx_word' id='word_1_353' title='bbox 1981 1717 2148 1785; x_wconf 84' lang='lat' dir='ltr'><strong>possit</strong></span> <span class='ocrx_word' id='word_1_354' title='bbox 2176 1735 2190 1772; x_wconf 90' lang='lat'><strong>:</strong></span> <span class='ocrx_word' id='word_1_355' title='bbox 2235 1717 2365 1770; x_wconf 79' lang='lat' dir='ltr'><strong>Ecce</strong></span> <span class='ocrx_word' id='word_1_356' title='bbox 2390 1735 2504 1788; x_wconf 83' lang='lat' dir='ltr'><strong>ego,</strong></span> <span class='ocrx_word' id='word_1_357' title='bbox 2527 1729 2574 1772; x_wconf 86' lang='lat' dir='ltr'><strong>et</strong></span> <span class='ocrx_word' id='word_1_358' title='bbox 2609 1719 2830 1787; x_wconf 83' lang='lat' dir='ltr'><strong>parvuli,</strong></span> <span class='ocrx_word' id='word_1_359' title='bbox 2862 1739 2988 1790; x_wconf 88' lang='lat' dir='ltr'><strong>quos</strong></span> <span class='ocrx_word' id='word_1_360' title='bbox 3019 1723 3157 1776; x_wconf 83' lang='lat' dir='ltr'><strong>dedit</strong></span> <span class='ocrx_word' id='word_1_361' title='bbox 3191 1724 3318 1777; x_wconf 87' lang='lat' dir='ltr'><strong>mihi</strong></span> <span class='ocrx_word' id='word_1_362' title='bbox 3361 1723 3530 1777; x_wconf 85' lang='lat' dir='ltr'><strong>Domi-</strong></span> 
     </span>
    </p>
   </div>
   <div class='ocr_carea' id='block_1_47' title="bbox 1985 1809 3539 1886">
    <p class='ocr_par' dir='ltr' id='par_1_47' title="bbox 1985 1809 3539 1886">
     <span class='ocr_line' id='line_1_47' title="bbox 1985 1809 3539 1886; baseline 0.007 -27"><span class='ocrx_word' id='word_1_363' title='bbox 1985 1825 2080 1860; x_wconf 94' lang='lat' dir='ltr'><strong>nus</strong></span> <span class='ocrx_word' id='word_1_364' title='bbox 2113 1810 2176 1862; x_wconf 68' lang='grc' dir='ltr'><strong><em>η.</em></strong></span> <span class='ocrx_word' id='word_1_365' title='bbox 2211 1809 2376 1863; x_wconf 76' lang='lat' dir='ltr'><strong>Aufer</strong></span> <span class='ocrx_word' id='word_1_366' title='bbox 2426 1812 2735 1867; x_wconf 87' lang='lat' dir='ltr'><strong>honorabile</strong></span> <span class='ocrx_word' id='word_1_367' title='bbox 2795 1815 3118 1883; x_wconf 84' lang='lat' dir='ltr'><strong>conjugium,</strong></span> <span class='ocrx_word' id='word_1_368' title='bbox 3170 1831 3267 1871; x_wconf 83' lang='lat' dir='ltr'><strong>nec</strong></span> <span class='ocrx_word' id='word_1_369' title='bbox 3315 1831 3539 1886; x_wconf 90' lang='lat' dir='ltr'><strong>usquam</strong></span> 
     </span>
    </p>
   </div>
   <div class='ocr_carea' id='block_1_48' title="bbox 1986 1897 3540 1969">
    <p class='ocr_par' dir='ltr' id='par_1_48' title="bbox 1986 1897 3540 1969">
     <span class='ocr_line' id='line_1_48' title="bbox 1986 1897 3540 1969; baseline 0.005 -21"><span class='ocrx_word' id='word_1_370' title='bbox 1986 1897 2308 1965; x_wconf 77' lang='lat' dir='ltr'><strong>virginitatis</strong></span> <span class='ocrx_word' id='word_1_371' title='bbox 2338 1897 2519 1960; x_wconf 85' lang='lat' dir='ltr'><strong>ﬂorem</strong></span> <span class='ocrx_word' id='word_1_372' title='bbox 2549 1900 2837 1955; x_wconf 81' lang='lat' dir='ltr'><strong>inveneris.</strong></span> <span class='ocrx_word' id='word_1_373' title='bbox 2865 1901 2988 1956; x_wconf 88' lang='lat' dir='ltr'><strong>lude</strong></span> <span class='ocrx_word' id='word_1_374' title='bbox 3011 1903 3173 1968; x_wconf 86' lang='lat' dir='ltr'><strong>enim,</strong></span> <span class='ocrx_word' id='word_1_375' title='bbox 3203 1919 3305 1960; x_wconf 91' lang='lat' dir='ltr'><strong>non</strong></span> <span class='ocrx_word' id='word_1_376' title='bbox 3326 1919 3389 1958; x_wconf 87' lang='lat' dir='ltr'><strong>ex</strong></span> <span class='ocrx_word' id='word_1_377' title='bbox 3415 1904 3540 1969; x_wconf 89' lang='lat' dir='ltr'><strong>alio,</strong></span> 
     </span>
    </p>
   </div>
   <div class='ocr_carea' id='block_1_49' title="bbox 1983 1990 3540 2061">
    <p class='ocr_par' dir='ltr' id='par_1_49' title="bbox 1983 1990 3540 2061">
     <span class='ocr_line' id='line_1_49' title="bbox 1983 1990 3540 2061; baseline 0.004 -19"><span class='ocrx_word' id='word_1_378' title='bbox 1983 1990 2250 2059; x_wconf 80' lang='lat' dir='ltr'><strong>colligitur</strong></span> <span class='ocrx_word' id='word_1_379' title='bbox 2281 1992 2378 2045; x_wconf 87' lang='lat' dir='ltr'><strong>ﬂos</strong></span> <span class='ocrx_word' id='word_1_380' title='bbox 2423 1992 2770 2061; x_wconf 78' lang='lat' dir='ltr'><strong>virginitatis.</strong></span> <span class='ocrx_word' id='word_1_381' title='bbox 2809 1992 2939 2045; x_wconf 90' lang='lat' dir='ltr'><strong>Cum</strong></span> <span class='ocrx_word' id='word_1_382' title='bbox 2989 2008 3116 2047; x_wconf 89' lang='lat' dir='ltr'><strong>vero</strong></span> <span class='ocrx_word' id='word_1_383' title='bbox 3152 1996 3263 2050; x_wconf 76' lang='lat' dir='ltr'><strong>hzcc</strong></span> <span class='ocrx_word' id='word_1_384' title='bbox 3295 1995 3540 2060; x_wconf 89' lang='lat' dir='ltr'><strong>dicimus,</strong></span> 
     </span>
    </p>
   </div>
   <div class='ocr_carea' id='block_1_50' title="bbox 1983 2082 3544 2153">
    <p class='ocr_par' dir='ltr' id='par_1_50' title="bbox 1983 2082 3544 2153">
     <span class='ocr_line' id='line_1_50' title="bbox 1983 2082 3544 2153; baseline 0.004 -20"><span class='ocrx_word' id='word_1_385' title='bbox 1983 2082 2197 2148; x_wconf 78' lang='lat' dir='ltr'><strong>dilecti;</strong></span> <span class='ocrx_word' id='word_1_386' title='bbox 2235 2083 2648 2151; x_wconf 86' lang='lat' dir='ltr'><strong>haudquaquam</strong></span> <span class='ocrx_word' id='word_1_387' title='bbox 2705 2084 2846 2136; x_wconf 88' lang='lat' dir='ltr'><strong>inter</strong></span> <span class='ocrx_word' id='word_1_388' title='bbox 2878 2085 3234 2153; x_wconf 86' lang='lat' dir='ltr'><strong>virginitatem</strong></span> <span class='ocrx_word' id='word_1_389' title='bbox 3271 2087 3544 2140; x_wconf 85' lang='lat' dir='ltr'><strong>matrimo-</strong></span> 
     </span>
    </p>
   </div>
   <div class='ocr_carea' id='block_1_51' title="bbox 1985 2172 3546 2242">
    <p class='ocr_par' dir='ltr' id='par_1_51' title="bbox 1985 2172 3546 2242">
     <span class='ocr_line' id='line_1_51' title="bbox 1985 2172 3546 2242; baseline 0.003 -20"><span class='ocrx_word' id='word_1_390' title='bbox 1985 2174 2238 2239; x_wconf 85' lang='lat' dir='ltr'><strong>niumque</strong></span> <span class='ocrx_word' id='word_1_391' title='bbox 2303 2187 2532 2241; x_wconf 88' lang='lat' dir='ltr'><strong>pugnam</strong></span> <span class='ocrx_word' id='word_1_392' title='bbox 2599 2172 2934 2226; x_wconf 90' lang='lat' dir='ltr'><strong>inducimus:</strong></span> <span class='ocrx_word' id='word_1_393' title='bbox 2983 2173 3076 2226; x_wconf 84' lang='lat' dir='ltr'><strong>sed</strong></span> <span class='ocrx_word' id='word_1_394' title='bbox 3127 2181 3432 2242; x_wconf 88' lang='lat' dir='ltr'><strong>utrumque,</strong></span> <span class='ocrx_word' id='word_1_395' title='bbox 3488 2183 3546 2228; x_wconf 94' lang='lat' dir='ltr'><strong>ut</strong></span> 
     </span>
    </p>
   </div>
   <div class='ocr_carea' id='block_1_52' title="bbox 1987 2263 3543 2334">
    <p class='ocr_par' dir='ltr' id='par_1_52' title="bbox 1987 2263 3543 2334">
     <span class='ocr_line' id='line_1_52' title="bbox 1987 2263 3543 2334; baseline 0.003 -20"><span class='ocrx_word' id='word_1_396' title='bbox 1987 2265 2128 2332; x_wconf 89' lang='lat' dir='ltr'><strong>quod</strong></span> <span class='ocrx_word' id='word_1_397' title='bbox 2155 2263 2380 2316; x_wconf 88' lang='lat' dir='ltr'><strong>alterum</strong></span> <span class='ocrx_word' id='word_1_398' title='bbox 2435 2264 2590 2318; x_wconf 88' lang='lat' dir='ltr'><strong>alteri</strong></span> <span class='ocrx_word' id='word_1_399' title='bbox 2652 2263 2883 2318; x_wconf 83' lang='lat' dir='ltr'><strong>ollicium</strong></span> <span class='ocrx_word' id='word_1_400' title='bbox 2924 2273 3161 2332; x_wconf 68' lang='lat' dir='ltr'><strong>praestet,</strong></span> <span class='ocrx_word' id='word_1_401' title='bbox 3195 2265 3543 2334; x_wconf 81' lang='lat' dir='ltr'><strong>vicissimque</strong></span> 
     </span>
    </p>
   </div>
   <div class='ocr_carea' id='block_1_53' title="bbox 1986 2354 3545 2425">
    <p class='ocr_par' dir='ltr' id='par_1_53' title="bbox 1986 2354 3545 2425">
     <span class='ocr_line' id='line_1_53' title="bbox 1986 2354 3545 2425; baseline 0.001 -18"><span class='ocrx_word' id='word_1_402' title='bbox 1986 2355 2218 2424; x_wconf 87' lang='lat' dir='ltr'><strong>indigeat</strong></span> <span class='ocrx_word' id='word_1_403' title='bbox 2279 2354 2472 2420; x_wconf 88' lang='lat' dir='ltr'><strong>altero,</strong></span> <span class='ocrx_word' id='word_1_404' title='bbox 2536 2355 2902 2424; x_wconf 86' lang='lat' dir='ltr'><strong>suspicimus:</strong></span> <span class='ocrx_word' id='word_1_405' title='bbox 2943 2356 3204 2425; x_wconf 89' lang='lat' dir='ltr'><strong>siquidem</strong></span> <span class='ocrx_word' id='word_1_406' title='bbox 3266 2356 3545 2410; x_wconf 88' lang='lat' dir='ltr'><strong>amborum</strong></span> 
     </span>
    </p>
   </div>
   <div class='ocr_carea' id='block_1_54' title="bbox 1987 2445 3542 2515">
    <p class='ocr_par' dir='ltr' id='par_1_54' title="bbox 1987 2445 3542 2515">
     <span class='ocr_line' id='line_1_54' title="bbox 1987 2445 3542 2515; baseline 0.003 -17"><span class='ocrx_word' id='word_1_407' title='bbox 1987 2445 2240 2500; x_wconf 90' lang='lat' dir='ltr'><strong>Dominus</strong></span> <span class='ocrx_word' id='word_1_408' title='bbox 2267 2446 2618 2514; x_wconf 84' lang='lat' dir='ltr'><strong>provisorque</strong></span> <span class='ocrx_word' id='word_1_409' title='bbox 2644 2460 2748 2499; x_wconf 82' lang='lat' dir='ltr'><strong>non</strong></span> <span class='ocrx_word' id='word_1_410' title='bbox 2799 2445 3022 2499; x_wconf 86' lang='lat' dir='ltr'><strong>alterum</strong></span> <span class='ocrx_word' id='word_1_411' title='bbox 3077 2445 3226 2499; x_wconf 85' lang='lat' dir='ltr'><strong>alteri</strong></span> <span class='ocrx_word' id='word_1_412' title='bbox 3278 2447 3498 2515; x_wconf 72' lang='lat' dir='ltr'><strong>opponi:</strong></span> <span class='ocrx_word' id='word_1_413' title='bbox 3529 2489 3542 2502; x_wconf 94' lang='lat'><strong>.</strong></span> 
     </span>
    </p>
   </div>
   <div class='ocr_carea' id='block_1_55' title="bbox 1986 2535 3532 2607">
    <p class='ocr_par' dir='ltr' id='par_1_55' title="bbox 1986 2535 3532 2607">
     <span class='ocr_line' id='line_1_55' title="bbox 1986 2535 3532 2607; baseline 0.001 -19"><span class='ocrx_word' id='word_1_414' title='bbox 1986 2536 2036 2588; x_wconf 92' lang='lat' dir='ltr'><strong>in</strong></span> <span class='ocrx_word' id='word_1_415' title='bbox 2075 2547 2302 2604; x_wconf 85' lang='lat' dir='ltr'><strong>utroque</strong></span> <span class='ocrx_word' id='word_1_416' title='bbox 2323 2537 2464 2591; x_wconf 88' lang='lat' dir='ltr'><strong>enim</strong></span> <span class='ocrx_word' id='word_1_417' title='bbox 2495 2537 2807 2607; x_wconf 86' lang='lat' dir='ltr'><strong>religionem</strong></span> <span class='ocrx_word' id='word_1_418' title='bbox 2840 2537 3181 2606; x_wconf 90' lang='lat' dir='ltr'><strong>amplectitur</strong></span> <span class='ocrx_word' id='word_1_419' title='bbox 3245 2535 3376 2590; x_wconf 82' lang='lat' dir='ltr'><strong>Nam</strong></span> <span class='ocrx_word' id='word_1_420' title='bbox 3419 2538 3532 2592; x_wconf 53' lang='lat' dir='ltr'><strong>abso</strong></span> 
     </span>
    </p>
   </div>
   <div class='ocr_carea' id='block_1_56' title="bbox 1985 2613 3548 2697">
    <p class='ocr_par' dir='ltr' id='par_1_56' title="bbox 1985 2613 3548 2697">
     <span class='ocr_line' id='line_1_56' title="bbox 1985 2613 3548 2697; baseline 0.003 -18"><span class='ocrx_word' id='word_1_421' title='bbox 1985 2642 2089 2695; x_wconf 92' lang='lat' dir='ltr'><strong>que</strong></span> <span class='ocrx_word' id='word_1_422' title='bbox 2113 2628 2356 2697; x_wconf 88' lang='lat' dir='ltr'><strong>religiosa</strong></span> <span class='ocrx_word' id='word_1_423' title='bbox 2411 2613 2630 2697; x_wconf 86' lang='lat' dir='ltr'><strong>pietate,</strong></span> <span class='ocrx_word' id='word_1_424' title='bbox 2682 2642 2855 2697; x_wconf 90' lang='lat' dir='ltr'><strong>neque</strong></span> <span class='ocrx_word' id='word_1_425' title='bbox 2903 2629 3185 2697; x_wconf 86' lang='lat' dir='ltr'><strong>virginitas</strong></span> <span class='ocrx_word' id='word_1_426' title='bbox 3229 2629 3548 2684; x_wconf 87' lang='lat' dir='ltr'><strong>venerabilis</strong></span> 
     </span>
    </p>
   </div>
   <div class='ocr_carea' id='block_1_57' title="bbox 1985 2721 3057 2788">
    <p class='ocr_par' dir='ltr' id='par_1_57' title="bbox 1985 2721 3057 2788">
     <span class='ocr_line' id='line_1_57' title="bbox 1985 2721 3057 2788; baseline 0.001 -15"><span class='ocrx_word' id='word_1_427' title='bbox 1985 2729 2092 2783; x_wconf 75' lang='grc' dir='ltr'>εει,</span> <span class='ocrx_word' id='word_1_428' title='bbox 2126 2736 2296 2788; x_wconf 85' lang='lat' dir='ltr'><strong>neque</strong></span> <span class='ocrx_word' id='word_1_429' title='bbox 2319 2722 2712 2775; x_wconf 89' lang='lat' dir='ltr'><strong>matrimonium</strong></span> <span class='ocrx_word' id='word_1_430' title='bbox 2733 2721 3057 2777; x_wconf 86' lang='lat' dir='ltr'><strong>honorabile.</strong></span> 
     </span>
    </p>
   </div>
   <div class='ocr_carea' id='block_1_58' title="bbox 2055 2808 3545 2880">
    <p class='ocr_par' dir='ltr' id='par_1_58' title="bbox 2055 2808 3545 2880">
     <span class='ocr_line' id='line_1_58' title="bbox 2055 2808 3545 2880; baseline 0.003 -20"><span class='ocrx_word' id='word_1_431' title='bbox 2055 2808 2118 2861; x_wconf 93' lang='lat' dir='ltr'><strong>ll.</strong></span> <span class='ocrx_word' id='word_1_432' title='bbox 2164 2809 2283 2864; x_wconf 66' lang='lat' dir='ltr'><strong>llaec</strong></span> <span class='ocrx_word' id='word_1_433' title='bbox 2312 2825 2339 2864; x_wconf 89' lang='lat' dir='ltr'><strong>a</strong></span> <span class='ocrx_word' id='word_1_434' title='bbox 2381 2827 2466 2864; x_wconf 89' lang='lat' dir='ltr'><strong>me</strong></span> <span class='ocrx_word' id='word_1_435' title='bbox 2518 2812 2763 2880; x_wconf 75' lang='lat' dir='ltr'><strong>przesenti</strong></span> <span class='ocrx_word' id='word_1_436' title='bbox 2811 2813 3056 2865; x_wconf 79' lang='lat' dir='ltr'><strong>oratione</strong></span> <span class='ocrx_word' id='word_1_437' title='bbox 3115 2811 3317 2880; x_wconf 85' lang='lat' dir='ltr'><strong>prolata</strong></span> <span class='ocrx_word' id='word_1_438' title='bbox 3384 2819 3545 2878; x_wconf 75' lang='lat' dir='ltr'><strong>sunt,</strong></span> 
     </span>
    </p>
   </div>
   <div class='ocr_carea' id='block_1_59' title="bbox 1987 2907 3550 2977">
    <p class='ocr_par' dir='ltr' id='par_1_59' title="bbox 1987 2907 3550 2977">
     <span class='ocr_line' id='line_1_59' title="bbox 1987 2907 3550 2977; baseline 0.003 -20"><span class='ocrx_word' id='word_1_439' title='bbox 1987 2916 2204 2974; x_wconf 82' lang='lat' dir='ltr'><strong>pmptcr</strong></span> <span class='ocrx_word' id='word_1_440' title='bbox 2232 2908 2281 2959; x_wconf 91' lang='lat' dir='ltr'><strong>id</strong></span> <span class='ocrx_word' id='word_1_441' title='bbox 2320 2908 2460 2975; x_wconf 80' lang='lat' dir='ltr'><strong>quod</strong></span> <span class='ocrx_word' id='word_1_442' title='bbox 2488 2908 2853 2977; x_wconf 79' lang='lat' dir='ltr'><strong>estscriptum</strong></span> <span class='ocrx_word' id='word_1_443' title='bbox 2883 2908 2935 2960; x_wconf 92' lang='lat' dir='ltr'><strong>in</strong></span> <span class='ocrx_word' id='word_1_444' title='bbox 2977 2907 3112 2977; x_wconf 88' lang='lat' dir='ltr'><strong>lege,</strong></span> <span class='ocrx_word' id='word_1_445' title='bbox 3159 2915 3213 2960; x_wconf 90' lang='lat' dir='ltr'><strong>et</strong></span> <span class='ocrx_word' id='word_1_446' title='bbox 3269 2909 3322 2959; x_wconf 93' lang='lat' dir='ltr'><strong>in</strong></span> <span class='ocrx_word' id='word_1_447' title='bbox 3375 2908 3550 2977; x_wconf 75' lang='lat' dir='ltr'><strong>gratia</strong></span> 
     </span>
    </p>
   </div>
   <div class='ocr_carea' id='block_1_60' title="bbox 1987 2997 3532 3068">
    <p class='ocr_par' dir='ltr' id='par_1_60' title="bbox 1987 2997 3532 3068">
     <span class='ocr_line' id='line_1_60' title="bbox 1987 2997 3532 3068; baseline 0.001 -18"><span class='ocrx_word' id='word_1_448' title='bbox 1987 2997 2363 3051; x_wconf 79' lang='lat' dir='ltr'><strong>conﬁrmatum</strong></span> <span class='ocrx_word' id='word_1_449' title='bbox 2395 3015 2414 3052; x_wconf 92' lang='lat'><strong>:</strong></span> <span class='ocrx_word' id='word_1_450' title='bbox 2444 2999 2583 3068; x_wconf 88' lang='lat' dir='ltr'><strong>quod</strong></span> <span class='ocrx_word' id='word_1_451' title='bbox 2618 3000 2903 3053; x_wconf 88' lang='lat' dir='ltr'><strong>universim</strong></span> <span class='ocrx_word' id='word_1_452' title='bbox 2953 3000 3174 3062; x_wconf 85' lang='lat' dir='ltr'><strong>dictum,</strong></span> <span class='ocrx_word' id='word_1_453' title='bbox 3207 3013 3304 3053; x_wconf 87' lang='lat' dir='ltr'><strong>nec</strong></span> <span class='ocrx_word' id='word_1_454' title='bbox 3332 3001 3532 3052; x_wconf 90' lang='lat' dir='ltr'><strong>univer-</strong></span> 
     </span>
    </p>
   </div>
   <div class='ocr_carea' id='block_1_61' title="bbox 1986 3089 3526 3163">
    <p class='ocr_par' dir='ltr' id='par_1_61' title="bbox 1986 3089 3526 3163">
     <span class='ocr_line' id='line_1_61' title="bbox 1986 3089 3526 3163; baseline 0.003 -22"><span class='ocrx_word' id='word_1_455' title='bbox 1986 3089 2088 3142; x_wconf 85' lang='lat' dir='ltr'><strong>siin</strong></span> <span class='ocrx_word' id='word_1_456' title='bbox 2120 3090 2393 3145; x_wconf 90' lang='lat' dir='ltr'><strong>inventum</strong></span> <span class='ocrx_word' id='word_1_457' title='bbox 2432 3101 2534 3159; x_wconf 90' lang='lat' dir='ltr'><strong>est,</strong></span> <span class='ocrx_word' id='word_1_458' title='bbox 2567 3095 2659 3148; x_wconf 87' lang='lat' dir='ltr'><strong>sed</strong></span> <span class='ocrx_word' id='word_1_459' title='bbox 2705 3093 2759 3147; x_wconf 87' lang='lat' dir='ltr'><strong>in</strong></span> <span class='ocrx_word' id='word_1_460' title='bbox 2810 3092 2926 3148; x_wconf 88' lang='lat' dir='ltr'><strong>solo</strong></span> <span class='ocrx_word' id='word_1_461' title='bbox 2973 3092 3201 3146; x_wconf 88' lang='lat' dir='ltr'><strong>Domino</strong></span> <span class='ocrx_word' id='word_1_462' title='bbox 3246 3092 3526 3163; x_wconf 87' lang='lat' dir='ltr'><strong>impletum</strong></span> 
     </span>
    </p>
   </div>
   <div class='ocr_carea' id='block_1_62' title="bbox 293 3396 3457 3469">
    <p class='ocr_par' dir='ltr' id='par_1_62' title="bbox 293 3396 3457 3469">
     <span class='ocr_line' id='line_1_62' title="bbox 293 3396 3457 3469; baseline -0 -15"><span class='ocrx_word' id='word_1_463' title='bbox 293 3400 454 3454; x_wconf 86' lang='lat' dir='ltr'><strong>etiam</strong></span> <span class='ocrx_word' id='word_1_464' title='bbox 475 3441 491 3464; x_wconf 94' lang='lat'><strong>,</strong></span> <span class='ocrx_word' id='word_1_465' title='bbox 532 3415 647 3453; x_wconf 87' lang='lat' dir='ltr'><strong>non</strong></span> <span class='ocrx_word' id='word_1_466' title='bbox 677 3399 919 3463; x_wconf 86' lang='lat' dir='ltr'><strong>servari,</strong></span> <span class='ocrx_word' id='word_1_467' title='bbox 951 3397 1597 3469; x_wconf 12' lang='lat' dir='ltr'><strong>solaqueiprmparatione</strong></span> <span class='ocrx_word' id='word_1_468' title='bbox 1639 3397 1798 3449; x_wconf 88' lang='lat' dir='ltr'><strong>animi</strong></span> <span class='ocrx_word' id='word_1_469' title='bbox 1831 3406 1883 3450; x_wconf 89' lang='lat' dir='ltr'><strong>et</strong></span> <span class='ocrx_word' id='word_1_470' title='bbox 1913 3403 1954 3459; x_wconf 87' lang='lat' dir='ltr'><strong><em>C</em></strong></span> <span class='ocrx_word' id='word_1_471' title='bbox 1989 3397 2170 3469; x_wconf 86' lang='lat' dir='ltr'><strong>operis</strong></span> <span class='ocrx_word' id='word_1_472' title='bbox 2202 3415 2214 3450; x_wconf 91' lang='lat'><strong>:</strong></span> <span class='ocrx_word' id='word_1_473' title='bbox 2249 3398 2314 3450; x_wconf 89' lang='lat' dir='ltr'><strong>de</strong></span> <span class='ocrx_word' id='word_1_474' title='bbox 2339 3413 2452 3469; x_wconf 91' lang='lat' dir='ltr'><strong>quo</strong></span> <span class='ocrx_word' id='word_1_475' title='bbox 2475 3396 2832 3469; x_wconf 80' lang='lat' dir='ltr'><strong>Hieronymus</strong></span> <span class='ocrx_word' id='word_1_476' title='bbox 2861 3409 3046 3452; x_wconf 84' lang='lat' dir='ltr'><strong>contra</strong></span> <span class='ocrx_word' id='word_1_477' title='bbox 3094 3398 3457 3467; x_wconf 81' lang='lat' dir='ltr'><strong>Vigilantiam.</strong></span> 
     </span>
    </p>
   </div>
   <div class='ocr_carea' id='block_1_63' title="bbox 295 3465 1884 3538">
    <p class='ocr_par' dir='ltr' id='par_1_63' title="bbox 295 3465 1884 3538">
     <span class='ocr_line' id='line_1_63' title="bbox 295 3465 1884 3538; baseline -0.003 -15"><span class='ocrx_word' id='word_1_478' title='bbox 295 3481 558 3538; x_wconf 80' lang='lat' dir='ltr'><strong>prompta</strong></span> <span class='ocrx_word' id='word_1_479' title='bbox 601 3469 916 3532; x_wconf 89' lang='lat' dir='ltr'><strong>voluntate;</strong></span> <span class='ocrx_word' id='word_1_480' title='bbox 960 3465 1226 3536; x_wconf 90' lang='lat' dir='ltr'><strong>quomodo</strong></span> <span class='ocrx_word' id='word_1_481' title='bbox 1249 3475 1300 3518; x_wconf 92' lang='lat' dir='ltr'><strong>et</strong></span> <span class='ocrx_word' id='word_1_482' title='bbox 1330 3465 1648 3538; x_wconf 73' lang='lat' dir='ltr'><strong>obedientiae</strong></span> <span class='ocrx_word' id='word_1_483' title='bbox 1673 3477 1725 3538; x_wconf 79' lang='lat' dir='ltr'><strong>et</strong></span> <span class='ocrx_word' id='word_1_484' title='bbox 1750 3481 1884 3538; x_wconf 81' lang='lat' dir='ltr'><strong>pau-</strong></span> 
     </span>
    </p>
   </div>
   <div class='ocr_carea' id='block_1_64' title="bbox 293 3535 1889 3607">
    <p class='ocr_par' dir='ltr' id='par_1_64' title="bbox 293 3535 1889 3607">
     <span class='ocr_line' id='line_1_64' title="bbox 293 3535 1889 3607; baseline -0.003 -14"><span class='ocrx_word' id='word_1_485' title='bbox 293 3535 526 3607; x_wconf 78' lang='lat' dir='ltr'><strong>pertatis</strong></span> <span class='ocrx_word' id='word_1_486' title='bbox 557 3549 686 3592; x_wconf 80' lang='lat' dir='ltr'><strong>vota</strong></span> <span class='ocrx_word' id='word_1_487' title='bbox 712 3577 727 3601; x_wconf 93' lang='lat'><strong>,</strong></span> <span class='ocrx_word' id='word_1_488' title='bbox 755 3535 1004 3602; x_wconf 72' lang='lat' dir='ltr'><strong>servata,</strong></span> <span class='ocrx_word' id='word_1_489' title='bbox 1037 3552 1141 3591; x_wconf 91' lang='lat' dir='ltr'><strong>non</strong></span> <span class='ocrx_word' id='word_1_490' title='bbox 1174 3551 1299 3589; x_wconf 87' lang='lat' dir='ltr'><strong>raro</strong></span> <span class='ocrx_word' id='word_1_491' title='bbox 1326 3535 1617 3607; x_wconf 79' lang='lat' dir='ltr'><strong>suﬂiciuut,</strong></span> <span class='ocrx_word' id='word_1_492' title='bbox 1644 3536 1726 3607; x_wconf 86' lang='lat' dir='ltr'><strong>vel</strong></span> <span class='ocrx_word' id='word_1_493' title='bbox 1751 3537 1889 3588; x_wconf 81' lang='lat' dir='ltr'><strong>deii-</strong></span> 
     </span>
    </p>
   </div>
   <div class='ocr_carea' id='block_1_65' title="bbox 290 3606 1888 3677">
    <p class='ocr_par' dir='ltr' id='par_1_65' title="bbox 290 3606 1888 3677">
     <span class='ocr_line' id='line_1_65' title="bbox 290 3606 1888 3677; baseline -0.002 -16"><span class='ocrx_word' id='word_1_494' title='bbox 290 3606 473 3663; x_wconf 77' lang='lat' dir='ltr'><strong>ciente</strong></span> <span class='ocrx_word' id='word_1_495' title='bbox 497 3608 605 3677; x_wconf 89' lang='lat' dir='ltr'><strong>qui</strong></span> <span class='ocrx_word' id='word_1_496' title='bbox 648 3607 945 3676; x_wconf 74' lang='lat' dir='ltr'><strong>praecipiat,</strong></span> <span class='ocrx_word' id='word_1_497' title='bbox 974 3607 1054 3659; x_wconf 85' lang='lat' dir='ltr'><strong>vel</strong></span> <span class='ocrx_word' id='word_1_498' title='bbox 1089 3622 1186 3677; x_wconf 81' lang='lat' dir='ltr'><strong>usu</strong></span> <span class='ocrx_word' id='word_1_499' title='bbox 1224 3621 1403 3659; x_wconf 92' lang='lat' dir='ltr'><strong>rerum</strong></span> <span class='ocrx_word' id='word_1_500' title='bbox 1451 3606 1664 3658; x_wconf 89' lang='lat' dir='ltr'><strong>interim</strong></span> <span class='ocrx_word' id='word_1_501' title='bbox 1698 3606 1888 3677; x_wconf 82' lang='lat' dir='ltr'><strong>libero,</strong></span> 
     </span>
    </p>
   </div>
   <div class='ocr_carea' id='block_1_66' title="bbox 292 3675 1889 3746">
    <p class='ocr_par' dir='ltr' id='par_1_66' title="bbox 292 3675 1889 3746">
     <span class='ocr_line' id='line_1_66' title="bbox 292 3675 1889 3746; baseline -0.001 -17"><span class='ocrx_word' id='word_1_502' title='bbox 292 3695 355 3731; x_wconf 86' lang='lat' dir='ltr'><strong>ac</strong></span> <span class='ocrx_word' id='word_1_503' title='bbox 386 3675 586 3746; x_wconf 79' lang='lat' dir='ltr'><strong>qualis</strong></span> <span class='ocrx_word' id='word_1_504' title='bbox 614 3675 728 3731; x_wconf 81' lang='lat' dir='ltr'><strong>fere</strong></span> <span class='ocrx_word' id='word_1_505' title='bbox 761 3687 843 3730; x_wconf 90' lang='lat' dir='ltr'><strong>est</strong></span> <span class='ocrx_word' id='word_1_506' title='bbox 873 3677 1092 3746; x_wconf 74' lang='lat' dir='ltr'><strong>domini.</strong></span> <span class='ocrx_word' id='word_1_507' title='bbox 1125 3675 1237 3740; x_wconf 88' lang='lat' dir='ltr'><strong>Qua</strong></span> <span class='ocrx_word' id='word_1_508' title='bbox 1277 3677 1342 3728; x_wconf 87' lang='lat' dir='ltr'><strong>de</strong></span> <span class='ocrx_word' id='word_1_509' title='bbox 1374 3690 1430 3728; x_wconf 89' lang='lat' dir='ltr'><strong>re</strong></span> <span class='ocrx_word' id='word_1_510' title='bbox 1453 3683 1561 3727; x_wconf 94' lang='lat' dir='ltr'><strong>tum</strong></span> <span class='ocrx_word' id='word_1_511' title='bbox 1596 3675 1889 3746; x_wconf 69' lang='lat' dir='ltr'><strong>canonistze</strong></span> 
     </span>
    </p>
   </div>
   <div class='ocr_carea' id='block_1_67' title="bbox 289 3743 1883 3812">
    <p class='ocr_par' dir='ltr' id='par_1_67' title="bbox 289 3743 1883 3812">
     <span class='ocr_line' id='line_1_67' title="bbox 289 3743 1883 3812; baseline -0.001 -14"><span class='ocrx_word' id='word_1_512' title='bbox 289 3751 353 3798; x_wconf 77' lang='lat' dir='ltr'><strong>ad</strong></span> <span class='ocrx_word' id='word_1_513' title='bbox 385 3743 617 3803; x_wconf 82' lang='lat' dir='ltr'><strong>Decret.</strong></span> <span class='ocrx_word' id='word_1_514' title='bbox 649 3759 828 3802; x_wconf 82' lang='lat' dir='ltr'><strong>extra.</strong></span> <span class='ocrx_word' id='word_1_515' title='bbox 859 3743 991 3800; x_wconf 84' lang='lat' dir='ltr'><strong>Cum</strong></span> <span class='ocrx_word' id='word_1_516' title='bbox 1019 3747 1086 3798; x_wconf 84' lang='lat' dir='ltr'><strong>ad</strong></span> <span class='ocrx_word' id='word_1_517' title='bbox 1115 3747 1512 3806; x_wconf 84' lang='lat' dir='ltr'><strong>monasterium,</strong></span> <span class='ocrx_word' id='word_1_518' title='bbox 1542 3754 1596 3797; x_wconf 88' lang='lat' dir='ltr'><strong>et</strong></span> <span class='ocrx_word' id='word_1_519' title='bbox 1627 3744 1883 3812; x_wconf 86' lang='lat' dir='ltr'><strong>Theologi</strong></span> 
     </span>
    </p>
   </div>
   <div class='ocr_carea' id='block_1_68' title="bbox 287 3812 1886 3880">
    <p class='ocr_par' dir='ltr' id='par_1_68' title="bbox 287 3812 1886 3880">
     <span class='ocr_line' id='line_1_68' title="bbox 287 3812 1886 3880; baseline -0.002 -11"><span class='ocrx_word' id='word_1_520' title='bbox 287 3816 399 3880; x_wconf 72' lang='lat'><strong>2-2,</strong></span> <span class='ocrx_word' id='word_1_521' title='bbox 449 3819 549 3872; x_wconf 86' lang='lat' dir='ltr'><strong>ubi</strong></span> <span class='ocrx_word' id='word_1_522' title='bbox 602 3819 671 3871; x_wconf 85' lang='lat' dir='ltr'><strong>de</strong></span> <span class='ocrx_word' id='word_1_523' title='bbox 718 3825 860 3868; x_wconf 90' lang='lat' dir='ltr'><strong>voto.</strong></span> <span class='ocrx_word' id='word_1_524' title='bbox 895 3815 1151 3869; x_wconf 84' lang='lat' dir='ltr'><strong>Sil&#39;anus:</strong></span> <span class='ocrx_word' id='word_1_525' title='bbox 1187 3812 1372 3880; x_wconf 80' lang='lat' dir='ltr'><strong>Utpote</strong></span> <span class='ocrx_word' id='word_1_526' title='bbox 1413 3815 1614 3867; x_wconf 78' lang='lat' dir='ltr'><strong>virtutis</strong></span> <span class='ocrx_word' id='word_1_527' title='bbox 1651 3813 1811 3866; x_wconf 83' lang='lat' dir='ltr'><strong>studii</strong></span> <span class='ocrx_word' id='word_1_528' title='bbox 1838 3825 1886 3866; x_wconf 85' lang='lat' dir='ltr'><strong>et</strong></span> 
     </span>
    </p>
   </div>
   <div class='ocr_carea' id='block_1_69' title="bbox 292 3883 1887 3952">
    <p class='ocr_par' dir='ltr' id='par_1_69' title="bbox 292 3883 1887 3952">
     <span class='ocr_line' id='line_1_69' title="bbox 292 3883 1887 3952; baseline 0.001 -16"><span class='ocrx_word' id='word_1_529' title='bbox 292 3889 482 3940; x_wconf 78' lang='lat' dir='ltr'><strong>mentis</strong></span> <span class='ocrx_word' id='word_1_530' title='bbox 515 3886 924 3940; x_wconf 73' lang='lat' dir='ltr'><strong>exercitationis</strong></span> <span class='ocrx_word' id='word_1_531' title='bbox 953 3895 1335 3939; x_wconf 84' lang='lat' dir='ltr'><strong>ornamentum.</strong></span> <span class='ocrx_word' id='word_1_532' title='bbox 1369 3883 1532 3938; x_wconf 86' lang='lat' dir='ltr'><strong>Plane</strong></span> <span class='ocrx_word' id='word_1_533' title='bbox 1552 3884 1758 3952; x_wconf 86' lang='lat' dir='ltr'><strong>jejune,</strong></span> <span class='ocrx_word' id='word_1_534' title='bbox 1789 3897 1887 3938; x_wconf 88' lang='lat' dir='ltr'><strong>nec</strong></span> 
     </span>
    </p>
   </div>
   <div class='ocr_carea' id='block_1_70' title="bbox 287 3954 1372 4024">
    <p class='ocr_par' dir='ltr' id='par_1_70' title="bbox 287 3954 1372 4024">
     <span class='ocr_line' id='line_1_70' title="bbox 287 3954 1372 4024; baseline 0.001 -18"><span class='ocrx_word' id='word_1_535' title='bbox 287 3959 601 4024; x_wconf 78' lang='lat' dir='ltr'><strong>quidquam</strong></span> <span class='ocrx_word' id='word_1_536' title='bbox 633 3957 704 4009; x_wconf 87' lang='lat' dir='ltr'><strong>ad</strong></span> <span class='ocrx_word' id='word_1_537' title='bbox 735 3964 962 4024; x_wconf 79' lang='lat' dir='ltr'><strong>mentem</strong></span> <span class='ocrx_word' id='word_1_538' title='bbox 995 3954 1372 4024; x_wconf 76' lang='lat' dir='ltr'><strong>Amphil‘ochii.</strong></span> 
     </span>
    </p>
   </div>
   <div class='ocr_carea' id='block_1_71' title="bbox 357 4023 1881 4092">
    <p class='ocr_par' dir='ltr' id='par_1_71' title="bbox 357 4023 1881 4092">
     <span class='ocr_line' id='line_1_71' title="bbox 357 4023 1881 4092; baseline -0.002 -13"><span class='ocrx_word' id='word_1_539' title='bbox 357 4027 476 4092; x_wconf 78' lang='grc'><strong>(15)</strong></span> <span class='ocrx_word' id='word_1_540' title='bbox 519 4027 638 4091; x_wconf 62' lang='grc' dir='ltr'><strong>ΔὩς</strong></span> <span class='ocrx_word' id='word_1_541' title='bbox 690 4023 807 4076; x_wconf 84' lang='grc' dir='ltr'><strong>τῶν</strong></span> <span class='ocrx_word' id='word_1_542' title='bbox 831 4023 1406 4092; x_wconf 74' lang='grc' dir='ltr'>ὲπιιναγκαιοπαθῶν</span> <span class='ocrx_word' id='word_1_543' title='bbox 1442 4023 1747 4091; x_wconf 77' lang='grc' dir='ltr'>ἐλευθέρα.</span> <span class='ocrx_word' id='word_1_544' title='bbox 1796 4023 1881 4076; x_wconf 84' lang='grc' dir='ltr'><strong>ΑΙ.</strong></span> 
     </span>
    </p>
   </div>
   <div class='ocr_carea' id='block_1_72' title="bbox 287 4093 1886 4162">
    <p class='ocr_par' dir='ltr' id='par_1_72' title="bbox 287 4093 1886 4162">
     <span class='ocr_line' id='line_1_72' title="bbox 287 4093 1886 4162; baseline -0.001 -14"><span class='ocrx_word' id='word_1_545' title='bbox 287 4096 669 4149; x_wconf 83' lang='grc' dir='ltr'>ἀπολυθεῖσα.</span> <span class='ocrx_word' id='word_1_546' title='bbox 713 4093 875 4147; x_wconf 80' lang='lat' dir='ltr'><strong>Velut</strong></span> <span class='ocrx_word' id='word_1_547' title='bbox 921 4109 1038 4161; x_wconf 74' lang='lat' dir='ltr'><strong>qua:</strong></span> <span class='ocrx_word' id='word_1_548' title='bbox 1084 4095 1328 4162; x_wconf 85' lang='lat' dir='ltr'><strong>superior</strong></span> <span class='ocrx_word' id='word_1_549' title='bbox 1367 4095 1613 4148; x_wconf 85' lang='lat' dir='ltr'><strong>videatur</strong></span> <span class='ocrx_word' id='word_1_550' title='bbox 1636 4095 1886 4147; x_wconf 85' lang='lat' dir='ltr'><strong>humanis</strong></span> 
     </span>
    </p>
   </div>
   <div class='ocr_carea' id='block_1_73' title="bbox 285 4162 1882 4234">
    <p class='ocr_par' dir='ltr' id='par_1_73' title="bbox 285 4162 1882 4234">
     <span class='ocr_line' id='line_1_73' title="bbox 285 4162 1882 4234; baseline -0.001 -17"><span class='ocrx_word' id='word_1_551' title='bbox 285 4169 660 4234; x_wconf 82' lang='lat' dir='ltr'><strong>passionibus</strong></span> <span class='ocrx_word' id='word_1_552' title='bbox 719 4163 1273 4231; x_wconf 58' lang='lat' dir='ltr'><strong>necessi&#39;atihusque,</strong></span> <span class='ocrx_word' id='word_1_553' title='bbox 1325 4177 1388 4216; x_wconf 89' lang='lat' dir='ltr'><strong>ac</strong></span> <span class='ocrx_word' id='word_1_554' title='bbox 1439 4165 1726 4234; x_wconf 84' lang='lat' dir='ltr'><strong>quemdam</strong></span> <span class='ocrx_word' id='word_1_555' title='bbox 1761 4162 1882 4234; x_wconf 74' lang='lat' dir='ltr'><strong>jam</strong></span> 
     </span>
    </p>
   </div>
   <div class='ocr_carea' id='block_1_74' title="bbox 285 4232 1886 4304">
    <p class='ocr_par' dir='ltr' id='par_1_74' title="bbox 285 4232 1886 4304">
     <span class='ocr_line' id='line_1_74' title="bbox 285 4232 1886 4304; baseline -0.002 -16"><span class='ocrx_word' id='word_1_556' title='bbox 285 4232 609 4304; x_wconf 77' lang='lat' dir='ltr'><strong>angelicum</strong></span> <span class='ocrx_word' id='word_1_557' title='bbox 646 4245 702 4288; x_wconf 88' lang='lat' dir='ltr'><strong>et</strong></span> <span class='ocrx_word' id='word_1_558' title='bbox 755 4235 1172 4300; x_wconf 85' lang='lat' dir='ltr'><strong>incorruptionis</strong></span> <span class='ocrx_word' id='word_1_559' title='bbox 1208 4242 1405 4287; x_wconf 85' lang='lat' dir='ltr'><strong>statqu</strong></span> <span class='ocrx_word' id='word_1_560' title='bbox 1455 4233 1720 4304; x_wconf 64' lang='lat' dir='ltr'><strong>prtel&#39;erat.</strong></span> <span class='ocrx_word' id='word_1_561' title='bbox 1756 4232 1886 4304; x_wconf 84' lang='lat' dir='ltr'><strong>Erat</strong></span> 
     </span>
    </p>
   </div>
   <div class='ocr_carea' id='block_1_75' title="bbox 289 4303 1886 4366">
    <p class='ocr_par' dir='ltr' id='par_1_75' title="bbox 289 4303 1886 4366">
     <span class='ocr_line' id='line_1_75' title="bbox 289 4303 1886 4366; baseline -0.003 -8"><span class='ocrx_word' id='word_1_562' title='bbox 289 4303 470 4360; x_wconf 68' lang='lat' dir='ltr'><strong>textus</strong></span> <span class='ocrx_word' id='word_1_563' title='bbox 505 4305 813 4359; x_wconf 87' lang='lat' dir='ltr'><strong>mendosus</strong></span> <span class='ocrx_word' id='word_1_564' title='bbox 855 4305 1074 4356; x_wconf 86' lang='lat' dir='ltr'><strong>omnino</strong></span> <span class='ocrx_word' id='word_1_565' title='bbox 1133 4313 1186 4356; x_wconf 88' lang='lat' dir='ltr'><strong>et</strong></span> <span class='ocrx_word' id='word_1_566' title='bbox 1228 4304 1448 4355; x_wconf 88' lang='lat' dir='ltr'><strong>mutilus</strong></span> <span class='ocrx_word' id='word_1_567' title='bbox 1476 4303 1551 4366; x_wconf 83' lang='grc' dir='ltr'><strong>ὡς</strong></span> <span class='ocrx_word' id='word_1_568' title='bbox 1588 4303 1694 4355; x_wconf 86' lang='grc' dir='ltr'><strong>τῶν</strong></span> <span class='ocrx_word' id='word_1_569' title='bbox 1731 4303 1886 4356; x_wconf 77' lang='grc' dir='ltr'>ἐπάν-</span> 
     </span>
    </p>
   </div>
   <div class='ocr_carea' id='block_1_76' title="bbox 281 4370 1884 4443">
    <p class='ocr_par' dir='ltr' id='par_1_76' title="bbox 281 4370 1884 4443">
     <span class='ocr_line' id='line_1_76' title="bbox 281 4370 1884 4443; baseline -0.002 -16"><span class='ocrx_word' id='word_1_570' title='bbox 281 4393 456 4442; x_wconf 81' lang='grc' dir='ltr'>αγκες</span> <span class='ocrx_word' id='word_1_571' title='bbox 481 4373 736 4428; x_wconf 82' lang='grc' dir='ltr'>ὲλθοῦσα</span> <span class='ocrx_word' id='word_1_572' title='bbox 761 4373 837 4443; x_wconf 84' lang='grc' dir='ltr'>τῷ</span> <span class='ocrx_word' id='word_1_573' title='bbox 877 4373 1111 4443; x_wconf 83' lang='grc' dir='ltr'>νυμφίῳ,</span> <span class='ocrx_word' id='word_1_574' title='bbox 1141 4389 1192 4425; x_wconf 89' lang='grc' dir='ltr'><strong>κ.</strong></span> <span class='ocrx_word' id='word_1_575' title='bbox 1221 4390 1273 4427; x_wconf 91' lang='grc' dir='ltr'>τ.</span> <span class='ocrx_word' id='word_1_576' title='bbox 1302 4371 1380 4437; x_wconf 80' lang='grc' dir='ltr'><strong>ἐξ.</strong></span> <span class='ocrx_word' id='word_1_577' title='bbox 1411 4370 1740 4443; x_wconf 80' lang='lat' dir='ltr'><strong>Siia_nus:Ut</strong></span> <span class='ocrx_word' id='word_1_578' title='bbox 1770 4389 1884 4442; x_wconf 73' lang='lat' dir='ltr'><strong>qua:</strong></span> 
     </span>
    </p>
   </div>
   <div class='ocr_carea' id='block_1_77' title="bbox 285 4441 1877 4512">
    <p class='ocr_par' dir='ltr' id='par_1_77' title="bbox 285 4441 1877 4512">
     <span class='ocr_line' id='line_1_77' title="bbox 285 4441 1877 4512; baseline -0.002 -15"><span class='ocrx_word' id='word_1_579' title='bbox 285 4441 600 4500; x_wconf 74' lang='lat' dir='ltr'><strong>necessario</strong></span> <span class='ocrx_word' id='word_1_580' title='bbox 632 4441 825 4512; x_wconf 82' lang='lat' dir='ltr'><strong>sponso</strong></span> <span class='ocrx_word' id='word_1_581' title='bbox 871 4441 1080 4496; x_wconf 76' lang='lat' dir='ltr'><strong>Christo</strong></span> <span class='ocrx_word' id='word_1_582' title='bbox 1114 4445 1282 4496; x_wconf 83' lang='lat' dir='ltr'><strong>reniat</strong></span> <span class='ocrx_word' id='word_1_583' title='bbox 1313 4443 1368 4495; x_wconf 84' lang='lat' dir='ltr'><strong>in</strong></span> <span class='ocrx_word' id='word_1_584' title='bbox 1409 4441 1701 4495; x_wconf 86' lang='lat' dir='ltr'><strong>thalamum</strong></span> <span class='ocrx_word' id='word_1_585' title='bbox 1733 4441 1877 4511; x_wconf 82' lang='lat' dir='ltr'><strong>regni</strong></span> 
     </span>
    </p>
   </div>
   <div class='ocr_carea' id='block_1_78' title="bbox 283 4513 1884 4581">
    <p class='ocr_par' dir='ltr' id='par_1_78' title="bbox 283 4513 1884 4581">
     <span class='ocr_line' id='line_1_78' title="bbox 283 4513 1884 4581; baseline -0.001 -14"><span class='ocrx_word' id='word_1_586' title='bbox 283 4516 552 4570; x_wconf 74' lang='lat' dir='ltr'><strong>caelorum</strong></span> <span class='ocrx_word' id='word_1_587' title='bbox 579 4529 602 4567; x_wconf 90' lang='lat'><strong>:</strong></span> <span class='ocrx_word' id='word_1_588' title='bbox 632 4514 788 4581; x_wconf 86' lang='lat' dir='ltr'><strong>cujus</strong></span> <span class='ocrx_word' id='word_1_589' title='bbox 812 4513 939 4568; x_wconf 90' lang='lat' dir='ltr'><strong>dicti</strong></span> <span class='ocrx_word' id='word_1_590' title='bbox 962 4523 1054 4566; x_wconf 88' lang='lat' dir='ltr'><strong>aut</strong></span> <span class='ocrx_word' id='word_1_591' title='bbox 1078 4527 1182 4566; x_wconf 90' lang='lat' dir='ltr'><strong>non</strong></span> <span class='ocrx_word' id='word_1_592' title='bbox 1214 4513 1368 4569; x_wconf 88' lang='lat' dir='ltr'><strong>video</strong></span> <span class='ocrx_word' id='word_1_593' title='bbox 1388 4527 1627 4576; x_wconf 86' lang='lat' dir='ltr'><strong>sensum,</strong></span> <span class='ocrx_word' id='word_1_594' title='bbox 1656 4521 1750 4566; x_wconf 89' lang='lat' dir='ltr'><strong>aut</strong></span> <span class='ocrx_word' id='word_1_595' title='bbox 1779 4529 1884 4566; x_wconf 91' lang='lat' dir='ltr'><strong>non</strong></span> 
     </span>
    </p>
   </div>
   <div class='ocr_carea' id='block_1_79' title="bbox 283 4589 696 4640">
    <p class='ocr_par' dir='ltr' id='par_1_79' title="bbox 283 4589 696 4640">
     <span class='ocr_line' id='line_1_79' title="bbox 283 4589 696 4640; baseline -0.005 -2"><span class='ocrx_word' id='word_1_596' title='bbox 283 4589 420 4638; x_wconf 68' lang='lat' dir='ltr'><strong>satis</strong></span> <span class='ocrx_word' id='word_1_597' title='bbox 449 4599 696 4640; x_wconf 85' lang='lat' dir='ltr'><strong>sanum.</strong></span> 
     </span>
    </p>
   </div>
   <div class='ocr_carea' id='block_1_80' title="bbox 352 4650 1892 4724">
    <p class='ocr_par' dir='ltr' id='par_1_80' title="bbox 352 4650 1892 4724">
     <span class='ocr_line' id='line_1_80' title="bbox 352 4650 1892 4724; baseline -0.004 -16"><span class='ocrx_word' id='word_1_598' title='bbox 352 4655 471 4724; x_wconf 88' lang='grc'><strong>(16)</strong></span> <span class='ocrx_word' id='word_1_599' title='bbox 499 4656 613 4720; x_wconf 84' lang='grc' dir='ltr'>Ὡς</span> <span class='ocrx_word' id='word_1_600' title='bbox 635 4654 846 4724; x_wconf 76' lang='grc' dir='ltr'>ἐκείνῳ</span> <span class='ocrx_word' id='word_1_601' title='bbox 861 4652 1337 4721; x_wconf 75' lang='grc' dir='ltr'>πολιτευόμενος.</span> <span class='ocrx_word' id='word_1_602' title='bbox 1360 4651 1518 4706; x_wconf 80' lang='lat' dir='ltr'><strong>Velut</strong></span> <span class='ocrx_word' id='word_1_603' title='bbox 1539 4651 1685 4724; x_wconf 19' lang='lat' dir='ltr'><strong>Aquod</strong></span> <span class='ocrx_word' id='word_1_604' title='bbox 1713 4651 1795 4704; x_wconf 86' lang='lat' dir='ltr'><strong>illi</strong></span> <span class='ocrx_word' id='word_1_605' title='bbox 1811 4650 1892 4724; x_wconf 78' lang='lat' dir='ltr'><strong>vi-</strong></span> 
     </span>
    </p>
   </div>
   <div class='ocr_carea' id='block_1_81' title="bbox 281 4721 1892 4790">
    <p class='ocr_par' dir='ltr' id='par_1_81' title="bbox 281 4721 1892 4790">
     <span class='ocr_line' id='line_1_81' title="bbox 281 4721 1892 4790; baseline -0.002 -14"><span class='ocrx_word' id='word_1_606' title='bbox 281 4721 459 4778; x_wconf 11' lang='lat' dir='ltr'><strong>vatur,</strong></span> <span class='ocrx_word' id='word_1_607' title='bbox 475 4735 538 4779; x_wconf 83' lang='lat' dir='ltr'><strong>et</strong></span> <span class='ocrx_word' id='word_1_608' title='bbox 569 4723 792 4776; x_wconf 87' lang='lat' dir='ltr'><strong>militet.</strong></span> <span class='ocrx_word' id='word_1_609' title='bbox 817 4722 893 4776; x_wconf 79' lang='lat' dir='ltr'><strong>Re</strong></span> <span class='ocrx_word' id='word_1_610' title='bbox 915 4737 1040 4776; x_wconf 85' lang='lat' dir='ltr'><strong>vera</strong></span> <span class='ocrx_word' id='word_1_611' title='bbox 1061 4725 1201 4775; x_wconf 89' lang='lat' dir='ltr'><strong>enim</strong></span> <span class='ocrx_word' id='word_1_612' title='bbox 1226 4723 1388 4775; x_wconf 89' lang='lat' dir='ltr'><strong>etiam</strong></span> <span class='ocrx_word' id='word_1_613' title='bbox 1405 4722 1600 4790; x_wconf 57' lang='lat' dir='ltr'><strong>nuptiae</strong></span> <span class='ocrx_word' id='word_1_614' title='bbox 1623 4721 1731 4774; x_wconf 89' lang='lat' dir='ltr'><strong>Deo</strong></span> <span class='ocrx_word' id='word_1_615' title='bbox 1753 4722 1892 4774; x_wconf 80' lang='lat' dir='ltr'><strong>mili-</strong></span> 
     </span>
    </p>
   </div>
   <div class='ocr_carea' id='block_1_82' title="bbox 286 4791 1887 4862">
    <p class='ocr_par' dir='ltr' id='par_1_82' title="bbox 286 4791 1887 4862">
     <span class='ocr_line' id='line_1_82' title="bbox 286 4791 1887 4862; baseline -0.001 -17"><span class='ocrx_word' id='word_1_616' title='bbox 286 4805 437 4857; x_wconf 85' lang='lat' dir='ltr'><strong>tant;</strong></span> <span class='ocrx_word' id='word_1_617' title='bbox 474 4808 810 4862; x_wconf 83' lang='lat' dir='ltr'><strong>quanquam</strong></span> <span class='ocrx_word' id='word_1_618' title='bbox 839 4792 1030 4862; x_wconf 85' lang='lat' dir='ltr'><strong>majori</strong></span> <span class='ocrx_word' id='word_1_619' title='bbox 1060 4791 1887 4862; x_wconf 59' lang='lat' dir='ltr'><strong>quiatttrvirginitasdiﬂicultate,</strong></span> 
     </span>
    </p>
   </div>
   <div class='ocr_carea' id='block_1_83' title="bbox 287 4859 1890 4918">
    <p class='ocr_par' dir='ltr' id='par_1_83' title="bbox 287 4859 1890 4918">
     <span class='ocr_line' id='line_1_83' title="bbox 287 4859 1890 4918; baseline -0.002 -2"><span class='ocrx_word' id='word_1_620' title='bbox 287 4876 340 4917; x_wconf 80' lang='lat' dir='ltr'><strong>et</strong></span> <span class='ocrx_word' id='word_1_621' title='bbox 388 4859 758 4918; x_wconf 78' lang='lat' dir='ltr'><strong>terrenorqu</strong></span> <span class='ocrx_word' id='word_1_622' title='bbox 789 4859 1165 4916; x_wconf 82' lang='lat' dir='ltr'><strong>sollicitudine.</strong></span> <span class='ocrx_word' id='word_1_623' title='bbox 1217 4859 1434 4914; x_wconf 73' lang='lat' dir='ltr'><strong>Sil‘anus</strong></span> <span class='ocrx_word' id='word_1_624' title='bbox 1462 4876 1475 4912; x_wconf 89' lang='lat'><strong>:</strong></span> <span class='ocrx_word' id='word_1_625' title='bbox 1508 4859 1641 4913; x_wconf 88' lang='lat' dir='ltr'><strong>Cum</strong></span> <span class='ocrx_word' id='word_1_626' title='bbox 1695 4863 1758 4913; x_wconf 82' lang='lat' dir='ltr'><strong>ab</strong></span> <span class='ocrx_word' id='word_1_627' title='bbox 1799 4861 1890 4913; x_wconf 86' lang='lat' dir='ltr'><strong>illo</strong></span> 
     </span>
    </p>
   </div>
   <div class='ocr_carea' id='block_1_84' title="bbox 287 4931 1891 5002">
    <p class='ocr_par' dir='ltr' id='par_1_84' title="bbox 287 4931 1891 5002">
     <span class='ocr_line' id='line_1_84' title="bbox 287 4931 1891 5002; baseline -0.001 -18"><span class='ocrx_word' id='word_1_628' title='bbox 287 4947 507 5002; x_wconf 70' lang='lat' dir='ltr'><strong>regatur</strong></span> <span class='ocrx_word' id='word_1_629' title='bbox 549 4943 611 4986; x_wconf 80' lang='lat' dir='ltr'><strong>et</strong></span> <span class='ocrx_word' id='word_1_630' title='bbox 653 4932 1078 4994; x_wconf 71' lang='lat' dir='ltr'><strong>administratur,</strong></span> <span class='ocrx_word' id='word_1_631' title='bbox 1119 4932 1299 5002; x_wconf 77' lang='lat' dir='ltr'><strong>minus</strong></span> <span class='ocrx_word' id='word_1_632' title='bbox 1325 4939 1446 4998; x_wconf 89' lang='lat' dir='ltr'><strong>apte</strong></span> <span class='ocrx_word' id='word_1_633' title='bbox 1471 4931 1750 5002; x_wconf 24' lang='lat' dir='ltr'><strong>:Huteuim</strong></span> <span class='ocrx_word' id='word_1_634' title='bbox 1785 4931 1891 4982; x_wconf 87' lang='lat' dir='ltr'><strong>vir-</strong></span> 
     </span>
    </p>
   </div>
   <div class='ocr_carea' id='block_1_85' title="bbox 281 5000 1888 5069">
    <p class='ocr_par' dir='ltr' id='par_1_85' title="bbox 281 5000 1888 5069">
     <span class='ocr_line' id='line_1_85' title="bbox 281 5000 1888 5069; baseline -0.002 -15"><span class='ocrx_word' id='word_1_635' title='bbox 281 5000 565 5069; x_wconf 76' lang='lat' dir='ltr'><strong>giiiitatis,</strong></span> <span class='ocrx_word' id='word_1_636' title='bbox 600 5005 683 5056; x_wconf 87' lang='lat' dir='ltr'><strong>ita</strong></span> <span class='ocrx_word' id='word_1_637' title='bbox 731 5003 1036 5067; x_wconf 88' lang='lat' dir='ltr'><strong>nuptiarum</strong></span> <span class='ocrx_word' id='word_1_638' title='bbox 1081 5000 1276 5069; x_wconf 87' lang='lat' dir='ltr'><strong>ubique</strong></span> <span class='ocrx_word' id='word_1_639' title='bbox 1305 5000 1716 5069; x_wconf 78' lang='lat' dir='ltr'><strong>Amphilochius</strong></span> <span class='ocrx_word' id='word_1_640' title='bbox 1761 5016 1888 5067; x_wconf 85' lang='lat' dir='ltr'><strong>pro-</strong></span> 
     </span>
    </p>
   </div>
   <div class='ocr_carea' id='block_1_86' title="bbox 280 5067 1892 5141">
    <p class='ocr_par' dir='ltr' id='par_1_86' title="bbox 280 5067 1892 5141">
     <span class='ocr_line' id='line_1_86' title="bbox 280 5067 1892 5141; baseline -0.004 -15"><span class='ocrx_word' id='word_1_641' title='bbox 280 5067 992 5141; x_wconf 56' lang='lat' dir='ltr'><strong>sequiturxa&#39;rogzetbpara</strong></span> <span class='ocrx_word' id='word_1_642' title='bbox 1015 5108 1052 5141; x_wconf 18' lang='grc' dir='ltr'>,Α</span> <span class='ocrx_word' id='word_1_643' title='bbox 1094 5067 1202 5123; x_wconf 86' lang='lat' dir='ltr'><strong>non</strong></span> <span class='ocrx_word' id='word_1_644' title='bbox 1230 5069 1546 5141; x_wconf 63' lang='lat' dir='ltr'><strong>formaliter</strong></span> <span class='ocrx_word' id='word_1_645' title='bbox 1590 5067 1767 5122; x_wconf 86' lang='lat' dir='ltr'><strong>divina</strong></span> <span class='ocrx_word' id='word_1_646' title='bbox 1800 5086 1892 5140; x_wconf 70' lang='lat' dir='ltr'><strong>xa-</strong></span> 
     </span>
    </p>
   </div>
   <div class='ocr_carea' id='block_1_87' title="bbox 1784 5154 1891 5208">
    <p class='ocr_par' dir='ltr' id='par_1_87' title="bbox 1784 5154 1891 5208">
     <span class='ocr_line' id='line_1_87' title="bbox 1784 5154 1891 5208; baseline 0.037 -19"><span class='ocrx_word' id='word_1_647' title='bbox 1784 5154 1891 5208; x_wconf 87' lang='lat' dir='ltr'><strong>quo</strong></span> 
     </span>
    </p>
   </div>
   <div class='ocr_carea' id='block_1_88' title="bbox 282 5138 1716 5214">
    <p class='ocr_par' dir='ltr' id='par_1_88' title="bbox 282 5138 1716 5214">
     <span class='ocr_line' id='line_1_88' title="bbox 282 5138 1716 5214; baseline -0.002 -20"><span class='ocrx_word' id='word_1_648' title='bbox 282 5138 536 5214; x_wconf 77' lang='grc' dir='ltr'>ρίσματα</span> <span class='ocrx_word' id='word_1_649' title='bbox 594 5181 615 5206; x_wconf 85' lang='grc'><strong>,</strong></span> <span class='ocrx_word' id='word_1_650' title='bbox 695 5138 976 5214; x_wconf 35' lang='lat' dir='ltr'><strong>quid—illa</strong></span> <span class='ocrx_word' id='word_1_651' title='bbox 1041 5138 1241 5214; x_wconf 79' lang='lat' dir='ltr'><strong>homini</strong></span> <span class='ocrx_word' id='word_1_652' title='bbox 1295 5139 1616 5214; x_wconf 59' lang='lat' dir='ltr'><strong>cupierunt,</strong></span> <span class='ocrx_word' id='word_1_653' title='bbox 1663 5149 1716 5193; x_wconf 89' lang='lat' dir='ltr'><strong>et</strong></span> 
     </span>
    </p>
   </div>
   <div class='ocr_carea' id='block_1_89' title="bbox 280 5208 1747 5284">
    <p class='ocr_par' dir='ltr' id='par_1_89' title="bbox 280 5208 1747 5284">
     <span class='ocr_line' id='line_1_89' title="bbox 280 5208 1747 5284; baseline -0.003 -17"><span class='ocrx_word' id='word_1_654' title='bbox 280 5208 687 5284; x_wconf 73' lang='lat' dir='ltr'><strong>obsequantur</strong></span> <span class='ocrx_word' id='word_1_655' title='bbox 717 5211 858 5284; x_wconf 80' lang='lat' dir='ltr'><strong>Deo;</strong></span> <span class='ocrx_word' id='word_1_656' title='bbox 888 5224 1000 5284; x_wconf 76' lang='lat' dir='ltr'><strong>non</strong></span> <span class='ocrx_word' id='word_1_657' title='bbox 1020 5209 1146 5284; x_wconf 81' lang='lat' dir='ltr'><strong>quid</strong></span> <span class='ocrx_word' id='word_1_658' title='bbox 1175 5209 1323 5284; x_wconf 70' lang='lat' dir='ltr'><strong>Deus</strong></span> <span class='ocrx_word' id='word_1_659' title='bbox 1348 5208 1454 5284; x_wconf 74' lang='lat' dir='ltr'><strong>illis</strong></span> <span class='ocrx_word' id='word_1_660' title='bbox 1487 5210 1747 5284; x_wconf 72' lang='lat' dir='ltr'><strong>conferat.</strong></span> 
     </span>
    </p>
   </div>
   <div class='ocr_carea' id='block_1_90' title="bbox 350 5276 1886 5350">
    <p class='ocr_par' dir='ltr' id='par_1_90' title="bbox 350 5276 1886 5350">
     <span class='ocr_line' id='line_1_90' title="bbox 350 5276 1886 5350; baseline -0.007 -12"><span class='ocrx_word' id='word_1_661' title='bbox 350 5276 470 5350; x_wconf 65' lang='lat' dir='ltr'><strong>(l7)</strong></span> <span class='ocrx_word' id='word_1_662' title='bbox 517 5280 701 5350; x_wconf 81' lang='grc' dir='ltr'>Πρὸς</span> <span class='ocrx_word' id='word_1_663' title='bbox 733 5280 842 5348; x_wconf 74' lang='grc' dir='ltr'>γὰρ</span> <span class='ocrx_word' id='word_1_664' title='bbox 872 5279 944 5332; x_wconf 83' lang='grc' dir='ltr'>τὰ</span> <span class='ocrx_word' id='word_1_665' title='bbox 975 5276 1224 5350; x_wconf 52' lang='grc' dir='ltr'>ἑκάτερα</span> <span class='ocrx_word' id='word_1_666' title='bbox 1250 5277 1360 5345; x_wconf 82' lang='grc' dir='ltr'>τῆς</span> <span class='ocrx_word' id='word_1_667' title='bbox 1382 5278 1719 5350; x_wconf 65' lang='grc' dir='ltr'>θεοσεᾷείας</span> <span class='ocrx_word' id='word_1_668' title='bbox 1756 5276 1886 5350; x_wconf 22' lang='grc' dir='ltr'><strong>ἔχῃε-</strong></span> 
     </span>
    </p>
   </div>
   <div class='ocr_carea' id='block_1_91' title="bbox 279 5347 1886 5420">
    <p class='ocr_par' dir='ltr' id='par_1_91' title="bbox 279 5347 1886 5420">
     <span class='ocr_line' id='line_1_91' title="bbox 279 5347 1886 5420; baseline -0.003 -16"><span class='ocrx_word' id='word_1_669' title='bbox 279 5347 394 5407; x_wconf 73' lang='grc' dir='ltr'>ταὶ.</span> <span class='ocrx_word' id='word_1_670' title='bbox 427 5347 950 5420; x_wconf 17' lang='lat' dir='ltr'><strong>Nem&#39;pe‘DOminus</strong></span> <span class='ocrx_word' id='word_1_671' title='bbox 990 5349 1083 5420; x_wconf 81' lang='lat' dir='ltr'><strong>ille</strong></span> <span class='ocrx_word' id='word_1_672' title='bbox 1117 5359 1171 5400; x_wconf 89' lang='lat' dir='ltr'><strong>et</strong></span> <span class='ocrx_word' id='word_1_673' title='bbox 1200 5351 1467 5420; x_wconf 85' lang='lat' dir='ltr'><strong>provisor,</strong></span> <span class='ocrx_word' id='word_1_674' title='bbox 1489 5348 1653 5420; x_wconf 73' lang='lat' dir='ltr'><strong>velut</strong></span> <span class='ocrx_word' id='word_1_675' title='bbox 1676 5363 1738 5401; x_wconf 85' lang='lat' dir='ltr'><strong>ea</strong></span> <span class='ocrx_word' id='word_1_676' title='bbox 1765 5347 1886 5420; x_wconf 80' lang='lat' dir='ltr'><strong>alli-</strong></span> 
     </span>
    </p>
   </div>
   <div class='ocr_carea' id='block_1_92' title="bbox 280 5416 1890 5490">
    <p class='ocr_par' dir='ltr' id='par_1_92' title="bbox 280 5416 1890 5490">
     <span class='ocr_line' id='line_1_92' title="bbox 280 5416 1890 5490; baseline -0.003 -16"><span class='ocrx_word' id='word_1_677' title='bbox 280 5425 422 5475; x_wconf 87' lang='lat' dir='ltr'><strong>citnr</strong></span> <span class='ocrx_word' id='word_1_678' title='bbox 448 5416 632 5490; x_wconf 64' lang='lat' dir='ltr'><strong>eique</strong></span> <span class='ocrx_word' id='word_1_679' title='bbox 671 5418 911 5490; x_wconf 73' lang='lat' dir='ltr'><strong>insistit:</strong></span> <span class='ocrx_word' id='word_1_680' title='bbox 942 5427 1003 5472; x_wconf 91' lang='lat' dir='ltr'><strong>ut</strong></span> <span class='ocrx_word' id='word_1_681' title='bbox 1045 5417 1116 5472; x_wconf 88' lang='lat' dir='ltr'><strong>sit</strong></span> <span class='ocrx_word' id='word_1_682' title='bbox 1147 5416 1284 5472; x_wconf 78' lang='lat' dir='ltr'><strong>ratio</strong></span> <span class='ocrx_word' id='word_1_683' title='bbox 1323 5433 1422 5472; x_wconf 86' lang='lat' dir='ltr'><strong>cur</strong></span> <span class='ocrx_word' id='word_1_684' title='bbox 1449 5418 1549 5470; x_wconf 92' lang='grc' dir='ltr'><strong>οὐκ</strong></span> <span class='ocrx_word' id='word_1_685' title='bbox 1577 5416 1890 5490; x_wconf 74' lang='grc' dir='ltr'>ἀντιταλανο</span> 
     </span>
    </p>
   </div>
   <div class='ocr_carea' id='block_1_93' title="bbox 280 5487 1888 5561">
    <p class='ocr_par' dir='ltr' id='par_1_93' title="bbox 280 5487 1888 5561">
     <span class='ocr_line' id='line_1_93' title="bbox 280 5487 1888 5561; baseline -0.002 -17"><span class='ocrx_word' id='word_1_686' title='bbox 280 5494 427 5546; x_wconf 79' lang='grc' dir='ltr'><strong>τεύει</strong></span> <span class='ocrx_word' id='word_1_687' title='bbox 456 5487 679 5561; x_wconf 71' lang='grc' dir='ltr'>ἕτερον</span> <span class='ocrx_word' id='word_1_688' title='bbox 701 5487 781 5558; x_wconf 85' lang='grc' dir='ltr'>τῷ</span> <span class='ocrx_word' id='word_1_689' title='bbox 809 5488 1001 5561; x_wconf 72' lang='grc' dir='ltr'>ἑτέρῳ,</span> <span class='ocrx_word' id='word_1_690' title='bbox 1033 5502 1137 5561; x_wconf 82' lang='lat' dir='ltr'><strong>non</strong></span> <span class='ocrx_word' id='word_1_691' title='bbox 1168 5503 1335 5561; x_wconf 84' lang='lat' dir='ltr'><strong>unum</strong></span> <span class='ocrx_word' id='word_1_692' title='bbox 1362 5498 1548 5561; x_wconf 84' lang='lat' dir='ltr'><strong>contra</strong></span> <span class='ocrx_word' id='word_1_693' title='bbox 1576 5487 1718 5540; x_wconf 87' lang='lat' dir='ltr'><strong>aliud</strong></span> <span class='ocrx_word' id='word_1_694' title='bbox 1738 5489 1888 5561; x_wconf 72' lang='lat' dir='ltr'><strong>velut</strong></span> 
     </span>
    </p>
   </div>
   <div class='ocr_carea' id='block_1_94' title="bbox 284 5556 1889 5628">
    <p class='ocr_par' dir='ltr' id='par_1_94' title="bbox 284 5556 1889 5628">
     <span class='ocr_line' id='line_1_94' title="bbox 284 5556 1889 5628; baseline -0.001 -16"><span class='ocrx_word' id='word_1_695' title='bbox 284 5567 520 5616; x_wconf 87' lang='lat' dir='ltr'><strong>trutinat</strong></span> <span class='ocrx_word' id='word_1_696' title='bbox 548 5556 613 5615; x_wconf 72' lang='lat' dir='ltr'><strong>et</strong></span> <span class='ocrx_word' id='word_1_697' title='bbox 646 5556 961 5628; x_wconf 77' lang='lat' dir='ltr'><strong>appendit:</strong></span> <span class='ocrx_word' id='word_1_698' title='bbox 984 5559 1138 5625; x_wconf 90' lang='lat' dir='ltr'><strong>quasi</strong></span> <span class='ocrx_word' id='word_1_699' title='bbox 1166 5559 1278 5626; x_wconf 88' lang='lat' dir='ltr'><strong>ipsa</strong></span> <span class='ocrx_word' id='word_1_700' title='bbox 1311 5558 1534 5628; x_wconf 70' lang='lat' dir='ltr'><strong>praecise</strong></span> <span class='ocrx_word' id='word_1_701' title='bbox 1554 5597 1571 5628; x_wconf 80' lang='lat'><strong>,</strong></span> <span class='ocrx_word' id='word_1_702' title='bbox 1605 5572 1678 5628; x_wconf 18' lang='lat' dir='ltr'><strong>ac;</strong></span> <span class='ocrx_word' id='word_1_703' title='bbox 1699 5556 1798 5610; x_wconf 90' lang='lat' dir='ltr'><strong>nisi</strong></span> <span class='ocrx_word' id='word_1_704' title='bbox 1831 5568 1889 5628; x_wconf 88' lang='lat' dir='ltr'><strong>ut</strong></span> 
     </span>
    </p>
   </div>
   <div class='ocr_carea' id='block_1_95' title="bbox 289 5625 1888 5698">
    <p class='ocr_par' dir='ltr' id='par_1_95' title="bbox 289 5625 1888 5698">
     <span class='ocr_line' id='line_1_95' title="bbox 289 5625 1888 5698; baseline -0.001 -17"><span class='ocrx_word' id='word_1_705' title='bbox 289 5635 461 5686; x_wconf 81' lang='lat' dir='ltr'><strong>Inedia</strong></span> <span class='ocrx_word' id='word_1_706' title='bbox 502 5633 580 5685; x_wconf 86' lang='lat' dir='ltr'><strong>ad</strong></span> <span class='ocrx_word' id='word_1_707' title='bbox 619 5625 881 5698; x_wconf 84' lang='lat' dir='ltr'><strong>pietatem</strong></span> <span class='ocrx_word' id='word_1_708' title='bbox 927 5625 1389 5698; x_wconf 76' lang='lat' dir='ltr'><strong>religionemque,</strong></span> <span class='ocrx_word' id='word_1_709' title='bbox 1439 5627 1606 5696; x_wconf 84' lang='lat' dir='ltr'><strong>pluris</strong></span> <span class='ocrx_word' id='word_1_710' title='bbox 1643 5625 1791 5698; x_wconf 12' lang='lat' dir='ltr'><strong>illaut</strong></span> <span class='ocrx_word' id='word_1_711' title='bbox 1822 5627 1888 5680; x_wconf 90' lang='lat' dir='ltr'><strong>ab</strong></span> 
     </span>
    </p>
   </div>
   <div class='ocr_carea' id='block_1_96' title="bbox 289 5696 1885 5770">
    <p class='ocr_par' dir='ltr' id='par_1_96' title="bbox 289 5696 1885 5770">
     <span class='ocr_line' id='line_1_96' title="bbox 289 5696 1885 5770; baseline -0.002 -17"><span class='ocrx_word' id='word_1_712' title='bbox 289 5699 402 5769; x_wconf 82' lang='lat' dir='ltr'><strong>ipso</strong></span> <span class='ocrx_word' id='word_1_713' title='bbox 427 5720 444 5755; x_wconf 90' lang='lat'><strong>:</strong></span> <span class='ocrx_word' id='word_1_714' title='bbox 485 5696 654 5770; x_wconf 76' lang='lat' dir='ltr'><strong>quod</strong></span> <span class='ocrx_word' id='word_1_715' title='bbox 707 5709 882 5752; x_wconf 87' lang='lat' dir='ltr'><strong>tamen</strong></span> <span class='ocrx_word' id='word_1_716' title='bbox 931 5696 1367 5770; x_wconf 51' lang='lat' dir='ltr'><strong>non&#39;_prohihct_,</strong></span> <span class='ocrx_word' id='word_1_717' title='bbox 1403 5705 1462 5750; x_wconf 92' lang='lat' dir='ltr'><strong>ut</strong></span> <span class='ocrx_word' id='word_1_718' title='bbox 1502 5711 1568 5770; x_wconf 83' lang='lat' dir='ltr'><strong>ne</strong></span> <span class='ocrx_word' id='word_1_719' title='bbox 1605 5696 1885 5770; x_wconf 85' lang='lat' dir='ltr'><strong>virginitas</strong></span> 
     </span>
    </p>
   </div>
   <div class='ocr_carea' id='block_1_97' title="bbox 290 5767 1885 5838">
    <p class='ocr_par' dir='ltr' id='par_1_97' title="bbox 290 5767 1885 5838">
     <span class='ocr_line' id='line_1_97' title="bbox 290 5767 1885 5838; baseline -0.003 -15"><span class='ocrx_word' id='word_1_720' title='bbox 290 5767 356 5824; x_wconf 80' lang='lat' dir='ltr'><strong>sit</strong></span> <span class='ocrx_word' id='word_1_721' title='bbox 387 5767 598 5827; x_wconf 81' lang='lat' dir='ltr'><strong>metior</strong></span> <span class='ocrx_word' id='word_1_722' title='bbox 631 5778 696 5824; x_wconf 86' lang='lat' dir='ltr'><strong>et</strong></span> <span class='ocrx_word' id='word_1_723' title='bbox 743 5767 1014 5838; x_wconf 87' lang='lat' dir='ltr'><strong>acceptior</strong></span> <span class='ocrx_word' id='word_1_724' title='bbox 1061 5767 1169 5822; x_wconf 86' lang='lat' dir='ltr'><strong>Deo</strong></span> <span class='ocrx_word' id='word_1_725' title='bbox 1212 5781 1277 5822; x_wconf 88' lang='lat' dir='ltr'><strong>ex</strong></span> <span class='ocrx_word' id='word_1_726' title='bbox 1323 5767 1438 5836; x_wconf 86' lang='lat' dir='ltr'><strong>ipsa</strong></span> <span class='ocrx_word' id='word_1_727' title='bbox 1477 5767 1639 5824; x_wconf 85' lang='lat' dir='ltr'><strong>etiam</strong></span> <span class='ocrx_word' id='word_1_728' title='bbox 1679 5767 1885 5821; x_wconf 78' lang='lat' dir='ltr'><strong>ratione</strong></span> 
     </span>
    </p>
   </div>
   <div class='ocr_carea' id='block_1_98' title="bbox 2059 3468 3210 3535">
    <p class='ocr_par' dir='ltr' id='par_1_98' title="bbox 2059 3468 3210 3535">
     <span class='ocr_line' id='line_1_98' title="bbox 2059 3468 3210 3535; baseline 0.003 -16"><span class='ocrx_word' id='word_1_729' title='bbox 2059 3468 2167 3534; x_wconf 80' lang='grc'><strong>(18)</strong></span> <span class='ocrx_word' id='word_1_730' title='bbox 2203 3468 2530 3532; x_wconf 78' lang='grc' dir='ltr'>Εὐσεϐείας</span> <span class='ocrx_word' id='word_1_731' title='bbox 2565 3468 2702 3520; x_wconf 84' lang='lat' dir='ltr'><strong>Editi</strong></span> <span class='ocrx_word' id='word_1_732' title='bbox 2743 3470 2902 3530; x_wconf 81' lang='lat' dir='ltr'><strong>male,</strong></span> <span class='ocrx_word' id='word_1_733' title='bbox 2939 3469 3210 3535; x_wconf 86' lang='grc' dir='ltr'>εὐλογίας.</span> 
     </span>
    </p>
   </div>
   <div class='ocr_carea' id='block_1_99' title="bbox 2059 3537 3557 3607">
    <p class='ocr_par' dir='ltr' id='par_1_99' title="bbox 2059 3537 3557 3607">
     <span class='ocr_line' id='line_1_99' title="bbox 2059 3537 3557 3607; baseline 0.001 -18"><span class='ocrx_word' id='word_1_734' title='bbox 2059 3537 2170 3604; x_wconf 87' lang='grc'><strong>(19)</strong></span> <span class='ocrx_word' id='word_1_735' title='bbox 2212 3538 2320 3590; x_wconf 85' lang='lat' dir='ltr'><strong>Kal</strong></span> <span class='ocrx_word' id='word_1_736' title='bbox 2361 3539 2430 3590; x_wconf 81' lang='grc' dir='ltr'><strong>ἐν</strong></span> <span class='ocrx_word' id='word_1_737' title='bbox 2457 3537 2536 3602; x_wconf 86' lang='grc' dir='ltr'>τῷ</span> <span class='ocrx_word' id='word_1_738' title='bbox 2569 3538 2764 3604; x_wconf 80' lang='grc' dir='ltr'>Κυρίῳ</span> <span class='ocrx_word' id='word_1_739' title='bbox 2801 3540 2966 3607; x_wconf 81' lang='grc' dir='ltr'>μόνῳ</span> <span class='ocrx_word' id='word_1_740' title='bbox 2996 3537 3329 3607; x_wconf 72' lang='grc' dir='ltr'>πληρωθέν.</span> <span class='ocrx_word' id='word_1_741' title='bbox 3372 3537 3443 3593; x_wconf 91' lang='lat' dir='ltr'><strong>Ut</strong></span> <span class='ocrx_word' id='word_1_742' title='bbox 3474 3541 3557 3592; x_wconf 89' lang='lat' dir='ltr'><strong>ui-</strong></span> 
     </span>
    </p>
   </div>
   <div class='ocr_carea' id='block_1_100' title="bbox 1991 3608 3557 3676">
    <p class='ocr_par' dir='ltr' id='par_1_100' title="bbox 1991 3608 3557 3676">
     <span class='ocr_line' id='line_1_100' title="bbox 1991 3608 3557 3676; baseline 0.003 -17"><span class='ocrx_word' id='word_1_743' title='bbox 1991 3608 2184 3676; x_wconf 91' lang='lat' dir='ltr'><strong>mirum</strong></span> <span class='ocrx_word' id='word_1_744' title='bbox 2222 3608 2335 3674; x_wconf 88' lang='lat' dir='ltr'><strong>ipse</strong></span> <span class='ocrx_word' id='word_1_745' title='bbox 2369 3609 2605 3676; x_wconf 89' lang='lat' dir='ltr'><strong>aperiret</strong></span> <span class='ocrx_word' id='word_1_746' title='bbox 2640 3610 2884 3672; x_wconf 87' lang='lat' dir='ltr'><strong>vulvam,</strong></span> <span class='ocrx_word' id='word_1_747' title='bbox 2928 3611 3072 3662; x_wconf 91' lang='lat' dir='ltr'><strong>nullo</strong></span> <span class='ocrx_word' id='word_1_748' title='bbox 3111 3609 3318 3663; x_wconf 89' lang='lat' dir='ltr'><strong>semine</strong></span> <span class='ocrx_word' id='word_1_749' title='bbox 3355 3611 3557 3674; x_wconf 61' lang='lat' dir='ltr'><strong>praevio</strong></span> 
     </span>
    </p>
   </div>
   <div class='ocr_carea' id='block_1_101' title="bbox 1992 3675 3558 3744">
    <p class='ocr_par' dir='ltr' id='par_1_101' title="bbox 1992 3675 3558 3744">
     <span class='ocr_line' id='line_1_101' title="bbox 1992 3675 3558 3744; baseline 0.001 -15"><span class='ocrx_word' id='word_1_750' title='bbox 1992 3680 2058 3730; x_wconf 86' lang='lat' dir='ltr'><strong>ad</strong></span> <span class='ocrx_word' id='word_1_751' title='bbox 2091 3675 2206 3744; x_wconf 85' lang='lat' dir='ltr'><strong>ejus</strong></span> <span class='ocrx_word' id='word_1_752' title='bbox 2241 3675 2571 3743; x_wconf 85' lang='lat' dir='ltr'><strong>apertionem</strong></span> <span class='ocrx_word' id='word_1_753' title='bbox 2609 3695 2621 3730; x_wconf 94' lang='lat'><strong>:</strong></span> <span class='ocrx_word' id='word_1_754' title='bbox 2665 3693 2822 3744; x_wconf 88' lang='lat' dir='ltr'><strong>quam</strong></span> <span class='ocrx_word' id='word_1_755' title='bbox 2859 3677 3019 3731; x_wconf 87' lang='lat' dir='ltr'><strong>etiam</strong></span> <span class='ocrx_word' id='word_1_756' title='bbox 3056 3680 3319 3733; x_wconf 89' lang='lat' dir='ltr'><strong>rationem</strong></span> <span class='ocrx_word' id='word_1_757' title='bbox 3352 3677 3558 3732; x_wconf 76' lang='lat' dir='ltr'><strong>Metho-</strong></span> 
     </span>
    </p>
   </div>
   <div class='ocr_carea' id='block_1_102' title="bbox 1991 3746 3555 3808">
    <p class='ocr_par' dir='ltr' id='par_1_102' title="bbox 1991 3746 3555 3808">
     <span class='ocr_line' id='line_1_102' title="bbox 1991 3746 3555 3808; baseline 0.002 -10"><span class='ocrx_word' id='word_1_758' title='bbox 1991 3747 2109 3798; x_wconf 89' lang='lat' dir='ltr'><strong>dius</strong></span> <span class='ocrx_word' id='word_1_759' title='bbox 2145 3746 2334 3808; x_wconf 84' lang='lat' dir='ltr'><strong>habet,</strong></span> <span class='ocrx_word' id='word_1_760' title='bbox 2373 3761 2580 3799; x_wconf 89' lang='lat' dir='ltr'><strong>necnon</strong></span> <span class='ocrx_word' id='word_1_761' title='bbox 2624 3746 2940 3800; x_wconf 89' lang='lat' dir='ltr'><strong>Ambrosius</strong></span> <span class='ocrx_word' id='word_1_762' title='bbox 2981 3764 2996 3800; x_wconf 86' lang='lat'><strong>:</strong></span> <span class='ocrx_word' id='word_1_763' title='bbox 3029 3749 3174 3802; x_wconf 91' lang='lat' dir='ltr'><strong>solus</strong></span> <span class='ocrx_word' id='word_1_764' title='bbox 3214 3756 3392 3800; x_wconf 87' lang='lat' dir='ltr'><strong>tamen</strong></span> <span class='ocrx_word' id='word_1_765' title='bbox 3425 3749 3555 3801; x_wconf 76' lang='lat' dir='ltr'><strong>Am-</strong></span> 
     </span>
    </p>
   </div>
   <div class='ocr_carea' id='block_1_103' title="bbox 1991 3815 3555 3883">
    <p class='ocr_par' dir='ltr' id='par_1_103' title="bbox 1991 3815 3555 3883">
     <span class='ocr_line' id='line_1_103' title="bbox 1991 3815 3555 3883; baseline 0.001 -17"><span class='ocrx_word' id='word_1_766' title='bbox 1991 3815 2292 3883; x_wconf 87' lang='lat' dir='ltr'><strong>philochius</strong></span> <span class='ocrx_word' id='word_1_767' title='bbox 2315 3829 2376 3869; x_wconf 86' lang='lat' dir='ltr'><strong>ea</strong></span> <span class='ocrx_word' id='word_1_768' title='bbox 2413 3820 2476 3868; x_wconf 87' lang='lat' dir='ltr'><strong>de</strong></span> <span class='ocrx_word' id='word_1_769' title='bbox 2503 3832 2562 3869; x_wconf 89' lang='lat' dir='ltr'><strong>re</strong></span> <span class='ocrx_word' id='word_1_770' title='bbox 2593 3825 2648 3867; x_wconf 89' lang='lat' dir='ltr'><strong>et</strong></span> <span class='ocrx_word' id='word_1_771' title='bbox 2671 3825 2847 3868; x_wconf 91' lang='lat' dir='ltr'><strong>movet</strong></span> <span class='ocrx_word' id='word_1_772' title='bbox 2875 3815 3092 3871; x_wconf 86' lang='lat' dir='ltr'><strong>dubium</strong></span> <span class='ocrx_word' id='word_1_773' title='bbox 3123 3826 3177 3871; x_wconf 91' lang='lat' dir='ltr'><strong>et</strong></span> <span class='ocrx_word' id='word_1_774' title='bbox 3205 3817 3398 3869; x_wconf 86' lang='lat' dir='ltr'><strong>solvit:</strong></span> <span class='ocrx_word' id='word_1_775' title='bbox 3428 3817 3555 3870; x_wconf 81' lang='lat' dir='ltr'><strong>Atu-</strong></span> 
     </span>
    </p>
   </div>
   <div class='ocr_carea' id='block_1_104' title="bbox 1996 3885 3554 3954">
    <p class='ocr_par' dir='ltr' id='par_1_104' title="bbox 1996 3885 3554 3954">
     <span class='ocr_line' id='line_1_104' title="bbox 1996 3885 3554 3954; baseline 0 -18"><span class='ocrx_word' id='word_1_776' title='bbox 1996 3887 2176 3938; x_wconf 85' lang='lat' dir='ltr'><strong>brosio</strong></span> <span class='ocrx_word' id='word_1_777' title='bbox 2205 3886 2367 3938; x_wconf 91' lang='lat' dir='ltr'><strong>etiam</strong></span> <span class='ocrx_word' id='word_1_778' title='bbox 2392 3885 2536 3939; x_wconf 88' lang='lat' dir='ltr'><strong>velut</strong></span> <span class='ocrx_word' id='word_1_779' title='bbox 2563 3885 2953 3948; x_wconf 78' lang='lat' dir='ltr'><strong>dissimulante,</strong></span> <span class='ocrx_word' id='word_1_780' title='bbox 2986 3897 3038 3940; x_wconf 91' lang='lat' dir='ltr'><strong>et</strong></span> <span class='ocrx_word' id='word_1_781' title='bbox 3061 3888 3123 3938; x_wconf 90' lang='lat' dir='ltr'><strong>ad</strong></span> <span class='ocrx_word' id='word_1_782' title='bbox 3159 3886 3408 3940; x_wconf 63' lang='lat' dir='ltr'><strong>Ecclesia</strong></span> <span class='ocrx_word' id='word_1_783' title='bbox 3441 3889 3554 3954; x_wconf 86' lang='lat' dir='ltr'><strong>spi-</strong></span> 
     </span>
    </p>
   </div>
   <div class='ocr_carea' id='block_1_105' title="bbox 1991 3955 3557 4022">
    <p class='ocr_par' dir='ltr' id='par_1_105' title="bbox 1991 3955 3557 4022">
     <span class='ocr_line' id='line_1_105' title="bbox 1991 3955 3557 4022; baseline 0.001 -16"><span class='ocrx_word' id='word_1_784' title='bbox 1991 3955 2196 4008; x_wconf 90' lang='lat' dir='ltr'><strong>ritalem</strong></span> <span class='ocrx_word' id='word_1_785' title='bbox 2225 3956 2458 4018; x_wconf 78' lang='lat' dir='ltr'><strong>vulvam,</strong></span> <span class='ocrx_word' id='word_1_786' title='bbox 2494 3970 2653 4022; x_wconf 87' lang='lat' dir='ltr'><strong>quam</strong></span> <span class='ocrx_word' id='word_1_787' title='bbox 2688 3955 2774 4008; x_wconf 90' lang='lat' dir='ltr'><strong>ille</strong></span> <span class='ocrx_word' id='word_1_788' title='bbox 2802 3970 2926 4008; x_wconf 89' lang='lat' dir='ltr'><strong>vere</strong></span> <span class='ocrx_word' id='word_1_789' title='bbox 2957 3956 3188 4010; x_wconf 78' lang='lat' dir='ltr'><strong>Sanctus</strong></span> <span class='ocrx_word' id='word_1_790' title='bbox 3216 3965 3356 4011; x_wconf 88' lang='lat' dir='ltr'><strong>esset</strong></span> <span class='ocrx_word' id='word_1_791' title='bbox 3399 3972 3557 4022; x_wconf 86' lang='lat' dir='ltr'><strong>aper-</strong></span> 
     </span>
    </p>
   </div>
   <div class='ocr_carea' id='block_1_106' title="bbox 1991 4023 3556 4096">
    <p class='ocr_par' dir='ltr' id='par_1_106' title="bbox 1991 4023 3556 4096">
     <span class='ocr_line' id='line_1_106' title="bbox 1991 4023 3556 4096; baseline 0.001 -18"><span class='ocrx_word' id='word_1_792' title='bbox 1991 4035 2164 4096; x_wconf 86' lang='lat' dir='ltr'><strong>turus,</strong></span> <span class='ocrx_word' id='word_1_793' title='bbox 2203 4025 2510 4096; x_wconf 88' lang='lat' dir='ltr'><strong>remittente</strong></span> <span class='ocrx_word' id='word_1_794' title='bbox 2540 4043 2553 4078; x_wconf 91' lang='lat'><strong>:</strong></span> <span class='ocrx_word' id='word_1_795' title='bbox 2591 4023 2696 4078; x_wconf 85' lang='lat' dir='ltr'><strong>Sed</strong></span> <span class='ocrx_word' id='word_1_796' title='bbox 2758 4025 2849 4078; x_wconf 82' lang='lat' dir='ltr'><strong>ille</strong></span> <span class='ocrx_word' id='word_1_797' title='bbox 2877 4025 3134 4089; x_wconf 77' lang='lat' dir='ltr'><strong>Sanctus,</strong></span> <span class='ocrx_word' id='word_1_798' title='bbox 3165 4027 3356 4096; x_wconf 91' lang='lat' dir='ltr'><strong>inquit,</strong></span> <span class='ocrx_word' id='word_1_799' title='bbox 3402 4041 3556 4095; x_wconf 79' lang='lat' dir='ltr'><strong>quem</strong></span> 
     </span>
    </p>
   </div>
   <div class='ocr_carea' id='block_1_107' title="bbox 1991 4093 3556 4165">
    <p class='ocr_par' dir='ltr' id='par_1_107' title="bbox 1991 4093 3556 4165">
     <span class='ocr_line' id='line_1_107' title="bbox 1991 4093 3556 4165; baseline 0.003 -20"><span class='ocrx_word' id='word_1_800' title='bbox 1991 4095 2043 4146; x_wconf 87' lang='lat' dir='ltr'><strong>in</strong></span> <span class='ocrx_word' id='word_1_801' title='bbox 2075 4093 2245 4162; x_wconf 74' lang='lat' dir='ltr'><strong>ﬁgura</strong></span> <span class='ocrx_word' id='word_1_802' title='bbox 2270 4095 2443 4162; x_wconf 76' lang='lat' dir='ltr'><strong>futuri</strong></span> <span class='ocrx_word' id='word_1_803' title='bbox 2481 4097 2732 4165; x_wconf 77' lang='lat' dir='ltr'><strong>mysterii,</strong></span> <span class='ocrx_word' id='word_1_804' title='bbox 2758 4097 2843 4158; x_wconf 88' lang='lat' dir='ltr'><strong>pia</strong></span> <span class='ocrx_word' id='word_1_805' title='bbox 2874 4098 2999 4164; x_wconf 79' lang='lat' dir='ltr'><strong>legis</strong></span> <span class='ocrx_word' id='word_1_806' title='bbox 3033 4093 3556 4165; x_wconf 45' lang='lat' dir='ltr'><strong>divittw&#39;pra&#39;scripta</strong></span> 
     </span>
    </p>
   </div>
   <div class='ocr_carea' id='block_1_108' title="bbox 1989 4163 3553 4234">
    <p class='ocr_par' dir='ltr' id='par_1_108' title="bbox 1989 4163 3553 4234">
     <span class='ocr_line' id='line_1_108' title="bbox 1989 4163 3553 4234; baseline 0.001 -18"><span class='ocrx_word' id='word_1_807' title='bbox 1989 4165 2300 4234; x_wconf 83' lang='lat' dir='ltr'><strong>signabant;</strong></span> <span class='ocrx_word' id='word_1_808' title='bbox 2335 4181 2395 4218; x_wconf 86' lang='lat' dir='ltr'><strong>eo</strong></span> <span class='ocrx_word' id='word_1_809' title='bbox 2427 4163 2756 4234; x_wconf 13' lang='lat' dir='ltr'><strong>quodrsolus</strong></span> <span class='ocrx_word' id='word_1_810' title='bbox 2790 4163 2986 4218; x_wconf 79' lang='lat' dir='ltr'><strong>sancta:</strong></span> <span class='ocrx_word' id='word_1_811' title='bbox 3035 4163 3287 4219; x_wconf 74' lang='lat' dir='ltr'><strong>Ecclesia:</strong></span> <span class='ocrx_word' id='word_1_812' title='bbox 3313 4166 3553 4234; x_wconf 78' lang='lat' dir='ltr'><strong>virginis,</strong></span> 
     </span>
    </p>
   </div>
   <div class='ocr_carea' id='block_1_109' title="bbox 1990 4181 3555 4303">
    <p class='ocr_par' dir='ltr' id='par_1_109' title="bbox 1990 4181 3555 4303">
     <span class='ocr_line' id='line_1_109' title="bbox 1990 4181 3553 4234; baseline 0.001 -18"><span class='ocrx_word' id='word_1_813' title='bbox 1990 4181 2300 4228; x_wconf 76' lang='lat' dir='ltr'><strong>signaoant;</strong></span> <span class='ocrx_word' id='word_1_814' title='bbox 2335 4181 2395 4218; x_wconf 85' lang='lat' dir='ltr'><strong>eo</strong></span> <span class='ocrx_word' id='word_1_815' title='bbox 2427 4181 2564 4234; x_wconf 88' lang='lat' dir='ltr'><strong>quoa</strong></span> <span class='ocrx_word' id='word_1_816' title='bbox 2610 4181 2756 4217; x_wconf 87' lang='lat' dir='ltr'><strong>satus</strong></span> <span class='ocrx_word' id='word_1_817' title='bbox 2790 4181 2986 4218; x_wconf 72' lang='lat' dir='ltr'><strong>saneta:</strong></span> <span class='ocrx_word' id='word_1_818' title='bbox 3035 4181 3287 4219; x_wconf 66' lang='lat' dir='ltr'><strong>nrctena&#39;</strong></span> <span class='ocrx_word' id='word_1_819' title='bbox 3313 4181 3395 4218; x_wconf 80' lang='lat' dir='ltr'><strong>vtr</strong></span> <span class='ocrx_word' id='word_1_820' title='bbox 3432 4181 3553 4228; x_wconf 79' lang='lat' dir='ltr'><strong>ints,</strong></span> 
     </span>
     <span class='ocr_line' id='line_1_110' title="bbox 1990 4181 3555 4303; baseline 0.002 -18"><span class='ocrx_word' id='word_1_821' title='bbox 1990 4233 2058 4285; x_wconf 88' lang='lat' dir='ltr'><strong>ad</strong></span> <span class='ocrx_word' id='word_1_822' title='bbox 2089 4235 2409 4301; x_wconf 84' lang='lat' dir='ltr'><strong>generandos</strong></span> <span class='ocrx_word' id='word_1_823' title='bbox 2434 4233 2651 4302; x_wconf 82' lang='lat' dir='ltr'><strong>populos</strong></span> <span class='ocrx_word' id='word_1_824' title='bbox 2681 4234 2797 4298; x_wconf 80' lang='lat' dir='ltr'><strong>Dei,</strong></span> <span class='ocrx_word' id='word_1_825' title='bbox 2832 4233 3188 4289; x_wconf 75' lang='lat' dir='ltr'><strong>immaculata:</strong></span> <span class='ocrx_word' id='word_1_826' title='bbox 3218 4181 3555 4303; x_wconf 45' lang='lat' dir='ltr'><strong>fecunditatis</strong></span> 
     </span>
    </p>
   </div>
   <div class='ocr_carea' id='block_1_110' title="bbox 1989 4305 3556 4372">
    <p class='ocr_par' dir='ltr' id='par_1_110' title="bbox 1989 4305 3556 4372">
     <span class='ocr_line' id='line_1_111' title="bbox 1989 4305 3556 4372; baseline 0.001 -17"><span class='ocrx_word' id='word_1_827' title='bbox 1989 4306 2206 4367; x_wconf 81' lang='lat' dir='ltr'><strong>aperiret</strong></span> <span class='ocrx_word' id='word_1_828' title='bbox 2237 4305 2459 4372; x_wconf 73' lang='lat' dir='ltr'><strong>genitale</strong></span> <span class='ocrx_word' id='word_1_829' title='bbox 2483 4313 2755 4356; x_wconf 84' lang='lat' dir='ltr'><strong>secretum.</strong></span> <span class='ocrx_word' id='word_1_830' title='bbox 2784 4305 2884 4357; x_wconf 75' lang='lat' dir='ltr'><strong>llic</strong></span> <span class='ocrx_word' id='word_1_831' title='bbox 2917 4321 3037 4372; x_wconf 83' lang='lat' dir='ltr'><strong>ergo</strong></span> <span class='ocrx_word' id='word_1_832' title='bbox 3063 4305 3204 4358; x_wconf 85' lang='lat' dir='ltr'><strong>solus</strong></span> <span class='ocrx_word' id='word_1_833' title='bbox 3231 4305 3328 4357; x_wconf 85' lang='lat' dir='ltr'><strong>sibi</strong></span> <span class='ocrx_word' id='word_1_834' title='bbox 3351 4307 3556 4370; x_wconf 83' lang='lat' dir='ltr'><strong>aperuit</strong></span> 
     </span>
    </p>
   </div>
   <div class='ocr_carea' id='block_1_111' title="bbox 1989 4371 3558 4440">
    <p class='ocr_par' dir='ltr' id='par_1_111' title="bbox 1989 4371 3558 4440">
     <span class='ocr_line' id='line_1_112' title="bbox 1989 4371 3558 4440; baseline 0.001 -14"><span class='ocrx_word' id='word_1_835' title='bbox 1989 4373 2212 4440; x_wconf 81' lang='lat' dir='ltr'><strong>vulvam.</strong></span> <span class='ocrx_word' id='word_1_836' title='bbox 2243 4371 2356 4426; x_wconf 86' lang='lat' dir='ltr'><strong>Nec</strong></span> <span class='ocrx_word' id='word_1_837' title='bbox 2381 4373 2611 4426; x_wconf 86' lang='lat' dir='ltr'><strong>mirum:</strong></span> <span class='ocrx_word' id='word_1_838' title='bbox 2633 4375 2716 4425; x_wconf 88' lang='lat' dir='ltr'><strong>hic</strong></span> <span class='ocrx_word' id='word_1_839' title='bbox 2746 4377 2881 4426; x_wconf 82' lang='lat' dir='ltr'><strong>enim</strong></span> <span class='ocrx_word' id='word_1_840' title='bbox 2901 4371 3104 4426; x_wconf 76' lang='lat' dir='ltr'><strong>dixerat</strong></span> <span class='ocrx_word' id='word_1_841' title='bbox 3129 4377 3197 4426; x_wconf 88' lang='lat' dir='ltr'><strong>ad</strong></span> <span class='ocrx_word' id='word_1_842' title='bbox 3220 4372 3558 4440; x_wconf 83' lang='lat' dir='ltr'><strong>prophetam:</strong></span> 
     </span>
    </p>
   </div>
   <div class='ocr_carea' id='block_1_112' title="bbox 1993 4439 3556 4512">
    <p class='ocr_par' dir='ltr' id='par_1_112' title="bbox 1993 4439 3556 4512">
     <span class='ocr_line' id='line_1_113' title="bbox 1993 4439 3556 4512; baseline 0.002 -20"><span class='ocrx_word' id='word_1_843' title='bbox 1993 4459 2011 4492; x_wconf 77' lang='grc' dir='ltr'><strong>ι</strong></span> <span class='ocrx_word' id='word_1_844' title='bbox 2046 4439 2363 4512; x_wconf 82' lang='lat' dir='ltr'><strong>Priusquam</strong></span> <span class='ocrx_word' id='word_1_845' title='bbox 2381 4452 2427 4494; x_wconf 86' lang='lat' dir='ltr'><strong>te</strong></span> <span class='ocrx_word' id='word_1_846' title='bbox 2449 4444 2748 4510; x_wconf 72' lang='lat' dir='ltr'><strong>formarem,</strong></span> <span class='ocrx_word' id='word_1_847' title='bbox 2783 4462 2801 4493; x_wconf 73' lang='grc' dir='ltr'><strong>ι</strong></span> <span class='ocrx_word' id='word_1_848' title='bbox 2831 4452 2934 4496; x_wconf 89' lang='lat' dir='ltr'><strong>etc.</strong></span> <span class='ocrx_word' id='word_1_849' title='bbox 2959 4443 3194 4512; x_wconf 82' lang='lat' dir='ltr'><strong>Quiergo</strong></span> <span class='ocrx_word' id='word_1_850' title='bbox 3213 4439 3556 4496; x_wconf 74' lang='lat' dir='ltr'><strong>uuluamsan-</strong></span> 
     </span>
    </p>
   </div>
   <div class='ocr_carea' id='block_1_113' title="bbox 1990 4511 3555 4580">
    <p class='ocr_par' dir='ltr' id='par_1_113' title="bbox 1990 4511 3555 4580">
     <span class='ocr_line' id='line_1_114' title="bbox 1990 4511 3555 4580; baseline 0.002 -17"><span class='ocrx_word' id='word_1_851' title='bbox 1990 4512 2238 4578; x_wconf 62' lang='lat' dir='ltr'><strong>ctiﬁcavis‘</strong></span> <span class='ocrx_word' id='word_1_852' title='bbox 2264 4511 2513 4574; x_wconf 81' lang='lat' dir='ltr'><strong>alienam,</strong></span> <span class='ocrx_word' id='word_1_853' title='bbox 2541 4523 2595 4564; x_wconf 84' lang='lat' dir='ltr'><strong>ut</strong></span> <span class='ocrx_word' id='word_1_854' title='bbox 2618 4523 2916 4566; x_wconf 85' lang='lat' dir='ltr'><strong>nasceretur</strong></span> <span class='ocrx_word' id='word_1_855' title='bbox 2943 4511 3212 4580; x_wconf 83' lang='lat' dir='ltr'><strong>propheta,</strong></span> <span class='ocrx_word' id='word_1_856' title='bbox 3247 4515 3330 4566; x_wconf 88' lang='lat' dir='ltr'><strong>hic</strong></span> <span class='ocrx_word' id='word_1_857' title='bbox 3352 4521 3428 4566; x_wconf 81' lang='lat' dir='ltr'><strong>est</strong></span> <span class='ocrx_word' id='word_1_858' title='bbox 3462 4514 3555 4580; x_wconf 81' lang='lat' dir='ltr'><strong>qui</strong></span> 
     </span>
    </p>
   </div>
   <div class='ocr_carea' id='block_1_114' title="bbox 1990 4582 3554 4644">
    <p class='ocr_par' dir='ltr' id='par_1_114' title="bbox 1990 4582 3554 4644">
     <span class='ocr_line' id='line_1_115' title="bbox 1990 4582 3554 4644; baseline 0.003 -11"><span class='ocrx_word' id='word_1_859' title='bbox 1990 4583 2190 4644; x_wconf 86' lang='lat' dir='ltr'><strong>aperuit</strong></span> <span class='ocrx_word' id='word_1_860' title='bbox 2233 4583 2413 4635; x_wconf 83' lang='lat' dir='ltr'><strong>matris</strong></span> <span class='ocrx_word' id='word_1_861' title='bbox 2449 4598 2566 4636; x_wconf 68' lang='lat' dir='ltr'><strong>«sua:</strong></span> <span class='ocrx_word' id='word_1_862' title='bbox 2613 4582 2817 4635; x_wconf 71' lang='lat' dir='ltr'><strong>vulvam</strong></span> <span class='ocrx_word' id='word_1_863' title='bbox 2864 4591 2919 4634; x_wconf 88' lang='lat' dir='ltr'><strong>ut</strong></span> <span class='ocrx_word' id='word_1_864' title='bbox 2955 4583 3323 4636; x_wconf 83' lang='lat' dir='ltr'><strong>immaculatus</strong></span> <span class='ocrx_word' id='word_1_865' title='bbox 3371 4582 3554 4638; x_wconf 78' lang='lat' dir='ltr'><strong>exiret.</strong></span> 
     </span>
    </p>
   </div>
   <div class='ocr_carea' id='block_1_115' title="bbox 1991 4650 3558 4720">
    <p class='ocr_par' dir='ltr' id='par_1_115' title="bbox 1991 4650 3558 4720">
     <span class='ocr_line' id='line_1_116' title="bbox 1991 4650 3558 4720; baseline 0.001 -16"><span class='ocrx_word' id='word_1_866' title='bbox 1991 4650 2132 4704; x_wconf 88' lang='lat' dir='ltr'><strong>Bene</strong></span> <span class='ocrx_word' id='word_1_867' title='bbox 2178 4651 2227 4704; x_wconf 90' lang='lat' dir='ltr'><strong>id</strong></span> <span class='ocrx_word' id='word_1_868' title='bbox 2272 4652 2486 4719; x_wconf 87' lang='lat' dir='ltr'><strong>quidem</strong></span> <span class='ocrx_word' id='word_1_869' title='bbox 2532 4669 2546 4705; x_wconf 91' lang='lat'><strong>:</strong></span> <span class='ocrx_word' id='word_1_870' title='bbox 2591 4652 2660 4705; x_wconf 82' lang='lat' dir='ltr'><strong>At</strong></span> <span class='ocrx_word' id='word_1_871' title='bbox 2700 4651 2863 4704; x_wconf 89' lang='lat' dir='ltr'><strong>instat</strong></span> <span class='ocrx_word' id='word_1_872' title='bbox 2917 4651 3008 4705; x_wconf 89' lang='lat' dir='ltr'><strong>ille</strong></span> <span class='ocrx_word' id='word_1_873' title='bbox 3049 4661 3232 4707; x_wconf 87' lang='lat' dir='ltr'><strong>noster</strong></span> <span class='ocrx_word' id='word_1_874' title='bbox 3277 4652 3558 4720; x_wconf 82' lang='lat' dir='ltr'><strong>Amphilo-</strong></span> 
     </span>
    </p>
   </div>
   <div class='ocr_carea' id='block_1_116' title="bbox 1991 4720 3557 4793">
    <p class='ocr_par' dir='ltr' id='par_1_116' title="bbox 1991 4720 3557 4793">
     <span class='ocr_line' id='line_1_117' title="bbox 1991 4720 3557 4793; baseline 0.003 -24"><span class='ocrx_word' id='word_1_875' title='bbox 1991 4722 2174 4793; x_wconf 78' lang='lat' dir='ltr'><strong>chius;</strong></span> <span class='ocrx_word' id='word_1_876' title='bbox 2217 4721 2369 4793; x_wconf 86' lang='lat' dir='ltr'><strong>cujus</strong></span> <span class='ocrx_word' id='word_1_877' title='bbox 2413 4737 2471 4775; x_wconf 82' lang='lat' dir='ltr'><strong>se</strong></span> <span class='ocrx_word' id='word_1_878' title='bbox 2515 4720 2594 4793; x_wconf 80' lang='grc' dir='ltr'>τῷ</span> <span class='ocrx_word' id='word_1_879' title='bbox 2645 4721 2978 4793; x_wconf 80' lang='grc' dir='ltr'>ὲπιστατικῷ</span> <span class='ocrx_word' id='word_1_880' title='bbox 3021 4721 3406 4793; x_wconf 15' lang='grc' dir='ltr'>καὶννηφαλίῳ</span> <span class='ocrx_word' id='word_1_881' title='bbox 3457 4722 3557 4793; x_wconf 80' lang='grc' dir='ltr'>τῆς</span> 
     </span>
    </p>
   </div>
   <div class='ocr_carea' id='block_1_117' title="bbox 1989 4791 3555 4862">
    <p class='ocr_par' dir='ltr' id='par_1_117' title="bbox 1989 4791 3555 4862">
     <span class='ocr_line' id='line_1_118' title="bbox 1989 4791 3555 4862; baseline 0 -17"><span class='ocrx_word' id='word_1_882' title='bbox 1989 4791 2574 4862; x_wconf 26' lang='grc' dir='ltr'>διανοίαςᾷὐπερφυῶς</span> <span class='ocrx_word' id='word_1_883' title='bbox 2611 4792 2878 4862; x_wconf 82' lang='grc' dir='ltr'>ἡσθῆναι,</span> <span class='ocrx_word' id='word_1_884' title='bbox 2905 4791 2980 4846; x_wconf 85' lang='lat' dir='ltr'><strong>ait</strong></span> <span class='ocrx_word' id='word_1_885' title='bbox 3023 4791 3282 4856; x_wconf 77' lang='lat' dir='ltr'><strong>Basilius,</strong></span> <span class='ocrx_word' id='word_1_886' title='bbox 3328 4791 3555 4862; x_wconf 69' lang='lat' dir='ltr'><strong>promtu.</strong></span> 
     </span>
    </p>
   </div>
   <div class='ocr_carea' id='block_1_118' title="bbox 1991 4859 3556 4930">
    <p class='ocr_par' dir='ltr' id='par_1_118' title="bbox 1991 4859 3556 4930">
     <span class='ocr_line' id='line_1_119' title="bbox 1991 4859 3556 4930; baseline 0.001 -16"><span class='ocrx_word' id='word_1_887' title='bbox 1991 4862 2084 4914; x_wconf 84' lang='lat' dir='ltr'><strong>lib.</strong></span> <span class='ocrx_word' id='word_1_888' title='bbox 2117 4861 2193 4914; x_wconf 87' lang='lat' dir='ltr'><strong>De</strong></span> <span class='ocrx_word' id='word_1_889' title='bbox 2225 4859 2435 4926; x_wconf 79' lang='lat' dir='ltr'><strong>Spiritu</strong></span> <span class='ocrx_word' id='word_1_890' title='bbox 2458 4859 2642 4914; x_wconf 84' lang='lat' dir='ltr'><strong>sancto</strong></span> <span class='ocrx_word' id='word_1_891' title='bbox 2681 4859 2748 4914; x_wconf 80' lang='lat' dir='ltr'><strong>ad</strong></span> <span class='ocrx_word' id='word_1_892' title='bbox 2777 4866 2948 4930; x_wconf 90' lang='lat' dir='ltr'><strong>ipsutu</strong></span> <span class='ocrx_word' id='word_1_893' title='bbox 2977 4881 2989 4916; x_wconf 92' lang='lat'><strong>:</strong></span> <span class='ocrx_word' id='word_1_894' title='bbox 3031 4863 3440 4930; x_wconf 80' lang='lat' dir='ltr'><strong>perSpicacitate</strong></span> <span class='ocrx_word' id='word_1_895' title='bbox 3467 4861 3556 4916; x_wconf 81' lang='lat' dir='ltr'><strong>illa</strong></span> 
     </span>
    </p>
   </div>
   <div class='ocr_carea' id='block_1_119' title="bbox 1990 4931 3559 5003">
    <p class='ocr_par' dir='ltr' id='par_1_119' title="bbox 1990 4931 3559 5003">
     <span class='ocr_line' id='line_1_120' title="bbox 1990 4931 3559 5003; baseline 0.001 -19"><span class='ocrx_word' id='word_1_896' title='bbox 1990 4944 2047 5003; x_wconf 82' lang='lat' dir='ltr'><strong>et</strong></span> <span class='ocrx_word' id='word_1_897' title='bbox 2072 4932 2373 5003; x_wconf 83' lang='lat' dir='ltr'><strong>prudentia,</strong></span> <span class='ocrx_word' id='word_1_898' title='bbox 2403 4947 2495 5003; x_wconf 84' lang='lat' dir='ltr'><strong>seu</strong></span> <span class='ocrx_word' id='word_1_899' title='bbox 2520 4931 2811 5003; x_wconf 80' lang='grc' dir='ltr'>διορατικῷ</span> <span class='ocrx_word' id='word_1_900' title='bbox 2840 4934 2930 4986; x_wconf 86' lang='grc' dir='ltr'><strong>ἱΙΙυ</strong></span> <span class='ocrx_word' id='word_1_901' title='bbox 2965 4933 3338 5003; x_wconf 81' lang='lat' dir='ltr'><strong>Chrysostomi</strong></span> <span class='ocrx_word' id='word_1_902' title='bbox 3364 4933 3559 5003; x_wconf 79' lang='lat' dir='ltr'><strong>,_quo_d</strong></span> 
     </span>
    </p>
   </div>
   <div class='ocr_carea' id='block_1_120' title="bbox 1991 5000 3560 5074">
    <p class='ocr_par' dir='ltr' id='par_1_120' title="bbox 1991 5000 3560 5074">
     <span class='ocr_line' id='line_1_121' title="bbox 1991 5000 3560 5074; baseline 0.001 -20"><span class='ocrx_word' id='word_1_903' title='bbox 1991 5001 2166 5074; x_wconf 82' lang='lat' dir='ltr'><strong>ipsum</strong></span> <span class='ocrx_word' id='word_1_904' title='bbox 2203 5001 2254 5052; x_wconf 87' lang='lat' dir='ltr'><strong>in</strong></span> <span class='ocrx_word' id='word_1_905' title='bbox 2284 5002 2561 5074; x_wconf 69' lang='lat' dir='ltr'><strong>sacerdote</strong></span> <span class='ocrx_word' id='word_1_906' title='bbox 2588 5000 2762 5071; x_wconf 79' lang='lat' dir='ltr'><strong>jungit</strong></span> <span class='ocrx_word' id='word_1_907' title='bbox 2784 5000 2868 5074; x_wconf 74' lang='grc' dir='ltr'>τῷ</span> <span class='ocrx_word' id='word_1_908' title='bbox 2898 5002 3162 5074; x_wconf 81' lang='grc' dir='ltr'>νηφαλίῳ,</span> <span class='ocrx_word' id='word_1_909' title='bbox 3193 5017 3321 5074; x_wconf 29' lang='lat' dir='ltr'><strong>Aqua</strong></span> <span class='ocrx_word' id='word_1_910' title='bbox 3370 5000 3560 5074; x_wconf 67' lang='grc' dir='ltr'>διωθι-</span> 
     </span>
    </p>
   </div>
   <div class='ocr_carea' id='block_1_121' title="bbox 1991 5068 3630 5142">
    <p class='ocr_par' dir='ltr' id='par_1_121' title="bbox 1991 5068 3630 5142">
     <span class='ocr_line' id='line_1_122' title="bbox 1991 5068 3630 5142; baseline 0.001 -19"><span class='ocrx_word' id='word_1_911' title='bbox 1991 5068 2059 5123; x_wconf 87' lang='lat' dir='ltr'><strong>lia</strong></span> <span class='ocrx_word' id='word_1_912' title='bbox 2088 5083 2316 5142; x_wconf 80' lang='lat' dir='ltr'><strong>quaeque</strong></span> <span class='ocrx_word' id='word_1_913' title='bbox 2348 5071 2400 5122; x_wconf 93' lang='lat' dir='ltr'><strong>in</strong></span> <span class='ocrx_word' id='word_1_914' title='bbox 2436 5068 2716 5142; x_wconf 72' lang='lat' dir='ltr'><strong>Scriptura</strong></span> <span class='ocrx_word' id='word_1_915' title='bbox 2761 5068 3066 5142; x_wconf 82' lang='lat' dir='ltr'><strong>pervideret</strong></span> <span class='ocrx_word' id='word_1_916' title='bbox 3103 5068 3157 5124; x_wconf 81' lang='lat' dir='ltr'><strong>et</strong></span> <span class='ocrx_word' id='word_1_917' title='bbox 3187 5068 3412 5142; x_wconf 73' lang='lat' dir='ltr'><strong>feliciter</strong></span> <span class='ocrx_word' id='word_1_918' title='bbox 3447 5071 3559 5126; x_wconf 89' lang='lat' dir='ltr'><strong>sol-</strong></span> <span class='ocrx_word' id='word_1_919' title='bbox 3622 5122 3630 5132; x_wconf 84' lang='grc'><strong>,</strong></span> 
     </span>
    </p>
   </div>
   <div class='ocr_carea' id='block_1_122' title="bbox 1990 5140 3596 5205">
    <p class='ocr_par' dir='ltr' id='par_1_122' title="bbox 1990 5140 3596 5205">
     <span class='ocr_line' id='line_1_123' title="bbox 1990 5140 3596 5205; baseline 0.001 -13"><span class='ocrx_word' id='word_1_920' title='bbox 1990 5151 2174 5204; x_wconf 87' lang='lat' dir='ltr'><strong>veret;</strong></span> <span class='ocrx_word' id='word_1_921' title='bbox 2208 5141 2289 5193; x_wconf 89' lang='lat' dir='ltr'><strong>vel</strong></span> <span class='ocrx_word' id='word_1_922' title='bbox 2335 5149 2516 5204; x_wconf 89' lang='lat' dir='ltr'><strong>certe,</strong></span> <span class='ocrx_word' id='word_1_923' title='bbox 2559 5140 2832 5196; x_wconf 76' lang='lat' dir='ltr'><strong>modestiae</strong></span> <span class='ocrx_word' id='word_1_924' title='bbox 2869 5157 3066 5205; x_wconf 88' lang='lat' dir='ltr'><strong>causa,</strong></span> <span class='ocrx_word' id='word_1_925' title='bbox 3098 5142 3165 5194; x_wconf 86' lang='lat' dir='ltr'><strong>ad</strong></span> <span class='ocrx_word' id='word_1_926' title='bbox 3203 5140 3554 5205; x_wconf 87' lang='lat' dir='ltr'><strong>solvendum,</strong></span> <span class='ocrx_word' id='word_1_927' title='bbox 3591 5171 3596 5178; x_wconf 91' lang='lat'><strong>-</strong></span> 
     </span>
    </p>
   </div>
   <div class='ocr_carea' id='block_1_123' title="bbox 1989 5209 3555 5280">
    <p class='ocr_par' dir='ltr' id='par_1_123' title="bbox 1989 5209 3555 5280">
     <span class='ocr_line' id='line_1_124' title="bbox 1989 5209 3555 5280; baseline 0.001 -20"><span class='ocrx_word' id='word_1_928' title='bbox 1989 5225 2125 5278; x_wconf 90' lang='lat' dir='ltr'><strong>quos</strong></span> <span class='ocrx_word' id='word_1_929' title='bbox 2151 5219 2208 5280; x_wconf 90' lang='lat' dir='ltr'><strong>ut</strong></span> <span class='ocrx_word' id='word_1_930' title='bbox 2232 5209 2514 5278; x_wconf 85' lang='lat' dir='ltr'><strong>magistros</strong></span> <span class='ocrx_word' id='word_1_931' title='bbox 2537 5211 2912 5275; x_wconf 86' lang='lat' dir='ltr'><strong>venerabatur,</strong></span> <span class='ocrx_word' id='word_1_932' title='bbox 2951 5221 3074 5280; x_wconf 91' lang='lat' dir='ltr'><strong>puta</strong></span> <span class='ocrx_word' id='word_1_933' title='bbox 3107 5209 3388 5280; x_wconf 80' lang='lat' dir='ltr'><strong>Basilium,</strong></span> <span class='ocrx_word' id='word_1_934' title='bbox 3423 5218 3555 5273; x_wconf 87' lang='lat' dir='ltr'><strong>etc.,</strong></span> 
     </span>
    </p>
   </div>
   <div class='ocr_carea' id='block_1_124' title="bbox 1992 5279 3559 5349">
    <p class='ocr_par' dir='ltr' id='par_1_124' title="bbox 1992 5279 3559 5349">
     <span class='ocr_line' id='line_1_125' title="bbox 1992 5279 3559 5349; baseline 0.001 -17"><span class='ocrx_word' id='word_1_935' title='bbox 1992 5281 2106 5349; x_wconf 86' lang='lat' dir='ltr'><strong>ipsa</strong></span> <span class='ocrx_word' id='word_1_936' title='bbox 2150 5279 2573 5349; x_wconf 74' lang='lat' dir='ltr'><strong>interrogatione</strong></span> <span class='ocrx_word' id='word_1_937' title='bbox 2623 5279 3149 5349; x_wconf 78' lang='grc' dir='ltr'>ἐπιστατικωτέρους</span> <span class='ocrx_word' id='word_1_938' title='bbox 3201 5279 3440 5345; x_wconf 81' lang='lat' dir='ltr'><strong>faciens,</strong></span> <span class='ocrx_word' id='word_1_939' title='bbox 3501 5290 3559 5333; x_wconf 92' lang='lat' dir='ltr'><strong>ut</strong></span> 
     </span>
    </p>
   </div>
   <div class='ocr_carea' id='block_1_125' title="bbox 1999 5346 3555 5418">
    <p class='ocr_par' dir='ltr' id='par_1_125' title="bbox 1999 5346 3555 5418">
     <span class='ocr_line' id='line_1_126' title="bbox 1999 5346 3555 5418; baseline -0.001 -16"><span class='ocrx_word' id='word_1_940' title='bbox 1999 5346 2136 5402; x_wconf 79' lang='lat' dir='ltr'><strong>idem</strong></span> <span class='ocrx_word' id='word_1_941' title='bbox 2177 5346 2407 5402; x_wconf 77' lang='lat' dir='ltr'><strong>Basilius</strong></span> <span class='ocrx_word' id='word_1_942' title='bbox 2444 5350 2600 5418; x_wconf 83' lang='lat' dir='ltr'><strong>epist.</strong></span> <span class='ocrx_word' id='word_1_943' title='bbox 2645 5367 2659 5403; x_wconf 91' lang='grc' dir='ltr'><strong>ι</strong></span> <span class='ocrx_word' id='word_1_944' title='bbox 2721 5366 2840 5405; x_wconf 89' lang='lat' dir='ltr'><strong>can.</strong></span> <span class='ocrx_word' id='word_1_945' title='bbox 2885 5351 2951 5404; x_wconf 89' lang='lat' dir='ltr'><strong>ad</strong></span> <span class='ocrx_word' id='word_1_946' title='bbox 2992 5346 3201 5418; x_wconf 81' lang='lat' dir='ltr'><strong>ipsum,</strong></span> <span class='ocrx_word' id='word_1_947' title='bbox 3235 5350 3555 5418; x_wconf 88' lang='lat' dir='ltr'><strong>impelleret.</strong></span> 
     </span>
    </p>
   </div>
   <div class='ocr_carea' id='block_1_126' title="bbox 1990 5417 3560 5485">
    <p class='ocr_par' dir='ltr' id='par_1_126' title="bbox 1990 5417 3560 5485">
     <span class='ocr_line' id='line_1_127' title="bbox 1990 5417 3560 5485; baseline 0.001 -13"><span class='ocrx_word' id='word_1_948' title='bbox 1990 5418 2176 5483; x_wconf 84' lang='lat' dir='ltr'><strong>instat,</strong></span> <span class='ocrx_word' id='word_1_949' title='bbox 2207 5418 2424 5481; x_wconf 85' lang='lat' dir='ltr'><strong>inquam</strong></span> <span class='ocrx_word' id='word_1_950' title='bbox 2453 5417 2489 5474; x_wconf 20' lang='lat'><strong>:7</strong></span> <span class='ocrx_word' id='word_1_951' title='bbox 2512 5417 2622 5472; x_wconf 86' lang='lat' dir='ltr'><strong>Lex</strong></span> <span class='ocrx_word' id='word_1_952' title='bbox 2648 5421 2750 5474; x_wconf 87' lang='lat' dir='ltr'><strong>ista</strong></span> <span class='ocrx_word' id='word_1_953' title='bbox 2781 5421 2844 5474; x_wconf 87' lang='lat' dir='ltr'><strong>ad</strong></span> <span class='ocrx_word' id='word_1_954' title='bbox 2889 5417 3107 5473; x_wconf 83' lang='lat' dir='ltr'><strong>Mariam</strong></span> <span class='ocrx_word' id='word_1_955' title='bbox 3149 5417 3413 5485; x_wconf 81' lang='lat' dir='ltr'><strong>refertur;</strong></span> <span class='ocrx_word' id='word_1_956' title='bbox 3459 5418 3560 5473; x_wconf 81' lang='lat' dir='ltr'><strong>fuit</strong></span> 
     </span>
    </p>
   </div>
   <div class='ocr_carea' id='block_1_127' title="bbox 1988 5488 3555 5560">
    <p class='ocr_par' dir='ltr' id='par_1_127' title="bbox 1988 5488 3555 5560">
     <span class='ocr_line' id='line_1_128' title="bbox 1988 5488 3555 5560; baseline -0.001 -17"><span class='ocrx_word' id='word_1_957' title='bbox 1988 5504 2116 5559; x_wconf 82' lang='lat' dir='ltr'><strong>ergo</strong></span> <span class='ocrx_word' id='word_1_958' title='bbox 2142 5499 2323 5560; x_wconf 81' lang='lat' dir='ltr'><strong>aperta</strong></span> <span class='ocrx_word' id='word_1_959' title='bbox 2353 5488 2468 5560; x_wconf 86' lang='lat' dir='ltr'><strong>ejus</strong></span> <span class='ocrx_word' id='word_1_960' title='bbox 2497 5489 2682 5560; x_wconf 83' lang='lat' dir='ltr'><strong>vulva;</strong></span> <span class='ocrx_word' id='word_1_961' title='bbox 2713 5505 2815 5543; x_wconf 93' lang='lat' dir='ltr'><strong>non</strong></span> <span class='ocrx_word' id='word_1_962' title='bbox 2853 5505 2979 5560; x_wconf 82' lang='lat' dir='ltr'><strong>ergo</strong></span> <span class='ocrx_word' id='word_1_963' title='bbox 3008 5489 3166 5558; x_wconf 81' lang='lat' dir='ltr'><strong>Virgo</strong></span> <span class='ocrx_word' id='word_1_964' title='bbox 3192 5491 3555 5557; x_wconf 83' lang='lat' dir='ltr'><strong>virginitatem</strong></span> 
     </span>
    </p>
   </div>
   <div class='ocr_carea' id='block_1_128' title="bbox 1988 5558 3555 5629">
    <p class='ocr_par' dir='ltr' id='par_1_128' title="bbox 1988 5558 3555 5629">
     <span class='ocr_line' id='line_1_129' title="bbox 1988 5558 3555 5629; baseline 0.001 -16"><span class='ocrx_word' id='word_1_965' title='bbox 1988 5558 2246 5629; x_wconf 82' lang='lat' dir='ltr'><strong>servavit.</strong></span> <span class='ocrx_word' id='word_1_966' title='bbox 2282 5559 2470 5629; x_wconf 73' lang='lat' dir='ltr'><strong>solvat</strong></span> <span class='ocrx_word' id='word_1_967' title='bbox 2501 5558 2613 5629; x_wconf 83' lang='lat' dir='ltr'><strong>ipse</strong></span> <span class='ocrx_word' id='word_1_968' title='bbox 2644 5560 2735 5627; x_wconf 85' lang='lat' dir='ltr'><strong>qui</strong></span> <span class='ocrx_word' id='word_1_969' title='bbox 2783 5570 2891 5614; x_wconf 89' lang='lat' dir='ltr'><strong>tam</strong></span> <span class='ocrx_word' id='word_1_970' title='bbox 2922 5558 3142 5629; x_wconf 68' lang='lat' dir='ltr'><strong>digesta</strong></span> <span class='ocrx_word' id='word_1_971' title='bbox 3171 5561 3505 5629; x_wconf 79' lang='lat' dir='ltr'><strong>addubitavit</strong></span> <span class='ocrx_word' id='word_1_972' title='bbox 3539 5574 3555 5614; x_wconf 87' lang='lat'><strong>:</strong></span> 
     </span>
    </p>
   </div>
   <div class='ocr_carea' id='block_1_129' title="bbox 1988 5627 3558 5701">
    <p class='ocr_par' dir='ltr' id='par_1_129' title="bbox 1988 5627 3558 5701">
     <span class='ocr_line' id='line_1_130' title="bbox 1988 5627 3558 5701; baseline -0.003 -18"><span class='ocrx_word' id='word_1_973' title='bbox 1988 5629 2131 5701; x_wconf 84' lang='grc' dir='ltr'>Πρὸς</span> <span class='ocrx_word' id='word_1_974' title='bbox 2165 5627 2261 5698; x_wconf 82' lang='grc' dir='ltr'>μὲν</span> <span class='ocrx_word' id='word_1_975' title='bbox 2285 5628 2383 5701; x_wconf 80' lang='grc' dir='ltr'><strong>τὴν</strong></span> <span class='ocrx_word' id='word_1_976' title='bbox 2409 5627 2745 5701; x_wconf 84' lang='grc' dir='ltr'>παρθενικὴν</span> <span class='ocrx_word' id='word_1_977' title='bbox 2771 5629 2954 5700; x_wconf 78' lang='grc' dir='ltr'>φύσιν,</span> <span class='ocrx_word' id='word_1_978' title='bbox 2978 5627 3030 5682; x_wconf 72' lang='grc' dir='ltr'>κ.</span> <span class='ocrx_word' id='word_1_979' title='bbox 3063 5645 3120 5701; x_wconf 80' lang='grc' dir='ltr'>τ.</span> <span class='ocrx_word' id='word_1_980' title='bbox 3155 5627 3234 5694; x_wconf 81' lang='grc' dir='ltr'><strong>ἐξ.</strong></span> <span class='ocrx_word' id='word_1_981' title='bbox 3266 5627 3420 5693; x_wconf 84' lang='lat' dir='ltr'><strong>Quod</strong></span> <span class='ocrx_word' id='word_1_982' title='bbox 3441 5631 3558 5701; x_wconf 74' lang='lat' dir='ltr'><strong>qui-</strong></span> 
     </span>
    </p>
   </div>
   <div class='ocr_carea' id='block_1_130' title="bbox 1987 5697 3557 5768">
    <p class='ocr_par' dir='ltr' id='par_1_130' title="bbox 1987 5697 3557 5768">
     <span class='ocr_line' id='line_1_131' title="bbox 1987 5697 3557 5768; baseline 0.001 -17"><span class='ocrx_word' id='word_1_983' title='bbox 1987 5697 2134 5761; x_wconf 74' lang='lat' dir='ltr'><strong>dem,</strong></span> <span class='ocrx_word' id='word_1_984' title='bbox 2167 5697 2374 5768; x_wconf 84' lang='lat' dir='ltr'><strong>inquit,</strong></span> <span class='ocrx_word' id='word_1_985' title='bbox 2404 5697 2597 5765; x_wconf 59' lang='lat' dir='ltr'><strong>spectat</strong></span> <span class='ocrx_word' id='word_1_986' title='bbox 2636 5697 2714 5752; x_wconf 71' lang='lat' dir='ltr'><strong>ait</strong></span> <span class='ocrx_word' id='word_1_987' title='bbox 2750 5697 2990 5752; x_wconf 79' lang='lat' dir='ltr'><strong>naturam</strong></span> <span class='ocrx_word' id='word_1_988' title='bbox 3024 5700 3341 5768; x_wconf 81' lang='lat' dir='ltr'><strong>virginitatis</strong></span> <span class='ocrx_word' id='word_1_989' title='bbox 3367 5737 3381 5762; x_wconf 91' lang='lat'><strong>,</strong></span> <span class='ocrx_word' id='word_1_990' title='bbox 3413 5697 3557 5752; x_wconf 81' lang='lat' dir='ltr'><strong>nullo</strong></span> 
     </span>
    </p>
   </div>
   <div class='ocr_carea' id='block_1_131' title="bbox 1988 5767 3556 5839">
    <p class='ocr_par' dir='ltr' id='par_1_131' title="bbox 1988 5767 3556 5839">
     <span class='ocr_line' id='line_1_132' title="bbox 1988 5767 3556 5839; baseline -0.001 -17"><span class='ocrx_word' id='word_1_991' title='bbox 1988 5767 2140 5822; x_wconf 85' lang='lat' dir='ltr'><strong>modo</strong></span> <span class='ocrx_word' id='word_1_992' title='bbox 2168 5767 2283 5823; x_wconf 82' lang='lat' dir='ltr'><strong>sunt</strong></span> <span class='ocrx_word' id='word_1_993' title='bbox 2320 5779 2511 5836; x_wconf 79' lang='lat' dir='ltr'><strong>aperta:</strong></span> <span class='ocrx_word' id='word_1_994' title='bbox 2532 5770 2776 5838; x_wconf 77' lang='lat' dir='ltr'><strong>virginea:</strong></span> <span class='ocrx_word' id='word_1_995' title='bbox 2798 5780 3001 5839; x_wconf 70' lang='lat' dir='ltr'><strong>porta:</strong></span> <span class='ocrx_word' id='word_1_996' title='bbox 3031 5771 3080 5826; x_wconf 86' lang='lat' dir='ltr'><strong>id</strong></span> <span class='ocrx_word' id='word_1_997' title='bbox 3106 5767 3211 5837; x_wconf 84' lang='lat' dir='ltr'><strong>est,</strong></span> <span class='ocrx_word' id='word_1_998' title='bbox 3244 5783 3301 5823; x_wconf 88' lang='lat' dir='ltr'><strong>re</strong></span> <span class='ocrx_word' id='word_1_999' title='bbox 3333 5769 3446 5839; x_wconf 81' lang='lat' dir='ltr'><strong>ipsa</strong></span> <span class='ocrx_word' id='word_1_1000' title='bbox 3466 5807 3481 5834; x_wconf 96' lang='lat'><strong>,</strong></span> <span class='ocrx_word' id='word_1_1001' title='bbox 3505 5779 3556 5821; x_wconf 84' lang='lat' dir='ltr'><strong>et</strong></span> 
     </span>
    </p>
   </div>
  </div>
