4030 6408
426 393 495 451 67
1379 381 1438 438 S.
1479 376 1924 437 AMPHILOCHII
1965 373 2349 430 ICONIENSIS
2387 372 2691 430 EPISCOPI
3580 363 3652 422 ‘8

428 513 620 581 loquor
649 510 714 562 de
739 505 914 578 primo
942 502 1088 560 edito
1141 500 1467 555 matrimonii
1520 499 1714 553 fructu.
1745 498 1987 565 Quonam

2097 491 2428 564 πρωτοόόλου
2446 489 2682 562 καρποῦ.
2714 489 2870 543 Ποίου
2894 504 3080 542 τουτου
3098 505 3111 553 ;
3134 486 3329 557 ήκουες
3345 483 3542 555 ἀρτίως
3556 481 3652 536 τοῦ

431 600 574 656 hoc?
606 599 763 653 modo
796 595 991 650 audisti
1027 592 1404 662 evangelistam
1449 590 1711 644 dicentem
1741 605 1757 644 :
1799 587 1865 640 Et
1902 587 1986 654 {a-

431 703 568 744 ctum
599 699 671 743 est
695 698 962 758 postquam
989 682 1334 738 consummati
1365 691 1482 734 sunt
1511 680 1617 734 dies
1647 687 1780 742 octo,
1811 686 1865 731 ut
1888 677 1990 730 cir-

436 782 817 836 ctmtcideretur
839 791 1003 846 puer:
1031 785 1078 829 et
1100 783 1333 829 vocatum
1350 783 1422 826 est
1447 789 1628 825 nomen
1655 771 1764 839 ejus
1788 769 1942 823 Jesus
1969 783 1988 821 :

431 871 568 940 quod
599 880 829 922 vocatum
865 877 940 921 est
969 866 1032 918 ab
1066 864 1269 934 angelo,
1299 864 1595 931 priusquam
1618 862 1986 928 conciperetur.

434 963 501 1016 Et
537 973 803 1031 postquam
832 958 1024 1026 impleti
1068 967 1186 1011 sunt
1223 956 1330 1008 dies
1370 953 1713 1024 purgationis,
1759 951 1991 1004 adduxe—

433 1061 558 1106 runt
583 1066 696 1104 eum
723 1050 776 1101 in
796 1048 1062 1115 templum,
1087 1055 1134 1098 et
1171 1045 1512 1098 exitibnerttut
1565 1041 1808 1104 Domino.
1855 1043 1988 1094 sicut

433 1143 679 1208 scriptum
710 1148 784 1192 est
810 1140 860 1191 in
886 1137 992 1206 lege
1021 1134 1229 1188 Domini
1257 1149 1274 1188 :
1303 1132 1438 1200 Quia
1465 1148 1612 1186 omne
1643 1131 1990 1185 masculinum

436 1233 738 1301 adaperiens
784 1230 1004 1293 vulvam,
1063 1239 1296 1283 sanctum
1351 1225 1570 1278 Domino
1623 1224 1890 1278 vocabitur
1919 1223 1985 1277 ".

439 1321 685 1380 Vidistin’
722 1318 1050 1374 matrimonii
1084 1314 1506 1372 benedictionem
1531 1351 1548 1376 ,
1591 1321 1645 1366 et
1686 1311 1737 1365 id
1766 1311 1905 1379 quod
1938 1312 1989 1363 in

437 1426 718 1468 commune
767 1411 965 1464 dictum
995 1417 1097 1469 est,
1151 1406 1205 1459 in
1260 1405 1485 1460 Domino
1525 1403 1638 1458 solo
1669 1415 1785 1456 esse
1819 1415 1992 1467 reper-

439 1504 584 1558 tum?
628 1503 681 1556 ld
723 1502 1004 1571 siquidem,
1070 1499 1234 1554 Omne
1288 1498 1631 1551 masculinum
1680 1495 1989 1564 adaperiens

437 1596 659 1658 vulvam,
714 1603 949 1646 sanctum
995 1590 1218 1644 Dontino
1253 1589 1559 1642 vocabitur:
1589 1585 1760 1641 solum
1811 1584 1992 1638 Domi-

441 1701 588 1750 num,
637 1699 742 1739 non
801 1683 961 1735 ullum
1010 1680 1172 1734 alium
1235 1679 1419 1746 refert,
1457 1677 1664 1733 tametsi
1703 1675 1990 1730 universim

438 1777 635 1830 dictum
673 1776 758 1828 sit.
793 1772 1001 1826 Etenim
1036 1771 1085 1825 id
1110 1770 1286 1826 omnis
1317 1770 1465 1836 virgo
1498 1777 1684 1821 natura
1713 1768 1896 1830 habet,
1935 1774 1992 1817 ut

2087 581 2465 653 εὐαγγελιστοῦ
2499 583 2774 650 λέγοντος·
2819 581 2928 634 Καὶ
2965 578 3200 648 ἐγένετο
3225 577 3323 630 ὅτε
3340 573 3654 643 ἐπλήσθη-

2087 691 2208 729 σαν
2231 678 2291 730 αι
2329 675 2536 744 ἡμέραι
2581 673 2732 726 ὀκτὼ
2785 672 2892 726 τοῦ
2932 668 3262 739 περιτεμεῖν
3288 666 3356 721 τὸ
3393 665 3652 729 παιδίον,

2087 767 2184 820 καὶ
2231 765 2457 834 ἐκλήθη
2501 764 2568 818 τὸ
2610 764 2797 832 ὄνομα
2823 761 3008 815 αὐτοῦ
3048 757 3295 828 Ἰησοῦς,
3337 755 3404 810 τὸ
3431 753 3655 822 κληθὲν

2087 858 2206 914 ὑπὸ
2234 856 2340 912 τοῦ
2372 857 2651 926 ἀγγέλου,
2687 855 2800 922 πρὸ
2828 853 2934 907 τοῦ
2974 849 3403 920 συλληφθῆναι
3447 847 3652 901 αὐτόν.

2088 951 2198 1005 Kal
2233 950 2331 1004 ὅτε
2362 947 2766 1014 ἐπλήσθησαν
2799 949 2859 1001 αἱ
2891 944 3102 1016 ἡμέραι
3126 943 3232 998 τοῦ
3267 938 3654 1009 καθαρισμοῦ,

2088 1041 2392 1112 ἀνήγαγον
2410 1042 2497 1106 εὶς
2522 1039 2587 1093 τὸ
2617 1038 2779 1108 ἱερὸν
2800 1037 3004 1103 αὐτὸν,
3027 1035 3127 1090 καὶ
3149 1032 3540 1102 παρέστησαν
3559 1030 3638 1083 αὐ

2087 1131 2196 1185 τὸν
2222 1129 2302 1196 τῷ
2338 1131 2551 1198 Κυρίῳ,
2579 1128 2768 1194 καθώς
2797 1127 2932 1180 ἐστι
2965 1121 3368 1196 γεγραμμένον
3399 1121 3471 1173 ἐν
3499 1119 3660 1188 νόμῳ

2088 1223 2326 1291 Κυρίου.
2359 1221 2448 1274 ὅτι
2493 1219 2622 1276 Πᾶν
2661 1218 2849 1288 ἄρσεν
2876 1217 3179 1286 διανοῖγον
3204 1213 3458 1284 μήτραν,
3487 1210 3660 1280 ἅγιον

2088 1313 2169 1378 τῷ
2206 1313 2398 1380 Κυρίῳ
2441 1309 2827 1379 κληθήσεται.
2870 1303 3023 1372 Εἶδες
3055 1305 3148 1360 τοῦ
3180 1306 3358 1376 γάμου
3387 1303 3486 1374 τὴν
3508 1302 3659 1355 εὐλο-

2087 1406 2234 1475 γίαν,
2268 1404 2361 1457 καὶ
2386 1403 2445 1456 τὸ
2478 1402 2616 1456 κατὰ
2647 1401 2824 1456 κοινοῦ
2853 1399 3063 1470 λεχθὲν,
3089 1398 3180 1452 ἐπὶ
3202 1397 3294 1452 τοῦ
3322 1394 3526 1466 Κυρίου
3565 1392 3660 1464 μό·-

2089 1515 2180 1551 νου
2206 1495 2423 1568 εὑρεθέν
2446 1512 2460 1559 ;
2489 1496 2686 1564 Ὅπερ,
2715 1491 2844 1547 Πᾶν
2870 1491 3058 1560 ἄρσεν
3082 1487 3382 1557 διανοῖγον
3403 1486 3657 1557 μήτραν,

2089 1587 2258 1656 ἅγιον
2288 1585 2367 1652 τῷ
2399 1586 2589 1654 Κυρίῳ
2621 1583 3008 1652 κληθήσεται,
3039 1581 3120 1644 είς
3147 1578 3238 1633 τὸν
3261 1577 3464 1649 Κύριον
3495 1575 3654 1646 μόνον

2089 1679 2186 1749 τὴν
2219 1675 2494 1749 ἀναφορὰν
2527 1675 2811 1746 κέκτηται,
2853 1673 2972 1743 οὐχὶ
3002 1673 3097 1725 καὶ
3134 1672 3212 1734 εἰς
3255 1669 3411 1724 ἄλλον
3436 1667 3576 1729 τινὰ,
3609 1666 3658 1718 εἰ

2091 1770 2183 1824 καὶ
2215 1770 2295 1823 ὅτι
2321 1769 2413 1822 καὶ
2436 1766 2736 1830 καθολικῶς
2769 1766 3002 1837 εἴρηται.
3038 1763 3146 1818 Καὶ
3179 1762 3288 1833 γὰρ
3322 1762 3468 1814 πᾶσα
3499 1757 3660 1828 φύσις

439 1866 671 1935 primum
698 1878 762 1916 ex
818 1861 916 1914 viri
948 1859 1332 1914 consuetudine
1362 1858 1634 1926 aperiatur
1666 1856 1839 1919 vulva,
1886 1855 1992 1908 sic-

2097 1860 2385 1932 παροένου.
2414 1858 2625 1930 πρῶτον
2654 1859 2717 1910 ὲκ
2740 1835 3021 1917 συνουσίας
3045 1852 3231 1924 ἀνδρὸς
3260 1849 3603 1918 διανοίγειται
3624 1850 3659 1918 ἡ

438 1970 542 2026 que
571 1954 761 2009 deinde
801 1953 996 2020 pariat.
1045 1951 1114 2002 At
1149 1965 1251 2004 non
1287 1951 1357 2002 ita
1383 1950 1435 2003 in
1489 1948 1766 2002 Salvatore
1810 1957 1992 2002 nostro

440 2047 632 2104 accidit
663 2065 676 2100 :
709 2045 801 2098 sed
832 2045 964 2112 ipse,
1005 2049 1186 2112 aperta
1221 2042 1337 2095 sine
1363 2042 1504 2093 coitu
1552 2039 1726 2100 vulva,
1765 2037 1992 2104 inexpli-

440 2139 598 2192 cabili
629 2137 833 2190 ratione
855 2134 1070 2204 prodiit.
1094 2132 1270 2200 Quare
1292 2132 1440 2197 illud,
1467 2130 1628 2186 Omne
1651 2129 1992 2185 masculinum

441 2231 744 2299 adaperiens
779 2227 980 2281 vulvam
1007 2265 1023 2290 ,
1072 2233 1308 2278 sanctum
1365 2223 1582 2276 Domino
1611 2221 1899 2284 vocabitur,
1928 2221 1992 2273 ad

440 2321 611 2377 solum
630 2319 911 2373 Dominum
948 2317 1196 2372 refertur.
1231 2315 1478 2384 Nunquid
1507 2327 1636 2368 vero
1684 2312 1816 2368 Gaia
1857 2327 1996 2366 san-

441 2423 580 2476 ctus,
613 2413 720 2465 vita
755 2409 978 2480 profane
1024 2407 1247 2477 abrupta
1274 2405 1340 2470 “,
1373 2405 1515 2474 quod
1564 2414 1804 2458 materna
1839 2402 1995 2456 vulva

441 2515 563 2558 ante
588 2516 775 2558 omnes
828 2501 1074 2570 princeps
1125 2497 1422 2567 prodierit?
1480 2495 1725 2565 Nunquid
1778 2505 1996 2550 sanctus

441 2593 602 2657 Esau,
634 2591 802 2646 hostis
849 2589 932 2643 ille
979 2598 1031 2644 et
1062 2589 1218 2658 gladii
1279 2589 1449 2641 haeres
1480 2586 1546 2647 ".
1580 2586 1829 2655 quoniam
1859 2595 1912 2640 et
1951 2585 1998 2640 is

441 2685 648 2754 primus
677 2698 742 2737 ex
773 2693 927 2736 utero
971 2665 1214 2735 materno
1244 2679 1480 2733 excidit?
1520 2677 1770 2748 Nunquid
1809 2677 1995 2732 Ruben

441 2783 682 2836 sanctus,
735 2771 893 2826 cubili
949 2781 1174 2840 paterno
1232 2769 1451 2834 violato,
1503 2769 1999 2840 maledictionisque

444 2871 731 2930 provOCata
756 2861 1021 2915 sententia
1054 2859 1123 2923 “,
1157 2859 1410 2927 quoniam
1446 2867 1498 2911 et
1534 2858 1644 2925 ipse
1674 2873 1739 2911 ex
1771 2857 2000 2909 fecundo

441 2952 551 3008 Lia:
582 2961 733 3006 utero
761 2951 963 3020 primus
1011 2949 1214 3004 exivit?
1244 2947 1431 3001 Nullus
1462 2947 1683 3000 istorum
1741 2958 1997 3009 sanctus;

443 3057 630 3100 omnes
658 3043 800 3096 enim
829 3055 1016 3110 poenas
1044 3039 1325 3094 dederunt.
1360 3039 1437 3092 Ex
1465 3039 1658 3108 quibus
1680 3038 1998 3104 ostenditur,

445 3135 634 3188 referri
701 3134 764 3185 ad
815 3131 985 3185 solum
1041 3130 1344 3192 Dominum,
1401 3131 1530 3197 legis
1583 3131 1771 3182 scitum
1826 3129 1998 3182 illud:

446 3223 612 3278 Omne
642 3223 985 3277 masculinum
1012 3221 1312 3290 aduperiens
1360 3221 1581 3282 vulvam,
1618 3231 1850 3273 sanctum
1893 3219 2002 3272 Do-

444 3315 586 3367 mino
606 3310 1076 3380 vocabitur:juxta
1111 3312 1250 3380 quod
1300 3308 1510 3364 Gabriel
1539 3311 1676 3363 dixit
1721 3311 1787 3362 ad
1825 3311 2000 3379 Virgi-

445 3417 608 3455 nem:
647 3402 876 3470 Spiritus
947 3411 1160 3455 sanctns
1214 3405 1530 3467 superveniet
1559 3402 1613 3453 in
1665 3417 1730 3461 te,
1761 3413 1806 3453 et
1845 3403 2003 3454 virtus

449 3493 708 3547 Altissinti
745 3493 1067 3546 obumbrabit
1101 3492 1235 3545 tibi:
1269 3490 1397 3544 Ideo
1425 3500 1473 3543 et
1499 3494 1634 3561 quod
1665 3505 1903 3545 nascetur
1940 3507 2004 3545 ex

445 3595 494 3638 te
513 3597 772 3648 sanctum,
801 3583 974 3638 Filius
1007 3583 1100 3637 Dei
1123 3585 1388 3638 vocabitur
1415 3582 1478 3635 ⁸⁷.

518 3852 602 3909 ιιι.
627 3851 788 3906 Plane
818 3864 944 3904 vero
997 3849 1159 3904 fuerit
1193 3850 1282 3918 qni
1326 3847 1700 3901 contradicens
1727 3847 1872 3901 dicat
1905 3866 1918 3900 :
1949 3848 2006 3901 Si

447 3960 575 4014 ergo
599 3946 664 3996 ad
689 3941 971 3996 Dominum
992 3938 1222 3993 refertur
1237 3938 1377 4006 quod
1402 3936 1660 4005 scriptum
1679 3945 1762 3989 est
1793 3953 1807 3989 :
1837 3936 2004 3991 Omne

2096 1955 2294 2023 μήτρα,
2325 1951 2418 2003 καὶ
2455 1946 2555 2003 εἶθ’
2594 1948 2764 2011 οὕτως
2805 1948 2999 2000 τίκτει.
3041 1944 3166 1998 Ἐπὶ
3197 1943 3254 1997 δὲ
3282 1942 3374 1996 τοῦ
3415 1941 3663 2012 Σωτῆρος

2093 2044 2247 2115 ήμῶν
2274 2045 2370 2114 οὐχ
2405 2041 2595 2104 οὕτως·
2627 2039 2764 2094 ἀλλά
2790 2040 2957 2111 χωρὶς
2990 2036 3272 2098 συνουσίας
3290 2034 3450 2097 αὐτὸς
3469 2031 3662 2087 διανοί-

2093 2134 2189 2201 ξας
2219 2134 2316 2205 τὴν
2352 2135 2559 2204 μήτραν
2593 2134 2694 2202 τῆς
2720 2129 3009 2202 παρθένου,
3037 2127 3332 2199 ἀφράστως
3377 2125 3490 2194 (20)
3531 2138 3667 2194 προσ

2091 2222 2286 2294 ἦλθεν·
2326 2221 2467 2282 ὥστε
2499 2221 2579 2283 τὸ,
2634 2219 2766 2274 Πᾶν
2819 2219 3011 2288 ἄρσεν
3059 2215 3362 2286 διανοῖγον
3407 2213 3664 2284 μήτραν,

2093 2315 2262 2384 ἅγιον
2293 2314 2373 2380 τῷ
2401 2314 2596 2382 Κυρίῳ
2633 2311 3021 2380 κληθήσεται,
3060 2311 3138 2373 εἰς
3170 2309 3260 2362 τὸν
3286 2306 3490 2379 Κύριον
3530 2307 3664 2361 ἀνα-

2096 2407 2317 2478 φέρεται
2353 2404 2529 2476 μόνον.
2555 2404 2646 2474 Μὴ
2681 2398 2791 2475 ἆρα
2811 2405 2840 2456 ὁ
2869 2403 3008 2457 Κάῖν
3036 2401 3209 2470 ἀγιος,
3241 2401 3269 2454 ὁ
3289 2401 3347 2453 ὲν
3377 2397 3666 2470 βεὸηλότη-

2094 2515 2146 2551 τι
2176 2497 2237 2551 τὸ
2266 2495 2366 2568 ζῇν
2401 2495 2716 2568 ἀπορρήξας
2759 2493 2894 2565 (2|),
2931 2493 3148 2547 ἐπειδὰν
3182 2492 3288 2564 πρὸ
3325 2492 3540 2546 πάντων
3574 2484 3666 2542 οὗ⁸

2095 2607 2185 2654 τος
2216 2589 2314 2659 τῆς
2346 2589 2612 2660 μητρυιῆς
2642 2588 2854 2659 μήτρας
2893 2585 3119 2656 ἔξαρχος
3145 2585 3402 2652 γέγονεν;
3431 2581 3524 2653 Μὴ
3557 2577 3666 2654 ἆρα

2095 2683 2124 2735 ὁ
2160 2680 2328 2734 Ἡσαῦ
2352 2680 2524 2748 ἅγιος,
2553 2681 2582 2734 ὁ
2610 2678 2864 2748 πολέμιος
2887 2678 2979 2730 καὶ
3005 2675 3274 2747 μαχαίρας
3309 2673 3662 2743 κληρονόμος,

2100 2769 2284 2840 ἐπειδὴ
2308 2770 2400 2822 καὶ
2421 2762 2574 2832 οὗτος
2597 2768 2695 2836 τῆς
2728 2765 3000 2838 μητρικῆς
3028 2764 3217 2836 νηδύος
3248 2762 3463 2834 πρῶτος
3484 2759 3666 2825 sit-{7:5-

2100 2877 2218 2924 σεν;
2240 2860 2330 2931 Μὴ
2353 2855 2462 2930 ἆρα
2488 2861 2516 2912 ὁ
2557 2859 2797 2928 Ῥουϐὴμ
2827 2857 3001 2924 ἅγιος,
3025 2859 3054 2909 ὁ
3076 2857 3173 2926 τὴν
3193 2853 3460 2926 πατρικὴν
3479 2853 3664 2923 κοίτην

2100 2950 2346 3020 ὑϐρίσας,
2392 2949 2488 3002 καὶ
2535 2948 2777 3019 κατάρας
2816 2949 3086 3017 ἀπόφασιν
3136 2946 3422 3010 ἀναζέσας,
3478 2944 3666 3014 ἐπειδὴ

2101 3041 2193 3093 καὶ
2226 3039 2386 3102 αὐτὸς
2426 3041 2524 3110 τῆς
2571 3039 2865 3106 πολυγόνου
2915 3039 3120 3102 κοιλίας
3151 3039 3249 3110 τῆς
3284 3037 3418 3100 Δίας
3452 3035 3667 3106 πρῶτος

2106 3131 2358 3202 ὲξῆλΘεν;
2391 3130 2580 3194 Οὐδεὶς
2607 3129 2810 3183 τούτων
2841 3129 2991 3198 ἅγιος
3011 3146 3024 3159 ·
3061 3130 3258 3191 πάντες
3293 3128 3400 3200 γάρ
3437 3121 3582 3181 οὗτοι
3610 3129 3668 3180 ὲν

2105 3219 2392 3292 ἐπιτιμίοις
2417 3222 2548 3290 (22).
2598 3221 2688 3285 Ἐξ
2717 3214 2790 3274 ὧν
2822 3220 3111 3283 δείκνυται,
3139 3221 3219 3274 ὅτι
3243 3223 3320 3285 εἰς
3345 3221 3434 3273 τὸν
3472 3219 3669 3291 Κύριον

2106 3309 2262 3377 μόνον
2289 3307 2386 3378 τὴν
2427 3309 2697 3379 ἀναφορὰν
2731 3309 2840 3380 ἔχει
2875 3310 2952 3374 τὸ,
2988 3309 3116 3363 Πᾶν
3149 3311 3340 3378 ἄρσεν
3368 3309 3672 3378 διανοῖγον

2097 3399 2352 3467 μήτραν,
2387 3397 2555 3467 ἅγιον
2602 3399 2681 3465 τῷ
2729 3401 2919 3468 Κυρίῳ
2963 3400 3349 3468 κληθήσεται,
3403 3400 3543 3455 κατὰ
3579 3400 3671 3454 τὸν

2111 3487 2349 3560 Γαϐριὴλ
2381 3489 2473 3542 τὸν
2510 3491 2766 3561 είρηκότα
2807 3491 2940 3562 πρὸς
2961 3493 3059 3562 τὴν
3085 3492 3355 3564 Παρθένον
3373 3509 3388 3522 ο
3411 3492 3654 3560 Πνεῦμα

2109 3577 2282 3646 ἅγιον
2299 3579 2687 3636 ἐπελεύσεται
2715 3583 2813 3634 ἐπὶ
2845 3582 2939 3644 σὲ,
2959 3575 3067 3636 ’καὶ
3101 3582 3352 3652 δύναμις
3391 3582 3672 3650 Ὑψίστου

2107 3667 2442 3722 ἐπισκιάσει
2491 3687 2621 3725 σοι·
2672 3671 2766 3725 διὸ
2799 3672 2895 3724 καὶ
2928 3671 2995 3724 τὸ
3044 3671 3415 3742 γεννώμενον
3448 3672 3517 3724 ἐκ
3553 3669 3672 3725 σοῦ

2107 3758 2294 3829 ἅγιον,
2332 3761 2462 3827 Υἱὸς
2493 3762 2776 3830 Ὑψίστου
2803 3762 3187 3830 κληθήσεται,

2178 3851 2218 3903 Γ
2219 3857 2255 3904 '.
2283 3853 2437 3906 Ἔστι
2467 3853 2523 3905 δὲ
2553 3853 2766 3918 πάντως
2791 3857 2962 3907 εἰπεῖν
2992 3871 3112 3908 τινα
3136 3855 3242 3907 τῶν
3266 3852 3671 3921 ἀντιλεγόντων,

2069 3965 2073 3968 ·
2107 3940 2209 4006 ὅτι,
2233 3942 2296 3994 Εί
2315 3941 2490 3996 τοίνυν
2509 3943 2588 4006 είς
2608 3943 2698 3994 τὸν
2721 3942 2920 4013 Κύριον
2939 3942 3036 4012 τὴν
3047 3943 3319 4012 ἁναφοοάν
3331 3941 3440 4012 ἔχει
3455 3941 3534 4006 τὸ,
3550 3939 3678 3996 Πᾶν

527 4101 572 4134 ⁸³
605 4055 740 4155 Luc.
767 4115 827 4162 ιι,
869 4097 1064 4162 21-23;
1103 4096 1268 4150 Exod.
1303 4111 1424 4158 xnt,
1452 4093 1506 4147 2.
1583 4094 1629 4125 ⁵⁸
1658 4092 1792 4148 Gen.
1846 4111 1898 4149 tv
1922 4138 1937 4162 ,
1989 4102 1996 4149 ε

2129 4102 2172 4134 ⁸⁸
2201 4102 2335 4158 Gen.
2368 4119 2479 4167 xvn,
2518 4103 2606 4156 l2.
2681 4103 2727 4136 “
2766 4103 2902 4159 Gen.
2948 4120 3098 4168 xux,
3131 4103 3184 4158 ι.
3262 4102 3305 4135 ⁸⁷
3333 4103 3465 4158 Luc.
3513 4120 3552 4171 ι,
3583 4105 3673 4160 55.

447 4268 588 4334 quod
611 4263 904 4333 requiritur
924 4270 980 4334 ut
1004 4259 1156 4334 salva
1178 4258 1289 4334 sint
1310 4257 1820 4334 virginca_clattstra,
1853 4257 1996 4334 nulla

449 4325 548 4391 fuit
580 4325 784 4403 apeitio
809 4351 820 4386 :
857 4332 1000 4403 πρὸς
1025 4329 1081 4383 δὲ
1108 4329 1205 4399 τὴν
1235 4325 1460 4403 δύναμιν
1482 4325 1574 4403 τοῦ
1599 4325 1877 4403 ιςεχθένίεος
1904 4328 1998 4380 Δε,

451 4397 665 4465 σπότου,
698 4403 846 4455 οὐδὲν
886 4397 1192 4454 κέκλεισται
1237 4398 1315 4468 τῷ
1368 4397 1573 4468 Κυρίῳ.
1618 4399 1692 4468 lta
1744 4397 1995 4468 nimirum

2174 4259 2284 4330 (Ξῖ)
2319 4259 2544 4326 Πάντες
2576 4260 2687 4330 γὰρ
2727 4256 2891 4317 οὗτοι
2931 4261 3000 4316 ὲν
3035 4261 3367 4332 ἐπιτιμίοις.
3414 4265 3536 4319 Sola
3577 4265 3678 4319 im-

2105 4346 2285 4399 pressa
2323 4333 2407 4383 hic
2435 4331 2642 4396 mutila,
2670 4336 2971 4386 neceSsaria
3008 4336 3105 4386 ista
3133 4331 3508 4388 centinuandse
3549 4352 3675 4387 ora-

2105 4401 2233 4472 tioni
2276 4400 2605 4472 desiderant.
2655 4401 2922 4456 Dederunl
2966 4417 3153 4472 pinnas
3179 4417 3275 4457 ceu
3304 4405 3377 4458 rei
3404 4445 3419 4469 ,
3451 4420 3586 4470 quas
3618 4413 3673 4458 et

448 4477 616 4531 exivit
640 4473 837 4526 virtute
871 4473 958 4525 illa
1003 4485 1096 4524 sua
1129 4465 1328 4544 divina,
1354 4465 1604 4521 claustris
1645 4465 1892 4535 integris,
1935 4483 1997 4520 ac
2029 4476 2073 4532 ι)
2103 4471 2244 4544 ipsas
2268 4471 2743 4544 it_i_singu|is_nvelut
2768 4465 3092 4544 subindicat.
3136 4471 3190 4526 ln
3218 4465 3556 4544 Gaiino'ergo
3589 4476 3676 4540 τὸ,

449 4546 494 4599 si
539 4545 626 4598 illa
662 4553 897 4596 reserata
923 4549 1134 4602 essent,
1184 4540 1274 4608 qni
1313 4552 1483 4608 supra
1514 4545 1765 4608 naturam
1805 4548 1998 4608 natura

450 4617 637 4678 utitur,
670 4621 725 4666 et
755 4612 820 4664 ad
854 4621 1038 4664 nutum
1070 4611 1167 4663 sibi
1195 4604 1640 4678 otnnia’subjicit.
1672 4604 1848 4678 Exivit
1873 4621 2001 4674 ergo

451 4687 603 4738 vulva
624 4674 746 4736 'non
776 4690 955 4748 aperta
977 4720 991 4743 ,
1019 4693 1178 4747 quam
1220 4678 1319 4732 sibi
1351 4678 1462 4744 ipse
1506 4674 2000 4748 ad'immaculatum

449 4765 660 4822 partum
678 4745 919 4822 aperuit.
958 4745 1050 4822 Est
1073 4751 1184 4802 lnec
1216 4750 1467 4822 qua'stio,
1497 4761 1591 4822 ceu
1634 4745 1758 4822 hinc
1784 4757 2002 4822 accepta

451 4814 638 4894 grandi
667 4814 983 4894 fragmento,
1022 4820 1160 4894 inter
1185 4814 1507 4894 collectanea
1534 4814 1770 4878 Maximi,
1807 4814 2001 4868 dubio-

453 4885 568 4947 rum
598 4894 651 4944 in
683 4885 1002 4958 scripturam
1035 4888 1234 4940 codicis
1263 4885 1492 4958 Thuani.

522 4963 634 5032 (ἳο)
687 4955 1058 5032 nepam“:
1072 4958 1171 5032 A
1188 4955 1497 5032 ἑιφῦάιρτιυςἒ

522 5020 634 5103 (21)
703 5020 888 5112 'O'ér
941 5020 1300 5109 ,βεϐηλότητι
1340 5020 1422 5077 ’τὸ
1474 5021 1580 5090 ζῇν
1639 5020 2000 5145 ἀπορρήξας.

522 5115 652 5145 unm
678 5111 786 5145 uita
829 5100 1011 5145 fratris
1061 5112 1220 5145 uuam
1271 5093 1670 5145 abrumpendo.
1716 5108 1746 5143 τ
1815 5091 1912 5145 ζῆν
1951 5102 2000 5145 et

451 5091 652 5170 Nempe
678 5102 804 5170 vita,
829 5099 1011 5170 fratris
1061 5091 1239 5170 quam
1271 5093 1670 5170 abrumpendo,
1712 5091 1778 5170 τὸ
1815 5091 1912 5170 ζῇν
1936 5102 2006 5170 _et

453 5160 616 5226 vitam
661 5169 904 5224 absolute
943 5160 1186 5235 abrupit;
1237 5160 1657 5235 prima__tnorte,
1691 5160 2005 5235 ‘fratri'cidio

453 5245 662 5295 invecta
689 5241 907 5293 mundo.
944 5231 1094 5291 Sicut
1127 5231 1269 5290 enim
1305 5235 1354 5288 in
1381 5232 1502 5286 aliis
1526 5231 1796 5302 proprium
1824 5233 2006 5300 cujus-

365 5359 375 5367 .
451 5327 556 5380 que
595 5311 797 5364 crimen
843 5306 1040 5370 refert,
1088 5305 1237 5380 cujus
1262 5304 1587 5380 _causa,_etsi
1621 5302 2004 5380 primogenitus

453 5371 557 5434 non
582 5381 652 5434 sit
680 5394 803 5433 vere
827 5387 1065 5441 Sanctus,
1095 5375 1165 5428 ita
1192 5375 1374 5428 debuit
1404 5372 1603 5425 referre
1631 5371 1784 5425 Caini
1816 5390 1829 5425 :
1864 5373 2004 5440 quod

451 5459 666 5505 conatat
707 5462 824 5503 esse
861 5447 1150 5500 fraternam
1175 5445 1406 5506 caedem,
1436 5457 1540 5511 non
1574 5443 1713 5511 quod
1757 5441 1826 5495 sit
1849 5453 2005 5496 natus

453 5519 509 5574 in
540 5527 758 5588 peccato
779 5517 1045 5587 originali,
1070 5530 1199 5588 quo
1223 5514 1351 5568 nihil
1377 5509 1552 5588 differt
1574 5509 1607 5564 εἰ
1630 5512 2004 5565 sanctissimis.

454 5583 590 5642 Male
620 5602 745 5657 ergo
775 5583 990 5641 Silanus
1015 5603 1027 5639 :
1055 5584 1170 5657 Qui
1184 5585 1233 5639 in
1273 5593 1416 5657 statu
1467 5583 1670 5657 impuro
1706 5589 1858 5649 atque
1885 5598 2006 5657 pro-_

456 5661 582 5726 {ano
607 5659 660 5712 in
682 5649 838 5711 vitam
857 5649 1110 5723 prorupit.
1136 5651 1470 5709 Relinuimus
1494 5652 1574 5717 τὸ,
1589 5649 2003 5726 ἔξαρχοςηηιιοεί

455 5719 700 5800 princeps
728 5719 1202 5797 primogenitorum
1233 5747 1243 5782 :
1271 5737 1573 5794 quanquam
1614 5720 1704 5784 τὸ,
1740 5719 1798 5784 ἐξ
1833 5721 2005 5792 ἀρχῆς

453 5799 559 5854 non
587 5801 656 5853 sit
683 5799 1054 5866 incongruum.

2103 4538 2418 4612 ἀπορρήξας
2450 4539 2510 4592 τὸ
2544 4538 2683 4612 ζῇν,
2707 4543 2868 4596 etiam
2897 4540 3049 4596 Caini
3094 4545 3258 4612 ipsius
3285 4545 3445 4597 vitam
3473 4538 3679 4612 signini—

2103 4613 2521 4681 caveritpquam
2565 4611 2782 4681 profane
2809 4614 3021 4679 abrupit
3058 4630 3071 4666 :
3112 4611 3176 4666 eo
3204 4614 3363 4666 modo
3409 4611 3674 4681 mortuus,

2103 4688 2209 4749 ﬂ'uo
2255 4679 2435 4733 vixit:
2489 4679 2751 4748 Profugus
2799 4699 2830 4734 a
2876 4681 3012 4749 facie
3055 4681 3299 4745 Domini;
3345 4683 3542 4738 Genes.
3599 4679 3674 4738 Iv.

2102 4747 2263 4803 Forte
2293 4751 2454 4821 etiam
2485 4747 2700 4806 occisus
2725 4761 2780 4804 et
2805 4747 2916 4821 ipse
2940 4767 2967 4803 a
2997 4750 3214 4814 Lamec.
3236 4752 3386 4819 juxta
3417 4752 3671 4807 Hebraeo-

2104 4833 2221 4890 rum
2260 4820 2640 4890 traditinnem,
2694 4829 2751 4874 ut
2789 4820 2862 4873 sit
2895 4821 2976 4873 vir
3007 4821 3124 4888 ille,
3162 4837 3322 4890 quem
3367 4824 3412 4877 is
3441 4825 3547 4886 ait,
3604 4822 3676 4878 Se

2101 4889 2352 4962 occidisse
2389 4891 2441 4942 in
2484 4887 2669 4943 vulnus
2708 4906 2860 4962 suum
2901 4903 2939 4962 :_
2969 4887 3340 4962 Genesfitem
3391 4907 3466 4956 Iv,
3522 4893 3676 4962 cujus

2103 4959 2251 5038 necis
2283 4967 2474 5038 metus,
2512 4975 2618 5012 non
2648 4968 2754 5013 tam
2785 4960 2881 5013 fuit
2911 4960 3091 5038 divina
3121 4961 3444 5038 indulgentia
3481 4959 3674 5038 δορί-ετ

2103 5029 2247 5100 cauti
2273 5029 2548 5100 abstersus
2569 5070 2584 5094 ,
2613 5046 2772 5098 quam
2799 5032 3094 5098 castigatus
3114 5071 3128 5092 ,
3167 5029 3375 5100 adjecta
3426 5029 3675 5086 inferenti

2103 5097 2333 5168 graviori
2359 5113 2535 5168 pinna,
2561 5097 2721 5165 quam
2751 5100 2862 5168 ipse
2887 5117 2917 5152 a
2943 5097 3087 5154 cunde
3113 5097 3348 5154 fraterna
3381 5101 3674 5158 retulisset.

2102 5166 2158 5220 In
2185 5167 2347 5242 Esau,
2372 5167 2582 5242 crimini
2612 5166 2898 5242 respondet
2924 5185 3099 5242 pinna,
3124 5170 3202 5238 τῷ
3231 5169 3501 5242 πολεμίῳ,
3532 5172 3675 5226 hosti

2103 5240 2338 5289 uiiiuinm
2368 5250 2420 5288 et
2449 5239 2728 5292 lacessenti
2756 5255 2964 5300 omnes,
2992 5241 3201 5308 gladius
3229 5239 3387 5308 quem
3417 5239 3464 5294 ei
3498 5242 3680 5295 hostes

2101 5322 2290 5360 omnes
2335 5308 2602 5372 inferant,
2645 5310 2796 5376 juxta
2844 5310 2969 5361 illud
3007 5307 3026 5362 7:
3089 5307 3281 5362 Manus
3334 5311 3448 5378 ejus
3493 5322 3677 5363 contra

2102 5393 2274 5450 omnes
2294 5391 2343 5450 et
2362 5393 2547 5450 manus
2573 5379 2808 5450 omnium
2824 5392 3004 5431 contra
3023 5395 3161 5444 eum,
3183 5379 3381 5433 Genes.
3409 5396 3518 5443 tm,
3535 5383 3677 5450 quod
3783 5441 3788 5444 _

2105 5448 2302 5498 dictum
2333 5446 2384 5498 in
2410 5446 2707 5508 Istnaelem,
2735 5448 2933 5501 referre
2962 5450 3172 5500 videtur
3192 5446 3594 5515 Amphilochius
3630 5454 3679 5501 in

2106 5517 2277 5576 Esau,
2315 5515 2464 5582 lapsu
2500 5517 2791 5572 memoriae.
2829 5516 2964 5572 Male
3003 5533 3128 5570 vero
3153 5518 3251 5571 εει.
3285 5537 3296 5571 :
3325 5517 3391 5570 Et
3435 5521 3520 5571 ille
3561 5520 3681 5570 belli

2102 5597 2149 5657 et
2176 5583 2338 5654 gladii
2368 5587 2572 5638 Intres:
2601 5602 2662 5657 ac
2689 5589 3006 5657 inﬁmargine
3037 5588 3110 5641 ἴσ.
3153 5588 3413 5657 πολέμου,
3464 5603 3678 5656 egregia

2103 5655 2259 5723 plane
2306 5657 2589 5723 correctio.
2636 5655 2709 5709 De
2742 5656 2926 5710 [inlicit
2977 5659 3105 5710 nihil
3149 5655 3476 5721 addendum,
3519 5655 3682 5712 claris

2105 5727 2156 5777 in
2187 5739 2271 5790 eo,
2301 5740 2366 5778 ex
2399 5722 2680 5796 Scriptura
2705 5764 2719 5790 ,
2746 5726 2974 5781 crimine
3003 5737 3056 5781 et
3089 5741 3250 5794 plena
3284 5743 3296 5779 :
3329 5729 3534 5783 oll'cnsa
3579 5745 3684 5796 pa-

2107 5803 2258 5849 terno
2281 5795 2442 5849 cubili
2473 5795 2694 5866 polluto,
2723 5807 2778 5852 et
2807 5797 3200 5853 Inaledictioue.
