4030 6408
360 298 423 355 49
1438 298 1699 354 ORATIO
1733 297 1799 353 IN
1838 297 2216 355 OCCURSUM
2255 297 2513 355 DOMINI.
3519 290 3589 355 50

355 422 532 490 ἇρσεν
565 418 871 491 διανοῖγον
883 420 1143 488 μήτραν.
1174 420 1346 491 ἅγιον
1374 422 1452 487 τῷ
1490 423 1684 491 Κιιρίῳ
1707 422 1910 489 x1710??-

2029 422 2372 476 masculinum
2404 422 2711 489 adaperiam
2742 419 2966 487 vulvam,
2987 428 3222 474 sanctum
3258 419 3481 475 Domino
3503 437 3594 475 tro-

357 529 534 573 σεται,
566 514 668 563 οὐκ
687 510 902 581 ἔμεινεν
928 515 961 583 ὴ
1003 512 1287 583 παρθένος,
1322 515 1606 585 παρθένος.
1648 514 1919 584 Ἐφώνησε

358 604 454 673 γὰρ
490 605 522 671 ἡ
550 602 765 673 Γραφὴ,
795 602 917 656 Ὅτι
959 601 1083 658 πᾶν
1109 604 1297 672 ἄρσεν
1325 604 1628 674 διανοῖγον
1649 606 1882 675 μήτραν
1904 624 1917 637 ·

354 693 610 763 ήνέῳκται
640 695 674 763 ἡ
703 693 1004 765 παρθενικὴ
1036 696 1237 766 μήτρα,
1284 698 1332 749 εί
1362 699 1440 760 είς
1467 697 1557 750 τὸν
1594 697 1795 766 Κύριον
1824 698 1921 769 τὴν

355 782 621 853 ἀναφορὰν
665 782 956 855 κέκτηται·
989 786 1102 838 ἀλλ’
1131 787 1295 845 ἄκουε
1341 788 1573 851 συνετῶς
1614 788 1754 859 (25)’
1788 789 1921 859 πρὸς

354 873 445 942 μὲν
477 875 579 945 τὴν
623 875 957 947 παρθενικὴν
984 877 1165 946 φύσιν,
1204 879 1310 931 οὐδ’
1344 880 1478 943 ὅλως
1508 882 1562 933 αἱ
1597 879 1921 951 παρθενικαὶ

351 966 507 1018 πύλαι
536 966 910 1039 ἠνεῴχθησαν,
936 968 1186 1042 βουλήσει
1212 971 1303 1023 τοῦ
1334 972 1536 1043 ἀρτίως
1565 973 1923 1043 κυοφορηθένο
1956 977 1971 992 ‘

349 1073 451 1121 τος,
487 1059 629 1111 κατὰ
656 1058 718 1110 τὸ
752 1059 963 1128 φάσκον
984 1062 1111 1132 περὶ
1133 1060 1295 1114 αὐτοῦ
1326 1062 1487 1132 ῥητόν
1512 1080 1524 1091 ·
1550 1063 1712 1130 Αῦτη
1749 1064 1785 1131 ἡ
1811 1064 1919 1117 πύ-

345 1148 417 1210 λη
451 1144 556 1199 τοῦ
587 1147 829 1215 Κυρίου,
872 1150 969 1203 καὶ
1009 1152 1417 1204 εἰσελεύσεται
1455 1151 1555 1205 καὶ
1611 1151 1921 1216 ἐξελεύσε-

346 1252 456 1297 ται,
495 1237 596 1290 καί
624 1238 793 1292 ἔσται
818 1242 856 1309 ἡ
890 1242 1054 1309 πύλη
1081 1243 1499 1312 κεκλεισμένη.
1538 1243 1626 1305 Ὠς
1658 1242 1791 1313 πρὸς
1820 1243 1919 1313 τὴν

345 1326 675 1400 παρθενικὴν
716 1332 896 1385 τοίνυν
942 1332 1121 1402 φύσιν,
1156 1334 1264 1387 οὐδ’
1302 1333 1439 1396 ὅλως
1478 1332 1828 1404 ἠνεῴχθησαν
1860 1334 1916 1386 αἱ

345 1418 665 1489 παρθενικαὶ
694 1422 859 1476 πύλαι
881 1439 894 1452 '
926 1425 1003 1487 ὡς
1046 1425 1103 1478 δὲ
1147 1426 1284 1495 πρὸς
1313 1424 1410 1496 τὴν
1444 1424 1671 1495 δύναμιν
1708 1425 1802 1477 τοῦ
1829 1442 1917 1478 τε·

340 1510 559 1577 χθέντος
584 1514 876 1580 Δεσπότου,
919 1514 1067 1569 οὐδὲν
1095 1517 1402 1569 κέκλεισται
1435 1516 1512 1588 τῷ
1540 1517 1751 1588 Κυρίῳ,
1781 1516 1915 1570 ἀλλὰ

341 1603 513 1657 πάντα
561 1605 854 1676 ὴνὲῳκται.
902 1608 1066 1661 Οὐδὲν
1106 1608 1168 1661 τὺ
1203 1608 1605 1680 παρεμποδίζον
1630 1624 1644 1643 ⁸
1675 1608 1826 1661 οὐδὲν
1852 1606 1914 1660 τὸ

341 1698 726 1769 παρενοχλοῦν.
756 1700 942 1754 Πάντα
968 1700 1076 1770 γὰρ
1100 1699 1179 1770 τῷ
1207 1700 1397 1771 Κυρίῳ
1428 1700 1715 1771 ὴνέῳκται.
1752 1698 1910 1755 Ὅθεν

2025 514 2249 575 cabitur,
2290 512 2450 581 Virgo
2500 513 2860 581 virginitatem
2897 525 3002 567 non
3046 511 3300 566 servavit.
3331 511 3599 566 Clamavi-

2022 606 2162 657 enim
2190 604 2466 673 Scriptura
2494 626 2504 658 :
2538 602 2704 657 Omne
2737 604 3084 657 masculinum
3124 603 3431 672 adaperiens
3471 602 3583 657 vul-

2022 710 2184 749 vam:
2227 695 2326 749 fuit
2369 696 2551 764 utique
2605 704 2789 764 aperta
2830 692 3064 764 Virginis
3120 693 3298 755 vulva.
3347 694 3389 748 si
3446 693 3497 747 id
3521 703 3597 745 τιν

2022 803 2142 842 eum
2178 789 2369 843 referri
2419 789 2625 844 habuit.
2662 789 2948 844 Enimvero
2988 790 3205 843 cordate
3243 789 3365 842 audi
3416 796 3468 841 et
3507 786 3590 840 in.-

2026 882 2371 950 telligenter:
2413 881 2562 947 Quod
2594 881 2811 949 quidem
2849 879 3043 934 attinet
3090 881 3156 935 ad
3198 887 3443 934 naturam
3476 880 3588 932 vir—

2024 975 2257 1040 gineam,
2290 973 2434 1028 nullo
2464 974 2683 1027 omnino
2718 974 2874 1027 modo
2900 973 3149 1043 virginea!
3178 980 3343 1041 porta:
3373 970 3587 1024 fuerunt

2020 1075 2238 1134 apertae,
2267 1065 2473 1119 volente
2500 1079 2564 1119 eo
2593 1067 2685 1134 qui
2712 1079 2880 1132 nuper
2900 1073 3052 1118 utero
3074 1065 3402 1134 gestabatur,
3431 1060 3585 1130 juxta

2019 1156 2149 1209 illud
2182 1159 2245 1211 de
2277 1157 2391 1225 ipso
2421 1158 2698 1210 oraculum
2738 1174 2750 1209 :
2784 1155 2913 1209 Haec
2945 1165 3097 1224 porta
3143 1153 3459 1208 Domini:et
3507 1154 3587 1206 in-

2018 1248 2285 1316 gredietur
2308 1255 2357 1300 et
2377 1248 2672 1316 egredietur
2695 1262 2713 1299 :
2745 1258 2791 1300 et
2822 1256 2973 1315 porta
3003 1246 3095 1299 erit
3124 1247 3308 1299 clausa
3332 1243 3397 1297 “.
3431 1242 3585 1310 Quod

2022 1340 2206 1408 itaque
2238 1349 2447 1408 spectat
2472 1343 2537 1392 ad
2576 1353 2819 1393 naturam
2850 1338 3169 1409 virgineam,
3198 1336 3343 1392 nullo
3365 1352 3584 1407 prorsus

2016 1433 2173 1486 modo
2202 1441 2397 1501 aperta:
2424 1442 2549 1485 sunt
2577 1433 2827 1502 virginea:
2855 1442 3020 1501 portae
3051 1446 3065 1484 :
3106 1432 3198 1486 sed
3220 1430 3360 1499 quod
3394 1430 3583 1484 attinet

2015 1528 2077 1579 ad
2109 1526 2396 1594 p0tentiam
2426 1524 2631 1578 Domini
2658 1525 2747 1594 qui
2782 1535 2873 1591 est
2930 1534 3112 1589 natus,
3170 1523 3304 1578 nihil
3356 1521 3582 1577 Domino

2012 1615 2251 1670 clausum
2276 1625 2379 1680 est,
2409 1617 2502 1671 sed
2548 1619 2723 1670 omnia
2780 1626 2903 1671 sunt
2936 1616 3008 1670 illi
3071 1626 3278 1686 aperta.
3326 1613 3469 1668 Nihil
3498 1622 3581 1669 est

2014 1708 2153 1774 quod
2194 1708 2480 1776 impediat;
2520 1709 2651 1762 nihil
2679 1710 2819 1776 quod
2849 1706 3047 1765 oﬂiciat
3073 1716 3124 1761 et
3148 1708 3347 1762 obstet.
3387 1705 3581 1760 Omnia

340 1791 426 1841 καὶ
452 1792 510 1842 αἱ
537 1789 654 1843 ἄνω
683 1790 982 1862 ὐπέρταται
1009 1790 1265 1862 δυνάμεις
1292 1791 1427 1862 (24),
1449 1794 1567 1856 ταῖς
1597 1792 1745 1844 κάτω
1770 1808 1910 1862 παρ-

2020 1799 2241 1852 Domino
2265 1807 2389 1853 sunt
2418 1811 2625 1870 aperta.
2661 1799 2810 1856 Unde
2837 1803 2997 1855 etiam
3029 1815 3293 1871 suprema:
3320 1799 3372 1854 in
3401 1797 3581 1854 excel-

336 1880 635 1947 εγγυῶσαι,
678 1881 981 1954 κεκράγασι
1035 1882 1320 1951 λέγοντεςο
1362 1885 1565 1951 Ἄρατε
1604 1884 1824 1949 πύλας,
1858 1884 1912 1935 οὶ

336 1968 652 2038 ἄρχοντες,
697 1972 887 2042 ὑμῶν,
927 1974 1023 2026 καὶ
1070 1973 1383 2041 ἐπὰρθητε,
1431 1975 1617 2027 πύλαι
1667 1972 1907 2033 αἱώνιοι,

336 2068 426 2120 καὶ
446 2064 867 2119 εἰσελεύσεται
889 2066 922 2117 ὁ
939 2064 1240 2129 βασιλεὺς
1265 2061 1372 2130 τῆς
1390 2062 1590 2130 δόξης.
1616 2063 1911 2134 Θαυμαστὴ

331 2159 504 2213 τοίνυν
528 2160 566 2229 ἡ
596 2157 883 2228 παρθενία,
915 2158 948 2227 ἡ
977 2155 1144 2218 ὅντως
1170 2153 1377 2225 ἀληθὴς
1406 2154 1692 2224 παρθενία,
1724 2152 1910 2224 ἐπειδή

332 2253 443 2305 ἐστι
500 2250 607 2304 καὶ
658 2253 715 2303 ὲν
776 2248 1043 2320 παρθενίᾳ
1094 2246 1347 2317 διαφορά.
1397 2248 1463 2298 Δί
1516 2246 1614 2316 μὲν
1652 2246 1913 2312 νυστάξα-

333 2353 414 2389 σαι
444 2336 591 2407 (‘25),
620 2338 677 2389 αί
704 2336 760 2388 δὲ
785 2336 1222 2407 γρηγορήσασαι.
1269 2334 1591 2404 Θαυμαστὸς
1620 2335 1713 2388 καὶ
1754 2336 1781 2387 ὁ
1813 2334 1909 2402 γά-

338 2448 451 2501 μος,
499 2433 534 2484 ὁ
579 2430 807 2500 ἀληθὴς,
865 2430 961 2482 καὶ
1003 2428 1211 2499 τίμιοςο
1260 2427 1443 2480 πολλοὶ
1481 2427 1589 2498 γὰρ
1621 2426 1909 2496 ἐφύλαξαν,

333 2523 420 2574 καὶ
448 2520 641 2574 πολλοὶ
673 2520 1100 2591 παρεσὰλευσαν.
1142 2520 1443 2590 Θαυμαστὴ
1484 2519 1541 2572 δὲ
1571 2519 1664 2571 καὶ
1694 2520 1725 2587 ἡ
1755 2534 1912 2589 χηρο-

331 2614 481 2684 σύνη.
506 2612 697 2667 Καλὸν
718 2614 825 2685 γὰρ
846 2612 953 2666 τῶν
982 2611 1150 2685 τριῶν
1175 2611 1467 2681 ταγμάτων
1498 2609 1910 2681 ἀπομνημονεῦ-

329 2721 437 2761 σαι.

392 2887 467 2939 Δ’.
501 2884 648 2950 Καὶ,
676 2883 750 2948 ὡς
777 2888 1056 2956 προεῖπον,
1084 2883 1367 2954 θαυμαστὴ
1390 2882 1485 2937 καὶ
1507 2885 1539 2954 ἡ
1558 2882 1849 2953 χηροσύνη,
1874 2885 1907 2955 ἠ

324 2978 490 3039 ὅντως
527 2976 845 3047 χηροσύνη·
880 2978 913 3045 ἡ
944 2975 1052 3028 τῶν
1090 2974 1368 3045 ἀμιάντων
1396 2974 1572 3029 ἄθλων
1605 2974 1792 3043 ἀγῶνα
1832 2993 1909 3028 νι-

325 3070 577 3138 κήσασα,
610 3068 641 3136 ἡ
675 3067 834 3136 τιμία
864 3066 958 3120 καὶ
984 3064 1197 3135 καθαρὰ
1230 3064 1324 3117 καὶ
1365 3064 1650 3134 ἁκίϐδηλος
1671 3080 1684 3095 ·
1716 3066 1750 3133 ἠ
1781 3064 1908 3118 ἄνευ

320 3157 413 3209 τοῦ
468 3158 609 3211 ἰδίου
662 3155 915 3224 συζύγου,
949 3156 1120 3226 ῥύπου
1159 3155 1534 3225 ἀνεπίμικτος.
1577 3154 1678 3207 Οἴα
1717 3154 1906 3223 γέγονε

322 3248 414 3301 καὶ
438 3252 471 3319 ἡ
502 3249 718 3319 ἀρτίως
750 3250 878 3317 ἡμῖν
912 3248 1383 3317 παραγνωσθείσα,
1432 3248 1597 3299 Ἀννα
1633 3247 1666 3315 ἡ
1694 3246 1904 3318 προφῆυ

319 3357 423 3405 τις,
453 3342 488 3411 ἡ
518 3339 713 3401 καλῶς
734 3338 1044 3410 γηράσασα,
1088 3338 1180 3390 καὶ
1206 3336 1281 3398 ὡς
1319 3336 1478 3400 ἀετὸς
1513 3336 1908 3391 ἅνακαινισθετ-

324 3450 408 3485 σα.
442 3435 693 3494 Ἦκουες
717 3432 825 3502 γὰρ
857 3430 1055 3501 ἀρτίως
1082 3428 1176 3481 τοῦ
1204 3427 1589 3496 εὐαγγελιστοῦ
1618 3428 1801 3481 Λουκᾶ
1822 3427 1905 3480 λέ·

319 3539 534 3592 γηπος⁰
583 3521 706 3577 Καὶ
760 3518 837 3591 ἦν
890 3523 1067 3574 Ἅννα
1122 3517 1431 3589 προφῆτις,
1479 3520 1740 3590 θυγάτηρ
1791 3524 1906 3574 Φα-

320 3614 541 3681 νουὴλ,
574 3615 649 3668 ἐκ
702 3612 903 3681 φυλῆς
952 3611 1147 3679 Ἀσὴρ,
1196 3611 1347 3678 αὕτη
1399 3612 1799 3679 προϐεϐηκυῖα
1839 3613 1908 3665 ἐν

316 3708 569 3775 ἡμέραις
605 3705 884 3771 πολλαῖς,
922 3702 1155 3770 ζήσασα
1185 3702 1334 3773 μετὰ
1377 3703 1483 3758 τοῦ
1534 3704 1752 3771 ἀνδρὸς
1801 3704 1904 3772 ἐτη

316 3801 462 3853 ἑπτὰ
502 3798 633 3854 ἀπὸ
678 3796 784 3864 τῆς
823 3798 1142 3866 παρθενίας
1179 3795 1402 3865 αὐτῆς’
1438 3798 1537 3851 καὶ
1571 3798 1721 3863 αὕτη
1752 3797 1907 3865 χήρα

313 3895 391 3959 ὡς
426 3892 591 3947 ἐτῶν
629 3890 1001 3961 ὀγδοήκοντα
1022 3888 1334 3960 τεσσάρων
1356 3908 1369 3921 ·
1402 3889 1439 3958 ἢ
1471 3893 1582 3945 οὐκ
1614 3890 1907 3959 ἀφίστατο

313 3987 429 4040 ἀπὸ
454 3986 568 4040 τοῦ
595 3984 783 4052 ἱεροῦ,
804 3984 1108 4050 νηστείαις
1132 3982 1243 4055 (96)
1269 3982 1365 4036 καὶ
1388 3982 1635 4050 δεήσεσι
1660 3984 1905 4053 λατρεύ-

312 4095 470 4133 ουσα
514 4078 723 4132 νύκτα
777 4074 873 4129 καί
924 4074 1171 4144 ἡμέραν.
1219 4071 1371 4139 Εἶδες
1418 4076 1475 4129 ὲν
1518 4074 1646 4141 τίσι,
1686 4075 1780 4130 καὶ
1817 4076 1906 4129 οἵα

311 4175 342 4240 ἡ
374 4174 526 4243 χήρα
579 4172 759 4223 Ἅννα
808 4169 865 4221 ὲν
897 4171 1007 4232 τοῖς
1046 4167 1210 4232 θείοις
1250 4168 1602 4237 Εὐαγγελίοις
1641 4169 1902 4237 ἐγκεκαλο

309 4263 628 4327 λώπισται;
668 4262 871 4323 Ὄντως
901 4261 1086 4325 Ἀννα,
1127 4262 1160 4331 ἡ
1199 4262 1365 4314 Ἀννα
1401 4260 1533 4331 (27)’
1576 4260 1905 4332 συνέδραμεν

309 4357 373 4424 τῇ
403 4354 515 4406 τῶν
541 4351 775 4422 τρόπων
802 4348 1012 4421 εὐδοξίᾳ
1043 4353 1077 4421 ἡ
1109 4349 1203 4402 τοῦ
1232 4351 1491 4420 ὀνόματος
1533 4350 1869 4421 προσηγορία
1888 4364 1901 4379 ⁶

308 4446 680 4499 ἀκουέτωσαν
705 4444 763 4495 αἱ
790 4444 1063 4510 γυναῖκες,
1091 4442 1183 4496 καὶ⁴
1205 4440 1548 4513 ζηλούτωσαν
1572 4441 1671 4512 τὴν
1696 4440 1900 4506 ἔνδοξον
1932 4470 1975 4525 D

2014 1892 2090 1944 sis
2116 1891 2366 1957 virtutes,
2400 1891 2587 1948 inferis
2620 1894 2909 1949 virtutibus
2941 1892 3178 1948 clamore
3225 1892 3577 1962 praecipiunt,

2016 1984 2288 2051 dicentes,
2325 1983 2512 2039 Tollite
2533 1996 2731 2053 portas,
2763 1987 3039 2056 principes,
3070 1995 3302 2042 vestras:
3333 1995 3381 2039 et
3410 1984 3579 2039 eleva-

2013 2076 2157 2142 nn'ni,
2192 2086 2355 2144 porta:
2391 2078 2680 2145 wternales,
2708 2087 2754 2132 et
2790 2080 3023 2133 introibit
3063 2094 3153 2133 rex
3184 2078 3366 2148 gloria:
3386 2076 3452 2132 “.
3485 2076 3581 2133 Est

2012 2182 2140 2238 ergo
2174 2170 2453 2241 virginitas
2498 2171 2851 2235 admirabilis,
2887 2185 3033 2237 vera,
3087 2170 3326 2241 inquam,
3355 2169 3579 2241 virgini-

2014 2266 2125 2323 tas;
2151 2261 2366 2327 quando
2395 2261 2556 2314 etiam
2592 2262 2643 2315 in
2670 2260 2978 2330 virginitate
3001 2260 3288 2315 discrimen
3309 2268 3412 2315 est.
3444 2258 3575 2313 Aliae

2013 2351 2275 2420 siquidem
2304 2353 2538 2421 virgines
2568 2353 3011 2415 dormitaverunt,
3047 2351 3166 2406 alite
3197 2349 3412 2406 fuerunt
3442 2350 3577 2419 vigi-

2014 2443 2111 2499 les.
2144 2443 2247 2497 Sed
2271 2453 2324 2497 et
2354 2445 2756 2498 matrimonium
2788 2453 2871 2499 est
2897 2442 3234 2508 admirabile,
3261 2456 3470 2509 verum,
3500 2442 3575 2496 in-

2010 2548 2190 2602 quam,
2228 2534 2355 2589 illud
2387 2544 2440 2588 et
2478 2533 2809 2589 honoraliile.
2844 2532 2990 2587 Multi
3032 2533 3177 2588 enim
3205 2538 3576 2592 servaverunt,

2010 2623 2272 2691 multique
2336 2624 2752 2679 labefactarunt.
2820 2621 3171 2677 Admirabilis
3227 2619 3577 2675 nihilominus

2009 2712 2173 2766 etiam
2206 2713 2459 2768 viduitas.
2518 2713 2668 2768 Haud
2704 2714 2846 2768 enim
2912 2712 3143 2767 alienum
3203 2726 3234 2765 a
3295 2719 3464 2778 recto,
3519 2719 3578 2764 ut

2010 2804 2174 2858 trium
2214 2805 2461 2859 ordinum
2495 2806 2817 2860 mentionem
2846 2802 3125 2859 faciamus.

2080 2893 2170 2950 IV.
2206 2895 2404 2964 Atque,
2442 2902 2503 2948 ut
2532 2895 2682 2965 prius
2723 2893 2990 2959 dicebam,
3016 2891 3180 2947 etiam
3218 2889 3447 2945 viduitas
3480 2890 3577 2945 ad-

2012 2983 2276 3038 mirabilis
2302 2993 2406 3050 est,
2435 2998 2561 3037 vera
2587 2982 2676 3036 illa
2714 2983 2941 3037 viduitas
2971 2997 2986 3036 :
3026 2994 3145 3051 qua:
3177 2979 3229 3034 in
3281 2980 3577 3035 certamine

2011 3073 2475 3128 immaculatorum
2517 3074 2859 3140 prmmiorum
2891 3071 3100 3126 exstitit
3123 3070 3315 3125 victrix
3338 3069 3386 3102 ⁸⁸
3411 3086 3427 3136 ;
3454 3084 3575 3140 quae

2011 3162 2341 3219 honorabilis
2376 3176 2431 3218 et
2453 3178 2586 3233 pura
2619 3174 2723 3231 est,
2753 3178 2851 3218 nec
2868 3161 3124 3218 ementita
3159 3175 3175 3215 :
3210 3176 3329 3231 qua:
3351 3171 3573 3231 excepta

2009 3254 2257 3325 coniugis
2318 3254 2749 3321 consuetudine,
2813 3253 2982 3323 turpis
3029 3252 3107 3308 rei
3168 3251 3572 3322 inquinamenta

2011 3344 2199 3398 nescit.
2229 3341 2373 3396 Talis
2400 3340 2518 3406 fuit,
2544 3354 2662 3410 quia
2689 3340 2843 3395 nobis
2863 3342 3040 3403 modo,
3072 3339 3322 3395 lectionis
3344 3339 3573 3394 decursu

2010 3436 2227 3490 inducta
2251 3444 2355 3499 est,
2394 3434 2548 3488 Anna
2575 3433 2934 3504 prophetissa,
2954 3431 3092 3487 bono
3118 3439 3366 3500 provecta
3399 3432 3574 3493 senio,

2009 3540 2073 3581 ac
2103 3535 2353 3593 tanquam
2385 3524 2561 3594 aquila
2590 3533 2843 3579 renovata
2867 3523 2935 3576 δι.
2962 3524 3170 3580 AudiSti
3193 3522 3336 3578 enim
3367 3536 3470 3575 non
3502 3522 3572 3574 ita

2007 3618 2211 3688 pridem
2234 3615 2434 3670 Lucam
2460 3615 2841 3685 evangelistam
2861 3615 3123 3669 dicentem
3152 3631 3165 3668 :
3192 3613 3265 3667 Et
3286 3620 3398 3666 erat
3420 3612 3572 3665 Anna

2006 3705 2350 3774 prophetissa,
2379 3705 2491 3773 ﬁlia
2527 3702 2788 3768 Phanuel,
2839 3704 2903 3755 de
2942 3700 3082 3755 tribu
3110 3701 3240 3755 Aser
3272 3717 3291 3754 :
3324 3700 3435 3755 luet:
3463 3716 3576 3767 pro-

2015 3806 2233 3851 cesserat
2276 3796 2330 3849 in
2380 3796 2558 3849 diebus
2588 3794 2785 3857 multis,
2820 3803 2867 3846 et
2910 3794 3106 3848 vixerat
3155 3808 3271 3846 cum
3322 3793 3432 3846 viro
3476 3809 3573 3846 suo

2007 3890 2158 3941 annis
2190 3895 2381 3957 septem
2419 3903 2451 3939 a
2480 3886 2771 3956 virginitate
2823 3902 2937 3939 sua.
2982 3883 3048 3939 Et
3082 3885 3195 3939 hac
3224 3885 3379 3937 vidua
3414 3900 3574 3949 usque

2008 3981 2076 4033 ad
2105 3995 2268 4033 annos
2297 3978 2556 4047 octoginta
2612 3988 3011 4047 quatuor:qua:
3076 3993 3179 4030 non
3218 3976 3511 4030 discedebat
3537 3992 3573 4029 α

2008 4068 2220 4136 templo,
2237 4067 2459 4137 jejuniis
2490 4077 2537 4120 et
2580 4067 3017 4120 obsecrationibus
3057 4066 3280 4121 serviens
3324 4072 3469 4118 nocte
3510 4080 3572 4117 ac

2006 4162 2090 4213 die
2116 4161 2183 4214 ".
2225 4159 2471 4213 Vidistin’
2512 4161 2742 4227 quibus,
2794 4170 2847 4213 et
2881 4159 3054 4228 qualis
3102 4158 3367 4212 exsistens
3417 4159 3573 4211 Anna

2005 4254 2188 4315 vidua,
2214 4251 2268 4305 in
2302 4253 2473 4306 sacris
2507 4251 2811 4321 Evangeliis
2841 4249 3189 4305 liouestetur?
3220 4250 3393 4315 Anna,
3445 4264 3574 4303 vere

2008 4344 2184 4398 Anna.
2220 4342 2487 4413 Spectatis
2535 4343 2797 4406 moribus,
2826 4358 3005 4397 comes
3064 4342 3288 4396 accessit
3337 4340 3571 4393 nominis

2006 4435 2309 4504 appellatio.
2336 4436 2570 4490 Audiant
2597 4435 2869 4500 mulieres,
2896 4433 3162 4488 etclaram
3190 4432 3330 4485 illam
3358 4431 3569 4484 Annam

312 4538 538 4598 Ἅνναν,
571 4535 679 4588 καὶ
724 4533 817 4586 τὸν
844 4533 1028 4603 ὅμοιον
1054 4533 1251 4604 δρόμον
1278 4532 1637 4603 τρεχέτωσαν,
1684 4532 1769 4585 ἵνα
1795 4532 1901 4586 τῶν

2012 4529 2347 4594 aemulentur,
2380 4543 2671 4598 paremque
2724 4526 3013 4581 conﬁciant
3046 4539 3285 4588 cursum,
3327 4530 3385 4576 ut
3412 4535 3569 4593 pares

308 4627 436 4682 ῐσων
458 4626 763 4696 στεφάνων
787 4624 1152 4677 ἀπολαύσωσι.
1182 4624 1385 4694 Μηδεὶς
1411 4624 1745 4678 ἀποστασίαν
1769 4641 1901 4695 προσ

306 4720 645 4789 φασὶσηται,
682 4716 769 4769 ἵνα
796 4715 871 4786 μὴ
898 4714 997 4786 τὴν
1017 4714 1238 4782 ἁγνείαν
1267 4715 1364 4785 τῆς
1400 4715 1733 4786 μονογαμίας
1762 4714 1897 4767 ἀπο-

307 4814 584 4882 σείσηται.

2006 4634 2217 4689 quoque
2244 4635 2470 4676 coronas
2498 4629 2913 4689 consequantur.
2960 4617 3038 4674 Ne
3078 4631 3181 4686 qua
3221 4631 3279 4671 se
3319 4623 3570 4670 causetur

2006 4715 2314 4768 destitutam
2346 4726 2595 4783 patrono,
2625 4723 2681 4767 ut
2707 4727 2771 4766 ne
2796 4712 2939 4768 unici
2978 4710 3307 4766 matrimonii
3353 4709 3569 4764 castita-

2005 4815 2109 4861 tem
2136 4816 2189 4863 et
2217 4808 2623 4862 sanctimoniam
2654 4800 2910 4861 excutiat.

378 5010 425 5039 “
456 5008 677 5064 Ezech.
707 5020 854 5070 ιιιν,
876 5006 931 5058 2.
1007 5004 1051 5036 δ’
1078 5003 1217 5058 Psal.
1254 5020 1408 5070 niti,
1433 5006 1485 5071 7,
1531 5004 1583 5060 9.
1670 5006 1715 5037 ⁸ο
1743 5004 1868 5073 Sap.
1903 5019 1910 5056 ι

2012 5002 2055 5057 2.
2131 5002 2338 5058 "Psal.
2365 5020 2461 5066 CII,
2500 5004 2552 5058 5.
2623 5005 2668 5035 ⁵²
2699 5003 2827 5057 Luc.
2874 5020 2933 5067 it,
2971 5002 3059 5068 36,
3084 5002 3171 5055 57.

376 5166 495 5235 (25)
539 5159 849 5225 Συνετώς.
882 5159 1140 5235 Impressa
1182 5160 1439 5235 συνεχῶς.

377 5228 494 5303 (£4)
547 5234 915 5303 ’Υπέρταται
946 5228 1249 5303 δυνάμεις.
1276 5228 1469 5300 Aptius
1497 5230 1635 5303 forte
1655 5229 1899 5303 saepes-

312 5300 424 5373 ραι,
455 5300 517 5358 ut
558 5303 775 5358 habent
806 5301 894 5353 alii
920 5301 1177 5373 codices;
1217 5313 1272 5353 ut
1305 5300 1900 5373 tantumAsiguiliceiitur

312 5370 481 5441 angeli
532 5374 857 5441 superiores
900 5370 1257 5441 daemonibus,
1310 5383 1365 5423 et
1403 5370 1620 5424 Christo
1652 5373 1896 5441 comites.

322 5439 674 5515 ἰ’ὲὲρτεραι
697 5440 901 5515 τούτων
930 5439 1208 5511 δυνάμεις,
1235 5441 1318 5494 sin
1348 5453 1552 5494 natura:
1571 5440 1893 5508 conditione,

316 5526 365 5565 at
396 5521 542 5568 «ιοιιο
575 5522 793 5581 gratim.

381 5584 497 5655 (‘25)
535 5576 611 5638 A'l
645 5576 1196 5655 perrw'nﬁao'at.
1232 5577 1392 5644 Dicit,
1427 5593 1532 5655 non
1574 5579 1762 5655 verba,
1803 5580 1895 5635 sed

315 5650 532 5709 sensum
567 5650 1030 5722 parabolsanere
1051 5650 1192 5703 enim
1210 5691 1225 5722 ,
1256 5663 1465 5722 sapere,
1486 5650 1702 5722 vigilare
1717 5662 1819 5715 est,
1844 5660 1898 5705 et

316 5720 593 5792 quomodo
646 5720 914 5775 Dominus
967 5721 1021 5774 in
1077 5720 1347 5788 parabolis
1401 5720 1520 5775 aliis
1567 5720 1894 5789 vigilandum

1998 5162 2270 5231 prmcipit,
2302 5167 2362 5212 ut
2393 5168 2448 5231 et
2483 5159 2752 5228 desipere,
2790 5160 3104 5231 dormitare.

2067 5227 2180 5301 (26)
2218 5230 2561 5301 Νηστείαις,
2605 5227 2657 5281 κ.
2698 5245 2747 5282 τ.
2790 5227 2895 5301 ἐξη
2917 5229 2999 5301 Al.
3037 5229 3257 5301 fittest:
3289 5230 3567 5300 νηστείαις

1999 5297 2092 5373 καί
2124 5297 2340 5373 δεήσεσι
2374 5299 2700 5373 Δἐελέιτρερσεν
2736 5301 2794 5352 ἐν
2830 5298 2905 5369 τῷ
2943 5297 3091 5368 ἱερῷ.
3138 5299 3257 5354 Mox
3300 5297 3425 5355 vero
3468 5318 3566 5370 pro

1999 5356 2216 5443 εὐδοξίᾴ
2236 5371 2304 5443 al.
2336 5356 2535 5443 εὐεξίᾳῖ
2576 5361 2602 5388 ⁹

2074 5438 2198 5511 (2η
2226 5442 2403 5494 Ἄννα
2436 5438 2621 5511 ὄντως
2657 5440 2855 5494 Ἄννα.
2911 5438 3002 5496 Sic
3035 5440 3353 5509 simpliciter
3382 5442 3563 5497 reddi-

2003 5510 2294 5579 mus;’non
2327 5510 2589 5580 explicata
2635 5524 2765 5565 voce
2792 5513 2971 5580 Anna,
3002 5520 3062 5565 ut
3111 5527 3207 5565 nec
3250 5523 3441 5566 auctor
3470 5528 3564 5567 ex-

2003 5582 2221 5651 plicavit
2254 5596 2267 5632 :
2297 5588 2354 5633 ut
2383 5579 2525 5634 enim
2576 5580 2748 5651 nobis,
2787 5579 2999 5649 Gratia,
3037 5582 3107 5635 ita
3139 5582 3210 5636 illi
3254 5582 3439 5636 fuisset
3469 5597 3564 5633 ex-

2005 5650 2269 5733 ponenda,
2320 5651 2499 5732 χᾲρις.
2557 5650 2728 5707 Aliter
2779 5652 3042 5722 impressa
3076 5652 3432 5722 diStinguunt,
3467 5650 3563 5707 sed

2001 5724 2194 5778 minori
2234 5724 2423 5792 gratia.
