4030 6408
329 315 394 368 53
1417 316 1679 375 ORATIO
1719 318 1786 375 IN
1823 317 2200 376 OCCURSUM
2238 316 2476 374 DOMINI
3487 313 3562 374 5’s

327 424 675 497 καταράκτας
713 425 944 496 ἀνέῳξεν
974 423 1068 480 τοῦ
1098 424 1328 500 ούρανοῦ
1349 447 1363 459 ·
1401 429 1557 484 τοῦτο
1585 430 1645 484 τὸ
1688 431 1896 485 παιδίον

2000 440 2239 498 tempore
2266 429 2379 485 Noe
2416 433 2539 487 cceli
2570 438 2874 487 c..taractas
2899 430 3111 499 aperuit
3129 431 3175 462 "
3209 447 3222 483 :
3252 429 3338 486 hic
3361 445 3559 500 parvu-

326 517 519 589 βροχῆς
549 519 821 588 στήμονας
849 517 1243 590 κατεργάζεται
1262 540 1275 553 ’
1308 522 1464 577 τοῦτο
1490 524 1550 577 τὸ
1584 525 1792 579 παιδίον
1822 525 1898 589 ὡς

323 610 467 680 ἔριον
487 609 639 679 χιόνα
659 610 902 662 τινάσσει
918 626 932 639 ⁶
970 611 1126 665 τοῦτο
1155 613 1213 666 τὸ
1239 615 1449 668 παιδίον
1469 617 1594 679 τοὺς
1634 617 1900 686 προπάτο-

324 716 421 771 ρας
447 698 600 769 ἡμῶν
627 698 692 750 ὲκ
719 699 816 768 τῆς
839 699 1112 767 Αἰγύπτου
1137 701 1222 755 διὰ
1251 705 1348 773 τῆς
1368 705 1670 775 Μωσαῖκῆς
1699 706 1898 776 βακτηο

323 791 442 862 ρίας
471 790 811 861 ἠλευθέρωσε
834 807 847 819 ·
875 791 1031 844 τοῦτο
1057 793 1117 845 τὸ
1148 794 1354 847 παιδίον
1385 795 1481 866 τὴν
1515 797 1777 868 Ἐρυθρὰν
1806 797 1900 850 θά-

322 889 524 941 λασσαν
549 888 731 958 ἔτεμε,
761 890 857 943 καί¹
880 889 954 952 ὡς
985 889 1072 943 διὰ
1105 889 1405 962 χλοηφόρου
1438 892 1618 944 πεδίου
1655 893 1745 945 τὸν
1772 892 1897 946 λαὸν

317 977 608 1047 διήγαγενο
652 979 746 1031 καὶ
800 981 856 1031 ὲν
893 981 957 1049 τῇ
999 981 1190 1051 ἐρήμῳ
1237 980 1575 1051 ὲπομϐρίσας
1609 981 1670 1034 τὸ
1702 983 1894 1052 μάννα,

318 1066 425 1139 γῆν
460 1069 687 1139 ῥέουσαν
716 1069 856 1137 γάλα
889 1069 982 1122 καὶ
1013 1069 1139 1140 μέλι
1179 1070 1570 1142 ὲκληροδότησε
1596 1089 1610 1104 ’
1647 1071 1802 1124 τοῦτο
1838 1071 1898 1124 τὸ

316 1160 537 1214 παιδίον
570 1160 663 1214 τὸν
687 1161 813 1214 ναὸν
840 1160 1029 1214 τοῦτον
1063 1163 1141 1224 είς
1180 1160 1313 1230 ὕψος
1342 1156 1643 1234 ἐπαρθῆναι
1676 1164 1762 1216 διὰ
1789 1164 1897 1217 τῶν

315 1253 579 1324 πατέρων
644 1254 1022 1326 παρεσκεύασε
1049 1272 1062 1285 ·
1120 1254 1275 1308 τοῦτο
1326 1256 1386 1310 τὸ
1441 1256 1649 1311 παιδίον
1703 1259 1896 1329 ὅρκους

315 1346 460 1415 πρὸς
491 1344 743 1415 Ἀϐραάμ
760 1345 1161 1417 προτιθέμενον,
1181 1346 1332 1412 ἔλεγε
1356 1365 1368 1377 -
1398 1350 1727 1414 Πληθύνων
1745 1354 1895 1418 πλη-

312 1435 482 1491 θυνῶ
517 1437 584 1490 τὸ
614 1439 854 1506 σπέρμα
894 1454 1031 1504 σου,
1054 1439 1135 1502 ὡς
1163 1437 1232 1491 τὰ
1263 1440 1452 1506 ἄστρα
1484 1440 1590 1493 τοῦ
1615 1443 1892 1508 οὐρανοῦ,

312 1527 416 1580 καὶ
443 1527 526 1594 ὡς
551 1527 666 1595 τὴν
682 1528 877 1596 ἅμμον
907 1528 1016 1596 τὴν
1043 1531 1201 1598 παρὰ
1224 1530 1289 1582 τὸ
1316 1530 1516 1598 χεῖλος
1545 1530 1652 1598 τῆς
1678 1532 1897 1586 θαλάσ-

310 1635 458 1686 σης.
507 1621 642 1691 Περὶ
679 1620 866 1673 τούτου
906 1621 998 1673 τοῦ
1045 1621 1253 1674 παιδίου
1295 1625 1323 1675 ὁ
1355 1624 1688 1694 προφητικὸς
1739 1626 1895 1696 χορὸς

314 1710 669 1780 παράκλησιν
697 1711 1007 1780 προφέρων,
1035 1709 1245 1778 ἔλεγεν·
1293 1709 1617 1780 Ἐξέγειρον
1645 1712 1758 1780 τὴν
1790 1713 1892 1766 δυ-

312 1803 610 1854 ναστείαν
649 1817 786 1864 σου,
828 1801 923 1853 καί
953 1800 1091 1890 suae
1131 1803 1218 1866 εὶς
1246 1801 1309 1852 τὸ
1339 1801 1533 1856 σῶσαι
1566 1804 1739 1872 ἡμᾶς.
1782 1807 1892 1876 Μὴ,
1933 1783 1970 1836 Β

311 1893 396 1944 ὅτι
457 1890 690 1953 παιδίον,
738 1889 816 1960 τῷ
867 1889 1062 1962 παιδίῳ
1122 1893 1489 1962 προσκόψητε.
1526 1894 1598 1947 Τὸ
1635 1895 1764 1947 αὑτὸ
1805 1897 1898 1950 καὶ

313 1983 560 2047 παιδίον,
587 1983 680 2036 καὶ
709 1981 787 2052 τῷ
813 1983 986 2054 Πατρὶ
1018 1984 1370 2055 συνάναρχον.
1405 1987 1476 2038 Τὸ
1503 1986 1634 2038 αὐτὸ
1663 1989 1748 2039 καὶ
1775 1987 1895 2057 χρό-

312 2094 430 2140 νοις
466 2076 888 2148 ἀριθμούμενον,
933 2080 1024 2130 καὶ
1057 2078 1503 2149 ἀγενεαλόγητον.
1540 2078 1614 2130 Τὸ
1641 2079 1768 2131 αὑτὸ
1807 2081 1898 2133 καὶ

312 2171 534 2222 παιδίον
567 2169 837 2239 ψελλίζον,
872 2170 932 2222 τὸ
969 2170 1100 2223 αὑτὸ
1131 2171 1224 2223 καὶ
1254 2169 1444 2238 σοφίαν
1481 2171 1574 2222 καὶ
1602 2170 1774 2240 στόμα
1805 2189 1900 2240 χα-

312 2262 604 2332 ριζόμενον
628 2277 641 2290 ·
659 2261 716 2313 τὸ
739 2261 961 2331 μὲν,διὰ
983 2261 1154 2332 τὴνέκ
1170 2261 1443 2332 Παρθένου
1472 2261 1722 2331 γέννησιν
1759 2262 1895 2333 (52),

309 2353 375 2406 τὸ
434 2352 513 2414 δὲ,
568 2352 656 2404 διὰ
710 2351 773 2404 τὸ
820 2351 1198 2422 ἀκατάληπτον
1252 2351 1349 2421 τῆς
1393 2350 1710 2421 ὑπάρξεως
1753 2353 1900 2405 ἐπει-

311 2443 378 2515 δὴ
413 2443 510 2496 καὶ
538 2442 699 2496 τοῦτο
734 2443 1074 2514 παρέστησεν
1108 2443 1331 2504 Ἡσαΐας
1360 2441 1612 2509 φάσκων
1653 2443 1891 2496 Παιδίον

311 2531 614 2602 ἐγεννήθη
669 2531 831 2600 ἡμῖν,
891 2533 1019 2597 υἱίς
1075 2530 1172 2582 καὶ
1221 2529 1396 2595 ἐδόθη
1445 2529 1610 2597 ἡμῖν.
1669 2529 1742 2582 Τὸ
1781 2530 1896 2599 μὲν,

314 2624 620 2694 ἐγεννήθη·
655 2623 714 2675 τὸ
759 2622 837 2686 δὲ,
886 2622 1063 2694 ἐδόθη.
1111 2622 1183 2674 Τὸ
1226 2622 1341 2692 μὲν,
1372 2619 1460 2673 διὰ
1492 2620 1552 2673 τὸ
1592 2619 1895 2690 ὁρώμενον·

323 2717 385 2768 τὸ
407 2716 486 2776 δὲ,
516 2715 604 2768 διὰ
626 2715 688 2766 τὸ
715 2714 1022 2784 νοούμενον.

390 2828 465 2880 Z'.
500 2824 690 2878 Ταῦτα
712 2825 807 2895 τῆ.⁸
837 2825 1032 2894 Ἀννης
1059 2824 1124 2878 τά
1150 2824 1574 2894 προφητεύματα
1596 2823 1791 2877 ’ταῦτα
1805 2822 1901 2893 τῆς

324 2919 579 2986 γυναικδς
621 2918 692 2972 τὰ
721 2920 1194 2990 ἀριστολογήματα
1217 2937 1230 2949 ·
1265 2918 1438 2972 ταῦτα
1474 2918 1574 2988 τῆς
1620 2918 1794 2987 χήρας
1832 2915 1900 2968 τά

324 3009 742 3082 κατορθώματα,
775 3011 872 3081 τῆς
909 3011 1076 3075 ὄντως
1107 3011 1299 3080 χήρας,
1327 3009 1425 3080 τῆς
1454 3007 1632 3071 καλῶς
1663 3007 1754 3060 τὸν
1787 3007 1900 3078 βίον

2010 524 2094 577 Ius
2121 523 2316 587 pluviae
2348 524 2577 577 stamina
2619 533 2695 578 et.
2717 523 2945 578 stillulas
2975 521 3254 578 coniicit“
3285 541 3300 577 :
3331 523 3419 578 hic
3445 537 3560 592 par-

2001 615 2157 670 vulus
2193 616 2370 670 nivem
2420 615 2562 670 sicut
2612 616 2792 669 lanam
2846 613 3108 669 excutit“
3149 629 3164 666 :
3212 612 3423 682 puellus
3471 616 3560 670 hic

1998 720 2226 775 proavos
2263 715 2479 761 nostros
2517 721 2611 775 per
2664 705 2954 761 Mosaicam
2989 705 3192 774 virgam
3230 720 3296 760 ex
3329 703 3560 777 Egypto

1998 795 2304 850 liberavit“
2340 814 2354 849 :
2389 795 2476 851 hic
2520 796 2726 866 puellus
2771 812 2917 851 mare
2935 796 3176 851 Rubrum
3203 796 3472 861 secuit“,
3505 806 3560 851 et

2004 896 2262 956 tanquam
2291 903 2377 957 pet
2432 889 2693 943 virentem
2729 902 2977 957 campum
3001 887 3257 956 populum
3291 886 3558 957 traduxit;

1997 993 2226 1046 cumque
2269 994 2464 1033 manna
2498 981 2550 1033 in
2588 980 2800 1038 deserto
2843 979 3152 1048 pluisset“,
3183 987 3382 1034 terram
3423 979 3562 1036 lacte

1997 1078 2052 1126 et
2080 1071 2236 1125 melle
2283 1083 2588 1125 manantem
2642 1086 2740 1141 pro
2801 1072 3124 1142 patrimonio
3180 1069 3439 1136 dedit";
3471 1069 3561 1125 hic

1997 1161 2204 1230 puellus
2227 1161 2421 1226 eliecit,
2455 1173 2509 1216 ut
2544 1163 2644 1216 hoc
2680 1162 2931 1230 templum
2972 1177 3067 1231 per
3096 1163 3326 1232 majores
3348 1172 3562 1218 nostros

1998 1255 2050 1308 in
2090 1253 2254 1308 altum
2293 1267 2602 1325 assurgeret
2635 1255 2717 1320 “;
2765 1255 2850 1309 hic
2882 1254 3475 1324 puellusjusjurandum
3495 1253 3560 1306 ad

2001 1345 2274 1399 Abraham
2320 1354 2561 1400 statuens
2606 1345 2855 1399 dicebat:
2891 1344 3250 1414 Multipticans
3306 1345 3562 1416 multipli-

1999 1436 2123 1488 rabo
2173 1452 2345 1488 semen
2371 1448 2516 1487 mum
2542 1436 2674 1488 sicut
2704 1435 2880 1488 stellas
2917 1436 3048 1500 coeli,
3073 1446 3118 1488 et
3169 1445 3417 1504 tanquam
3452 1449 3564 1488 are-

1999 1543 2118 1578 nam
2148 1541 2262 1594 qnw
2287 1537 2361 1579 est
2402 1526 2557 1594 juxta
2609 1525 2809 1578 labium
2856 1527 3020 1579 maris
3040 1526 3106 1578 ⁸⁷.
3126 1524 3232 1580 Pro
3259 1525 3437 1594 puello
3461 1526 3564 1580 hoc

1998 1633 2188 1684 preces
2219 1617 2455 1672 olI‘erens
2476 1619 2818 1689 propheticus
2841 1620 3064 1682 chorus,
3087 1620 3302 1672 dicebat
3327 1637 3341 1672 :
3374 1619 3561 1673 Excita

1997 1711 2281 1777 potentiam
2322 1720 2494 1776 tuam,
2549 1723 2596 1764 et
2645 1711 2789 1773 veni,
2831 1720 2885 1763 ut
2935 1709 3104 1764 salvos
3154 1710 3321 1778 facias
3373 1709 3559 1763 nos“.

1999 1801 2208 1866 Nolite,
2273 1802 2396 1872 quia
2473 1802 2679 1871 puellus
2759 1813 2871 1867 est,
2948 1802 3000 1854 in
3097 1803 3272 1870 puello
3340 1800 3562 1856 oﬂ'endi.

2001 1896 2140 1950 Idem
2169 1905 2222 1948 et
2275 1906 2355 1948 est
2397 1895 2624 1963 puellus,
2664 1903 2718 1948 et
2771 1910 2872 1948 una
2927 1909 3048 1948 cum
3095 1894 3270 1958 ,Patre
3317 1893 3563 1963 principii

1997 2001 2190 2054 expers
2223 1985 2289 2040 θ’.
2313 1983 2458 2038 Idem
2496 1985 2609 2054 ipse
2639 1995 2692 2038 et
2721 1984 2876 2038 annis
2902 1993 3234 2046 numeratur,
3259 1997 3355 2036 nec
3399 1997 3563 2052 gene-

2001 2079 2073 2131 ris
2115 2078 2233 2146 ejus
2270 2077 2409 2130 ratio
2459 2077 2605 2129 reddi
2654 2084 2829 2144 potest
2865 2082 2919 2128 et
2963 2075 3205 2129 enarrari
3237 2075 3306 2127 ⁷ο.
3337 2074 3479 2129 Idem
3507 2084 3562 2129 et

1999 2183 2131 2236 puer
2163 2167 2492 2230 balbutiens,
2531 2166 2958 2235 sapientiamque
2986 2175 3041 2220 et
3071 2181 3131 2220 os
3153 2181 3216 2220 ac
3259 2164 3560 2221 facundiam

2005 2263 2240 2332 largiens
2267 2279 2281 2315 :
2318 2261 2567 2325 alterum,
2601 2269 2819 2328 propter
2847 2260 3181 2313 nativitatem
3221 2274 3287 2313 ex
3313 2259 3558 2329 Virgine;

2000 2354 2251 2415 alterum,
2289 2361 2508 2422 propter
2560 2349 3259 2420 incomprehensibilitatem
3294 2350 3554 2405 substan-

2003 2446 2108 2499 tiae.
2148 2428 2258 2498 Hoc
2284 2445 2426 2497 enim
2457 2455 2510 2498 et
2531 2444 2713 2499 Isaias
2737 2444 3081 2514 signiﬁcavit,
3115 2444 3325 2499 dicens:
3361 2442 3563 2496 Parvu-

2001 2538 2082 2590 Ius
2107 2547 2260 2590 natus
2291 2547 2364 2590 est
2398 2540 2564 2604 nobis,
2597 2536 2740 2605 ﬁlius
2779 2546 2828 2589 et
2850 2537 3005 2591 datus
3035 2547 3108 2590 est
3146 2537 3293 2590 nobis
3310 2536 3374 2589 τί.
3405 2535 3561 2601 Illud,

2000 2639 2156 2682 natus
2212 2636 2294 2682 est
2332 2643 2346 2680 :
2400 2627 2519 2692 hoc,
2563 2630 2737 2683 datus.
2769 2625 2926 2692 Illud,
2983 2643 3048 2680 eo
3081 2629 3224 2697 quod
3257 2636 3342 2681 est
3387 2627 3558 2683 oculis

2001 2721 2327 2789 subjectum:
2373 2721 2493 2784 hoc,
2530 2735 2593 2772 eo
2624 2718 2764 2788 quod
2807 2730 2984 2774 mente
3007 2719 3315 2788 percipitur.

2078 2832 2186 2888 VII.
2231 2832 2353 2887 Haec
2405 2835 2572 2887 Annae
2631 2832 2920 2888 vaticinia:
2950 2833 3063 2888 hanc
3117 2832 3355 2887 mulieris
3400 2832 3563 2886 verba

2000 2925 2236 2994 Optima;
2266 2925 2380 2979 hinc
2409 2925 2872 2996 przeclaralvidum
2906 2935 3093 2994 gesta;
3147 2925 3285 2992 ejus,
3319 2923 3560 2993 inquam,

2001 3030 2119 3084 quae
2143 3029 2270 3069 vere
2308 3014 2467 3069 vidua
2507 3015 2626 3082 fuit,
2664 3029 2782 3085 qua:
2803 3014 2966 3068 vitam
3001 3016 3136 3069 bene
3162 3015 3509 3068 commutavit
3537 3034 3551 3070 :

325 3103 732 3172 ἀπαλλαξάσης
761 3103 892 3173 (55)·
922 3103 1020 3172 τῆς
1043 3104 1132 3155 τὸν
1157 3102 1325 3170 ἄνδρα
1347 3100 1770 3172 προπεμψάσης,
1803 3099 1897 3151 καὶ

2000 3118 2120 3170 qua:
2167 3102 2340 3155 virum
2384 3103 2662 3170 praemisit,
2717 3115 2771 3157 et
2820 3103 3103 3157 Dominum
3158 3103 3414 3172 suscepit:
3445 3101 3562 3158 Utta

323 3195 413 3246 τὸν
440 3193 646 3265 Κύριον
677 3193 1102 3262 ὑποδεξαμένης.
1144 3192 1316 3245 Ἐπτά
1348 3191 1439 3263 ἔτη
1473 3190 1551 3262 τῷ
1579 3192 1734 3262 ἀνδρὶ
1772 3208 1896 3245 συν·

325 3286 518 3356 ἔζησεν
581 3285 690 3338 ἀπὸ
729 3285 829 3354 τῆς
875 3284 1168 3356 παρθενίας
1215 3284 1402 3354 αὐτῆς,
1449 3283 1586 3337 ἐτῶν
1632 3283 1898 3354 ἑϐδομάδα

324 3375 684 3448 πληρώσασα.
721 3377 817 3430 καὶ
865 3376 923 3429 ὲν
952 3375 1028 3446 τῷ
1063 3375 1274 3445 ἑϐδόμῳ
1328 3375 1436 3428 ἔτει
1483 3376 1584 3446 τὴν
1633 3375 1897 3447 ἀνδρικὴν

323 3469 539 3539 ὁμιλίαν
587 3469 1010 3522 καταπαύσασα.
1056 3467 1250 3530 Καλῶς
1293 3467 1684 3538 ὲϐδοματίσθη·
1719 3467 1898 3532 καλῶς

324 3562 681 3615 ὲσαϐϐάτισε’
719 3559 896 3623 καλῶς
929 3561 1028 3629 τὴν
1064 3559 1348 3631 Κυριακὴν
1378 3559 1473 3631 τῆς
1517 3559 1736 3630 χάριτος
1764 3576 1897 3613 κατ-

327 3652 484 3706 έλαϐε
513 3652 626 3722 (34)
646 3668 661 3681 ⁸
707 3650 966 3722 τρυγόνος
996 3649 1149 3713 τάξιν
1192 3649 1226 3719 ἡ
1260 3649 1426 3700 Ἀννα
1476 3647 1755 3717 μετῆλθεν.
1787 3649 1900 3701 Οὐκ

325 3745 617 3814 ἐποιήσατο
648 3741 818 3814 λήθην
846 3741 941 3796 τοῦ
967 3741 1200 3810 συζύγου
1221 3756 1233 3768 ·
1259 3740 1357 3792 οὑκ
1384 3740 1612 3810 ὴθέτησε
1639 3739 1734 3809 τὴν
1761 3739 1900 3808 πρώ-

325 3854 422 3906 την
453 3835 638 3887 πίστιν
660 3851 672 3864 ·
713 3834 815 3887 οὑκ
861 3834 1134 3903 ἀνήγαγεν
1179 3830 1441 3902 ὑϐριστὴν
1485 3833 1548 3900 τῇ
1579 3829 1764 3900 κλίνῃ·
1801 3831 1899 3882 οὐκ

326 3926 594 3997 ἐπέθηκεν
633 3924 778 3993 ἄλλῳ
822 3923 884 3977 τὸ
926 3924 1022 3993 τῆς
1067 3921 1400 3994 μονογαμίας
1439 3920 1613 3986 ξύλον.
1646 3915 1802 3989 Εἷχεν
1842 3921 1899 3971 ὲν

327 4021 389 4088 τῇ
419 4017 601 4088 κλίνῃ,
647 4018 712 4087 τῇ
753 4002 958 4086 μνήμῃ,
998 4013 1073 4076 ὡς
1117 4013 1293 4078 ζῶντα
1331 4011 1421 4066 τὸν
1454 4009 1722 4064 τεθνεῶτα
1746 4025 1759 4038 ⁸
1799 4008 1899 4062 οὐκ

327 4107 576 4178 ὲρύπωσε
621 4106 720 4176 τὴν
758 4103 1034 4175 νυμφικὴν
1063 4103 1293 4156 σινδόνα.
1338 4101 1449 4171 Οὐχ
1496 4099 1672 4170 ἥψατο
1699 4097 1834 4169 αὐτῇ
1871 4099 1899 4150 ὁ

328 4199 549 4268 ἐλεγχος
589 4196 801 4250 Παύλου
827 4195 1072 4262 λέγοντος
1099 4212 1112 4225 ο
1146 4193 1324 4246 Ὅταν
1363 4192 1435 4245 δὲ
1469 4190 1900 4258 καταστρηνιά-

327 4305 483 4343 σωσι
511 4287 622 4342 τοῦ
645 4287 927 4356 Χριστοῦ,
958 4285 1164 4355 γαμεῖν
1204 4283 1469 4348 θέλουσι,
1499 4283 1749 4351 ἔχουσαι
1777 4280 1898 4349 κρῖ-

324 4397 425 4450 μα,
482 4379 574 4433 ὅτι
625 4377 740 4446 τὴν
771 4377 1012 4447 πρώτην
1061 4377 1269 4430 πίστιν
1328 4359 1649 4443 ἠθέτησαν.
1691 4375 1899 4436 Ὄντως

1998 3209 2120 3248 cum
2172 3195 2287 3246 viro
2329 3209 2498 3247 annos
2546 3203 2750 3263 septem
2777 3194 2845 3260 ",
2880 3194 3100 3263 impleta
3129 3210 3393 3248 annorum
3432 3196 3564 3250 heb-

1999 3285 2250 3346 domaua.
2285 3298 2314 3336 a
2341 3300 2436 3338 sua
2478 3285 2785 3354 virginitate
2829 3283 2996 3348 vixit;
3046 3286 3380 3355 septimoque
3422 3301 3564 3340 anno

1999 3390 2027 3427 a
2059 3374 2159 3428 viri
2207 3375 2594 3429 consuetudine
2645 3377 2898 3429 cessavit.
2949 3377 3170 3445 Egregie
3205 3377 3561 3444 septimanam

1997 3467 2188 3536 exegit,
2220 3467 2431 3534 egregie
2459 3466 2748 3521 celebravit
2771 3467 2943 3522 Sabba
2957 3476 3090 3532 tum,
3124 3468 3335 3538 egregie
3367 3467 3546 3523 Domi-

1999 3557 2171 3609 nicam
2217 3559 2405 3626 gratia:
2452 3557 2824 3627 apprehendit.
2875 3557 3132 3612 Exhibuit
3181 3559 3332 3612 Anna
3384 3569 3564 3629 partes

2002 3650 2224 3703 turturis
2246 3689 2260 3713 ,
2304 3665 2409 3703 non
2451 3650 2704 3705 oblivioni
2737 3651 2960 3705 tradidit
2982 3651 3259 3720 conjugem
3291 3670 3303 3704 :
3332 3651 3564 3720 primam

2000 3735 2157 3790 fidem
2209 3737 2620 3809 haudquaquam
2661 3739 2866 3793 irritam
2911 3739 3070 3804 fecit;
3119 3755 3224 3792 non
3255 3740 3465 3795 induxit
3503 3741 3557 3796 in

2003 3828 2203 3894 cubile,
2249 3829 2340 3898 qui
2387 3831 2616 3900 injurius
2651 3832 2910 3898 violaret;
2947 3832 3076 3886 nulli
3113 3831 3289 3899 alteri,
3325 3833 3565 3902 singula-

1997 3919 2074 3973 ris
2120 3921 2446 3974 matrimonii
2494 3917 3028 3992 lignumimposuit;
3069 3923 3118 3977 in
3153 3925 3430 3991 memoria,
3464 3938 3562 3978 ceu
3668 3981 3676 3992 ,

1999 4007 2160 4075 lecto,
2192 4009 2523 4076 defunctum,
2569 4021 2824 4082 tanquam
2868 4012 3098 4080 viveret,
3132 4014 3356 4080 habuit;
3402 4030 3564 4084 spon-

1999 4099 2169 4154 salem
2198 4102 2478 4156 sindonem
2523 4119 2625 4158 non
2660 4105 2866 4173 polluit.
2917 4105 3029 4160 Non
3083 4121 3200 4159 eam
3251 4109 3564 4176 perstrinxit

1997 4190 2146 4247 Pauli
2191 4193 2744 4264 reprehensio:Cum
2797 4208 2972 4252 autem
3020 4197 3304 4252 tuxuriane
3362 4199 3562 4266 fuerint

1996 4285 2050 4336 in
2078 4284 2303 4350 Christo,
2350 4287 2539 4340 nubere
2587 4288 2800 4352 volunt;
2858 4290 3101 4342 habentes
3149 4290 3560 4356 damnationem,

1996 4375 2124 4443 quia
2164 4376 2390 4442 primam
2441 4377 2595 4438 ﬁdem
2635 4379 2836 4432 irritam
2874 4379 3104 4448 fecerunt
3135 4379 3202 4432 ⁷⁸.
3242 4392 3368 4436 vere
3401 4382 3560 4450 digna

323 4472 588 4545 κρίματος
616 4470 764 4534 ἀξία,
800 4472 834 4541 ἡ
861 4471 960 4539 τὴν
992 4471 1210 4540 μνήμην
1244 4466 1559 4535 συνθάψασα
1587 4465 1663 4537 τῷ
1683 4465 1894 4530 θεοζεύ-

2001 4468 2468 4533 οοιιάειιιιιιιιιοιιιι,
2498 4486 2614 4539 quae
2639 4486 2741 4524 una
2770 4486 2891 4524 cum
2915 4471 3100 4540 juucto
3124 4471 3224 4527 sibi
3252 4487 3281 4525 a
3305 4471 3415 4528 Deo
3437 4488 3560 4528 con-

321 4580 438 4634 κτῳ
462 4562 704 4632 συζύγῳ,
746 4563 841 4615 καὶ
879 4562 1109 4632 μάλιστα
1152 4560 1365 4625 τέκνου,
1401 4559 1434 4629 ἢ
1463 4557 1667 4610 τέκνων
1696 4558 1894 4628 παρόν-

322 4673 454 4720 των,
486 4655 571 4708 διὸ
609 4654 704 4706 καὶ
737 4653 765 4704 ὁ
802 4653 966 4722 νόμος
1001 4650 1094 4705 τοῦ
1127 4650 1304 4721 γάμου
1338 4646 1777 4717 πεφυτούργηται
1798 4662 1811 4674 ·
1843 4648 1890 4698 εί

1995 4555 2122 4627 juge
2177 4561 2494 4615 memoriam
2564 4562 2854 4632 sepelivit;
2928 4579 3051 4618 cum
3122 4564 3354 4621 maxime
3410 4565 3563 4622 adeSt

1998 4650 2164 4719 ﬁlius,
2193 4661 2285 4706 aut
2312 4651 2405 4708 ﬁlii
2435 4671 2448 4706 :
2485 4668 2713 4724 quorum
2743 4655 3205 4726 suscipiendorum
3237 4657 3430 4726 gratia,
3455 4674 3563 4712 ma-

395 4842 439 4873 ⁸⁹
460 4839 600 4895 Gen.
631 4854 722 4898 vn,
753 4838 844 4892 il.
922 4838 967 4868 ⁶⁰
993 4835 1091 4890 Joh
1124 4834 1472 4899 xxxvttt,28.
1548 4834 1591 4865 "
1634 4832 1774 4887 Psal.
1808 4847 2008 4897 cxevu,
2043 4832 2128 4888 I6.
2204 4833 2249 4864 "
2285 4833 2448 4887 Exod.
2479 4848 2560 4896 vt,
2586 4834 2674 4888 l7.
2748 4833 2794 4866 “
2819 4833 3121 4898 Exod.xrv,
3147 4834 3236 4889 21.
3318 4835 3365 4866 ⁸⁸
3390 4835 3558 4892 Exod.

327 4927 433 4973 ιιι,
492 4912 582 4964 15.
661 4911 704 4939 ⁸⁵
743 4912 895 4961 Deut.
925 4922 996 4966 vt.
1025 4907 1080 4960 ὅ.

1176 4908 1220 4936 ⁸⁸
1257 4905 1368 4960 Jos.
1403 4921 1453 4967 ν,
1499 4903 1561 4966 6;
1603 4903 1620 4956 I
1658 4902 1783 4956 Esd.
1821 4919 1897 4966 ιιι,

2023 4915 2130 4958 etc.
2162 4904 2238 4935 ’⁸⁷
2263 4903 2396 4958 Gen.
2427 4919 2560 4969 χχιι,
2592 4904 2678 4959 17.
2738 4904 2784 4935 ⁸⁸
2805 4903 2951 4959 Psal.
2995 4921 3178 4972 ωιιιχ,
3214 4908 3273 4961 5.
3333 4903 3556 4961 “Joan.

326 4998 364 5046 ι,
398 4972 450 5046 1,
481 4980 570 5036 Η.
647 4979 692 5012 ⁷⁸
726 4977 824 5032 Isa.
859 4994 973 5041 LIII,
1008 4977 1060 5032 8.
1133 4977 1176 5008 '“
1212 4975 1310 5029 lsa.
1343 4990 1418 5035 ts,
1448 4973 1500 5027 6.
1570 4975 1614 5004 τ’
1661 4972 1789 5027 Luc.
1821 4988 1880 5035 ιι,

2068 4974 2114 5004 ⁷⁸
2149 4974 2334 5028 ITim.
2366 4990 2414 5039 v,
2452 4974 2538 5029 Η.

392 5115 504 5186 (32)
546 5113 619 5167 Τὸ
662 5111 798 5183 μὲν,
830 5111 935 5186 ,διὰ
965 5111 1080 5179 τὴν
1116 5113 1185 5186 ἐκ
1223 5109 1520 5186 παρθένου
1571 5113 1882 5186 ’πτελνυζησενΓ

328 5179 528 5253 Nempe
559 5179 791 5236 Imn'iana
827 5182 936 5253 illa,
970 5195 1088 5247 (tua:
1121 5182 1271 5250 plura
1311 5180 1492 5253 retulit
1523 5195 1538 5232 :
1566 5180 1628 5232 τὸ
1674 5179 1758 5253 δὲ,
1796 5179 1888 5253 διά

326 5256 383 5308 τὸ
405 5249 792 5324 ἀκατάληπτον
825 5249 1134 5324 ὑπάρξεως,
1166 5260 1374 5324 propter
1404 5249 1890 5324 incomprehensibi-

327 5295 873 5378 iiiaigmjuitsta'ntiie
901 5295 1143 5390 Fiieuiiﬁé
1166 5295 1345 5390 divina
1403 5319 1514 5383 illa,
1557 5295 1610 5373 ert
1641 5321 1887 5390 omnipo-

331 5395 529 5448 tentiae.
561 5392 806 5445 IintJam
856 5389 1212 5458 vitiosamque
1253 5389 1486 5443 litteram
1515 5398 1707 5443 nactus
1742 5389 1887 5444 Sifa-

332 5480 424 5520 nus
465 5463 598 5517 nihil
641 5461 766 5516 inde
810 5462 1045 5530 probati,
1083 5475 1390 5529 quanquam
1437 5469 1684 5530 conatus,
1715 5462 1888 5527 potuit

331 5533 539 5588 elicere.
571 5532 664 5587 Sic
691 5529 822 5588 vero,
847 5535 1093 5587 restituta
1123 5546 1188 5584 ex
1224 5531 1326 5582 lide
1352 5529 1622 5594 codicum,
1657 5530 1886 5598 ipsaque

334 5604 466 5658 serie
509 5605 781 5672 exigente,
816 5602 957 5672 clara
980 5601 1208 5672 omnino
1240 5599 1500 5672 decurrit.

392 5673 506 5738 (33)
543 5666 660 5740 Τῆς
692 5671 890 5739 καλῶς
927 5671 1036 5725 τὸν
1081 5669 1229 5734 ,βίον
1268 5666 1762 5736 ἀπαλλαξάσης.
1801 5667 1887 5723 AI.

336 5743 760 5814 καταλλαξάσης.
797 5741 1083 5808 Nimirum,
1131 5741 1358 5796 transitu
1407 5755 1438 5794 a
1491 5741 1720 5795 maritali
1748 5748 1890 5795 statu

1992 5110 2063 5192 ad
2115 5111 2381 5193 vidualem
2414 5120 2511 5164 :et
2539 5109 2834 5180 subrogato
2863 5111 3081 5166 Christo
3114 5127 3166 5166 tn
3198 5110 3376 5166 locum
3418 5129 3558 5184 pra:-

1994 5194 2146 5234 ιιιιεει
2179 5195 2386 5244 εροιιει.

2065 5249 2176 5320 (54)
2213 5251 2330 5318 Τὴν
2355 5250 2664 5318 Κυριακὴν
2686 5250 2798 5319 τῆς
2816 5249 3056 5320 χάριτος
3091 5250 3398 5306 κατέλαϐε.
3429 5253 3558 5319 ane

1994 5323 2245 5373 nimirum
2297 5321 2538 5374 succedit
2578 5321 2845 5385 Sabbato;
2895 5321 3119 5385 scilicet,
3179 5324 3434 5376 translata
3489 5330 3554 5377 ad

1995 5389 2339 5458 Evangelium
2371 5405 2400 5442 a
2427 5390 2559 5460 lege.
2581 5390 2678 5445 εει.
2700 5408 2716 5448 :
2742 5389 3072 5460 Dominicam
3099 5393 3324 5460 gratiam
3350 5392 3555 5444 delibu-

1991 5462 2092 5522 vit;
2126 5460 2428 5528 suspicatus
2462 5459 2741 5524 legendum
2776 5459 3075 5523 κατέλειϐε,
3104 5459 3230 5528 pro,
3264 5461 3552 5517 κατέλαϐε.

1992 5529 2144 5595 Quod
2173 5529 2422 5582 vitiosum
2449 5531 2502 5584 in
2535 5529 2651 5598 ejus
2674 5531 2862 5586 codice
2890 5541 3041 5584 erat:
3068 5530 3376 5597 conjectura
3406 5545 3553 5595 certe

1993 5599 2226 5673 infelici;
2260 5598 2634 5673 inlideliusque
2670 5609 2765 5673 est_
2797 5600 2880 5662 τὸ,
2913 5600 3226 5673 ήΑΚυριακὴ
3263 5601 3364 5670 τῆς
3397 5602 3555 5673 χάρι-

1992 5667 2416 5744 τοςηοοοιίηίςα
2450 5667 2672 5744 gratia;
2719 5669 2801 5731 τὸ,
2844 5667 3123 5725 κατέλειϐε
3157 5667 3342 5739 etiam,
3376 5667 3554 5744 petitis

1995 5738 2177 5795 fuerit.
2211 5738 2504 5795 distillat’it.
