4030 6408
455 308 524 363 55
1417 306 1475 362 S.
1516 306 1962 363 AMPHILOCHII
2002 306 2389 364 ICONIENSIS
2426 299 2733 362 EPlSCOPI
3605 299 3680 361 56

455 424 698 482 trimoatii
728 426 811 483 lex
844 425 1004 483 insita
1043 435 1145 481 est.
1177 425 1330 493 Quod
1381 428 1426 482 si
1469 427 1651 496 iunior
1701 429 1858 483 vidua
1915 431 2022 483 ﬁlio

2133 431 2180 484 δὲ
2210 431 2283 501 μὴ
2315 429 2573 502 πρόσεστι
2601 429 2666 498 τῇ
2697 424 2793 495 νέᾳ
2826 423 2972 494 χήρᾳ
2995 420 3202 486 τέκνον,
3231 418 3374 484 είκδς
3399 418 3566 493 αὐτὴν
3592 421 3686 476 ἐπὶ

453 527 660 585 careat,
696 534 906 588 aequum
954 519 1136 585 fuerit,
1171 529 1229 574 ut
1259 520 1572 575 stimulante
1608 521 1778 589 prolis
1807 522 2017 576 deside—

454 609 536 663 rio
567 609 633 663 ad
665 611 930 666 secundas
964 610 1177 679 nuptias
1206 611 1492 680 prosiliat;
1548 627 1669 666 nam
1721 624 1775 667 et
1820 612 2020 669 Paulus

457 703 560 756 hoc
591 701 886 758 admonens
929 703 1191 758 diccbat:
1241 701 1366 756 Volo
1418 703 1649 766 iuniores
1687 704 1872 759 viduas
1923 723 2024 758 nu-

455 792 570 846 bere
599 793 646 824 τδ
673 811 686 848 :
726 804 942 862 tumque
970 793 1257 850 ostendens
1285 795 1412 863 quid
1440 796 1658 849 secundi
1686 796 2018 849 matrimonii

454 883 693 938 accessio
727 885 989 949 conferat,
1046 883 1288 952 adiunxit
1335 885 1569 940 dicens:
1615 883 1743 939 Volo
1781 886 2019 955 juniores

454 975 642 1029 viduas
682 977 888 1038 nubere,
937 975 1077 1044 ﬁlios
1104 991 1397 1044 procreare,
1440 975 1867 1045 matresfamilias
1889 993 2018 1031 esse.

461 1066 558 1120 Est
597 1066 780 1136 itaque
807 1067 1035 1136 adjectio
1059 1069 1419 1122 secundarum
1456 1069 1760 1136 nuptiarum
1786 1069 1854 1123 ad
1884 1067 2022 1124 ﬁlios

456 1158 838 1228 procreantlos.
886 1157 1019 1213 Cum
1074 1167 1250 1213 autem
1302 1159 1599 1228 prosilienti
1646 1161 1711 1214 ad
1758 1161 2021 1217 secundas

458 1249 673 1317 nuptias
702 1249 876 1303 vidua:
900 1249 989 1302 lilii
1013 1259 1158 1314 sunt,
1187 1263 1585 1320 supervacanea
1609 1253 1859 1322 deinceps
1879 1255 2022 1324 ejus-

459 1340 601 1393 modi
659 1340 916 1395 sementis
956 1349 1058 1403 est,
1100 1341 1449 1396 rationalibus
1491 1343 1656 1413 spicis
1697 1359 1763 1400 ex
1796 1347 2021 1402 adverso

457 1430 837 1501 pugnantibus.

531 1520 663 1576 Vill.
687 1522 919 1578 Rursum
951 1539 1079 1594 ergo
1117 1525 1183 1580 ad
1206 1526 1356 1596 prius
1385 1535 1752 1599 argumentum
1774 1541 2024 1587 sermone

459 1618 766 1674 redeamus.
804 1621 942 1686 Quid
987 1622 1151 1690 igitur
1175 1624 1429 1694 deinceps
1476 1624 1850 1695 evangelista?
1887 1641 2024 1695 prae-

459 1717 571 1763 stat
615 1710 758 1763 enim
805 1720 858 1765 ut
903 1711 1264 1768 inluereamus
1290 1713 1538 1782 prtesenti
1567 1715 2019 1769 commentationi.

2121 523 2368 594 δεύτερον
2419 523 2596 592 γάμον
2635 519 2832 590 ὁρμᾷν,
2892 515 2970 586 τῷ
3009 514 3171 586 έρωτι
3209 513 3311 583 τῆς
3347 513 3686 583 φιλοτεκνίας

2121 614 2468 686 νυττομένην.
2532 609 2782 665 Ἐπειδὰν
2829 608 2922 662 καὶ
2954 606 3112 660 τοῦτο
3144 604 3425 676 παραινῶν
3451 607 3480 658 ὁ
3509 606 3686 676 μακά-

2124 725 2236 778 ριος
2270 706 2479 770 Παῦλος
2515 703 2700 772 ἔλεγεν
2741 701 2852 770 (55)
2877 716 2892 730 ⁸
2920 699 3219 768 Βούλομαι
3260 697 3547 766 νεωτέρας
3581 699 3688 767 χή-

2113 814 2230 866 ρας
2289 796 2526 867 ταμεῖν·
2593 791 2711 847 εἶτα
2763 791 2972 854 δεικνὺς
3020 789 3073 844 τί
3125 787 3185 842 τὺ
3238 789 3541 859 συμϐάλλον
3589 789 3686 860 τῆς

2122 889 2405 960 προκοπῆς
2460 886 2554 942 τοῦ
2596 871 2848 955 δευτέρου
2886 881 3088 952 γάμου,
3138 880 3446 953 προσέθηκε
3480 881 3684 949 λέγων’

2121 981 2420 1047 Βούλομαι
2459 975 2748 1043 νεωτέρας
2794 971 2982 1042 χήρας
3023 972 3252 1044 γαμεῖν,
3289 971 3684 1042 τεκνογονεῖν,

2121 1068 2583 1124 οἰκοδεσποτεῖν.
2610 1067 2771 1119 Ὥστε
2810 1065 2937 1135 περὶ
2964 1063 3064 1133 τῆς
3085 1061 3426 1130 τεκνογονίας
3453 1063 3485 1131 ὴ
3518 1077 3688 1133 προσ-

2123 1162 2264 1234 θήκη
2291 1161 2382 1216 τοῦ
2410 1143 2662 1231 δευτέρου
2686 1158 2864 1229 γάμου
2881 1170 2896 1186 ⁸
2921 1156 3047 1210 ὅταν
3071 1155 3126 1208 δὲ
3148 1154 3405 1226 πρόσεστι
3428 1155 3491 1224 τῇ
3523 1153 3691 1224 ὁρμη-

2125 1256 2264 1328 σάσῃ
2312 1256 2456 1326 χήρᾳ
2507 1253 2642 1325 πρὸς
2684 1251 2860 1320 γάμον
2911 1249 3095 1314 τέκνα,
3151 1247 3404 1318 περιττὸς
3438 1247 3625 1300 λοιπὸν
3658 1247 3692 1301 6

2122 1346 2360 1410 τοιοῦτος
2385 1345 2602 1418 σπόρος,
2633 1341 2742 1396 τῶν
2775 1340 3006 1411 λογικῶν
3037 1338 3321 1411 ἀσταχύων
3342 1337 3451 1410 (56)
3475 1339 3691 1392 ὰντεοι-

2125 1439 2326 1503 ζόντων
2347 1436 2480 1507 (57).

2197 1530 2278 1582 H'.
2295 1527 2464 1582 Πάλιν
2481 1518 2574 1579 οὖν
2585 1523 2662 1596 τῷ
2680 1523 2820 1596 λόγῳ
2831 1522 3209 1593 ἐπανέλθωμεν
3229 1539 3365 1594 προς
3383 1521 3481 1594 τὴν
3499 1539 3693 1595 προτε-

2131 1636 2226 1691 ραν
2257 1618 2530 1672 ὑπόθεσιν.
2571 1616 2635 1669 Τί
2667 1615 2760 1669 οὖν
2793 1614 2978 1668 λοιπὸν
3023 1615 3052 1667 ό
3078 1613 3495 1685 εὐαγγελιστής;
3532 1614 3692 1667 καλὸν

2127 1709 2234 1781 γὰρ
2257 1709 2355 1780 τῆς
2375 1707 2653 1778 παρούσης
2680 1705 3061 1778 πραγματείας
3074 1703 3446 1760 ἐπιλαϐέσθαι.
3461 1706 3692 1769 Ἥκουες

459 1801 670 1855 Audisti
699 1801 859 1856 modo
885 1801 1084 1856 Lucam
1115 1777 1499 1873 evangelistam
1525 1805 1811 1871 dicentem,
1837 1821 2022 1874 quem-

2133 1777 2336 1874 ἀρτίως
2397 1777 2492 1856 τού
2544 1777 2934 1870 εὐαγγελιστοῦ,
2974 1800 3157 1854 Λουκᾶ
3199 1799 3465 1868 λέγοντος,
3513 1798 3629 1862 ταῖις
3664 1801 3695 1852 ό

459 1892 746 1948 admodum
794 1893 1014 1948 Simeon
1068 1896 1263 1950 dixerit
1312 1895 1379 1949 ad
1425 1893 1741 1966 Virginem:
1775 1895 1907 1950 Ecce
1939 1896 2022 1949 hic

461 1987 660 2053 positus
706 1998 782 2041 est
827 1988 882 2040 in
933 1988 1145 2040 ruinam
1180 1999 1229 2042 et
1268 1990 1696 2042 resurrectionem
1741 1989 2022 2042 multorum

460 2079 514 2132 in
538 2077 732 2142 Israel,
787 2090 834 2132 et
879 2081 934 2132 in
987 2079 1193 2148 signum
1221 2079 1307 2132 cui
1339 2078 1730 2131 contradicatur
1754 2094 1774 2132 :
1799 2089 1845 2132 et
1880 2090 2025 2134 tuam

466 2169 630 2230 ipsius
661 2171 896 2225 animum
942 2171 1279 2239 perlranst'bit
1304 2170 1534 2238 gladius.
1562 2169 1695 2235 Quid
1725 2173 1826 2223 hoc
1856 2186 2022 2228 vero:

465 2255 533 2309 Et
563 2266 704 2310 tuam
728 2258 889 2326 ipsius
917 2257 1144 2312 animum
1188 2254 1523 2326 pertransibit
1551 2255 1758 2324 gladius
1780 2255 1864 2308 7'?
1891 2257 2024 2309 Audi

464 2349 685 2402 cordate
731 2355 785 2402 et
847 2347 1263 2418 intelligenter:
1311 2360 1432 2400 cum
1489 2343 1708 2400 Simeon
1759 2343 1904 2399 clare
1959 2343 2025 2399 ad

465 2437 700 2508 Virginis
755 2438 964 2498 locutus
1014 2452 1208 2503 aures,
1267 2437 1497 2506 positum
1549 2429 1770 2491 dixisset
1814 2435 1866 2488 in
1920 2435 2029 2488 rui-

463 2545 589 2584 nam
625 2539 678 2585 et
710 2531 1159 2585 resurrectionem
1209 2527 1498 2583 multorum
1547 2528 1600 2581 in
1645 2526 1829 2590 Israel,
1885 2537 1938 2581 et
1973 2527 2025 2580 in

464 2623 678 2692 signum
725 2621 812 2676 cui
869 2621 1368 2686 contradiceretur;
1425 2619 1647 2674 moleste
1698 2618 1877 2674 forsan
1913 2618 2030 2672 tulit

470 2714 632 2783 Virgo
685 2721 744 2768 ut
799 2711 1009 2767 Domini
1052 2723 1246 2780 mater,
1294 2707 1646 2781 motaque'in
1700 2709 2026 2775 Simeonem,

467 2805 548 2857 sic
589 2818 710 2858 eum
765 2801 923 2857 allata
955 2811 1038 2858 est
1074 2818 1090 2856 :
1132 2801 1341 2868 Nescis,
1380 2803 1560 2866 homo,
1595 2801 1720 2871 quid
1751 2801 2028 2871 praedices.

471 2893 684 2964 Ergone
716 2893 887 2948 tristia
925 2895 990 2948 de
1030 2892 1246 2948 Christo
1275 2893 1600 2948 annuntias?
1624 2893 1846 2963 Ignoras
1880 2894 2029 2964 pueri

470 2985 899 3054 conCeptionem,
940 2996 996 3040 et
1043 2995 1294 3052 tanquam
1329 2986 1630 3040 communis
1666 2997 1871 3054 partus,
1901 3001 2030 3040 con-

2125 1889 2348 1963 Συμεὼν
2396 1892 2532 1963 πρὸς
2559 1892 2658 1963 τήν
2689 1890 2953 1962 παρθένον
2978 1889 3082 1961 ἔφη
3104 1907 3120 1921 ·
3163 1889 3307 1944 Ἰδοὺ
3347 1885 3526 1954 οὗτος
3577 1889 3695 1942 κεῖ-

2124 2000 2215 2037 ται
2240 1986 2328 2049 είς
2358 1981 2588 2037 πτῶσιν
2609 1982 2709 2036 καὶ
2732 1981 3073 2037 ἀνάστασιν
3103 1981 3349 2035 πολλῶν
3381 1980 3452 2034 ἐν
3475 1978 3554 2045 τῷ
3587 1980 3694 2034 Ἰσ-

2116 2073 2300 2143 ραὴλ,
2336 2073 2432 2129 καὶ
2461 2077 2548 2140 εὶς
2581 2072 2832 2143 σημεῖον
2851 2073 3338 2143 ἀντιλεγόμενον·
3365 2069 3464 2124 καὶ
3492 2071 3608 2124 σοῦ
3627 2069 3695 2123 δὲ

2124 2165 2315 2234 αὑτὴς
2371 2165 2484 2233 τὴν
2529 2164 2744 2234 ψυχὴν
2790 2164 3162 2219 διελεύσεται
3199 2163 3482 2232 ῥομφαία.
3535 2161 3599 2213 Τί
3636 2162 3694 2214 δέ

2127 2257 2263 2318 ἐστι,
2296 2254 2406 2308 Καὶ
2445 2253 2562 2308 σοῦ
2599 2253 2667 2307 δὲ
2702 2252 2893 2322 αὐτῆς
2939 2251 3054 2320 τὴν
3091 2251 3303 2322 ψυχὴν
3329 2251 3697 2305 διελεύσεται

2120 2348 2424 2415 ῥομφαία;
2457 2347 2655 2400 1’Ἄκουε
2691 2345 2923 2410 συνετῶς
2942 2362 2956 2376 ·
2984 2343 3076 2399 τοῦ
3105 2343 3388 2414 Συμεῶνος
3418 2343 3697 2414 εἰρηκότος

2127 2437 2256 2508 περὶ
2299 2437 2391 2491 τοῦ
2440 2437 2643 2510 Κυρίου
2700 2440 2778 2502 είς
2816 2437 3135 2502 ἐξάκουστον
3188 2435 3295 2488 τῶν
3352 2429 3697 2506 Παρθενικῶν

2128 2526 2307 2582 ἀκοῶν
2334 2529 2414 2593 τὸ,
2454 2528 2599 2583 Ἰδοὺ
2624 2525 2800 2596 οὗτος
2833 2528 3018 2582 κεῖται
3051 2530 3137 2593 εἰς
3173 2525 3406 2581 πτῶσιν
3433 2527 3532 2579 καὶ
3563 2524 3699 2581 ἀνά-

2129 2633 2350 2672 στασιν
2388 2619 2632 2673 πολλῶν
2663 2619 2733 2672 ἐν
2763 2618 2843 2684 τῷ
2881 2617 3149 2686 Ἰσραὴλ,
3185 2617 3282 2670 καὶ
3325 2619 3412 2684 εἰς
3451 2617 3699 2686 σημεῖον

2129 2711 2602 2780 ἀντιλεγόμενον,
2645 2710 3018 2780 ἠγανάκτησεν
3073 2710 3217 2774 εἰκὸς
3249 2711 3280 2781 ἠ
3317 2709 3588 2780 Παρθένος
3625 2710 3699 2774 ὠς

2134 2805 2316 2876 μήτηρ
2342 2803 2436 2856 τοῦ
2457 2805 2660 2875 Κυρίου
2689 2804 2831 2858 κατὰ
2855 2804 2946 2858 τοῦ
2975 2803 3276 2875 Συμεῶνος,
3303 2803 3532 2871 λέγουσα
3564 2805 3700 2873 πρὸς

2133 2896 2293 2950 αὐτόν
2317 2911 2330 2926 ·
2363 2896 2476 2949 Οὐκ
2507 2890 2652 2959 οἶδας
2677 2895 2729 2948 τί
2752 2895 3105 2966 διαγορεύεις,
3140 2894 3412 2967 ἄνθρωπε.
3459 2895 3579 2947 Ἐπὶ
3608 2895 3700 2947 τὸν

2132 2984 2362 3058 Χριστὸν
2388 2985 2683 3056 σκυθρωπὰ
2703 2985 3091 3055 καταγγέλλεις
3114 3002 3128 3050 ;
3154 2983 3270 3038 Οὺκ
3291 2980 3439 3048 οἶδας
3460 2985 3561 3056 τὴν
3584 2985 3700 3037 σύλ-

471 3074 807 3129 tradictionis
859 3077 1070 3144 signum
1121 3076 1426 3146 signiﬁcas?
1455 3077 1607 3131 Nulla
1638 3088 1719 3132 est
1741 3077 1794 3132 in
1823 3093 1888 3134 eo
1916 3079 2028 3133 rui-

2137 3077 2297 3149 ληψιν
2325 3077 2420 3132 τοῦ
2447 3076 2676 3141 παιδίου,
2708 3078 2798 3132 καὶ
2820 3077 2896 3140 ὡς
2923 3076 3103 3130 κοινοῦ
3125 3076 3283 3129 τόκου
3315 3079 3537 3146 σημεῖον
3561 3076 3702 3129 ἀντι-

468 3180 576 3231 na;
631 3167 724 3221 sed
766 3166 931 3222 multa
979 3166 1255 3231 exaltatio,
1287 3167 1557 3237 multaque
1584 3168 1636 3222 in
1666 3183 1848 3222 eorum
1879 3185 2031 3224 usum

2137 3169 2324 3237 λογίας
2366 3169 2624 3240 μηνύεις;
2665 3168 2904 3239 Οὐδεμία
2937 3168 3144 3231 πτῶσις
3187 3168 3245 3221 ἐν
3288 3168 3463 3239 αὐτῷ’
3496 3167 3701 3238 ὕψωςις

469 3259 562 3326 qui
593 3259 913 3314 beneﬁcium
940 3270 1362 3329 consequuntur,
1388 3260 1666 3315 demissio.
1693 3259 1884 3327 Quidni
1909 3276 2035 3329 ergo

468 3349 766 3416 benedicis,
814 3351 908 3406 sed
957 3352 1075 3406 ais:
1105 3352 1237 3406 Ecce
1272 3352 1356 3405 hic
1389 3352 1587 3420 positus
1628 3361 1702 3406 est
1737 3354 1790 3405 in
1831 3352 2034 3405 ruinam

472 3452 520 3495 et
573 3441 626 3495 in
673 3444 1098 3496 resurrectionem
1141 3441 1422 3495 multorum
1469 3441 1523 3494 in
1575 3439 1767 3504 Israel,
1801 3453 1847 3495 et
1881 3441 1935 3496 in
1973 3442 2038 3495 si-

473 3548 632 3602 gnum
686 3533 770 3586 cui
806 3533 1236 3586 contradicatur?
1265 3531 1481 3586 Simeon
1527 3547 1686 3602 porro
1735 3534 1803 3587 ad
1860 3531 2034 3602 Virgi-

475 3638 643 3677 nem:
681 3621 776 3678 Sat
832 3623 924 3678 tibi
980 3635 1083 3688 est,
1141 3624 1320 3694 Virgo,
1383 3625 1524 3696 quod
1577 3623 1784 3678 voceris
1843 3632 2031 3676 mater.

472 3714 700 3769 Abunde
751 3721 854 3779 est,
902 3725 960 3768 ut
1005 3714 1122 3783 ejus
1168 3715 1381 3769 inventa
1417 3715 1493 3769 sis
1535 3715 1734 3776 nutrix,
1765 3714 1854 3784 qui
1883 3729 2038 3767 mun-

475 3807 599 3861 dum
655 3806 962 3860 universum
1015 3806 1202 3860 nutrit.
1263 3804 1537 3875 Magnum,
1589 3817 1648 3859 ut
1698 3820 1821 3859 eum
1871 3819 2036 3860 carne

477 3899 802 3968 portaveris,
849 3897 939 3966 qui
982 3899 1228 3952 universa
1268 3907 1466 3966 portat.
1497 3897 1596 3964 Qui
1626 3896 1734 3965 jam
1770 3897 1822 3950 in
1860 3906 1911 3950 te
1941 3897 2038 3950 do-

479 3986 740 4040 micilium
765 3986 1014 4041 Christus
1044 3988 1251 4050 habuit,
1291 3987 1404 4057 ipse
1440 3989 1578 4041 idem
1616 3997 1674 4040 ut
1707 3989 1806 4042 hoc
1843 3988 2038 4056 inprae-

475 4077 776 4132 sentiarum
828 4079 893 4132 de
917 4078 1031 4146 ipso
1079 4077 1349 4146 loquerer,
1401 4079 1665 4146 disposuit
1713 4097 1727 4134 :
1778 4079 1912 4132 Ecce
1953 4080 2038 4133 hic

475 4171 675 4238 positus
705 4176 778 4223 est
801 4169 854 4222 in
884 4169 1088 4221 ruinam
1118 4178 1164 4222 et
1195 4170 1247 4221 in
1281 4171 1706 4223 resurrectionem
1755 4169 2037 4224 multarunt

477 4260 532 4314 in
564 4259 754 4314 Israel.
783 4259 837 4312 lu
873 4260 1078 4313 ruinam
1103 4259 1317 4328 quidem
1342 4260 1632 4315 inﬁdelium
1689 4259 1989 4315 Iudaeorum
2021 4278 2034 4315 :

478 4351 533 4405 in
568 4349 1014 4405 resurrectionem
1043 4358 1220 4402 autem
1256 4347 1489 4404 ﬁdelium
1514 4351 1771 4421 gentium.
1801 4349 1934 4404 Ecce
1953 4352 2039 4404 hic

556 4549 605 4582 ⁷⁸
634 4549 652 4602 ι
679 4548 822 4602 Tim.
851 4564 906 4614 γ,
933 4547 1020 4601 ll.
1093 4549 1138 4579 ⁷⁵
1162 4546 1292 4600 Luc.
1319 4563 1380 4614 tt,
1405 4546 1496 4613 54,
1520 4546 1609 4602 55.

2135 3260 2192 3314 δὲ
2222 3259 2389 3331 πολλὴ
2422 3261 2516 3314 καὶ
2546 3259 2947 3328 ωγκατάὸασις
2968 3262 3080 3323 τοῖς
3109 3259 3597 3330 εὐεργετουμένοις.
3635 3258 3700 3310 Τί

2135 3349 2225 3407 οὖν
2247 3354 2347 3406 οὑκ
2377 3351 2805 3420 εὐλογεῖς,-ἀλλὰ
2847 3351 3096 3420 φάσκεις,
3137 3351 3283 3405 Ἰδοὺ
3308 3346 3484 3414 οὗτος
3517 3350 3700 3404 κεῖται

2133 3447 2220 3510 εὶς
2240 3444 2469 3498 πτῶσιν
2497 3443 2595 3497 καὶ
2623 3441 2961 3497 ἀνάστασιν
2982 3440 3226 3496 πολλῶν
3251 3441 3321 3496 ἐν
3338 3441 3418 3507 τῷ
3443 3441 3699 3508 Ἰσραὴλ,

2136 3537 2234 3589 καὶ
2278 3539 2366 3602 εἰς
2415 3535 2671 3604 σημεῖον
2721 3535 3213 3604 ἀντιλεγόμενον;
3260 3535 3318 3588 '0
3371 3534 3429 3588 δὲ
3479 3532 3702 3606 Συμεὼν

2137 3627 2270 3698 πρὸς
2301 3628 2398 3696 τὴν
2427 3626 2702 3697 Παρθένον
2724 3642 2740 3658 ο
2782 3625 2969 3698 Ἀρκεῖ
3001 3643 3104 3690 σοι,
3135 3625 3404 3697 Παρθένε,
3424 3623 3503 3687 τὸ,
3538 3623 3702 3695 μητέ-

2139 3735 2208 3791 ρα
2235 3735 2292 3771 σε
2323 3718 2613 3789 κληθῆναι·
2644 3718 2824 3772 ἱκανόν
2855 3735 2936 3770 σοι
2967 3717 3047 3784 τὸ,
3070 3717 3268 3789 τροφὸν
3299 3716 3585 3788 εὑρεθῆναι
3608 3715 3700 3768 τοῦ

2135 3810 2423 3881 τρέφοντος
2460 3811 2552 3865 τὸν
2582 3811 2803 3882 κόσμον.
2836 3811 2997 3881 Μέγα
3023 3827 3106 3863 σοι
3137 3810 3218 3875 τὸ,
3247 3809 3411 3880 σαρκὶ⁸
3441 3807 3703 3878 βαστάσαι

2136 3898 2227 3950 τὸν
2272 3896 2339 3950 τὰ
2381 3898 2559 3952 πάντα
2603 3897 2953 3969 βαστάζοντα.
2995 3898 3054 3952 '0
3102 3899 3160 3952 ὲν
3201 3898 3286 3951 σοὶ
3325 3897 3558 3968 Χριστὸς
3608 3895 3703 3950 νῦν

2142 3990 2490 4058 κατοικήσας,
2525 3989 2620 4042 καὶ
2651 3990 2708 4042 ἐν
2729 3989 2852 4060 ἐμοὶ
2881 3988 2992 4057 (58)
3017 3987 3110 4041 νῦν
3135 3988 3165 4040 ὁ
3187 3973 3348 4051 αύτὺς
3379 3987 3509 4058 περ)⁸
3537 3984 3700 4040 αὐτοῦ

2141 4078 2436 4150 λαληθῆναι
2467 4081 2895 4152 παρεσκεύασεν,
2919 4082 3001 4135 ὅτι
3030 4076 3208 4146 οὗτος
3234 4079 3420 4134 κεῖται
3444 4079 3531 4144 εις
3551 4075 3704 4130 πτῶ-

2141 4185 2248 4224 σιν
2303 4171 2400 4225 real
2447 4171 2784 4227 ἀνάστασιν
2824 4171 3072 4227 πολλῶν
3103 4172 3174 4225 ἐν
3195 4168 3276 4237 τῷ
3308 4168 3551 4237 Ἰσραήλ
3569 4181 3584 4197 ⁸
3624 4169 3702 4231 εἰς

2143 4263 2348 4315 πτῶσιν
2405 4263 2503 4335 μὲν
2555 4264 2663 4318 τῶν
2701 4265 2947 4319 ἀπίστων
2994 4263 3280 4325 Ἰουδαίων,
3309 4261 3602 4316 ἀνάστασιν
3644 4259 3703 4313 δὲ

2144 4349 2250 4404 τῶν
2309 4354 2669 4407 πιστευόντων
2720 4354 2908 4409 ἐθνῶν.
2971 4353 3114 4408 Ἰδοὺ
3168 4347 3347 4417 οὗτος
3399 4351 3583 4404 κεῖται
3619 4352 3705 4416 εις

559 4762 668 4830 (55)
691 4762 957 4830 Ἔλεγεν.
992 4757 1083 4830 Al.
1110 4756 1370 4828 κέκραγε.
1399 4755 1565 4810 Paulo
1593 4765 1710 4827 post
1733 4771 1828 4824 pro
1859 4772 2031 4809 τεκνο·

2153 4752 2274 4830 mali
2303 4751 2515 4830 _5pecie,
2565 4749 2857 4830 (senior-em
2907 4749 3054 4803 illum
3105 4747 3515 4830 transitum,‘et
3563 4744 3707 4798 velut

486 4829 672 4900 γονίας
706 4832 776 4900 al.
818 4829 1176 4900 παιδοποιΐας.

533 4891 670 4971 ,(56)
699 4899 820 4971 Τῶν
839 4896 1094 4971 λογικῶν
1113 4897 1432 4971 ἀσταχύων
1462 4892 1898 4971 ἀντεριζόντ-ων.
1923 4891 2050 4946 Vel-

489 4981 545 5025 ut
569 4965 834 5025 secundae
886 4965 1084 5035 nuptiae
1144 4966 1336 5021 cedant
1385 4966 1438 5018 in
1490 4966 1740 5035 damnum
1794 4965 2044 5035 illorum;

486 5042 628 5112 quod
690 5033 1005 5112 plerumque
1040 5037 1256 5112 accidit.
1305 5033 1899 5112 Edita_,_éeep_t§6v'rtuv,
1959 5033 2045 5086 ubi

487 5105 750 5166 Silanus:
803 5105 1004 5176 Quippe
1056 5109 1260 5160 ratione
1297 5105 1530 5176 [traditis
1573 5106 1752 5172 spicis,
1802 5115 2046 5176 naturam

488 5191 641 5248 atque
673 5173 1020 5233 conditionem
1057 5175 1392 5248 sortientibus
1427 5175 1680 5248 diversam
1708 5188 1726 5225 :
1753 5173 1894 5240 quod
1919 5189 2047 5248 cun-

486 5243 596 5303 stat
629 5250 807 5303 minus
837 5258 1038 5316 aptum.
1067 5245 1220 5311 Quod
1245 5245 1387 5316 enim
1419 5245 1878 5316 praecipuenocet
1898 5243 2043 5309 prio-

488 5320 563 5373 ris
592 5321 690 5371 tori
716 5311 976 5386 prolibus,
999 5316 1141 5368 aliud
1169 5325 1279 5380 est;
1316 5311 1430 5383 ipsa
1453 5311 1881 5386 scilicet_induc_ti
1913 5326 2038 5363 con-

483 5387 626 5458 jugis
657 5381 943 5458 inalfectio,
975 5387 1214 5458 inquam
1251 5381 1563 5458 plerumque
1597 5383 1760 5458 etiam
1800 5381 1958 5458 alter,
1989 5391 2043 5433 et

486 5451 648 5512 'verus
676 5472 872 5526 parens
906 5451 1367 5526 declitt'at,rstudio
1410 5451 1570 5526 illius.
1602 5451 2042 5526 Repugnantibus

487 5541 637 5595 ergo,
669 5520 735 5581 ex
767 5526 872 5581 hoc
913 5526 1140 5594 aliisque
1174 5523 1547 5595 incommodis,
1574 5520 2040 5595 primisprolihns,

490 5589 595 5650 non
624 5589 787 5650 facile
833 5589 1223 5651 convola'ndum
1263 5593 1487 5648 habenti
1520 5589 1838 5660 superstites
1867 5589 2042 5660 proles

489 5665 557 5735 ad
585 5669 849 5721 secundas
899 5668 1135 5735 nuptias.
1166 5665 1480 5735 Quanquam
1517 5658 1614 5735 nec
1645 5661 1723 5714 sic
1755 5658 2042 5735 convolare

488 5734 560 5792 sit
589 5737 802 5806 proprie
826 5730 1030 5793 crimen
1064 5753 1078 5791 :
1114 5730 1216 5792 etsi
1247 5730 1671 5804 Amphilochius,
1706 5746 1772 5788 ex
1805 5730 2038 5799 quadam

2154 4815 2622 4891 prioris'conjugis
2666 4820 2969 4891 neglectam
2998 4821 3332 4891 memoriam,
3367 4815 3572 4891 crimen
3609 4829 3707 4867 vo-

2152 4885 2308 4946 carit.
2347 4885 2776 4958 Sicqne'Graeci's
2805 4888 3084 4943 invidiosae
3109 4897 3232 4958 sunt
3263 4888 3366 4958 illa}
3398 4885 3593 4950 saepius
3624 4900 3708 4936 re-

2151 4962 2329 5029 petitae
2357 4957 2578 5027 nuptiae,
2603 4969 2662 5012 ut
2694 4974 2796 5013 non
2831 4961 2989 5013 modo
3023 4974 3128 5012 non
3163 4957 3480 5011 benetlicant
3514 4969 3708 5029 secun-

2149 5024 2270 5152 ξεῖ,
2303 5030 2397 5084 sed
2425 5024 2752 5084 abhorreant
2782 5030 2988 5092 tertias,
3021 5038 3356 5099 quartasque
3384 5026 3556 5094 plenis
3583 5024 3710 5077 sub-

2149 5115 2218 5152 nc
2242 5110 2353 5152 ant.
2423 5133 2428 5137 -

2171 5110 2353 5154 tctant.
2423 5133 2428 5137 -

2142 5116 2353 5241 magi.
2376 5133 2837 5241 ’nweptfdrttur.
2863 5165 3162 5241 Cotelerius
3185 5165 3250 5219 ad
3285 5163 3509 5241 (ἷοηδιὶιἶ
3539 5169 3707 5229 apost.

2144 5236 2345 5303 libltti,
2377 5254 2493 5306 cap.
2530 5240 2587 5304 2,
2632 5239 2685 5292 in
2737 5238 3037 5305 bujusmodi
3079 5237 3254 5306 locum
3299 5237 3410 5306 hinc
3445 5236 3704 5306 adnotat:

2151 5327 2170 5380 ι
2197 5308 2301 5380 Pro
2323 5301 2720 5380 ἆντέριζόντων
2740 5301 2866 5380 edit.
2887 5305 3260 5380 Combelastat
3285 5305 3499 5373 quidem
3517 5301 3708 5380 lie-giae

2147 5370 2481 5432 bibliotheca}
2506 5370 2669 5447 codex
2696 5377 2830 5444 205;
2861 5393 2955 5443 pro
2981 5370 3328 5447 ὲτεριζόντων
3360 5387 3486 5447 vero
3511 5370 3708 5447 Βξριξςζ·

2148 5449 2310 5522 thecae
2341 5447 2454 5503 Pl’.
2492 5446 2668 5522 Paris.
2705 5439 2838 5522 tom'3
2862 5439 3001 5522 XIII,
3032 5439 3154 5516 pag.
3190 5443 3512 5522 841,-coder

2150 5518 2254 5570 Sed
2299 5518 2452 5585 longe
2493 5519 2691 5573 rectius
2729 5517 3010 5581 ambobus,
3038 5511 3183 5568 'm'eo
3238 5511 3704 5585 quidemjndicio,

2149 5586 2364 5642 codices
2394 5582 2511 5641 ⁷106
2537 5597 2590 5641 et
2633 5588 2736 5641 145
2784 5588 2980 5641 habent
3018 5583 3421 5656 ἑταιριζόντων,
3467 5582 3569 5634 hoc
3601 5591 3707 5646 est,

2148 5658 2568 5711 adulterinarum
2609 5659 2882 5726 spicarum
2930 5657 3336 5726 rationalium.s

2215 5726 2328 5799 (58)
2354 5729 2455 5782 Ἐν
2480 5727 2630 5798 ἐμοί.
2643 5715 2745 5783 ἈΙ.
2775 5727 2894 5790 ἐμέ.
2928 5726 2993 5781 Ει
3016 5741 3162 5794 mox,
3191 5724 3321 5794 περ)⁸
3345 5716 3510 5777 αὑτοῦ
3536 5715 3709 5774 λαλεῑ.
