4030 6408
319 346 393 401 57
1399 355 1653 413 ORATIO
1691 359 1756 413 IN
1795 361 1863 416 0(

1964 361 2169 418 Insui
2210 363 2458 420 DOMINI.
3466 355 3535 413 58

317 461 554 516 πτῶσιν
608 466 703 518 ναὶ
741 466 1081 523 ἀνάστασιν
1120 471 1365 525 πολλῶν
1400 475 1468 528 ἐν
1512 474 1591 540 τῷ
1624 478 1859 544 Ἰσραὴλ

1983 483 2182 548 positus
2216 492 2286 534 est
2316 484 2370 534 in
2404 482 2609 533 ruinam
2636 489 2683 532 et
2720 486 3141 531 resurrectionem
3171 476 3448 529 multorum
3478 476 3534 529 in

320 554 420 607 καὶ
443 557 533 619 είς
560 557 813 625 σημεῖον
836 561 1291 631 ἀντιλεγόμενον
1312 581 1325 594 ·
1361 567 1586 633 σημεῖον
1619 563 1882 630 ἀντιλεγό-

321 663 481 716 μενον
518 648 605 700 τὺν
638 651 869 721 σταυρὸν
898 652 1359 723 προσαγορεύσας.
1397 653 1493 705 Διά
1534 652 1618 716 τί;
1667 652 1879 722 Ἐπειδὴ

318 739 378 789 ιν
407 738 555 809 αὐτῷ
582 738 660 810 τῷ
681 742 895 812 σταυρῴ
928 743 1108 796 πολλοὶ⁵
1154 742 1259 796 τῶν
1298 744 1541 797 ἀπίστων
1581 742 1881 811 ἀντιλογίας

317 830 699 900 προσήνεγκαν
747 832 825 902 τῷ
870 833 1076 905 Κυρίῳ,
1106 835 1200 887 καὶ
1230 835 1406 903 λόγοις
1445 835 1535 888 καὶ
1561 834 1741 907 ἔργοις
1769 851 1877 887 κω-

319 920 654 989 μῳδοῦντες,
705 922 823 988 ὅξος
880 925 1209 991 ποτίζοντες,
1267 926 1427 997 χολὴν
1490 926 1874 997 προσάγοντες,

314 1012 604 1066 ἀκάνθινον
640 1014 899 1084 στέφανον
932 1016 1261 1088 περιθέντες,
1303 1017 1472 1089 λόγχῃ
1500 1015 1599 1088 τὴν
1639 1015 1877 1087 πλευρὰν

314 1102 619 1166 νύττοντες,
658 1107 812 1175 χερσὶ
854 1106 1188 1175 ῥαπίζοντες,
1228 1107 1591 1170 ὀνειδιστικοίς
1647 1106 1876 1177 βοῶντες

308 1193 493 1261 λόγοις
512 1213 524 1225 ·
560 1197 823 1263 Ἄλλους
851 1198 1107 1263 ἔσωσεν,
1141 1199 1355 1253 ἑαυτὸν
1375 1202 1446 1253 οὐ
1483 1198 1730 1252 δύναται
1760 1198 1875 1251 σῶ⁴

306 1299 433 1335 σαι.
466 1283 639 1337 Τοῦτο
666 1282 758 1339 οὖν
790 1286 1101 1357 ἑρμηνεύων
1128 1290 1157 1342 6
1182 1287 1401 1359 Συμεὼν
1436 1288 1587 1357 ἔλεγε
1607 1305 1620 1319 ·
1647 1288 1756 1344 Καὶ
1788 1291 1874 1355 εἰς

305 1373 563 1441 σημεῖον
582 1375 1057 1446 ἀντιλεγόμενον.
1083 1379 1272 1432 Πολλοὶ
1293 1380 1400 1451 γὰρ
1432 1381 1681 1433 ἀντεῖπον
1701 1398 1713 1410 ο
1744 1381 1773 1433 ὃ
1809 1398 1871 1433 τε

304 1466 516 1534 Πέτρος
538 1468 830 1537 ἠρνήσατο,
865 1469 955 1521 καὶ
980 1471 1175 1533 πάντες
1202 1471 1251 1523 οἱ
1297 1471 1583 1523 ἀπόστολοι
1617 1471 1690 1534 ὡς
1714 1471 1871 1525 ἀποί-

304 1575 487 1627 μαντα
516 1559 763 1629 πρόϐατα
784 1558 1215 1630 διεσκορπίζοντο
1237 1579 1251 1593 ⁸
1285 1563 1343 1615 ὲν
1375 1561 1452 1633 τῷ
1475 1557 1565 1615 οὖν
1598 1562 1872 1633 σταυρικῷ

302 1650 537 1718 σημείῳ.
566 1650 658 1701 καὶ
687 1650 853 1719 αὐτῆς
876 1651 975 1721 τῆς
1005 1651 1653 1724 Παρθένουιέπεπλήρωτο
1683 1655 1716 1723 ἡ
1739 1671 1872 1723 uap-

298 1739 387 1792 δία
422 1740 632 1810 λύπηςο
651 1742 730 1795 διὸ
752 1742 845 1795 καὶ
871 1743 1024 1811 ἔλεγε
1049 1760 1060 1772 ·
1091 1743 1188 1797 Διά
1213 1743 1267 1796 τί
1299 1743 1373 1814 μὴ
1398 1744 1829 1815 προετελεύτησα
1850 1762 1865 1809 ;

1981 571 2185 637 Israel;
2217 583 2266 626 et
2298 574 2353 626 in
2391 574 2595 642 signum
2622 572 2707 624 cui
2735 571 3121 623 contradicatur
3142 584 3162 623 :
3191 568 3401 637 signum
3447 567 3533 620 cui

1979 663 2386 726 contradicitur,
2425 676 2638 717 crucem
2663 661 2956 730 appellans.
2982 658 3370 727 Quamobrem?
3388 658 3531 724 Quia

1979 755 2129 808 multi
2175 753 2416 808 intideles
2464 752 2516 806 in
2570 753 2683 821 ipsa
2732 766 2890 805 cruce
2933 750 3372 806 contradixerunt
3421 749 3531 801 Do-

1978 847 2144 907 mino,
2170 852 2225 897 et
2245 845 2422 898 verbis
2440 852 2495 897 et
2519 842 2674 897 factis
2697 842 3054 907 traducentes,
3080 850 3326 910 potantes
3352 849 3527 904 aceto,

1976 934 2046 988 ιρι
2077 934 2443 998 admoventes,
2474 934 2812 1003 imponentes
2838 947 3091 988 coronam
3121 932 3382 1001 spineam,
3415 930 3531 983 lan-

1974 1041 2064 1080 cea
2098 1024 2358 1079 fodientes
2388 1026 2547 1090 latus,
2584 1023 2835 1077 manibus
2862 1024 3049 1077 dantes
3074 1022 3272 1090 alapas,
3301 1022 3527 1089 probro-

1974 1117 2048 1170 sis
2099 1115 2422 1169 clamoribus
2471 1114 2785 1183 sugillantes
2823 1132 2839 1168 :
2871 1114 3017 1166 Alias
3074 1112 3242 1165 salvos
3292 1111 3434 1180 fecit,
3474 1127 3529 1164 se

1972 1207 2140 1274 ipsum
2186 1221 2287 1259 non
2323 1212 2490 1272 potest
2527 1202 2726 1256 salvum
2748 1202 2918 1270 facere
2940 1201 3009 1254 ⁷⁸.
3050 1199 3163 1255 Hoc
3204 1213 3333 1268 ergo
3364 1213 3528 1267 expo-

1972 1312 2107 1353 nens
2131 1297 2349 1351 Simeon
2369 1336 2384 1360 ,
2424 1294 2636 1350 dicebat
2665 1312 2679 1349 :
2715 1293 2866 1347 Et-in
2911 1293 3115 1362 signum
3151 1292 3235 1344 cui
3261 1289 3528 1343 contradi-

1972 1398 2138 1441 catur.
2163 1386 2307 1439 Multi
2332 1384 2591 1454 siquidem
2612 1383 3075 1444 contradixerunt,
3097 1381 3311 1449 quando
3332 1379 3526 1433 Petrus

1971 1480 2213 1548 negavit;
2258 1478 2470 1546 quatido
2506 1490 2694 1530 omnes
2736 1473 2961 1543 apostoli
3003 1472 3145 1527 velut
3194 1487 3321 1528 oves
3343 1480 3527 1541 pasto-

1971 1587 2082 1626 rem
2108 1585 2209 1625 non
2245 1570 2527 1635 habentes,
2555 1568 2769 1622 fuerunt
2790 1566 3036 1636 dispersi.
3068 1565 3192 1620 Fuit
3212 1579 3337 1635 ergo
3361 1564 3526 1632 ipsius

1968 1664 2127 1716 etiam
2184 1661 2414 1730 Virginis
2460 1674 2555 1714 cor
2612 1659 2826 1714 tristitia
2885 1658 3194 1729 impletum,
3248 1658 3302 1713 in
3349 1656 3526 1712 crucis

1968 1755 2138 1825 signo.
2164 1752 2354 1819 Quare
2397 1752 2558 1806 etiam
2607 1750 2855 1806 dicebat:
2888 1748 3084 1820 thuid
3128 1765 3231 1805 non
3264 1749 3412 1819 prior
3440 1748 3522 1802 vi-

299 1832 399 1884 Διά
431 1832 487 1884 τί
512 1833 569 1885 δὲ
608 1832 703 1903 τὴν
735 1833 948 1904 ἡμέραν
977 1833 1176 1905 ταύτην
1221 1834 1553 1899 κατέλαϐον;
1593 1835 1863 1905 Παρθένιος

1970 1819 2049 1901 vis
2092 1844 2335 1900 excessi?
2386 1842 2515 1913 quid
2564 1844 2630 1896 ad
2682 1843 2822 1909 hanc
2868 1819 3007 1898 diem
3058 1841 3312 1910 perveni?
3359 1839 3523 1908 Virgo

302 1925 614 1993 μεμένηκα.
646 1925 738 1977 καὶ
766 1924 986 1995 μείζονα
1014 1923 1285 1996 μητρῴοις
1306 1929 1418 1990 τοῖς
1442 1926 1768 1997 σπλάγχνοις
1786 1928 1869 1981 δά-

297 2032 519 2084 κνομαι.
552 2015 786 2079 Τούτους
829 2017 953 2079 τοὺς
982 2016 1239 2087 ἀπείρους
1266 2016 1557 2088 λογισμοὺς
1593 2018 1691 2087 τῆς
1723 2020 1869 2090 Παρ-

295 2106 474 2168 θένου,
499 2106 773 2175 ῥομφαίαν
795 2109 823 2159 6
848 2106 1067 2177 Συμεὼν
1080 2108 1533 2178 προσηγόρευσεν,
1562 2109 1637 2171 ὡς
1658 2108 1869 2162 νύττον-

291 2213 393 2259 ea;
428 2197 500 2248 τὰ
529 2196 796 2263 ἐνδόσθια,
823 2198 898 2261 ὡς
940 2199 1206 2253 σκάνδαλα
1237 2200 1645 2270 προσοίσοντας,
1684 2200 1868 2263 καθὼς

291 2288 388 2341 καὶ
427 2291 459 2342 6
494 2291 699 2358 Κύριος
725 2294 979 2361 προεῖπε’
1024 2291 1251 2358 Πάντες
1280 2293 1357 2345 ἐν
1382 2293 1510 2362 ἐμοὶ
1542 2294 1868 2348 σκανδαλι-

292 2380 606 2445 σθήσεσθε
630 2382 700 2434 ἐν
727 2381 801 2449 τῇ
824 2382 997 2436 νυκτὶ
1031 2385 1213 2450 ταύτῃ
1231 2400 1243 2412 ·
1270 2382 1392 2435 ὅθεν
1415 2385 1509 2437 καὶ
1532 2386 1805 2455 ἐπήγαγεν
1839 2388 1867 2439 6

293 2472 531 2542 Sapisth
554 2473 779 2540 φάσκων
801 2490 816 2503 ⁸
867 2474 975 2527 Καὶ
1025 2474 1140 2528 σοῦ
1178 2474 1245 2527 δὲ
1286 2476 1476 2543 αὐτῆς
1505 2475 1618 2544 τὴν
1654 2477 1867 2545 ψυχὴν

292 2564 665 2619 διελεύσεται
679 2567 964 2634 ῥομφαία,
993 2566 1150 2632 ὅπως
1177 2566 1254 2619 ἂν
1275 2567 1779 2636 ἀποκαλυφθῶσιν
1796 2569 1864 2621 ἐκ

291 2653 541 2707 πολλῶν
602 2654 858 2722 καρδιῶν
918 2656 1314 2726 διαλογισμοί.
1363 2657 1506 2726 Ὅρα
1568 2657 1685 2721 πῶς
1739 2660 1864 2721 τοὺς

290 2748 558 2815 ἀπείρους
600 2747 981 2817 διαλογισμοὺς
1034 2749 1305 2819 ῥομφαίαν
1354 2750 1792 2820 προσηγόρευσεν
1835 2752 1864 2804 6

290 2838 541 2908 Συμεὼν,
576 2838 652 2901 ὡς
686 2838 971 2902 νύττοντας
1004 2840 1072 2893 τὰ
1118 2840 1381 2904 ἐνδόσθια,
1417 2840 1492 2903 ὡς
1523 2841 1863 2911 ἁπτομένους

290 2929 506 3000 νεφρῶν
540 2931 637 2984 καὶ
659 2930 886 3001 μυελῶν.
909 2930 1128 2995 Τούτοις
1154 2932 1209 2984 δὲ
1236 2932 1565 3003 περιέπεσεν
1596 2933 1628 3003 ἡ
1660 2932 1864 3002 Παρθέ-

289 3038 382 3082 νος
413 3021 604 3092 Μαρία
631 3022 762 3092 (59),
794 3022 1019 3094 μηδέπω
1039 3024 1136 3094 τὴν
1154 3024 1380 3093 δύναμιν
1402 3024 1498 3094 τῆς
1520 3024 1863 3087 ἀναστάσεως

1970 1938 2161 1999 mansi,
2201 1946 2255 1990 et
2296 1932 2641 1999 ita’manens,
2675 1934 2903 2002 majores
2932 1935 3185 1989 maternis
3226 1932 3521 1988 visceribus

1967 2029 2181 2082 dolores
2212 2027 2406 2082 sentio.
2440 2024 2611 2080 Hasce
2640 2025 2949 2080 innumeras
2975 2024 3207 2093 Virginis
3241 2023 3523 2091 cogitatio-

1967 2134 2061 2174 nes
2108 2118 2324 2173 Simeon
2354 2118 2639 2189 appellavit
2663 2118 2918 2188 gladium,
2945 2116 3090 2170 velut
3115 2130 3235 2184 quae
3262 2112 3517 2168 scandala

1966 2212 2226 2275 allatum,
2253 2212 2455 2265 viscera
2484 2211 2824 2265 vulnerarent
2847 2222 2862 2260 :
2888 2207 3333 2277 quemadmodum
3356 2207 3518 2259 etiam

1964 2302 2207 2371 pmdixit
2242 2301 2496 2355 Dominus
2526 2323 2538 2354 ;
2576 2299 2765 2354 Omnes
2803 2300 2858 2351 in
2898 2314 2979 2351 me
3012 2296 3318 2351 scandalum
3353 2297 3523 2362 patie-

1964 2392 2091 2446 mini
2136 2392 2192 2445 in
2235 2399 2383 2445 nocte
2422 2392 2525 2445 ista
2553 2391 2620 2448 ⁷⁷.
2658 2388 2806 2444 Unde
2859 2390 3021 2443 etiam
3071 2386 3264 2456 adjecit
3302 2385 3519 2441 Simeon

1965 2485 2019 2537 in
2054 2485 2167 2538 haec
2193 2482 2358 2537 verba
2385 2500 2397 2535 :
2425 2481 2493 2534 Et
2536 2490 2681 2534 tuam
2722 2481 2886 2550 ipsius
2916 2479 3145 2532 animum
3170 2477 3368 2531 doloris
3396 2476 3518 2546 gla-

1964 2576 2084 2627 dius
2128 2572 2488 2643 pertransibit,
2524 2582 2580 2625 ut
2620 2570 2909 2625 revelantur
2952 2585 3015 2624 ea:
3055 2568 3235 2621 multis
3277 2568 3521 2620 cordibus

1961 2665 2295 2733 cogitationes
2316 2663 2381 2715 ⁷⁸.
2416 2662 2549 2717 Vide
2598 2670 2659 2715 ut
2717 2660 2933 2714 Simeon
2973 2660 3281 2712 innumeras
3323 2656 3523 2725 cogita-

1965 2756 2140 2809 tiones
2171 2756 2405 2825 gladium
2432 2753 2739 2817 vocaverit;
2776 2751 2917 2804 velut
2954 2765 3071 2819 quia
3093 2749 3317 2803 ferirent
3346 2748 3520 2802 visce-

1963 2860 2058 2910 ra;
2090 2844 2235 2898 velut
2275 2858 2393 2913 quae
2432 2856 2588 2897 rencs
2631 2840 2995 2908 medullasque
3027 2838 3414 2905 contingerent.
3463 2835 3520 2889 ln

1961 2936 2060 2990 has
2087 2945 2264 2991 autem
2297 2934 2485 2990 incidit
2517 2933 2677 3005 Virgo
2707 2931 2896 2996 Maria,
2922 2930 3061 3000 quod
3091 2930 3323 2983 nondum
3356 2928 3522 2983 sciret

1960 3028 2067 3081 vim
2100 3026 2507 3082 resurrectionis
2526 3066 2540 3090 ,
2577 3025 2716 3095 quod
2738 3024 3031 3079 etiamnum
3062 3017 3518 3075 resurrectionem

289 3114 466 3167 εἰδυῖα
484 3128 497 3142 ’
528 3114 620 3167 καὶ
645 3115 726 3168 ὅτι
753 3116 819 3167 ὲκ
844 3115 1099 3182 γειτόνων
1122 3118 1155 3186 ἡ
1178 3116 1491 3178 ἀνάστασις,
1517 3115 1723 3168 οὐδέπω
1751 3118 1863 3184 ὲγί-

1964 3119 2014 3172 in
2046 3117 2343 3188 propinquo
2363 3132 2482 3172 esse
2511 3117 2799 3185 ignoraret.
2829 3112 2981 3169 Unde
3014 3119 3132 3179 post
3160 3107 3514 3163 resurrectio-

290 3220 522 3257 νωσκεν.
557 3202 719 3257 Ὅθεν
749 3204 885 3274 μετά
915 3204 1010 3275 τὴν
1059 3204 1370 3270 ἀνάστασιν,
1405 3204 1587 3257 ούκὲτι
1621 3206 1861 3274 ῥομφαία

287 3295 578 3364 δίστομος·
628 3294 744 3347 ἀλλ’
793 3294 1093 3364 εὐφροσύνη
1133 3295 1226 3349 καὶ
1251 3294 1587 3363 ἀγαλλίασις.
1629 3295 1862 3364 Σημεῖον

286 3385 471 3438 τοίνυν
524 3384 852 3453 ἀντιλογίας,
888 3385 947 3438 τὸ
990 3385 1277 3456 σταυρικὸν
1317 3389 1539 3456 σημεῖον
1572 3386 1600 3438 6
1638 3384 1862 3455 Συμεὼν

287 3477 756 3546 προσηγόρευσεν,
800 3477 857 3528 ὲν
887 3470 930 3543 ᾧ
963 3475 1134 3547 καιρῴ
1174 3474 1415 3546 ῥομφαία
1456 3476 1730 3546 λογισμῶν
1764 3476 1861 3546 τὴν

288 3566 569 3636 Παρθένον
594 3565 704 3635 (40)
726 3565 956 3635 διῆλθεν.
986 3567 1138 3619 Ἐστι
1178 3566 1233 3618 δὲ
1263 3566 1479 3631 πάντως
1510 3569 1680 3620 εἰπεῖν
1708 3584 1857 3620 τινα*

285 3656 398 3707 Καὶ
430 3654 593 3706 πόθεν
621 3657 752 3723 ἡμῖν
778 3656 810 3725 ἡ
833 3654 1135 3719 and-62th:;
1168 3654 1255 3719 Ἐξ
1283 3655 1458 3707 αὐτῶν
1486 3655 1592 3708 τῶν
1618 3656 1710 3708 τοῦ
1745 3656 1858 3707 Κυ-

289 3748 407 3817 ρίου)
444 3747 807 3817 διδαγμάτων.
846 3748 1040 3801 ’Ἄκουε
1066 3747 1229 3799 αὑτοῦ
1268 3748 1546 3816 λέγοντος·
1592 3749 1663 3802 Ἡ
1689 3749 1861 3818 γενεὰ

284 3841 463 3907 αὕτη,
497 3841 675 3909 γενεὰ
701 3840 933 3907 ποντιρά
970 3841 1128 3893 ἐστι·
1161 3838 1413 3909 σημεῖον
1462 3838 1735 3907 ἐπιζὴτεῖ,
1761 3840 1859 3893 καί

283 3933 543 4003 σημεῖον
572 3936 644 3988 οὐ
684 3934 997 3999 δοθήσεται
1049 3933 1227 4003 αὐτῇ,
1268 3936 1322 3988 ει
1358 3935 1445 4004 μὴ
1490 3933 1559 3988 τὸ
1612 3933 1862 4002 σημεῖον

298 4023 459 4080 Ἰωνᾶ
486 4025 595 4078 τοῦ
619 4024 947 4094 προφήτου.
972 4026 1198 4095 Ὠσπερ
1224 4026 1334 4095 γὰρ
1361 4022 1439 4094 ἦν
1476 4022 1669 4091 Ἰωνᾶς
1695 4025 1764 4077 ἐν
1785 4024 1860 4095 τῇ

283 4118 483 4183 κοιλίᾳ
522 4116 629 4169 τοῦ
673 4115 914 4183 κήτους.
943 4116 1130 4181 οὕτως
1165 4116 1334 4170 ἔσται
1370 4118 1468 4171 καὶ
1500 4121 1533 4171 ό
1578 4118 1711 4185 Υἱὸς
1754 4118 1859 4173 τοῦ

282 4207 603 4275 ἀνθρώπου
621 4208 690 4260 ὲν
713 4206 789 4275 τῇ
816 4207 1022 4275 καρδίᾳ
1046 4207 1155 4275 τῆς
1182 4207 1312 4277 γῆς,
1341 4208 1496 4275 τρεῖς
1522 4208 1745 4276 ἡμέρας
1762 4209 1859 4263 καί

282 4298 443 4364 τρεῖς
479 4299 727 4362 νύκτας.
775 4298 936 4368 Ὁρᾷς
973 4296 1090 4359 πῶς
1132 4296 1192 4349 τὸ
1220 4298 1507 4369 σταυρικὸν
1538 4298 1711 4362 πάθος
1759 4315 1857 4368 ση-

284 4390 435 4455 μεῖον
464 4384 899 4457 προσηγορεύθη,
929 4386 987 4437 ού
1024 4384 1181 4454 μόνον
1208 4386 1265 4438 ἐν
1286 4388 1351 4456 τῇ
1382 4388 1555 4457 Καινῇ
1583 4385 1853 4457 Διαθήκῃ,

1964 3224 2112 3273 nem,
2143 3223 2247 3262 non
2270 3208 2380 3276 jam
2425 3208 2651 3277 amplius
2691 3206 2897 3273 gladius
2947 3215 3167 3270 anceps,
3211 3200 3301 3254 sed
3333 3198 3517 3252 laetitia

1962 3308 2122 3368 atque
2146 3298 2433 3353 exsultatio
2468 3308 2573 3351 est.
2609 3295 2828 3367 Signum
2858 3294 3020 3364 igitur
3053 3290 3518 3356 contradictionis,

1960 3391 2139 3446 crucis
2167 3392 2375 3459 signum
2418 3388 2640 3443 Simeon
2676 3386 2980 3458 appellavit,
3020 3399 3126 3450 quo
3154 3394 3392 3452 tempore
3429 3398 3520 3439 co-

1960 3483 2277 3554 gitationum
2315 3480 2523 3550 gladius
2562 3476 2834 3548 Virginem
2865 3476 3122 3547 pervasit.
3163 3474 3268 3529 Sed
3298 3487 3520 3543 prorsus

1961 3573 2155 3643 aliquis
2180 3572 2363 3627 dicat:
2402 3570 2551 3626 Unde
2588 3584 2715 3624 vero
2754 3569 2866 3623 haec
2908 3563 3407 3622 demonstraveris?
3444 3563 3520 3617 Es

1961 3664 2075 3733 ipsa
2114 3661 2322 3716 Domini
2360 3661 2621 3715 doctrina.
2649 3658 2781 3712 Audi
2814 3657 2960 3711 illum
2996 3655 3265 3710 dicentem
3308 3671 3322 3708 :
3356 3652 3524 3708 Oenea

1962 3753 2104 3806 ratio
2141 3753 2277 3817 hac,
2309 3753 2572 3821 generatio
2606 3766 2823 3818 nequam
2854 3757 2928 3803 est
2954 3763 2972 3801 :
2999 3748 3203 3816 signum
3236 3746 3446 3817 quierit,
3471 3754 3522 3799 et

1963 3844 2169 3911 signum
2200 3860 2302 3896 non
2327 3842 2543 3895 dabitur
2577 3843 2645 3905 ei,
2686 3841 2786 3893 nisi
2824 3841 3026 3910 signum
3056 3839 3209 3893 Iona:
3234 3837 3519 3907 prophetw.

1960 3928 2105 3983 Sicut
2156 3930 2292 3982 enim
2331 3929 2426 3996 fuit
2463 3928 2630 3982 Jonas
2660 3929 2714 3981 in
2744 3938 2918 3981 ventre
2946 3927 3044 3980 ceti
3073 3942 3091 3980 :
3119 3927 3196 3981 sic
3221 3926 3316 3980 erit
3349 3923 3523 3980 Filius

1961 4018 2188 4071 hominis
2212 4017 2265 4070 in
2296 4017 2457 4071 corde
2487 4028 2661 4080 terrae,
2688 4015 2851 4069 tribus
2872 4016 3053 4069 diebus
3082 4025 3128 4068 et
3157 4014 3319 4068 tribus
3352 4014 3523 4066 nocti-

1961 4108 2055 4161 bus
2106 4109 2176 4162 τ’.
2212 4107 2376 4162 Vides
2424 4115 2483 4160 nt
2530 4107 2707 4161 crucis
2755 4104 3074 4174 supplicium
3116 4103 3315 4158 dictum
3362 4100 3524 4155 fuerit

1928 4176 2195 4272 .signum,
2227 4214 2333 4253 non
2368 4198 2537 4252 solum
2578 4196 2632 4251 in
2664 4195 2811 4250 Novo
2838 4194 3203 4257 Testamento,
3238 4191 3330 4247 sed
3356 4192 3521 4248 etiam

1961 4293 2014 4345 in
2042 4290 2264 4347 Veteri?
2304 4291 2602 4344 Admodum
2643 4290 2785 4344 enim
2843 4294 3139 4342 consonant
3161 4294 3338 4339 vetera
3372 4280 3522 4338 Novo

1959 4383 2323 4438 Testamento.
2359 4380 2748 4446 Quamobrem?
2781 4378 2914 4446 Quia
2948 4391 3087 4432 unus
3118 4385 3173 4431 et
3208 4377 3346 4432 idem
3384 4374 3523 4430 Deus

280 4479 418 4531 sua
450 4480 547 4532 καὶ
582 4480 641 4530 ὲν
671 4480 735 4549 τῇ
762 4476 999 4548 Halani;
1022 4477 1233 4548 Σφόδρα
1261 4477 1369 4548 γὰρ
1397 4478 1464 4531 τά
1493 4477 1692 4532 παλαιὰ
1720 4496 1857 4547 συμ-

1964 4482 2063 4532 est.
2096 4473 2187 4542 qui
2229 4471 2317 4525 illa
2355 4471 2555 4531 sanxit.
2595 4480 2649 4525 et
2682 4469 2767 4524 hic
2800 4468 3088 4524 ordinavit.
3122 4466 3253 4533 Quis
3279 4479 3407 4520 vero
3438 4465 3521 4520 bis

280 4573 456 4639 φωνεῖ
583 4569 716 4640 Νέᾳ.
748 4569 843 4622 Διά
866 4569 946 4634 τί;
993 4569 1208 4639 Ἐπειδὴ
1246 4564 1326 4632 εἷς
1355 4571 1447 4623 καὶ
1471 4572 1500 4623 6
1531 4570 1691 4633 αὐτὸς
1722 4571 1854 4635 Θεὸς

278 4664 307 4713 ὁ
334 4665 571 4717 κάκεῖνα
600 4662 980 4737 νομοθετήσας,
1013 4663 1107 4717 καὶ
1144 4658 1245 4716 ὦδε
1277 4662 1601 4735 βραϐεύσας.
1631 4664 1741 4716 Καὶ
1770 4665 1853 4727 τίς

279 4754 494 4819 τούτοις
536 4755 779 4825 μάρτυς;
824 4755 993 4819 Αὐτὸς
1029 4758 1057 4809 6
1089 4755 1308 4826 Κύριος.
1345 4756 1542 4809 Ἀκουε
1572 4755 1736 4808 αὑτοῦ
1767 4756 1851 4808 λέ-

277 4863 472 4915 γοντος
500 4847 560 4897 ὲν
586 4844 669 4914 τῷ
696 4846 945 4916 προφήτῃ
979 4844 1252 4914 Ἰεζεκιὴλ,
1278 4842 1412 4913 πρὸς
1438 4843 1565 4906 τοὺς
1597 4842 1852 4914 θεριστὰς

280 4938 571 5006 ἀγγέλους,
600 4937 701 5006 τὴν
739 4936 1030 5007 καθολικὴν
1065 4936 1370 4989 συντέλειαν
1411 4934 1724 5005 μηνύοντος,
1758 4933 1853 4986 οὖ-

280 5049 357 5083 τω
385 5030 595 5097 λέγων·
635 5029 731 5097 Μὴ
783 5032 1076 5099 φείσησθε
1120 5029 1244 5096 τοῖς
1294 5028 1618 5099 ὀφθαλμοῖς
1664 5024 1852 5097 ὑμῶν,

1962 4564 2111 4618 testis
2141 4561 2336 4617 fuerit?
2363 4562 2481 4632 Ipse
2514 4562 2794 4616 Dominus.
2833 4560 2966 4615 Audi
2999 4559 3143 4615 enim
3182 4572 3302 4613 eum
3333 4557 3520 4611 dicen-

1960 4664 2067 4707 tem
2108 4653 2162 4707 in
2202 4653 2455 4722 propheta
2506 4650 2788 4705 Ezechiele
2840 4650 2907 4703 ad
2959 4650 3176 4719 angelos
3223 4660 3515 4711 messores,

1960 4745 2085 4798 dum
2118 4743 2475 4797 universalem
2506 4740 3022 4797 consummationem
3050 4738 3372 4793 annuntians
3403 4738 3517 4790 ait:

1963 4836 2045 4890 Ne
2072 4838 2267 4903 parcite
2291 4834 2457 4889 oculis
2504 4835 2706 4895 vestris,
2754 4844 2801 4885 et
2851 4849 2914 4887 ne
2958 4830 3275 4885 miseremini
3323 4844 3521 4891 senem,

1960 4944 2117 4999 neque
2150 4928 2402 4994 iuvenem,
2432 4941 2592 4993 neque
2622 4926 2888 4993 virginem,
2926 4932 2973 4976 et
3001 4937 3219 4989 puerum
3254 4933 3299 4974 et
3326 4918 3518 4972 mulie-

1960 5032 2039 5072 res
2061 5017 2335 5086 iuterﬁcite
2357 5015 2425 5070 ad
2449 5017 2869 5069 internecionem.
2898 5013 3003 5066 Eos
3027 5023 3197 5066 autem
3212 5011 3299 5079 qui
3314 5011 3521 5079 signum

350 5216 397 5245 ⁷⁸
422 5214 616 5267 Matth.
645 5211 926 5276 xxvu,42.
999 5211 1044 5243 ⁷⁷
1084 5209 1269 5263 Matth.
1318 5224 1465 5274 sxw,
1513 5207 1603 5263 51.
1676 5207 1724 5240 ’⁸
1763 5205 1863 5261 Lut

1972 5242 1986 5267 ,
2019 5199 2108 5254 ‘55.
2183 5198 2230 5230 ⁷⁸
2269 5196 2400 5251 Luc.
2437 5212 2511 5264 iu,
2546 5195 2635 5259 29,
2664 5196 2767 5261 '50;
2806 5193 2992 5248 Matth.
3038 5209 3137 5257 xu,
3186 5191 3274 5258 59,
3316 5190 3409 5245 40.

352 5347 463 5413 (39)
499 5345 734 5410 Τούτοις
745 5344 811 5396 δὲ
821 5342 1171 5410 περιέπεσεν
1190 5342 1227 5410 ἡ
1242 5344 1540 5409 Παρθένος
1554 5341 1767 5409 Μαρία.
1783 5340 1854 5394 1η

288 5412 374 5468 has
415 5423 594 5467 autem
636 5415 815 5467 insidit
857 5413 1009 5483 Virgo
1032 5412 1851 5481 Maria:netupe,cogitationes,

290 5486 444 5553 gladii
498 5486 673 5537 instar
721 5482 961 5537 animam
1005 5488 1405 5553 pervadentes,_
1435 5482 1573 5553 quod
1623 5485 1853 5533 nondum

290 5548 430 5608 Eciret
465 5556 568 5608 vim
597 5548 1018 5607 resurrectionis.
1041 5551 1108 5605 Et
1142 5554 1253 5606 haec
1281 5551 1348 5604 ab
1371 5548 1599 5618 Origene
1631 5562 1850 5618 accepta

294 5624 428 5677 hom.
465 5624 533 5677 i7
568 5623 623 5676 in
664 5623 793 5676 Luc.
838 5637 944 5677 non
996 5622 1272 5689 probanda
1317 5622 1602 5680 sententia,
1653 5621 1704 5673 in
1741 5636 1846 5688 qua

293 5693 442 5769 etiam
483 5693 583 5769 fuit
618 5692 855 5769 erillus
894 5700 967 5769 e_t_
992 5690 1106 5769 alii.
1153 5691 1334 5745 Potuit
1364 5704 1513 5769 sane,
1560 5690 1704 5769 nulla
1751 5690 1844 5751 tali

300 5761 589 5831 ignorantia
615 5759 872 5820 laborans
922 5761 1110 5829 Maria,
1144 5759 1533 5833 compassionis
1564 5759 1758 5815 alIectu
1789 5766 1844 5815 et

1960 5331 2222 5389 maternis
2256 5329 2572 5394 visceribus,
2604 5330 2716 5384 dira
2750 5328 2837 5383 illa
2881 5328 3000 5382 Filii
3043 5328 3289 5397 passione
3332 5326 3522 5382 intime

1958 5402 2220 5465 cruciari;
2250 5409 2307 5453 ut
2332 5402 2493 5455 etiam
2515 5417 2577 5454 ex
2603 5400 2717 5454 zelo
2737 5399 2930 5453 divinae
2958 5400 3338 5468 gloriae,quam
3367 5407 3516 5468 tanta

1959 5475 2013 5528 in
2047 5472 2229 5527 Jesum
2266 5471 2559 5539 parricidio
2606 5469 2919 5539 Judteorutn
2958 5469 3171 5523 videbat
3199 5467 3515 5539 immaniter

1958 5537 2301 5607 conculcari;
2329 5548 2386 5593 ut
2436 5555 2503 5593 ne
2533 5540 2843 5594 scandalum
2891 5537 3064 5591 dicam
3108 5540 3159 5591 in
3192 5537 3518 5607 crucelutu-

1960 5628 2100 5674 rum,
2128 5611 2193 5664 ad
2225 5606 2365 5678 quod
2401 5612 2670 5679 prwcipue
2722 5608 2938 5663 Sinteon
2991 5609 3255 5677 respicere
3281 5606 3512 5660 videtur.

1954 5681 2225 5739 Videndus
2256 5678 2417 5743 Beda,
2451 5690 2556 5734 etc.

2024 5750 2134 5822 (40)
2174 5752 2219 5805 Τ
2214 5749 2293 5817 ὴν
2322 5750 2644 5819 Παρθένον.
2668 5748 2750 5803 Al.
2773 5748 2883 5821 Τὴν
2905 5747 3078 5820 ψυχὴν
3095 5748 3190 5818 τῆς
3214 5744 3506 5819 Παρθένου.
