4030 6408
488 342 556 395 ἷθ
1433 350 1492 404 S.
1537 349 1986 408 AMPHILOCHII
2029 352 2409 411 lCONlENSIS
2446 352 2758 412 EPISCOPI
3636 351 3710 408 (ίο

485 468 688 528 gestant
709 457 767 514 in
796 459 1076 532 frontibus,
1112 478 1173 517 ne
1209 463 1480 532 tetigeritis
1495 464 1564 518 '°.
1603 464 1732 521 Vide
1757 467 1967 536 signum
1993 479 2045 522 et

2163 467 2247 521 ml
2300 466 2386 536 μὴ
2429 467 2723 536 ἐλεήσητε
2775 468 3134 536 πρεσϐύτην,
3184 465 3339 536 μηδὲ
3382 465 3710 520 νεανίσκον

493 549 698 607 Veteris
735 563 791 606 et
825 551 956 607 Novi
1001 552 1368 618 Testamenti;
1417 565 1500 608 est
1545 555 1689 610 enim
1743 558 1855 625 ipsa
1911 573 2042 612 crux

488 657 608 709 qua‘
638 642 809 697 salvat
835 643 1106 708 mundum,
1137 660 1232 714 per
1251 644 1432 701 Jesum
1455 645 1726 700 Christum
1755 647 2038 702 Dominum

491 742 731 788 nostrum
783 757 794 790 :
829 735 914 789 cui
944 737 1111 806 gloria
1141 746 1196 792 et
1221 737 1523 807 imperium,
1552 752 1692 793 nunc
1725 747 1777 792 et
1805 753 2040 810 semper,

489 831 545 878 et
578 825 630 878 in
664 826 855 880 saecula
887 829 1223 882 saeculorum.
1257 831 1450 883 Amen.

2147 558 2244 611 καὶ
2268 559 2564 627 παρθένον
2581 574 2595 587 ·
2621 560 2720 612 καὶ
2750 557 3004 621 παιδίον,
3028 557 3126 610 καὶ
3147 557 3431 624 γυναῖκας
3451 557 3711 610 θανατώ-

2146 666 2294 704 σατε
2342 653 2429 716 είς
2461 649 2796 718 ἐξάλειψιν.
2837 652 2964 718 Τοῖς
3007 651 3076 704 δὲ
3120 648 3564 718 ἐπιφερομένοις
3607 647 3705 700 ἐπὶ

2147 738 2265 792 τῶν
2283 737 2570 806 μετώπων
2603 739 2668 792 τὸ
2694 739 2964 808 σημεῖον,
2991 739 3077 809 μὴ
3100 739 3358 807 ἄψησθε.
3388 736 3493 788 Ἴδε
3526 734 3585 786 τὸ
3612 750 3678 801 ση

2152 833 2300 900 μεῖον
2343 829 2440 898 τῆς
2479 830 2718 892 natura;
2751 829 2844 882 καὶ
2881 829 2980 898 τῆς
3013 829 3174 891 Νέας.
3224 826 3393 889 Αὐτὸς
3420 825 3528 895 γάρ
3561 825 3709 876 ἐστιν

490 917 519 968 6
573 917 803 989 σταυρὸς
853 921 883 972 6
932 919 1022 974 τὸν
1075 920 1277 992 κόσμον
1327 919 1550 985 σώζωνο
1595 919 1682 974 διά
1727 918 1902 991 Ἰησοῦ
1958 919 2053 974 τοῦ
2095 920 2328 992 Χριστοῦ
2369 921 2462 975 τοῦ
2509 923 2710 994 Κυρίου
2749 921 2925 992 ἡμῶν,
2971 914 3016 989 ᾧ
3082 923 3115 991 ἡ
3171 917 3297 984 δόξα
3333 918 3427 973 καὶ
3473 917 3534 971 τὸ
3571 915 3709 986 κρά-

490 1025 600 1076 τος,
635 1009 730 1064 νῦν
762 1010 854 1065 καὶ
882 1011 991 1077 ἀεὶ,
1022 1012 1116 1064 καί
1166 1014 1245 1074 είς
1287 1013 1414 1074 τοὺς
1458 1012 1659 1076 αίῶνας
1694 1011 1804 1066 τῶν
1829 1009 2056 1067 αἰώνων.
2099 1013 2290 1083 Ἀμήν.

1072 1100 1328 1156 ORATIO
1369 1099 1454 1156 III.
1513 1123 1518 1126 ·

838 1191 904 1247 In
930 1191 1190 1246 Lazarum
1211 1195 1616 1262 quatriduanum
1630 1193 1695 1247 ⁸⁸.

568 1280 610 1337 1.
649 1282 838 1339 Profer
886 1300 1096 1340 rursum
1135 1285 1187 1338 in
1232 1285 1466 1338 medium
1515 1283 1771 1340 Joannem
1824 1297 2052 1354 evange-

494 1373 694 1428 listam.
752 1374 956 1428 Bonum
1001 1385 1085 1430 est
1131 1385 1187 1430 ut
1238 1377 1640 1433 consideremus
1693 1375 2046 1430 resurrectio-

497 1467 581 1522 nis
619 1468 898 1537 primitias.
939 1469 1146 1524 Audisti
1195 1472 1338 1524 enim
1387 1485 1556 1539 nuper
1586 1469 1888 1524 dicentem:
1918 1468 2048 1520 Ante

2781 1099 2996 1152 ΛΟΓΟΣ
3028 1099 3102 1152 Γθ.

2432 1192 2536 1258 Eli;
2576 1189 2684 1245 τὸν
2728 1189 3121 1259 τεηκαήμερον
3150 1186 3429 1257 Λάζαρον.

2221 1281 2300 1338 Λ’.
2322 1283 2456 1356 Φέρε
2471 1285 2628 1337 πάλιν
2645 1284 2722 1346 είς
2737 1284 2896 1354 μέσον
2916 1285 3007 1336 τὸν
3027 1281 3410 1353 εὑαγγελιστὴν
3438 1280 3707 1352 Ἰωάννηνο

2152 1373 2312 1427 καλὸν
2348 1374 2453 1443 γὰρ
2485 1373 2580 1443 τὴν
2615 1373 2862 1444 ἀπαρχὴν
2905 1373 3003 1444 τῆς
3046 1373 3388 1433 ἀναστάσεως
3419 1371 3708 1442 σκοπῆσαι.

2144 1467 2387 1528 ⁸Ἥκουες
2423 1464 2530 1534 γάρ
2565 1465 2727 1544 αὑτοῦ
2773 1465 2975 1536 ἀρτίως
3009 1464 3250 1532 λέγοντος
3273 1481 3286 1494 ·
3322 1463 3441 1530 Πρὸ
3469 1463 3538 1526 ἐξ
3570 1464 3712 1532 ἠμε-

495 1575 587 1614 sea:
630 1560 740 1615 dies
789 1560 1010 1618 Pascha:
1066 1565 1201 1618 venit
1221 1562 1376 1617 Iesus
1414 1562 1752 1624 Belltaniam,
1806 1560 1895 1613 ubi
1937 1567 2048 1612 erat

2163 1555 2268 1609 οών
2295 1555 2401 1610 τοῦ
2426 1556 2658 1624 Πάσχα,
2702 1552 2887 1626 ἦλθεν
2925 1559 2958 1609 ό
3008 1556 3235 1623 Ἰησοῦς
3271 1559 3358 1621 είς
3388 1557 3709 1621 Βηθανίαν,

499 1649 738 1707 Lazarus
793 1671 942 1723 quem
996 1657 1258 1710 suscitavit
1317 1673 1350 1708 a
1391 1655 1625 1707 mortuis
1669 1653 1736 1707 “.
1807 1649 2050 1705 Vidistin'

2151 1644 2302 1698 ὅπου
2327 1641 2405 1715 ἦν
2426 1643 2704 1712 Λάζαρος,
2735 1644 2806 1697 ὃν
2829 1644 3061 1714 ἤγειρεν
3085 1646 3154 1699 ἐκ
3174 1643 3416 1713 νεκρῶν.
3449 1645 3582 1707 Ἴδες
3613 1644 3712 1715 τὴν

501 1743 912 1797 resurrectionis
935 1745 1222 1814 primitias,
1249 1741 1569 1812 praecedenti
1603 1749 1727 1808 typo
1757 1738 1809 1791 in
1842 1736 2048 1790 Lazaro

2163 1735 2398 1806 Ξιπαρχὴν
2419 1737 2516 1806 τῆς
2541 1737 2885 1799 ἀναστάσεως
2905 1738 2962 1789 ἐν
2984 1737 3217 1809 Λαζὰρῳ
3244 1737 3710 1809 πφτυπωθεῖσαν,

504 1837 836 1908 designatas,
863 1851 995 1905 quas
1016 1835 1264 1904 cognovit
1297 1833 1466 1888 ﬁdelis
1511 1831 1775 1901 populus?
1812 1831 2049 1900 Agnove-

504 1936 624 1979 runt
667 1927 854 1992 turbae,
898 1935 951 1980 et
991 1925 1269 1994 pontiﬁces
1309 1921 1625 1976 miraculum
1666 1917 2052 1974 transferentes

501 2017 552 2070 in
577 2019 910 2072 occasionem
937 2015 1168 2076 invidiae,
1195 2012 1408 2082 probris
1437 2012 1684 2068 insectati
1717 2019 1859 2066 sunt.
1886 2007 2050 2062 Plane

505 2106 812 2161 inviderunt
855 2107 1112 2160 suscitato
1153 2102 1382 2167 Lazaro,
1429 2119 1552 2158 cum
1578 2113 1698 2173 post
1725 2103 1840 2170 ejus
1877 2115 2053 2154 resur-

505 2195 797 2250 rectionem
826 2210 984 2264 quam
1012 2194 1233 2258 audisti,
1274 2193 1556 2247 consilium
1599 2193 1814 2245 inierint
1849 2199 1906 2244 ut
1930 2204 2052 2242 eum

502 2285 882 2342 interﬁcerent.
912 2285 1154 2339 Vidistin’
1177 2295 1584 2353 exsuperantem
1615 2283 1867 2337 invidiam
1892 2282 1915 2335 ?
1957 2280 2056 2334 Co-

508 2381 815 2450 gitaverunt
857 2381 954 2451 ipsi
993 2381 1314 2448 interﬁcere,
1343 2396 1498 2449 quem
1533 2381 1787 2435 Dominus
1830 2379 2056 2433 suscita-

505 2481 656 2526 verat
678 2471 756 2538 ⁸³;
787 2487 888 2524 non
912 2473 1110 2525 conscii
1141 2471 1275 2538 fore,
1307 2481 1362 2524 ut
1388 2470 1631 2540 quamvis
1668 2469 2052 2532 interfecerint,

508 2561 666 2615 facile
719 2561 789 2616 sit
843 2561 1066 2615 Domino
1109 2571 1167 2615 ut
1209 2563 1418 2618 lterum
1463 2561 1695 2615 amicum
1753 2559 2052 2616 resusritet.

507 2652 797 2707 Consilium
843 2653 1075 2710 inierunt
1109 2666 1165 2707 ut
1192 2654 1452 2708 Lazarum
1492 2655 1872 2708 interﬁcerent.
1917 2653 2055 2708 Nihil

504 2743 578 2797 ita
607 2743 884 2798 mordebat
910 2743 1119 2799 Iudaeos
1148 2744 1285 2799 sicut
1321 2745 1642 2800 resurrectio
1676 2744 1887 2798 Lazari.
1923 2743 2057 2798 Huic

505 2833 598 2888 uni
628 2833 884 2888 miraculo
925 2834 1270 2902 nequiverant
1305 2834 1624 2888 calumniam
1651 2833 1866 2888 inferre.
1917 2833 2053 2888 Caeci

505 2937 535 2976 a
569 2921 845 2976 uativitate
896 2921 1332 2976 illuminationem
1379 2921 1591 2976 fuerant
1617 2922 1944 2986 calumniati,
1981 2922 2057 2976 di-

505 3023 726 3067 centes:
758 3011 856 3065 Ηίε
884 3023 958 3066 est
983 3030 1001 3066 :
1024 3030 1126 3065 non
1151 3023 1223 3066 est
1237 3014 1337 3077 hic,
1363 3013 1550 3066 similis
1575 3013 1620 3066 ei
1642 3023 1714 3066 est
1742 3014 1808 3064 ⁸⁸.
1828 3012 2058 3066 Fuerant
2085 3049 2129 3110 Ο

505 3103 811 3158 calumniati
851 3104 1246 3158 suscitationent
1295 3105 1417 3160 ﬁlia:
1459 3105 1614 3168 Jairi,
1667 3103 1912 3157 dicentes
1939 3118 2060 3171 gra-

506 3193 642 3248 viori
697 3195 1000 3262 depressam
1055 3208 1263 3257 somno,
1316 3209 1419 3249 non
1459 3203 1833 3249 consummato
1867 3193 2060 3244 morbo

507 3282 672 3339 fuisse
711 3284 956 3338 traditam
987 3283 1053 3336 ⁸⁵.
1087 3282 1502 3338 Suscitationem
1550 3283 1641 3337 lilii
1674 3283 1846 3336 viduae
1877 3281 2063 3350 unige-

513 3375 607 3429 niti
638 3375 850 3430 fuerant
871 3375 1204 3440 calumniati,
1233 3376 1471 3430 dicentes
1505 3374 1786 3428 simulasse
1812 3382 2061 3437 mortem,

510 3481 615 3522 non
656 3467 848 3522 mortis
886 3468 1194 3536 absorptum
1228 3466 1512 3536 tyrannide
1537 3465 1602 3520 ⁸⁸.
1637 3464 1970 3518 Exsiccatam
2005 3462 2066 3514 ﬁ-

515 3571 638 3612 cum
687 3557 1000 3612 calumniati
1042 3566 1216 3621 erant,
1253 3559 1492 3610 dicentes
1521 3555 1727 3609 aruisse
1750 3554 1889 3606 velut
1920 3553 2064 3607 acci-

511 3663 646 3715 sam,
689 3663 793 3704 non
829 3649 1080 3703 siccatam
1133 3662 1379 3702 sermone
1411 3647 1684 3700 Dominiro
1707 3645 1774 3697 8'.
1807 3648 1972 3714 Aqua:
2011 3643 2065 3696 in

511 3740 690 3792 vinum
737 3740 1015 3794 mutationi
1073 3739 1360 3794 intulerant
1410 3739 1766 3802 calumniam,
1827 3738 2068 3791 dicentes

507 3829 617 3898 jam
644 3830 696 3883 in
720 3843 872 3884 caena
899 3830 1307 3885 temulentorum
1334 3847 1444 3884 rem
1469 3844 1606 3890 esse,
1635 3845 1733 3882 nec
1763 3829 2066 3882 irrisionem

513 3919 923 3989 percipientium
951 3919 998 3951 ⁸⁸
1021 3937 1035 3974 :
1063 3920 1162 3974 soli
1186 3919 1515 3973 suscitationi
1539 3919 1726 3973 Lazari
1758 3935 1860 3973 non
1887 3928 2070 3988 potue-

517 4022 640 4064 rant
674 4010 893 4066 inferre.
927 4008 1182 4064 Viderunt
1211 4010 1381 4076 ipsum
1414 4009 1710 4063 Lazarum:
1737 4011 1818 4062 vir
1844 4010 2070 4078 insignis

519 4111 910 4171 erattpompze
971 4100 1176 4154 funebri
1236 4099 1448 4152 fuerant
1501 4102 1766 4164 comites;
1832 4101 2071 4153 viderant

518 4192 782 4256 signatum
839 4190 1164 4258 sepulcrum,
1218 4188 1430 4242 fuerant
1483 4205 1578 4258 pro
1624 4205 1772 4244 more
1808 4191 2068 4244 consolati

521 4282 663 4336 velut
703 4282 752 4335 in
787 4281 1150 4350 parentalibus
1197 4292 1250 4334 et
1299 4279 1562 4333 demortui
1609 4281 1784 4350 epulo.
1838 4279 2073 4335 Fuerant

2150 1827 2215 1896 ἣν
2263 1828 2292 1878 6
2333 1825 2521 1890 πιστὸς
2569 1826 2723 1896 ὄχλος
2763 1825 3084 1898 ἐγνώρισενς
3126 1829 3189 1881 Oi
3216 1827 3362 1897 δχλοι
3391 1827 3712 1898 ἐγνώρισαν,

2150 1917 2242 1968 καὶ
2267 1916 2316 1968 οἱ
2340 1917 2610 1988 ἀρχιερεῖς
2641 1916 3002 1987 ἐλοιδόρησαν,
3034 1917 3131 1986 τὴν
3163 1917 3600 1988 θαυματουργίαν
3636 1919 3716 1980 εἰς

2153 2006 2448 2076 βασκανίαν
2505 2005 2912 2076 μεταϐαλόντες.
2979 2009 3184 2072 Ὄντως
3242 2009 3545 2062 ὲϐάσκαναν
3617 2009 3714 2080 τὴν

2151 2097 2444 2149 ἀνάστασιν
2476 2097 2748 2168 Λαζάρου,
2787 2099 2866 2151 ὅτι
2905 2099 3039 2168 μετά
3077 2100 3173 2169 τὴν
3210 2099 3502 2152 ἀνάστασιν
3529 2101 3713 2164 αὑτοῦ,

2151 2183 2218 2259 ἧς
2250 2191 2464 2259 ηκουες,
2502 2189 2979 2243 συνεϐουλεύσαντο
3010 2192 3170 2244 αὐτὸν
3206 2193 3539 2246 ἀποκτεῖναι.
3581 2193 3718 2257 Ἰδες

2156 2280 2448 2349 βασκανίας
2481 2280 2816 2350 ὑπερϐολήν;
2847 2283 2940 2334 Ὃν
2985 2284 3012 2335 6
3057 2283 3258 2353 Κύριος
3292 2285 3530 2354 ἤγειρεν,
3565 2284 3716 2337 αὐτοὶ

2155 2371 2464 2423 ἀποκτεῖναι
2498 2370 2864 2440 διενοήθησαν,
2894 2373 2966 2442 μὴ
2993 2374 3304 2438 συνειδότες,
3333 2376 3412 2428 ὃτι
3437 2376 3538 2427 κᾶν
3562 2375 3717 2428 αὐτοὶ

2156 2462 2552 2524 ἀποκτείνουσι,
2586 2461 2745 2514 πάλιν
2774 2461 2971 2530 κοῦφον
2999 2463 3074 2533 τῷ
3096 2464 3282 2536 Κυρίῳ
3307 2465 3601 2530 ἀναστῆσαι
3628 2465 3718 2517 τὸν

2157 2551 2886 2622 φίλονκρΛΣυνεϐουλεύταντο
2946 2553 3034 2606 τὸν
3087 2555 3332 2625 Λάζαρον
3381 2558 3716 2610 ἀποκτεῖναι.

2157 2650 2319 2702 Οὐδὲν
2356 2648 2524 2711 οὕτως
2574 2648 2857 2718 ὲδρίμυττε
2888 2649 3013 2711 τοὺς
3059 2649 3362 2713 Ἰουδαίους,
3405 2651 3478 2712 ὼς
3511 2656 3544 2719 ἡ
3587 2650 3720 2703 ἀνά-

2159 2757 2343 2803 στασις
2370 2740 2462 2792 τοῦ
2489 2739 2758 2810 Λαζάρου.
2781 2740 2949 2793 Τοῦτο
2976 2741 3133 2810 μόνον
3158 2741 3218 2794 τὸ
3242 2741 3422 2810 θαῦμα
3453 2743 3550 2794 οὐκ
3574 2743 3722 2812 ἴσχυ-

2160 2848 2257 2884 σαν
2287 2831 2702 2900 συκοφαντῆσαι.
2735 2831 2844 2902 Τὴν
2878 2831 3166 2901 ἀνάϐλεψιν
3209 2831 3302 2884 τοῦ
3343 2834 3406 2884 ὲκ
3459 2834 3721 2900 γεννητῆς

2160 2921 2352 2989 τυφλοῦ
2383 2923 2820 2994 ὲσυκοιράντησαν
2843 2922 3089 2992 λέγοντες
3112 2940 3127 2954 ·
3163 2919 3349 2989 Οὗτός
3375 2925 3544 2976 ἐστιν
3565 2940 3578 2953 ο
3608 2927 3722 2990 οὐχ

2159 3012 2335 3080 οὗτός
2362 3017 2530 3070 ἐστιν
2552 3033 2566 3046 ο
2599 3016 2794 3084 ὅμοιος
2821 3016 3004 3071 αὐτοῦ
3026 3018 3214 3070 ἐστιν.
3244 3017 3352 3079 Τὴν
3383 3017 3593 3086 ἔγερσιν
3624 3016 3724 3085 τῆς

2163 3105 2424 3179 θυγατρὸς
2462 3109 2670 3177 Ἰαήρου
2696 3108 3136 3178 ἐσυκοφάντησαν
3173 3106 3305 3178 (41),
3341 3107 3606 3174 λέγοντες,
3647 3107 3724 3167 ὡς

2161 3199 2484 3271 κατηνέχθη,
2543 3202 2634 3255 καὶ
2677 3201 2737 3254 οὐ
2783 3201 2970 3271 τελείῳ
3021 3201 3234 3272 θανάτῳ
3289 3201 3576 3272 παρεδόθη.
3613 3201 3723 3270 Τὴν

2162 3291 2452 3344 ἀνάστασιν
2477 3291 2570 3344 τοῦ
2605 3291 2720 3344 υἱοῦ
2760 3291 2859 3361 τῆς
2906 3295 3078 3363 χήρας
3109 3292 3202 3345 τοῦ
3248 3292 3561 3362 μονογενοῦς
3596 3294 3723 3344 ἐσυ-

2163 3379 2502 3450 κοφάντησαν
2533 3379 2798 3446 λέγοντες,
2830 3381 2904 3442 ὡς
2931 3381 3021 3432 τὸν
3051 3379 3274 3432 θάνατον
3304 3377 3723 3449 ἐσχηματίσατο,

2164 3469 2257 3521 καὶ
2284 3469 2381 3539 οὐχ
2415 3470 2520 3522 ὑπὸ
2554 3471 2652 3539 τῆς
2685 3469 2992 3539 τυραννίδος
3022 3469 3114 3522 τοῦ
3155 3469 3382 3522 θανάτου
3431 3466 3724 3536 κατεπόθη.

2168 3559 2277 3628 Τὴν
2306 3559 2660 3629 ξηρανθεῖσαν
2692 3559 2860 3628 συκῆν
2883 3560 3326 3629 ὲσυκοφάντησαν
3353 3559 3616 3628 λέγοντες,
3652 3559 3728 3621 ὡς

2165 3650 2637 3721 τρυγωνισθεῖσαν,
2681 3651 2772 3702 καὶ
2813 3652 2910 3720 οὐχ
2943 3651 3020 3713 ῶς
3050 3651 3364 3722 Δεσποτικῷ
3392 3654 3592 3724 ῥήματι
3631 3650 3728 3720 ξη-

2172 3743 2472 3814 ρανθεῖσαν.
2498 3744 2606 3814 Τὴν
2644 3743 2736 3796 τοῦ
2774 3743 2960 3806 ὕδατος
2991 3745 3068 3808 είς
3107 3742 3246 3798 οἶνον
3280 3745 3573 3815 μεταϐολὴν
3607 3745 3733 3797 ἐσυ-

2169 3834 2511 3904 κοφάντησαν
2543 3833 2807 3901 λέγοντες,
2838 3836 2910 3898 ὡς
2937 3836 3035 3906 ἤδη
3063 3835 3174 3888 τῶν
3213 3839 3270 3889 ὲν
3302 3836 3379 3906 τῷ
3410 3836 3604 3906 δείπνῳ
3639 3853 3735 3904 με-

2169 3924 2491 3988 θυσθέντων,
2530 3925 2624 3976 καὶ
2660 3925 2732 3993 μὴ
2766 3919 2981 3977 εἰδότων
3013 3925 3337 3997 τὴνχλεύην.
3364 3927 3472 3998 Τὴν
3504 3927 3734 3979 ἀνάστα-

2173 4031 2256 4066 σιν
2288 4015 2453 4085 μόνην
2486 4002 2860 4084 τοῦΛαζάρου
2897 4016 2996 4068 οὐκ
3041 4017 3262 4086 ἴσχυσαν
3315 4018 3729 4086 συκοφαντῆσαι.

2175 4107 2310 4159 Ἴδον
2347 4108 2506 4159 αὑτὸν
2535 4109 2782 4177 Λάζαρον
2801 4123 2812 4136 ·
2847 4109 3111 4179 ἐπίσημος
3151 4107 3219 4181 ἦν
3253 4113 3281 4164 6
3305 4112 3442 4182 ἀνήρ
3463 4129 3474 4142 ·
3505 4111 3734 4178 ἠκολού-

2172 4198 2340 4268 θησαν
2361 4202 2422 4270 τῇ
2447 4202 2608 4272 κηδίᾳ
2631 4219 2644 4232 ·
2676 4203 2782 4256 ἴδον
2802 4205 2892 4258 τὸν
2914 4205 3080 4273 τάφον
3107 4204 3531 4273 σφραγιζόμενον
3553 4219 3563 4230 ’
3592 4220 3735 4272 παρ-

2171 4286 2506 4357 εμυθήσαντο
2531 4290 2670 4343 κατά
2702 4293 2762 4344 τὸ
2800 4293 3005 4355 εἰωθὸς,
3037 4292 3110 4353 ὡς
3128 4292 3192 4342 ἐν
3224 4288 3546 4358 περιδείπνῳ
3575 4287 3738 4340 θανά-

518 4373 778 4430 consolati
804 4374 1066 4428 Martbam
1096 4384 1150 4428 et
1180 4373 1402 4428 Mariam
1429 4387 1643 4428 sorores
1670 4373 1878 4427 Lazari.
1910 4374 2063 4431 Nove-

2181 4397 2292 4433 1ou.
2336 4381 2796 4452 Παρεμυθήσαντο
2821 4381 3049 4452 Μάρθαν
3091 4380 3184 4432 καὶ
3220 4377 3436 4449 Μαρίαν
3464 4378 3558 4439 τὰς
3587 4377 3740 4429 ἀδελ-

518 4475 640 4520 rant
661 4475 770 4521 tres
797 4467 910 4520 dies
934 4467 1152 4530 habere,
1186 4473 1434 4520 accurate
1468 4465 1768 4534 depositum
1803 4467 1854 4518 in
1879 4481 2070 4520 moau-

519 4568 722 4624 mento,
753 4571 977 4625 esseque
1011 4557 1424 4627 quatriduanum
1456 4566 1765 4623 mortuum;
1799 4558 2074 4626 undequa-

519 4663 626 4719 que
656 4648 926 4703 dissolutis
957 4649 1201 4714 artubus,
1241 4649 1458 4703 minutis
1486 4649 1759 4711 carnibus,
1791 4664 2071 4702 nervorum

522 4739 870 4810 colligatione
893 4740 1118 4808 divulsa,
1143 4742 1413 4812 dissipatis
1435 4742 1751 4806 visceribus,
1782 4753 1967 4796 ventre
1992 4743 2078 4795 dc-

524 4833 743 4888 ﬁuente.
777 4833 907 4888 Cum
937 4842 1121 4889 essent
1157 4833 1347 4888 horum
1388 4834 1609 4899 conscii,
1651 4849 1713 4888 ac
1745 4842 1964 4900 repente
1992 4835 2075 4888 vi-

523 4927 725 4980 dissent
763 4927 1133 4980 resuscitatum
1187 4926 1447 4980 Lazarum
1499 4925 1840 4987 incolumem,
1885 4940 2074 4978 novam

523 5016 669 5070 velut
691 5032 756 5071 ex
787 5027 963 5080 torno,
999 5025 1160 5069 totam
1190 5016 1437 5085 juvenem
1469 5026 1824 5084 vegetamque
1853 5031 1916 5069 ac
1936 5017 2077 5069 reni-

524 5109 738 5162 dentem
775 5109 1029 5177 speciem,
1077 5106 1274 5162 turbati
1320 5105 1572 5172 fuerunt;
1613 5121 1799 5176 parum
1837 5107 1988 5161 abest
2018 5115 2079 5160 ut

527 5214 599 5254 ne
642 5199 996 5267 exspirarent,
1043 5214 1148 5252 non
1196 5197 1526 5252 invenientes
1569 5197 1764 5266 quibus
1806 5198 2076 5265 praetextis

611 5359 658 5395 ⁸⁸
683 5361 875 5416 Ezech.
901 5377 978 5422 Ix.
1029 5359 1080 5424 5,
1120 5360 1172 5414 6.
1249 5359 1293 5392 ⁸¹
1324 5357 1474 5413 Joan.
1499 5376 1576 5426 ιιι,
1609 5360 1672 5414 l7
1695 5375 1813 5429 sqq.

2177 4475 2279 4543 τεὰς
2311 4474 2404 4527 τοῦ
2432 4475 2678 4544 Λαζάρου
2703 4493 2716 4506 ·
2746 4476 2984 4544 ἔγνωσαν
3009 4475 3090 4527 ὅτι
3122 4473 3391 4542 τέσσαρας
3417 4470 3628 4541 ἡμέρας
3657 4465 3735 4521 εἷ-

2175 4583 2288 4635 χεν,
2329 4567 2568 4638 ἀκριϐῶς
2596 4568 2653 4618 ὲν
2676 4566 2754 4637 τῷ
2792 4566 3038 4637 μνημείῳ
3065 4562 3398 4626 κατατεθεὶς,
3430 4561 3523 4614 καὶ
3550 4561 3630 4612 ὅτι
3653 4577 3740 4611 τε-

2176 4659 2484 4728 τραὴμερος
2514 4658 2725 4729 νεκρὸς,
2770 4657 3028 4711 πάντοθεν
3055 4654 3332 4725 ἔξαρθρος,
3376 4653 3484 4705 τῶν
3525 4652 3741 4722 σαρκῶν

2182 4751 2540 4820 μειωθέντων,
2583 4750 2686 4819 τῆς
2727 4747 3112 4819 νευροστασίας
3152 4743 3594 4810 διασπασθείσης,
3633 4741 3742 4792 τῶν

2179 4838 2463 4891 ὲνδοσθίων
2510 4837 3051 4910 διασκορπισθέντων,
3101 4835 3196 4904 τῆς
3229 4832 3458 4902 γαστρὸς
3493 4829 3739 4899 ἐκχυθεί-

2176 4946 2295 5000 σης.
2324 4929 2506 4982 Ταῦτα
2549 4930 2864 4992 συνειδότες,
2902 4928 2978 4991 ὡς
3013 4928 3120 4981 ἴδον
3158 4926 3350 4995 ἀθρόον
3381 4924 3478 4992 τὴν
3511 4923 3744 4974 ἀνάστα-

2177 5035 2261 5072 σιν
2305 5020 2560 5092 Λαζάρου
2614 5021 2773 5082 σῶαν,
2803 5018 2992 5091 ἀρτίαν
3023 5019 3098 5081 ὡς
3130 5017 3237 5070 ἀπὸ
3272 5015 3458 5085 τόρνου
3503 5011 3742 5064 στίλϐου-

2186 5126 2284 5163 σαν
2345 5110 2443 5181 τὴν
2502 5111 2855 5173 παννεωσίαν,
2915 5109 3307 5179 ἐταράχθησαν.
3367 5103 3576 5176 Μικροῦ
3636 5102 3742 5155 δεῖν

2183 5201 2485 5272 ἀπέψυξαν,
2515 5203 2588 5274 μὴ
2618 5203 2962 5274 εὑρίσκοντες
2991 5201 3180 5270 λόγους
3206 5195 3648 5270 προφασιλογιιςν
3681 5193 3743 5246 τδ

1888 5357 1932 5389 ⁸¹
1961 5355 2056 5412 Joa

2172 5375 2231 5421 ιι,
2262 5360 2314 5412 l.
2370 5359 2416 5389 ⁸³
2446 5356 2598 5412 Joan.
2637 5374 2734 5418 ιιι,
2779 5357 2865 5411 10.
2939 5356 2986 5388 ιι
3012 5355 3164 5410 Joao.
3197 5371 3274 5419 ts,
3304 5356 3356 5410 8.
3430 5352 3655 5408 “Marc.
3691 5367 3744 5417 v,

527 5431 625 5497 59;
650 5432 780 5487 Luc.
807 5449 925 5496 vm,
951 5432 1039 5487 Si.
1114 5431 1159 5462 ⁸⁸
1188 5429 1319 5484 Luc.
1345 5445 1438 5496 vn,
1466 5430 1547 5484 11.
1621 5431 1665 5462 ⁸⁷
1684 5427 1872 5484 natm.
1900 5442 2014 5494 XXI,
2039 5429 2063 5481 1

2163 5429 2318 5483 Marc.
2353 5444 2429 5494 ιιι,
2455 5428 2540 5481 15.
2614 5427 2659 5459 ⁸⁸
2686 5427 2840 5482 Joan.
2867 5442 2926 5491 ιι,
2954 5427 3007 5482 9.
3036 5442 3155 5497 sqq.

600 5563 712 5634 (Η)
759 5563 1316 5634 Ἐσυκοφάντησαν.
1352 5562 1549 5616 Saltem
1582 5571 1871 5634 potuerunt
1904 5561 2080 5634 aliqua

529 5633 707 5702 Specie
740 5633 1085 5698 calumniari;
1121 5635 1389 5700 quomodo
1414 5633 1616 5696 reliqua
1643 5634 1814 5703 accipi
1849 5633 2077 5703 debent:

531 5700 700 5761 solam
727 5706 868 5760 enim
918 5719 1170 5776 expresse
1214 5705 1340 5760 cani
1373 5700 1816 5759 illuminationciu
1847 5700 2003 5758 Juan.
2033 5714 2085 5754 tr

2187 5562 2414 5631 legimus
2449 5576 2660 5628 passam
2708 5561 3026 5617 calumniam
3054 5579 3067 5614 :
3095 5559 3175 5624 τὸ,
3209 5555 3512 5630 κατηνέχθη
3542 5553 3749 5625 signiﬁ-

2188 5633 2560 5688 cautissimum
2592 5640 2694 5686 est.
