4030 6408
264 351 325 408 σι
1210 352 1470 422 ORATIO
1505 363 1574 420 IN
1612 366 1944 429 LAZARUM
1985 372 2561 442 QUATRIDUANUM.
3414 372 3485 427 ‘5?

261 470 373 533 πῶς
425 476 903 545 συκοφαντήσουσι
948 477 1043 549 τὴν
1074 477 1370 536 ἀνάστασιν
1416 485 1689 557 Λαζάρου,
1733 489 1834 561 τῆς

1937 493 2112 548 verbis
2143 493 2330 548 Lazari
2376 491 2827 548 resurrectionem
2881 488 3369 550 calumniarentur,
3416 488 3489 540 ita

261 561 350 615 τοῦ
381 563 620 630 Χριστοῦ
646 568 1032 637 πραγματείας
1061 571 1216 625 τοῦτο
1239 578 1743 649 κατασκευασάσης.

328 653 402 708 B’.
415 656 480 708 Τί
514 659 655 724 ἐστι,
692 659 795 730 τῆς
817 661 909 714 τοῦ
934 662 1130 735 Κυρίου
1149 667 1529 736 πραγματείας
1550 670 1707 724 τοῦτο
1726 689 1833 726 πα-

263 747 712 821 ρασκευασάσηςς
745 753 942 806 Ἀκουε
958 753 1043 807 διὰ
1065 754 1330 826 βραχέων.
1371 759 1562 814 Ἦνίκα
1587 761 1833 834 Λάζαρος

260 835 359 905 τὴν
413 840 702 910 παροῦσαν
747 841 893 914 ζωὴν
937 847 1239 902 ἀπεδύσατο
1277 851 1536 918 φυσικῶς,
1583 853 1682 906 οὐκ
1709 851 1776 924 ἦν
1804 854 1833 906 6

265 929 461 1001 Κύριος
518 933 767 1006 Βηθανίᾳ
821 937 1012 1008 παρὼν
1070 942 1186 1004 τοῖς
1250 946 1578 1012 σωματικοῖς
1634 945 1834 1013 ὀφθαλ-

263 1024 380 1090 μοίς
409 1023 548 1093 (42)·
582 1028 650 1096 τῇ
703 1026 760 1078 δὲ
808 1027 1020 1100 θεότητι
1071 1033 1345 1102 πανταχοῦ
1379 1033 1590 1105 παρὼν,
1637 1038 1730 1090 καὶ
1765 1037 1834 1091 τὰ

262 1117 435 1170 πάντα
473 1118 722 1189 πληρῶν.
756 1121 910 1176 Μετά
940 1122 1048 1193 γὰρ
1075 1125 1341 1197 τέσσαρας
1369 1127 1603 1199 ἡμέρας,
1617 1129 1708 1182 τοῦ
1736 1147 1834 1185 τα-

260 1208 424 1278 φῆναι
471 1211 564 1264 τὸν
616 1211 888 1282 Λάζαρον,
920 1210 1078 1286 ἦλθεν
1114 1219 1142 1270 6
1195 1217 1400 1288 Ἰησοῦς
1437 1222 1516 1284 εἰς
1543 1221 1829 1291 Βηθανίαν,

257 1300 356 1370 τὴν
389 1301 694 1354 ἀνάστασιν
731 1302 824 1355 τοῦ
847 1304 997 1372 φίλου
1033 1307 1377 1378 κωμῳδῆσαι.
1415 1310 1577 1363 Ὅθεν
1615 1312 1708 1365 καὶ
1740 1311 1831 1364 τοῦ

261 1392 714 1462 παραγενομένου
769 1398 829 1448 ὲν
873 1397 1130 1469 Βηθανίᾳ,
1178 1397 1253 1462 ὡς
1301 1400 1500 1470 ἤκουσε
1553 1401 1751 1472 Μάρθα
1799 1405 1831 1474 ή

257 1481 466 1552 ἀδελφὴ
504 1483 783 1555 Λαζάρου,
825 1484 1079 1557 ἔδραμεν.
1130 1487 1382 1555 ἔσπευσε,
1442 1491 1738 1562 προέπεσεν
1778 1497 1834 1547 ὲν

260 1573 630 1644 παρακλήσει,
661 1576 940 1646 αἱρετικὴν
966 1578 1256 1649 πρεσϐείαν
1288 1581 1668 1652 προσφέρουσα
1699 1585 1830 1654 (43).

260 1662 562 1733 Προπετῶς
586 1665 695 1737 γὰρ
719 1666 923 1736 ἔφασκε
952 1668 1028 1738 τῷ
1060 1670 1246 1741 Κυρίῳ
1268 1670 1502 1740 λέγουσα
1524 1691 1536 1704 ·
1567 1676 1760 1744 Κύριε,
1783 1680 1836 1731 εὶ

257 1749 331 1820 ἧς
382 1749 523 1819 ὦδε,
565 1759 679 1810 οὐκ
722 1758 799 1811 ἂν
837 1759 1134 1814 ἀπέθανεν
1189 1765 1221 1815 ό
1257 1763 1516 1832 ἀδελφός
1545 1783 1684 1834 μου.
1724 1769 1832 1821 Καὶ

258 1846 377 1899 νῦν
404 1843 561 1911 οῖδα,
599 1848 689 1902 ὅτι
718 1849 834 1903 ὅσα
857 1850 934 1903 ἂν
953 1852 1169 1921 αἰτήσῃ
1197 1854 1302 1907 τὸν
1331 1856 1496 1919 Θεὸν,
1532 1857 1710 1912 δώσει
1738 1875 1834 1913 σοι

261 1942 291 1991 ὁ
325 1941 496 2005 Θεός.
542 1941 604 1994 '0
631 1941 690 1994 δὲ
726 1942 928 2014 Κύριος
967 1944 1146 2007 αὒτὸς,
1184 1945 1416 2014 πέλαγος
1452 1946 1524 2000 ὢν
1560 1949 1831 2020 μακροθυ-

261 2032 414 2102 μίας,
451 2035 786 2104 ἀπεκρίνατο
813 2035 984 2103 λέγων
1004 2053 1016 2065 ’
1053 2037 1119 2090 Τί
1147 2037 1346 2105 λέγεις,
1375 2040 1606 2110 Μάρθα;
1633 2043 1833 2114 Κύριον

259 2121 480 2182 καλεῖς,“
499 2122 596 2174 καὶ
623 2123 826 2194 Κύριον
852 2125 1062 2192 ἀγνοεῖς
1086 2144 1099 2191 ;
1129 2128 1241 2179 Οὐκ
1267 2129 1414 2198 ήμην
1446 2122 1545 2182 ὦδε
1567 2149 1581 2196 ;
1626 2134 1834 2204 Μικρὸν

257 2211 604 2281 καρτέρησον
623 2228 636 2239 ·
666 2215 724 2264 ὲν
751 2213 903 2282 τάχει
931 2215 1038 2286 γὰρ
1063 2217 1212 2287 παρά
1240 2217 1332 2269 τοῦ
1362 2219 1587 2287 ἀδελφοῦ
1617 2240 1706 2275 σου
1741 2242 1835 2294 μα-

258 2299 418 2372 θήσῃ.
440 2301 863 2366 Ἀναστήσεται
885 2306 988 2373 γὰρ
1001 2309 1032 2359 ό
1049 2306 1309 2375 ἀδελφός
1320 2312 1835 2380 σουηΣυγγινώσκω

260 2408 363 2451 σοι.
394 2392 613 2464 Μάρθα.
643 2395 878 2460 Μεθύεις
899 2399 1005 2468 γάρ
1031 2401 1093 2468 τῇ
1124 2397 1267 2471 λύπῃ
1293 2399 1422 2469 (44).
1463 2403 1670 2474 Ὥσπερ
1696 2406 1830 2476 αὐτῇ

259 2480 444 2535 εἶπεν·
471 2485 668 2538 Καλῶν
704 2487 915 2557 μεθύων
945 2491 1233 2558 σφάλλεται
1257 2509 1270 2521 ·
1307 2493 1393 2545 ὅτε
1413 2494 1685 2564 ὲκνήψεις,
1717 2495 1833 2548 τότε

261 2577 696 2648 σοφμυνισθήσῃ.
745 2581 1176 2648 ’Λναστήσεται
1206 2583 1314 2651 γὰρ
1347 2587 1374 2637 0'
1403 2583 1662 2652 ἀδελφός
1693 2603 1831 2640 σου.

271 2668 335 2718 Ἦ
349 2667 408 2719 δὲ
434 2667 649 2737 Μάρθα,
664 2671 754 2723 καὶ
775 2671 944 2736 οὕτως
958 2689 1020 2724 συ
1028 2690 1136 2743 μπε
1143 2675 1474 2744 ριενεχθείσα
1499 2677 1608 2746 (45)
1629 2677 1723 2730 ἀνθ
1731 2695 1835 2749 ρω-

261 2758 438 2822 πίνοις
491 2761 751 2830 ρήμασιν,
796 2763 1160 2832 ἀνθυπένεγκε
1207 2765 1285 2836 τῷ
1335 2767 1522 2838 Κυρίῳ
1571 2768 1830 2836 λέγουσα·

265 2846 408 2904 οἶδα
438 2850 531 2904 ὅτι
568 2852 972 2918 ἀναστήσεται
1001 2857 1072 2908 ἐν
1099 2855 1173 2923 τῇ
1198 2856 1424 2925 ἐσχάτῃ
1454 2858 1659 2927 ἡμέρᾳ.
1694 2859 1750 2912 '0
1778 2861 1834 2913 δὲ

264 2939 469 3010 Κύριος
497 2939 633 3012 πρὸς
659 2942 829 3013 αὑτήν
852 2959 867 2973 ο
899 2943 962 2995 Τί
989 2943 1299 3014 θαμὸεύεις,
1331 2940 1375 2998 ὦ
1406 2947 1637 3018 Molpea;
1668 2948 1731 2999 Τί
1757 2949 1834 3012 είς

264 3031 486 3102 μακρὰς
515 3031 734 3095 ἐλπίδας
768 3033 867 3104 τὴν
894 3034 1185 3088 ἀνάστασιν
1216 3036 1419 3108 ἀναδύῃ
1444 3053 1457 3100 ;
1504 3038 1566 3089 Ἠ
1597 3037 1833 3090 ἀνάστα-

265 3123 347 3184 σίς
386 3140 474 3175 σοι
523 3123 851 3192 διαλέγεται,
886 3126 977 3178 καὶ
1021 3128 1148 3198 περὶ
1181 3127 1526 3192 ἀναστάσεως
1571 3128 1830 3200 διαλέγ,ῃ;

276 3213 414 3282 Ἐγώ
463 3217 578 3283 εἰμι
620 3217 660 3283 ἡ
693 3216 1029 3284 ἀνάστασις
1060 3219 1157 3272 καὶ
1197 3222 1234 3288 ἡ
1276 3218 1384 3287 ζωή
1408 3237 1425 3253 ·
1465 3223 1498 3274 ό
1541 3223 1835 3274 πιστεύων
1861 3201 1904 3260 C

264 3309 346 3373 εἰς
381 3307 511 3376 ἐμὲ,
537 3307 654 3361 κᾶν
683 3308 976 3378 ἀποθάνῃ,
1007 3310 1263 3376 ζήσεται.

331 3421 408 3474 Γ.
423 3420 612 3475 Ταῦτα
623 3423 715 3474 τοῦ
732 3424 934 3495 Κυρίου
947 3423 1343 3495 διαλεγομένου,
1356 3424 1554 3497 μικροῦ
1574 3425 1680 3478 δεῖν
1692 3427 1838 3478 πᾶσα

269 3513 299 3582 ἡ
333 3514 493 3577 πόλις
538 3515 780 3584 Βηθανία
822 3516 1155 3586 κατέδραμεν
1191 3520 1270 3582 εἰς
1289 3517 1385 3589 τὴν
1418 3519 1714 3590 παρουσίαν
1743 3518 1835 3571 τοῦ

268 3605 495 3675 Κυρίου,
543 3605 606 3657 ού
652 3605 946 3676 θαυμάσαι,
982 3607 1114 3660 ἀλλὰ
1142 3607 1386 3676 γελάσαι.
1417 3611 1528 3661 Οὐκ
1556 3605 1694 3679 εἶχον
1730 3607 1838 3680 γὰρ

270 3697 479 3761 ἐλπίδα,
526 3698 899 3769 τετραήμερον
951 3699 1139 3769 νεκρὸν
1184 3699 1504 3769 ἀναστῆσαι.
1557 3700 1621 3752 Τί
1672 3696 1764 3752 οὖν
1809 3701 1837 3751 6

270 3788 503 3858 Κύριοςς
546 3787 634 3851 Ὧς
673 3785 779 3841 εἶδε
810 3788 1059 3842 τοσοῦτον
1091 3789 1292 3860 πλῆθος
1333 3789 1698 3862 καταδραμδνν
1744 3790 1838 3842 καὶ

271 3877 347 3930 δτι
375 3878 515 3944 ἄξιοί
538 3881 665 3943 εἱσι,
697 3879 790 3932 καὶ
819 3880 1057 3934 ἱκανοῦσι
1087 3882 1221 3953 πρὸς
1253 3883 1557 3954 μαρτυρίαν
1580 3881 1672 3934 τοῦ
1709 3881 1837 3952 μέλ-

273 3967 452 4034 λοντος
478 3970 609 4042 παρ’
636 3971 798 4024 αὑτοῦ
828 3974 1219 4046 ἀνεγείρεσθαι,
1248 3975 1564 4047 ἀποκριθεὶς
1593 3977 1727 4048 πρὸς
1750 3978 1840 4029 αύ-

273 4063 395 4124 τοῦς
426 4063 528 4133 ἔφη
555 4079 570 4092 ο
606 4065 729 4120 Ποῦ
768 4067 1060 4120 τεθείκατε
1109 4068 1216 4121 τὸν
1254 4067 1548 4136 Λάζαρον;
1581 4065 1705 4142 Ἆρ’
1739 4071 1838 4123 οὐκ

276 4153 386 4219 ᾔδει
415 4154 506 4206 τὸν
535 4154 698 4210 τόπον
729 4159 757 4210 6
780 4156 873 4209 τοῦ
894 4158 1059 4211 τόπου
1081 4159 1391 4229 Δεσπότης;
1430 4159 1583 4231 ’ῌδει
1624 4161 1712 4213 τὸν
1745 4161 1835 4213 τό-

282 4256 394 4301 πον,
421 4243 536 4294 ἀλλ’
566 4245 1054 4315 ἐπραγματεύσατο
1089 4248 1179 4301 τὸν
1209 4250 1426 4320 τρόπον,
1461 4251 1607 4313 ὅπως
1637 4253 1835 4316 πάντες

280 4326 427 4394 αὖθις
449 4334 881 4400 ἀναγκασθέντες
911 4338 1384 4409 ὲπακολουθήσωσι
1410 4339 1486 4410 τῷ
1519 4339 1713 4410 Ἰησοῦ,
1747 4341 1836 4393 ἵνα

283 4423 466 4490 αὖτοψὶ
490 4423 812 4494 θεασάμενοι
839 4426 937 4495 τὴν
966 4427 1257 4481 ἀνάστασιν
1285 4430 1638 4500 ἀναμφίϐολοι
1669 4435 1836 4502 κήρυ-

1931 583 2132 638 Christi
2164 594 2280 639 arte
2313 584 2518 638 molita.

2006 672 2068 728 ll.
2109 675 2360 741 Quaenam
2407 689 2566 743 porro
2608 673 2679 728 sit
2719 672 2808 727 illa
2839 669 3047 725 Domini
3072 670 3150 725 sic
3177 668 3345 723 moliti
3377 682 3490 731 ars,

1932 767 2116 838 paucis
2139 768 2340 834 accipe.
2368 765 2589 832 Quando
2614 764 2851 817 Lazarus
2877 773 3066 815 natura
3093 760 3243 814 exuit
3265 772 3495 828 prtesen-

1936 867 2040 911 tem
2079 858 2264 922 vitam,
2305 872 2407 910 n0n
2433 866 2548 910 erat
2586 855 2847 908 Dominus
2882 852 2934 906 in
2969 850 3228 905 Bethania
3259 861 3495 917 praesens

1933 947 2203 1016 corporeis
2229 947 2400 1000 oculis
2432 963 2446 999 :
2483 945 2572 1014 qui
2603 955 2778 996 tamen
2806 951 2889 997 est
2909 943 3105 1010 ubique
3131 939 3327 994 deitate
3357 952 3493 1005 prte-

1932 1052 2074 1104 sens,
2105 1049 2157 1092 et
2191 1039 2371 1091 omnia
2397 1039 2584 1105 replet.
2617 1037 2742 1089 Post
2769 1045 2999 1102 quatuor
3030 1033 3142 1086 dies
3169 1029 3360 1098 sepulti
3391 1028 3498 1081 La-

1933 1126 2045 1180 zari
2073 1128 2211 1181 venit
2235 1125 2389 1180 Jesus
2413 1124 2754 1188 Bethaniam,
2778 1121 2935 1175 amici
2968 1119 3412 1175 resurrectionem
3438 1118 3490 1168 in

1935 1221 2202 1273 theatrum
2235 1229 2474 1273 acturus.
2516 1216 2667 1272 Unde
2700 1217 2860 1271 etiam
2892 1229 3012 1268 cum
3047 1227 3113 1266 eo
3147 1211 3490 1265 advenisset:

1935 1318 1991 1360 ut
2015 1309 2217 1363 audivit
2242 1309 2442 1363 Martha
2469 1324 2622 1363 soror
2640 1306 2853 1371 anut‘i,
2880 1303 3136 1366 cucurrit,
3163 1301 3489 1372 properavit,

1935 1398 2149 1464 accidit,
2205 1398 2518 1466 legationem
2568 1412 2666 1450 sua
2709 1395 2982 1448 voluntate
3018 1402 3345 1460 assumptatn
3369 1400 3502 1456 sup-‘

1934 1490 2058 1563 plex
2084 1491 2267 1543 obivit.
2295 1487 2719 1557 Przecipitantius
2749 1485 2890 1538 enim
2926 1483 3152 1536 allocuta
3183 1483 3488 1544 Dominum,

1935 1586 2066 1638 dixit
2095 1600 2108 1635 :
2141 1580 2379 1642 Domine,
2407 1579 2451 1630 si
2481 1577 2666 1645 fuisses
2698 1575 2810 1638 ,ltic,
2851 1575 3016 1642 frater
3048 1588 3191 1624 meus
3225 1588 3324 1624 non
3355 1570 3491 1638 [κῆδε

1934 1684 2006 1728 set
2042 1680 2276 1724 mortuus
2302 1683 2319 1720 :
2345 1669 2432 1722 sed
2472 1678 2516 1719 et
2555 1680 2689 1718 nunc
2727 1665 2834 1717 scio
2869 1663 2992 1730 quia
3034 1673 3350 1728 quaecunque
3396 1672 3493 1724 po-

1935 1762 2215 1832 poscerisa
2247 1758 2373 1820 Deo,
2413 1757 2557 1809 dabit
2610 1755 2701 1806 tibi
2756 1754 2915 1805 Deus.
2984 1751 3242 1803 Dominus
3288 1757 3489 1806 autem,
3549 1763 3552 1766 ·

1867 1852 1906 1904 Β
1937 1856 2047 1922 ipse
2079 1848 2500 1917 longanimitatis
2532 1844 2767 1914 pelagus,
2810 1841 3087 1910 respondit
3119 1840 3328 1892 dicens:
3355 1837 3490 1902 Quid

1935 1945 2086 2006 dicis,
2136 1940 2378 1994 Martha?
2412 1939 2579 1992 Vocas
2623 1937 2923 1998 Dominum,
2957 1947 3054 1985 nec
3085 1931 3364 1984 Dominum
3397 1942 3492 1982 cs-

1935 2033 2109 2104 gitas?
2139 2031 2250 2086 Non
2280 2031 2366 2084 hic
2390 2029 2574 2082 erant?
2608 2026 2870 2079 Modicum
2909 2023 3112 2077 sustine
3151 2039 3164 2074 :
3199 2021 3305 2072 cito
3349 2019 3492 2071 enim

1935 2127 2149 2178 noveris
2172 2139 2236 2176 ex
2290 2131 2380 2175 tuo
2424 2119 2636 2173 fratre:
2675 2117 2924 2185 Resurget
2968 2116 3103 2168 enim
3147 2112 3312 2181 frater
3351 2120 3492 2164 tuus.

1935 2217 2170 2284 Ignosco,
2229 2213 2476 2266 Martha:
2516 2225 2621 2279 prae
2669 2208 2882 2260 tristitia
2933 2207 3074 2258 enim
3119 2205 3265 2258 ebria
3298 2217 3374 2254 es.
3417 2201 3494 2254 Ac

1936 2307 1977 2356 si
2029 2305 2078 2358 ei
2132 2305 2377 2358 diceret:
2408 2301 2568 2354 Errat
2610 2316 2638 2352 a
2693 2299 2848 2352 bonis
2885 2298 2974 2366 qui
3016 2306 3098 2351 est
3128 2295 3327 2348 ebrius.
3359 2291 3493 2346 Cum

1935 2392 2234 2455 einerserit,
2283 2401 2408 2444 tunc
2435 2388 2696 2457 sapueris.
2733 2386 2974 2455 Resurgel
2999 2389 3134 2440 enim
3164 2387 3327 2453 frater
3350 2393 3492 2435 tuus.

1937 2480 2138 2535 Martha
2191 2496 2336 2544 vero,
2375 2481 2417 2534 si
2449 2494 2661 2548 quoque
2706 2480 2883 2533 verbis
2922 2479 3175 2532 humanis
3218 2479 3493 2534 obsecuta,

1935 2588 2000 2624 ex
2042 2577 2268 2626 adverso
2321 2571 2518 2633 intulit,
2572 2571 2755 2625 dicens
2796 2571 3060 2625 Domino:
3097 2567 3220 2622 Scio
3259 2568 3382 2636 quia
3411 2580 3494 2616 re-

1934 2674 2105 2730 surget
2137 2664 2188 2714 iu
2223 2663 2498 2716 novissimo
2523 2665 2626 2716 die.
2659 2665 2727 2715 At
2750 2663 3004 2715 Dominus
3034 2661 3098 2714 ad
3123 2661 3267 2714 illam
3295 2657 3491 2724 :Quid,

1937 2756 2144 2809 Martha
2174 2755 2452 2825 trepidas?
2481 2754 2616 2820 Quid
2643 2755 2694 2808 in
2727 2753 2938 2823 longam
2972 2767 3118 2821 spem
3147 2749 3496 2804 resurrectio-

1937 2863 2056 2899 nem
2110 2847 2361 2900 revocas?
2411 2844 2611 2900 Tecum
2669 2844 2992 2900 rcsttrrectio
3045 2843 3284 2903 disserit,
3331 2849 3385 2894 et
3429 2839 3496 2892 de

1938 2939 2336 2990 resurrectione
2383 2934 2695 3003 disceptas?
2754 2931 2866 3000 Ego
2918 2947 3030 2984 sum
3085 2927 3391 2983 resurrectio
3445 2934 3494 2979 et

1935 3029 2035 3082 vita
2081 3043 2100 3078 .°
2146 3029 2233 3094 qui
2292 3029 2455 3084 credit
2512 3032 2564 3082 in
2619 3042 2719 3097 me,
2775 3026 2976 3080 etiamsi
3027 3034 3262 3079 mortuus
3315 3020 3494 3091 fuerit,

1937 3132 2084 3176 vivet.

2012 3419 2097 3474 lll.
2143 3417 2248 3472 llos
2304 3416 2530 3470 Domino
2586 3413 2894 3469 conferente
2947 3425 3246 3474 sermones,
3308 3425 3494 3480 parum

1938 3512 2108 3565 abfuit
2155 3525 2221 3563 ne
2249 3519 2356 3563 tota
2391 3509 2518 3561 urhs
2553 3507 2808 3560 Bethania
2849 3506 2912 3559 ad
2947 3506 3231 3558 adventrum
3262 3503 3377 3568 ejus
3408 3517 3498 3554 ac-

1935 3613 2198 3667 curreret,
2250 3617 2352 3654 non
2401 3600 2773 3653 admirationis
2822 3613 3008 3662 causa,
3060 3599 3151 3650 sed
3184 3595 3449 3648 irrisionis
3479 3632 3496 3647 .

1938 3713 2041 3749 non
2091 3696 2231 3747 enim
2282 3695 2569 3760 sperabant
2604 3691 2737 3755 fore,
2771 3689 3254 3757 ntquatriduanus
3305 3699 3492 3738 resur-

1939 3795 2106 3855 geret.
2145 3786 2280 3851 Quid
2328 3785 2494 3854 igitur
2536 3781 2842 3838 Dominus?
2896 3780 2966 3836 Ut
3012 3780 3146 3832 vidit
3195 3777 3497 3832 accurrisse

1940 3889 2138 3931 tantam
2193 3876 2612 3938 multitudinem,
2651 3888 2714 3927 ac
2753 3874 2944 3942 dignos
2989 3886 3109 3927 esse
3155 3869 3349 3940 quibus
3401 3869 3497 3922 ha-

1936 3972 2154 4024 beretur
2186 3967 2335 4032 ﬁdes,
2379 3967 2704 4034 idoneosque
2739 3972 2797 4018 ut
2828 3964 3140 4018 suscitando
3173 3965 3239 4018 ab
3275 3962 3388 4028 ipso
3423 3971 3500 4012 te-

1937 4059 2255 4114 stimonium
2319 4054 2630 4119 deferrent,
2702 4051 3029 4122 respondens
3088 4052 3150 4104 ad
3213 4050 3328 4102 illos
3379 4051 3494 4100 ait:

1937 4152 2036 4206 Ubi
2084 4150 2332 4219 posuistis
2387 4147 2699 4201 Lazarum?
2733 4145 2980 4214 Nunquid
3027 4158 3131 4196 non
3171 4142 3375 4196 sciebat
3420 4141 3498 4192 lo-

1937 4259 2079 4306 eum,
2132 4242 2233 4295 loci
2285 4238 2588 4293 Dominus?
2640 4236 2803 4289 Plane
2847 4241 3105 4294 noverat,
3148 4232 3239 4286 sed
3280 4233 3494 4284 modum

1936 4334 2256 4400 negotiatur,
2289 4340 2347 4384 ut
2373 4345 2561 4384 omnes
2590 4328 2816 4382 subinde
2863 4325 3033 4380 coacti
3077 4334 3372 4392 sequantur
3400 4319 3495 4375 Je-

1937 4441 2074 4490 sum,
2106 4440 2216 4493 quo
2252 4423 2381 4492 ipsis
2405 4422 2582 4476 oculis
2611 4429 2896 4489 conspecta
2923 4417 3334 4480 resurrectione,
3364 4430 3497 4483 prac-

287 4529 372 4574 χες
404 4514 683 4580 γένωνται.
719 4514 842 4569 Ποῦ
871 4519 1162 4572 τεθείκατε
1189 4513 1410 4583 aetati,-
1439 4520 1500 4572 Οἱ
1533 4520 1589 4572 δὲ
1623 4522 1833 4592 ἐπερω-

1937 4533 2100 4573 cones
2131 4520 2322 4572 tierent
2363 4515 2509 4570 omni
2562 4513 2795 4582 majores
2837 4506 3288 4578 exceptionc.Ubi
3320 4505 3498 4576 posui-

285 4605 527 4673 τῃθέντες
577 4603 728 4660 εἷπον
769 4610 902 4679 πρὸς
926 4611 1086 4663 αὐτόν
1111 4627 1124 4640 ·
1174 4613 1415 4680 Ἔρχου,
1447 4613 1545 4665 καὶ
1581 4613 1688 4668 ἴδε,
1728 4614 1832 4666 Τοῦ

287 4693 340 4746 δὲ
369 4696 535 4764 Ἰησοῦ
566 4696 885 4766 βαδίζοντος,
927 4702 1018 4754 καὶ
1049 4702 1140 4756 ἐπὶ
1176 4702 1266 4754 τὸν
1300 4704 1467 4772 τάφον
1496 4704 1830 4771 σπεύδοντος,

289 4787 318 4837 6
355 4788 652 4842 ἀκολουθῶν
696 4791 915 4845 ὄπισθεν
963 4793 1118 4863 ὄχλος
1154 4793 1409 4848 ἀντέλαὸε
1441 4795 1576 4866 πρὸς
1618 4796 1829 4861 ἑαυτὸν,

290 4873 476 4943 λέγων·
502 4879 567 4930 Τί
589 4879 731 4934 θέλει
762 4874 915 4945 οὗτος
934 4883 1024 4936 τὸν
1039 4885 1203 4952 τάφον
1229 4884 1478 4955 Λαζάρου
1503 4884 1794 4940 θεάσασθαι
1815 4904 1829 4951 ;

481 5079 602 5131 Οὐκ
629 5076 708 5156 ἦν
735 5080 938 5147 παρὼν
961 5081 1088 5156 τοῖς
1108 5084 1461 5152 σωματικοῖς
1485 5086 1830 5156 ὀφθαλμοῖς.

301 5140 380 5220 list
413 5140 494 5199 hic
528 5140 718 5224 modus
756 5140 1128 5224 praesentiain
1154 5140 1399 5210 terminis
1437 5140 1588 5208 1)."1‘
1597 5140 1691 5211 ho:
1720 5140 1740 5210 ί

304 5218 517 5296 inseque,
549 5231 657 5285 quo
680 5218 821 5296 Deus
843 5220 1040 5275 dicitur
1075 5223 1124 5276 in
1149 5226 1398 5296 omnibus
1428 5239 1547 5280 esse
1573 5239 1667 5294 per
1699 5218 1834 5296 prs.-

302 5291 540 5364 seutiam;
573 5302 640 5340 eo
673 5291 834 5342 modo
859 5305 970 5364 quo
1016 5306 1108 5345 rex
1147 5295 1396 5347 omnibus
1420 5291 1602 5349 coram
1644 5291 1834 5364 positis

304 5361 346 5401 et
373 5359 420 5405 in
459 5369 762 5434 prospectu,
806 5359 955 5434 adest
996 5376 1272 5434 p‘rmsens:
1305 5365 1502 5434 vixque
1535 5359 1697 5420 fuerit
1745 5383 1836 5422 us-

303 5435 450 5503 quam.
470 5427 666 5503 scholae
697 5428 964 5503 theologia
995 5427 1074 5485 sic
1106 5430 1352 5486 Patribus
1379 5427 1654 5503 eipressa.

360 5493 459 5558 (65)
494 5564 507 5572 ι
531 5496 633 5549 Ἐν
682 5493 1064 5572 παρακλήσει
1083 5539 1099 5563 ,
1155 5493 1463 5572 αἱρετικὴῦ
1519 5506 1842 5572 πρεσϐείαν

305 5564 813 5644 fpocpépova'a._F
819 5579 937 5644 orte
982 5564 1358 5644 προφέρουσαν
1402 5564 1526 5643 ipsa
1556 5564 1841 5644 'supplica-

310 5637 451 5712 hunc.
479 5638 616 5712 ultro
645 5655 706 5690 se
737 5635 1056 5712 legationem
1081 5635 1710 5712 assutttpsisse'ostettdit;
1732 5648 1842 5701 vel-

307 5706 618 5788 Eflftupdam
679 5707 882 5788 ωίεζΐε,
938 5706 1836 5788 inconsideratiusque_Dominum

309 5766 527 5839 allocuta,
560 5766 879 5847 προπετῶς,
915 5779 1026 5834 sola
1076 5780 1328 5836 nimirum
1371 5766 1582 5841 fiat—risv

1939 4612 2034 4665 stis
2062 4611 2218 4664 eum?
2255 4608 2356 4675 Qui
2404 4616 2583 4661 autem
2629 4605 2841 4657 fuerant
2895 4601 3205 4672 interrogati
3251 4598 3497 4653 dixerunt

1939 4703 2027 4757 ei:
2062 4701 2191 4756 Veni
2231 4712 2276 4754 et
2311 4701 2443 4754 vide.
2490 4698 2657 4754 Porro
2705 4694 3015 4749 ambulante
3068 4693 3192 4748 Jesn
3226 4702 3279 4745 et
3313 4693 3378 4744 ad
3410 4706 3497 4745 se-

1941 4794 2184 4862 pulcrum
2229 4801 2567 4862 properante,
2601 4790 2691 4859 qui
2730 4802 2868 4857 pone
2895 4787 3221 4854 sequebatur
3254 4785 3496 4854 populus,

1941 4888 2082 4956 apud
2143 4899 2204 4939 se
2241 4884 2578 4947 conferebat,
2621 4882 2847 4936 dicens:
2891 4878 3029 4946 Quid
3068 4878 3156 4932 hic
3199 4877 3496 4948 sepulcrum

1934 5087 2078 5138 tione
2111 5093 2166 5139 et
2197 5093 2370 5138 morte
2399 5085 2722 5137 obversante
2762 5083 2964 5146 animo,
3014 5081 3100 5136 cui
3149 5081 3502 5150 deprecanda:

1938 5157 2016 5210 sic
2047 5155 2236 5208 festina
2277 5153 2500 5206 Domino
2533 5155 2883 5208 occttrriSset.

2006 5225 2116 5293 (44)
2153 5225 2404 5288 Μεθύεις
2431 5220 2505 5289 τῇ
2537 5223 2724 5290 λύπῃ.
2769 5223 2974 5276 Dicitur
2997 5219 3057 5273 τὸ
3087 5219 3304 5293 μεθύειν
3334 5230 3503 5272 lueta-

1937 5291 2162 5364 phtirice
2210 5297 2276 5348 de
2333 5307 2653 5364 quocunque
2705 5293 3055 5364 immoderato
3095 5291 3317 5364 allecto,
3354 5305 3500 5364 _qno

1935 5357 2057 5430 quis
2085 5363 2230 5416 velut
2259 5357 2506 5416 sensibus
2531 5357 2828 5415 moveatur.
2853 5361 3066 5428 Dionys.
3095 5359 3323 5430 Ilalit-ar.
3354 5357 3390 5412 l.
3439 5377 3498 5414 n:

1935 5433 2178 5488 Μεθύετε
2225 5431 2303 5502 τῷ
2350 5431 2569 5502 μεγέθει
2609 5431 2707 5500 τῆς
2759 5431 3028 5502 ἐξουσίας.
3091 5433 3148 5502 _S.
3193 5429 3385 5500 Chrys.
3437 5431 3506 5486 de

1946 5506 2222 5557 Abraham
2263 5499 2388 5556 ια]
2429 5499 2689 5553 Fronton.
2739 5501 2825 5553 ubi
2869 5501 2912 5552 is
2943 5499 3105 5553 videri
3135 5499 3329 5568 potest.

2019 5573 2130 5642 (45)
2163 5570 2759 5642 Συμπεριενεχθεῖσα.
2812 5569 2967 5624 Velut
3017 5569 3386 5642 adblandiens,
3445 5578 3500 5620 et

1947 5637 2185 5711 gratiose
2218 5637 2375 5709 quasi
2401 5637 2791 5710 acquiescendo
2821 5637 3177 5711 respondens,
3190 5639 3296 5711 alio
3323 5647 3501 5690 tamen

1948 5708 2175 5766 detortis
2210 5708 2389 5766 verbis
2437 5708 2765 5770 Dominicis;
2796 5711 2860 5761 ad
2891 5709 3046 5760 aliam
3084 5708 3290 5761 scilicet
3320 5722 3500 5760 resur-

1947 5782 2265 5848 rectionem,
2287 5796 2445 5851 quam
2470 5796 2567 5851 pro
2591 5795 2693 5851 qua
2714 5779 2934 5848 supplex
2968 5777 3246 5831 Dominum
3268 5791 3390 5842 roga
3401 5785 3498 5829 ret.
