  <div class='ocr_page' id='page_1' title='image "/cluster/home/n/w/nwhite01/storage/ocr_20150623/39/hvd.32044037979440/041.png"; bbox 0 0 4056 6412; ppageno 0'>
   <div class='ocr_carea' id='block_1_1' title="bbox 485 343 3738 418">
    <p class='ocr_par' dir='ltr' id='par_1_1' title="bbox 485 343 3738 418">
     <span class='ocr_line' id='line_1_1' title="bbox 485 343 3738 418; baseline -0.005 -4"><span class='ocrx_word' id='word_1_1' title='bbox 485 359 561 418; x_wconf 74' lang='lat'><em>65</em></span> <span class='ocrx_word' id='word_1_2' title='bbox 1445 350 1504 408; x_wconf 92' lang='lat' dir='ltr'><strong>S.</strong></span> <span class='ocrx_word' id='word_1_3' title='bbox 1545 349 1993 408; x_wconf 74' lang='lat' dir='ltr'><strong>AMPHILOCHII</strong></span> <span class='ocrx_word' id='word_1_4' title='bbox 2033 347 2413 406; x_wconf 81' lang='lat' dir='ltr'><strong>[CONIENSIS</strong></span> <span class='ocrx_word' id='word_1_5' title='bbox 2449 343 2761 402; x_wconf 76' lang='lat' dir='ltr'><strong>EPISCOPI</strong></span> <span class='ocrx_word' id='word_1_6' title='bbox 3672 344 3738 400; x_wconf 74' lang='grc'><strong>61</strong></span> 
     </span>
    </p>
   </div>
   <div class='ocr_carea' id='block_1_2' title="bbox 483 460 2080 535">
    <p class='ocr_par' dir='ltr' id='par_1_2' title="bbox 483 468 2058 535">
     <span class='ocr_line' id='line_1_2' title="bbox 483 468 2058 535; baseline -0.005 -3"><span class='ocrx_word' id='word_1_7' title='bbox 483 473 680 532; x_wconf 80' lang='lat' dir='ltr'><strong>Lazari</strong></span> <span class='ocrx_word' id='word_1_8' title='bbox 706 471 820 528; x_wconf 89' lang='lat' dir='ltr'><strong>vult</strong></span> <span class='ocrx_word' id='word_1_9' title='bbox 839 470 1062 529; x_wconf 80' lang='lat' dir='ltr'><strong>videre?</strong></span> <span class='ocrx_word' id='word_1_10' title='bbox 1087 469 1144 528; x_wconf 90' lang='lat' dir='ltr'><strong>Si</strong></span> <span class='ocrx_word' id='word_1_11' title='bbox 1165 479 1248 527; x_wconf 87' lang='lat' dir='ltr'><strong>est</strong></span> <span class='ocrx_word' id='word_1_12' title='bbox 1273 469 1368 527; x_wconf 86' lang='lat' dir='ltr'><strong>Dei</strong></span> <span class='ocrx_word' id='word_1_13' title='bbox 1392 468 1582 535; x_wconf 86' lang='lat' dir='ltr'><strong>Filius,</strong></span> <span class='ocrx_word' id='word_1_14' title='bbox 1610 470 1891 527; x_wconf 86' lang='lat' dir='ltr'><strong>suscitabit</strong></span> <span class='ocrx_word' id='word_1_15' title='bbox 1912 485 2058 524; x_wconf 92' lang='lat' dir='ltr'><strong>eum.</strong></span> 
     </span>
    </p>
   </div>
   <div class='ocr_carea' id='block_1_3' title="bbox 2183 460 3740 535">
    <p class='ocr_par' dir='ltr' id='par_1_3' title="bbox 2183 460 3740 535">
     <span class='ocr_line' id='line_1_3' title="bbox 2183 460 3740 535; baseline -0.001 -15"><span class='ocrx_word' id='word_1_16' title='bbox 2183 467 2226 520; x_wconf 75' lang='grc' dir='ltr'>Ξί</span> <span class='ocrx_word' id='word_1_17' title='bbox 2254 465 2380 529; x_wconf 78' lang='grc' dir='ltr'>Υἱός</span> <span class='ocrx_word' id='word_1_18' title='bbox 2411 466 2528 518; x_wconf 85' lang='grc' dir='ltr'>ἐστι</span> <span class='ocrx_word' id='word_1_19' title='bbox 2567 463 2664 519; x_wconf 89' lang='grc' dir='ltr'><strong>τοῦ</strong></span> <span class='ocrx_word' id='word_1_20' title='bbox 2711 461 2870 528; x_wconf 86' lang='grc' dir='ltr'>Θεοῦ,</span> <span class='ocrx_word' id='word_1_21' title='bbox 2895 460 3086 517; x_wconf 77' lang='grc' dir='ltr'>τοῦτον</span> <span class='ocrx_word' id='word_1_22' title='bbox 3116 461 3429 535; x_wconf 81' lang='grc' dir='ltr'>ἀναστήσει.</span> <span class='ocrx_word' id='word_1_23' title='bbox 3472 461 3594 518; x_wconf 85' lang='grc' dir='ltr'><strong>Τῶν</strong></span> <span class='ocrx_word' id='word_1_24' title='bbox 3630 463 3740 534; x_wconf 78' lang='grc' dir='ltr'><strong>γὰρ</strong></span> 
     </span>
    </p>
   </div>
   <div class='ocr_carea' id='block_1_4' title="bbox 483 565 2060 634">
    <p class='ocr_par' dir='ltr' id='par_1_4' title="bbox 483 565 2060 634">
     <span class='ocr_line' id='line_1_4' title="bbox 483 565 2060 634; baseline -0.003 -14"><span class='ocrx_word' id='word_1_25' title='bbox 483 565 636 634; x_wconf 85' lang='lat' dir='ltr'><strong>Quod</strong></span> <span class='ocrx_word' id='word_1_26' title='bbox 658 566 802 619; x_wconf 92' lang='lat' dir='ltr'><strong>enim</strong></span> <span class='ocrx_word' id='word_1_27' title='bbox 833 565 899 618; x_wconf 91' lang='lat' dir='ltr'><strong>ad</strong></span> <span class='ocrx_word' id='word_1_28' title='bbox 929 578 1023 620; x_wconf 89' lang='lat' dir='ltr'><strong>eos</strong></span> <span class='ocrx_word' id='word_1_29' title='bbox 1050 569 1256 633; x_wconf 90' lang='lat' dir='ltr'><strong>spectat</strong></span> <span class='ocrx_word' id='word_1_30' title='bbox 1287 577 1424 633; x_wconf 88' lang='lat' dir='ltr'><strong>quos</strong></span> <span class='ocrx_word' id='word_1_31' title='bbox 1454 577 1644 618; x_wconf 87' lang='lat' dir='ltr'><strong>recens</strong></span> <span class='ocrx_word' id='word_1_32' title='bbox 1673 571 1916 618; x_wconf 91' lang='lat' dir='ltr'><strong>mortuos</strong></span> <span class='ocrx_word' id='word_1_33' title='bbox 1938 576 2060 616; x_wconf 87' lang='lat' dir='ltr'><strong>sus-</strong></span> 
     </span>
    </p>
   </div>
   <div class='ocr_carea' id='block_1_5' title="bbox 484 654 2064 724">
    <p class='ocr_par' dir='ltr' id='par_1_5' title="bbox 484 654 2064 724">
     <span class='ocr_line' id='line_1_5' title="bbox 484 654 2064 724; baseline -0.003 -11"><span class='ocrx_word' id='word_1_34' title='bbox 484 658 690 720; x_wconf 88' lang='lat' dir='ltr'><strong>citavit,</strong></span> <span class='ocrx_word' id='word_1_35' title='bbox 735 656 1029 711; x_wconf 84' lang='lat' dir='ltr'><strong>nescimus.</strong></span> <span class='ocrx_word' id='word_1_36' title='bbox 1065 655 1217 711; x_wconf 85' lang='lat' dir='ltr'><strong>Unde</strong></span> <span class='ocrx_word' id='word_1_37' title='bbox 1246 669 1377 724; x_wconf 80' lang='lat' dir='ltr'><strong>ergo</strong></span> <span class='ocrx_word' id='word_1_38' title='bbox 1422 654 1784 710; x_wconf 84' lang='lat' dir='ltr'><strong>sciverimus?</strong></span> <span class='ocrx_word' id='word_1_39' title='bbox 1825 654 1881 710; x_wconf 88' lang='lat' dir='ltr'><strong>Si</strong></span> <span class='ocrx_word' id='word_1_40' title='bbox 1906 661 2064 709; x_wconf 89' lang='lat' dir='ltr'><strong>erant</strong></span> 
     </span>
    </p>
   </div>
   <div class='ocr_carea' id='block_1_6' title="bbox 489 746 2064 820">
    <p class='ocr_par' dir='ltr' id='par_1_6' title="bbox 489 746 2064 820">
     <span class='ocr_line' id='line_1_6' title="bbox 489 746 2064 820; baseline -0.003 -16"><span class='ocrx_word' id='word_1_41' title='bbox 489 749 730 820; x_wconf 86' lang='lat' dir='ltr'><strong>perfecte</strong></span> <span class='ocrx_word' id='word_1_42' title='bbox 768 749 990 812; x_wconf 78' lang='lat' dir='ltr'><strong>mortui,</strong></span> <span class='ocrx_word' id='word_1_43' title='bbox 1039 748 1184 802; x_wconf 89' lang='lat' dir='ltr'><strong>hunc</strong></span> <span class='ocrx_word' id='word_1_44' title='bbox 1223 746 1528 811; x_wconf 87' lang='lat' dir='ltr'><strong>suscitabit,</strong></span> <span class='ocrx_word' id='word_1_45' title='bbox 1581 761 1756 816; x_wconf 90' lang='lat' dir='ltr'><strong>eoque</strong></span> <span class='ocrx_word' id='word_1_46' title='bbox 1783 746 2064 816; x_wconf 80' lang='lat' dir='ltr'><strong>cognosci-</strong></span> 
     </span>
    </p>
   </div>
   <div class='ocr_carea' id='block_1_7' title="bbox 491 835 2063 893">
    <p class='ocr_par' dir='ltr' id='par_1_7' title="bbox 491 835 2063 893">
     <span class='ocr_line' id='line_1_7' title="bbox 491 835 2063 893; baseline 0.001 -5"><span class='ocrx_word' id='word_1_47' title='bbox 491 851 610 890; x_wconf 88' lang='lat' dir='ltr'><strong>mus</strong></span> <span class='ocrx_word' id='word_1_48' title='bbox 645 851 767 892; x_wconf 89' lang='lat' dir='ltr'><strong>esse</strong></span> <span class='ocrx_word' id='word_1_49' title='bbox 799 851 858 891; x_wconf 89' lang='lat' dir='ltr'><strong>re</strong></span> <span class='ocrx_word' id='word_1_50' title='bbox 886 852 1012 892; x_wconf 86' lang='lat' dir='ltr'><strong>vera</strong></span> <span class='ocrx_word' id='word_1_51' title='bbox 1067 836 1158 890; x_wconf 88' lang='lat' dir='ltr'><strong>Dei</strong></span> <span class='ocrx_word' id='word_1_52' title='bbox 1213 836 1432 890; x_wconf 87' lang='lat' dir='ltr'><strong>Filium.</strong></span> <span class='ocrx_word' id='word_1_53' title='bbox 1478 835 1628 893; x_wconf 88' lang='lat' dir='ltr'><strong>Unde</strong></span> <span class='ocrx_word' id='word_1_54' title='bbox 1649 847 1703 892; x_wconf 90' lang='lat' dir='ltr'><strong>et</strong></span> <span class='ocrx_word' id='word_1_55' title='bbox 1738 835 1946 891; x_wconf 80' lang='lat' dir='ltr'><strong>Martha</strong></span> <span class='ocrx_word' id='word_1_56' title='bbox 1977 845 2063 890; x_wconf 82' lang='lat' dir='ltr'><strong>ta-</strong></span> 
     </span>
    </p>
   </div>
   <div class='ocr_carea' id='block_1_8' title="bbox 489 927 2064 999">
    <p class='ocr_par' dir='ltr' id='par_1_8' title="bbox 489 927 2064 999">
     <span class='ocr_line' id='line_1_8' title="bbox 489 927 2064 999; baseline 0.001 -17"><span class='ocrx_word' id='word_1_57' title='bbox 489 927 628 983; x_wconf 82' lang='lat' dir='ltr'><strong>libus</strong></span> <span class='ocrx_word' id='word_1_58' title='bbox 653 943 712 982; x_wconf 92' lang='lat' dir='ltr'><strong>se</strong></span> <span class='ocrx_word' id='word_1_59' title='bbox 733 928 1075 984; x_wconf 85' lang='lat' dir='ltr'><strong>sermonibus</strong></span> <span class='ocrx_word' id='word_1_60' title='bbox 1098 929 1310 983; x_wconf 80' lang='lat' dir='ltr'><strong>facilem</strong></span> <span class='ocrx_word' id='word_1_61' title='bbox 1331 929 1597 999; x_wconf 69' lang='lat' dir='ltr'><strong>praebens,</strong></span> <span class='ocrx_word' id='word_1_62' title='bbox 1626 929 1853 983; x_wconf 87' lang='lat' dir='ltr'><strong>accessit</strong></span> <span class='ocrx_word' id='word_1_63' title='bbox 1874 937 1926 983; x_wconf 90' lang='lat' dir='ltr'><strong>et</strong></span> <span class='ocrx_word' id='word_1_64' title='bbox 1948 928 2064 995; x_wconf 88' lang='lat' dir='ltr'><strong>ipsa</strong></span> 
     </span>
    </p>
   </div>
   <div class='ocr_carea' id='block_1_9' title="bbox 491 1017 2065 1089">
    <p class='ocr_par' dir='ltr' id='par_1_9' title="bbox 491 1017 2065 1089">
     <span class='ocr_line' id='line_1_9' title="bbox 491 1017 2065 1089; baseline 0 -15"><span class='ocrx_word' id='word_1_65' title='bbox 491 1020 558 1074; x_wconf 87' lang='lat' dir='ltr'><strong>ad</strong></span> <span class='ocrx_word' id='word_1_66' title='bbox 593 1020 906 1087; x_wconf 86' lang='lat' dir='ltr'><strong>Dominum,</strong></span> <span class='ocrx_word' id='word_1_67' title='bbox 955 1021 1179 1074; x_wconf 83' lang='lat' dir='ltr'><strong>dicens:</strong></span> <span class='ocrx_word' id='word_1_68' title='bbox 1213 1017 1332 1085; x_wconf 90' lang='lat' dir='ltr'><strong>Quo</strong></span> <span class='ocrx_word' id='word_1_69' title='bbox 1374 1019 1575 1089; x_wconf 79' lang='lat' dir='ltr'><strong>pergis,</strong></span> <span class='ocrx_word' id='word_1_70' title='bbox 1624 1019 1880 1074; x_wconf 87' lang='lat' dir='ltr'><strong>Domine?</strong></span> <span class='ocrx_word' id='word_1_71' title='bbox 1927 1019 2065 1086; x_wconf 86' lang='lat' dir='ltr'><strong>Quid</strong></span> 
     </span>
    </p>
   </div>
   <div class='ocr_carea' id='block_1_10' title="bbox 493 1109 2067 1181">
    <p class='ocr_par' dir='ltr' id='par_1_10' title="bbox 493 1109 2067 1181">
     <span class='ocr_line' id='line_1_10' title="bbox 493 1109 2067 1181; baseline -0.001 -15"><span class='ocrx_word' id='word_1_72' title='bbox 493 1113 574 1168; x_wconf 85' lang='lat' dir='ltr'><strong>vis</strong></span> <span class='ocrx_word' id='word_1_73' title='bbox 611 1113 795 1168; x_wconf 87' lang='lat' dir='ltr'><strong>videre</strong></span> <span class='ocrx_word' id='word_1_74' title='bbox 842 1111 1148 1181; x_wconf 88' lang='lat' dir='ltr'><strong>sepulcrum</strong></span> <span class='ocrx_word' id='word_1_75' title='bbox 1185 1109 1422 1165; x_wconf 81' lang='lat' dir='ltr'><strong>Lazari?</strong></span> <span class='ocrx_word' id='word_1_76' title='bbox 1467 1109 1604 1177; x_wconf 87' lang='lat' dir='ltr'><strong>Quid</strong></span> <span class='ocrx_word' id='word_1_77' title='bbox 1649 1109 1872 1164; x_wconf 88' lang='lat' dir='ltr'><strong>refricas</strong></span> <span class='ocrx_word' id='word_1_78' title='bbox 1918 1109 2067 1165; x_wconf 87' lang='lat' dir='ltr'><strong>dolo-</strong></span> 
     </span>
    </p>
   </div>
   <div class='ocr_carea' id='block_1_11' title="bbox 494 1200 2068 1271">
    <p class='ocr_par' dir='ltr' id='par_1_11' title="bbox 494 1200 2068 1271">
     <span class='ocr_line' id='line_1_11' title="bbox 494 1200 2068 1271; baseline -0.002 -12"><span class='ocrx_word' id='word_1_79' title='bbox 494 1220 608 1259; x_wconf 88' lang='lat' dir='ltr'><strong>rem</strong></span> <span class='ocrx_word' id='word_1_80' title='bbox 663 1204 949 1259; x_wconf 84' lang='lat' dir='ltr'><strong>nostrum?</strong></span> <span class='ocrx_word' id='word_1_81' title='bbox 987 1204 1124 1271; x_wconf 84' lang='lat' dir='ltr'><strong>Quid</strong></span> <span class='ocrx_word' id='word_1_82' title='bbox 1161 1203 1365 1258; x_wconf 89' lang='lat' dir='ltr'><strong>luctum</strong></span> <span class='ocrx_word' id='word_1_83' title='bbox 1415 1200 1752 1256; x_wconf 80' lang='lat' dir='ltr'><strong>essuscitas?</strong></span> <span class='ocrx_word' id='word_1_84' title='bbox 1802 1201 1942 1269; x_wconf 89' lang='lat' dir='ltr'><strong>Quid</strong></span> <span class='ocrx_word' id='word_1_85' title='bbox 1985 1201 2068 1256; x_wconf 91' lang='lat' dir='ltr'><strong>vis</strong></span> 
     </span>
    </p>
   </div>
   <div class='ocr_carea' id='block_1_12' title="bbox 494 1291 2068 1368">
    <p class='ocr_par' dir='ltr' id='par_1_12' title="bbox 494 1291 2068 1368">
     <span class='ocr_line' id='line_1_12' title="bbox 494 1291 2068 1368; baseline -0.001 -18"><span class='ocrx_word' id='word_1_86' title='bbox 494 1298 682 1353; x_wconf 87' lang='lat' dir='ltr'><strong>videre</strong></span> <span class='ocrx_word' id='word_1_87' title='bbox 711 1297 1044 1368; x_wconf 84' lang='lat' dir='ltr'><strong>sepulcrum?</strong></span> <span class='ocrx_word' id='word_1_88' title='bbox 1073 1295 1218 1350; x_wconf 71' lang='lat' dir='ltr'><strong>Nihil</strong></span> <span class='ocrx_word' id='word_1_89' title='bbox 1239 1295 1408 1361; x_wconf 91' lang='lat' dir='ltr'><strong>enim,</strong></span> <span class='ocrx_word' id='word_1_90' title='bbox 1443 1293 1686 1359; x_wconf 86' lang='lat' dir='ltr'><strong>Domine,</strong></span> <span class='ocrx_word' id='word_1_91' title='bbox 1715 1291 1841 1347; x_wconf 91' lang='lat' dir='ltr'><strong>inde</strong></span> <span class='ocrx_word' id='word_1_92' title='bbox 1872 1291 2068 1348; x_wconf 85' lang='lat' dir='ltr'><strong>retnle-</strong></span> 
     </span>
    </p>
   </div>
   <div class='ocr_carea' id='block_1_13' title="bbox 492 1383 2066 1456">
    <p class='ocr_par' dir='ltr' id='par_1_13' title="bbox 492 1383 2066 1456">
     <span class='ocr_line' id='line_1_13' title="bbox 492 1383 2066 1456; baseline -0.003 -14"><span class='ocrx_word' id='word_1_93' title='bbox 492 1387 570 1442; x_wconf 88' lang='lat' dir='ltr'><strong>ris</strong></span> <span class='ocrx_word' id='word_1_94' title='bbox 597 1388 864 1442; x_wconf 85' lang='lat' dir='ltr'><strong>commodi</strong></span> <span class='ocrx_word' id='word_1_95' title='bbox 892 1405 905 1440; x_wconf 90' lang='lat'><strong>:</strong></span> <span class='ocrx_word' id='word_1_96' title='bbox 932 1389 1046 1456; x_wconf 86' lang='lat' dir='ltr'><strong>jam</strong></span> <span class='ocrx_word' id='word_1_97' title='bbox 1069 1387 1212 1455; x_wconf 73' lang='lat' dir='ltr'><strong>fetet,</strong></span> <span class='ocrx_word' id='word_1_98' title='bbox 1244 1385 1626 1454; x_wconf 69' lang='lat' dir='ltr'><strong>quatriduum</strong></span> <span class='ocrx_word' id='word_1_99' title='bbox 1652 1394 1727 1438; x_wconf 90' lang='lat' dir='ltr'><strong>est</strong></span> <span class='ocrx_word' id='word_1_100' title='bbox 1767 1388 1928 1437; x_wconf 82' lang='lat' dir='ltr'><strong>enim.</strong></span> <span class='ocrx_word' id='word_1_101' title='bbox 1960 1383 2066 1438; x_wconf 87' lang='lat' dir='ltr'><strong>Do-</strong></span> 
     </span>
    </p>
   </div>
   <div class='ocr_carea' id='block_1_14' title="bbox 495 1476 2068 1546">
    <p class='ocr_par' dir='ltr' id='par_1_14' title="bbox 495 1476 2068 1546">
     <span class='ocr_line' id='line_1_14' title="bbox 495 1476 2068 1546; baseline -0.003 -12"><span class='ocrx_word' id='word_1_102' title='bbox 495 1476 672 1534; x_wconf 74' lang='lat' dir='ltr'><strong>minus</strong></span> <span class='ocrx_word' id='word_1_103' title='bbox 694 1491 873 1534; x_wconf 88' lang='lat' dir='ltr'><strong>autem</strong></span> <span class='ocrx_word' id='word_1_104' title='bbox 901 1481 968 1534; x_wconf 89' lang='lat' dir='ltr'><strong>ad</strong></span> <span class='ocrx_word' id='word_1_105' title='bbox 999 1478 1288 1532; x_wconf 81' lang='lat' dir='ltr'><strong>Martham:</strong></span> <span class='ocrx_word' id='word_1_106' title='bbox 1310 1476 1498 1530; x_wconf 81' lang='lat' dir='ltr'><strong>Nonne</strong></span> <span class='ocrx_word' id='word_1_107' title='bbox 1529 1477 1643 1530; x_wconf 74' lang='lat' dir='ltr'><strong>diai</strong></span> <span class='ocrx_word' id='word_1_108' title='bbox 1675 1476 1787 1534; x_wconf 82' lang='lat' dir='ltr'><strong>tibi.</strong></span> <span class='ocrx_word' id='word_1_109' title='bbox 1815 1477 2068 1546; x_wconf 83' lang='lat' dir='ltr'><strong>quoniam</strong></span> 
     </span>
    </p>
   </div>
   <div class='ocr_carea' id='block_1_15' title="bbox 496 1566 2069 1640">
    <p class='ocr_par' dir='ltr' id='par_1_15' title="bbox 496 1566 2069 1640">
     <span class='ocr_line' id='line_1_15' title="bbox 496 1566 2069 1640; baseline -0.003 -16"><span class='ocrx_word' id='word_1_110' title='bbox 496 1571 542 1624; x_wconf 87' lang='lat' dir='ltr'><strong>si</strong></span> <span class='ocrx_word' id='word_1_111' title='bbox 571 1571 872 1634; x_wconf 75' lang='lat' dir='ltr'><strong>credideris,</strong></span> <span class='ocrx_word' id='word_1_112' title='bbox 892 1571 1083 1626; x_wconf 82' lang='lat' dir='ltr'><strong>videbis</strong></span> <span class='ocrx_word' id='word_1_113' title='bbox 1110 1571 1332 1640; x_wconf 81' lang='lat' dir='ltr'><strong>gloriam</strong></span> <span class='ocrx_word' id='word_1_114' title='bbox 1361 1569 1458 1623; x_wconf 88' lang='lat' dir='ltr'><strong>Dei</strong></span> <span class='ocrx_word' id='word_1_115' title='bbox 1483 1570 1508 1624; x_wconf 66' lang='grc' dir='ltr'>Γ</span> <span class='ocrx_word' id='word_1_116' title='bbox 1532 1567 1731 1622; x_wconf 76' lang='lat' dir='ltr'><strong>Mihine</strong></span> <span class='ocrx_word' id='word_1_117' title='bbox 1765 1566 1922 1632; x_wconf 87' lang='lat' dir='ltr'><strong>dicis,</strong></span> <span class='ocrx_word' id='word_1_118' title='bbox 1945 1566 2069 1621; x_wconf 75' lang='lat' dir='ltr'><strong>1am</strong></span> 
     </span>
    </p>
   </div>
   <div class='ocr_carea' id='block_1_16' title="bbox 498 1659 2070 1734">
    <p class='ocr_par' dir='ltr' id='par_1_16' title="bbox 498 1659 2070 1734">
     <span class='ocr_line' id='line_1_16' title="bbox 498 1659 2070 1734; baseline -0.001 -17"><span class='ocrx_word' id='word_1_119' title='bbox 498 1662 663 1732; x_wconf 76' lang='lat' dir='ltr'><strong>fetet?</strong></span> <span class='ocrx_word' id='word_1_120' title='bbox 692 1662 859 1718; x_wconf 79' lang='lat' dir='ltr'><strong>Soror</strong></span> <span class='ocrx_word' id='word_1_121' title='bbox 885 1673 972 1717; x_wconf 86' lang='lat' dir='ltr'><strong>tua</strong></span> <span class='ocrx_word' id='word_1_122' title='bbox 1004 1662 1156 1734; x_wconf 76' lang='lat' dir='ltr'><strong>ungit</strong></span> <span class='ocrx_word' id='word_1_123' title='bbox 1181 1669 1475 1732; x_wconf 72' lang='lat' dir='ltr'><strong>unguento,</strong></span> <span class='ocrx_word' id='word_1_124' title='bbox 1517 1660 1741 1730; x_wconf 88' lang='lat' dir='ltr'><strong>ipsaque</strong></span> <span class='ocrx_word' id='word_1_125' title='bbox 1773 1661 1823 1715; x_wconf 92' lang='lat' dir='ltr'><strong>in</strong></span> <span class='ocrx_word' id='word_1_126' title='bbox 1847 1659 2070 1717; x_wconf 77' lang='lat' dir='ltr'><strong>inﬁdeli-</strong></span> 
     </span>
    </p>
   </div>
   <div class='ocr_carea' id='block_1_17' title="bbox 501 1753 2066 1823">
    <p class='ocr_par' dir='ltr' id='par_1_17' title="bbox 501 1753 2066 1823">
     <span class='ocr_line' id='line_1_17' title="bbox 501 1753 2066 1823; baseline 0.001 -15"><span class='ocrx_word' id='word_1_127' title='bbox 501 1766 611 1809; x_wconf 89' lang='lat' dir='ltr'><strong>tate</strong></span> <span class='ocrx_word' id='word_1_128' title='bbox 661 1754 1003 1823; x_wconf 80' lang='lat' dir='ltr'><strong>denigraris?</strong></span> <span class='ocrx_word' id='word_1_129' title='bbox 1035 1754 1164 1810; x_wconf 83' lang='lat' dir='ltr'><strong>Volo</strong></span> <span class='ocrx_word' id='word_1_130' title='bbox 1193 1754 1375 1808; x_wconf 90' lang='lat' dir='ltr'><strong>videre</strong></span> <span class='ocrx_word' id='word_1_131' title='bbox 1408 1753 1716 1822; x_wconf 85' lang='lat' dir='ltr'><strong>sepulcrum</strong></span> <span class='ocrx_word' id='word_1_132' title='bbox 1751 1754 1906 1808; x_wconf 85' lang='lat' dir='ltr'><strong>amici</strong></span> <span class='ocrx_word' id='word_1_133' title='bbox 1939 1753 2066 1809; x_wconf 89' lang='lat' dir='ltr'><strong>mei.</strong></span> 
     </span>
    </p>
   </div>
   <div class='ocr_carea' id='block_1_18' title="bbox 2163 548 3742 629">
    <p class='ocr_par' dir='ltr' id='par_1_18' title="bbox 2163 548 3742 629">
     <span class='ocr_line' id='line_1_18' title="bbox 2163 548 3742 629; baseline 0 -17"><span class='ocrx_word' id='word_1_134' title='bbox 2163 559 2491 629; x_wconf 82' lang='grc' dir='ltr'><strong>προσφάτως</strong></span> <span class='ocrx_word' id='word_1_135' title='bbox 2522 555 2983 627; x_wconf 86' lang='grc' dir='ltr'>τελευτησάντων,</span> <span class='ocrx_word' id='word_1_136' title='bbox 3003 548 3078 609; x_wconf 85' lang='grc' dir='ltr'>ὧν</span> <span class='ocrx_word' id='word_1_137' title='bbox 3105 555 3349 628; x_wconf 70' lang='grc' dir='ltr'>ἤγειρεν,</span> <span class='ocrx_word' id='word_1_138' title='bbox 3381 556 3482 610; x_wconf 80' lang='grc' dir='ltr'>οὐκ</span> <span class='ocrx_word' id='word_1_139' title='bbox 3507 556 3742 612; x_wconf 77' lang='grc' dir='ltr'>ὲπιστάρ</span> 
     </span>
    </p>
   </div>
   <div class='ocr_carea' id='block_1_19' title="bbox 2165 641 3743 718">
    <p class='ocr_par' dir='ltr' id='par_1_19' title="bbox 2165 641 3743 718">
     <span class='ocr_line' id='line_1_19' title="bbox 2165 641 3743 718; baseline -0.001 -18"><span class='ocrx_word' id='word_1_140' title='bbox 2165 645 2324 717; x_wconf 87' lang='grc' dir='ltr'>μεθα.</span> <span class='ocrx_word' id='word_1_141' title='bbox 2347 644 2516 699; x_wconf 84' lang='grc' dir='ltr'>Πόθεν</span> <span class='ocrx_word' id='word_1_142' title='bbox 2540 641 2632 699; x_wconf 80' lang='grc' dir='ltr'>οὖν</span> <span class='ocrx_word' id='word_1_143' title='bbox 2663 643 2818 715; x_wconf 76' lang='grc' dir='ltr'>ἴσμεν</span> <span class='ocrx_word' id='word_1_144' title='bbox 2839 659 2854 709; x_wconf 90' lang='grc'><strong>;</strong></span> <span class='ocrx_word' id='word_1_145' title='bbox 2881 644 2944 696; x_wconf 85' lang='lat' dir='ltr'><strong>El</strong></span> <span class='ocrx_word' id='word_1_146' title='bbox 2968 643 3157 714; x_wconf 81' lang='grc' dir='ltr'><strong>τελείῳ</strong></span> <span class='ocrx_word' id='word_1_147' title='bbox 3181 643 3395 716; x_wconf 81' lang='grc' dir='ltr'><strong>Θανάτῳ</strong></span> <span class='ocrx_word' id='word_1_148' title='bbox 3433 644 3743 718; x_wconf 83' lang='grc' dir='ltr'>παρεδόθη-</span> 
     </span>
    </p>
   </div>
   <div class='ocr_carea' id='block_1_20' title="bbox 2165 735 3742 808">
    <p class='ocr_par' dir='ltr' id='par_1_20' title="bbox 2165 735 3742 808">
     <span class='ocr_line' id='line_1_20' title="bbox 2165 735 3742 808; baseline 0.001 -16"><span class='ocrx_word' id='word_1_149' title='bbox 2165 755 2285 803; x_wconf 92' lang='grc' dir='ltr'>σαν,</span> <span class='ocrx_word' id='word_1_150' title='bbox 2324 737 2513 791; x_wconf 84' lang='grc' dir='ltr'>τοῦτον</span> <span class='ocrx_word' id='word_1_151' title='bbox 2542 737 2858 808; x_wconf 78' lang='grc' dir='ltr'><strong>ἀναστήσει,</strong></span> <span class='ocrx_word' id='word_1_152' title='bbox 2900 736 2996 790; x_wconf 75' lang='grc' dir='ltr'>καὶ</span> <span class='ocrx_word' id='word_1_153' title='bbox 3038 735 3239 805; x_wconf 90' lang='grc' dir='ltr'>γνῶσιν</span> <span class='ocrx_word' id='word_1_154' title='bbox 3274 735 3623 808; x_wconf 75' lang='grc' dir='ltr'>λαμϐάνομεν</span> <span class='ocrx_word' id='word_1_155' title='bbox 3656 741 3742 793; x_wconf 78' lang='grc' dir='ltr'>ὅτι</span> 
     </span>
    </p>
   </div>
   <div class='ocr_carea' id='block_1_21' title="bbox 2163 826 3744 900">
    <p class='ocr_par' dir='ltr' id='par_1_21' title="bbox 2163 826 3744 900">
     <span class='ocr_line' id='line_1_21' title="bbox 2163 826 3744 900; baseline 0 -17"><span class='ocrx_word' id='word_1_156' title='bbox 2163 828 2381 900; x_wconf 90' lang='grc' dir='ltr'>ἀληθῶς</span> <span class='ocrx_word' id='word_1_157' title='bbox 2425 826 2560 882; x_wconf 88' lang='grc' dir='ltr'>Θεοῦ</span> <span class='ocrx_word' id='word_1_158' title='bbox 2601 827 2730 891; x_wconf 85' lang='grc' dir='ltr'>Υἱός</span> <span class='ocrx_word' id='word_1_159' title='bbox 2769 827 2936 880; x_wconf 83' lang='grc' dir='ltr'>ἐστιν.</span> <span class='ocrx_word' id='word_1_160' title='bbox 2973 826 3139 880; x_wconf 82' lang='grc' dir='ltr'>Ὅθεν</span> <span class='ocrx_word' id='word_1_161' title='bbox 3178 827 3273 880; x_wconf 75' lang='grc' dir='ltr'>καὶ</span> <span class='ocrx_word' id='word_1_162' title='bbox 3315 829 3348 899; x_wconf 76' lang='grc' dir='ltr'>ἡ</span> <span class='ocrx_word' id='word_1_163' title='bbox 3387 829 3586 900; x_wconf 80' lang='grc' dir='ltr'>Μάρθα</span> <span class='ocrx_word' id='word_1_164' title='bbox 3629 832 3744 894; x_wconf 78' lang='grc' dir='ltr'>τοῖς</span> 
     </span>
    </p>
   </div>
   <div class='ocr_carea' id='block_1_22' title="bbox 2165 917 3746 992">
    <p class='ocr_par' dir='ltr' id='par_1_22' title="bbox 2165 917 3746 992">
     <span class='ocr_line' id='line_1_22' title="bbox 2165 917 3746 992; baseline -0.001 -17"><span class='ocrx_word' id='word_1_165' title='bbox 2165 923 2342 991; x_wconf 84' lang='grc' dir='ltr'><strong>λόγοις</strong></span> <span class='ocrx_word' id='word_1_166' title='bbox 2368 919 2628 983; x_wconf 82' lang='grc' dir='ltr'>τοιούτοις</span> <span class='ocrx_word' id='word_1_167' title='bbox 2662 917 3204 990; x_wconf 82' lang='grc' dir='ltr'>συμπεριενεχθεῖσα,</span> <span class='ocrx_word' id='word_1_168' title='bbox 3227 918 3498 990; x_wconf 75' lang='grc' dir='ltr'><strong>προσῆλθε</strong></span> <span class='ocrx_word' id='word_1_169' title='bbox 3525 920 3604 992; x_wconf 82' lang='grc' dir='ltr'>τῷ</span> <span class='ocrx_word' id='word_1_170' title='bbox 3637 923 3746 974; x_wconf 79' lang='grc' dir='ltr'><strong>Κυ-</strong></span> 
     </span>
    </p>
   </div>
   <div class='ocr_carea' id='block_1_23' title="bbox 2169 1011 3745 1088">
    <p class='ocr_par' dir='ltr' id='par_1_23' title="bbox 2169 1011 3745 1088">
     <span class='ocr_line' id='line_1_23' title="bbox 2169 1011 3745 1088; baseline 0 -21"><span class='ocrx_word' id='word_1_171' title='bbox 2169 1016 2266 1088; x_wconf 83' lang='grc' dir='ltr'><strong>ρίῳ</strong></span> <span class='ocrx_word' id='word_1_172' title='bbox 2289 1014 2386 1068; x_wconf 77' lang='grc' dir='ltr'>καὶ</span> <span class='ocrx_word' id='word_1_173' title='bbox 2407 1015 2543 1085; x_wconf 80' lang='grc' dir='ltr'>αὐτὴ</span> <span class='ocrx_word' id='word_1_174' title='bbox 2565 1013 2797 1082; x_wconf 78' lang='grc' dir='ltr'>λέγουσα</span> <span class='ocrx_word' id='word_1_175' title='bbox 2814 1029 2827 1041; x_wconf 89' lang='grc'><strong>·</strong></span> <span class='ocrx_word' id='word_1_176' title='bbox 2855 1011 2965 1066; x_wconf 90' lang='grc' dir='ltr'><strong>Ποῦ</strong></span> <span class='ocrx_word' id='word_1_177' title='bbox 2991 1011 3218 1084; x_wconf 76' lang='grc' dir='ltr'>πορεύῃ,</span> <span class='ocrx_word' id='word_1_178' title='bbox 3245 1012 3490 1067; x_wconf 82' lang='grc' dir='ltr'>Δέσποτα</span> <span class='ocrx_word' id='word_1_179' title='bbox 3513 1030 3528 1079; x_wconf 91' lang='grc'><strong>;</strong></span> <span class='ocrx_word' id='word_1_180' title='bbox 3555 1014 3620 1066; x_wconf 98' lang='grc' dir='ltr'><strong>Τί</strong></span> <span class='ocrx_word' id='word_1_181' title='bbox 3653 1013 3745 1068; x_wconf 75' lang='grc' dir='ltr'>θέ-</span> 
     </span>
    </p>
   </div>
   <div class='ocr_carea' id='block_1_24' title="bbox 2165 1101 3732 1196">
    <p class='ocr_par' dir='ltr' id='par_1_24' title="bbox 2165 1101 3732 1196">
     <span class='ocr_line' id='line_1_24' title="bbox 2165 1101 3732 1196; baseline 0 -40"><span class='ocrx_word' id='word_1_182' title='bbox 2165 1103 2277 1168; x_wconf 88' lang='grc' dir='ltr'>λεις</span> <span class='ocrx_word' id='word_1_183' title='bbox 2301 1103 2598 1196; x_wconf 48' lang='grc' dir='ltr'>τὺνράφον</span> <span class='ocrx_word' id='word_1_184' title='bbox 2643 1103 2770 1155; x_wconf 79' lang='grc' dir='ltr'>ἰδεῖν</span> <span class='ocrx_word' id='word_1_185' title='bbox 2805 1101 3084 1171; x_wconf 89' lang='grc' dir='ltr'>Δαζάρου;</span> <span class='ocrx_word' id='word_1_186' title='bbox 3119 1102 3184 1155; x_wconf 89' lang='grc' dir='ltr'><strong>Τί</strong></span> <span class='ocrx_word' id='word_1_187' title='bbox 3226 1103 3326 1174; x_wconf 83' lang='grc' dir='ltr'>τὴν</span> <span class='ocrx_word' id='word_1_188' title='bbox 3353 1103 3544 1176; x_wconf 84' lang='grc' dir='ltr'>ὀδύνην</span> <span class='ocrx_word' id='word_1_189' title='bbox 3583 1105 3732 1177; x_wconf 63' lang='grc' dir='ltr'>ἡμῶν</span> 
     </span>
    </p>
   </div>
   <div class='ocr_carea' id='block_1_25' title="bbox 2166 1192 3744 1265">
    <p class='ocr_par' dir='ltr' id='par_1_25' title="bbox 2166 1192 3744 1265">
     <span class='ocr_line' id='line_1_25' title="bbox 2166 1192 3744 1265; baseline 0 -14"><span class='ocrx_word' id='word_1_190' title='bbox 2166 1192 2447 1264; x_wconf 73' lang='grc' dir='ltr'>ἀναξέειξ;</span> <span class='ocrx_word' id='word_1_191' title='bbox 2477 1195 2542 1248; x_wconf 90' lang='grc' dir='ltr'><strong>Τί</strong></span> <span class='ocrx_word' id='word_1_192' title='bbox 2573 1192 2633 1247; x_wconf 74' lang='grc' dir='ltr'>τὸ</span> <span class='ocrx_word' id='word_1_193' title='bbox 2655 1193 2847 1258; x_wconf 82' lang='grc' dir='ltr'>πένθος</span> <span class='ocrx_word' id='word_1_194' title='bbox 2871 1193 3207 1265; x_wconf 85' lang='grc' dir='ltr'>ἐπεγείρεις;</span> <span class='ocrx_word' id='word_1_195' title='bbox 3237 1193 3302 1248; x_wconf 88' lang='grc' dir='ltr'><strong>Τί</strong></span> <span class='ocrx_word' id='word_1_196' title='bbox 3328 1195 3501 1259; x_wconf 87' lang='grc' dir='ltr'>θέλεις</span> <span class='ocrx_word' id='word_1_197' title='bbox 3523 1197 3616 1252; x_wconf 82' lang='grc' dir='ltr'>τὸν</span> <span class='ocrx_word' id='word_1_198' title='bbox 3645 1197 3744 1251; x_wconf 86' lang='grc' dir='ltr'>τά-</span> 
     </span>
    </p>
   </div>
   <div class='ocr_carea' id='block_1_26' title="bbox 2168 1285 3742 1362">
    <p class='ocr_par' dir='ltr' id='par_1_26' title="bbox 2168 1285 3742 1362">
     <span class='ocr_line' id='line_1_26' title="bbox 2168 1285 3742 1362; baseline -0.004 -18"><span class='ocrx_word' id='word_1_199' title='bbox 2168 1307 2266 1362; x_wconf 80' lang='grc' dir='ltr'><strong>φον</strong></span> <span class='ocrx_word' id='word_1_200' title='bbox 2321 1288 2478 1354; x_wconf 86' lang='grc' dir='ltr'>ίδεῖν;</span> <span class='ocrx_word' id='word_1_201' title='bbox 2517 1285 2684 1340; x_wconf 75' lang='grc' dir='ltr'>Οὐδὲν</span> <span class='ocrx_word' id='word_1_202' title='bbox 2714 1285 2825 1357; x_wconf 81' lang='grc' dir='ltr'><strong>γὰρ</strong></span> <span class='ocrx_word' id='word_1_203' title='bbox 2853 1285 3060 1358; x_wconf 81' lang='grc' dir='ltr'>ὠνήσῃ,</span> <span class='ocrx_word' id='word_1_204' title='bbox 3099 1286 3378 1341; x_wconf 76' lang='grc' dir='ltr'>Δέσποταο</span> <span class='ocrx_word' id='word_1_205' title='bbox 3421 1288 3566 1357; x_wconf 81' lang='grc' dir='ltr'>Ἤδη</span> <span class='ocrx_word' id='word_1_206' title='bbox 3605 1289 3742 1356; x_wconf 78' lang='grc' dir='ltr'>ὄζει,</span> 
     </span>
    </p>
   </div>
   <div class='ocr_carea' id='block_1_27' title="bbox 2166 1377 3745 1453">
    <p class='ocr_par' dir='ltr' id='par_1_27' title="bbox 2166 1377 3745 1453">
     <span class='ocr_line' id='line_1_27' title="bbox 2166 1377 3745 1453; baseline 0.001 -19"><span class='ocrx_word' id='word_1_207' title='bbox 2166 1378 2555 1450; x_wconf 76' lang='grc' dir='ltr'>τετραήμερος</span> <span class='ocrx_word' id='word_1_208' title='bbox 2611 1377 2724 1449; x_wconf 62' lang='grc' dir='ltr'><strong>γάρ</strong></span> <span class='ocrx_word' id='word_1_209' title='bbox 2781 1378 2969 1432; x_wconf 83' lang='grc' dir='ltr'>ἐστιν.</span> <span class='ocrx_word' id='word_1_210' title='bbox 3030 1378 3087 1432; x_wconf 90' lang='lat'><strong>&#39;0</strong></span> <span class='ocrx_word' id='word_1_211' title='bbox 3127 1378 3186 1433; x_wconf 74' lang='grc' dir='ltr'>δι</span> <span class='ocrx_word' id='word_1_212' title='bbox 3235 1378 3440 1450; x_wconf 81' lang='grc' dir='ltr'>Κύριος</span> <span class='ocrx_word' id='word_1_213' title='bbox 3479 1381 3617 1450; x_wconf 80' lang='grc' dir='ltr'>πρὸς</span> <span class='ocrx_word' id='word_1_214' title='bbox 3645 1381 3745 1453; x_wconf 81' lang='grc' dir='ltr'>τὴν</span> 
     </span>
    </p>
   </div>
   <div class='ocr_carea' id='block_1_28' title="bbox 2168 1467 3744 1544">
    <p class='ocr_par' dir='ltr' id='par_1_28' title="bbox 2168 1467 3744 1544">
     <span class='ocr_line' id='line_1_28' title="bbox 2168 1467 3744 1544; baseline 0 -18"><span class='ocrx_word' id='word_1_215' title='bbox 2168 1471 2398 1544; x_wconf 79' lang='grc' dir='ltr'>Μάρθαν</span> <span class='ocrx_word' id='word_1_216' title='bbox 2417 1487 2430 1499; x_wconf 82' lang='grc'><strong>’</strong></span> <span class='ocrx_word' id='word_1_217' title='bbox 2466 1473 2587 1525; x_wconf 83' lang='grc' dir='ltr'><strong>οὐκ</strong></span> <span class='ocrx_word' id='word_1_218' title='bbox 2622 1467 2796 1524; x_wconf 74' lang='grc' dir='ltr'>εἶπόν</span> <span class='ocrx_word' id='word_1_219' title='bbox 2819 1485 2940 1535; x_wconf 89' lang='grc' dir='ltr'>σοι,</span> <span class='ocrx_word' id='word_1_220' title='bbox 2977 1469 3064 1524; x_wconf 86' lang='grc' dir='ltr'>ὅτι</span> <span class='ocrx_word' id='word_1_221' title='bbox 3091 1471 3200 1525; x_wconf 82' lang='grc' dir='ltr'><strong>ἐὰν</strong></span> <span class='ocrx_word' id='word_1_222' title='bbox 3223 1473 3583 1542; x_wconf 82' lang='grc' dir='ltr'>πιστεύσῃς,</span> <span class='ocrx_word' id='word_1_223' title='bbox 3617 1474 3744 1544; x_wconf 67' lang='grc' dir='ltr'><strong>ὄψῃ</strong></span> 
     </span>
    </p>
   </div>
   <div class='ocr_carea' id='block_1_29' title="bbox 2167 1565 3748 1638">
    <p class='ocr_par' dir='ltr' id='par_1_29' title="bbox 2167 1565 3748 1638">
     <span class='ocr_line' id='line_1_29' title="bbox 2167 1565 3748 1638; baseline -0.001 -15"><span class='ocrx_word' id='word_1_224' title='bbox 2167 1569 2283 1638; x_wconf 72' lang='grc' dir='ltr'><strong>τὴν</strong></span> <span class='ocrx_word' id='word_1_225' title='bbox 2297 1567 2485 1632; x_wconf 76' lang='grc' dir='ltr'>δόξαν</span> <span class='ocrx_word' id='word_1_226' title='bbox 2507 1567 2613 1622; x_wconf 88' lang='grc' dir='ltr'><strong>τοῦ</strong></span> <span class='ocrx_word' id='word_1_227' title='bbox 2635 1565 2823 1628; x_wconf 66' lang='grc' dir='ltr'>Θειοῦς</span> <span class='ocrx_word' id='word_1_228' title='bbox 2865 1565 3021 1637; x_wconf 75' lang='grc' dir='ltr'>Ἐμοὶ</span> <span class='ocrx_word' id='word_1_229' title='bbox 3053 1566 3265 1634; x_wconf 86' lang='grc' dir='ltr'>λέγεις,</span> <span class='ocrx_word' id='word_1_230' title='bbox 3296 1565 3441 1634; x_wconf 80' lang='grc' dir='ltr'>Ἤδη</span> <span class='ocrx_word' id='word_1_231' title='bbox 3485 1567 3636 1632; x_wconf 80' lang='grc' dir='ltr'>ὄζει;</span> <span class='ocrx_word' id='word_1_232' title='bbox 3679 1569 3748 1622; x_wconf 82' lang='grc' dir='ltr'><strong><em>Ἠ</em></strong></span> 
     </span>
    </p>
   </div>
   <div class='ocr_carea' id='block_1_30' title="bbox 2168 1657 3747 1734">
    <p class='ocr_par' dir='ltr' id='par_1_30' title="bbox 2168 1657 3747 1734">
     <span class='ocr_line' id='line_1_30' title="bbox 2168 1657 3747 1734; baseline 0.001 -20"><span class='ocrx_word' id='word_1_233' title='bbox 2168 1661 2369 1732; x_wconf 70' lang='grc' dir='ltr'>ἀδελφή</span> <span class='ocrx_word' id='word_1_234' title='bbox 2419 1676 2514 1714; x_wconf 83' lang='grc' dir='ltr'><strong>σου</strong></span> <span class='ocrx_word' id='word_1_235' title='bbox 2547 1657 2785 1730; x_wconf 79' lang='grc' dir='ltr'>μυρίζει,</span> <span class='ocrx_word' id='word_1_236' title='bbox 2814 1659 2908 1712; x_wconf 67' lang='grc' dir='ltr'>καὶ</span> <span class='ocrx_word' id='word_1_237' title='bbox 2938 1659 3002 1712; x_wconf 81' lang='grc' dir='ltr'>σὺ</span> <span class='ocrx_word' id='word_1_238' title='bbox 3029 1659 3266 1730; x_wconf 76' lang='grc' dir='ltr'>καπνίζῃ</span> <span class='ocrx_word' id='word_1_239' title='bbox 3296 1659 3358 1712; x_wconf 77' lang='grc' dir='ltr'><strong>ἐν</strong></span> <span class='ocrx_word' id='word_1_240' title='bbox 3389 1662 3456 1731; x_wconf 72' lang='grc' dir='ltr'>τῇ</span> <span class='ocrx_word' id='word_1_241' title='bbox 3482 1661 3747 1734; x_wconf 70' lang='grc' dir='ltr'>ἀπιστίας</span> 
     </span>
    </p>
   </div>
   <div class='ocr_carea' id='block_1_31' title="bbox 2170 1750 3258 1822">
    <p class='ocr_par' dir='ltr' id='par_1_31' title="bbox 2170 1750 3258 1822">
     <span class='ocr_line' id='line_1_31' title="bbox 2170 1750 3258 1822; baseline -0.003 -15"><span class='ocrx_word' id='word_1_242' title='bbox 2170 1753 2320 1807; x_wconf 87' lang='grc' dir='ltr'><strong>Θέλω</strong></span> <span class='ocrx_word' id='word_1_243' title='bbox 2351 1752 2443 1805; x_wconf 81' lang='grc' dir='ltr'>τὸν</span> <span class='ocrx_word' id='word_1_244' title='bbox 2468 1751 2638 1819; x_wconf 78' lang='grc' dir='ltr'>τάφον</span> <span class='ocrx_word' id='word_1_245' title='bbox 2671 1751 2800 1804; x_wconf 85' lang='grc' dir='ltr'>ίδεῖν</span> <span class='ocrx_word' id='word_1_246' title='bbox 2820 1750 2914 1804; x_wconf 90' lang='grc' dir='ltr'><strong>τοῦ</strong></span> <span class='ocrx_word' id='word_1_247' title='bbox 2944 1751 3096 1821; x_wconf 82' lang='grc' dir='ltr'>φίλου</span> <span class='ocrx_word' id='word_1_248' title='bbox 3136 1768 3258 1822; x_wconf 90' lang='grc' dir='ltr'>μου.</span> 
     </span>
    </p>
   </div>
   <div class='ocr_carea' id='block_1_32' title="bbox 565 1836 2080 1920">
    <p class='ocr_par' dir='ltr' id='par_1_32' title="bbox 565 1845 2073 1916">
     <span class='ocr_line' id='line_1_32' title="bbox 565 1845 2073 1916; baseline 0.001 -14"><span class='ocrx_word' id='word_1_249' title='bbox 565 1847 657 1910; x_wconf 80' lang='grc' dir='ltr'>ιν.</span> <span class='ocrx_word' id='word_1_250' title='bbox 698 1846 791 1902; x_wconf 84' lang='lat' dir='ltr'><strong>llis</strong></span> <span class='ocrx_word' id='word_1_251' title='bbox 831 1847 1090 1902; x_wconf 82' lang='lat' dir='ltr'><strong>Dominus</strong></span> <span class='ocrx_word' id='word_1_252' title='bbox 1142 1847 1321 1910; x_wconf 90' lang='lat' dir='ltr'><strong>dictis,</strong></span> <span class='ocrx_word' id='word_1_253' title='bbox 1379 1845 1445 1901; x_wconf 89' lang='lat' dir='ltr'><strong>ad</strong></span> <span class='ocrx_word' id='word_1_254' title='bbox 1501 1847 1806 1916; x_wconf 85' lang='lat' dir='ltr'><strong>sepulcrum</strong></span> <span class='ocrx_word' id='word_1_255' title='bbox 1852 1861 2073 1916; x_wconf 86' lang='lat' dir='ltr'><strong>proces-</strong></span> 
     </span>
    </p>
   </div>
   <div class='ocr_carea' id='block_1_33' title="bbox 2183 1836 3750 1920">
    <p class='ocr_par' dir='ltr' id='par_1_33' title="bbox 2227 1843 3750 1920">
     <span class='ocr_line' id='line_1_33' title="bbox 2227 1843 3750 1920; baseline 0.001 -21"><span class='ocrx_word' id='word_1_256' title='bbox 2227 1848 2300 1900; x_wconf 73' lang='lat' dir='ltr'><strong>A’.</strong></span> <span class='ocrx_word' id='word_1_257' title='bbox 2325 1844 2506 1901; x_wconf 85' lang='grc' dir='ltr'>Ταῦτα</span> <span class='ocrx_word' id='word_1_258' title='bbox 2533 1843 2700 1898; x_wconf 78' lang='grc' dir='ltr'>εἰπὼν</span> <span class='ocrx_word' id='word_1_259' title='bbox 2721 1845 2986 1917; x_wconf 76' lang='grc' dir='ltr'>ὀΚύριος,</span> <span class='ocrx_word' id='word_1_260' title='bbox 3019 1845 3111 1898; x_wconf 75' lang='grc' dir='ltr'>ἐπὶ</span> <span class='ocrx_word' id='word_1_261' title='bbox 3135 1846 3225 1900; x_wconf 78' lang='grc' dir='ltr'>τὸν</span> <span class='ocrx_word' id='word_1_262' title='bbox 3243 1847 3412 1916; x_wconf 75' lang='grc' dir='ltr'>τάφον</span> <span class='ocrx_word' id='word_1_263' title='bbox 3435 1846 3750 1920; x_wconf 75' lang='grc' dir='ltr'>ἐπορεύετοο</span> 
     </span>
    </p>
   </div>
   <div class='ocr_carea' id='block_1_34' title="bbox 499 1935 2079 2011">
    <p class='ocr_par' dir='ltr' id='par_1_34' title="bbox 499 1935 2079 2011">
     <span class='ocr_line' id='line_1_34' title="bbox 499 1935 2079 2011; baseline -0.002 -17"><span class='ocrx_word' id='word_1_264' title='bbox 499 1938 608 2004; x_wconf 90' lang='lat' dir='ltr'><strong>sit,</strong></span> <span class='ocrx_word' id='word_1_265' title='bbox 632 1941 852 2011; x_wconf 83' lang='lat' dir='ltr'><strong>jamque</strong></span> <span class='ocrx_word' id='word_1_266' title='bbox 881 1940 954 1994; x_wconf 88' lang='lat' dir='ltr'><strong>illi</strong></span> <span class='ocrx_word' id='word_1_267' title='bbox 985 1935 1336 2008; x_wconf 88' lang='lat' dir='ltr'><strong>pr0pinquus,</strong></span> <span class='ocrx_word' id='word_1_268' title='bbox 1381 1947 1441 1992; x_wconf 92' lang='lat' dir='ltr'><strong>ut</strong></span> <span class='ocrx_word' id='word_1_269' title='bbox 1479 1948 1684 1992; x_wconf 89' lang='lat' dir='ltr'><strong>tantum</strong></span> <span class='ocrx_word' id='word_1_270' title='bbox 1720 1937 1852 1993; x_wconf 89' lang='lat' dir='ltr'><strong>vidit</strong></span> <span class='ocrx_word' id='word_1_271' title='bbox 1889 1954 2079 1994; x_wconf 87' lang='lat' dir='ltr'><strong>monu-</strong></span> 
     </span>
    </p>
   </div>
   <div class='ocr_carea' id='block_1_35' title="bbox 499 2027 2075 2100">
    <p class='ocr_par' dir='ltr' id='par_1_35' title="bbox 499 2027 2075 2100">
     <span class='ocr_line' id='line_1_35' title="bbox 499 2027 2075 2100; baseline 0 -16"><span class='ocrx_word' id='word_1_272' title='bbox 499 2042 761 2096; x_wconf 89' lang='lat' dir='ltr'><strong>mentum,</strong></span> <span class='ocrx_word' id='word_1_273' title='bbox 841 2032 1020 2086; x_wconf 85' lang='lat' dir='ltr'><strong>statim</strong></span> <span class='ocrx_word' id='word_1_274' title='bbox 1096 2029 1424 2100; x_wconf 84' lang='lat' dir='ltr'><strong>lacrymatus</strong></span> <span class='ocrx_word' id='word_1_275' title='bbox 1477 2037 1580 2083; x_wconf 86' lang='lat' dir='ltr'><strong>est.</strong></span> <span class='ocrx_word' id='word_1_276' title='bbox 1641 2027 1778 2094; x_wconf 86' lang='lat' dir='ltr'><strong>Quid</strong></span> <span class='ocrx_word' id='word_1_277' title='bbox 1841 2043 1972 2084; x_wconf 88' lang='lat' dir='ltr'><strong>vero</strong></span> <span class='ocrx_word' id='word_1_278' title='bbox 2026 2031 2075 2085; x_wconf 86' lang='lat' dir='ltr'><strong>ei</strong></span> 
     </span>
    </p>
   </div>
   <div class='ocr_carea' id='block_1_36' title="bbox 499 2117 2077 2192">
    <p class='ocr_par' dir='ltr' id='par_1_36' title="bbox 499 2117 2077 2192">
     <span class='ocr_line' id='line_1_36' title="bbox 499 2117 2077 2192; baseline -0.001 -18"><span class='ocrx_word' id='word_1_279' title='bbox 499 2137 659 2192; x_wconf 86' lang='lat' dir='ltr'><strong>quem</strong></span> <span class='ocrx_word' id='word_1_280' title='bbox 692 2129 811 2176; x_wconf 86' lang='lat' dir='ltr'><strong>erat</strong></span> <span class='ocrx_word' id='word_1_281' title='bbox 841 2121 1224 2187; x_wconf 83' lang='lat' dir='ltr'><strong>suscitaturus,</strong></span> <span class='ocrx_word' id='word_1_282' title='bbox 1250 2135 1384 2190; x_wconf 88' lang='lat' dir='ltr'><strong>opus</strong></span> <span class='ocrx_word' id='word_1_283' title='bbox 1414 2119 1706 2190; x_wconf 80' lang='lat' dir='ltr'><strong>lacrymis?</strong></span> <span class='ocrx_word' id='word_1_284' title='bbox 1772 2117 1968 2191; x_wconf 80' lang='lat' dir='ltr'><strong>Utique</strong></span> <span class='ocrx_word' id='word_1_285' title='bbox 1995 2121 2077 2174; x_wconf 89' lang='lat' dir='ltr'><strong>la-</strong></span> 
     </span>
    </p>
   </div>
   <div class='ocr_carea' id='block_1_37' title="bbox 499 2213 2077 2287">
    <p class='ocr_par' dir='ltr' id='par_1_37' title="bbox 499 2213 2077 2287">
     <span class='ocr_line' id='line_1_37' title="bbox 499 2213 2077 2287; baseline -0.001 -18"><span class='ocrx_word' id='word_1_286' title='bbox 499 2225 774 2287; x_wconf 80' lang='lat' dir='ltr'><strong>crymatus</strong></span> <span class='ocrx_word' id='word_1_287' title='bbox 834 2225 920 2269; x_wconf 90' lang='lat' dir='ltr'><strong>est</strong></span> <span class='ocrx_word' id='word_1_288' title='bbox 981 2213 1264 2276; x_wconf 88' lang='lat' dir='ltr'><strong>Dominus,</strong></span> <span class='ocrx_word' id='word_1_289' title='bbox 1317 2222 1370 2266; x_wconf 93' lang='lat' dir='ltr'><strong>ut</strong></span> <span class='ocrx_word' id='word_1_290' title='bbox 1421 2213 1512 2281; x_wconf 87' lang='lat' dir='ltr'><strong>qui</strong></span> <span class='ocrx_word' id='word_1_291' title='bbox 1571 2213 1844 2282; x_wconf 86' lang='lat' dir='ltr'><strong>sapienter</strong></span> <span class='ocrx_word' id='word_1_292' title='bbox 1896 2213 2077 2268; x_wconf 88' lang='lat' dir='ltr'><strong>omnia</strong></span> 
     </span>
    </p>
   </div>
   <div class='ocr_carea' id='block_1_38' title="bbox 502 2306 2078 2377">
    <p class='ocr_par' dir='ltr' id='par_1_38' title="bbox 502 2306 2078 2377">
     <span class='ocr_line' id='line_1_38' title="bbox 502 2306 2078 2377; baseline -0.002 -15"><span class='ocrx_word' id='word_1_293' title='bbox 502 2316 735 2377; x_wconf 73' lang='lat' dir='ltr'><strong>gereret.</strong></span> <span class='ocrx_word' id='word_1_294' title='bbox 783 2307 878 2361; x_wconf 86' lang='lat' dir='ltr'><strong>Est</strong></span> <span class='ocrx_word' id='word_1_295' title='bbox 908 2307 1049 2360; x_wconf 91' lang='lat' dir='ltr'><strong>enim</strong></span> <span class='ocrx_word' id='word_1_296' title='bbox 1083 2306 1411 2376; x_wconf 87' lang='lat' dir='ltr'><strong>lacrymatus</strong></span> <span class='ocrx_word' id='word_1_297' title='bbox 1439 2307 1505 2360; x_wconf 90' lang='lat' dir='ltr'><strong>ad</strong></span> <span class='ocrx_word' id='word_1_298' title='bbox 1545 2307 1828 2372; x_wconf 85' lang='lat' dir='ltr'><strong>tumulum,</strong></span> <span class='ocrx_word' id='word_1_299' title='bbox 1867 2315 1925 2360; x_wconf 91' lang='lat' dir='ltr'><strong>ut</strong></span> <span class='ocrx_word' id='word_1_300' title='bbox 1951 2307 2078 2376; x_wconf 85' lang='lat' dir='ltr'><strong>quid</strong></span> 
     </span>
    </p>
   </div>
   <div class='ocr_carea' id='block_1_39' title="bbox 505 2397 2076 2469">
    <p class='ocr_par' dir='ltr' id='par_1_39' title="bbox 505 2397 2076 2469">
     <span class='ocr_line' id='line_1_39' title="bbox 505 2397 2076 2469; baseline -0.002 -15"><span class='ocrx_word' id='word_1_301' title='bbox 505 2399 542 2454; x_wconf 92' lang='lat' dir='ltr'><strong>ii</strong></span> <span class='ocrx_word' id='word_1_302' title='bbox 578 2399 666 2469; x_wconf 91' lang='lat' dir='ltr'><strong>qni</strong></span> <span class='ocrx_word' id='word_1_303' title='bbox 697 2397 922 2454; x_wconf 79' lang='lat' dir='ltr'><strong>omnites</strong></span> <span class='ocrx_word' id='word_1_304' title='bbox 954 2399 1306 2453; x_wconf 63' lang='lat' dir='ltr'><strong>adhaesissent</strong></span> <span class='ocrx_word' id='word_1_305' title='bbox 1340 2400 1406 2453; x_wconf 89' lang='lat' dir='ltr'><strong>de</strong></span> <span class='ocrx_word' id='word_1_306' title='bbox 1443 2399 1561 2466; x_wconf 87' lang='lat' dir='ltr'><strong>ipso</strong></span> <span class='ocrx_word' id='word_1_307' title='bbox 1613 2398 1936 2469; x_wconf 86' lang='lat' dir='ltr'><strong>suspicionis</strong></span> <span class='ocrx_word' id='word_1_308' title='bbox 1981 2400 2076 2452; x_wconf 60' lang='lat' dir='ltr'><strong>ha»</strong></span> 
     </span>
    </p>
   </div>
   <div class='ocr_carea' id='block_1_40' title="bbox 504 2486 2080 2557">
    <p class='ocr_par' dir='ltr' id='par_1_40' title="bbox 504 2486 2080 2557">
     <span class='ocr_line' id='line_1_40' title="bbox 504 2486 2080 2557; baseline -0.001 -14"><span class='ocrx_word' id='word_1_309' title='bbox 504 2489 695 2543; x_wconf 80' lang='lat' dir='ltr'><strong>herent</strong></span> <span class='ocrx_word' id='word_1_310' title='bbox 735 2488 918 2542; x_wconf 90' lang='lat' dir='ltr'><strong>animo</strong></span> <span class='ocrx_word' id='word_1_311' title='bbox 953 2488 1245 2557; x_wconf 88' lang='lat' dir='ltr'><strong>repositum</strong></span> <span class='ocrx_word' id='word_1_312' title='bbox 1292 2488 1568 2557; x_wconf 84' lang='lat' dir='ltr'><strong>proderet.</strong></span> <span class='ocrx_word' id='word_1_313' title='bbox 1603 2486 1756 2543; x_wconf 89' lang='lat' dir='ltr'><strong>Unde</strong></span> <span class='ocrx_word' id='word_1_314' title='bbox 1804 2492 1970 2543; x_wconf 89' lang='lat' dir='ltr'><strong>etiam</strong></span> <span class='ocrx_word' id='word_1_315' title='bbox 2022 2498 2080 2542; x_wconf 94' lang='lat' dir='ltr'><strong>ut</strong></span> 
     </span>
    </p>
   </div>
   <div class='ocr_carea' id='block_1_41' title="bbox 503 2581 2079 2653">
    <p class='ocr_par' dir='ltr' id='par_1_41' title="bbox 503 2581 2079 2653">
     <span class='ocr_line' id='line_1_41' title="bbox 503 2581 2079 2653; baseline -0.002 -18"><span class='ocrx_word' id='word_1_316' title='bbox 503 2583 757 2638; x_wconf 69' lang='lat' dir='ltr'><strong>viderunt</strong></span> <span class='ocrx_word' id='word_1_317' title='bbox 829 2582 1239 2653; x_wconf 80' lang='lat' dir='ltr'><strong>Iacrymantem,</strong></span> <span class='ocrx_word' id='word_1_318' title='bbox 1296 2583 1590 2637; x_wconf 88' lang='lat' dir='ltr'><strong>humamtm</strong></span> <span class='ocrx_word' id='word_1_319' title='bbox 1653 2585 1830 2636; x_wconf 85' lang='lat' dir='ltr'><strong>denuo</strong></span> <span class='ocrx_word' id='word_1_320' title='bbox 1877 2581 2079 2650; x_wconf 83' lang='lat' dir='ltr'><strong>aliquid</strong></span> 
     </span>
    </p>
   </div>
   <div class='ocr_carea' id='block_1_42' title="bbox 501 2671 2082 2742">
    <p class='ocr_par' dir='ltr' id='par_1_42' title="bbox 501 2671 2082 2742">
     <span class='ocr_line' id='line_1_42' title="bbox 501 2671 2082 2742; baseline 0 -18"><span class='ocrx_word' id='word_1_321' title='bbox 501 2685 676 2742; x_wconf 68' lang='lat' dir='ltr'><strong>passae</strong></span> <span class='ocrx_word' id='word_1_322' title='bbox 733 2671 927 2734; x_wconf 79' lang='lat' dir='ltr'><strong>turbze,</strong></span> <span class='ocrx_word' id='word_1_323' title='bbox 971 2680 1257 2741; x_wconf 71' lang='lat' dir='ltr'><strong>cmperunt</strong></span> <span class='ocrx_word' id='word_1_324' title='bbox 1302 2672 1551 2727; x_wconf 87' lang='lat' dir='ltr'><strong>conferre</strong></span> <span class='ocrx_word' id='word_1_325' title='bbox 1600 2672 1852 2736; x_wconf 85' lang='lat' dir='ltr'><strong>invicem,</strong></span> <span class='ocrx_word' id='word_1_326' title='bbox 1895 2687 1958 2726; x_wconf 89' lang='lat' dir='ltr'><strong>ac</strong></span> <span class='ocrx_word' id='word_1_327' title='bbox 1999 2673 2082 2726; x_wconf 86' lang='lat' dir='ltr'><strong>di-</strong></span> 
     </span>
    </p>
   </div>
   <div class='ocr_carea' id='block_1_43' title="bbox 502 2760 2078 2834">
    <p class='ocr_par' dir='ltr' id='par_1_43' title="bbox 502 2760 2078 2834">
     <span class='ocr_line' id='line_1_43' title="bbox 502 2760 2078 2834; baseline -0.001 -17"><span class='ocrx_word' id='word_1_328' title='bbox 502 2777 629 2818; x_wconf 83' lang='lat' dir='ltr'><strong>cere</strong></span> <span class='ocrx_word' id='word_1_329' title='bbox 663 2781 678 2817; x_wconf 91' lang='lat'><strong>:</strong></span> <span class='ocrx_word' id='word_1_330' title='bbox 711 2760 847 2816; x_wconf 80' lang='lat' dir='ltr'><strong>Ecce</strong></span> <span class='ocrx_word' id='word_1_331' title='bbox 877 2764 1136 2834; x_wconf 82' lang='lat' dir='ltr'><strong>quomodo</strong></span> <span class='ocrx_word' id='word_1_332' title='bbox 1159 2763 1369 2816; x_wconf 79' lang='lat' dir='ltr'><strong>amabat</strong></span> <span class='ocrx_word' id='word_1_333' title='bbox 1401 2779 1538 2817; x_wconf 78' lang='lat' dir='ltr'><strong>euut.</strong></span> <span class='ocrx_word' id='word_1_334' title='bbox 1569 2761 1685 2817; x_wconf 82' lang='lat' dir='ltr'><strong>Non</strong></span> <span class='ocrx_word' id='word_1_335' title='bbox 1735 2771 1962 2833; x_wconf 90' lang='lat' dir='ltr'><strong>poterat,</strong></span> <span class='ocrx_word' id='word_1_336' title='bbox 1987 2761 2078 2827; x_wconf 91' lang='lat' dir='ltr'><strong>qni</strong></span> 
     </span>
    </p>
   </div>
   <div class='ocr_carea' id='block_1_44' title="bbox 503 2853 2082 2920">
    <p class='ocr_par' dir='ltr' id='par_1_44' title="bbox 503 2853 2082 2920">
     <span class='ocr_line' id='line_1_44' title="bbox 503 2853 2082 2920; baseline 0.001 -14"><span class='ocrx_word' id='word_1_337' title='bbox 503 2853 781 2906; x_wconf 78' lang='lat' dir='ltr'><strong>suscitavit</strong></span> <span class='ocrx_word' id='word_1_338' title='bbox 821 2862 1060 2908; x_wconf 88' lang='lat' dir='ltr'><strong>mortuos</strong></span> <span class='ocrx_word' id='word_1_339' title='bbox 1090 2869 1155 2909; x_wconf 90' lang='lat' dir='ltr'><strong>ac</strong></span> <span class='ocrx_word' id='word_1_340' title='bbox 1183 2855 1341 2910; x_wconf 63' lang='lat' dir='ltr'><strong>cacis</strong></span> <span class='ocrx_word' id='word_1_341' title='bbox 1367 2855 1605 2909; x_wconf 82' lang='lat' dir='ltr'><strong>restituit</strong></span> <span class='ocrx_word' id='word_1_342' title='bbox 1641 2855 1814 2910; x_wconf 92' lang='lat' dir='ltr'><strong>visum</strong></span> <span class='ocrx_word' id='word_1_343' title='bbox 1835 2894 1851 2920; x_wconf 94' lang='lat'><strong>,</strong></span> <span class='ocrx_word' id='word_1_344' title='bbox 1903 2854 2082 2909; x_wconf 89' lang='lat' dir='ltr'><strong>facere</strong></span> 
     </span>
    </p>
   </div>
   <div class='ocr_carea' id='block_1_45' title="bbox 515 2923 726 2946">
    <p class='ocr_par' dir='ltr' id='par_1_45' title="bbox 515 2923 726 2946">
     <span class='ocr_line' id='line_1_45' title="bbox 515 2923 726 2946; baseline 0 0"><span class='ocrx_word' id='word_1_345' title='bbox 515 2923 726 2946; x_wconf 54' lang='grc' dir='ltr'><strong>*ωας-’.ο</strong></span> 
     </span>
    </p>
   </div>
   <div class='ocr_carea' id='block_1_46' title="bbox 507 2934 2082 3015">
    <p class='ocr_par' dir='ltr' id='par_1_46' title="bbox 507 2934 2082 3015">
     <span class='ocr_line' id='line_1_46' title="bbox 507 2934 2082 3015; baseline 0.002 -18"><span class='ocrx_word' id='word_1_346' title='bbox 507 2934 1180 3012; x_wconf 56' lang='grc' dir='ltr'>δῖ’ἶῖὀ-Ἰιίο“’ωοι“ετειιιι·,</span> <span class='ocrx_word' id='word_1_347' title='bbox 1214 2945 1481 3015; x_wconf 85' lang='lat' dir='ltr'><strong>siquidem</strong></span> <span class='ocrx_word' id='word_1_348' title='bbox 1528 2962 1650 3000; x_wconf 89' lang='lat' dir='ltr'><strong>eum</strong></span> <span class='ocrx_word' id='word_1_349' title='bbox 1689 2947 1768 3001; x_wconf 87' lang='lat' dir='ltr'><strong>sic</strong></span> <span class='ocrx_word' id='word_1_350' title='bbox 1818 2947 2082 3002; x_wconf 79' lang='lat' dir='ltr'><strong>amabat?</strong></span> 
     </span>
    </p>
   </div>
   <div class='ocr_carea' id='block_1_47' title="bbox 2179 1933 3755 2012">
    <p class='ocr_par' dir='ltr' id='par_1_47' title="bbox 2179 1933 3755 2012">
     <span class='ocr_line' id='line_1_47' title="bbox 2179 1933 3755 2012; baseline 0.001 -20"><span class='ocrx_word' id='word_1_351' title='bbox 2179 1939 2274 1992; x_wconf 71' lang='grc' dir='ltr'>καὶ</span> <span class='ocrx_word' id='word_1_352' title='bbox 2304 1937 2609 2008; x_wconf 84' lang='grc' dir='ltr'>πλησιάσας</span> <span class='ocrx_word' id='word_1_353' title='bbox 2628 1936 2706 2008; x_wconf 87' lang='grc' dir='ltr'>τῷ</span> <span class='ocrx_word' id='word_1_354' title='bbox 2734 1935 2910 2008; x_wconf 85' lang='grc' dir='ltr'>τάφῳ,</span> <span class='ocrx_word' id='word_1_355' title='bbox 2948 1937 3106 2008; x_wconf 72' lang='grc' dir='ltr'>μόνον</span> <span class='ocrx_word' id='word_1_356' title='bbox 3137 1933 3245 1992; x_wconf 78' lang='grc' dir='ltr'>εἶδε</span> <span class='ocrx_word' id='word_1_357' title='bbox 3274 1940 3339 1993; x_wconf 80' lang='grc' dir='ltr'>τὸ</span> <span class='ocrx_word' id='word_1_358' title='bbox 3355 1945 3636 2012; x_wconf 88' lang='grc' dir='ltr'>μνημεῖον,</span> <span class='ocrx_word' id='word_1_359' title='bbox 3664 1942 3755 1994; x_wconf 82' lang='grc' dir='ltr'><strong>εὐ-</strong></span> 
     </span>
    </p>
   </div>
   <div class='ocr_carea' id='block_1_48' title="bbox 2179 2027 3754 2104">
    <p class='ocr_par' dir='ltr' id='par_1_48' title="bbox 2179 2027 3754 2104">
     <span class='ocr_line' id='line_1_48' title="bbox 2179 2027 3754 2104; baseline 0.002 -22"><span class='ocrx_word' id='word_1_360' title='bbox 2179 2030 2317 2094; x_wconf 82' lang='grc' dir='ltr'>θέως</span> <span class='ocrx_word' id='word_1_361' title='bbox 2352 2029 2642 2100; x_wconf 72' lang='grc' dir='ltr'>ἐδάκρυσε.</span> <span class='ocrx_word' id='word_1_362' title='bbox 2700 2027 2796 2093; x_wconf 92' lang='grc' dir='ltr'><strong>Τίς</strong></span> <span class='ocrx_word' id='word_1_363' title='bbox 2839 2031 2872 2100; x_wconf 83' lang='grc' dir='ltr'>ὴ</span> <span class='ocrx_word' id='word_1_364' title='bbox 2912 2030 3070 2100; x_wconf 85' lang='grc' dir='ltr'>χρεία</span> <span class='ocrx_word' id='word_1_365' title='bbox 3103 2030 3378 2101; x_wconf 84' lang='grc' dir='ltr'>δακρύειν,</span> <span class='ocrx_word' id='word_1_366' title='bbox 3409 2032 3468 2085; x_wconf 80' lang='grc' dir='ltr'>ὃν</span> <span class='ocrx_word' id='word_1_367' title='bbox 3519 2032 3754 2104; x_wconf 69' lang='grc' dir='ltr'>ἤμελλεν</span> 
     </span>
    </p>
   </div>
   <div class='ocr_carea' id='block_1_49' title="bbox 2178 2121 3754 2195">
    <p class='ocr_par' dir='ltr' id='par_1_49' title="bbox 2178 2121 3754 2195">
     <span class='ocr_line' id='line_1_49' title="bbox 2178 2121 3754 2195; baseline 0.001 -18"><span class='ocrx_word' id='word_1_368' title='bbox 2178 2123 2440 2195; x_wconf 69' lang='grc' dir='ltr'>ἐγείρειν;</span> <span class='ocrx_word' id='word_1_369' title='bbox 2479 2121 2776 2192; x_wconf 86' lang='grc' dir='ltr'>Ἐδάκρυσε</span> <span class='ocrx_word' id='word_1_370' title='bbox 2805 2121 2942 2192; x_wconf 78' lang='grc'><strong>(47),</strong></span> <span class='ocrx_word' id='word_1_371' title='bbox 2993 2121 3076 2176; x_wconf 82' lang='grc' dir='ltr'><strong>διδ</strong></span> <span class='ocrx_word' id='word_1_372' title='bbox 3106 2123 3344 2188; x_wconf 86' lang='grc' dir='ltr'>συνετῶς</span> <span class='ocrx_word' id='word_1_373' title='bbox 3371 2123 3549 2178; x_wconf 87' lang='grc' dir='ltr'>πάντα</span> <span class='ocrx_word' id='word_1_374' title='bbox 3574 2127 3602 2178; x_wconf 97' lang='lat'><strong>6</strong></span> <span class='ocrx_word' id='word_1_375' title='bbox 3635 2124 3754 2178; x_wconf 82' lang='grc' dir='ltr'><strong>Κύ-</strong></span> 
     </span>
    </p>
   </div>
   <div class='ocr_carea' id='block_1_50' title="bbox 2179 2212 3756 2289">
    <p class='ocr_par' dir='ltr' id='par_1_50' title="bbox 2179 2212 3756 2289">
     <span class='ocr_line' id='line_1_50' title="bbox 2179 2212 3756 2289; baseline 0.001 -21"><span class='ocrx_word' id='word_1_376' title='bbox 2179 2233 2293 2288; x_wconf 83' lang='grc' dir='ltr'>ριος</span> <span class='ocrx_word' id='word_1_377' title='bbox 2317 2213 2495 2284; x_wconf 77' lang='grc' dir='ltr'>σοφῶς</span> <span class='ocrx_word' id='word_1_378' title='bbox 2526 2212 3039 2285; x_wconf 81' lang='grc' dir='ltr'>ἐπραγματεύσατο.</span> <span class='ocrx_word' id='word_1_379' title='bbox 3086 2214 3380 2286; x_wconf 81' lang='grc' dir='ltr'>Ἐδάκρυσε</span> <span class='ocrx_word' id='word_1_380' title='bbox 3411 2216 3519 2289; x_wconf 85' lang='grc' dir='ltr'>γὰρ</span> <span class='ocrx_word' id='word_1_381' title='bbox 3543 2216 3634 2269; x_wconf 66' lang='grc' dir='ltr'><strong>ἐπι</strong></span> <span class='ocrx_word' id='word_1_382' title='bbox 3662 2213 3756 2269; x_wconf 76' lang='grc' dir='ltr'>τὸν</span> 
     </span>
    </p>
   </div>
   <div class='ocr_carea' id='block_1_51' title="bbox 2178 2304 3757 2379">
    <p class='ocr_par' dir='ltr' id='par_1_51' title="bbox 2178 2304 3757 2379">
     <span class='ocr_line' id='line_1_51' title="bbox 2178 2304 3757 2379; baseline -0.001 -18"><span class='ocrx_word' id='word_1_383' title='bbox 2178 2308 2368 2377; x_wconf 82' lang='grc' dir='ltr'>τάφον,</span> <span class='ocrx_word' id='word_1_384' title='bbox 2399 2307 2549 2370; x_wconf 82' lang='grc' dir='ltr'>ὅπως</span> <span class='ocrx_word' id='word_1_385' title='bbox 2568 2305 2677 2358; x_wconf 87' lang='grc' dir='ltr'><strong>τῶν</strong></span> <span class='ocrx_word' id='word_1_386' title='bbox 2706 2304 3187 2376; x_wconf 82' lang='grc' dir='ltr'>ἀκολουθησάντων</span> <span class='ocrx_word' id='word_1_387' title='bbox 3206 2307 3306 2376; x_wconf 86' lang='grc' dir='ltr'>τὴν</span> <span class='ocrx_word' id='word_1_388' title='bbox 3336 2305 3561 2377; x_wconf 84' lang='grc' dir='ltr'>γνώμην</span> <span class='ocrx_word' id='word_1_389' title='bbox 3585 2306 3648 2379; x_wconf 86' lang='grc' dir='ltr'><strong>δη</strong></span> <span class='ocrx_word' id='word_1_390' title='bbox 3659 2324 3757 2378; x_wconf 82' lang='grc' dir='ltr'>μο-</span> 
     </span>
    </p>
   </div>
   <div class='ocr_carea' id='block_1_52' title="bbox 2181 2397 3755 2473">
    <p class='ocr_par' dir='ltr' id='par_1_52' title="bbox 2181 2397 3755 2473">
     <span class='ocr_line' id='line_1_52' title="bbox 2181 2397 3755 2473; baseline -0.001 -20"><span class='ocrx_word' id='word_1_391' title='bbox 2181 2400 2391 2473; x_wconf 83' lang='grc' dir='ltr'>σιεύσῃ,</span> <span class='ocrx_word' id='word_1_392' title='bbox 2419 2400 2537 2452; x_wconf 77' lang='grc' dir='ltr'>οἵαν</span> <span class='ocrx_word' id='word_1_393' title='bbox 2560 2398 2743 2468; x_wconf 75' lang='grc' dir='ltr'>ἔχουσι</span> <span class='ocrx_word' id='word_1_394' title='bbox 2779 2398 2908 2470; x_wconf 76' lang='grc' dir='ltr'>περὶ</span> <span class='ocrx_word' id='word_1_395' title='bbox 2941 2397 3106 2452; x_wconf 83' lang='grc' dir='ltr'>αὑτοῦ</span> <span class='ocrx_word' id='word_1_396' title='bbox 3131 2399 3383 2468; x_wconf 70' lang='grc' dir='ltr'>ὑποψίαν.</span> <span class='ocrx_word' id='word_1_397' title='bbox 3411 2399 3504 2452; x_wconf 77' lang='grc' dir='ltr'>Διὸ</span> <span class='ocrx_word' id='word_1_398' title='bbox 3535 2404 3629 2453; x_wconf 78' lang='grc' dir='ltr'>καὶ</span> <span class='ocrx_word' id='word_1_399' title='bbox 3676 2399 3755 2464; x_wconf 84' lang='grc' dir='ltr'><strong>ὡς</strong></span> 
     </span>
    </p>
   </div>
   <div class='ocr_carea' id='block_1_53' title="bbox 2179 2487 3756 2561">
    <p class='ocr_par' dir='ltr' id='par_1_53' title="bbox 2179 2487 3756 2561">
     <span class='ocr_line' id='line_1_53' title="bbox 2179 2487 3756 2561; baseline 0 -17"><span class='ocrx_word' id='word_1_400' title='bbox 2179 2487 2320 2544; x_wconf 80' lang='grc' dir='ltr'>εἶδον</span> <span class='ocrx_word' id='word_1_401' title='bbox 2360 2491 2524 2545; x_wconf 79' lang='grc' dir='ltr'>αὐτὸν</span> <span class='ocrx_word' id='word_1_402' title='bbox 2557 2488 2925 2561; x_wconf 83' lang='grc' dir='ltr'>δακρύσαντα,</span> <span class='ocrx_word' id='word_1_403' title='bbox 2963 2489 3277 2560; x_wconf 87' lang='grc' dir='ltr'>ἀνθρώπινα</span> <span class='ocrx_word' id='word_1_404' title='bbox 3309 2490 3470 2544; x_wconf 88' lang='grc' dir='ltr'>πάλιν</span> <span class='ocrx_word' id='word_1_405' title='bbox 3491 2491 3756 2554; x_wconf 82' lang='grc' dir='ltr'>παθόντες</span> 
     </span>
    </p>
   </div>
   <div class='ocr_carea' id='block_1_54' title="bbox 2177 2580 3758 2653">
    <p class='ocr_par' dir='ltr' id='par_1_54' title="bbox 2177 2580 3758 2653">
     <span class='ocr_line' id='line_1_54' title="bbox 2177 2580 3758 2653; baseline 0.002 -20"><span class='ocrx_word' id='word_1_406' title='bbox 2177 2583 2228 2634; x_wconf 80' lang='lat' dir='ltr'><strong>oi</strong></span> <span class='ocrx_word' id='word_1_407' title='bbox 2260 2580 2678 2643; x_wconf 82' lang='grc' dir='ltr'>ἀκολουθοῦντες</span> <span class='ocrx_word' id='word_1_408' title='bbox 2719 2580 2886 2651; x_wconf 76' lang='grc' dir='ltr'>δχλοι,</span> <span class='ocrx_word' id='word_1_409' title='bbox 2935 2580 3168 2652; x_wconf 69' lang='grc' dir='ltr'>ἧρξαν-ιο</span> <span class='ocrx_word' id='word_1_410' title='bbox 3196 2583 3330 2653; x_wconf 80' lang='grc' dir='ltr'>πρὸς</span> <span class='ocrx_word' id='word_1_411' title='bbox 3357 2584 3579 2646; x_wconf 77' lang='grc' dir='ltr'>ἑαυτοὺς</span> <span class='ocrx_word' id='word_1_412' title='bbox 3603 2583 3758 2636; x_wconf 81' lang='grc' dir='ltr'>ἀντι-</span> 
     </span>
    </p>
   </div>
   <div class='ocr_carea' id='block_1_55' title="bbox 2179 2669 3756 2743">
    <p class='ocr_par' dir='ltr' id='par_1_55' title="bbox 2179 2669 3756 2743">
     <span class='ocr_line' id='line_1_55' title="bbox 2179 2669 3756 2743; baseline 0.002 -17"><span class='ocrx_word' id='word_1_413' title='bbox 2179 2674 2394 2728; x_wconf 78' lang='grc' dir='ltr'>ϐάλλειν</span> <span class='ocrx_word' id='word_1_414' title='bbox 2414 2672 2511 2726; x_wconf 74' lang='grc' dir='ltr'>καὶ</span> <span class='ocrx_word' id='word_1_415' title='bbox 2532 2673 2731 2741; x_wconf 77' lang='grc' dir='ltr'>λέγειν’</span> <span class='ocrx_word' id='word_1_416' title='bbox 2759 2669 2934 2738; x_wconf 77' lang='grc' dir='ltr'>Εἶδες</span> <span class='ocrx_word' id='word_1_417' title='bbox 2963 2671 3088 2739; x_wconf 79' lang='grc' dir='ltr'><strong>πῶς</strong></span> <span class='ocrx_word' id='word_1_418' title='bbox 3115 2673 3307 2743; x_wconf 73' lang='grc' dir='ltr'>ἐφίλει</span> <span class='ocrx_word' id='word_1_419' title='bbox 3335 2676 3550 2738; x_wconf 81' lang='grc' dir='ltr'>αὺτόν;</span> <span class='ocrx_word' id='word_1_420' title='bbox 3577 2675 3633 2729; x_wconf 91' lang='grc'><strong>’0</strong></span> <span class='ocrx_word' id='word_1_421' title='bbox 3665 2693 3756 2729; x_wconf 89' lang='grc' dir='ltr'>νε-</span> 
     </span>
    </p>
   </div>
   <div class='ocr_carea' id='block_1_56' title="bbox 2179 2765 3758 2839">
    <p class='ocr_par' dir='ltr' id='par_1_56' title="bbox 2179 2765 3758 2839">
     <span class='ocr_line' id='line_1_56' title="bbox 2179 2765 3758 2839; baseline 0.001 -19"><span class='ocrx_word' id='word_1_422' title='bbox 2179 2768 2344 2836; x_wconf 81' lang='grc' dir='ltr'>κροὺς</span> <span class='ocrx_word' id='word_1_423' title='bbox 2367 2766 2605 2838; x_wconf 83' lang='grc' dir='ltr'>ἐγείρας,</span> <span class='ocrx_word' id='word_1_424' title='bbox 2628 2765 2720 2818; x_wconf 71' lang='grc' dir='ltr'><strong>κα)¹</strong></span> <span class='ocrx_word' id='word_1_425' title='bbox 2754 2765 2987 2834; x_wconf 80' lang='grc' dir='ltr'>τυφλοὺς</span> <span class='ocrx_word' id='word_1_426' title='bbox 3014 2767 3367 2837; x_wconf 82' lang='grc' dir='ltr'>ὀμματώσας,</span> <span class='ocrx_word' id='word_1_427' title='bbox 3403 2767 3504 2821; x_wconf 75' lang='grc' dir='ltr'>οὐκ</span> <span class='ocrx_word' id='word_1_428' title='bbox 3525 2767 3758 2839; x_wconf 67' lang='grc' dir='ltr'>ἠδύνατο</span> 
     </span>
    </p>
   </div>
   <div class='ocr_carea' id='block_1_57' title="bbox 2181 2849 3757 2930">
    <p class='ocr_par' dir='ltr' id='par_1_57' title="bbox 2181 2849 3757 2930">
     <span class='ocr_line' id='line_1_57' title="bbox 2181 2849 3757 2930; baseline -0.001 -17"><span class='ocrx_word' id='word_1_429' title='bbox 2181 2859 2402 2929; x_wconf 84' lang='grc' dir='ltr'>ποιῆσαι</span> <span class='ocrx_word' id='word_1_430' title='bbox 2440 2857 2529 2912; x_wconf 83' lang='grc' dir='ltr'>ἵνα</span> <span class='ocrx_word' id='word_1_431' title='bbox 2557 2857 2653 2911; x_wconf 77' lang='grc' dir='ltr'>καὶ</span> <span class='ocrx_word' id='word_1_432' title='bbox 2697 2849 2852 2920; x_wconf 77' lang='grc' dir='ltr'>οὗτος</span> <span class='ocrx_word' id='word_1_433' title='bbox 2906 2857 2980 2927; x_wconf 82' lang='grc' dir='ltr'>μὴ</span> <span class='ocrx_word' id='word_1_434' title='bbox 3035 2856 3302 2928; x_wconf 83' lang='grc' dir='ltr'>ἀποθάνῃ,</span> <span class='ocrx_word' id='word_1_435' title='bbox 3344 2860 3392 2912; x_wconf 90' lang='grc' dir='ltr'><strong>εί</strong></span> <span class='ocrx_word' id='word_1_436' title='bbox 3436 2858 3543 2930; x_wconf 77' lang='grc' dir='ltr'>ἄρα</span> <span class='ocrx_word' id='word_1_437' title='bbox 3582 2859 3757 2923; x_wconf 65' lang='grc' dir='ltr'>οὕτως</span> 
     </span>
    </p>
   </div>
   <div class='ocr_carea' id='block_1_58' title="bbox 2181 2945 3756 3020">
    <p class='ocr_par' dir='ltr' id='par_1_58' title="bbox 2181 2945 3756 3020">
     <span class='ocr_line' id='line_1_58' title="bbox 2181 2945 3756 3020; baseline 0.001 -17"><span class='ocrx_word' id='word_1_438' title='bbox 2181 2950 2353 3020; x_wconf 77' lang='grc' dir='ltr'>ἐφίλει</span> <span class='ocrx_word' id='word_1_439' title='bbox 2406 2947 2601 3013; x_wconf 84' lang='grc' dir='ltr'>αὐτόν;</span> <span class='ocrx_word' id='word_1_440' title='bbox 2674 2948 2732 3001; x_wconf 87' lang='lat'><strong>&#39;0</strong></span> <span class='ocrx_word' id='word_1_441' title='bbox 2758 2947 2815 3000; x_wconf 82' lang='grc' dir='ltr'>δὲ</span> <span class='ocrx_word' id='word_1_442' title='bbox 2853 2947 3079 3020; x_wconf 68' lang='grc' dir='ltr'>Κύριος,</span> <span class='ocrx_word' id='word_1_443' title='bbox 3135 2948 3212 3012; x_wconf 91' lang='grc' dir='ltr'><strong>ώς</strong></span> <span class='ocrx_word' id='word_1_444' title='bbox 3257 2945 3398 3002; x_wconf 77' lang='grc' dir='ltr'>εἶδεν</span> <span class='ocrx_word' id='word_1_445' title='bbox 3429 2951 3626 3014; x_wconf 76' lang='grc' dir='ltr'>αὐτοὺς</span> <span class='ocrx_word' id='word_1_446' title='bbox 3673 2951 3756 3004; x_wconf 79' lang='grc' dir='ltr'><strong>ἐτι</strong></span> 
     </span>
    </p>
   </div>
   <div class='ocr_carea' id='block_1_59' title="bbox 507 3032 2080 3115">
    <p class='ocr_par' dir='ltr' id='par_1_59' title="bbox 507 3032 2080 3108">
     <span class='ocr_line' id='line_1_59' title="bbox 507 3032 2080 3108; baseline 0.004 -21"><span class='ocrx_word' id='word_1_447' title='bbox 507 3032 769 3089; x_wconf 84' lang='lat' dir='ltr'><strong>Dominus</strong></span> <span class='ocrx_word' id='word_1_448' title='bbox 797 3045 976 3090; x_wconf 89' lang='lat' dir='ltr'><strong>autem</strong></span> <span class='ocrx_word' id='word_1_449' title='bbox 1006 3045 1064 3090; x_wconf 87' lang='lat' dir='ltr'><strong>ut</strong></span> <span class='ocrx_word' id='word_1_450' title='bbox 1095 3051 1189 3091; x_wconf 91' lang='lat' dir='ltr'><strong>eos</strong></span> <span class='ocrx_word' id='word_1_451' title='bbox 1219 3038 1398 3092; x_wconf 89' lang='lat' dir='ltr'><strong>adhuc</strong></span> <span class='ocrx_word' id='word_1_452' title='bbox 1424 3039 1658 3092; x_wconf 84' lang='lat' dir='ltr'><strong>humana</strong></span> <span class='ocrx_word' id='word_1_453' title='bbox 1686 3039 1820 3094; x_wconf 89' lang='lat' dir='ltr'><strong>vidit</strong></span> <span class='ocrx_word' id='word_1_454' title='bbox 1853 3039 2080 3108; x_wconf 86' lang='lat' dir='ltr'><strong>loquen-</strong></span> 
     </span>
    </p>
   </div>
   <div class='ocr_carea' id='block_1_60' title="bbox 2183 3032 3759 3115">
    <p class='ocr_par' dir='ltr' id='par_1_60' title="bbox 2183 3039 3759 3115">
     <span class='ocr_line' id='line_1_60' title="bbox 2183 3039 3759 3115; baseline 0 -19"><span class='ocrx_word' id='word_1_455' title='bbox 2183 3041 2498 3115; x_wconf 78' lang='grc' dir='ltr'>ἀνθρώπινα</span> <span class='ocrx_word' id='word_1_456' title='bbox 2519 3039 2833 3103; x_wconf 81' lang='grc' dir='ltr'>λαλοῦντας,</span> <span class='ocrx_word' id='word_1_457' title='bbox 2865 3041 3202 3111; x_wconf 81' lang='grc' dir='ltr'>ἁπεκρίνατο</span> <span class='ocrx_word' id='word_1_458' title='bbox 3221 3040 3356 3112; x_wconf 77' lang='grc' dir='ltr'>πρὸς</span> <span class='ocrx_word' id='word_1_459' title='bbox 3378 3041 3595 3106; x_wconf 78' lang='grc' dir='ltr'>αὐτούς’</span> <span class='ocrx_word' id='word_1_460' title='bbox 3620 3039 3759 3098; x_wconf 73' lang='lat' dir='ltr'><strong>K05-</strong></span> 
     </span>
    </p>
   </div>
   <div class='ocr_carea' id='block_1_61' title="bbox 509 3125 2080 3205">
    <p class='ocr_par' dir='ltr' id='par_1_61' title="bbox 509 3125 2076 3199">
     <span class='ocr_line' id='line_1_61' title="bbox 509 3125 2076 3199; baseline 0.003 -20"><span class='ocrx_word' id='word_1_461' title='bbox 509 3137 612 3188; x_wconf 88' lang='lat' dir='ltr'><strong>tes,</strong></span> <span class='ocrx_word' id='word_1_462' title='bbox 643 3125 747 3179; x_wconf 90' lang='lat' dir='ltr'><strong>illis</strong></span> <span class='ocrx_word' id='word_1_463' title='bbox 777 3128 1050 3194; x_wconf 87' lang='lat' dir='ltr'><strong>respondit</strong></span> <span class='ocrx_word' id='word_1_464' title='bbox 1076 3128 1237 3184; x_wconf 84' lang='lat' dir='ltr'><strong>:Erat</strong></span> <span class='ocrx_word' id='word_1_465' title='bbox 1271 3129 1402 3182; x_wconf 87' lang='lat' dir='ltr'><strong>mihi</strong></span> <span class='ocrx_word' id='word_1_466' title='bbox 1437 3144 1540 3182; x_wconf 91' lang='lat' dir='ltr'><strong>non</strong></span> <span class='ocrx_word' id='word_1_467' title='bbox 1572 3144 1756 3199; x_wconf 81' lang='lat' dir='ltr'><strong>grave,</strong></span> <span class='ocrx_word' id='word_1_468' title='bbox 1781 3138 1842 3184; x_wconf 90' lang='lat' dir='ltr'><strong>ut</strong></span> <span class='ocrx_word' id='word_1_469' title='bbox 1887 3129 2076 3185; x_wconf 80' lang='lat' dir='ltr'><strong>Lazari</strong></span> 
     </span>
    </p>
   </div>
   <div class='ocr_carea' id='block_1_62' title="bbox 2183 3125 3754 3205">
    <p class='ocr_par' dir='ltr' id='par_1_62' title="bbox 2183 3128 3754 3205">
     <span class='ocr_line' id='line_1_62' title="bbox 2183 3128 3754 3205; baseline -0.001 -17"><span class='ocrx_word' id='word_1_470' title='bbox 2183 3152 2280 3204; x_wconf 78' lang='grc' dir='ltr'><strong>φον</strong></span> <span class='ocrx_word' id='word_1_471' title='bbox 2314 3133 2412 3205; x_wconf 83' lang='grc' dir='ltr'>μὲν</span> <span class='ocrx_word' id='word_1_472' title='bbox 2443 3128 2511 3204; x_wconf 77' lang='grc' dir='ltr'>ἦν</span> <span class='ocrx_word' id='word_1_473' title='bbox 2543 3149 2633 3204; x_wconf 90' lang='grc' dir='ltr'><strong>μοι</strong></span> <span class='ocrx_word' id='word_1_474' title='bbox 2676 3135 3128 3205; x_wconf 79' lang='grc' dir='ltr'>παρακατασχεῖν</span> <span class='ocrx_word' id='word_1_475' title='bbox 3170 3132 3270 3204; x_wconf 69' lang='grc' dir='ltr'>τὴν</span> <span class='ocrx_word' id='word_1_476' title='bbox 3296 3131 3442 3202; x_wconf 81' lang='grc' dir='ltr'>ζωὴν</span> <span class='ocrx_word' id='word_1_477' title='bbox 3479 3132 3754 3204; x_wconf 77' lang='grc' dir='ltr'>Λαζάρου,</span> 
     </span>
    </p>
   </div>
   <div class='ocr_carea' id='block_1_63' title="bbox 509 3195 2080 3295">
    <p class='ocr_par' dir='ltr' id='par_1_63' title="bbox 509 3195 2078 3289">
     <span class='ocr_line' id='line_1_63' title="bbox 509 3195 2078 3289; baseline 0.006 -20"><span class='ocrx_word' id='word_1_478' title='bbox 509 3218 692 3280; x_wconf 77' lang='lat' dir='ltr'><strong>vitam,</strong></span> <span class='ocrx_word' id='word_1_479' title='bbox 755 3220 1201 3288; x_wconf 78' lang='lat' dir='ltr'><strong>quemadmodum</strong></span> <span class='ocrx_word' id='word_1_480' title='bbox 1246 3222 1410 3276; x_wconf 89' lang='lat' dir='ltr'><strong>etiam</strong></span> <span class='ocrx_word' id='word_1_481' title='bbox 1451 3195 1597 3276; x_wconf 59' lang='lat' dir='ltr'><strong>Elite</strong></span> <span class='ocrx_word' id='word_1_482' title='bbox 1624 3233 1678 3277; x_wconf 94' lang='lat' dir='ltr'><strong>et</strong></span> <span class='ocrx_word' id='word_1_483' title='bbox 1714 3222 1919 3289; x_wconf 80' lang='lat' dir='ltr'><strong>Enocli,</strong></span> <span class='ocrx_word' id='word_1_484' title='bbox 1953 3225 2078 3278; x_wconf 85' lang='lat' dir='ltr'><strong>reti-</strong></span> 
     </span>
    </p>
   </div>
   <div class='ocr_carea' id='block_1_64' title="bbox 2183 3195 3759 3295">
    <p class='ocr_par' dir='ltr' id='par_1_64' title="bbox 2183 3195 3759 3295">
     <span class='ocr_line' id='line_1_64' title="bbox 2183 3195 3759 3295; baseline -0.001 -17"><span class='ocrx_word' id='word_1_485' title='bbox 2183 3195 2257 3289; x_wconf 80' lang='grc' dir='ltr'><strong>ώς</strong></span> <span class='ocrx_word' id='word_1_486' title='bbox 2285 3195 2377 3279; x_wconf 59' lang='grc' dir='ltr'>θέαι</span> <span class='ocrx_word' id='word_1_487' title='bbox 2398 3195 2491 3278; x_wconf 81' lang='grc' dir='ltr'><strong>τοῦ</strong></span> <span class='ocrx_word' id='word_1_488' title='bbox 2531 3195 2686 3278; x_wconf 57' lang='lat' dir='ltr'><strong>im.</strong></span> <span class='ocrx_word' id='word_1_489' title='bbox 2727 3195 2825 3278; x_wconf 65' lang='grc' dir='ltr'>κὲιι</span> <span class='ocrx_word' id='word_1_490' title='bbox 2857 3221 2952 3276; x_wconf 93' lang='grc' dir='ltr'><strong>τοῦ</strong></span> <span class='ocrx_word' id='word_1_491' title='bbox 2991 3195 3182 3293; x_wconf 73' lang='grc' dir='ltr'>’ἐνὼχ,</span> <span class='ocrx_word' id='word_1_492' title='bbox 3225 3195 3348 3276; x_wconf 51' lang='grc' dir='ltr'>’ἀλλ’</span> <span class='ocrx_word' id='word_1_493' title='bbox 3383 3195 3759 3295; x_wconf 23' lang='grc' dir='ltr'>οὐδεὶςγύμῶν</span> 
     </span>
    </p>
   </div>
   <div class='ocr_carea' id='block_1_65' title="bbox 511 3313 2080 3392">
    <p class='ocr_par' dir='ltr' id='par_1_65' title="bbox 511 3313 2079 3375">
     <span class='ocr_line' id='line_1_65' title="bbox 511 3313 2079 3375; baseline 0.006 -12"><span class='ocrx_word' id='word_1_494' title='bbox 511 3325 693 3364; x_wconf 84' lang='lat' dir='ltr'><strong>nerem</strong></span> <span class='ocrx_word' id='word_1_495' title='bbox 722 3329 736 3364; x_wconf 91' lang='lat'><strong>:</strong></span> <span class='ocrx_word' id='word_1_496' title='bbox 765 3327 920 3366; x_wconf 89' lang='lat' dir='ltr'><strong>nemo</strong></span> <span class='ocrx_word' id='word_1_497' title='bbox 948 3321 1124 3366; x_wconf 87' lang='lat' dir='ltr'><strong>tamen</strong></span> <span class='ocrx_word' id='word_1_498' title='bbox 1156 3322 1396 3366; x_wconf 87' lang='lat' dir='ltr'><strong>vestrum</strong></span> <span class='ocrx_word' id='word_1_499' title='bbox 1421 3353 1436 3375; x_wconf 90' lang='lat'><strong>,</strong></span> <span class='ocrx_word' id='word_1_500' title='bbox 1481 3329 1597 3367; x_wconf 88' lang='lat' dir='ltr'><strong>mea</strong></span> <span class='ocrx_word' id='word_1_501' title='bbox 1628 3313 1774 3368; x_wconf 87' lang='lat' dir='ltr'><strong>illam</strong></span> <span class='ocrx_word' id='word_1_502' title='bbox 1808 3315 2079 3372; x_wconf 83' lang='lat' dir='ltr'><strong>voluntate</strong></span> 
     </span>
    </p>
   </div>
   <div class='ocr_carea' id='block_1_66' title="bbox 2183 3313 3758 3392">
    <p class='ocr_par' dir='ltr' id='par_1_66' title="bbox 2183 3313 3758 3392">
     <span class='ocr_line' id='line_1_66' title="bbox 2183 3313 3758 3392; baseline -0.003 -22"><span class='ocrx_word' id='word_1_503' title='bbox 2183 3317 2498 3386; x_wconf 87' lang='grc' dir='ltr'>ἐγίνωσκεν,</span> <span class='ocrx_word' id='word_1_504' title='bbox 2538 3317 2620 3370; x_wconf 81' lang='grc' dir='ltr'>ὅτι</span> <span class='ocrx_word' id='word_1_505' title='bbox 2649 3318 2716 3386; x_wconf 85' lang='grc' dir='ltr'><strong>τῇ</strong></span> <span class='ocrx_word' id='word_1_506' title='bbox 2747 3317 2869 3392; x_wconf 34' lang='grc' dir='ltr'>,ἐμῇ</span> <span class='ocrx_word' id='word_1_507' title='bbox 2900 3313 3114 3386; x_wconf 80' lang='grc' dir='ltr'>θελήσει</span> <span class='ocrx_word' id='word_1_508' title='bbox 3153 3316 3187 3385; x_wconf 82' lang='grc' dir='ltr'>ἡ</span> <span class='ocrx_word' id='word_1_509' title='bbox 3224 3313 3338 3384; x_wconf 83' lang='grc' dir='ltr'>ζωὴ</span> <span class='ocrx_word' id='word_1_510' title='bbox 3368 3314 3616 3386; x_wconf 77' lang='grc' dir='ltr'>Λαζάρου</span> <span class='ocrx_word' id='word_1_511' title='bbox 3652 3331 3758 3367; x_wconf 69' lang='grc' dir='ltr'>πα-</span> 
     </span>
    </p>
   </div>
   <div class='ocr_carea' id='block_1_67' title="bbox 513 3401 2080 3478">
    <p class='ocr_par' dir='ltr' id='par_1_67' title="bbox 513 3403 2080 3475">
     <span class='ocr_line' id='line_1_67' title="bbox 513 3403 2080 3475; baseline 0.003 -18"><span class='ocrx_word' id='word_1_512' title='bbox 513 3405 732 3458; x_wconf 88' lang='lat' dir='ltr'><strong>retineri</strong></span> <span class='ocrx_word' id='word_1_513' title='bbox 791 3405 1150 3475; x_wconf 73' lang='lat' dir='ltr'><strong>cognovisset.</strong></span> <span class='ocrx_word' id='word_1_514' title='bbox 1199 3403 1404 3459; x_wconf 89' lang='lat' dir='ltr'><strong>Idcirco</strong></span> <span class='ocrx_word' id='word_1_515' title='bbox 1435 3405 1655 3472; x_wconf 87' lang='lat' dir='ltr'><strong>permisi</strong></span> <span class='ocrx_word' id='word_1_516' title='bbox 1691 3413 1750 3460; x_wconf 90' lang='lat' dir='ltr'><strong>ut</strong></span> <span class='ocrx_word' id='word_1_517' title='bbox 1778 3415 1953 3461; x_wconf 90' lang='lat' dir='ltr'><strong>morte</strong></span> <span class='ocrx_word' id='word_1_518' title='bbox 1986 3407 2080 3461; x_wconf 87' lang='lat' dir='ltr'><strong>ab-</strong></span> 
     </span>
    </p>
   </div>
   <div class='ocr_carea' id='block_1_68' title="bbox 2183 3401 3759 3478">
    <p class='ocr_par' dir='ltr' id='par_1_68' title="bbox 2186 3401 3759 3478">
     <span class='ocr_line' id='line_1_68' title="bbox 2186 3401 3759 3478; baseline -0.003 -18"><span class='ocrx_word' id='word_1_519' title='bbox 2186 3407 2560 3478; x_wconf 83' lang='grc' dir='ltr'>ρακατέχεται.</span> <span class='ocrx_word' id='word_1_520' title='bbox 2586 3404 2684 3458; x_wconf 85' lang='grc' dir='ltr'>Διά</span> <span class='ocrx_word' id='word_1_521' title='bbox 2707 3404 2863 3458; x_wconf 88' lang='grc' dir='ltr'>τοῦτο</span> <span class='ocrx_word' id='word_1_522' title='bbox 2885 3403 3236 3476; x_wconf 86' lang='grc' dir='ltr'>συνεχώρησα</span> <span class='ocrx_word' id='word_1_523' title='bbox 3272 3403 3378 3457; x_wconf 83' lang='grc' dir='ltr'><strong>ὑπὸ</strong></span> <span class='ocrx_word' id='word_1_524' title='bbox 3398 3401 3493 3457; x_wconf 91' lang='grc' dir='ltr'><strong>τοῦ</strong></span> <span class='ocrx_word' id='word_1_525' title='bbox 3526 3403 3759 3457; x_wconf 85' lang='grc' dir='ltr'>θανάτου</span> 
     </span>
    </p>
   </div>
   <div class='ocr_carea' id='block_1_69' title="bbox 512 3495 2080 3568">
    <p class='ocr_par' dir='ltr' id='par_1_69' title="bbox 512 3495 2080 3566">
     <span class='ocr_line' id='line_1_69' title="bbox 512 3495 2080 3566; baseline 0.003 -18"><span class='ocrx_word' id='word_1_526' title='bbox 512 3497 844 3562; x_wconf 88' lang='lat' dir='ltr'><strong>sorberetur,</strong></span> <span class='ocrx_word' id='word_1_527' title='bbox 900 3511 1007 3566; x_wconf 89' lang='lat' dir='ltr'><strong>quo</strong></span> <span class='ocrx_word' id='word_1_528' title='bbox 1054 3495 1364 3549; x_wconf 90' lang='lat' dir='ltr'><strong>accuratius</strong></span> <span class='ocrx_word' id='word_1_529' title='bbox 1399 3497 1520 3550; x_wconf 70' lang='lat' dir='ltr'><strong>vita:</strong></span> <span class='ocrx_word' id='word_1_530' title='bbox 1549 3507 1603 3550; x_wconf 93' lang='lat' dir='ltr'><strong>et</strong></span> <span class='ocrx_word' id='word_1_531' title='bbox 1644 3496 1834 3551; x_wconf 88' lang='lat' dir='ltr'><strong>mortis</strong></span> <span class='ocrx_word' id='word_1_532' title='bbox 1883 3497 2080 3552; x_wconf 88' lang='lat' dir='ltr'><strong>habere</strong></span> 
     </span>
    </p>
   </div>
   <div class='ocr_carea' id='block_1_70' title="bbox 2183 3495 3760 3568">
    <p class='ocr_par' dir='ltr' id='par_1_70' title="bbox 2186 3495 3760 3568">
     <span class='ocr_line' id='line_1_70' title="bbox 2186 3495 3760 3568; baseline -0.001 -16"><span class='ocrx_word' id='word_1_533' title='bbox 2186 3497 2351 3552; x_wconf 78' lang='grc' dir='ltr'>αὐτὸν</span> <span class='ocrx_word' id='word_1_534' title='bbox 2373 3497 2771 3568; x_wconf 76' lang='grc' dir='ltr'>καταποθῆναι,</span> <span class='ocrx_word' id='word_1_535' title='bbox 2802 3497 2949 3560; x_wconf 73' lang='grc' dir='ltr'>ὅπως</span> <span class='ocrx_word' id='word_1_536' title='bbox 2977 3497 3217 3568; x_wconf 76' lang='grc' dir='ltr'>ἀκριϐῶς</span> <span class='ocrx_word' id='word_1_537' title='bbox 3251 3495 3480 3567; x_wconf 84' lang='grc' dir='ltr'>μάθητε,</span> <span class='ocrx_word' id='word_1_538' title='bbox 3503 3497 3585 3550; x_wconf 84' lang='grc' dir='ltr'>ὅτι</span> <span class='ocrx_word' id='word_1_539' title='bbox 3615 3497 3760 3568; x_wconf 85' lang='grc' dir='ltr'>ζωῆς</span> 
     </span>
    </p>
   </div>
   <div class='ocr_carea' id='block_1_71' title="bbox 515 3586 2082 3656">
    <p class='ocr_par' dir='ltr' id='par_1_71' title="bbox 515 3586 2082 3656">
     <span class='ocr_line' id='line_1_71' title="bbox 515 3586 2082 3656; baseline 0.002 -17"><span class='ocrx_word' id='word_1_540' title='bbox 515 3601 602 3640; x_wconf 87' lang='lat' dir='ltr'><strong>me</strong></span> <span class='ocrx_word' id='word_1_541' title='bbox 646 3597 963 3656; x_wconf 88' lang='lat' dir='ltr'><strong>potestatem</strong></span> <span class='ocrx_word' id='word_1_542' title='bbox 997 3588 1268 3641; x_wconf 82' lang='lat' dir='ltr'><strong>docerem.</strong></span> <span class='ocrx_word' id='word_1_543' title='bbox 1314 3586 1544 3654; x_wconf 76' lang='lat' dir='ltr'><strong>Moxque</strong></span> <span class='ocrx_word' id='word_1_544' title='bbox 1584 3588 1648 3641; x_wconf 91' lang='lat' dir='ltr'><strong>ad</strong></span> <span class='ocrx_word' id='word_1_545' title='bbox 1677 3603 1770 3642; x_wconf 89' lang='lat' dir='ltr'><strong>eos</strong></span> <span class='ocrx_word' id='word_1_546' title='bbox 1802 3587 2082 3655; x_wconf 89' lang='lat' dir='ltr'><strong>Dominus,</strong></span> 
     </span>
    </p>
   </div>
   <div class='ocr_carea' id='block_1_72' title="bbox 515 3676 2087 3747">
    <p class='ocr_par' dir='ltr' id='par_1_72' title="bbox 515 3676 2087 3747">
     <span class='ocr_line' id='line_1_72' title="bbox 515 3676 2087 3747; baseline 0.003 -17"><span class='ocrx_word' id='word_1_547' title='bbox 515 3686 572 3730; x_wconf 88' lang='lat' dir='ltr'><strong>ut</strong></span> <span class='ocrx_word' id='word_1_548' title='bbox 604 3692 792 3731; x_wconf 88' lang='lat' dir='ltr'><strong>omnes</strong></span> <span class='ocrx_word' id='word_1_549' title='bbox 831 3680 976 3732; x_wconf 87' lang='lat' dir='ltr'><strong>clare</strong></span> <span class='ocrx_word' id='word_1_550' title='bbox 1031 3682 1202 3734; x_wconf 81' lang='lat' dir='ltr'><strong>nostis</strong></span> <span class='ocrx_word' id='word_1_551' title='bbox 1237 3699 1249 3731; x_wconf 89' lang='lat'>:</span> <span class='ocrx_word' id='word_1_552' title='bbox 1289 3676 1546 3732; x_wconf 75' lang='lat' dir='ltr'><strong>Reeoleite</strong></span> <span class='ocrx_word' id='word_1_553' title='bbox 1597 3677 1843 3747; x_wconf 79' lang='lat' dir='ltr'><strong>lapidem.</strong></span> <span class='ocrx_word' id='word_1_554' title='bbox 1889 3677 2087 3734; x_wconf 61' lang='lat' dir='ltr'><strong>ludatis</strong></span> 
     </span>
    </p>
   </div>
   <div class='ocr_carea' id='block_1_73' title="bbox 515 3769 2087 3839">
    <p class='ocr_par' dir='ltr' id='par_1_73' title="bbox 515 3769 2087 3839">
     <span class='ocr_line' id='line_1_73' title="bbox 515 3769 2087 3839; baseline 0.002 -17"><span class='ocrx_word' id='word_1_555' title='bbox 515 3769 746 3838; x_wconf 73' lang='lat' dir='ltr'><strong>iniunxit</strong></span> <span class='ocrx_word' id='word_1_556' title='bbox 781 3779 838 3821; x_wconf 93' lang='lat' dir='ltr'><strong>ut</strong></span> <span class='ocrx_word' id='word_1_557' title='bbox 871 3769 1206 3824; x_wconf 82' lang='lat' dir='ltr'><strong>revolverent</strong></span> <span class='ocrx_word' id='word_1_558' title='bbox 1239 3770 1469 3838; x_wconf 85' lang='lat' dir='ltr'><strong>lapidem</strong></span> <span class='ocrx_word' id='word_1_559' title='bbox 1505 3769 1639 3839; x_wconf 71' lang='grc'><strong>(46).</strong></span> <span class='ocrx_word' id='word_1_560' title='bbox 1691 3770 1819 3825; x_wconf 80' lang='lat' dir='ltr'><strong>Vide</strong></span> <span class='ocrx_word' id='word_1_561' title='bbox 1867 3779 1926 3824; x_wconf 89' lang='lat' dir='ltr'><strong>ut</strong></span> <span class='ocrx_word' id='word_1_562' title='bbox 1976 3785 2087 3825; x_wconf 87' lang='lat' dir='ltr'><strong>om-</strong></span> 
     </span>
    </p>
   </div>
   <div class='ocr_carea' id='block_1_74' title="bbox 515 3859 2088 3929">
    <p class='ocr_par' dir='ltr' id='par_1_74' title="bbox 515 3859 2088 3929">
     <span class='ocr_line' id='line_1_74' title="bbox 515 3859 2088 3929; baseline 0.004 -18"><span class='ocrx_word' id='word_1_563' title='bbox 515 3860 603 3912; x_wconf 89' lang='lat' dir='ltr'><strong>nia</strong></span> <span class='ocrx_word' id='word_1_564' title='bbox 647 3859 935 3927; x_wconf 82' lang='lat' dir='ltr'><strong>prndenter</strong></span> <span class='ocrx_word' id='word_1_565' title='bbox 1000 3861 1258 3929; x_wconf 81' lang='lat' dir='ltr'><strong>gesserit,</strong></span> <span class='ocrx_word' id='word_1_566' title='bbox 1326 3868 1488 3915; x_wconf 85' lang='lat' dir='ltr'><strong>testes</strong></span> <span class='ocrx_word' id='word_1_567' title='bbox 1537 3861 1944 3929; x_wconf 85' lang='lat' dir='ltr'><strong>probatissimos</strong></span> <span class='ocrx_word' id='word_1_568' title='bbox 2005 3876 2088 3916; x_wconf 84' lang='lat' dir='ltr'><strong>re-</strong></span> 
     </span>
    </p>
   </div>
   <div class='ocr_carea' id='block_1_75' title="bbox 514 3949 2086 4022">
    <p class='ocr_par' dir='ltr' id='par_1_75' title="bbox 514 3949 2086 4022">
     <span class='ocr_line' id='line_1_75' title="bbox 514 3949 2086 4022; baseline 0.001 -18"><span class='ocrx_word' id='word_1_569' title='bbox 514 3949 866 4004; x_wconf 85' lang='lat' dir='ltr'><strong>surrectionis</strong></span> <span class='ocrx_word' id='word_1_570' title='bbox 949 3949 1136 4005; x_wconf 82' lang='lat' dir='ltr'><strong>Lazari</strong></span> <span class='ocrx_word' id='word_1_571' title='bbox 1205 3949 1430 4005; x_wconf 82' lang='lat' dir='ltr'><strong>faciens.</strong></span> <span class='ocrx_word' id='word_1_572' title='bbox 1511 3951 1766 4006; x_wconf 82' lang='lat' dir='ltr'><strong>Revolvite</strong></span> <span class='ocrx_word' id='word_1_573' title='bbox 1837 3952 2086 4022; x_wconf 80' lang='lat' dir='ltr'><strong>lapidem.</strong></span> 
     </span>
    </p>
   </div>
   <div class='ocr_carea' id='block_1_76' title="bbox 515 4041 2092 4110">
    <p class='ocr_par' dir='ltr' id='par_1_76' title="bbox 515 4041 2092 4110">
     <span class='ocr_line' id='line_1_76' title="bbox 515 4041 2092 4110; baseline 0.003 -16"><span class='ocrx_word' id='word_1_574' title='bbox 515 4042 794 4096; x_wconf 82' lang='lat' dir='ltr'><strong>Concessit</strong></span> <span class='ocrx_word' id='word_1_575' title='bbox 840 4041 1116 4110; x_wconf 87' lang='lat' dir='ltr'><strong>discipulis</strong></span> <span class='ocrx_word' id='word_1_576' title='bbox 1175 4051 1237 4096; x_wconf 91' lang='lat' dir='ltr'><strong>ut</strong></span> <span class='ocrx_word' id='word_1_577' title='bbox 1289 4056 1538 4096; x_wconf 90' lang='lat' dir='ltr'><strong>sermone</strong></span> <span class='ocrx_word' id='word_1_578' title='bbox 1565 4051 1773 4097; x_wconf 88' lang='lat' dir='ltr'><strong>montes</strong></span> <span class='ocrx_word' id='word_1_579' title='bbox 1830 4043 2092 4098; x_wconf 85' lang='lat' dir='ltr'><strong>transfer-</strong></span> 
     </span>
    </p>
   </div>
   <div class='ocr_carea' id='block_1_77' title="bbox 517 4133 2088 4201">
    <p class='ocr_par' dir='ltr' id='par_1_77' title="bbox 517 4133 2088 4201">
     <span class='ocr_line' id='line_1_77' title="bbox 517 4133 2088 4201; baseline 0.001 -15"><span class='ocrx_word' id='word_1_580' title='bbox 517 4142 638 4188; x_wconf 90' lang='lat' dir='ltr'><strong>rent</strong></span> <span class='ocrx_word' id='word_1_581' title='bbox 675 4133 744 4197; x_wconf 80' lang='lat'><strong>&quot;,</strong></span> <span class='ocrx_word' id='word_1_582' title='bbox 797 4141 853 4187; x_wconf 90' lang='lat' dir='ltr'><strong>et</strong></span> <span class='ocrx_word' id='word_1_583' title='bbox 904 4133 1020 4201; x_wconf 86' lang='lat' dir='ltr'><strong>ipse</strong></span> <span class='ocrx_word' id='word_1_584' title='bbox 1073 4147 1177 4187; x_wconf 90' lang='lat' dir='ltr'><strong>non</strong></span> <span class='ocrx_word' id='word_1_585' title='bbox 1231 4133 1455 4188; x_wconf 84' lang='lat' dir='ltr'><strong>revolvit</strong></span> <span class='ocrx_word' id='word_1_586' title='bbox 1514 4133 1786 4200; x_wconf 71' lang='lat' dir='ltr'><strong>lapidem?</strong></span> <span class='ocrx_word' id='word_1_587' title='bbox 1862 4133 2088 4201; x_wconf 77' lang='lat' dir='ltr'><strong>Verum,</strong></span> 
     </span>
    </p>
   </div>
   <div class='ocr_carea' id='block_1_78' title="bbox 520 4225 2092 4297">
    <p class='ocr_par' dir='ltr' id='par_1_78' title="bbox 520 4225 2092 4297">
     <span class='ocr_line' id='line_1_78' title="bbox 520 4225 2092 4297; baseline 0.003 -19"><span class='ocrx_word' id='word_1_588' title='bbox 520 4233 579 4280; x_wconf 90' lang='lat' dir='ltr'><strong>ut</strong></span> <span class='ocrx_word' id='word_1_589' title='bbox 638 4226 747 4279; x_wconf 81' lang='lat' dir='ltr'><strong>dixi</strong></span> <span class='ocrx_word' id='word_1_590' title='bbox 781 4266 797 4290; x_wconf 93' lang='lat'><strong>,</strong></span> <span class='ocrx_word' id='word_1_591' title='bbox 843 4227 1022 4280; x_wconf 89' lang='lat' dir='ltr'><strong>omnia</strong></span> <span class='ocrx_word' id='word_1_592' title='bbox 1079 4225 1351 4294; x_wconf 90' lang='lat' dir='ltr'><strong>sapienter</strong></span> <span class='ocrx_word' id='word_1_593' title='bbox 1396 4226 1465 4280; x_wconf 88' lang='lat' dir='ltr'><strong>ad</strong></span> <span class='ocrx_word' id='word_1_594' title='bbox 1518 4226 1800 4282; x_wconf 83' lang='lat' dir='ltr'><strong>utilitatem</strong></span> <span class='ocrx_word' id='word_1_595' title='bbox 1857 4241 2092 4297; x_wconf 73' lang='lat' dir='ltr'><strong>gerens,</strong></span> 
     </span>
    </p>
   </div>
   <div class='ocr_carea' id='block_1_79' title="bbox 517 4314 2097 4387">
    <p class='ocr_par' dir='ltr' id='par_1_79' title="bbox 517 4314 2097 4387">
     <span class='ocr_line' id='line_1_79' title="bbox 517 4314 2097 4387; baseline 0.001 -17"><span class='ocrx_word' id='word_1_596' title='bbox 517 4315 653 4370; x_wconf 82' lang='lat' dir='ltr'><strong>dixit</strong></span> <span class='ocrx_word' id='word_1_597' title='bbox 712 4314 912 4371; x_wconf 71' lang='lat' dir='ltr'><strong>ludatis</strong></span> <span class='ocrx_word' id='word_1_598' title='bbox 956 4331 970 4368; x_wconf 90' lang='lat'><strong>:</strong></span> <span class='ocrx_word' id='word_1_599' title='bbox 1007 4314 1268 4369; x_wconf 78' lang='lat' dir='ltr'><strong>Reooluite</strong></span> <span class='ocrx_word' id='word_1_600' title='bbox 1311 4315 1579 4384; x_wconf 83' lang='lat' dir='ltr'><strong>lapidem,</strong></span> <span class='ocrx_word' id='word_1_601' title='bbox 1642 4327 1700 4371; x_wconf 93' lang='lat' dir='ltr'><strong>ut</strong></span> <span class='ocrx_word' id='word_1_602' title='bbox 1750 4331 1814 4372; x_wconf 83' lang='lat' dir='ltr'><strong>es</strong></span> <span class='ocrx_word' id='word_1_603' title='bbox 1847 4318 1964 4387; x_wconf 89' lang='lat' dir='ltr'><strong>ipso</strong></span> <span class='ocrx_word' id='word_1_604' title='bbox 2015 4316 2097 4372; x_wconf 88' lang='lat' dir='ltr'><strong>fe-</strong></span> 
     </span>
    </p>
   </div>
   <div class='ocr_carea' id='block_1_80' title="bbox 518 4407 2098 4478">
    <p class='ocr_par' dir='ltr' id='par_1_80' title="bbox 518 4407 2098 4478">
     <span class='ocr_line' id='line_1_80' title="bbox 518 4407 2098 4478; baseline 0.002 -14"><span class='ocrx_word' id='word_1_605' title='bbox 518 4409 652 4464; x_wconf 88' lang='lat' dir='ltr'><strong>retri</strong></span> <span class='ocrx_word' id='word_1_606' title='bbox 695 4407 886 4473; x_wconf 80' lang='lat' dir='ltr'><strong>fetore,</strong></span> <span class='ocrx_word' id='word_1_607' title='bbox 938 4408 1211 4478; x_wconf 88' lang='lat' dir='ltr'><strong>putruisse</strong></span> <span class='ocrx_word' id='word_1_608' title='bbox 1241 4407 1578 4473; x_wconf 86' lang='lat' dir='ltr'><strong>defunctum,</strong></span> <span class='ocrx_word' id='word_1_609' title='bbox 1609 4423 1716 4464; x_wconf 90' lang='lat' dir='ltr'><strong>non</strong></span> <span class='ocrx_word' id='word_1_610' title='bbox 1745 4410 1890 4465; x_wconf 74' lang='lat' dir='ltr'><strong>furto</strong></span> <span class='ocrx_word' id='word_1_611' title='bbox 1931 4409 2098 4467; x_wconf 85' lang='lat' dir='ltr'><strong>fuisse</strong></span> 
     </span>
    </p>
   </div>
   <div class='ocr_carea' id='block_1_81' title="bbox 517 4496 2093 4568">
    <p class='ocr_par' dir='ltr' id='par_1_81' title="bbox 517 4496 2093 4568">
     <span class='ocr_line' id='line_1_81' title="bbox 517 4496 2093 4568; baseline 0 -13"><span class='ocrx_word' id='word_1_612' title='bbox 517 4500 786 4555; x_wconf 84' lang='lat' dir='ltr'><strong>sublatum</strong></span> <span class='ocrx_word' id='word_1_613' title='bbox 840 4500 1129 4557; x_wconf 86' lang='lat' dir='ltr'><strong>discerent.</strong></span> <span class='ocrx_word' id='word_1_614' title='bbox 1179 4496 1437 4552; x_wconf 79' lang='lat' dir='ltr'><strong>Reuolvite</strong></span> <span class='ocrx_word' id='word_1_615' title='bbox 1492 4499 1742 4568; x_wconf 79' lang='lat' dir='ltr'><strong>lapidem.</strong></span> <span class='ocrx_word' id='word_1_616' title='bbox 1797 4498 1866 4554; x_wconf 88' lang='lat' dir='ltr'><strong>Ut</strong></span> <span class='ocrx_word' id='word_1_617' title='bbox 1914 4511 2093 4556; x_wconf 90' lang='lat' dir='ltr'><strong>autem</strong></span> 
     </span>
    </p>
   </div>
   <div class='ocr_carea' id='block_1_82' title="bbox 519 4591 2094 4661">
    <p class='ocr_par' dir='ltr' id='par_1_82' title="bbox 519 4591 2094 4661">
     <span class='ocr_line' id='line_1_82' title="bbox 519 4591 2094 4661; baseline -0.001 -14"><span class='ocrx_word' id='word_1_618' title='bbox 519 4592 596 4648; x_wconf 93' lang='lat' dir='ltr'><strong>illi</strong></span> <span class='ocrx_word' id='word_1_619' title='bbox 632 4604 1033 4644; x_wconf 87' lang='lat' dir='ltr'><strong>murmurantes</strong></span> <span class='ocrx_word' id='word_1_620' title='bbox 1065 4591 1410 4646; x_wconf 90' lang='lat' dir='ltr'><strong>revolverunt</strong></span> <span class='ocrx_word' id='word_1_621' title='bbox 1459 4592 1762 4661; x_wconf 87' lang='lat' dir='ltr'><strong>(mordebat</strong></span> <span class='ocrx_word' id='word_1_622' title='bbox 1815 4593 1960 4648; x_wconf 86' lang='lat' dir='ltr'><strong>enim</strong></span> <span class='ocrx_word' id='word_1_623' title='bbox 2010 4593 2094 4647; x_wconf 86' lang='lat' dir='ltr'><strong>ef-</strong></span> 
     </span>
    </p>
   </div>
   <div class='ocr_carea' id='block_1_83' title="bbox 519 4683 2096 4755">
    <p class='ocr_par' dir='ltr' id='par_1_83' title="bbox 519 4683 2096 4755">
     <span class='ocr_line' id='line_1_83' title="bbox 519 4683 2096 4755; baseline 0.002 -15"><span class='ocrx_word' id='word_1_624' title='bbox 519 4685 726 4740; x_wconf 88' lang='lat' dir='ltr'><strong>frenata</strong></span> <span class='ocrx_word' id='word_1_625' title='bbox 779 4683 952 4753; x_wconf 88' lang='lat' dir='ltr'><strong>capuli</strong></span> <span class='ocrx_word' id='word_1_626' title='bbox 999 4683 1218 4750; x_wconf 86' lang='lat' dir='ltr'><strong>olentia)</strong></span> <span class='ocrx_word' id='word_1_627' title='bbox 1261 4703 1274 4737; x_wconf 96' lang='lat'>:</span> <span class='ocrx_word' id='word_1_628' title='bbox 1321 4697 1442 4736; x_wconf 92' lang='lat' dir='ltr'><strong>cum</strong></span> <span class='ocrx_word' id='word_1_629' title='bbox 1484 4683 1665 4754; x_wconf 84' lang='lat' dir='ltr'><strong>itaque</strong></span> <span class='ocrx_word' id='word_1_630' title='bbox 1727 4687 1818 4755; x_wconf 90' lang='lat' dir='ltr'><strong>qui</strong></span> <span class='ocrx_word' id='word_1_631' title='bbox 1875 4688 2096 4743; x_wconf 82' lang='lat' dir='ltr'><strong>aderant</strong></span> 
     </span>
    </p>
   </div>
   <div class='ocr_carea' id='block_1_84' title="bbox 523 4773 2094 4846">
    <p class='ocr_par' dir='ltr' id='par_1_84' title="bbox 523 4773 2094 4846">
     <span class='ocr_line' id='line_1_84' title="bbox 523 4773 2094 4846; baseline 0.002 -16"><span class='ocrx_word' id='word_1_632' title='bbox 523 4773 881 4831; x_wconf 87' lang='lat' dir='ltr'><strong>revolvissent</strong></span> <span class='ocrx_word' id='word_1_633' title='bbox 920 4773 1172 4842; x_wconf 88' lang='lat' dir='ltr'><strong>lapidem,</strong></span> <span class='ocrx_word' id='word_1_634' title='bbox 1202 4774 1485 4828; x_wconf 84' lang='lat' dir='ltr'><strong>confestim</strong></span> <span class='ocrx_word' id='word_1_635' title='bbox 1512 4775 1763 4831; x_wconf 89' lang='lat' dir='ltr'><strong>clamavit</strong></span> <span class='ocrx_word' id='word_1_636' title='bbox 1796 4776 2056 4833; x_wconf 89' lang='lat' dir='ltr'><strong>Dominus</strong></span> <span class='ocrx_word' id='word_1_637' title='bbox 2075 4817 2094 4846; x_wconf 93' lang='lat'><strong>,</strong></span> 
     </span>
    </p>
   </div>
   <div class='ocr_carea' id='block_1_85' title="bbox 521 4863 2092 4939">
    <p class='ocr_par' dir='ltr' id='par_1_85' title="bbox 521 4863 2092 4939">
     <span class='ocr_line' id='line_1_85' title="bbox 521 4863 2092 4939; baseline 0.003 -17"><span class='ocrx_word' id='word_1_638' title='bbox 521 4867 707 4922; x_wconf 88' lang='lat' dir='ltr'><strong>dicens</strong></span> <span class='ocrx_word' id='word_1_639' title='bbox 751 4883 766 4922; x_wconf 91' lang='lat'><strong>:</strong></span> <span class='ocrx_word' id='word_1_640' title='bbox 797 4863 1026 4927; x_wconf 83' lang='lat' dir='ltr'><strong>Lazare,</strong></span> <span class='ocrx_word' id='word_1_641' title='bbox 1083 4869 1198 4920; x_wconf 71' lang='lat' dir='ltr'><strong>veni</strong></span> <span class='ocrx_word' id='word_1_642' title='bbox 1229 4867 1392 4936; x_wconf 75' lang='lat' dir='ltr'><strong>foros.</strong></span> <span class='ocrx_word' id='word_1_643' title='bbox 1448 4868 1620 4922; x_wconf 86' lang='lat' dir='ltr'><strong>Herus</strong></span> <span class='ocrx_word' id='word_1_644' title='bbox 1648 4877 1732 4922; x_wconf 90' lang='lat' dir='ltr'><strong>est</strong></span> <span class='ocrx_word' id='word_1_645' title='bbox 1759 4870 1848 4939; x_wconf 94' lang='lat' dir='ltr'><strong>qui</strong></span> <span class='ocrx_word' id='word_1_646' title='bbox 1893 4879 2092 4926; x_wconf 84' lang='lat' dir='ltr'><strong>vocat:</strong></span> 
     </span>
    </p>
   </div>
   <div class='ocr_carea' id='block_1_86' title="bbox 522 4957 2090 5026">
    <p class='ocr_par' dir='ltr' id='par_1_86' title="bbox 522 4957 2090 5026">
     <span class='ocr_line' id='line_1_86' title="bbox 522 4957 2090 5026; baseline 0.003 -15"><span class='ocrx_word' id='word_1_647' title='bbox 522 4971 593 5011; x_wconf 89' lang='lat' dir='ltr'><strong>ne</strong></span> <span class='ocrx_word' id='word_1_648' title='bbox 621 4957 742 5026; x_wconf 87' lang='lat' dir='ltr'><strong>quis</strong></span> <span class='ocrx_word' id='word_1_649' title='bbox 770 4957 1176 5012; x_wconf 81' lang='lat' dir='ltr'><strong>contradixerit.</strong></span> <span class='ocrx_word' id='word_1_650' title='bbox 1224 4958 1451 5023; x_wconf 76' lang='lat' dir='ltr'><strong>Lazare,</strong></span> <span class='ocrx_word' id='word_1_651' title='bbox 1492 4961 1607 5014; x_wconf 75' lang='lat' dir='ltr'><strong>veni</strong></span> <span class='ocrx_word' id='word_1_652' title='bbox 1650 4960 1795 5026; x_wconf 78' lang='lat' dir='ltr'><strong>[oras</strong></span> <span class='ocrx_word' id='word_1_653' title='bbox 1817 4976 1840 5026; x_wconf 87' lang='lat'><strong><em>;</em></strong></span> <span class='ocrx_word' id='word_1_654' title='bbox 1887 4971 2090 5016; x_wconf 86' lang='lat' dir='ltr'><strong>certam</strong></span> 
     </span>
    </p>
   </div>
   <div class='ocr_carea' id='block_1_87' title="bbox 523 5050 2096 5123">
    <p class='ocr_par' dir='ltr' id='par_1_87' title="bbox 523 5050 2096 5123">
     <span class='ocr_line' id='line_1_87' title="bbox 523 5050 2096 5123; baseline 0.004 -21"><span class='ocrx_word' id='word_1_655' title='bbox 523 5050 682 5103; x_wconf 85' lang='lat' dir='ltr'><strong>fidem</strong></span> <span class='ocrx_word' id='word_1_656' title='bbox 724 5050 1034 5104; x_wconf 71' lang='lat' dir='ltr'><strong>sorori&#39;tua:</strong></span> <span class='ocrx_word' id='word_1_657' title='bbox 1065 5050 1287 5105; x_wconf 67' lang='lat' dir='ltr'><strong>Marthae</strong></span> <span class='ocrx_word' id='word_1_658' title='bbox 1317 5051 1478 5107; x_wconf 91' lang='lat' dir='ltr'><strong>facito</strong></span> <span class='ocrx_word' id='word_1_659' title='bbox 1518 5062 1576 5106; x_wconf 92' lang='lat' dir='ltr'><strong>nt</strong></span> <span class='ocrx_word' id='word_1_660' title='bbox 1603 5053 1844 5123; x_wconf 86' lang='lat' dir='ltr'><strong>jubeam,</strong></span> <span class='ocrx_word' id='word_1_661' title='bbox 1899 5070 2001 5109; x_wconf 92' lang='lat' dir='ltr'><strong>non</strong></span> <span class='ocrx_word' id='word_1_662' title='bbox 2037 5063 2096 5109; x_wconf 90' lang='lat' dir='ltr'><strong>ut</strong></span> 
     </span>
    </p>
   </div>
   <div class='ocr_carea' id='block_1_88' title="bbox 521 5141 2098 5214">
    <p class='ocr_par' dir='ltr' id='par_1_88' title="bbox 521 5141 2098 5214">
     <span class='ocr_line' id='line_1_88' title="bbox 521 5141 2098 5214; baseline 0.003 -18"><span class='ocrx_word' id='word_1_663' title='bbox 521 5141 837 5211; x_wconf 67' lang='lat' dir='ltr'><strong>Supplicem.</strong></span> <span class='ocrx_word' id='word_1_664' title='bbox 872 5141 1091 5206; x_wconf 78' lang='lat' dir='ltr'><strong>Lazare,</strong></span> <span class='ocrx_word' id='word_1_665' title='bbox 1123 5143 1239 5198; x_wconf 72' lang='grc' dir='ltr'><strong>ι’εηὶ</strong></span> <span class='ocrx_word' id='word_1_666' title='bbox 1280 5143 1445 5213; x_wconf 82' lang='lat' dir='ltr'><strong>foras.</strong></span> <span class='ocrx_word' id='word_1_667' title='bbox 1507 5144 1825 5214; x_wconf 86' lang='lat' dir='ltr'><strong>Priusquam</strong></span> <span class='ocrx_word' id='word_1_668' title='bbox 1875 5147 2098 5202; x_wconf 85' lang='lat' dir='ltr'><strong>descen-</strong></span> 
     </span>
    </p>
   </div>
   <div class='ocr_carea' id='block_1_89' title="bbox 522 5233 2095 5302">
    <p class='ocr_par' dir='ltr' id='par_1_89' title="bbox 522 5233 2095 5302">
     <span class='ocr_line' id='line_1_89' title="bbox 522 5233 2095 5302; baseline 0.003 -16"><span class='ocrx_word' id='word_1_669' title='bbox 522 5233 674 5296; x_wconf 74' lang='grc' dir='ltr'>ἀει-ιι,</span> <span class='ocrx_word' id='word_1_670' title='bbox 715 5248 989 5302; x_wconf 89' lang='lat' dir='ltr'><strong>percurre,</strong></span> <span class='ocrx_word' id='word_1_671' title='bbox 1042 5247 1096 5289; x_wconf 87' lang='lat' dir='ltr'><strong>et</strong></span> <span class='ocrx_word' id='word_1_672' title='bbox 1125 5235 1364 5290; x_wconf 80' lang='lat' dir='ltr'><strong>edissere</strong></span> <span class='ocrx_word' id='word_1_673' title='bbox 1416 5236 1471 5289; x_wconf 91' lang='lat' dir='ltr'><strong>in</strong></span> <span class='ocrx_word' id='word_1_674' title='bbox 1521 5246 1572 5291; x_wconf 89' lang='lat' dir='ltr'><strong>te</strong></span> <span class='ocrx_word' id='word_1_675' title='bbox 1606 5237 2003 5291; x_wconf 87' lang='lat' dir='ltr'><strong>arrhabonem:</strong></span> <span class='ocrx_word' id='word_1_676' title='bbox 2041 5237 2095 5292; x_wconf 92' lang='lat' dir='ltr'><strong>in</strong></span> 
     </span>
    </p>
   </div>
   <div class='ocr_carea' id='block_1_90' title="bbox 525 5324 2092 5397">
    <p class='ocr_par' dir='ltr' id='par_1_90' title="bbox 525 5324 2092 5397">
     <span class='ocr_line' id='line_1_90' title="bbox 525 5324 2092 5397; baseline 0.003 -19"><span class='ocrx_word' id='word_1_677' title='bbox 525 5339 613 5379; x_wconf 90' lang='lat' dir='ltr'><strong>me</strong></span> <span class='ocrx_word' id='word_1_678' title='bbox 638 5334 836 5389; x_wconf 87' lang='lat' dir='ltr'><strong>autem,</strong></span> <span class='ocrx_word' id='word_1_679' title='bbox 869 5329 1010 5395; x_wconf 85' lang='lat' dir='ltr'><strong>quod</strong></span> <span class='ocrx_word' id='word_1_680' title='bbox 1045 5325 1344 5397; x_wconf 89' lang='lat' dir='ltr'><strong>perfectum</strong></span> <span class='ocrx_word' id='word_1_681' title='bbox 1381 5335 1484 5381; x_wconf 90' lang='lat' dir='ltr'><strong>est.</strong></span> <span class='ocrx_word' id='word_1_682' title='bbox 1521 5324 1744 5393; x_wconf 78' lang='lat' dir='ltr'><strong>Lazare,</strong></span> <span class='ocrx_word' id='word_1_683' title='bbox 1775 5327 1891 5382; x_wconf 73' lang='lat' dir='ltr'><strong>veni</strong></span> <span class='ocrx_word' id='word_1_684' title='bbox 1927 5327 2092 5396; x_wconf 80' lang='lat' dir='ltr'><strong>foras.</strong></span> 
     </span>
    </p>
   </div>
   <div class='ocr_carea' id='block_1_91' title="bbox 598 5502 1151 5568">
    <p class='ocr_par' dir='ltr' id='par_1_91' title="bbox 598 5502 1151 5568">
     <span class='ocr_line' id='line_1_91' title="bbox 598 5502 1151 5568; baseline 0 -12"><span class='ocrx_word' id='word_1_685' title='bbox 598 5503 644 5538; x_wconf 79' lang='lat'><strong>&quot;</strong></span> <span class='ocrx_word' id='word_1_686' title='bbox 675 5503 861 5557; x_wconf 82' lang='lat' dir='ltr'><strong>Matth.</strong></span> <span class='ocrx_word' id='word_1_687' title='bbox 906 5519 1038 5568; x_wconf 80' lang='lat' dir='ltr'><strong>svu,</strong></span> <span class='ocrx_word' id='word_1_688' title='bbox 1065 5502 1151 5559; x_wconf 79' lang='lat' dir='ltr'><strong>l9.</strong></span> 
     </span>
    </p>
   </div>
   <div class='ocr_carea' id='block_1_92' title="bbox 599 5596 2090 5670">
    <p class='ocr_par' dir='ltr' id='par_1_92' title="bbox 599 5596 2090 5670">
     <span class='ocr_line' id='line_1_92' title="bbox 599 5596 2090 5670; baseline 0.001 -18"><span class='ocrx_word' id='word_1_689' title='bbox 599 5598 712 5670; x_wconf 74' lang='grc'><strong>(46)</strong></span> <span class='ocrx_word' id='word_1_690' title='bbox 733 5597 935 5670; x_wconf 62' lang='lat' dir='ltr'><strong>Iudaeis</strong></span> <span class='ocrx_word' id='word_1_691' title='bbox 967 5599 1195 5667; x_wconf 78' lang='lat' dir='ltr'><strong>injunin</strong></span> <span class='ocrx_word' id='word_1_692' title='bbox 1239 5609 1294 5651; x_wconf 85' lang='lat' dir='ltr'><strong>ut</strong></span> <span class='ocrx_word' id='word_1_693' title='bbox 1328 5596 1642 5652; x_wconf 76' lang='lat' dir='ltr'><strong>revolverent</strong></span> <span class='ocrx_word' id='word_1_694' title='bbox 1673 5599 1919 5668; x_wconf 80' lang='lat' dir='ltr'><strong>lapidem.</strong></span> <span class='ocrx_word' id='word_1_695' title='bbox 1967 5597 2090 5654; x_wconf 71' lang='lat' dir='ltr'><strong>Haec</strong></span> 
     </span>
    </p>
   </div>
   <div class='ocr_carea' id='block_1_93' title="bbox 526 5669 1659 5730">
    <p class='ocr_par' dir='ltr' id='par_1_93' title="bbox 526 5669 1659 5730">
     <span class='ocr_line' id='line_1_93' title="bbox 526 5669 1659 5730; baseline -0.004 -4"><span class='ocrx_word' id='word_1_696' title='bbox 526 5669 724 5726; x_wconf 81' lang='lat' dir='ltr'><strong>desunt</strong></span> <span class='ocrx_word' id='word_1_697' title='bbox 759 5670 809 5722; x_wconf 91' lang='lat' dir='ltr'><strong>in</strong></span> <span class='ocrx_word' id='word_1_698' title='bbox 849 5669 1070 5730; x_wconf 83' lang='lat' dir='ltr'><strong>Graecis,</strong></span> <span class='ocrx_word' id='word_1_699' title='bbox 1096 5670 1188 5722; x_wconf 89' lang='lat' dir='ltr'><strong>sed</strong></span> <span class='ocrx_word' id='word_1_700' title='bbox 1216 5683 1406 5724; x_wconf 88' lang='lat' dir='ltr'><strong>sensus</strong></span> <span class='ocrx_word' id='word_1_701' title='bbox 1433 5679 1659 5722; x_wconf 85' lang='lat' dir='ltr'><strong>constat.</strong></span> 
     </span>
    </p>
   </div>
   <div class='ocr_carea' id='block_1_94' title="bbox 602 5737 1579 5808">
    <p class='ocr_par' dir='ltr' id='par_1_94' title="bbox 602 5737 1579 5808">
     <span class='ocr_line' id='line_1_94' title="bbox 602 5737 1579 5808; baseline -0.001 -17"><span class='ocrx_word' id='word_1_702' title='bbox 602 5739 712 5808; x_wconf 71' lang='grc'><strong>(47)</strong></span> <span class='ocrx_word' id='word_1_703' title='bbox 751 5738 1098 5808; x_wconf 80' lang='grc' dir='ltr'>Ἔδάκρυσε.</span> <span class='ocrx_word' id='word_1_704' title='bbox 1132 5737 1331 5792; x_wconf 86' lang='lat' dir='ltr'><strong>Littera</strong></span> <span class='ocrx_word' id='word_1_705' title='bbox 1365 5739 1579 5792; x_wconf 88' lang='lat' dir='ltr'><strong>vitiosa.</strong></span> 
     </span>
    </p>
   </div>
   <div class='ocr_carea' id='block_1_95' title="bbox 602 5807 2088 5882">
    <p class='ocr_par' dir='ltr' id='par_1_95' title="bbox 602 5807 2088 5882">
     <span class='ocr_line' id='line_1_95' title="bbox 602 5807 2088 5882; baseline 0.001 -18"><span class='ocrx_word' id='word_1_706' title='bbox 602 5808 713 5880; x_wconf 70' lang='lat' dir='ltr'><strong>(s8)</strong></span> <span class='ocrx_word' id='word_1_707' title='bbox 741 5809 858 5877; x_wconf 83' lang='grc' dir='ltr'>Πρὸ</span> <span class='ocrx_word' id='word_1_708' title='bbox 886 5807 991 5862; x_wconf 89' lang='grc' dir='ltr'><strong>τοῦ</strong></span> <span class='ocrx_word' id='word_1_709' title='bbox 1028 5807 1289 5864; x_wconf 65' lang='grc' dir='ltr'>κατέλθω</span> <span class='ocrx_word' id='word_1_710' title='bbox 1317 5808 1545 5873; x_wconf 72' lang='grc' dir='ltr'>ἔξελθε.</span> <span class='ocrx_word' id='word_1_711' title='bbox 1592 5807 1738 5865; x_wconf 80' lang='lat' dir='ltr'><strong>Perit</strong></span> <span class='ocrx_word' id='word_1_712' title='bbox 1764 5808 1908 5882; x_wconf 86' lang='lat' dir='ltr'><strong>lepos</strong></span> <span class='ocrx_word' id='word_1_713' title='bbox 1939 5809 2088 5866; x_wconf 69' lang='lat' dir='ltr'><strong>Grae-</strong></span> 
     </span>
    </p>
   </div>
   <div class='ocr_carea' id='block_1_96' title="bbox 2189 3587 3760 3660">
    <p class='ocr_par' dir='ltr' id='par_1_96' title="bbox 2189 3587 3760 3660">
     <span class='ocr_line' id='line_1_96' title="bbox 2189 3587 3760 3660; baseline -0.001 -18"><span class='ocrx_word' id='word_1_714' title='bbox 2189 3592 2282 3644; x_wconf 78' lang='grc' dir='ltr'>καὶ</span> <span class='ocrx_word' id='word_1_715' title='bbox 2316 3589 2548 3644; x_wconf 91' lang='grc' dir='ltr'>θανάτου</span> <span class='ocrx_word' id='word_1_716' title='bbox 2593 3590 2691 3660; x_wconf 81' lang='grc' dir='ltr'>τὴν</span> <span class='ocrx_word' id='word_1_717' title='bbox 2724 3589 2971 3654; x_wconf 79' lang='grc' dir='ltr'>ἐξουσίαν</span> <span class='ocrx_word' id='word_1_718' title='bbox 2996 3589 3122 3659; x_wconf 81' lang='grc' dir='ltr'>ἔχω.</span> <span class='ocrx_word' id='word_1_719' title='bbox 3173 3590 3284 3642; x_wconf 78' lang='grc' dir='ltr'><strong>Καὶ</strong></span> <span class='ocrx_word' id='word_1_720' title='bbox 3302 3587 3464 3654; x_wconf 79' lang='grc' dir='ltr'>εὐθὺς</span> <span class='ocrx_word' id='word_1_721' title='bbox 3489 3588 3627 3660; x_wconf 81' lang='grc' dir='ltr'>πρὸς</span> <span class='ocrx_word' id='word_1_722' title='bbox 3664 3590 3760 3641; x_wconf 85' lang='grc' dir='ltr'><strong>αὑ-</strong></span> 
     </span>
    </p>
   </div>
   <div class='ocr_carea' id='block_1_97' title="bbox 2186 3677 3760 3752">
    <p class='ocr_par' dir='ltr' id='par_1_97' title="bbox 2186 3677 3760 3752">
     <span class='ocr_line' id='line_1_97' title="bbox 2186 3677 3760 3752; baseline -0.002 -18"><span class='ocrx_word' id='word_1_723' title='bbox 2186 3681 2312 3745; x_wconf 77' lang='grc' dir='ltr'>τοὺς</span> <span class='ocrx_word' id='word_1_724' title='bbox 2343 3683 2372 3735; x_wconf 91' lang='lat'><strong>6</strong></span> <span class='ocrx_word' id='word_1_725' title='bbox 2399 3680 2622 3752; x_wconf 75' lang='grc' dir='ltr'>Κύριος,</span> <span class='ocrx_word' id='word_1_726' title='bbox 2652 3678 2832 3743; x_wconf 88' lang='grc' dir='ltr'>καθὼς</span> <span class='ocrx_word' id='word_1_727' title='bbox 2857 3680 2972 3733; x_wconf 84' lang='grc' dir='ltr'>ῐστε</span> <span class='ocrx_word' id='word_1_728' title='bbox 3012 3679 3213 3742; x_wconf 84' lang='grc' dir='ltr'>πάντες</span> <span class='ocrx_word' id='word_1_729' title='bbox 3241 3677 3448 3748; x_wconf 75' lang='grc' dir='ltr'>σαφῶςο</span> <span class='ocrx_word' id='word_1_730' title='bbox 3497 3679 3760 3734; x_wconf 80' lang='grc' dir='ltr'>’Λποκυο</span> 
     </span>
    </p>
   </div>
   <div class='ocr_carea' id='block_1_98' title="bbox 2187 3767 3766 3839">
    <p class='ocr_par' dir='ltr' id='par_1_98' title="bbox 2187 3767 3766 3839">
     <span class='ocr_line' id='line_1_98' title="bbox 2187 3767 3766 3839; baseline -0.003 -15"><span class='ocrx_word' id='word_1_731' title='bbox 2187 3771 2399 3825; x_wconf 74' lang='grc' dir='ltr'>λίσατε</span> <span class='ocrx_word' id='word_1_732' title='bbox 2423 3771 2530 3823; x_wconf 77' lang='grc' dir='ltr'><strong>τὸν</strong></span> <span class='ocrx_word' id='word_1_733' title='bbox 2551 3772 2744 3824; x_wconf 72' lang='grc' dir='ltr'>λίθον.</span> <span class='ocrx_word' id='word_1_734' title='bbox 2778 3769 2952 3822; x_wconf 86' lang='grc' dir='ltr'>Βλέπε</span> <span class='ocrx_word' id='word_1_735' title='bbox 2996 3769 3114 3832; x_wconf 81' lang='grc' dir='ltr'><strong>πῶς</strong></span> <span class='ocrx_word' id='word_1_736' title='bbox 3158 3769 3336 3823; x_wconf 88' lang='grc' dir='ltr'>πάντα</span> <span class='ocrx_word' id='word_1_737' title='bbox 3383 3767 3562 3836; x_wconf 79' lang='grc' dir='ltr'>σοφῶς</span> <span class='ocrx_word' id='word_1_738' title='bbox 3592 3767 3766 3839; x_wconf 84' lang='grc' dir='ltr'>ἐπρα-</span> 
     </span>
    </p>
   </div>
   <div class='ocr_carea' id='block_1_99' title="bbox 2190 3858 3764 3932">
    <p class='ocr_par' dir='ltr' id='par_1_99' title="bbox 2190 3858 3764 3932">
     <span class='ocr_line' id='line_1_99' title="bbox 2190 3858 3764 3932; baseline -0.003 -18"><span class='ocrx_word' id='word_1_739' title='bbox 2190 3859 2555 3931; x_wconf 87' lang='grc' dir='ltr'>γματεύσατο,</span> <span class='ocrx_word' id='word_1_740' title='bbox 2584 3858 2864 3932; x_wconf 87' lang='grc' dir='ltr'>μάρτυρας</span> <span class='ocrx_word' id='word_1_741' title='bbox 2895 3859 3143 3932; x_wconf 77' lang='grc' dir='ltr'>ἀκριϐεῖς</span> <span class='ocrx_word' id='word_1_742' title='bbox 3169 3859 3268 3930; x_wconf 83' lang='grc' dir='ltr'>τῆς</span> <span class='ocrx_word' id='word_1_743' title='bbox 3299 3858 3645 3921; x_wconf 83' lang='grc' dir='ltr'>ἀναστάσεως</span> <span class='ocrx_word' id='word_1_744' title='bbox 3659 3859 3764 3910; x_wconf 88' lang='grc' dir='ltr'>Λα-</span> 
     </span>
    </p>
   </div>
   <div class='ocr_carea' id='block_1_100' title="bbox 2192 3949 3764 4028">
    <p class='ocr_par' dir='ltr' id='par_1_100' title="bbox 2192 3949 3764 4028">
     <span class='ocr_line' id='line_1_100' title="bbox 2192 3949 3764 4028; baseline -0.006 -19"><span class='ocrx_word' id='word_1_745' title='bbox 2192 3953 2358 4028; x_wconf 90' lang='grc' dir='ltr'>ζάρου</span> <span class='ocrx_word' id='word_1_746' title='bbox 2419 3952 2711 4008; x_wconf 89' lang='grc' dir='ltr'>καθιστῶν.</span> <span class='ocrx_word' id='word_1_747' title='bbox 2782 3953 3218 4008; x_wconf 72' lang='grc' dir='ltr'>’Λποκυλίσατε</span> <span class='ocrx_word' id='word_1_748' title='bbox 3254 3951 3361 4004; x_wconf 74' lang='grc' dir='ltr'>τὸν</span> <span class='ocrx_word' id='word_1_749' title='bbox 3407 3951 3602 4004; x_wconf 66' lang='grc' dir='ltr'>λίθον.</span> <span class='ocrx_word' id='word_1_750' title='bbox 3637 3949 3764 4012; x_wconf 86' lang='grc' dir='ltr'>Τοῖς</span> 
     </span>
    </p>
   </div>
   <div class='ocr_carea' id='block_1_101' title="bbox 2197 4039 3764 4120">
    <p class='ocr_par' dir='ltr' id='par_1_101' title="bbox 2197 4039 3764 4120">
     <span class='ocr_line' id='line_1_101' title="bbox 2197 4039 3764 4120; baseline -0.004 -19"><span class='ocrx_word' id='word_1_751' title='bbox 2197 4047 2465 4120; x_wconf 85' lang='grc' dir='ltr'>μαθηταῖς</span> <span class='ocrx_word' id='word_1_752' title='bbox 2485 4047 2787 4117; x_wconf 81' lang='grc' dir='ltr'>ἐπέτρεπεν</span> <span class='ocrx_word' id='word_1_753' title='bbox 2813 4043 2913 4115; x_wconf 75' lang='grc' dir='ltr'>ὅρη</span> <span class='ocrx_word' id='word_1_754' title='bbox 2935 4045 3265 4114; x_wconf 85' lang='grc' dir='ltr'>μεταγαγεῖν</span> <span class='ocrx_word' id='word_1_755' title='bbox 3298 4041 3463 4112; x_wconf 87' lang='grc' dir='ltr'>λόγῳ,</span> <span class='ocrx_word' id='word_1_756' title='bbox 3485 4041 3579 4095; x_wconf 74' lang='grc' dir='ltr'>καὶ</span> <span class='ocrx_word' id='word_1_757' title='bbox 3601 4039 3764 4104; x_wconf 75' lang='grc' dir='ltr'>αὐτὸς</span> 
     </span>
    </p>
   </div>
   <div class='ocr_carea' id='block_1_102' title="bbox 2193 4126 3766 4202">
    <p class='ocr_par' dir='ltr' id='par_1_102' title="bbox 2193 4126 3766 4202">
     <span class='ocr_line' id='line_1_102' title="bbox 2193 4126 3766 4202; baseline -0.004 -11"><span class='ocrx_word' id='word_1_758' title='bbox 2193 4139 2338 4191; x_wconf 90' lang='grc' dir='ltr'>λίθον</span> <span class='ocrx_word' id='word_1_759' title='bbox 2372 4126 2474 4190; x_wconf 78' lang='grc' dir='ltr'>οὐκ</span> <span class='ocrx_word' id='word_1_760' title='bbox 2504 4134 2867 4200; x_wconf 86' lang='grc' dir='ltr'>ἀπεκύλισεν;</span> <span class='ocrx_word' id='word_1_761' title='bbox 2931 4133 3091 4187; x_wconf 80' lang='grc' dir='ltr'>Ἀλλὰ</span> <span class='ocrx_word' id='word_1_762' title='bbox 3125 4134 3303 4187; x_wconf 86' lang='grc' dir='ltr'>πάντα</span> <span class='ocrx_word' id='word_1_763' title='bbox 3333 4132 3532 4202; x_wconf 82' lang='grc' dir='ltr'>σοφῶς,</span> <span class='ocrx_word' id='word_1_764' title='bbox 3583 4129 3766 4194; x_wconf 83' lang='grc' dir='ltr'>καθὼς</span> 
     </span>
    </p>
   </div>
   <div class='ocr_carea' id='block_1_103' title="bbox 2195 4222 3766 4300">
    <p class='ocr_par' dir='ltr' id='par_1_103' title="bbox 2195 4222 3766 4300">
     <span class='ocr_line' id='line_1_103' title="bbox 2195 4222 3766 4300; baseline -0.004 -19"><span class='ocrx_word' id='word_1_765' title='bbox 2195 4229 2476 4300; x_wconf 71' lang='grc' dir='ltr'>προεῖπον,</span> <span class='ocrx_word' id='word_1_766' title='bbox 2513 4225 3032 4298; x_wconf 79' lang='grc' dir='ltr'>πραγματευόμενος</span> <span class='ocrx_word' id='word_1_767' title='bbox 3065 4223 3201 4295; x_wconf 82' lang='grc' dir='ltr'>πρὸς</span> <span class='ocrx_word' id='word_1_768' title='bbox 3230 4222 3586 4287; x_wconf 87' lang='grc' dir='ltr'>λυσιτέλειαν,</span> <span class='ocrx_word' id='word_1_769' title='bbox 3611 4222 3766 4292; x_wconf 71' lang='grc' dir='ltr'>ἔλεγε</span> 
     </span>
    </p>
   </div>
   <div class='ocr_carea' id='block_1_104' title="bbox 2194 4315 3770 4386">
    <p class='ocr_par' dir='ltr' id='par_1_104' title="bbox 2194 4315 3770 4386">
     <span class='ocr_line' id='line_1_104' title="bbox 2194 4315 3770 4386; baseline -0.005 -11"><span class='ocrx_word' id='word_1_770' title='bbox 2194 4323 2306 4384; x_wconf 88' lang='grc' dir='ltr'>τοῖς</span> <span class='ocrx_word' id='word_1_771' title='bbox 2339 4319 2636 4386; x_wconf 79' lang='grc' dir='ltr'>Ἰουδαίοις,</span> <span class='ocrx_word' id='word_1_772' title='bbox 2695 4317 3129 4373; x_wconf 75' lang='grc' dir='ltr'>’Δποκυλίσατε</span> <span class='ocrx_word' id='word_1_773' title='bbox 3163 4315 3271 4370; x_wconf 75' lang='grc' dir='ltr'><strong>τὸν</strong></span> <span class='ocrx_word' id='word_1_774' title='bbox 3310 4315 3504 4380; x_wconf 74' lang='grc' dir='ltr'>λίθον,</span> <span class='ocrx_word' id='word_1_775' title='bbox 3529 4315 3678 4379; x_wconf 82' lang='grc' dir='ltr'>ὅπως</span> <span class='ocrx_word' id='word_1_776' title='bbox 3707 4315 3770 4380; x_wconf 81' lang='grc' dir='ltr'>ἐξ</span> 
     </span>
    </p>
   </div>
   <div class='ocr_carea' id='block_1_105' title="bbox 2194 4405 3767 4482">
    <p class='ocr_par' dir='ltr' id='par_1_105' title="bbox 2194 4405 3767 4482">
     <span class='ocr_line' id='line_1_105' title="bbox 2194 4405 3767 4482; baseline -0.006 -15"><span class='ocrx_word' id='word_1_777' title='bbox 2194 4411 2364 4482; x_wconf 80' lang='grc' dir='ltr'>αὐτῆς</span> <span class='ocrx_word' id='word_1_778' title='bbox 2382 4412 2482 4482; x_wconf 85' lang='grc' dir='ltr'>τῆς</span> <span class='ocrx_word' id='word_1_779' title='bbox 2512 4410 2842 4482; x_wconf 84' lang='grc' dir='ltr'>νεκροφόρου</span> <span class='ocrx_word' id='word_1_780' title='bbox 2875 4408 3156 4478; x_wconf 79' lang='grc' dir='ltr'>ἀποφορᾶς</span> <span class='ocrx_word' id='word_1_781' title='bbox 3196 4405 3440 4478; x_wconf 83' lang='grc' dir='ltr'>μάθωσιν</span> <span class='ocrx_word' id='word_1_782' title='bbox 3475 4405 3556 4460; x_wconf 81' lang='grc' dir='ltr'>ὅτι</span> <span class='ocrx_word' id='word_1_783' title='bbox 3586 4405 3767 4477; x_wconf 82' lang='grc' dir='ltr'>ἐσάπη</span> 
     </span>
    </p>
   </div>
   <div class='ocr_carea' id='block_1_106' title="bbox 2197 4497 3771 4572">
    <p class='ocr_par' dir='ltr' id='par_1_106' title="bbox 2197 4497 3771 4572">
     <span class='ocr_line' id='line_1_106' title="bbox 2197 4497 3771 4572; baseline -0.004 -14"><span class='ocrx_word' id='word_1_784' title='bbox 2197 4505 2292 4558; x_wconf 76' lang='grc' dir='ltr'>καὶ</span> <span class='ocrx_word' id='word_1_785' title='bbox 2318 4504 2418 4558; x_wconf 89' lang='grc' dir='ltr'><strong>ούκ</strong></span> <span class='ocrx_word' id='word_1_786' title='bbox 2465 4502 2700 4572; x_wconf 83' lang='grc' dir='ltr'>ὲκλάπη.</span> <span class='ocrx_word' id='word_1_787' title='bbox 2756 4500 3194 4555; x_wconf 72' lang='grc' dir='ltr'>Ἀποκυλίσατε</span> <span class='ocrx_word' id='word_1_788' title='bbox 3215 4497 3322 4572; x_wconf 75' lang='grc' dir='ltr'><strong>τὸν</strong></span> <span class='ocrx_word' id='word_1_789' title='bbox 3350 4498 3542 4552; x_wconf 74' lang='grc' dir='ltr'>λίθον.</span> <span class='ocrx_word' id='word_1_790' title='bbox 3570 4497 3688 4550; x_wconf 92' lang='grc' dir='ltr'><strong>Τῶν</strong></span> <span class='ocrx_word' id='word_1_791' title='bbox 3711 4497 3771 4551; x_wconf 82' lang='grc' dir='ltr'>δὲ</span> 
     </span>
    </p>
   </div>
   <div class='ocr_carea' id='block_1_107' title="bbox 2195 4589 3773 4664">
    <p class='ocr_par' dir='ltr' id='par_1_107' title="bbox 2195 4589 3773 4664">
     <span class='ocr_line' id='line_1_107' title="bbox 2195 4589 3773 4664; baseline -0.004 -16"><span class='ocrx_word' id='word_1_792' title='bbox 2195 4595 2638 4648; x_wconf 85' lang='grc' dir='ltr'>ἀποκυλισάντων</span> <span class='ocrx_word' id='word_1_793' title='bbox 2674 4591 2813 4664; x_wconf 85' lang='grc' dir='ltr'><strong>μετά</strong></span> <span class='ocrx_word' id='word_1_794' title='bbox 2839 4590 3154 4661; x_wconf 79' lang='grc' dir='ltr'>γογγυσμοῦ</span> <span class='ocrx_word' id='word_1_795' title='bbox 3185 4589 3523 4660; x_wconf 86' lang='grc' dir='ltr'>(ἐδρίμυττεν</span> <span class='ocrx_word' id='word_1_796' title='bbox 3538 4589 3646 4661; x_wconf 83' lang='grc' dir='ltr'>γὰρ</span> <span class='ocrx_word' id='word_1_797' title='bbox 3673 4590 3773 4642; x_wconf 81' lang='grc' dir='ltr'><strong>αὺ-</strong></span> 
     </span>
    </p>
   </div>
   <div class='ocr_carea' id='block_1_108' title="bbox 2195 4680 3773 4756">
    <p class='ocr_par' dir='ltr' id='par_1_108' title="bbox 2195 4680 3773 4756">
     <span class='ocr_line' id='line_1_108' title="bbox 2195 4680 3773 4756; baseline -0.003 -18"><span class='ocrx_word' id='word_1_798' title='bbox 2195 4687 2319 4748; x_wconf 78' lang='grc' dir='ltr'>τοὺς</span> <span class='ocrx_word' id='word_1_799' title='bbox 2340 4687 2372 4755; x_wconf 81' lang='grc' dir='ltr'>ἡ</span> <span class='ocrx_word' id='word_1_800' title='bbox 2391 4686 2724 4756; x_wconf 80' lang='grc' dir='ltr'>νεκροφόρου</span> <span class='ocrx_word' id='word_1_801' title='bbox 2752 4683 2985 4745; x_wconf 86' lang='grc' dir='ltr'>δυσίνιος</span> <span class='ocrx_word' id='word_1_802' title='bbox 3009 4680 3305 4752; x_wconf 83' lang='grc' dir='ltr'>ἀποφορά)·</span> <span class='ocrx_word' id='word_1_803' title='bbox 3328 4680 3773 4734; x_wconf 79' lang='grc' dir='ltr'>άποκυλισάντων</span> 
     </span>
    </p>
   </div>
   <div class='ocr_carea' id='block_1_109' title="bbox 2195 4768 3772 4845">
    <p class='ocr_par' dir='ltr' id='par_1_109' title="bbox 2195 4768 3772 4845">
     <span class='ocr_line' id='line_1_109' title="bbox 2195 4768 3772 4845; baseline -0.004 -17"><span class='ocrx_word' id='word_1_804' title='bbox 2195 4774 2252 4828; x_wconf 77' lang='grc' dir='ltr'>δὲ</span> <span class='ocrx_word' id='word_1_805' title='bbox 2290 4774 2398 4828; x_wconf 91' lang='grc' dir='ltr'><strong>τῶν</strong></span> <span class='ocrx_word' id='word_1_806' title='bbox 2431 4774 2715 4845; x_wconf 87' lang='grc' dir='ltr'>παρόντων</span> <span class='ocrx_word' id='word_1_807' title='bbox 2732 4773 2824 4826; x_wconf 82' lang='grc' dir='ltr'>τὸν</span> <span class='ocrx_word' id='word_1_808' title='bbox 2849 4771 3014 4834; x_wconf 90' lang='grc' dir='ltr'>λίθον,</span> <span class='ocrx_word' id='word_1_809' title='bbox 3044 4770 3247 4834; x_wconf 79' lang='grc' dir='ltr'>εὐθέως</span> <span class='ocrx_word' id='word_1_810' title='bbox 3269 4770 3494 4842; x_wconf 79' lang='grc' dir='ltr'>ἐϐόησεν</span> <span class='ocrx_word' id='word_1_811' title='bbox 3521 4770 3550 4821; x_wconf 87' lang='lat'><strong>6</strong></span> <span class='ocrx_word' id='word_1_812' title='bbox 3567 4768 3772 4842; x_wconf 84' lang='grc' dir='ltr'>Κύριος</span> 
     </span>
    </p>
   </div>
   <div class='ocr_carea' id='block_1_110' title="bbox 2195 4862 3773 4936">
    <p class='ocr_par' dir='ltr' id='par_1_110' title="bbox 2195 4862 3773 4936">
     <span class='ocr_line' id='line_1_110' title="bbox 2195 4862 3773 4936; baseline -0.004 -16"><span class='ocrx_word' id='word_1_813' title='bbox 2195 4868 2391 4936; x_wconf 82' lang='grc' dir='ltr'><strong>λέγων⁸</strong></span> <span class='ocrx_word' id='word_1_814' title='bbox 2430 4867 2674 4934; x_wconf 82' lang='grc' dir='ltr'>Λάζαρε,</span> <span class='ocrx_word' id='word_1_815' title='bbox 2710 4865 2887 4933; x_wconf 83' lang='grc' dir='ltr'>δεῦρο</span> <span class='ocrx_word' id='word_1_816' title='bbox 2910 4865 3045 4929; x_wconf 78' lang='grc' dir='ltr'><strong>ἔξω.</strong></span> <span class='ocrx_word' id='word_1_817' title='bbox 3069 4863 3346 4933; x_wconf 83' lang='grc' dir='ltr'>Δεσπότης</span> <span class='ocrx_word' id='word_1_818' title='bbox 3369 4866 3397 4916; x_wconf 91' lang='lat'><strong>6</strong></span> <span class='ocrx_word' id='word_1_819' title='bbox 3427 4862 3628 4924; x_wconf 89' lang='grc' dir='ltr'>καλῶν,</span> <span class='ocrx_word' id='word_1_820' title='bbox 3682 4862 3773 4914; x_wconf 83' lang='grc' dir='ltr'>ού-</span> 
     </span>
    </p>
   </div>
   <div class='ocr_carea' id='block_1_111' title="bbox 2197 4955 3774 5028">
    <p class='ocr_par' dir='ltr' id='par_1_111' title="bbox 2197 4955 3774 5028">
     <span class='ocr_line' id='line_1_111' title="bbox 2197 4955 3774 5028; baseline -0.005 -15"><span class='ocrx_word' id='word_1_821' title='bbox 2197 4960 2307 5023; x_wconf 75' lang='grc' dir='ltr'>δεὶς</span> <span class='ocrx_word' id='word_1_822' title='bbox 2339 4962 2368 5014; x_wconf 89' lang='lat'><strong>6</strong></span> <span class='ocrx_word' id='word_1_823' title='bbox 2393 4959 2704 5028; x_wconf 83' lang='grc' dir='ltr'>ἀντιλέγων.</span> <span class='ocrx_word' id='word_1_824' title='bbox 2729 4958 2978 5028; x_wconf 79' lang='grc' dir='ltr'>Λάζαρε,</span> <span class='ocrx_word' id='word_1_825' title='bbox 3007 4957 3182 5026; x_wconf 80' lang='grc' dir='ltr'>δεῦρο</span> <span class='ocrx_word' id='word_1_826' title='bbox 3200 4956 3334 5020; x_wconf 75' lang='grc' dir='ltr'>ἐξωο</span> <span class='ocrx_word' id='word_1_827' title='bbox 3364 4955 3774 5026; x_wconf 82' lang='grc' dir='ltr'>πληροφόρησον</span> 
     </span>
    </p>
   </div>
   <div class='ocr_carea' id='block_1_112' title="bbox 2200 5049 3774 5125">
    <p class='ocr_par' dir='ltr' id='par_1_112' title="bbox 2200 5049 3774 5125">
     <span class='ocr_line' id='line_1_112' title="bbox 2200 5049 3774 5125; baseline -0.006 -17"><span class='ocrx_word' id='word_1_828' title='bbox 2200 5053 2428 5125; x_wconf 85' lang='grc' dir='ltr'>Μάρθαν</span> <span class='ocrx_word' id='word_1_829' title='bbox 2478 5052 2579 5123; x_wconf 80' lang='grc' dir='ltr'>τὴν</span> <span class='ocrx_word' id='word_1_830' title='bbox 2605 5052 2838 5124; x_wconf 81' lang='grc' dir='ltr'>ἀδελφήν</span> <span class='ocrx_word' id='word_1_831' title='bbox 2871 5067 2987 5111; x_wconf 90' lang='grc' dir='ltr'>σου,</span> <span class='ocrx_word' id='word_1_832' title='bbox 3013 5050 3089 5115; x_wconf 82' lang='grc' dir='ltr'><strong>ὡς</strong></span> <span class='ocrx_word' id='word_1_833' title='bbox 3120 5050 3348 5112; x_wconf 87' lang='grc' dir='ltr'>κελεύω,</span> <span class='ocrx_word' id='word_1_834' title='bbox 3392 5050 3488 5102; x_wconf 76' lang='grc' dir='ltr'>καὶ</span> <span class='ocrx_word' id='word_1_835' title='bbox 3513 5049 3612 5118; x_wconf 67' lang='grc' dir='ltr'>οὐχ</span> <span class='ocrx_word' id='word_1_836' title='bbox 3664 5049 3774 5099; x_wconf 78' lang='grc' dir='ltr'>ίκε-</span> 
     </span>
    </p>
   </div>
   <div class='ocr_carea' id='block_1_113' title="bbox 2196 5137 3776 5214">
    <p class='ocr_par' dir='ltr' id='par_1_113' title="bbox 2196 5137 3776 5214">
     <span class='ocr_line' id='line_1_113' title="bbox 2196 5137 3776 5214; baseline -0.006 -14"><span class='ocrx_word' id='word_1_837' title='bbox 2196 5145 2358 5202; x_wconf 85' lang='grc' dir='ltr'>τεύω.</span> <span class='ocrx_word' id='word_1_838' title='bbox 2389 5143 2629 5213; x_wconf 74' lang='grc' dir='ltr'>Λάζαρε,</span> <span class='ocrx_word' id='word_1_839' title='bbox 2684 5143 2862 5213; x_wconf 84' lang='grc' dir='ltr'>δεῦρο</span> <span class='ocrx_word' id='word_1_840' title='bbox 2898 5143 3034 5207; x_wconf 78' lang='grc' dir='ltr'><strong>ἔξω.</strong></span> <span class='ocrx_word' id='word_1_841' title='bbox 3076 5141 3188 5214; x_wconf 81' lang='grc' dir='ltr'>Πρὸ</span> <span class='ocrx_word' id='word_1_842' title='bbox 3213 5141 3305 5194; x_wconf 91' lang='grc' dir='ltr'><strong>τοῦ</strong></span> <span class='ocrx_word' id='word_1_843' title='bbox 3336 5141 3600 5203; x_wconf 87' lang='grc' dir='ltr'>κατέλθω,</span> <span class='ocrx_word' id='word_1_844' title='bbox 3628 5137 3776 5205; x_wconf 75' lang='grc' dir='ltr'>ἐξελ-</span> 
     </span>
    </p>
   </div>
   <div class='ocr_carea' id='block_1_114' title="bbox 2198 5230 3771 5308">
    <p class='ocr_par' dir='ltr' id='par_1_114' title="bbox 2198 5230 3771 5308">
     <span class='ocr_line' id='line_1_114' title="bbox 2198 5230 3771 5308; baseline -0.003 -19"><span class='ocrx_word' id='word_1_845' title='bbox 2198 5237 2257 5289; x_wconf 90' lang='grc' dir='ltr'><strong>θε</strong></span> <span class='ocrx_word' id='word_1_846' title='bbox 2283 5235 2413 5306; x_wconf 76' lang='grc'><strong>(48)’</strong></span> <span class='ocrx_word' id='word_1_847' title='bbox 2451 5238 2509 5289; x_wconf 86' lang='grc' dir='ltr'><strong>ἐν</strong></span> <span class='ocrx_word' id='word_1_848' title='bbox 2540 5235 2624 5288; x_wconf 76' lang='grc' dir='ltr'>σοὶ</span> <span class='ocrx_word' id='word_1_849' title='bbox 2667 5233 2761 5288; x_wconf 86' lang='grc' dir='ltr'><strong>τδν</strong></span> <span class='ocrx_word' id='word_1_850' title='bbox 2803 5232 3122 5308; x_wconf 74' lang='grc' dir='ltr'>ἀρραϐῶνα,</span> <span class='ocrx_word' id='word_1_851' title='bbox 3176 5235 3233 5286; x_wconf 80' lang='grc' dir='ltr'><strong>ἐν</strong></span> <span class='ocrx_word' id='word_1_852' title='bbox 3274 5233 3404 5304; x_wconf 80' lang='grc' dir='ltr'>ἐμοὶ·</span> <span class='ocrx_word' id='word_1_853' title='bbox 3444 5231 3506 5284; x_wconf 76' lang='grc' dir='ltr'>τὸ</span> <span class='ocrx_word' id='word_1_854' title='bbox 3545 5230 3771 5284; x_wconf 82' lang='grc' dir='ltr'>τέλειον.</span> 
     </span>
    </p>
   </div>
   <div class='ocr_carea' id='block_1_115' title="bbox 2196 5324 2826 5396">
    <p class='ocr_par' dir='ltr' id='par_1_115' title="bbox 2196 5324 2826 5396">
     <span class='ocr_line' id='line_1_115' title="bbox 2196 5324 2826 5396; baseline -0.005 -15"><span class='ocrx_word' id='word_1_855' title='bbox 2196 5324 2439 5396; x_wconf 74' lang='grc' dir='ltr'>Λάζαρε,</span> <span class='ocrx_word' id='word_1_856' title='bbox 2491 5324 2666 5394; x_wconf 79' lang='grc' dir='ltr'>δεῦρο</span> <span class='ocrx_word' id='word_1_857' title='bbox 2690 5325 2826 5390; x_wconf 80' lang='grc' dir='ltr'><strong>ἔξω.</strong></span> 
     </span>
    </p>
   </div>
   <div class='ocr_carea' id='block_1_116' title="bbox 2199 5588 3776 5663">
    <p class='ocr_par' dir='ltr' id='par_1_116' title="bbox 2199 5588 3776 5663">
     <span class='ocr_line' id='line_1_116' title="bbox 2199 5588 3776 5663; baseline -0.006 -14"><span class='ocrx_word' id='word_1_858' title='bbox 2199 5613 2294 5651; x_wconf 81' lang='lat' dir='ltr'><strong>cus</strong></span> <span class='ocrx_word' id='word_1_859' title='bbox 2327 5595 2379 5650; x_wconf 89' lang='lat' dir='ltr'><strong>in</strong></span> <span class='ocrx_word' id='word_1_860' title='bbox 2417 5593 2567 5650; x_wconf 85' lang='lat' dir='ltr'><strong>suavi</strong></span> <span class='ocrx_word' id='word_1_861' title='bbox 2607 5592 2694 5646; x_wconf 88' lang='lat' dir='ltr'><strong>illa</strong></span> <span class='ocrx_word' id='word_1_862' title='bbox 2734 5589 3312 5663; x_wconf 64' lang='lat' dir='ltr'><strong>prOpnsitionissolins</strong></span> <span class='ocrx_word' id='word_1_863' title='bbox 3340 5588 3776 5663; x_wconf 70' lang='lat' dir='ltr'><strong>commutatione.</strong></span> 
     </span>
    </p>
   </div>
   <div class='ocr_carea' id='block_1_117' title="bbox 2199 5659 3775 5738">
    <p class='ocr_par' dir='ltr' id='par_1_117' title="bbox 2199 5659 3775 5738">
     <span class='ocr_line' id='line_1_117' title="bbox 2199 5659 3775 5738; baseline -0.008 -17"><span class='ocrx_word' id='word_1_864' title='bbox 2199 5668 2449 5738; x_wconf 76' lang='lat' dir='ltr'><strong>Tnergo,</strong></span> <span class='ocrx_word' id='word_1_865' title='bbox 2480 5659 2792 5734; x_wconf 82' lang='lat' dir='ltr'><strong>priusquam</strong></span> <span class='ocrx_word' id='word_1_866' title='bbox 2834 5659 3011 5715; x_wconf 80' lang='lat' dir='ltr'><strong>inerte</strong></span> <span class='ocrx_word' id='word_1_867' title='bbox 3060 5659 3264 5738; x_wconf 76' lang='lat' dir='ltr'><strong>inferna</strong></span> <span class='ocrx_word' id='word_1_868' title='bbox 3307 5670 3505 5738; x_wconf 77' lang='lat' dir='ltr'><strong>petam,</strong></span> <span class='ocrx_word' id='word_1_869' title='bbox 3533 5660 3775 5738; x_wconf 46' lang='grc' dir='ltr'>εθισμο-</span> 
     </span>
    </p>
   </div>
   <div class='ocr_carea' id='block_1_118' title="bbox 2205 5729 3779 5802">
    <p class='ocr_par' dir='ltr' id='par_1_118' title="bbox 2205 5729 3779 5802">
     <span class='ocr_line' id='line_1_118' title="bbox 2205 5729 3779 5802; baseline -0.009 -10"><span class='ocrx_word' id='word_1_870' title='bbox 2205 5729 2672 5802; x_wconf 65' lang='grc' dir='ltr'>ιιιίηἱιιῖιεῄτωοοξ</span> <span class='ocrx_word' id='word_1_871' title='bbox 2701 5742 2916 5787; x_wconf 64' lang='lat' dir='ltr'><strong>tuamet</strong></span> <span class='ocrx_word' id='word_1_872' title='bbox 2959 5729 3388 5802; x_wconf 71' lang='lat' dir='ltr'><strong>resurrectionis,</strong></span> <span class='ocrx_word' id='word_1_873' title='bbox 3427 5737 3482 5779; x_wconf 87' lang='lat' dir='ltr'><strong>nt</strong></span> <span class='ocrx_word' id='word_1_874' title='bbox 3515 5729 3779 5796; x_wconf 81' lang='lat' dir='ltr'><strong>primitia-</strong></span> 
     </span>
    </p>
   </div>
   <div class='ocr_carea' id='block_1_119' title="bbox 2203 5797 3768 5874">
    <p class='ocr_par' dir='ltr' id='par_1_119' title="bbox 2203 5797 3768 5874">
     <span class='ocr_line' id='line_1_119' title="bbox 2203 5797 3768 5874; baseline -0.008 -12"><span class='ocrx_word' id='word_1_875' title='bbox 2203 5824 2318 5863; x_wconf 88' lang='lat' dir='ltr'><strong>rum</strong></span> <span class='ocrx_word' id='word_1_876' title='bbox 2351 5823 2365 5860; x_wconf 90' lang='lat'><strong>:</strong></span> <span class='ocrx_word' id='word_1_877' title='bbox 2407 5797 2846 5874; x_wconf 66' lang='lat' dir='ltr'><strong>memqueillius,</strong></span> <span class='ocrx_word' id='word_1_878' title='bbox 2886 5807 2944 5856; x_wconf 90' lang='lat' dir='ltr'><strong>ut</strong></span> <span class='ocrx_word' id='word_1_879' title='bbox 3001 5797 3261 5870; x_wconf 89' lang='lat' dir='ltr'><strong>perfecti;</strong></span> <span class='ocrx_word' id='word_1_880' title='bbox 3301 5811 3490 5868; x_wconf 87' lang='lat' dir='ltr'><strong>nempe</strong></span> <span class='ocrx_word' id='word_1_881' title='bbox 3538 5810 3595 5851; x_wconf 89' lang='lat' dir='ltr'><strong>ut</strong></span> <span class='ocrx_word' id='word_1_882' title='bbox 3632 5811 3768 5864; x_wconf 70' lang='grc' dir='ltr'>εμιε,</span> 
     </span>
    </p>
   </div>
  </div>
