4030 6408
271 308 329 367 b5
1232 314 1489 372 ORATIO
1527 316 1595 373 IN
1633 316 1988 375 MULIEREM
2025 320 2531 380 PECCATRICEM.
3399 331 3468 388 66

324 432 397 488 E’.
419 431 512 504 Μὴ
540 433 655 488 οῐου
693 434 787 489 τδν
820 437 1023 510 Κύριον
1050 438 1247 503 πολλὰς
1272 442 1452 511 φωνὰς
1483 442 1819 515 βεϐληκέναι.

1997 444 2059 500 ν.
2100 446 2177 501 Tu
2209 463 2356 515 vero,
2401 451 2591 516 amice,
2621 467 2742 504 cum
2767 452 2941 514 audis,
2981 450 3208 519 Lazare,
3236 454 3355 509 veni
3396 454 3482 511 fo-

268 525 440 593 ’Δπαξ
474 525 728 596 ὲλάλησε,
767 528 862 581 καὶ
889 528 948 581 ὃν
988 527 1249 596 ἔπλασεν,
1280 532 1520 603 ήγειρεν.
1553 534 1688 586 Οὔτε
1712 535 1817 606 γὰρ

265 616 330 680 ὡς
373 616 556 679 Ἠλίας
610 617 895 672 ἔκλαυσενο
938 619 1061 674 οὔτε
1107 621 1183 685 ὡς
1241 623 1507 689 Ἐλισαῖος
1553 626 1817 699 ἀπόρησε.

265 708 622 779 Μονοφθόγγῳ
677 713 829 781 φωνῇ
888 712 997 782 (49)
1048 712 1294 767 διύπνισε
1346 716 1439 770 τὸν
1491 720 1620 788 παρ’
1675 719 1820 789 αὐτῷ

264 800 601 866 καθεύδοντα,
630 801 825 866 εἰπὼν,
853 804 1094 873 Λάζαρε,
1126 805 1301 875 δεῦρο
1325 808 1458 872 ἔξω*
1488 804 1569 873 εἷς
1591 812 1618 863 ό
1644 809 1819 877 λόγος,

264 895 345 944 καὶ
361 892 596 963 διάφορα
629 894 697 947 τὰ
728 894 991 965 θαύματα.
1049 898 1224 951 Μόνον
1256 898 1284 949 ὁ
1324 899 1523 972 Κύριος
1553 900 1818 971 ὲφώνησε,

263 984 493 1053 Λάζαρε,
509 986 685 1054 δεῦρο
719 986 855 1051 ἔξω,
887 988 980 1042 καὶ
1008 989 1209 1055 εὐθέως
1241 992 1294 1045 αἱ
1331 993 1529 1063 σάρκες
1577 992 1820 1063 ἀπεπλη-

264 1075 462 1146 ροῦντο·
494 1078 551 1128 αἱ
578 1078 762 1147 τρίχες
782 1079 1143 1148 ἀντεφύτοντο
1164 1081 1303 1153 (sic)'
1333 1084 1387 1136 αἱ
1412 1084 1666 1154 ἁρμονίαι
1700 1102 1823 1137 συν-

258 1166 604 1237 εδραμοῦντο·
650 1171 706 1221 αί
759 1170 950 1239 φλέϐες
999 1172 1225 1244 καθαρῷ
1282 1175 1476 1245 αἵματι
1528 1176 1819 1247 ἀντεγεμί·

259 1258 423 1321 ζοντο·
485 1259 515 1310 ό
574 1258 705 1329 ᾅδης
761 1261 1003 1314 κάτωθεν
1059 1264 1390 1333 κοπτόμενος
1444 1263 1536 1317 τὸν
1575 1266 1821 1336 Λάζαρον

257 1349 625 1418 προέπεμψεν·
657 1352 690 1421 ἡ
716 1351 859 1422 ψυχὴ
885 1352 1134 1424 Λαζάρου
1164 1356 1653 1428 παρακρατουμένη
1687 1357 1818 1426 (50),

258 1442 345 1493 καὶ
392 1440 500 1493 ὑπὸ
561 1441 670 1494 τῶν
722 1443 968 1511 ἀγγέλων
1032 1447 1517 1519 παρακαλουμένη,
1575 1448 1636 1502 τὸ
1693 1450 1823 1503 ἴδιον

258 1535 331 1595 είς
370 1532 435 1585 τὺ
488 1532 622 1585 ἴδιον
678 1535 1103 1605 μετεχωνεύετοο
1161 1538 1255 1591 καὶ
1308 1540 1368 1593 τὸ
1414 1540 1628 1594 πάντων
1683 1541 1824 1595 ὲνδο-

257 1622 469 1694 ξότερον
497 1624 611 1693 (51)
649 1620 739 1696 ἦν,
770 1625 851 1679 ὅτι
889 1627 1223 1698 πανταχόθεν
1273 1629 1555 1702 δεδεμένος
1585 1627 1653 1704 ἦν
1699 1634 1824 1697 τοὺς

258 1715 421 1777 πόδας
454 1717 551 1769 καὶ
583 1717 681 1786 τὴν
707 1718 829 1787 ὗψιν
861 1721 1099 1791 κηρίαις,
1140 1721 1234 1775 καὶ
1266 1722 1669 1793 ἀνεμποδίστως
1698 1724 1823 1778 s66:-

257 1807 386 1871 διζε.
432 1808 527 1861 Διὸ
568 1809 663 1861 καὶ
707 1811 737 1862 ὀ
788 1789 990 1883 Κύριος
1035 1789 1466 1886 δραστικώτενρον
1516 1815 1650 1887 πρὸς
1698 1818 1821 1880 τοὺς
1852 1789 1894 1843 Β

260 1902 530 1974 παρόντας
571 1903 760 1974 δχλους
819 1906 1282 1979 παρεκελεύσατο,
1344 1908 1538 1976 λέγων·
1588 1912 1825 1965 Λύσατε

256 1994 459 2059 αὑτὸν,
485 1994 585 2047 καὶ
612 1995 793 2065 ἄφετε
840 1996 1110 2067 ὑπάγειν.
1146 2000 1320 2054 Βλέπε
1349 2001 1445 2073 τὴν
1479 2001 1569 2055 τοῦ
1619 2003 1822 2075 Κυρίου

257 2087 658 2157 πραγματείαν,
713 2089 951 2153 καὶπῶς
996 2091 1064 2145 τά
1098 2091 1274 2146 πάντα
1306 2092 1483 2163 σοφῶς
1529 2096 1819 2165 οἰκονομεῖ.

257 2179 397 2249 Πρὸς
417 2178 788 2250 πληροφορίαν
820 2180 926 2234 τῶν
953 2183 1234 2255 παρόντων
1253 2183 1423 2253 ἔλεγε·
1450 2185 1688 2240 Λύσατε
1717 2189 1824 2241 αὺ-

256 2270 381 2335 τὸν,
408 2270 507 2323 καί
532 2270 714 2337 ἄφετε
742 2272 1011 2341 ὑπάγειν,
1046 2274 1122 2338 ὡς
1152 2274 1242 2327 τὸν
1265 2274 1411 2329 λίθον
1437 2276 1822 2343 ἀπεκυλίσατε,

259 2362 353 2415 καὶ
378 2362 471 2415 τὸν
516 2362 690 2432 τάφον
731 2364 1067 2432 ὑπεδείξατε,
1109 2367 1201 2420 καὶ
1228 2368 1327 2437 τῆς
1348 2367 1666 2439 ὀσφρήσεως
1694 2386 1823 2440 μετ-

257 2455 479 2524 ήσχετε,
518 2456 617 2508 καὶ
664 2455 731 2509 τὰ
773 2458 1101 2527 νεκροτάφια
1150 2457 1395 2511 ἐλύσατεο
1429 2458 1489 2511 τὸ
1530 2459 1649 2529 μὲν,
1673 2459 1823 2512 εὔλο-

258 2544 379 2612 γίαν
404 2543 699 2614 τηροῦντες
730 2544 863 2614 (52)·
892 2545 953 2598 τὸ
981 2546 1060 2608 δὲ,
1101 2546 1175 2609 ὡς
1213 2544 1488 2617 μάρτυρες
1530 2545 1823 2614 φυλάττον-

258 2653 364 2699 τες.
389 2636 514 2690 Ἐὰν
548 2638 921 2708 ἀπιστήσωσιν
950 2639 997 2691 οἱ
1036 2639 1311 2708 ἀρχιερεῖς
1344 2639 1438 2691 καὶ
1466 2639 1515 2691 oi
1543 2640 1824 2709 Φαρισαῖοι

259 2726 331 2790 ὡς
351 2728 451 2780 οὐκ
478 2728 679 2797 ἀνέστη
709 2728 977 2800 Λάζαρος,
1010 2730 1217 2795 δείξατε
1245 2730 1314 2783 τά
1344 2730 1692 2799 νεκροτάφια·
1721 2733 1822 2802 ἐμ-

261 2821 515 2887 φανίσατε
531 2820 788 2890 σουδάρια
822 2821 898 2884 ὡς
939 2821 968 2872 ὁ
1006 2821 1371 2891 παραλυτικὸς
1404 2821 1493 2875 τὸν
1528 2822 1820 2893 κράϐατον.

269 2913 454 2983 Ἡμεῖς
503 2913 563 2965 δὲ
607 2912 674 2966 τὰ
722 2913 849 2983 βαΐα
880 2913 988 2967 τῶν
1020 2913 1281 2983 φοινίκων
1325 2912 1683 2983 βαστάζοντες
1711 2913 1822 2983 (55)

259 3003 517 3073 εἴπωμεν·
558 3002 820 3056 Ὡσαννὰ
841 3003 911 3055 ἐν
940 3003 1062 3069 τοῖς
1090 3004 1393 3071 ὑψίστοιςο
1422 3001 1825 3071 εὐλογημένος

1920 554 2027 603 ras,
2073 555 2140 594 ne
2194 544 2467 607 putaveris
2526 543 2702 612 plures
2730 542 3012 599 Dominum
3037 545 3271 613 iactasse
3297 560 3476 604 voces.

1920 630 2093 685 Semel
2141 632 2348 688 locutus
2399 645 2500 698 est,
2544 650 2773 701 eumque
2818 637 3096 691 suscitavit
3128 652 3285 706 quem
3334 638 3479 706 plas-

1919 734 2176 777 maverat.
2223 723 2405 794 Neque
2459 726 2600 781 enim
2658 726 2955 794 deploravit
3020 730 3158 781 sicut
3200 729 3345 783 Elias
3387 729 3478 785 ":

1920 828 2095 881 neque
2146 814 2286 869 sicut
2336 816 2558 870 Elisaeus
2592 817 2637 848 ⁹¹
2680 819 2965 872 dubitavit.
3000 819 3170 875 Unius
3202 821 3316 874 soni
3348 834 3480 874 voce

1919 904 2176 959 excitavit
2201 922 2230 959 a
2253 922 2442 961 somno
2470 909 2819 963 dormientem
2843 911 2981 980 apud
3028 910 3226 979 ipsum,
3252 910 3436 963 dicens
3461 926 3475 962 :

1920 994 2141 1059 Lazare,
2191 999 2303 1051 veni
2338 997 2503 1065 foras.
2539 999 2729 1053 Sermo
2758 1000 2967 1066 unicus,
3014 1010 3068 1054 et
3108 1001 3366 1055 miracula
3399 1000 3482 1053 di-

1919 1104 2097 1142 versa.
2135 1086 2317 1143 Solum
2345 1106 2473 1145 voce
2507 1092 2725 1159 protulit
2762 1092 3015 1146 Dominus
3053 1090 3325 1156 :Lazare,
3362 1092 3480 1145 veni

1921 1180 2084 1248 foras,
2132 1182 2522 1251 confestimque
2573 1184 2791 1253 repletae
2836 1191 2961 1237 sunt
3002 1197 3213 1245 carnes,
3258 1183 3346 1251 pili
3370 1183 3483 1237 suis

1923 1270 2053 1326 locis
2088 1273 2334 1342 plantati,
2370 1289 2653 1344 compages
2691 1283 2975 1339 consertze,
3021 1289 3169 1327 vena:
3211 1290 3347 1343 puro
3382 1289 3481 1340 pro

1922 1364 2060 1431 putri
2100 1365 2311 1434 repletae
2335 1366 2625 1436 sanguine,
2677 1365 2885 1420 inferne
2917 1380 3201 1434 percussus
3239 1365 3481 1419 infernus

1920 1455 2181 1511 Lazarum
2232 1457 2432 1511 emisit.
2486 1456 2819 1512 Confirmata
2863 1459 3037 1512 anima
3079 1456 3295 1523 Lazari,
3324 1466 3484 1526 atque

1923 1546 1989 1601 ab
2020 1548 2221 1617 angelis
2254 1549 2454 1603 sanctis
2507 1560 2748 1615 evocata,
2780 1549 3055 1619 proprium
3103 1549 3154 1603 in
3208 1549 3483 1618 proprium

1921 1639 2326 1693 transmutando
2362 1638 2650 1695 conﬂabat.
2698 1640 2954 1695 Omnibus
3012 1655 3139 1695 vero
3187 1640 3386 1693 clarius
3431 1647 3487 1693 et

1924 1729 2185 1785 illustrius
2219 1741 2367 1797 erat,
2405 1741 2462 1785 ut
2500 1734 2856 1801 undequaque
2891 1732 3051 1800 pedes
3082 1740 3135 1785 et
3167 1730 3358 1785 faciem
3396 1730 3481 1784 in-

1923 1821 2063 1876 stitis
2106 1821 2336 1886 vinctus,
2383 1821 2550 1876 libere
2597 1822 2912 1877 ambularet.
2955 1820 3077 1875 Ideo
3110 1820 3271 1875 etiam
3308 1818 3481 1874 Domi-

1924 1927 2024 1966 nus
2055 1913 2407 1981 praesentibus
2443 1912 2614 1967 turbis
2662 1910 2932 1967 efficacius
2962 1912 3261 1979 majorique
3293 1919 3483 1963 aucto-

1923 2004 2082 2058 ritate
2104 2008 2358 2073 praacepit
2403 2003 2586 2058 dicens
2617 2020 2631 2058 :
2668 2002 2863 2057 Solvite
2903 2017 3041 2069 eum,
3063 2011 3108 2054 et
3138 2001 3290 2054 sinite
3320 1999 3483 2054 abire.

1924 2093 2056 2149 Vide
2085 2094 2416 2149 Doniinicam
2442 2095 2495 2148 in
2526 2094 2745 2165 agendis
2780 2094 3053 2148 solertiam
3078 2133 3093 2158 ,
3138 2102 3192 2149 et
3222 2101 3279 2146 ut
3304 2092 3484 2146 omnia

1923 2186 2192 2254 sapienter
2246 2194 2413 2256 gerat.
2452 2183 2521 2241 Ut
2556 2196 2759 2241 certam
2810 2186 2967 2239 fidem
3001 2185 3301 2240 astantibus
3346 2184 3489 2239 face-

1924 2284 2026 2339 ret,
2074 2276 2208 2329 dixit
2240 2294 2254 2330 :
2290 2274 2483 2329 Solvite
2529 2291 2680 2339 eum,
2717 2284 2765 2330 et
2801 2276 2954 2329 sinite
2997 2274 3178 2340 abire,
3231 2275 3489 2341 quemadc

1922 2365 2137 2420 modum
2189 2365 2490 2419 revolvistis
2532 2364 2781 2434 lapidem,
2810 2372 2864 2419 et
2898 2364 3201 2432 sepulcrum
3232 2363 3474 2417 ostendi-

1922 2458 2043 2522 stis,
2094 2458 2515 2526 percepistisque
2541 2456 2815 2520 olentiam,
2860 2471 2925 2511 ac
2956 2454 3273 2524 sepulcralia
3313 2455 3483 2509 solvi-

1921 2549 2064 2602 stis:
2098 2560 2200 2618 qua
2243 2558 2522 2603 servantes
2579 2554 2636 2601 ut
2686 2546 3111 2602 benedictionem
3151 2560 3297 2614 :qua
3342 2545 3480 2598 velut

1924 2647 2087 2693 testes
2123 2640 2508 2694 custodientes.
2569 2639 2627 2695 Si
2674 2638 2955 2708 pontifices
3005 2635 3362 2705 Phariszeique
3406 2636 3488 2688 in-

1924 2731 2147 2797 creduli,
2182 2731 2337 2800 quasi
2367 2730 2604 2788 Lazarus
2644 2746 2749 2786 non
2782 2730 3103 2795 surrexerit,
3150 2727 3356 2782 inficias
3405 2727 3485 2780 ie-

1922 2823 2051 2888 rint,
2098 2824 2345 2878 exhibete
2378 2823 2718 2894 sepulcralia,
2752 2822 2927 2894 palam
2968 2819 3205 2890 proferte
3247 2818 3486 2882 sudaria,

1924 2916 2368 2985 quemadmodum
2411 2914 2738 2986 paralyticus
2771 2914 3053 2985 grabatum
3079 2914 3144 2966 θ’.
3196 2910 3310 2966 Nos
3356 2923 3487 2965 vero

1922 3007 2156 3061 ferentes
2208 3020 2384 3062 ramos
2441 3005 2759 3073 palmarum,
2809 3004 3050 3058 dicamus
3085 3003 3388 3056 :«Hosanna
3429 2999 3487 3052 in

259 3096 290 3146 ὁ
315 3095 639 3162 ἐρχόμενος
672 3094 742 3147 ἐν
770 3094 1011 3163 ὀνόματι
1037 3096 1278 3162 Κυρίου.
1310 3093 1523 3165 Αὑτῷή
1558 3093 1681 3158 δόξα
1730 3094 1824 3147 καὶ

1924 3097 2148 3152 excelsis
2176 3112 2195 3151 .'
2216 3095 2526 3150 Benedictus
2561 3096 2649 3166 qui
2678 3097 2811 3149 venit
2844 3094 2901 3148 in
2941 3092 3144 3146 nomine
3177 3090 3389 3145 Domini
3415 3088 3482 3143 ”.

258 3186 313 3238 τὸ
336 3188 557 3256 κράτος,
600 3186 698 3239 σὺν
723 3184 801 3256 τῷ
836 3186 1081 3256 παναγίῳ
1125 3186 1219 3239 καὶ
1254 3183 1497 3255 ζωοποιῷ
1525 3183 1820 3254 Πνεύματι,

259 3277 345 3329 νῦν
406 3278 503 3330 καὶ
562 3278 671 3343 ἀεὶ,
722 3278 818 3332 καὶ
866 3280 946 3340 εἰς
996 3278 1123 3341 τοὺς
1170 3276 1371 3340 αἰῶνας
1426 3275 1535 3329 τῶν
1590 3274 1819 3329 αίώνων.

270 3366 456 3439 Ἀμήν.

881 3459 1097 3512 ΛΟΓΟΣ
1123 3459 1193 3513 Δ’.

273 3556 493 3624 multa
546 3553 662 3622 (54)
699 3554 786 3618 εἰς
816 3551 932 3624 τὴν
980 3550 1233 3620 γυναῖκα
1278 3549 1403 3624 ,τὴν
1446 3545 1818 3624 ἁμαρτωλὸν,

326 3620 440 3703 τὴν
457 3620 807 3703 animum?
969 3623 1187 3690 Κύριον
1207 3622 1393 3691 μύρῳ,
1418 3620 1517 3674 καὶ
1548 3620 1635 3683 είς
1652 3620 1821 3685 Φαρι-

325 3692 520 3749 σαῖον.
552 3692 631 3760 Τῇ
646 3712 711 3761 μ.
741 3693 791 3745 δ’
820 3692 956 3763 (55).

334 3782 557 3845 ’ἱκανῶς
580 3781 691 3851 (56)
716 3782 748 3850 ἡ
756 3781 863 3849 μᾶς
880 3778 1069 3851 πρώην
1092 3776 1521 3849 ἐψυχαγώγησεν
1542 3782 1570 3833 ὁ
1589 3781 1823 3852 Χριστὸς

1928 3188 2028 3258 Ipsi
2055 3188 2223 3260 gloria
2252 3197 2308 3242 et
2336 3188 2636 3257 imperium,
2669 3201 2789 3241 cum
2823 3187 3162 3240 sanctissimo
3191 3196 3245 3239 et
3274 3182 3484 3237 viviﬁco

1924 3280 2149 3350 Spiritu,
2207 3293 2350 3333 nunc
2395 3287 2451 3333 et
2501 3291 2735 3347 semper,
2786 3276 2841 3329 in
2894 3275 3089 3331 saecula
3142 3274 3481 3331 saeculorum.

1921 3372 2111 3427 Amen.

2516 3453 2767 3512 ORATIO
2806 3452 2891 3509 IV.

1926 3550 2164 3606 Homilia
2202 3551 2255 3602 in
2288 3548 2552 3603 mulierem
2590 3548 2950 3613 peccatricem,
2973 3563 3089 3611 qure
3120 3546 3266 3599 unxit
3299 3545 3448 3599 Domi
3461 3578 3480 3589 -

1996 3636 2118 3673 num
2133 3630 2414 3689 unguento,
2439 3629 2486 3672 et
2521 3621 2573 3671 in
2610 3616 2937 3670 Phariswum
2967 3619 3033 3671 ’⁸.
3071 3616 3262 3684 Magna
3292 3626 3482 3685 quarta

2044 3706 2144 3743 ria.

2013 3706 2144 3743 cria.

1988 3691 2028 3836 If.
2068 3780 2291 3835 Abunde
2321 3795 2510 3848 nuper,
2542 3778 2678 3846 apud
2709 3776 2988 3831 Zachmum
3016 3778 3301 3831 convivans
3327 3775 3482 3831 Chri-

330 3901 374 3931 ”
414 3900 475 3953 Ill
511 3899 643 3969 Reg.
684 3915 815 3964 xvii,
872 3897 964 3951 20.
1039 3898 1081 3929 ⁹¹
1116 3894 1183 3949 ιν
1234 3895 1366 3966 Reg.
1418 3912 1502 3959 iv,
1554 3896 1644 3954 27.
1722 3900 1767 3932 θ’
1793 3896 1956 3951 Marc.
1987 3911 2060 3962 ιι,
2095 3896 2178 3949 l2.
2252 3894 2301 3927 ”
2360 3892 2516 3949 Joan.
2570 3909 2637 3958 v,
2665 3892 2728 3958 9;
2766 3891 2959 3946 Matth.
3001 3908 3113 3960 xxi,
3152 3893 3203 3947 9.
3278 3892 3324 3924 ”
3348 3891 3480 3947 Luc.

269 3984 353 4030 ru,
384 3970 451 4023 56
476 3986 598 4038 sqq.

266 4060 347 4112 cui
376 4077 516 4113 mors
552 4069 763 4130 gustata
816 4068 1043 4130 tantum,
1084 4057 1305 4113 omnino
1332 4067 1543 4130 mortua
1566 4058 1684 4130 psit;
1731 4057 1823 4126 qui

272 4127 645 4198 resurgens'ex
683 4131 932 4191 mortuis,
958 4127 1071 4196 jam
1095 4143 1200 4181 non
1233 4128 1453 4198 moriar,
1484 4129 1578 4181 sed
1603 4141 1820 4183 aeternae

274 4200 383 4252 vitae
404 4196 719 4253 mortalibus
758 4199 1023 4252 universis
1044 4198 1242 4250 aditum
1288 4196 1535 4263 pandam.

336 4270 440 4337 (49)
492 4269 892 4338 Μονοερθόττῳ
925 4265 1121 4338 φωνῇ.Δ
1167 4264 1318 4319 Velut
1359 4276 1502 4338 recta
1536 4280 1641 4319 una
1681 4266 1815 4338 sim-

274 4335 386 4405 plici
440 4335 716 4401 oratione,
768 4335 986 4408 qualem
1030 4336 1202 4408 refert
1263 4335 1820 4408 evangelista,__forte

272 4403 1181 4501 ἐξίὲξὶ,ἓξῖῗῖξοτίν..ίιέτ⁰.ι1ἓὲ)ἔῗέ⁸
1209 4403 1555 4501 εἱὲξξίθεξ
1626 4405 1818 4501 ’Ξξξὲξξξῗ
1853 4447 1897 4501 υ

275 4480 668 4542 commotione,
732 4474 835 4545 quia
896 4476 1150 4531 Dominus
1208 4475 1414 4530 locutus
1478 4484 1581 4533 est.
1640 4474 1821 4527 Potuit

277 4548 424 4599 etiam
479 4549 622 4602 velut
671 4548 1039 4616 interiectione
1072 4546 1258 4616 loqui,
1292 4558 1463 4611 eaque
1495 4545 1752 4616 excitare
1790 4558 1819 4595 a

277 4628 610 4671 monumento
636 4612 986 4670 dormientem
1039 4614 1140 4669 sibi
1166 4612 1438 4668 Lazarum
1474 4636 1484 4669 :
1521 4612 1821 4684 μονοφθόγ-

276 4700 350 4753 γῳ
369 4689 541 4756 φωνῇ.
565 4688 715 4754 quasi
750 4701 875 4740 voce
898 4684 1282 4756 monosyllaba,
1297 4698 1539 4756 evocare.

338 4751 443 4823 (50)
486 4751 1033 4825 Παρακρατουμένη.
1086 4751 1234 4825 Novo
1270 4753 1459 4825 robore
1520 4760 1697 4812 aucta.
1722 4751 1823 4825 Οο-

281 4820 461 4877 miuica
525 4820 710 4881 voce}
764 4826 823 4878 τὸ
857 4820 1010 4877 tam
1041 4825 1123 4887 εἰς
1170 4822 1231 4876 τὸ
1273 4823 1402 4877 ἴδιον
1460 4820 1823 4892 μετεχωνεύε-

279 4907 353 4952 το,
404 4893 601 4962 Corpus
656 4896 942 4963 proprium,
1000 4910 1107 4962 quo
1158 4894 1397 4953 vixisset,
1452 4894 1507 4944 in
1554 4892 1823 4957 praprinm

285 4969 661 5019 transmittendo
690 4965 951 5031 con/labat
984 4980 1002 5016 :
1040 4965 1272 5032 aptanda
1293 4964 1358 5017 ad
1387 4963 1639 5029 pristinos
1670 4978 1821 5032 usus,

287 5044 338 5084 ac
358 5034 500 5087 dotes
528 5040 878 5097 restituendo,
916 5031 1109 5099 quibus
1134 5033 1263 5086 olim
1297 5047 1452 5086 suum
1489 5031 1817 5086 continebat.

345 5101 443 5171 (5!)
486 5104 552 5157 Τὸ
593 5101 831 5157 πάντων
849 5101 1253 5170 ἐνδοξότερον.
1290 5101 1380 5155 Sic
1406 5100 1647 5154 Andreas
1689 5100 1819 5153 Cre-

290 5175 449 5242 lettsis,
480 5174 698 5242 aliique,
746 5189 865 5225 eam
918 5172 1375 5227 circumstantiam
1424 5172 1615 5242 merito
1642 5171 1821 5238 suspi-

287 5240 411 5292 ciunt
439 5263 451 5296 :
477 5239 701 5311 eratque
728 5245 794 5295 ad
825 5253 1095 5310 stuporem
1124 5257 1249 5296 vere
1307 5239 1617 5303 maximum,
1645 5250 1699 5291 ut
1732 5244 1824 5293 lio-

287 5322 357 5381 ξιιο
382 5313 551 5366 undiu
579 5313 827 5381 sepulcro
855 5312 1143 5381 depositus,
1171 5323 1314 5365 totus
1350 5311 1557 5362 vinctus
1584 5320 1637 5361 et
1673 5311 1825 5361 invo-

284 5373 424 5441 lutus,
473 5397 571 5436 ceu
614 5373 870 5435 membris
898 5373 1053 5447 liber,
1094 5373 1429 5450 procederet,
1470 5394 1634 5447 seque
1668 5393 1823 5447 aspe-

282 5452 505 5503 ctandum
538 5452 707 5504 turba:
732 5451 825 5503 toti
860 5450 972 5517 ipse
1000 5453 1270 5505 redivivus
1303 5451 1473 5502 daret.

340 5518 440 5589 (52)
478 5520 545 5575 Τὸ
570 5521 707 5589 μὲν,
731 5516 1015 5589 εὐλογίαν
1050 5520 1389 5588 τηροῦντες.
1426 5516 1659 5585 Respicit
1705 5531 1821 5585 per-

283 5592 535 5655 antiqnum
567 5608 772 5645 morem
806 5592 1038 5644 fidelium
1066 5592 1314 5644 servandl
1340 5600 1396 5641 ut
1422 5590 1548 5655 quid
1581 5602 1820 5645 sacrum,

280 5666 382 5721 Quae
396 5674 544 5714 sacro
567 5662 725 5715 alicui
755 5661 835 5715 vel
862 5661 1237 5723 adliaisissent,
1286 5659 1365 5712 vel
1399 5659 1624 5710 fuissent
1665 5656 1818 5715 usui;

280 5736 334 5777 δε
363 5741 455 5784 ceu
481 5732 909 5788 benedictionem
930 5735 996 5785 ab
1032 5747 1096 5785 eo
1125 5731 1395 5784 relictam:
1425 5728 1512 5797 qui
1549 5729 1819 5787 ritus,etsi

1932 4051 1985 4106 in
2012 4066 2133 4106 eum
2156 4049 2286 4104 olim
2306 4046 2694 4102 Dormitantius
2723 4046 2810 4099 ille
2835 4043 3165 4113 Hieronymi,
3204 4045 3482 4114 nostrique

1925 4120 2162 4186 sectarii,
2220 4119 2904 4182 deblaterent,etiamnum
2956 4117 3165 4183 utrique
3224 4115 3477 4169 Ecclesia

1927 4202 2146 4246 sanctus
2183 4189 2375 4243 merito
2418 4197 2746 4255 perseverat,
2783 4186 3371 4255 perseverabitque,‘ut
3422 4197 3478 4239 et

1925 4262 2128 4330 reliqua
2182 4252 2509 4327 apostolica,
2567 4252 3139 4325 usuque'universali,
3187 4252 3481 4308 christiana

1924 4346 2048 4385 vere
2079 4332 2273 4395 pietate
2316 4337 2549 4395 recepta.

1995 4391 2110 4469 (55)
2141 4399 2222 4453 Τὰ
2237 4399 2385 4462 βαΐα
2429 4391 2546 4450 τῶν
2582 4394 2865 4465 φοινίκων
2881 4391 3482 4469 ,βαςτάζοντεςλ-Αῌιιτ

1922 4461 2103 4523 ιίίιόἄ
2142 4461 2373 4522 futurum
2406 4461 2598 4521 statim’
2622 4468 2923 4534 insequenti
2971 4461 3248 4534 Dominica
3279 4461 3480 4534 Christi
3510 4470 3513 4475 '

1882 4559 1884 4561 ν
1925 4539 2273 4608 triumphum,
2296 4553 2403 4606 quo
2439 4536 2579 4589 velut
2606 4532 2916 4608 redeuntem
2957 4547 2985 4583 a
3015 4533 3268 4585 Bethania
3306 4532 3478 4608 Domi-

1923 4625 2072 4668 num,
2092 4601 2187 4661 "ubi
2215 4601 2383 4676 pridie
2398 4622 2519 4660 cum
2547 4615 2801 4676 suscitato
2830 4603 3048 4661 Lazaro,
3072 4612 3298 4669 iungi-nte
3314 4601 3477 4667 etiam

1924 4678 2090 4746 ipsius
2109 4674 2293 4746 sordre
2325 4677 2512 4737 Maria,
2544 4674 2737 4728 celebri
2758 4675 3003 4746 convivio
3022 4683 3276 4736 exceptus
3312 4683 3475 4746 eSset,

1922 4740 2229 4801 continuata
2268 4745 2556 4800 festivitate
2580 4746 2747 4797 (ἔτευρὶ
2790 4744 3106 4809 suscipiunt,
3137 4756 3238 4808 qua
3294 4740 3359 4793 de
3399 4755 3477 4802 re,

1923 4817 2317 4883 elegantissime
2370 4830 2468 4869 nec
2510 4816 2692 4882 pani-is
2731 4813 2980 4883 praefatus
3018 4812 3257 4863 Andreas
3294 4825 3308 4861 ;
3351 4812 3482 4862 Ani-

1925 4882 2224 4955 puilocbius
2252 4886 2438 4939 leviter
2464 4894 2676 4955 tantum
2697 4882 2891 4934 innuit.

1994 4956 2105 5027 (54)
2139 4956 2326 5027 Ὁμιλ.
2354 4955 2503 5027 Haut:
2521 4953 2787 5027 liomiliam
2811 4967 2876 5004 ex
2900 4951 3207 5027 apograplio
3238 4945 3481 5027 §irmonf

1926 5019 2084 5079 iliano
2121 5019 2391 5094 evolgavit
2453 5023 2820 5077 Conibetisius
2897 5020 3145 5094 Eaiudein
3198 5019 3479 5071 ediderant

1927 5097 2158 5148 Savilius
2193 5089 2534 5147 et'Morellus
2568 5094 2706 5145 inter
2734 5106 2894 5160 opera
2935 5089 3320 5160 Clirysostomo
3355 5102 3481 5160 sup-

1927 5166 2119 5231 posita.
2161 5163 2343 5231 Neque
2381 5164 2521 5214 illam
2564 5158 2902 5230 prieterinisit
2951 5158 3377 5210 Muiitfauconius
3425 5158 3478 5231 in

1925 5226 2019 5286 sua
2057 5226 2295 5302 ejusdem
2350 5226 2715 5302 Clirysostonii
2761 5231 3033 5302 editione:
3082 5226 3477 5302 _esstatqne_in

1924 5297 2230 5372 Appiiividice
2256 5306 2320 5356 ad
2354 5297 2482 5355 toni'.
2505 5301 2569 5364 X,
2602 5317 2724 5369 pag.
2758 5299 3016 5372 7997806,
3044 5299 3244 5372 absque
3269 5297 3483 5372 nomine

1926 5366 2207 5426 auctoris:
2247 5388 2404 5440 quani
2454 5366 2629 5440 tamen
2666 5366 3035 5434 Amphilochia
3076 5366 3256 5440 tribuit
3286 5367 3482 5419 doctis-

1925 5444 2094 5509 simus
2120 5434 2293 5494 editur
2323 5453 2453 5494 toni.
2496 5439 2634 5505 XIII,
2673 5442 2723 5509 in
2765 5440 2957 5499 indice,
2985 5451 3055 5509 ν.-
3080 5434 3317 5509 ’ξκανῶς.

1996 5504 2107 5580 (55)
2148 5509 2225 5578 Τῇ
2264 5528 2328 5578 μ.
2363 5509 2433 5563 δ’.
2475 5504 2625 5578 Apud
2663 5508 2949 5580 Montl'auc.
2996 5507 3062 5575 τῇ
3093 5504 3225 5574 ἁγίᾳ
3269 5504 3361 5557 καὶ
3391 5521 3486 5575 με.

1926 5581 2065 5651 γάλῃ
2094 5581 2155 5643 δ’,
2186 5583 2236 5632 in
2263 5588 2444 5651 sancta
2466 5592 2511 5631 et
2545 5595 2730 5651 magna
2758 5579 2888 5651 feria
2921 5590 2991 5631 IV.

1998 5641 2109 5721 (56)
2143 5641 2412 5721 Ἷκανῷς,
2443 5666 2498 5721 κ.
2529 5666 2579 5704 τ.
2604 5641 2651 5700 λῖ
2686 5641 2960 5721 Significat
3004 5644 3128 5721 huic
3149 5659 3239 5721 _se_
3268 5641 3494 5721 aliinem

1924 5714 2221 5775 oratiuuem
2252 5721 2304 5774 in
2329 5720 2610 5774 Zachteum
2631 5714 2898 5780 habuisse,
2926 5715 3021 5771 sed
3045 5728 3106 5769 ea
3132 5714 3495 5786 desideratur,
