4030 6408
546 354 620 416 G7
1527 360 1583 416 S.
1626 357 2071 415 AMPIIILOCHII
2113 355 2494 414 lCONIENSlS
2534 352 2840 409 EPISCOPI
3707 352 3776 410 63

552 488 688 540 atus,
715 489 814 532 nos
837 476 1117 530 recreavit.
1148 473 1246 530 Ubi
1274 473 1414 529 enim
1443 475 1488 529 is
1513 476 1846 537 convivatur,
1877 483 1929 528 et
1956 472 2112 527 simul

2239 471 2364 542 ratde
2385 471 2636 541 Ζακχαεῳ
2653 468 2993 538 ἑστιώμενος.
3019 467 3189 522 Ὅπου
3213 465 3320 538 γὰρ
3338 467 3570 538 Χριστὸς
3601 469 3779 523 ἑστιᾶ-

555 570 814 623 recumbit
838 584 957 622 cum
983 567 1308 628 hominibus,
1334 573 1621 635 nostroque
1643 575 1696 620 et
1715 577 1839 634 potu
1858 573 1912 618 et
1935 577 2115 617 mensa

556 658 769 722 fruitur,
805 660 858 712 in
901 659 1082 712 lmtum
1115 655 1296 710 omnia
1342 670 1646 710 sermonem
1703 653 2114 709 transferuntur.

555 750 689 815 Quis
717 750 881 813 enim,
929 750 1053 802 dum
1085 747 1207 802 οωιὶ
1244 760 1307 800 ac
1359 755 1513 800 terrae
1545 754 1818 800 auctorem
1860 743 1913 797 in
1943 744 2118 812 publi-

556 856 810 893 canorum
863 839 1334 908 meretricnmquc,
1388 851 1479 891 seu
1514 836 1722 890 illorum
1763 836 1851 904 qui
1892 834 2118 888 nefanda

557 940 993 1000 perpetraverant
1046 929 1382 998 publicanam
1415 927 1558 981 videt
1596 926 1986 982 subintrautem
2024 925 2120 977 do-

557 1039 701 1076 mum
733 1041 746 1074 :
773 1037 960 1077 eumve
991 1021 1080 1090 qui
1122 1020 1301 1088 fruges
1343 1021 1576 1090 prabet.
1622 1020 1915 1073 humanum
1955 1018 2122 1071 mani-

556 1114 658 1168 bus
700 1113 1047 1181 accipientem
1085 1128 1312 1182 panem;
1365 1127 1461 1176 seu
1498 1125 1720 1164 uvarum
1763 1110 2078 1178 largitorem
2104 1151 2117 1172 ,

560 1215 715 1273 potus
761 1206 1136 1258 communione
1192 1203 1482 1258 toreularia
1531 1201 1935 1256 henedicentem
1975 1217 2121 1255 :non

559 1311 678 1349 eam
714 1312 827 1349 rem
859 1297 995 1350 festo
1038 1297 1275 1364 laetaeque
1322 1295 1646 1359 celebritati,
1681 1295 1873 1347 merito
1901 1295 2122 1362 deputa-

559 1387 735 1440 verit?
773 1388 956 1442 Fuerit
985 1387 1139 1457 plane
1173 1388 1284 1440 lucc
1323 1386 1602 1449 festivitas,
1634 1387 1747 1439 baéc
1775 1384 1956 1437 laetitia
1989 1397 2118 1436 con-

563 1480 687 1531 vivii
719 1479 942 1549 angelici
995 1500 1006 1533 :
1050 1486 1107 1532 ut
1139 1477 1394 1532 Dominus
1440 1493 1560 1530 cum
1595 1476 1786 1539 servis,
1833 1473 1974 1529 Deus
2005 1491 2124 1526 cmn

566 1572 903 1634 hominibus;
931 1571 1198 1624 communi
1232 1569 1394 1638 judex
1429 1570 1632 1634 potitus
1664 1581 1843 1620 mensa
1885 1567 2127 1619 videatur

563 1675 686 1714 Cum
729 1660 853 1713 reis.
921 1658 1124 1712 idcirco
1167 1659 1331 1721 enim,
1367 1657 1503 1711 cmlo
1538 1672 1640 1710 non
1675 1656 1903 1718 deserto,
1938 1655 1988 1706 in
2021 1663 2128 1707 ter-

564 1767 678 1802 ram
728 1750 912 1803 venit:
949 1758 1134 1816 estque
1183 1747 1356 1802 factus
1409 1748 1588 1808 homo.
1626 1745 1901 1798 divinitate
1959 1743 2126 1797 hami-

2214 579 2322 628 ται.
2365 562 2458 614 καὶ
2486 563 2597 624 τοῖς
2628 559 2936 630 ἀνθρώποις
2991 560 3450 620 συνανακλίνεται,
3479 559 3574 612 καὶ
3613 557 3778 613 ποτοῦ

2217 652 2314 704 καὶ
2339 651 2618 722 τραπέζης
2652 649 2912 704 ἀπολαύει
2941 649 3038 719 τῆς
3066 649 3357 720 ἡμετέρας,
3406 649 3541 720 πρὸς
3571 648 3659 702 τὸν
3682 649 3780 718 τῆς

2215 743 2550 814 εὐφροσύνης
2591 742 2882 813 μετάγεται
2919 741 3095 809 λόγον.
3152 741 3247 804 Τίς
3292 740 3401 812 γὰρ
3434 738 3702 801 τελωνῶν,
3745 738 3780 808 ἢ

2217 835 2450 906 πορνῶν,
2499 835 2531 906 ἢ
2577 834 2683 888 τῶν
2724 835 2791 888 τά
2822 835 3034 905 ἄρρητα
3062 833 3447 905 ἐργασαμένων
3473 831 3640 892 δεινὰ,
3691 831 3782 884 τὸν

2217 926 2444 999 ούρανοῦ
2469 926 2500 996 ἢ
2526 927 2618 978 καὶ
2647 927 2746 996 γῆς
2780 926 3035 996 Ποιητὴν,
3072 925 3268 995 στέγην
3297 923 3594 977 ὑπελθόντα
3621 922 3784 974 τελω-

2219 1019 2372 1089 νικὴν
2405 1018 2635 1088 βλέπων·
2767 1018 2855 1070 τὸν
2883 1018 2991 1070 τῶν
3035 1016 3321 1086 ἀσταχύων
3360 1015 3580 1085 δοτῆρα,
3623 1013 3783 1084 ἄρτον

2221 1110 2558 1182 ἀνθρώπινον
2595 1111 2730 1178 μετά
2765 1112 2952 1180 χεῖρας
2967 1110 3328 1180 λαμϐάνοντα,
3359 1108 3391 1178 ἢ
3419 1108 3510 1159 τὸν
3558 1105 3664 1158 τῶν
3700 1103 3787 1173 βο-

2221 1197 2399 1265 τρύων
2416 1199 2668 1268 χορηγὸν,
2685 1200 2748 1268 τῇ
2776 1198 3025 1268 κοινωνίᾳ
3053 1198 3145 1250 τοῦ
3174 1197 3336 1250 ποτοῦ
3349 1197 3446 1257 τὰς
3474 1195 3783 1266 ληνοὺς(57)

2222 1289 2558 1357 εὐλογοῦνταο
2619 1289 2693 1358 μὴ
2748 1288 2937 1359 ἑορτὴν
2995 1289 3090 1341 καλ⁹
3126 1291 3431 1359 πανήγυριν
3486 1287 3676 1341 θέσθαι
3726 1287 3788 1339 τὸ

2225 1383 2452 1452 πρᾶγμα
2480 1380 3013 1452 δικαιώσειενςΑὗτη
3042 1381 3254 1452 ἀληθῶς
3285 1380 3463 1452 ἑορτή·
3499 1378 3634 1448 αὕτη
3657 1379 3788 1448 ἀληο

2225 1471 2331 1534 θῶς
2347 1471 2644 1542 ἀγγελικῆς
2680 1472 2972 1536 ἑστιάσεως
3004 1471 3327 1545 εὐφροσύνη,
3375 1471 3435 1524 τὸ
3459 1472 3549 1523 τὸν
3587 1469 3789 1523 Δεσπό-

2223 1580 2343 1633 την,
2380 1565 2518 1633 μετά
2569 1563 2784 1616 δούλωψ
2835 1565 2924 1616 τὸν
2981 1563 3132 1628 Θεὸν,
3178 1564 3312 1634 μετά
3347 1562 3662 1634 ἀνθρώπων
3699 1560 3790 1614 τὸν

2225 1654 2499 1724 δικαστὴν,
2524 1654 2660 1725 μετά
2675 1655 2781 1707 τῶν
2796 1656 3108 1710 ὑπευθύνων
3136 1659 3265 1727 ὁρᾷν
3283 1657 3465 1726 κοινῆς
3495 1653 3792 1708 ἀπολαύον-

2225 1761 2296 1796 τα
2357 1746 2654 1815 τραπέζης.
2705 1749 2803 1800 Διά
2832 1749 2938 1817 γὰρ
2970 1747 3125 1800 τοῦτο
3167 1748 3259 1799 ἐπὶ
3305 1747 3410 1816 γῆς
3450 1744 3632 1817 ἦλθεν,
3690 1745 3794 1798 οὐκ

564 1854 832 1908 quaquam
861 1838 1097 1906 deposita
1127 1854 1140 1899 ;
1176 1847 1232 1890 ut
1262 1837 1422 1889 etiam
1455 1851 1602 1888 mare
1639 1834 1916 1904 navigans,
1949 1833 2127 1886 tnundi

2239 1835 2434 1907 ἔρημον
2496 1837 2805 1891 καταλιπὼν
2865 1840 2956 1891 τὸν
3026 1838 3283 1909 οὐρανόν·
3350 1837 3442 1890 καὶ
3509 1835 3791 1906 ἄνθρωπος

565 1930 726 1998 hujus
758 1929 945 1998 pelago
981 1937 1295 1996 tempestate
1334 1928 1586 1997 jactatos,
1618 1926 1684 1980 de
1715 1925 1917 1994 peccati
1966 1923 2130 1977 fundo

566 2022 871 2075 extraheret
912 2042 923 2075 :
971 2021 1224 2088 vicosque
1269 2029 1322 2073 et
1370 2019 1526 2072 urbes
1585 2019 1929 2082 circumiens,
1983 2018 2133 2087 angi-

568 2121 858 2176 portusque
898 2119 952 2163 et
995 2109 1212 2163 semitas
1261 2117 1420 2175 atque
1455 2108 1631 2161 aditus
1658 2107 2090 2161 circumcursans
2114 2147 2129 2169 ,

567 2210 814 2253 errantes
860 2201 912 2252 in
961 2199 1132 2252 triviis
1168 2212 1262 2252 ceu
1295 2198 1340 2228 ⁹⁵
1381 2214 1492 2250 oves
1532 2214 1632 2249 non
1676 2198 1912 2250 habentes
1957 2209 2132 2264 pasto—

570 2308 676 2344 rem
713 2291 778 2344 ad
813 2290 1080 2358 proprium
1115 2289 1255 2343 ovile
1281 2290 1579 2342 reduceret.
1614 2287 1734 2357 ipse
1767 2303 1992 2356 namque
2021 2297 2129 2352 est,

571 2385 660 2450 qui
702 2398 852 2436 ovem
894 2392 1164 2434 errantem
1221 2382 1429 2447 quaerit,
1465 2380 1662 2448 quique
1717 2380 2002 2448 nonaginta
2041 2395 2135 2430 no—

573 2490 690 2527 vem
745 2474 944 2525 relictis
998 2473 1062 2524 ad
1115 2488 1272 2524 unam
1337 2470 1746 2540 perquirendant
1807 2471 2017 2523 advenit
2066 2470 2131 2524 ’⁸.

575 2564 780 2631 Quippe
815 2563 1086 2631 qumrehat
1122 2578 1314 2626 unam;
1355 2579 1450 2615 nec
1483 2577 1744 2630 spernens
1776 2563 1998 2624 multas,
2040 2575 2136 2615 nec

575 2670 734 2707 unam
792 2653 1116 2707 multitudini
1180 2652 1490 2721 przeferens.
1551 2651 1908 2708 Nihilominus
1961 2665 2133 2705 tamen

576 2743 792 2812 reliquit
821 2744 1106 2810 nonaginta
1140 2758 1326 2797 novem
1365 2758 1378 2792 :
1415 2758 1510 2811 par
1536 2745 1676 2796 enim
1705 2754 1822 2796 erat
1850 2753 1906 2796 ut
1938 2752 2048 2796 tuto
2085 2744 2137 2796 in

577 2834 729 2889 caula
792 2844 1165 2902 morarentur;
1221 2850 1381 2888 unam
1421 2844 1599 2889 autem
1636 2836 1780 2888 illam
1822 2850 2137 2904 progressas

574 2925 872 2994 quatrehat,
903 2933 962 2978 ut
996 2941 1063 2980 ne
1092 2925 1302 2980 diabolo
1350 2927 1526 2995 prreda
1558 2927 1793 2983 cederet.
1853 2925 1980 2980 Nam
2024 2927 2137 2980 ovis

579 3015 778 3084 absque
830 3025 1046 3083 pastore
1104 3025 1349 3084 prompta
1418 3016 1546 3071 feris
1600 3029 1892 3084 parataque
1930 3029 2081 3070 mana
2123 3033 2136 3069 :

579 3104 863 3174 animaque
894 3106 1166 3173 signaculo
1222 3121 1434 3167 carens,
1473 3105 1679 3159 insidiis
1709 3106 2010 3159 daemonum
2042 3121 2138 3159 ex-

578 3197 772 3266 posita.
835 3197 1117 3266 Propterea
1161 3212 1330 3266 nuper
1356 3198 1668 3251 Zaccbteum
1699 3197 1764 3259 ’⁷,
1806 3197 1948 3250 velut
1983 3213 2137 3251 ovem

580 3304 649 3342 ex.
693 3289 802 3358 lupi
851 3303 946 3343 ore
1001 3289 1254 3356 abripuit,
1293 3289 1734 3356 commiscuitque
1762 3289 1946 3354 cauim,
1980 3299 2032 3342 et
2064 3290 2139 3343 si-

573 3383 806 3450 gnaculo
859 3382 1094 3436 donavit.
1155 3380 1307 3435 Sicut
1349 3382 1490 3435 enim
1531 3393 1710 3450 pastor
1751 3383 1984 3435 errantis
2027 3381 2142 3435 ovis

580 3483 857 3536 capturam
908 3472 1204 3534 meditans,
1257 3470 1384 3524 sinit
1441 3470 1734 3523 t-icuratum
1805 3472 2043 3535 animal,
2087 3483 2143 3526 ut

586 3564 756 3616 libero
799 3573 951 3630 pastu
1008 3563 1333 3617 resilientem
1385 3573 1634 3616 venatum
1679 3565 1852 3615 trahat
1907 3579 1920 3615 :
1963 3566 2032 3615 ita
2087 3573 2142 3616 et

2229 1929 2468 1996 γέγονεν,
2496 1931 2593 2002 ούκ
2623 1930 2823 1993 ἀποδὺς
2851 1931 2910 1983 τὸ
2961 1923 3096 1983 εἶναι
3127 1931 3278 1992 Θεός’
3309 1935 3398 1982 ἵνα
3443 1929 3534 1980 καὶ
3559 1928 3658 1996 τὴν
3692 1925 3791 1978 θά-

2229 2021 2430 2072 λασσαν
2465 2022 2663 2087 πλέων,
2707 2025 2831 2086 τοὺς
2865 2025 2944 2086 εἰς
2993 2023 3055 2075 τὸ
3100 2022 3346 2091 βιωτικὸν
3374 2017 3794 2090 χειμαζομένους

2231 2110 2485 2179 πέλαγος,
2521 2113 2586 2164 ἐκ
2621 2113 2714 2165 τοῦ
2741 2113 2900 2183 βυθοῦ
2942 2113 3186 2184 ἀνασύρῃ
3220 2113 3315 2182 τῆς
3351 2110 3641 2182 ἁμαρτίας·
3698 2107 3795 2161 καὶ

2231 2200 2419 2271 κώμας
2445 2203 2538 2255 καὶ
2575 2204 2752 2266 πόλεις
2783 2202 3026 2274 περιϊὼν,
3052 2203 3340 2266 στενοποὺς
3376 2203 3466 2254 καὶ
3494 2197 3794 2270 ἀτραποὺς,

2232 2295 2324 2346 καὶ
2363 2294 2688 2366 ὲπιδρόμους
2751 2297 3103 2366 περιτρέχων,
3140 2295 3267 2356 τοὺς
3309 2295 3367 2347 ἐν
3413 2295 3531 2355 ταῖς
3571 2290 3797 2362 τριόδοις

2235 2381 2613 2452 πλανωμένους
2639 2384 2717 2450 ὡς
2749 2385 3084 2452 ἀποίμαντα
3109 2385 3393 2452 πρόϐατα,
3425 2382 3516 2435 ἐπὶ
3546 2381 3641 2452 τὴν
3663 2382 3798 2434 ἰδίαν

2233 2475 2552 2546 ὲπαναγάγῃ
2578 2475 2832 2546 ποίμνην.
2862 2476 3031 2539 Αὐτὸς
3063 2474 3170 2546 γάρ
3201 2477 3345 2526 ἐστιν
3374 2476 3401 2527 ὁ
3433 2473 3493 2525 τὸ
3523 2470 3797 2533 ἀπολωλὸς

2233 2567 2498 2637 πρόϐατον
2515 2567 2807 2637 ἐπιζητῶν.
2834 2567 2901 2619 τὰ
2923 2568 3268 2637 ἐννενήκοντα
3291 2565 3441 2617 ἐννέα
3463 2561 3795 2625 καταλιπὼν,

2235 2659 2325 2711 καὶ
2355 2658 2482 2728 περὶ
2514 2659 2611 2728 τὴν
2643 2658 2734 2710 τοῦ
2763 2659 2878 2722 ἐνὸς
2908 2659 3344 2729 παραγενόμενος
3377 2657 3622 2730 ζήτησιν.
3650 2655 3801 2726 Ἐζήο

2233 2766 2316 2800 τει
2372 2749 2478 2820 γὰρ
2527 2749 2586 2801 τὸ
2632 2749 2688 2800 ἓν
2723 2750 2855 2818 (58),
2885 2749 3007 2802 οὗτε
3039 2750 3147 2802 τῶν
3183 2749 3391 2802 πολλῶν
3423 2747 3796 2818 καταφρονῶν,

2234 2840 2357 2893 οὕτε
2387 2842 2480 2895 τοῦ
2503 2843 2741 2912 πλήθους
2771 2842 2831 2894 τὸ
2851 2842 2907 2894 ’ἐν
2936 2842 3258 2914 προκρίνων.
3311 2841 3467 2894 Ἀλλά
3485 2839 3552 2892 τά
3583 2839 3679 2910 μὲν
3713 2840 3802 2891 sv-

2235 2933 2520 3002 νενὴκοντα
2573 2935 2729 2986 ἐννέα
2773 2934 3191 3003 κατελίμπανεν·
3238 2933 3344 2985 ἔδει
3390 2931 3498 3001 γάρ
3546 2927 3802 2998 ἀσφαλῶς

2237 3021 2376 3072 αὐτὰ
2395 3023 2450 3072 ἐν
2466 3025 2530 3092 τῇ
2561 3023 2769 3094 μάνδρᾳ
2790 3023 3120 3086 αὐλίζεσθαιο
3145 3024 3205 3076 τὸ
3222 3023 3277 3076 δὲ
3295 3023 3350 3076 ἓν
3376 3021 3578 3094 προῖὼν
3594 3021 3799 3090 ἐζήτει,

2239 3112 2326 3164 ἵνα
2360 3111 2433 3182 μὴ
2468 3113 2603 3184 θήνη
2628 3114 2739 3182 (59)
2771 3113 2846 3184 τῷ
2869 3114 3096 3184 διαϐόλῳ
3128 3115 3372 3184 γένηται.
3393 3113 3668 3185 Πρόὸατον
3691 3110 3803 3182 γὰρ

2166 3158 2211 3218 C
2244 3158 2325 3164 ⁷⁷⁷⁷
2360 3158 2433 3182 Γ“Ί
2474 3158 2603 3184 ”Ὶ’Ἱ
2630 3158 2738 3182 ὶννΙ
2782 3158 2844 3184 "0'
2872 3158 3093 3184 """'"‘S'
3140 3158 3372 3184 |"'t"'"
3396 3158 3661 3185 ⁶⁶Γ⁷⁷’““”
3703 3158 3800 3182 0"5'

2241 3203 2592 3271 ἁποίμαντον,
2625 3203 2814 3272 θηρσὶν
2843 3204 3057 3273 ἕτοιμον
3092 3205 3322 3256 δεῖπνον.
3372 3203 3482 3256 Καὶ
3531 3201 3678 3272 ψυχὴ
3734 3200 3806 3252 ἀ-

2249 3293 2600 3363 σφράγιστος.
2657 3294 2902 3362 δαίμοσιν
2936 3294 3393 3357 εύεπιὸούλευτος.
3424 3293 3581 3346 Ὅθεν
3615 3290 3809 3364 πρώην

2241 3385 2329 3437 τὸν
2353 3386 2614 3453 Ζακχαῖον
2653 3384 2726 3445 ὡς
2750 3384 3016 3455 πρόϐατον
3044 3386 3106 3436 ὲκ
3141 3387 3404 3454 στόματος
3436 3385 3600 3437 λύκου
3627 3383 3810 3454 ἀφὴρο

2243 3477 2510 3535 πασε,καὶ
2542 3478 2606 3546 τῇ
2647 3475 2853 3546 μανδρᾳ
2885 3476 3158 3546 συνέμιξε,
3193 3477 3286 3529 καὶ
3331 3476 3623 3549 σφραγῖδος
3649 3474 3811 3544 nam.

2245 3585 2334 3621 σεν
2355 3568 2484 3638 (60)·
2503 3569 2577 3632 ὡς
2602 3569 2711 3638 γάρ
2741 3567 2943 3638 ποιμὴν
2987 3568 3258 3640 πρόϐατον
3298 3566 3675 3638 ἀποπλανηθὲν
3705 3565 3808 3637 θη-

639 3660 701 3698 -θθ
742 3659 802 3712 lll
856 3659 988 3730 lieg.
1020 3674 1155 3723 χχιι,
1189 3659 1275 3713 17.
1348 3660 1394 3690 ⁹⁴
1431 3658 1616 3713 Matth.
1649 3674 1804 3723 xvtn,
1848 3657 1913 3711 12
1949 3677 1963 3726 ;
1993 3659 2122 3715 Luc.

2260 3666 2313 3719 4.
2363 3633 2456 3696 1⁸⁷,
2491 3633 2624 3718 Luc.
2653 3633 2764 3730 xix,
2798 3633 2851 3719 9.

585 3786 643 3828 ιιι
690 3786 742 3827 et
791 3773 1046 3841 pleraque
1085 3775 1216 3828 tanti
1266 3774 1365 3828 viri
1397 3773 1674 3841 opuscula,
1733 3784 1789 3826 et
1843 3777 2138 3842 praesertim

584 3844 726 3899 docti
749 3843 824 3897 illi
847 3853 1105 3898 tractatus
1129 3845 1180 3897 in
1205 3843 1637 3913 Joan.,quorum
1669 3842 1970 3912 fragmenta
1992 3845 2141 3911 plura

587 3917 775 3968 damus
807 3917 905 3966 sub
938 3915 1116 3966 linem.

655 3982 767 4062 ρπ)
812 3981 912 4062 Τῇη
935 3982 1213 4062 κοινωνία
1235 3982 1341 4035 τοῦ
1371 3983 1555 4037 ποτοῦ
1577 3983 1684 4049 τὰς
1719 3983 1945 4050 ληνοὺς
1970 3985 2145 4037 εὐλο-

589 4051 832 4122 γοῦντα.
874 4051 1215 4122 Erathristi
1248 4068 1376 4104 usus
1410 4063 1707 4118 tactusque,
1744 4069 1840 4107 ceu
1869 4069 2149 4107 consecra-

592 4120 667 4175 tio
705 4122 974 4189 quaedam,
1007 4135 1104 4188 pro
1137 4120 1376 4189 ejusdem
1415 4137 1542 4174 usus
1582 4123 1790 4176 ratione
1818 4141 1830 4174 :
1863 4133 1922 4175 ut
1955 4124 2148 4189 quibus

591 4201 688 4245 ceu
725 4191 893 4244 sacris
921 4200 975 4244 et
1024 4205 1180 4243 sacro
1234 4191 1335 4242 ritu
1380 4207 1510 4244 usus
1546 4203 1647 4254 est,
1679 4201 1843 4245 totam
1875 4194 1939 4244 ad
1966 4207 2149 4245 sacra-

595 4270 774 4313 menta
814 4262 1176 4314 necessariam
1223 4260 1625 4312 antecedentem
1675 4262 2144 4314 consecrationem

593 4330 915 4393 contulerit;
949 4328 1189 4382 Ecclesia
1242 4337 1446 4380 tantum
1484 4330 1774 4382 adhibente
1801 4331 2150 4384 caeremonias

2247 3795 2359 3849 ρον,
2388 3778 2592 3849 absque
2613 3777 2714 3849 alia
2746 3779 3165 3849 consecratione.
3202 3779 3274 3833 De
3299 3793 3404 3846 quo
3421 3775 3665 3830 Thessal.

2322 3849 2434 3916 (58)
2499 3845 2715 3915 Ἐζτήτει
2747 3849 2857 3917 γὰρ
2885 3848 2950 3900 τὸ
2978 3848 3064 3902 ἓν.
3089 3848 3296 3912 Ubique
3315 3845 3400 3900 alii
3427 3863 3615 3902 sensus
3640 3862 3654 3900 :
3687 3845 3811 3900 ubi-

2250 3932 2354 3985 que
2396 3917 2456 3970 τὸ
2514 3919 2861 3971 ὲπιστατικόν
2913 3917 3267 3986 Amphilocbii
3305 3917 3515 3986 nostri,
3558 3925 3612 3969 et
3649 3926 3811 3970 acute

2247 3997 2423 4042 movet
2456 3988 2636 4049 dubia,
2665 3999 2718 4041 et
2737 3988 2963 4042 feliciter
2996 3985 3238 4041 resolvit.
3271 3985 3524 4039 Nonnihil
3557 4000 3687 4054 ergo
3712 3986 3814 4040 ab-

2249 4072 2438 4111 sonum
2477 4057 2631 4120 illud,
2667 4067 2725 4109 ut
2760 4059 2930 4111 bonus
2953 4057 3331 4125 pastor,unius
3358 4069 3540 4116 causa,
3577 4065 3650 4108 tot
3680 4069 3815 4109 oves

2249 4127 2462 4180 relictas
2495 4127 2793 4195 spreverit;
2843 4141 3110 4194 unamque
3142 4125 3447 4195 nonaginta,
3481 4125 3585 4178 illis
3618 4138 3812 4177 novem

2251 4194 2649 4263 anteposuerit;
2711 4206 2856 4250 recte
2893 4197 2980 4251 hic
3021 4194 3336 4262 deprecatur
3373 4213 3388 4248 :
3438 4194 3818 4264 bujusquein-

2256 4266 2623 4333 quisitionem,
2672 4267 2988 4319 necessariae
3031 4266 3224 4330 saluti;
3265 4263 3664 4318 derelictionem
3698 4263 3818 4316 illa-

2253 4351 2392 4397 rum,
2442 4335 2739 4399 securitati,
2781 4335 3038 4389 ascribit:
3097 4335 3258 4388 nullis
3307 4349 3365 4386 re
3408 4335 3523 4401 ipsa
3573 4333 3816 4401 spretis,

593 4399 802 4478 aliquas
832 4397 897 4478 ad
920 4398 1352 4478 solemnitatem;
1386 4408 1442 4450 ut
1476 4401 1527 4452 in
1561 4399 1822 4478 baptismo
1849 4410 1904 4453 et
1935 4399 2147 4478 Eucha-
2182 4424 2225 4478 ι)
2255 4413 2410 4478 _a_utve
2455 4414 2671 4478 errante
2721 4397 2938 4472 praelata
2969 4406 3220 4478 ceteris:
3263 4404 3364 4478 nisi
3395 4397 3537 4478 forte
3563 4397 3681 4456 eam
3721 4397 3818 4456 ve;

600 4470 770 4530 ristia,
801 4469 887 4521 ubi
926 4483 1060 4520 nova
1094 4467 1413 4521 antecedens
1443 4469 1774 4522 consecratio
1805 4471 2061 4533 materiae,
2087 4485 2150 4522 eo

599 4537 1145 4606 titulo,raccidentalis
1197 4547 1301 4601 est,
1341 4547 1396 4589 ut
1433 4537 1660 4606 theologi
1693 4554 1812 4591 cum
1853 4539 1912 4591 Ι).
1948 4539 2150 4592 Thema

599 4621 659 4660 ιιι
697 4622 749 4673 p.
780 4605 977 4659 Eodem
1011 4607 1187 4674 itaque
1209 4607 1372 4676 modo
1404 4605 1809 4676 philosophatur
1835 4609 1906 4662 de
1945 4609 2064 4663 cibo
2099 4619 2152 4662 et

637 4687 749 4748 otu,
793 4676 985 4748 pieque
1025 4675 1334 4748 admodum,
1387 4675 1512 4748 vere
1554 4677 1674 4745 pius
1717 4677 2150 4748 Amphilochius.

627 4745 798 4799 Eadem
827 4745 1120 4798 etiamnum
1154 4745 1325 4800 Graeci
1361 4747 1445 4814 pia
1487 4748 1759 4815 religione,
1793 4745 1968 4801 futura
2007 4749 2152 4810 usui,

601 4829 758 4869 sacro
785 4815 1084 4868 ministerio
1123 4825 1178 4867 et
1207 4816 1486 4869 incruento
1517 4817 1805 4880 sacriticio,
1843 4818 2152 4871 linteamina

601 4899 773 4950 sacra,
792 4885 1114 4956 poniilicem,
1137 4882 1461 4953 ἀφιεροῦντα
1475 4884 1570 4956 τὴν
1602 4885 1923 4956 Ἐκκλησίαν
1938 4902 2146 4950 ,couse-

603 4967 842 5008 crantem
884 4953 1177 5024 Ecclesium
1199 4971 1213 5018 ;
1236 4963 1356 5021 {quo
1393 4953 1537 5008 actu'
1567 4953 1990 5024 peculiarissime
2021 4957 2156 5024 gerit

603 5038 888 5104 personam
923 5023 1123 5104 Christi
1174 5023 1466 5104 Ecclesiatn
1511 5023 1612 5080 sibi
1662 5026 1716 5104 in
1745 5023 2157 5104 _sponsatn:ad-

600 5092 907 5167 iungentis,
966 5092 1231 5167 induunt;
1281 5105 1336 5167 ut
1391 5097 1458 5167 is_
1492 5104 1649 5167 totus;
1686 5092 2153 5167 λελαζαρωμένος,

607 5161 922 5236 εςιιίῇιιειιιι·
973 5161 1158 5216 Lazari
1201 5164 1266 5217 iis
1317 5163 1608 5236 involutus.
1640 5165 1691 5220 id
1743 5161 1984 5236 peragat'
2016 5165 2156 5219 sacri

606 5231 803 5287 oﬂicii:
837 5247 934 5286 usu
981 5242 1234 5300 tactuque
1285 5234 1363 5286 sic
1419 5235 1654 5288 adhibita
1711 5231 2153 5289 consecraturus:

607 5316 767 5370 quam
822 5302 1216 5372 czeremoniam,
1251 5317 1554 5371 quanquam
1609 5304 1990 5372 Euchologium
2054 5320 2158 5357 non

610 5372 802 5436 habet,
836 5371 1106 5426 communi
1136 5381 1309 5425 tamen
1346 5374 1620 5440 probatam
1653 5391 1771 5440 usu,
1810 5371 1918 5428 tum
1948 5376 2016 5426 ab
2041 5373 2160 5426 aliis

613 5441 798 5512 didici,
836 5451 944 5494 tum
985 5441 1280 5512 ιιυρετάπὸ
1318 5443 1500 5512 φωνῆς
1531 5454 1582 5495 et
1605 5444 1719 5495 viva
1752 5459 1880 5498 voce
1911 5443 2162 5497 illustris-

611 5511 740 5583 simi
758 5511 1103 5583 metropolita:
1128 5511 1226 5581 τῆς
1249 5511 1406 5580 ἁγίας
1452 5511 1682 5583 Μαυρᾶς
1721 5512 1941 5567 Parisiis
1987 5513 2162 5581 hospi-

614 5579 792 5644 tantis,
817 5582 1029 5635 audivi:
1071 5579 1381 5648 quoeodem
1409 5579 1845 5645 titulo,'massam
1909 5579 2160 5635 totam'ex

615 5663 718 5723 qua
755 5659 1019 5723 sumptus
1070 5660 1153 5704 est
1198 5650 1226 5701 ὁ
1275 5652 1429 5719 ἂγιος
1498 5653 1692 5723 ἄρτος,
1741 5663 1794 5708 et
1859 5654 2162 5723 conlectum

615 5717 948 5775 Dominicuin
999 5736 1224 5789 corpus,
1275 5717 1772 5778 sanctam'habent
1831 5735 1885 5778 et
1939 5721 2162 5776 ἀντίδω-

2254 4473 2414 4527 limus
2460 4473 2846 4541 prwlationem,
2893 4476 3033 4542 quod
3089 4473 3278 4540 majori
3339 4472 3576 4542 subsidio
3626 4485 3817 4542 egens,

2251 4540 2558 4612 quanquam
2610 4540 2925 4612 indignior;
2956 4544 3175 4596 Pastore
3240 4543 3478 4595 humeris
3509 4540 3561 4594 in
3599 4540 3819 4596 caulam

2255 4621 2580 4679 reportante,
2631 4624 2918 4667 consecuta
2981 4615 3053 4668 sit
3111 4629 3124 4664 :
3179 4612 3428 4665 nimirum
3478 4620 3820 4664 sacramento

2255 4682 2641 4736 incarnationis
2704 4682 3028 4746 Dominicze;
3087 4697 3192 4748 quo
3249 4696 3306 4734 re
3336 4695 3483 4743 vera,
3522 4679 3820 4746 Scriptura:

2255 4752 2458 4820 phrasi,
2489 4750 2742 4804 nonnulla
2773 4765 3004 4819 vereque
3046 4766 3235 4819 magna
3286 4750 3445 4803 fuerit
3475 4748 3741 4820 praelatio,
3762 4759 3822 4803 et

2254 4819 2608 4889 praerogativa
2637 4822 2753 4874 ovis
2778 4822 3041 4886 errantis;
3072 4837 3174 4872 non
3209 4830 3385 4873 tamen
3409 4834 3568 4886 quam
3589 4819 3815 4889 Amphi-

2258 4888 2466 4943 lochius
2517 4906 2636 4960 non
2668 4892 2940 4958 agnoscit,
2983 4901 3038 4945 et
3065 4906 3168 4960 qua
3203 4906 3326 4944 vere
3371 4904 3477 4942 non
3521 4888 3823 4942 errantium

2257 4960 2460 5029 spretio
2486 4975 2549 5011 ac
2572 4959 2764 5023 injuria
2797 4961 2888 5029 sit.

2329 5028 2442 5099 (59)
2466 5029 2756 5096 Προϊὼν...
2781 5027 2954 5099 (Mm.
2986 5027 3172 5099 Montl‘.
3210 5025 3454 5098 περιϊών,
3487 5026 3823 5099 circumiens,

2264 5096 2465 5152 rectius
2492 5109 2548 5151 ut
2573 5099 2807 5152 videtur.
2840 5097 2960 5154 Mox
2984 5101 3113 5153 ibid.
3148 5096 3320 5168 θοίνη,
3359 5099 3447 5152 ubi
3499 5096 3828 5166 conjiciehat

2258 5168 2497 5222 Comhel'.
2529 5167 2686 5222 θήρα.

2300 5183 2497 5223 0111061.
2529 5183 2592 5223 υη
2602 5185 2686 5223 ρα.

2331 5185 2921 5308 ἓὲἶὶὲαεῖραΐίδος
2940 5238 3221 5306 ἠξίωσεν.
3250 5237 3470 5291 Videtur
3499 5235 3642 5308 loqui
3665 5236 3736 5308 de
3750 5236 3828 5290 si-

2259 5307 2628 5378 gnaculo,n_on
2652 5310 2793 5375 quod
2821 5309 3108 5362 character
3147 5319 3250 5374 est,
3293 5308 3406 5360 sive
3442 5308 3494 5359 in
3535 5307 3825 5378 baptismo,

2260 5375 2373 5431 sive
2407 5377 2458 5429 in
2507 5375 2756 5444 adjuncta
2786 5378 3210 5440 conlirmatione,
3244 5391 3362 5445 quae
3401 5375 3826 5444 peculiarissime

2262 5447 2458 5500 dicitur
2481 5445 2736 5516 σφραγίς,
2769 5447 2914 5501 velut
2957 5448 3362 5516 consignatione
3407 5461 3458 5498 In
3490 5446 3688 5500 Christi
3719 5447 3828 5516 mi-

2266 5517 2387 5569 lites
2449 5515 2742 5571 subnotans
2797 5515 3236 5586 insignieusque;
3292 5517 3387 5570 sed
3434 5516 3500 5570 de
3527 5515 3827 5586 signaculo,

2262 5585 2404 5708 quod
2426 5594 2510 5640 est
2535 5588 2708 5654 gratia
2726 5597 2780 5640 et
2812 5585 3068 5652 charitas,
3099 5585 3217 5655 qua:
3236 5587 3348 5641 sola
3379 5586 3664 5655 distinguit
3685 5585 3831 5638 inter

2285 5656 2404 5708 Ilios
2427 5658 2577 5708 reani
2615 5666 2667 5708 et
2683 5659 2961 5708 uehennas.
2995 5658 3228 5708 facituue
3259 5667 3404 5708 utne
3436 5657 3613 5708 anima
3643 5654 3831 5706 εὐεπι-

2285 5654 2404 5726 ilios
2427 5658 2577 5722 regni
2615 5666 2667 5708 et
2683 5659 2961 5726 gehennae,
2995 5654 3228 5724 facitque
3259 5667 3404 5711 utne
3436 5654 3613 5708 anima
3643 5654 3832 5706 εὐεπι-

2266 5723 2560 5787 6ούλευτος
2583 5727 2653 5783 sit
2686 5723 2933 5782 diabolo:
2996 5729 3104 5782 Deo
3145 5723 3479 5796 peculiarius
3511 5733 3836 5794 protegente
