4030 6408
283 332 352 388 ω
1274 341 1532 407 ORATIO
1570 345 1639 402 IN
1677 347 2040 408 MULIEREM
2078 352 2580 417 PECCATRICEM.
3456 373 3531 432 70

284 453 447 519 ρᾶσαι
471 449 960 558 θέλιον,χειρ.άηθες
990 456 1127 523 ζῶον
1167 461 1251 533 ἐᾷ,
1272 463 1359 518 ἵνα
1399 466 1680 532 ἀπολύτως
1704 470 1846 541 νεμό·

1965 473 2058 529 Dei
2088 474 2345 543 Verbum,
2379 493 2538 548 quam
2569 478 2635 535 de
2682 477 2892 552 Virgine
2922 497 3136 542 carnem
3179 489 3402 558 accepit,
3431 507 3530 546 ceu

285 559 462 612 μενον,
501 544 564 596 τὸ
589 545 949 619 ἀποπηδῆσαν
980 551 1185 627 ἑλκύσῃ
1229 555 1482 627 θήραμα*
1539 559 1678 613 οὕτω
1709 562 1802 614 καὶ
1830 565 1860 616 ό

279 631 373 685 τοῦ
401 632 536 686 Θεοῦ
566 636 743 701 Λόγος
769 640 870 712 τὴν
884 642 1080 706 σάρκα,
1104 645 1171 710 ἢν
1201 646 1264 698 ὲκ
1291 645 1391 716 τῆς
1420 648 1694 722 Παρθένου
1727 653 1854 706 ἀνέ-

280 722 463 788 λαϐεν,
505 727 581 791 ὼς
615 729 887 800 πρόϐατον
924 735 980 786 ὲν
1011 737 1173 806 νομῇ,
1206 737 1262 789 ὲν
1297 739 1545 811 τραπέζῃ
1584 741 1854 811 Ζακχαιου

1964 580 2118 622 ovem
2167 570 2216 623 in
2283 585 2502 640 pascua,
2558 573 2610 627 in
2661 588 2845 629 mensa
2893 574 3137 634 Zacchaai
3191 579 3411 647 dimisit,
3471 591 3530 638 ut

1960 661 2229 714 communi
2271 660 2384 732 lege
2426 663 2654 717 convivii
2697 665 2751 718 in
2789 679 2938 720 suam
2987 669 3205 725 trahens
3248 669 3524 728 familiari-

1966 754 2124 800 tatem
2158 749 2461 804 clanculum
2485 766 2582 806 suo
2607 753 2730 805 ovili
2766 753 3102 826 adjungeret.

281 818 512 921 ἀφῆκενο
547 822 636 876 ἵνα
671 823 753 895 τῷ
785 826 948 898 κοινῷ
975 829 1075 898 τῆς
1119 830 1416 896 ἑστιάσεως
1448 833 1598 905 νόμῳ
1626 834 1859 900 ἑλκύσας
1895 837 2061 893 αὐτοῦ
2088 842 2220 914 πρὸς
2257 844 2561 911 συνουσίαν,
2615 818 2983 912 λανθανόντως
3035 851 3102 921 τῇ
3133 851 3310 904 οίκείνι
3341 850 3504 915 συζευ

284 909 342 985 En
378 915 603 989 ποίμνῃι

346 1028 425 1086 Β’.
469 1031 617 1085 Αλλά
651 1032 810 1086 τοῦτο
855 1034 928 1105 μὴ
954 1038 1223 1093 συνιέντες
1244 1042 1293 1093 οί
1322 1043 1603 1112 Φαρισαῖοι
1637 1046 1864 1114 ἐγόγγυ·

278 1121 389 1188 ζον,
409 1123 645 1194 ὁρῶντες
667 1125 829 1178 αὑτὸν
847 1127 982 1196 μετὰ
996 1129 1240 1183 τελωνῶν
1257 1131 1520 1187 ἐσθίονταο
1535 1136 1647 1188 ἀλλ’
1660 1139 1855 1192 ἐκεῖνοι

279 1215 377 1286 μὲν
411 1216 489 1278 ώς
524 1215 694 1280 ἀσκὸς
732 1217 959 1282 παλαιὸς
1010 1220 1551 1292 διαρῤηγνύσθωσαν.
1609 1228 1684 1280 Οὐ
1744 1232 1852 1300 γὰρ

273 1307 527 1362 δύνανται
565 1308 656 1361 τὸν
681 1309 798 1363 νέον
849 1311 949 1380 τῆς
976 1311 1322 1378 διδασκαλίας
1353 1315 1606 1381 δέξασθαι
1675 1320 1850 1388 λόγον.

286 1401 478 1470 Ἡμεῖς
505 1401 563 1453 δὲ
595 1402 826 1456 κατόπιν
847 1403 938 1457 τοῦ
972 1405 1356 1477 φιλανθρώπου
1390 1408 1696 1481 βαδίσωμεν
1730 1432 1850 1467 ποι-

276 1495 455 1564 μένος·
487 1497 517 1548 ὁ
545 1493 654 1565 γὰρ
686 1498 956 1566 Ζακχαῖον
1001 1497 1090 1550 τὸν
1131 1497 1369 1571 τελώνην
1425 1505 1490 1572 τῇ
1527 1501 1716 1575 λογικῇ
1751 1505 1854 1557 τῶν

273 1586 588 1639 ἀποστόλων
632 1586 879 1655 συνάψας
920 1587 1146 1659 ποίμνῃ,
1191 1589 1354 1653 αὐτὸς
1394 1591 1488 1644 καί
1520 1593 1617 1664 τὴν
1647 1595 1852 1665 πόρνην

273 1678 368 1746 τὴν
402 1678 752 1749 ἁμαρτωλὸν,
792 1679 891 1749 τὴν
921 1681 1131 1751 μυρίων
1163 1681 1348 1734 κακῶν
1366 1683 1608 1754 ἐργάτιν,
1639 1687 1703 1739 ἐκ
1757 1687 1850 1740 τοῦ

2027 1045 2090 1100 ll.
2159 1046 2449 1113 Caeterum,
2499 1050 2589 1118 qui
2636 1051 2688 1104 id
2723 1053 2991 1109 nescirent
3039 1054 3325 1126 Pharisaei,
3379 1077 3530 1117 mur-

1957 1141 2242 1194 murabant
2272 1140 2518 1194 videntes
2542 1145 2954 1198 manducantem
2982 1160 3105 1201 cum
3133 1149 3435 1218 publicanis
3455 1153 3526 1208 ⁸⁸.

1955 1229 2244 1285 Enimvero
2299 1243 2618 1302 rumpantur
2670 1234 2742 1287 illi
2799 1250 2894 1289 ceu
2963 1248 3112 1293 utres
3163 1252 3372 1300 veteres
3429 1245 3519 1301 ”:

1957 1321 2097 1374 haud
2124 1323 2266 1374 enim
2306 1337 2500 1374 novum
2530 1323 2790 1378 doctrinm
2823 1339 3124 1382 sermonem
3171 1347 3365 1400 capere
3402 1350 3525 1404 pos-

1964 1422 2107 1466 sunt.
2161 1413 2270 1468 Nos
2317 1429 2500 1482 porro,
2555 1431 2848 1484 sequamur
2893 1419 3178 1488 benignum
3236 1436 3524 1493 pastOrem.

1964 1503 2229 1574 Nam'qui
2275 1508 2612 1574 publicanum
2659 1508 3000 1575 Zaccltaeunt,
3041 1516 3286 1573 rationali
3324 1520 3529 1590 aptavit

1962 1597 2326 1663 apostolorum
2386 1600 2548 1667 ovili;
2611 1601 2726 1670 ipse
2793 1606 3140 1663 nihilominus
3188 1611 3526 1667 meretricem

1959 1687 2104 1742 illam
2160 1690 2548 1759 peccatricem,
2600 1703 2720 1762 post
2776 1695 3052 1751 innumera
3102 1710 3310 1766 patrata
3364 1700 3525 1767 mala,

274 1771 557 1839 φάρυγγος
581 1769 677 1823 τοῦ
733 1770 978 1823 διαϐόλου
1013 1771 1088 1835 ὼς
1113 1773 1327 1843 ἀμνάδα
1357 1775 1608 1843 ἑλκύσας,
1653 1781 1720 1849 τῇ
1768 1780 1846 1831 άν-

1961 1797 1988 1834 a
2020 1781 2215 1835 diaboli
2256 1781 2504 1836 faucibus
2533 1799 2629 1838 ceu
2676 1801 2867 1854 agnam
2912 1788 3262 1854 abstractam,
3310 1791 3530 1846 inviola-

272 1863 598 1933 επηρεάστῳ
639 1861 886 1915 ἀπέδωκε
921 1863 1151 1934 μάνδρα.
1187 1865 1306 1918 Ἵνα
1338 1865 1394 1918 δὲ
1433 1868 1605 1935 γνῶτε
1642 1875 1734 1924 καὶ
1758 1870 1848 1923 τοῦ

271 1955 508 2025 Χριστοῦ
553 1955 651 2026 τὴν
675 1955 1110 2026 φιλανθρωπίαν,
1141 1960 1236 2012 καὶ
1279 1960 1387 2013 τῶν
1410 1963 1718 2033 Φαρισαίων
1753 1966 1850 2035 τὴν

269 2048 515 2116 ἀλογίαν,
567 2049 664 2101 καὶ
717 2050 818 2120 τῆς
871 2050 1195 2120 ἀμαρτωλοῦ
1241 2055 1338 2125 τὴν
1368 2055 1679 2109 παλινοδίαν
1715 2056 1848 2126 (Gl),

268 2139 438 2202 αὑτὰς
471 2141 602 2210 ὑμῖν
635 2141 735 2203 τὰς
782 2143 1143 2212 εὐαγγελικὰς
1196 2147 1581 2219 παραθήσομαι
1641 2152 1845 2220 ῥήσεις-ο

267 2232 362 2285 ἐὰν
390 2231 502 2303 γὰρ
531 2232 626 2285 τοῦ
675 2232 847 2302 ὕφους
885 2235 977 2288 τοῦ
1010 2237 1436 2308 ἀναγνώσματος
1486 2239 1846 2312 ἐπακούσητε,

268 2325 468 2395 ῥαδίως
509 2325 606 2397 καὶ
639 2325 738 2395 τῆς
767 2328 1061 2397 ἑρμηνείας
1099 2328 1197 2399 τὴν
1242 2328 1448 2383 ἔννοιαν
1484 2330 1846 2400 ἀναμάξεσθε.

279 2417 602 2487 ’Πρώτησε,
623 2419 778 2490 φησὶ,
815 2420 905 2485 τίς
935 2419 1050 2474 τῶν
1079 2421 1413 2488 Φαρισαίων
1444 2423 1552 2476 τὸν
1585 2424 1848 2491 Ἰησοῦν,

265 2512 365 2564 ira
397 2510 564 2580 φάγῃ
585 2513 714 2581 μετ’
739 2513 944 2566 αὑτοῦ·
975 2515 1070 2566 καὶ
1125 2513 1413 2568 εἰσελθὼν
1436 2517 1523 2580 είς
1552 2515 1658 2568 τὸν
1686 2513 1850 2570 οἷκον

267 2601 374 2654 τοῦ
406 2601 763 2668 Φαρισαίου,
823 2603 1128 2669 ἀνεκλῖθη.
1174 2604 1238 2655 Ὢ
1284 2605 1503 2674 χάριτος
1536 2606 1844 2678 ἀφράστουῐ

263 2689 308 2743 ῶ
330 2691 746 2764 φιλανθρωπίας
778 2694 1045 2764 ἀρρήτουί
1090 2694 1182 2746 καὶ
1213 2695 1528 2766 Φαρισαίοις
1573 2699 1850 2751 συνεστιά-

262 2802 373 2850 ται,
407 2786 504 2838 καὶ
536 2785 775 2848 τελώνας
814 2787 914 2839 οὐκ
947 2787 1279 2841 ἀποσείεται’
1314 2787 1406 2841 καὶ
1441 2789 1643 2859 πόρνας
1678 2807 1846 2864 πρρσ-

262 2877 504 2947 δέχεται,
559 2879 654 2930 καὶ
685 2878 1036 2949 Σαμαρείτιδι
1064 2879 1387 2948 διαλέγεται’
1419 2881 1512 2934 καὶ
1540 2882 1847 2934 Χαναναίαν

262 2970 428 3037 λόγου
461 2969 624 3035 ἀξιοῖ·
662 2969 756 3022 καὶ
779 2972 844 3040 τῇ
873 2970 1242 3044 αἱμορροούσῃ
1262 2971 1323 3024 τὸ
1349 2972 1654 3042 κράσπεδον
1679 2991 1850 3044 παρα·

267 3065 460 3132 χωρεῖ,
491 3062 588 3114 καὶ
607 3060 708 3114 οὐκ
739 3061 1144 3131 ἐπαισχύνεται.
1181 3063 1388 3133 Ἰατρὸς
1419 3063 1524 3136 γάρ
1546 3065 1683 3129 ἐστι,
1706 3066 1844 3118 πάν-

259 3171 369 3205 των
399 3151 515 3204 τῶν
547 3151 732 3204 παθῶν
782 3151 1178 3222 ἐφαπτόμενος,
1215 3153 1302 3208 ἵνα
1332 3154 1537 3216 πάντας
1565 3153 1843 3227 ὠφελήσῃ,

260 3242 542 3312 πονηροὺς
573 3241 669 3294 καὶ
708 3241 966 3308 ἀγαθοὺς,
994 3243 1324 3314 ἀχαρίστους
1354 3244 1447 3297 καὶ
1477 3245 1843 3315 εὐγνώμοναςο

259 3334 385 3388 ὅθεν
425 3336 523 3388 καὶ
549 3334 647 3388 νῦν
679 3335 785 3388 ὑπὸ
818 3334 911 3388 τοῦ
936 3335 1232 3407 Φαρισαίου
1263 3336 1507 3407 κληθεὶς,
1542 3338 1845 3408 εἰσέρχεται

261 3429 341 3490 εἰς
362 3426 549 3480 οίκίαν
573 3426 717 3480 ὥστε
747 3428 950 3498 μεστὴν
977 3427 1186 3481 κακῶν.
1207 3429 1380 3482 Ὅπου
1399 3429 1506 3500 γὰρ
1533 3431 1844 3500 Φαρισαῖος,

261 3519 383 3570 ἐκεῖ
445 3518 716 3589 πονηρίας
762 3519 1098 3590 οἰκητήριον·
1151 3519 1425 3590 ἁμαρτίας
1481 3518 1842 3589 καταγώγιονο

263 3608 569 3679 ὑπεροψίας
585 3610 844 3679 ὑποδοχή.
885 3610 1044 3664 Ἀλλά
1062 3611 1155 3664 καὶ
1183 3611 1353 3676 οὕτως
1377 3611 1540 3664 αὐτοῦ
1569 3611 1847 3682 διακειμέ-

263 3719 362 3772 νης
393 3702 493 3772 τῆς
519 3702 717 3764 οἰκίας,
747 3702 846 3754 οὐκ
876 3703 1098 3768 ἀπαξιοῖ
1131 3703 1530 3775 παραγενέσθαι
1563 3706 1591 3757 ό
1619 3703 1841 3773 Κύριος.

263 3794 374 3847 Καὶ
389 3795 642 3857 εἰκότωςο
672 3792 863 3864 ῶσπερ
907 3794 1015 3864 γὰρ
1056 3797 1084 3848 ό
1116 3796 1264 3866 ἥλιος
1294 3796 1353 3848 οὐ
1381 3794 1841 3859 καταϐλάπτεται,

268 3883 514 3958 βορϐόρῳ
536 3884 635 3950 τὰς
686 3885 892 3949 οίκείας
923 3886 1146 3949 ἀκτῖνας
1184 3885 1508 3940 ἐπιϐάλλων
1561 3885 1696 3939 ἀλλά
1730 3887 1846 3939 τού-

265 3979 500 4043 ναντίον,
525 3980 620 4032 καὶ
639 3978 736 4050 τὴν
759 3977 980 4032 ἐνοῦσαν
1010 3978 1201 4050 ἀηδίαν
1223 3981 1642 4054 περιμάσσεται,
1681 3980 1845 4050 μηδὲν

267 4073 428 4135 αὐτὸς
487 4072 869 4143 ὑϐριζόμενος·
913 4070 1057 4124 οὓτω
1103 4071 1200 4125 καὶ
1245 4072 1273 4123 δ
1306 4072 1560 4142 Χριστὸς,
1588 4070 1663 4135 ώς
1694 4071 1845 4142 ἥλιος

267 4163 639 4235 δικαιοσύνης,
680 4164 858 4217 πάντα
890 4164 1060 4234 ἐναγῆ
1109 4164 1205 4217 καὶ
1229 4162 1455 4234 βέϐηλον
1487 4163 1648 4216 τόπον
1675 4181 1843 4216 κατα-

268 4251 557 4324 λαμϐάνει,
576 4255 674 4308 καὶ
698 4254 794 4324 τὴν
809 4254 1018 4323 δυσώδη
1037 4254 1332 4324 ἁμαρτίαν.
1361 4255 1480 4316 ταῖς
1509 4253 1719 4307 ἀκτῖσιν
1744 4255 1842 4306 αὐ-

269 4347 358 4399 τοῦ
380 4347 479 4416 τῆς
503 4345 844 4416 ἀγαθότητος
866 4344 1168 4399 ἀναλίσκει.
1191 4346 1302 4415 οὐχ
1324 4344 1502 4416 ὓϐριν,
1519 4345 1580 4397 οὺ
1599 4345 1842 4416 μείωσιν,

1954 1871 2044 1924 bili
2077 1872 2245 1925 caulae
2276 1871 2526 1928 reddidit.
2565 1871 2636 1928 Ut
2677 1886 2856 1927 autem
2897 1887 2951 1929 et
2984 1877 3182 1933 Christi
3222 1879 3529 1936 humanita-

1953 1965 2057 2019 tem
2104 1964 2384 2029 noveritis,
2431 1973 2484 2020 et
2535 1981 2565 2020 a
2600 1967 2810 2022 ratione
2847 1969 3079 2022 alienam
3126 1969 3523 2026 Pharisaeorum

1951 2069 2210 2121 mentem,
2257 2072 2615 2127 aversumque
2660 2061 2976 2126 peccatricis
3013 2061 3135 2126 iter,
3181 2062 3326 2130 ipsas
3374 2065 3527 2119 vobis

1950 2147 2286 2217 evangelicas
2313 2163 2472 2202 voces
2509 2165 2820 2218 proponam.
2860 2149 2981 2204 Mox
3007 2151 3150 2206 enim
3184 2160 3242 2206 ut
3274 2152 3525 2208 lectionis

1950 2248 2261 2294 contextum
2306 2239 2698 2304 obaudieritis,
2745 2237 2902 2294 facile
2951 2241 3116 2294 etiam
3169 2241 3525 2311 expositionis

1951 2345 2168 2386 sensum
2207 2331 2568 2398 exprimetis:
2623 2329 2866 2400 Rogavit,
2931 2333 3125 2400 inquit,
3174 2331 3355 2386 Jesum
3409 2335 3526 2403 qui-

1951 2422 2072 2473 dam
2119 2419 2183 2473 de
2217 2417 2530 2484 Pltariswis,
2573 2429 2628 2472 ut
2669 2419 3009 2474 manducare:
3052 2437 3168 2473 cum
3195 2420 3307 2475 illo.
3343 2420 3412 2474 Et
3441 2422 3524 2476 in-

1951 2529 2156 2582 gressus
2199 2515 2408 2567 domum
2456 2509 2739 2578 Pharismi,
2781 2513 3062 2568 discubuit.
3113 2511 3158 2568 Ο
3195 2512 3520 2569 ἱηείῐιώἰιοηι

1952 2606 2182 2673 gratiam
2206 2607 2219 2659 !
2257 2604 2300 2660 Ο
2326 2605 2750 2673 inexplicabilem
2777 2607 3197 2660 humanitatem!
3233 2605 3296 2659 Et
3323 2606 3515 2661 convi-

1953 2705 2112 2748 vatur
2147 2711 2266 2750 cum
2309 2695 2612 2760 Pharisaeis,
2665 2710 2764 2750 nec
2810 2695 3125 2762 publicanos
3177 2696 3406 2768 repellit.
3453 2697 3523 2752 Et

1949 2788 2174 2857 suscipit
2208 2792 2521 2842 meretrices
2547 2805 2560 2852 ;
2594 2787 2917 2857 disseritque
2945 2805 3065 2844 cum
3093 2787 3433 2843 Samaritana
3462 2789 3518 2856 ¹;

1949 2889 2003 2934 et
2031 2878 2389 2934 Chananaaam
2426 2877 2751 2934 allocutione
2795 2881 3048 2950 dignatur
3075 2883 3130 2947 ¹;
3176 2891 3338 2952 atque
3392 2883 3519 2936 lim-

1949 2971 2120 3025 briam
2148 2971 2581 3026 haantorrhoissaa
2614 2971 2757 3025 cedit
2803 2970 2859 3035 ³,
2891 2986 2990 3026 nec
3043 2973 3334 3028 erubescit.
3384 2972 3519 3029 Nam

1951 3061 2195 3116 medicus
2237 3073 2341 3126 est,
2377 3078 2564 3118 omnes
2606 3073 2951 3117 contrectans
2984 3049 3246 3129 Intorbos,
3286 3074 3342 3120 ut
3368 3065 3519 3136 juvet

1950 3169 2174 3216 omnes;
2212 3155 2383 3208 malos
2430 3156 2729 3224 bonosque,
2773 3155 3115 3226 ingratosque
3153 3165 3208 3210 et
3242 3166 3424 3226 gratos
3457 3172 3522 3212 ac

1950 3242 2256 3298 benevolos.
2298 3243 2446 3300 Unde
2487 3253 2540 3299 et
2576 3247 2736 3298 modo
2771 3259 2800 3298 a
2852 3243 3124 3302 Phariszeo
3161 3257 3381 3302 vocatus
3421 3248 3522 3302 do-

1947 3347 2093 3386 mum
2126 3333 2441 3402 ingreditur,
2473 3333 2621 3388 velut
2655 3334 2916 3388 malorum
2948 3334 3182 3405 plenam.
3221 3335 3321 3392 Ubi
3357 3337 3518 3408 quip-

1946 3437 2013 3493 pe
2066 3423 2421 3488 Phariszeus;
2481 3424 2592 3479 illic
2661 3425 2882 3480 malitiae
2943 3426 3294 3492 domicilium,
3337 3428 3518 3484 diver-

1945 3518 2150 3572 sorium
2178 3518 2405 3588 peccati,
2434 3518 2756 3588 arrogantia:
2786 3516 3064 3588 fastosque
3094 3520 3516 3590 receptaculum.

1945 3607 2167 3674 Verum,
2210 3623 2384 3679 neque
2409 3609 2486 3664 sic
2517 3607 2709 3665 aﬂ‘ecta
2744 3601 2923 3674 domo,
2967 3611 3284 3679 dedignatur
3330 3611 3516 3667 Domi-

1945 3716 2048 3756 nus
2077 3701 2378 3755 accedere:
2413 3700 2572 3772 idque
2620 3700 2835 3755 merito.
2871 3699 3339 3768 Quemadmodum
3373 3704 3516 3756 enim

1945 3794 2079 3849 nihil
2111 3793 2190 3849 sol
2226 3793 2428 3860 damni,
2474 3793 2654 3849 missis
2688 3795 2739 3848 in
2789 3781 3220 3850 caenum-radiis
3262 3797 3519 3867 propriis,

1945 3884 2142 3952 accipit
2179 3902 2192 3938 :
2225 3884 2353 3954 quin
2387 3885 2584 3954 potius,
2622 3885 2763 3939 nulla
2813 3887 2893 3939 sui
2937 3886 3132 3955 injuria
3177 3896 3233 3942 et
3275 3887 3515 3953 lmsione,

1945 3977 2108 4031 etiam
2148 3975 2221 4030 illi
2271 3975 2486 4030 insitam
2540 3977 2925 4043 turpitudinem
2980 3978 3282 4047 abstergit'
3343 3979 3415 4034 ita
3463 3991 3518 4034 et

1947 4070 2192 4126 Christus
2242 4070 2390 4124 velut
2436 4068 2652 4127 iustitia:
2708 4069 2810 4136 sol,
2864 4070 3252 4124 exsecrabilem
3301 4085 3516 4124 omnem

1945 4162 2343 4232 profanumque
2392 4159 2571 4216 locum
2610 4168 2864 4230 occupat,
2901 4177 2963 4215 ac
3005 4175 3168 4231 grave
3203 4160 3354 4215 olens
3388 4175 3513 4230 pec-

1947 4264 2152 4320 catum,
2203 4252 2460 4308 bonitatis
2510 4265 2622 4306 suae
2678 4252 2849 4306 radiis
2899 4250 3177 4316 absumit,
3227 4250 3358 4305 nihil
3407 4251 3519 4320 ipse

1949 4345 2250 4411 dedecoris,
2301 4344 2436 4399 nihil
2490 4343 2824 4410 minutionis,
2883 4341 3015 4397 nihil
3066 4342 3304 4398 sordium
3355 4344 3519 4399 susti-

270 4438 326 4489 oii
369 4437 650 4508 μολυσμὸν
695 4436 980 4507 ὑπομένων
1016 4435 1160 4490 κατὰ
1195 4435 1286 4489 τὸν
1306 4436 1406 4507 τῆς
1462 4434 1713 4507 θεότητος
1753 4435 1842 4488 λό·

1951 4451 2083 4494 nens
2109 4436 2560 4507 contrahensque.
2593 4435 2797 4490 ratione
2822 4434 3056 4489 deitatis.

271 4529 593 4674 τπρῗἒθεν
626 4619 914 4673 ἐπένευσεν
942 4618 1145 4684 εὐθέως
1164 4617 1240 4690 τῷ
1257 4618 1535 4690 Φαρισαίῳ
1557 4617 1845 4672 καλοῦντι·

270 4714 512 4784 ᾕρεμῶν,
535 4713 773 4767 σιωπῶν.
799 4712 1180 4782 ἀνεξέλεγκτον
1204 4710 1368 4765 αὑτοῦ
1401 4712 1493 4765 τὸν
1525 4711 1638 4782 βίον
1667 4711 1846 4781 ἀφείς.

270 4804 491 4875 Πρῶτον
523 4805 646 4875 μὲν,
684 4804 772 4857 ἶνα
802 4802 1005 4875 ἁγιάσῃ
1054 4803 1180 4865 τοὺς
1213 4802 1529 4873 κληθέντας,
1569 4802 1660 4856 τὸν
1689 4801 1849 4855 καλέ-

2020 4615 2107 4672 lll.
2166 4616 2300 4672 Hinc
2348 4617 2529 4672 statim
2580 4616 2854 4670 Pharisaeo
2907 4615 3118 4670 vocanti
3171 4615 3381 4680 annuit,
3431 4629 3518 4670 ac-

1949 4711 2255 4782 quiescens,
2281 4720 2484 4774 tacens,
2508 4707 2626 4778 ejus
2651 4707 2859 4763 vivendi
2889 4707 3150 4762 rationem
3184 4706 3522 4777 irrcprehen-
3595 4752 3600 4759 .

1951 4819 2067 4858 sam
2103 4803 2402 4857 dimittens.
2435 4800 2676 4856 Primum
2709 4800 2951 4870 quidem,
2978 4809 3034 4854 ut
3061 4807 3281 4855 vocatos
3315 4799 3516 4852 sancti-

269 4911 451 4962 σαντα,
479 4897 578 4968 τῆς
608 4895 786 4958 οἰκίας
836 4895 905 4947 τὰ
935 4896 1276 4966 συστήματα,
1308 4894 1409 4966 τῆς
1443 4893 1717 4959 πολιτείας
1782 4896 1846 4950 τὰ

1953 4894 2177 4961 ﬁcaret;
2215 4904 2273 4948 ut
2301 4903 2603 4959 vocantem,
2640 4893 2854 4948 fatniliae
2883 4905 3077 4953 cauus,
3113 4890 3298 4945 usibus
3327 4889 3518 4943 ltuma-

327 5029 540 5110 κέλης.
570 5042 682 5091 xix,
707 5027 762 5084 7.
836 5027 882 5062 ”
923 5025 1114 5081 Matth.
1151 5042 1227 5092 tx,
1259 5026 1353 5092 l7;
1390 5025 1555 5081 Marc.
1587 5041 1647 5091 tt,
1683 5027 1786 5094 ‘22;
1831 5025 1846 5080 1

1951 5067 1960 5082 .
1993 5044 2046 5094 v,
2073 5027 2161 5081 57.
2239 5028 2254 5058 ⁸
2289 5026 2444 5082 Joau.
2486 5041 2559 5089 tv,
2585 5025 2638 5079 7.
2715 5026 2737 5056 ‘
2767 5024 2954 5078 Matth.
2985 5037 3072 5087 XV,
3098 5020 3188 5110 τι.
3267 5021 3289 5053 ³
3327 5021 3515 5078 Matth.

273 5114 346 5166 ιι,
375 5100 465 5154 το.

265 5248 421 5306 quem
447 5247 507 5290 ut
539 5237 711 5291 ﬁlium
740 5249 802 5290 ea
827 5233 1123 5306 agnoscit.
1151 5233 1356 5306 deAquo
1392 5242 1446 5306 et
1473 5232 1674 5306 Paulus
1698 5248 1836 5302 pra:-

264 5303 417 5375 éipue
439 5307 744 5379 signaculo,
777 5305 818 5379 ll
849 5303 970 5379 Cor.
1005 5321 1041 5368 ι,
1205 5303 1310 5367 Qui
1329 5312 1378 5356 et
1397 5303 1617 5379 signavit
1643 5319 1756 5379 nos,
1791 5311 1841 5379 et

264 5371 401 5432 dedit
431 5371 620 5447 ρὶᾆηιισ
643 5376 877 5445 Spiritus
907 5375 961 5429 in
997 5377 1243 5447 cordibus
1269 5371 1483 5440 nostris,
1524 5371 1844 5428 velutnitni-

265 5463 383 5501 rum
415 5445 591 5502 altero
623 5450 859 5500 alterum
888 5445 1215 5514 eXplicante.

327 5520 436 5588 (61)
507 5516 805 5574 Παλινοδ.
861 5512 1050 5572 Menti.
1105 5529 1225 5568 cum
1286 5512 1531 5570 Cotnbef.
1609 5513 1846 5583 παλινῳ-

261 5587 396 5642 δίαν.

334 5660 442 5728 (θὲ)
499 5657 666 5715 Κατὰ
695 5655 807 5712 τὸν
842 5654 1280 5728 τῆς-θεότητος
1316 5655 1522 5724 λόγον.
1580 5652 1846 5728 Videntur

262 5725 441 5784 Graeca
493 5747 714 5794 sonare,
751 5737 810 5781 ut
841 5725 984 5794 Quod
1021 5735 1230 5796 spectat
1262 5728 1327 5779 ad
1362 5727 1530 5795 ipsam
1563 5726 1839 5796 deitatem,

265 5811 319 5852 et
349 5818 446 5871 qua
466 5801 607 5857 Deus
632 5811 742 5865 est,
773 5797 904 5853 nihil
946 5812 1009 5850 ex
1047 5795 1306 5850 malorum
1327 5796 1702 5849 t‘OIIIIIIUIIlolle
1732 5795 1842 5864 ipse

1946 5213 2070 5270 mali
2105 5228 2392 5284 perpessus
2421 5211 2525 5284 sit,
2564 5211 2832 5284 quomodo
2857 5223 3062 5284 verum-
3084 5207 3245 5261 habet
3279 5206 3344 5272 te
3368 5205 3516 5284 omni

1947 5274 2166 5338 omnino
2203 5274 2362 5348 inalo,
2385 5274 2528 5352 quod
2550 5274 2714 5336 eiiam
2746 5288 2944 5336 vocant
2969 5277 3210 5352 defectus
3236 5274 3515 5352 naturalis.

1951 5355 2007 5409 Si
2063 5370 2192 5409 vero
2221 5357 2383 5407 etiam
2403 5348 2483 5406 ad
2528 5353 2914 5406 humanitatem
2953 5348 3276 5404 extendatur
3316 5349 3514 5413 oratio,

1952 5425 2326 5499 restringenda
2354 5425 2457 5478 erit
2477 5425 2543 5476 ad
2577 5423 2774 5476 malum
2803 5422 2992 5490 cultae,
3021 5435 3130 5488 quo
3163 5433 3405 5499 prorsus,
3460 5427 3516 5472 ut

1951 5496 2114 5548 etiam
2134 5491 2311 5554 homo,
2325 5509 2635 5564 quanquam
2651 5508 2872 5564 versans
2886 5508 3004 5545 cum
3019 5491 3410 5564 peccatoribus,
3425 5503 3518 5564 κα-

1949 5565 2018 5640 τά
2035 5565 2125 5640 τὸν
2148 5565 2252 5640 Δτῆς
2282 5559 2534 5640 θεότητος
2561 5563 2738 5633 λόγον,
2763 5561 2913 5628 juxta
2944 5561 3082 5629 quod
3113 5562 3244 5628 petit
3275 5559 3515 5640 rationi-

1950 5636 2210 5697 vinitatis,
2247 5645 2297 5687 et
2347 5647 2405 5688 ut
2444 5635 2516 5687 illi
2553 5644 2970 5687 consentaneum
3009 5641 3123 5696 est,
3173 5635 3367 5682 mansit
3416 5635 3515 5680 im-

1951 5707 2128 5759 tnunis
2171 5720 2184 5754 :
2221 5709 2360 5774 quod
2393 5706 2684 5759 secundum
2728 5704 2937 5756 videtur
2961 5701 3130 5770 magis
3158 5710 3511 5769 consequens.
