4030 6408
519 355 582 410 7|
1512 348 1569 403 S.
1611 345 2055 404 AMPHILOCHII
2095 345 2482 404 ICONIENSIS
2521 348 2830 405 EPISCOPI
3676 351 3746 404 ’ΤΞ

521 475 606 528 nis
651 480 991 540 comparatos
1032 469 1182 525 cibos
1211 487 1226 524 :
1283 477 1392 524 tum
1426 483 1573 540 vero,
1609 481 1666 525 ut
1699 487 1764 526 ex
1797 472 2075 536 accubitu,

2182 469 2476 540 βρώματαο
2517 472 2706 525 ἔπειτα
2749 471 2980 535 δεικνὺς,
3014 471 3089 534 ὡς
3119 470 3178 523 ού
3213 469 3404 539 φάσμα
3427 465 3553 542 ἦνή
3593 470 3746 524 ἐναν-

518 577 590 620 ex
611 577 706 618 esu
729 571 988 631 potuque,
1015 575 1077 614 ac
1105 561 1348 615 ciborum
1367 570 1602 629 sumptu,
1625 575 1728 615 non
1759 561 2080 630 phantasma

523 669 666 721 esse,
703 655 846 724 quod
891 654 962 709 sit
992 655 1166 707 factus
1214 652 1397 716 homo,
1443 652 1777 718 ostenderet;
1822 662 2078 720 praeterea

520 757 722 810 autem,
765 745 908 816 quod
955 745 1207 800 meretrix
1249 753 1392 799 esset
1431 757 1734 807 accessura,
1769 753 1929 812 atque
1973 741 2082 795 fer-

517 847 732 894 ventem
776 839 925 893 illum
977 850 1373 905 accensumque
1410 833 1520 888 illic
1551 833 1856 887 exhibitura
1911 832 2082 900 poeni-

519 931 700 985 tentim
729 917 963 984 modum.
1014 929 1304 999 PrOpterea
1343 926 1527 980 annuit
1558 923 1836 979 confestim
1871 923 2079 977 vocanti

517 1021 813 1085 Pharisaro,
844 1028 902 1074 ut
933 1035 1116 1076 coram
1161 1017 1370 1074 Scribis
1403 1026 1458 1072 et
1487 1017 1772 1071 Phariszris
1798 1030 1892 1069 sua
1915 1014 2083 1084 ipsius

517 1113 815 1182 lugubriter
846 1112 1169 1180 depromens
1223 1111 1361 1163 mala
1385 1147 1400 1171 ,
1445 1106 1537 1178 qui
1573 1106 1800 1160 debeant
1831 1114 2079 1173 peccato-

516 1219 624 1267 res,
667 1203 879 1256 tristitia
923 1218 1020 1271 pro
1053 1201 1289 1272 peccatis
1338 1198 1550 1268 placare
1583 1199 1770 1262 Deum,
1806 1197 1948 1265 ipsos
1980 1196 2078 1248 do-

517 1302 682 1350 ceret.
713 1292 845 1346 Nam
872 1309 1007 1357 ecce,
1037 1291 1231 1362 inquit,
1268 1289 1456 1344 mulier
1475 1289 1530 1342 in
1566 1287 1795 1352 civitate,
1829 1301 1946 1356 quia
1967 1293 2080 1339 erat

516 1382 793 1450 peccatrix.
855 1381 1062 1449 Mulier,
1115 1391 1306 1435 natura
1351 1378 1553 1449 fragilis
1611 1394 1625 1431 :
1676 1379 1907 1447 primum
1953 1375 2080 1428 illud

517 1473 713 1528 diaboli
747 1483 879 1540 rete,
912 1474 1117 1529 erroris
1162 1471 1413 1537 initiatio,
1448 1469 1657 1526 doctrix
1684 1465 2080 1538 praevaricatio.

515 1566 634 1630 nis;
683 1565 820 1620 facta
853 1566 938 1619 illa
989 1565 1202 1635 quidem
1240 1565 1292 1618 in
1329 1560 1670 1630 adiutorium,
1702 1560 1795 1615 sed
1839 1573 1957 1628 qua:
1983 1558 2080 1613 ho-

515 1668 649 1711 stem
681 1672 796 1712 sese
828 1657 1105 1723 exhibuit;
1146 1657 1285 1709 facta
1319 1655 1462 1724 quod
1489 1659 1692 1720 spectat
1716 1651 1780 1705 ad
1809 1660 2073 1715 naturam,

516 1748 690 1812 bona;
729 1749 820 1803 sed
856 1763 977 1819 qua:
1022 1747 1242 1812 malam,
1278 1745 1566 1800 voluntatis
1592 1741 1882 1813 proposito,
1907 1755 1965 1795 se
1994 1740 2074 1810 ip-

514 1853 628 1892 sam
677 1807 804 1891 fecit
840 1807 1019 1907 {quae
1066 1807 1303 1890 ostendit
1346 1832 1474 1902 ligni
1509 1807 1984 1901 pulchritudinem,
2014 1807 2075 1882 et
2106 1807 2148 1862 Β

515 1929 821 1998 paradisum
858 1928 1054 1982 amisit.
1093 1925 1160 1979 Et
1207 1941 1344 1991 ecce,
1392 1923 1584 1993 inquit,
1614 1921 1801 1974 mulier
1845 1921 1901 1973 in
1947 1919 2074 1972 civi-

515 2029 637 2080 tate.
667 2033 783 2087 qua:
816 2026 925 2069 erat
955 2013 1234 2082 peccatrix,
1281 2026 1400 2082 qua:
1433 2017 1670 2080 portaret
1714 2008 1837 2060 Em
1877 2017 2067 2066 onera,

513 2123 634 2177 quae
678 2107 860 2162 multis
913 2106 1070 2160 malis
1119 2111 1266 2158 esset
1320 2109 1538 2156 onusta.
1595 2098 1786 2166 Porro,
1833 2095 2072 2164 priorum

513 2201 628 2266 ejus
652 2211 858 2250 morum
888 2195 1188 2263 largitatem
1221 2192 1359 2254 dico,
1393 2199 1450 2245 ut
1481 2187 1738 2245 noveritis
1765 2185 1930 2256 ipsius
1958 2197 2075 2255 pte-

515 2285 753 2341 nitentia:
793 2283 1264 2354 magniﬁcentiam.

585 2377 674 2432 ιν.
713 2379 999 2447 Assumpto
1040 2376 1180 2430 Deus
1211 2387 1334 2428 osse
1362 2371 1430 2428 de
1456 2369 1648 2426 Adami
1687 2368 1858 2424 latere
1883 2368 1906 2399 ⁸
1927 2405 1942 2430 ,
1981 2379 2076 2420 eo-

513 2484 619 2541 que
654 2482 815 2524 carne
860 2477 1038 2530 aucto,
1092 2466 1253 2519 Evam
1288 2463 1433 2527 fecit,
1493 2475 1651 2532 quam
1700 2467 1755 2512 et
1796 2455 2074 2510 mulierem

512 2569 779 2622 vocatam,
810 2558 938 2613 Adae
984 2557 1299 2625 adiutricem
1344 2553 1512 2607 dedit.
1557 2551 1685 2604 Post
1715 2551 1842 2603 νδιο
1886 2560 2075 2614 pecca-

517 2662 626 2705 tum
671 2650 909 2721 legisque
953 2646 1460 2715 transgressionem,
1512 2650 1738 2712 postque
1789 2638 2014 2708 eiectum
2045 2651 2075 2689 e

513 2742 782 2812 paradiso,
831 2741 1116 2809 divinaque
1151 2738 1363 2792 ultione.
1407 2733 1665 2788 adscitam
1705 2738 1974 2792 mortem;
2018 2735 2075 2778 ut

513 2851 583 2890 ne
609 2847 782 2889 morte
822 2832 1059 2886 funditus
1090 2831 1427 2897 absumptum
1481 2824 1731 2893 depereat
1778 2821 2070 2874 lmmauum

513 2941 704 2997 genus,
750 2925 980 2978 militant
1026 2922 1222 2992 nuptiae
1253 2920 1508 2973 adversus
1551 2923 1777 2970 mortem
1813 2928 1828 2965 :
1873 2919 1932 2965 ut
1974 2907 2076 2962 illa:

513 3019 728 3088 quidem
762 3027 968 3082 serant,
1004 3015 1116 3068 haee
1144 3021 1319 3066 autem
1370 3017 1570 3075 metat;
1607 2997 1776 3062 exedat
1808 3005 1928 3064 ista,
1974 3000 2074 3054 illa:

493 3110 832 3181 ,germinent.
874 3107 1026 3173 Quod
1065 3120 1228 3175 porro
1268 3111 1391 3173 post
1440 3099 1597 3154 morti
1644 3095 1944 3165 subjectum
1981 3093 2074 3147 ho-

512 3199 732 3278 ittinem,
777 3200 1006 3271 coajugii
1039 3198 1209 3269 gratia
1265 3207 1525 3250 concessa
1574 3191 1683 3245 sit:
1722 3189 1845 3242 inde
1878 3187 2069 3257 liquet,

512 3279 654 3364 quod
693 3291 884 3355 Adam,
915 3301 1192 3359 postquam
1228 3288 1435 3341 exierat
1467 3284 1533 3336 de
1561 3281 1830 3350 paradiso,
1859 3278 1981 3332 Evae
2007 3277 2078 3330 sit

512 3357 792 3453 copmatus
820 3400 833 3436 :
865 3357 1122 3449 scriptum
1166 3386 1250 3432 est
1293 3377 1435 3430 enim
1470 3373 1610 3443 quod
1654 3377 1773 3440 post
1801 3382 2075 3440 egressum

511 3493 579 3530 ex
614 3475 877 3544 paradiso,
918 3483 1042 3525 tunc
1086 3469 1317 3540 cognovit
1368 3465 1538 3520 Adam
1584 3477 1798 3516 uxorem
1843 3475 1994 3513 suam
2029 3457 2074 3512 '.

512 3570 652 3620 Ante
688 3580 816 3635 ergo
850 3571 1149 3633 peccatum,
1199 3557 1478 3628 virginitas
1503 3563 1656 3610 erat:
1711 3567 1826 3621 quae
1873 3560 2077 3604 natura:

516 3659 752 3711 tunicam
793 3656 993 3725 absque
1038 3652 1197 3707 sorde
1240 3657 1502 3704 servaret.
1538 3646 1666 3701 Post
1691 3653 1867 3698 autem
1898 3651 2077 3696 trans-

513 3749 865 3820 gressionem,
901 3755 1022 3815 post
1067 3742 1260 3799 mortis
1303 3741 1626 3804 sententiam
1675 3745 1752 3792 est
1803 3735 2075 3790 inductum

511 3839 860 3910 coniugium,
912 3847 969 3892 ut
1037 3834 1369 3904 scaturigine
1430 3835 1674 3888 vinceret
1734 3830 2068 3884 haurientem

515 3940 786 3996 mortem,
854 3931 1213 4001 genituraque
1276 3927 1690 3981 vindemiantem
1774 3929 2072 3991 superaret.

512 4023 648 4090 Quia
683 4022 844 4093 igitur
885 4022 949 4075 ad
993 4021 1209 4092 generis
1258 4019 1717 4074 conservationem
1767 4023 2076 4081 naturaeque

513 4127 845 4170 crementum
893 4115 1017 4168 data
1059 4112 1162 4166 fuit
1208 4110 1441 4182 coniugii
1494 4109 1600 4172 lex,
1638 4106 1863 4161 inseruit
1911 4103 2072 4165 Deus,

515 4207 756 4263 masculo
785 4207 1000 4276 quidem
1036 4205 1405 4273 voluptatem;
1455 4199 1710 4254 feminam
1744 4205 1922 4250 autem
1975 4209 2071 4248 ceu

515 4297 776 4352 lenocinio
803 4297 1032 4367 quodam
1066 4304 1119 4350 et
1149 4294 1346 4364 philtro
1375 4291 1646 4353 adulanle,
1679 4287 1930 4352 donavit;
1967 4300 2070 4338 non

515 4385 874 4454 prolectandis
905 4398 1053 4438 more
1098 4381 1402 4437 meretricio
1439 4379 1504 4434 ad
1543 4379 1742 4433 coitum
1771 4417 1784 4440 ,
1816 4374 1908 4430 sed
1943 4373 2072 4444 legi-

2182 561 2482 633 θρώπησις,
2523 565 2586 616 ἐκ
2624 562 2725 632 τῆς
2769 560 3124 624 ἀνακλίσεως.
3179 561 3278 630 τῆς
3337 559 3610 632 βρώσεως,
3649 561 3745 630 τῆς

2181 655 2411 719 πόσεως,
2437 653 2537 723 τῆς
2557 654 2666 707 τῶν
2713 653 2897 706 σιτίων
2921 653 3182 721 δαπάνης.
3210 652 3418 714 Ἀλλως
3443 651 3520 713 δὲ,
3559 650 3744 722 ἐπειδὴ

2179 740 2462 813 ἓμελλενὴ
2506 743 2678 814 πόρνη
2720 742 3021 813 προσιέναι,
3047 742 3141 794 καὶ
3176 741 3266 795 τὸν
3304 741 3502 811 θερμὸν
3541 741 3743 793 ἐκεῖνον

2181 833 2277 887 καὶ
2314 833 2576 904 διάπυρον
2616 833 2718 903 τῆς
2751 833 3035 905 μετανοίας
3080 832 3349 886 δεικνύναι
3382 832 3602 902 τρόπον·
3659 831 3746 884 διά

2180 923 2620 978 τοῦτο,καλοῦντι
2663 925 2740 995 τῷ
2778 925 3053 996 Φαρισαίῳ
3105 923 3345 977 ἐπινεύει
3392 925 3620 994 ταχέως,
3660 924 3745 978 ἵνα

2180 1017 2268 1068 ἐπ’
2296 1015 2452 1085 ὄψεσι
2485 1017 2861 1088 Γραμματέων
2887 1017 2979 1070 καὶ
3003 1014 3308 1086 Φαρισαίων
3330 1016 3401 1068 τὰ
3432 1017 3604 1067 οἰκεῖα
3653 1015 3744 1067 ἐκ·

2179 1107 2613 1177 τραγῳδήσουσα
2662 1106 2826 1172 κακὰ,
2882 1106 3066 1179 διδάξῃ
3095 1107 3308 1171 αὐτοὺς,
3349 1105 3465 1168 πῶς
3511 1105 3591 1158 δεῖ
3620 1104 3744 1168 τοὺς

2180 1198 2534 1268 ἁμαρτωλοὺς
2561 1200 2653 1252 ἐπὶ
2673 1201 2793 1262 ταῖς
2835 1199 3133 1270 ἁμαρτίαις
3159 1196 3572 1266 στυγνάζοντας,
3596 1196 3744 1261 ἐξευ-

2182 1288 2498 1358 μενίζεσθαι
2532 1289 2684 1346 Θεόν.
2738 1289 2892 1344 Ἰδοὺ
2921 1289 3050 1362 γὰρ,
3084 1289 3236 1360 φησὶ,
3271 1288 3425 1359 γυνὴ
3446 1289 3514 1341 ἐν
3538 1287 3612 1356 τῇ
3637 1289 3744 1341 πό-

2175 1381 2288 1445 λει,
2330 1378 2368 1447 ἢ
2389 1397 2483 1447 τις
2510 1376 2589 1450 ἦν
2615 1381 2980 1450 ἁμαρτωλός.
3023 1382 3232 1452 Γυνή’ή
3259 1379 3531 1444 εύόλισθος
3559 1379 3739 1449 φύσις,

2177 1469 2236 1521 τὸ
2268 1470 2484 1541 πρῶτον
2513 1471 2725 1526 δίκτυον
2750 1472 2842 1526 τοῦ
2882 1473 3148 1537 διαϐόλου,
3180 1474 3212 1543 ἡ
3254 1472 3352 1542 τῆς
3392 1471 3599 1547 πλάνης
3631 1473 3744 1525 είσ-

2178 1561 2390 1632 αγωγὴ,
2426 1563 2576 1634 ήτῆς
2619 1563 2980 1636 παραϐάσεως
3012 1563 3400 1635 διδάσκαλος·ὴ
3429 1563 3616 1634 βοηθὸς
3644 1563 3742 1634 μὲν

2175 1656 2463 1726 γενομένη,
2491 1656 2723 1728 πολεμία
2747 1658 2803 1711 δὲ
2833 1658 3220 1728 ἀναδειχθεῖσα·
3255 1659 3290 1729 ἡ
3316 1658 3575 1728 γενομένη
3603 1656 3742 1711 κατὰ

2177 1747 2337 1817 φύσιν
2361 1748 2527 1820 καλὴ,
2573 1751 2637 1802 ἐκ
2674 1751 3044 1822 προαιρέσεως
3080 1750 3138 1804 δὲ
3165 1748 3546 1820 ἀποδειχθεῖσα
3571 1749 3736 1819 κακήο

2180 1840 2212 1907 ἡ
2243 1839 2302 1890 τὸ
2335 1838 2524 1903 κάλλος
2547 1835 2641 1891 τόῦ
2682 1839 2838 1906 ξύλου
2889 1838 3129 1906 δείξασα,
3170 1839 3262 1892 καὶ
3297 1838 3389 1892 τὸν
3415 1837 3739 1909 παράδεισον

2178 1930 2508 1984 ἀπολέσασα.
2559 1932 2670 1985 Kal
2720 1931 2847 1986 ἰδοὺ
2891 1933 3066 2002 γυνὴ,
3115 1933 3300 2003 φησὶν,
3340 1932 3411 1985 ἐν
3439 1930 3514 2000 τῇ
3543 1931 3736 1995 πόλει,

2179 2022 2311 2090 ἥτις
2359 2017 2436 2092 ἦν
2458 2022 2823 2092 ἁμαρτωλὸς,
2869 2023 2938 2076 τά
2988 2023 3087 2094 τῆς
3115 2022 3257 2088 Εύας
3291 2022 3528 2095 φέρουσα
3575 2021 3738 2094 βάρη,

2179 2111 2390 2176 πολλοῖς
2408 2115 2595 2175 κακοῖς
2632 2110 2950 2182 βριθομένη.
2992 2112 3131 2184 Ἐρῶ
3157 2113 3213 2166 δὲ
3243 2112 3414 2182 αὐτῆς
3469 2111 3574 2165 τῶν
3601 2130 3738 2184 προ-

2177 2202 2348 2274 τέρων
2367 2203 2582 2273 τρόπων
2615 2203 2724 2274 (65)
2751 2204 2848 2274 τὴν
2881 2204 3180 2274 δαψίλειαν,
3221 2206 3310 2260 ἵνα
3354 2205 3526 2274 γνῶτε
3569 2206 3740 2278 αὐτῆς

2177 2294 2277 2365 τῆς
2320 2295 2603 2366 μετανοίας
2629 2296 2726 2366 τὴν
2741 2296 3104 2350 πολυτέλειαν.

2247 2382 2320 2437 Δ’.
2338 2381 2396 2436 Ὀ
2407 2383 2535 2447 Θεὸς
2559 2385 2622 2437 ἐκ
2649 2385 2746 2454 τῆς
2773 2384 3009 2456 πλευρᾶς
3025 2385 3117 2438 τοῦ
3145 2385 3315 2457 Ἀδάμ
3335 2385 3518 2440 ὀστέον
3536 2385 3736 2451 λαϐὼν,

2180 2473 2457 2528 καὶτοῦτο
2509 2473 2817 2545 σαρκώσας,
2873 2476 2972 2548 τὴν
3003 2475 3145 2530 Εύαν
3183 2477 3492 2548 εἰργάσατο,
3527 2477 3592 2548 ἢν
3646 2479 3740 2530 καὶ⁵

2178 2567 2407 2632 γυναῖκα
2443 2565 2698 2630 καλέσας,
2744 2567 2910 2620 ἔδωκε
2958 2567 3148 2638 βοηθὸν
3200 2567 3278 2639 τῷ
3330 2569 3520 2640 Ἀδάμ.
3581 2567 3741 2622 Ἀλλά

2183 2657 2318 2728 μετὰ
2347 2656 2408 2710 τὸ
2446 2659 2705 2729 ἁμαρτεῖν
2750 2660 2884 2730 (64),
2931 2662 3025 2713 καὶ
3069 2661 3376 2732 παραϐῆναι
3414 2662 3504 2715 τὸν
3554 2663 3738 2733 νόμον,

2179 2750 2271 2802 καὶ
2303 2749 2630 2820 ἐκϐληθῆναι
2653 2752 2746 2804 τοῦ
2777 2752 3122 2823 παραδείσου,
3157 2754 3250 2806 καὶ
3271 2753 3494 2807 θάνατον
3525 2754 3584 2807 τὸ
3622 2755 3741 2807 ἐπι-

2177 2840 2354 2912 τίμιον
2377 2841 2577 2894 λαϐεῖν’
2610 2842 2696 2896 ἵνα
2715 2842 2789 2914 μὴ
2816 2843 2893 2913 τῷ
2922 2843 3132 2914 Θανάτῳ
3167 2844 3546 2914 δαπανώμενον
3573 2843 3739 2915 ἄρδην

2179 2933 2240 2986 τὸ
2274 2934 2428 3002 γένος
2472 2933 2778 3005 ἀπώληται,
2810 2935 2986 3005 γάμος
3008 2935 3384 3004 ἐπιστρατεύει
3406 2935 3483 3005 τῷ
3507 2934 3739 3006 θανάτῳ.

2180 3024 2298 3076 Ἵνα
2347 3026 2376 3077 ὁ
2404 3024 2503 3095 μὲν
2539 3024 2756 3096 σπείρῃ,
2789 3026 2818 3078 ὁ
2863 3025 2920 3078 δὲ
2951 3025 3158 3096 θερίζη⁸
3183 3027 3211 3078 ὁ
3253 3025 3350 3096 μὲν
3377 3026 3568 3097 τέμνῃ,
3610 3026 3640 3079 ό
3684 3027 3741 3080 δὲ

2103 3156 2145 3216 C
2181 3114 2470 3216 βλαστάνῃ.
2502 3116 2610 3168 Καὶ
2635 3116 2716 3168 ὅτι
2752 3115 2888 3186 μετά
2931 3115 2993 3168 τὸ
3023 3116 3393 3186 ὑποϐληθῆναι
3427 3115 3660 3187 Θανάτῳ,
3707 3116 3741 3187 ή

2176 3205 2270 3258 τοῦ
2307 3206 2488 3276 γάμου
2507 3206 2660 3278 ἐδόθη
2683 3207 2862 3278 χάρις,
2897 3207 3054 3277 δῆλον
3093 3209 3156 3261 ἐκ
3176 3208 3292 3274 τοῦ,
3319 3207 3408 3262 τὸν
3453 3207 3622 3280 Ἀδάμ
3649 3225 3743 3280 με·

2175 3296 2245 3349 τὰ
2264 3296 2359 3367 τὴν
2387 3296 2562 3363 ἔξοδον
2615 3297 2709 3350 τοῦ
2744 3298 3072 3369 παραδείσου
3130 3300 3463 3370 συναφθῆναι
3491 3303 3559 3371 τῇ
3605 3299 3738 3371 Εύᾳ.

2175 3387 2486 3459 Γέγραπται
2515 3388 2624 3460 γὰρ
2648 3389 2750 3451 ὃτι,
2787 3389 2921 3459 μετά
2957 3389 3019 3442 τὸ
3067 3389 3300 3457 ἐξελθεῖν
3334 3392 3399 3444 ἐκ
3445 3391 3538 3444 τοῦ
3567 3408 3743 3462 παρα-

2175 3479 2375 3546 δείσου,
2428 3480 2550 3533 τότε
2589 3480 2740 3550 ἔγνω
2779 3481 2951 3552 Ἀδὰμ
2975 3481 3089 3549 τὴν
3106 3482 3359 3552 γυναῖκα
3375 3483 3581 3538 αὐτοῦ’
3636 3483 3743 3555 πρὸ

2174 3570 2274 3639 τῆς
2300 3570 2571 3640 ἁμαρτίας
2597 3566 2709 3635 οὖν,
2753 3573 3017 3644 παρθενία
3044 3569 3131 3643 ἦν·
3178 3573 3474 3644 άμόλυντον
3500 3574 3745 3646 τηροῦσα

2173 3661 2264 3713 τὸν
2301 3662 2501 3732 χιτῶνα
2522 3663 2622 3732 τῆς
2649 3662 2880 3731 φύσεως.
2905 3665 3058 3718 Μετὰ
3081 3665 3137 3717 δὲ
3164 3666 3261 3735 τὴν
3287 3665 3613 3737 παράϐασιν,
3647 3683 3743 3735 με-

2175 3750 2243 3802 τὰ
2273 3751 2373 3821 τὴν
2405 3749 2498 3802 τοῦ
2529 3749 2760 3804 θανάτου
2810 3752 3103 3822 ἀπόφασιν,
3131 3754 3359 3825 ὁ.γάμος
3391 3755 3739 3826 ἀντεισήχθη,

2175 3841 2262 3894 ἵνα
2294 3841 2590 3896 ἁντλοῦντα
2626 3842 2716 3895 τὸν
2753 3843 2978 3898 θάνατον
3016 3848 3210 3917 νικήσῃ
3248 3845 3446 3918 βρύων,
3484 3848 3579 3901 καὶ
3611 3865 3745 3918 τρυ-

2175 3932 2353 4000 γῶντα
2381 3934 2589 4005 ἡττήσῃ
2619 3934 2788 4002 φύων.
2828 3935 2980 3989 Ἐπεὶ
2999 3931 3090 3989 οὖν
3112 3939 3201 3990 ἐπὶ
3218 3941 3283 4009 τῇ
3312 3941 3505 4008 συνοχῇ
3536 3936 3626 3990 τοῦ
3647 3936 3744 4004 γέ-

2173 4042 2314 4088 νους,
2353 4026 2446 4078 καὶ⁹
2466 4027 2556 4078 ἐπὶ
2583 4025 2806 4096 αὐξήσει
2838 4027 2936 4097 τῆς
2963 4027 3193 4096 φύσεως,
3215 4032 3243 4083 ὁ
3262 4029 3355 4082 τοῦ
3381 4031 3557 4100 γάμου
3585 4030 3743 4102 ἐδόθη

2172 4117 2353 4185 νόμοςο
2383 4113 2460 4185 τῷ
2493 4115 2589 4185 μὲν
2618 4114 2890 4186 ἀνθρώπῳ
2915 4116 3104 4186 ἡδονὴν
3133 4117 3430 4189 ἐνέσπειρε·
3466 4117 3527 4172 τὸ
3555 4118 3610 4171 δὲ
3642 4118 3742 4188 θῆ-

2173 4204 2256 4268 λυ,
2289 4204 2623 4258 θωπευτικὸν
2660 4205 2931 4276 ἐποίησεν·
2968 4207 3065 4276 οὐχ
3123 4207 3211 4260 ἵνα
3256 4208 3546 4280 ἑταιρικῶς
3605 4208 3746 4278 πρὸς

2175 4293 2347 4365 μίξεις
2393 4292 2760 4363 ἐρεθίζωνται·
2820 4294 2935 4346 ἀλλ’
2983 4295 3070 4348 ἵνα
3117 4296 3352 4365 ἐννόμως
3401 4297 3535 4367 πρὸς
3566 4297 3747 4367 γάμον

2175 4383 2566 4436 συνάπτωνται.
2596 4382 2758 4436 Ὅθεν
2797 4383 2828 4453 ἡ
2864 4383 2961 4452 μὲν
2999 4383 3258 4455 ἔνθεσμος
3283 4385 3375 4438 τοῦ
3396 4385 3572 4456 γάμου
3601 4385 3747 4455 μίξις

517 4479 646 4533 time
676 4477 982 4547 capulandis
1012 4478 1062 4531 in
1102 4475 1520 4530 matrimonium.
1562 4471 1738 4538 Quare
1778 4466 2070 4522 honorabi-

2175 4473 2326 4543 τιμία
2366 4471 2514 4542 παρὰ
2539 4470 2615 4541 τῷ
2660 4471 2798 4542 Θεῷ.
2835 4473 2896 4525 Ἡ
2927 4473 2984 4525 δὲ
3033 4474 3168 4545 πρὸς
3205 4476 3362 4545 χάριν
3407 4470 3514 4528 τῶν
3542 4474 3748 4546 ἡδονῶν

518 4571 581 4625 Iis
610 4571 748 4640 apud
783 4569 947 4625 Deum
979 4569 1214 4640 legitima
1249 4565 1482 4635 coniugii
1511 4565 1707 4628 mistio,
1745 4575 1865 4630 qua:
1893 4568 2068 4613 autem

583 4688 608 4720 ‘
640 4687 775 4743 Gen.
820 4703 880 4753 ιι,
906 4685 998 4741 21.
1069 4686 1092 4718 ⁸
1133 4685 1268 4741 Gen.
1311 4699 1383 4750 tv,
1419 4683 1472 4737 l.

586 4805 696 4877 (63)
715 4805 969 4877 Τρόπων.
992 4801 1179 4857 Moutf.
1197 4800 1398 4877 κακῶν,
1416 4800 1672 4877 malorum
1690 4817 1708 4864 ;
1726 4802 1865 4867 quod
1891 4801 2075 4870 utique

518 4873 716 4999 retains
749 4873 872 4931 esse
892 4876 1164 4928 insinuare
1199 4873 1408 4927 videtur
1429 4873 1873 4940 voxsubsequens
1905 4888 2072 4943 μετα-

518 4964 574 4999 vs
598 4963 683 4999 ac.

514 4963 683 5009 νθιας.

575 5007 698 5140 ($63)
736 5013 911 5069 Ἀλλὰ
933 5011 1081 5094 μετὰ
1111 5010 1175 5066 τὸ
1204 5009 1502 5094 ἁμαρτεῖν.
1540 5007 1681 5091 Idem
1721 5008 1980 5091 pluribus,
2017 5018 2072 5063 et

612 5095 788 5140 uctqu
817 5098 1098 5137 occasione
1145 5093 1348 5140 peccati
1385 5095 1448 5134 ac
1471 5095 1536 5132 ex
1591 5094 1707 5140 eius
1752 5095 2070 5140 praavtsmne

519 5079 788 5140 inductum
817 5079 1098 5137 occasione
1145 5079 1348 5150 peccati
1374 5095 1448 5150 ac
1471 5095 1536 5132 ex
1579 5079 1711 5150 eius
1752 5079 2070 5150 praevisione

519 5155 936 5216 matrimonium,
958 5148 1243 5221 Nysseuus,
1264 5151 1300 5203 l.
1318 5167 1332 5203 ι
1352 5149 1444 5221 De
1467 5149 1672 5221 api/icio
1693 5148 1939 5221 hominis,
1972 5149 2072 5202 Da-

520 5241 687 5278 masc.
746 5223 838 5276 lib.
888 5238 962 5285 tv,
995 5219 1047 5275 et
1079 5221 1166 5274 alii
1203 5238 1218 5274 :
1259 5220 1448 5288 maiori
1487 5220 1625 5272 forte
1669 5219 1866 5288 pietate
1908 5233 2069 5287 quam

517 5294 760 5347 veritate.
801 5295 1114 5358 Quanquam
1147 5291 1285 5343 enim
1327 5289 1638 5357 propagatio
1682 5303 1801 5357 quae
1830 5298 1913 5358 est
1955 5303 2070 5341 car-

518 5364 622 5416 nali
645 5357 988 5430 generatione
1011 5375 1074 5413 ex
1107 5361 1340 5426 legitima
1377 5359 1587 5430 copula,
1616 5357 1855 5430 nonnihil
1887 5372 2072 5410 crassa

517 5434 587 5486 sit
628 5426 683 5484 εἰ
730 5432 963 5498 humilis,
1012 5430 1329 5497 dignitasque
1373 5428 1645 5480 videretur
1686 5437 1742 5480 ut
1786 5426 1921 5498 Deus
1963 5429 2076 5491 ipse

520 5503 671 5556 nobis
716 5516 940 5569 corpora
988 5501 1128 5552 sicut
1161 5499 1378 5569 Adamo
1424 5506 1650 5565 aptaret.
1698 5497 1838 5550 haud
1891 5505 2067 5548 tamen

520 5573 642 5626 talis
670 5567 834 5626 videri
877 5571 1053 5632 debet,
1084 5570 1146 5623 iis
1189 5567 1416 5620 sublatis
1470 5581 1588 5634 quae
1627 5577 1969 5621 accesserunt
2001 5579 2068 5617 ex

520 5651 757 5712 peccato.
789 5649 849 5712 ut
880 5642 1056 5712 minus
1078 5640 1276 5712 deceat_
1295 5637 1585 5698 hominem,
1614 5650 1715 5712 pro
1769 5635 1864 5712 illo
1901 5636 2066 5712 etiam

518 5705 682 5772 statu,
717 5711 806 5778 qui
860 5724 958 5762 nec
993 5709 1105 5778 ipse
1135 5707 1380 5778 omnino'
1411 5723 1438 5758 a
1491 5706 1888 5778 conditionibus
1945 5705 2068 5756 vita:

519 5776 764 5843 animalis
813 5776 1088 5835 absolutus
1129 5787 1289 5832 esset.
1324 5777 1473 5841 Quod
1524 5786 1702 5830 autem
1744 5776 1910 5830 Adam
1961 5788 2066 5827 non

2177 4559 2560 4632 ἐκτελουμὲνη.
2583 4559 2796 4630 θανάτῳ
2824 4561 3186 4634 ὑποϐέϐληται
3216 4563 3353 4635 (65).
3395 4563 3592 4634 Τίμιος
3629 4563 3745 4634 γὰρ

2179 4798 2280 4852 nisi
2309 4814 2337 4850 a
2368 4801 2592 4865 peccato
2633 4791 2800 4846 Evam
2839 4791 3170 4865 cognoverit,
3219 4806 3325 4846 non
3355 4805 3418 4865 eo
3468 4792 3586 4865 fuit,
3615 4797 3745 4862 quia

2177 4869 2280 4923 nisi
2329 4861 2608 4934 peccasset
2653 4877 2757 4916 non
2791 4871 2935 4934 esset
2966 4862 3295 4934 cogniturus,
3326 4861 3417 4915 sed
3451 4863 3573 4934 quia
3604 4861 3747 4920 intra

2179 4930 2448 4991 modicum
2479 4933 2608 4987 illud
2634 4940 2844 4998 tempus
2870 4930 2955 4983 vix
2968 4945 3062 4983 sex
3094 4930 3349 4984 horarum
3379 4945 3408 4982 a
3436 4933 3748 4990 conditione

2177 5008 2242 5060 ad
2274 5006 2502 5075 lapsum,
2531 5013 2826 5075 congruum
2862 4998 3106 5075 non_fuit
3150 5013 3312 5075 :cttm
3353 5000 3517 5075 a_Dei
3563 5007 3748 5075 potius

2173 5067 2342 5130 cultu'
2367 5082 2423 5128 et
2445 5067 2768 5139 perficiendo
2794 5083 2895 5141 usu
2915 5068 3155 5141 scientia:
3170 5067 3369 5141 animo,
3401 5067 3751 5141 imperiisque

2174 5147 2228 5199 in
2259 5137 2498 5209 subiecta
2531 5152 2754 5210 quaeque
2788 5137 3038 5210 animalia
3092 5138 3455 5210 exsecutione,
3503 5137 3747 5210 adeoque

2173 5230 2203 5268 a
2244 5207 2575 5283 spiritalibus
2610 5207 2966 5283 inchoandum
2997 5217 3207 5283 _esset,_
3263 5208 3447 5283 eisque
3501 5207 3750 5283 nonnihil

2175 5275 2435 5350 temporis
2448 5280 2628 5335 statim
2646 5292 2684 5350 _a
2707 5275 2979 5350 creatione
2997 5275 3406 5350 impendentium
3424 5293 3444 5350 ιΔ
3460 5293 3561 5346 qua
3581 5281 3747 5335 etiam

2175 5345 2405 5416 ratione,
2439 5363 2613 5416 neque
2645 5345 2948 5417 legimusid
2978 5349 3236 5417 temporis
3259 5345 3560 5403 comediSse
3583 5351 3750 5417 quid-

2175 5437 2358 5491 quam,
2392 5415 2619 5491 excepto
2653 5415 3079 5491 ligno_scientia3.

2245 5481 2362 5559 (65)
2395 5481 2633 5559 Barcino
2660 5481 3075 5559 ὐξποϐἐϐληται.
3119 5481 3364 5559 Quando
3386 5483 3637 5559 nimirum
3668 5486 3746 5559 ita

2175 5554 2262 5614 est
2293 5554 2584 5627 voluptatis
2631 5556 2798 5627 solius
2835 5566 3016 5614 causa,
3052 5562 3112 5627 ut
3145 5554 3366 5627 legitimi
3415 5555 3746 5627 matrimonii

2176 5629 2312 5682 lines
2341 5623 2514 5687 exeat,
2551 5633 2608 5676 ut
2631 5626 2764 5692 satis
2802 5637 2861 5674 se
2886 5632 3076 5676 auctor
3099 5624 3212 5691 ipse
3238 5623 3508 5688 declarat;
3543 5625 3748 5692 alioqui

2172 5701 2315 5750 enim
2348 5695 2590 5750 concedit
2629 5691 2826 5745 Paulus
2854 5693 3068 5758 nuptias
3110 5694 3160 5746 in
3213 5695 3501 5747 remedium
3541 5691 3743 5746 concu-

2173 5774 2443 5838 pisceutne
2487 5767 2507 5819 ι
2557 5763 2685 5818 Cor.
2715 5777 2805 5829 vn,
2837 5762 2868 5816 9
2898 5778 2912 5817 :
2956 5761 3108 5825 Quod
3155 5764 3198 5815 si
3246 5779 3349 5816 non
3378 5781 3430 5818 se
3454 5764 3742 5830 continent,
