4030 6408
256 355 330 414 ’1⁸5
1210 346 1468 402 ORATIO
1509 344 1574 398 IN
1618 339 1980 396 MULIEREM
2019 338 2522 396 PECCATRICEM.
3423 330 3498 386 74

262 471 301 525 ὀ
331 466 518 538 ττίμος
538 467 609 521 ἐν
632 464 804 528 πᾶσι,
831 466 926 519 καὶ
962 465 998 530 ἡ
1029 465 1194 531 κοίτη
1223 444 1529 531 ιὶμίιινέοςο
1572 462 1833 528 πόρνους

1957 467 2341 514 :onsummatur
2363 463 2429 512 ad
2452 460 2780 528 voluptatum
2813 460 3059 528 gratiam,
3080 459 3326 512 vindictae
3354 474 3502 515 mor—

263 558 335 614 δὲ
359 559 456 611 καὶ
483 557 736 626 μοιχοὺς
779 556 970 610 κοινεῖ
988 559 1020 609 ὁ
1049 557 1212 621 Θεός.
1244 557 1309 607 Αἱ
1335 551 1425 608 οὖν
1459 555 1618 625 χάριν
1640 553 1826 606 παιδο-

265 651 450 720 γονίας
473 653 712 722 ἐννόμως
736 654 850 714 τοῖς
882 651 1102 721 ἀνδράσι
1140 650 1485 721 μιγνύμεναι,
1509 648 1828 718 ἀνέγκλητοί

266 743 422 794 εἰσιν·
454 740 643 812 ὥσπερ
666 742 700 810 ἡ
732 740 936 810 Σάρρα,
983 739 1137 808 καὶὴ
1181 737 1467 801 Ῥεϐέκκα,
1504 737 1599 790 καὶ¹
1639 737 1671 805 ή
1709 734 1832 787 Ῥα-

267 831 389 901 χήλ·
425 830 520 883 καὶ
567 831 620 882 ετ
642 847 727 892 τις
755 828 888 898 άλλη
915 829 1009 881 ἀπ’
1039 828 1227 896 αὐτῆς·
1264 829 1318 878 αἱ
1357 825 1414 878 δὲ
1455 824 1598 895 λόγῳ
1623 825 1830 895 ἡδυπα-

268 923 416 985 θείας
443 923 570 983 τοὺς
591 921 744 984 νέους
799 921 934 990 πρὸς
981 919 1275 973 ἀκολασίαν
1325 917 1707 988 διεγείρουσαι,
1759 915 1835 978 ὡς

267 1015 586 1086 φθείρουσαι
622 1012 715 1066 τὸν
744 1012 872 1066 ναὸν
898 1011 993 1064 τοῦ
1034 1011 1190 1076 Θεοῦ,
1225 1009 1608 1081 παραδίδονται
1637 1007 1834 1078 φθορᾷ.

268 1107 341 1159 El
361 1123 451 1171 τις
483 1105 612 1175 γάρ,
641 1104 797 1174 φησι,
830 1102 1178 1173 φθείρειτὸν
1199 1100 1349 1153 ναὸν
1371 1098 1478 1153 τοῦ
1507 1097 1676 1163 Θεοῦ,
1699 1101 1838 1166 φθε-

256 1197 359 1266 ρεῖ
387 1197 602 1250 τοῦτον
643 1199 676 1250 ό
720 1196 884 1260 Θεός·
929 1189 1003 1250 ὧν
1032 1193 1126 1247 καὶ
1155 1191 1293 1262 αὕτη
1335 1191 1433 1262 μία
1489 1185 1578 1260 ἦν,
1621 1192 1655 1260 ὴ
1709 1189 1845 1259 μετὰ

268 1292 459 1358 χεῖρας
481 1286 826 1358 ἁμαρτωλός.
856 1284 967 1356 Τὴν
988 1284 1096 1354 γάρ
1119 1282 1278 1352 φύσιν
1307 1279 1717 1353 καπηλεύσασα,
1746 1279 1841 1332 καὶ

264 1379 390 1439 ταῖς
429 1376 628 1442 ἔξωθεν
655 1375 852 1446 βαφαῖς
895 1377 996 1436 τὰς
1036 1373 1268 1445 παρειάς
1314 1371 1682 1441 φοινίσσουσα,
1748 1371 1842 1422 καὶ

266 1470 433 1538 τέχνῃ
465 1465 760 1537 βιαζομένη
793 1465 1025 1535 φανῆναι
1054 1464 1212 1532 καλὴ,
1242 1465 1365 1525 τοὺς
1383 1463 1533 1526 νέους
1556 1463 1689 1533 πρὸς
1716 1463 1844 1514 ἀκο-

268 1558 462 1610 λασίαν
488 1558 777 1628 ὑπέσυρεν,
811 1554 1134 1626 ἀπροὸπτως
1164 1554 1276 1624 (66)
1303 1555 1500 1618 αὐτοὺς
1553 1555 1631 1617 εἰς
1660 1551 1723 1605 τὸ
1745 1552 1844 1623 τῆς

269 1649 530 1719 πορνείας
557 1648 916 1702 ἀποκλίνουσα
940 1646 1050 1717 (67)
1078 1645 1367 1716 βάραθρον.

1939 551 2006 602 tis
2029 550 2258 602 obnoxia
2302 560 2409 604 est.
2453 547 2774 603 Honorabile
2794 550 2929 602 enim
2955 550 3267 602 connubium
3301 551 3352 601 in
3384 565 3500 602 om-

1938 639 2110 702 nibus,
2142 649 2190 692 et
2237 648 2381 692 torus
2425 639 2795 693 immaculata:
2850 655 2867 692 :
2917 638 3263 707 fornicatores
3310 657 3427 694 vero
3452 649 3501 693 et

1939 731 2202 786 adulteros
2224 732 2482 802 judicabit
2520 731 2658 785 Deus
2691 732 2729 785 ⁸.
2775 731 2904 798 Qua:
2932 747 3058 800 ergo
3101 733 3352 786 mulieres
3381 748 3502 786 sus-

1941 825 2198 894 cipiendae
2229 824 2393 893 prolis
2436 828 2605 894 gratia
2633 824 2864 892 legittme
2891 824 3312 880 commiscentur
3347 827 3499 892 viris,

1943 915 2060 969 sine
2108 917 2334 970 crimine
2385 927 2554 972 sunt:
2608 918 3058 986 quemadmodum
3097 919 3262 973 Sarra
3311 929 3365 973 et
3396 918 3506 974 Be-

1945 1009 2106 1062 becca
2134 1019 2187 1062 et
2210 1007 2430 1072 Rachel,
2469 1018 2523 1063 et
2559 1011 2603 1063 si
2653 1024 2773 1078 qua:
2816 1009 2918 1062 alia
2949 1011 3208 1079 sequitur.
3254 1011 3382 1075 Qua:
3408 1026 3504 1064 au-

1946 1107 2054 1154 tem
2101 1100 2310 1154 ratione
2358 1100 2648 1168 voluptatis
2697 1101 3063 1157 adolescentes
3112 1105 3176 1155 ad
3231 1103 3506 1156 libidinem

1941 1201 2271 1260 provocant;
2298 1190 2442 1244 velut
2469 1207 2589 1260 qua:
2616 1192 2814 1247 violent
2842 1193 2930 1247 Dei
2957 1194 3233 1261 templum,
3260 1194 3311 1247 in
3341 1195 3508 1247 inter-

1947 1281 2082 1334 itum
2099 1281 2397 1356 tradnntur.
2413 1273 2606 1350 Siquis
2623 1285 2789 1348 enim,
2807 1284 3003 1354 inquit,
3019 1285 3262 1352 templum
3285 1285 3378 1339 De:
3399 1287 3508 1338 cio-

1947 1370 2152 1436 laverit,
2175 1375 2429 1442 disperde!
2455 1375 2601 1428 illum
2627 1375 2763 1428 Deus
2792 1376 2811 1406 "
2847 1396 2859 1430 :
2892 1375 3133 1443 equibus
3152 1377 3336 1431 etha'c
3371 1391 3505 1440 erat,

1948 1477 2109 1531 quam
2143 1479 2252 1533 pra:
2330 1465 2577 1521 manibus
2621 1468 2977 1535 peccatricem
3028 1467 3300 1523 habemus.
3355 1468 3510 1524 Velut

1949 1555 2092 1607 enim
2147 1554 2362 1608 sordide
2388 1571 2580 1610 venum
2614 1572 2887 1626 exponens
2909 1575 3324 1631 cauponansque
3351 1573 3508 1617 natu-

1955 1661 2093 1711 ratn,
2161 1661 2436 1716 genasque
2475 1648 2724 1704 ascititiis
2768 1651 3053 1719 pigmentis
3095 1669 3412 1721 purpuratis,
3447 1670 3510 1710 ac

271 1755 391 1796 arte
420 1742 756 1796 contendens
791 1740 959 1794 videri
989 1740 1232 1810 pulchra,
1266 1739 1637 1794 adolescentes
1663 1737 1877 1793 incaute
1915 1737 2194 1793 declinans
2239 1741 2618 1812 depellensque
2661 1744 2711 1796 in
2750 1742 3118 1800 fornicationis
3174 1746 3508 1811 barathrum,

272 1840 326 1894 in
365 1836 631 1890 luxuriam
685 1834 1055 1890 subtrahebat.

347 1927 423 1982 E'.
445 1926 944 1994 Ταῦταδὲλέγω,οὑ
957 1925 1232 1997 κωμῳδῶν
1258 1925 1426 1995 αὐτὴν
1454 1925 1537 1993 ἐφ’
1559 1919 1640 1988 οἷς
1653 1923 1846 1996 ἔδρασε

2018 1923 2083 1978 ν.
2116 1924 2243 1979 Dico
2269 1933 2444 1979 autem
2502 1925 2635 1990 haec,
2674 1941 2775 1978 non
2830 1935 2884 1979 ut
2916 1926 3186 1981 traducam
3241 1928 3308 1981 ob
3360 1930 3508 1996 prius

276 2021 436 2091 πρίν·
475 2019 597 2074 ἀλλ’
628 2019 881 2072 -ὲπαινῶν
929 2017 1131 2089 αὐτὴν,
1167 2019 1258 2086 ἀφ’
1291 2017 1439 2080 οἴων,
1491 2017 1580 2069 οἵα
1624 2015 1846 2085 γέγονεν

273 2112 448 2179 ἄφνω.
485 2111 644 2180 Λέγω
671 2110 780 2182 γὰρ
806 2111 891 2174 τίς
918 2107 986 2181 ἦν
1018 2110 1227 2184 πρώην,
1257 2111 1342 2163 ἵνα
1369 2108 1526 2175 δείξω
1547 2110 1630 2173 τίς
1657 2109 1847 2178 γέγονε

274 2200 371 2254 νῦν
395 2217 408 2228 ·
443 2200 588 2268 λέγω
624 2201 796 2270 αὐτῆς
826 2203 924 2271 τῆς
957 2202 1230 2273 ἁμαρτίας
1273 2201 1342 2254 τά
1374 2201 1726 2270 πταίσματα,
1763 2201 1849 2254 ἱνα

273 2291 435 2356 δείξω
475 2292 577 2361 τῆς
622 2291 911 2362 μετανοίας
938 2291 1006 2344 τὰ
1039 2290 1458 2362 κατορθώματα.
1501 2290 1640 2344 Ἀλλ’
1686 2290 1845 2361 αὕτη,

273 2385 307 2452 ἡ
349 2382 427 2452 τῷ
467 2382 681 2453 σώματι
725 2383 824 2435 οὐκ
865 2383 1166 2453 ἀμέμπτως
1210 2383 1528 2454 χρησαμένη
1577 2383 1640 2436 τὸ
1690 2383 1846 2454 πρίνο

275 2474 403 2536 τοὺς
439 2472 540 2543 μὲν
587 2473 677 2526 διὰ
710 2473 1020 2544 βοστρύχων
1068 2473 1470 2543 σαγηνεύουσα,
1499 2474 1626 2539 τοὺς
1664 2473 1722 2528 δὲ
1765 2474 1852 2528 διὰ

275 2566 530 2637 δακρύων
556 2566 973 2636 φαρμάττουσα,
995 2567 1120 2628 τοὺς
1140 2565 1302 2620 δὲδιά
1329 2565 1613 2637 λήμματος
1633 2566 1852 2636 γοητεύ-

275 2674 447 2720 ουσα,
488 2661 700 2720 πάντας
732 2658 789 2710 δὲ
830 2657 1161 2730 πανταχόθεν
1196 2662 1273 2723 είς
1305 2659 1394 2716 τὸν
1441 2657 1712 2729 βάραθρον
1752 2659 1852 2729 τῆς

278 2749 583 2811 ἀκολασίας
622 2749 1075 2822 προσκαλουμένη
1101 2791 1115 2814 ,
1157 2751 1248 2804 τὸν
1282 2751 1505 2822 αἰσχρὸν
1549 2749 1718 2821 αὐτῆς
1759 2752 1854 2804 καὶ

278 2839 536 2910 ἡδυπαθῆ
568 2840 748 2911 ἔρωτα
772 2845 851 2904 είς
883 2841 1024 2894 θεῖον
1056 2843 1149 2896 καὶ
1182 2843 1502 2912 ἐπουράνιον
1530 2840 1853 2911 μεταϐάλλει

280 2931 530 2999 φῦιτρον.
577 2931 668 2994 Ὠς
696 2927 800 2984 εἶδε
829 2931 938 3004 γὰρ
979 2933 1070 2985 τὸν
1112 2932 1349 3003 Ἰησοῦν,
1387 2934 1517 2985 ποτὲ
1549 2933 1647 3003 μὲν
1685 2932 1855 2995 ἀδέως

277 3027 346 3092 τῇ
393 3023 752 3093 Σαμαρείτιδι
793 3024 1202 3094 διαλεγόμενον,
1245 3025 1372 3078 ποτὲ
1424 3023 1481 3077 δὲ
1524 3023 1622 3095 τὴν
1670 3025 1854 3078 Χανα-

279 3116 440 3168 ναίαν
466 3116 845 3186 προσιέμενον,
871 3117 1057 3170 ἄλλοτε
1087 3118 1186 3186 τῆς
1223 3115 1622 3187 αἱμορῤοούσης
1649 3115 1854 3184 ἀνακη-

1947 2027 2118 2088 gesta,
2164 2017 2256 2073 sed
2300 2017 2539 2078 laudans,
2583 2028 2640 2070 ut
2672 2018 2794 2071 talis
2844 2035 2906 2072 ex
2963 2019 3052 2071 tali
3080 2018 3152 2073 sit
3179 2019 3336 2074 facta.
3380 2021 3510 2075 Dico

1949 2107 2237 2178 siquidem,
2276 2123 2395 2177 quas
2427 2119 2568 2163 esset
2591 2109 2738 2170 olim,
2781 2119 2838 2163 ut
2899 2125 3016 2176 quae
3071 2110 3227 2165 modo
3259 2113 3509 2178 evaserit,

1948 2201 2251 2255 ostendam.
2282 2200 2411 2254 Dico
2449 2201 2654 2270 peccati
2711 2201 2879 2270 ipsius
2909 2211 3117 2265 errata,
3149 2212 3205 2256 ut
3232 2205 3509 2258 exhibeam

1949 2291 2279 2360 ptenitentia:
2318 2291 2528 2344 merita.
2563 2289 2781 2352 Verum,
2819 2294 2903 2345 cui
2935 2308 3039 2345 non
3063 2294 3265 2364 absque
3287 2296 3512 2350 crimine

1951 2372 2270 2439 constiterat
2329 2397 2457 2439 usus
2509 2386 2923 2454 corporis;quze
2957 2384 3090 2440 alios
3145 2388 3357 2454 quidem
3396 2389 3512 2442 cin-

1953 2475 2127 2530 cinnis
2157 2485 2386 2543 caperet,
2445 2476 2576 2530 alios
2625 2477 2900 2531 oculorum
2963 2477 3226 2534 lenocinio
3271 2479 3507 2545 falleret;

1955 2564 2180 2618 consilio
2220 2563 2353 2618 alios
2379 2567 2678 2630 seduceret,
2709 2582 2893 2620 ortntes
2919 2569 3512 2640 undequaqueiuluxu-

1953 2659 2048 2711 riae
2075 2657 2384 2711 barathrum
2409 2670 2741 2727 provocaret,
2770 2675 2923 2712 suum
2962 2659 3107 2716 illum
3132 2671 3336 2730 turpem
3383 2664 3519 2717 mol-

1958 2747 2167 2816 lemque
2194 2762 2454 2812 amorem,
2509 2749 2560 2801 in
2595 2747 2831 2800 divinum
2879 2748 3203 2827 coaleSquue
3259 2753 3515 2818 philtrum

1961 2839 2253 2893 transtulit.
2293 2839 2360 2894 Ut
2388 2839 2528 2894 enim
2573 2838 2751 2893 Jesum
2801 2841 3071 2908 cognovit,
3117 2843 3271 2898 modo
3301 2846 3515 2914 quidem

1960 2931 2125 2986 libere
2155 2945 2275 2985 cum
2311 2930 2642 2984 Samaritana
2675 2931 2984 2986 miscentem
3020 2948 3359 2990 sermonem:
3404 2952 3520 2991 mo-

1957 3024 2025 3078 do
2059 3023 2415 3078 Chananteam
2446 3024 2820 3093 recipientem;
2889 3023 2993 3078 alio
3027 3025 3154 3080 item
3219 3027 3354 3084 loco.
3392 3044 3516 3080 san—

1959 3114 2118 3186 guine
2151 3114 2364 3168 ﬂuentis
2395 3115 2590 3167 furtum
2626 3115 3039 3184 praedicantem;
3088 3127 3250 3186 atque
3277 3110 3364 3172 hlc
3393 3120 3513 3187 qui-

280 3204 554 3279 ρύττοντα
592 3205 689 3275 τὴν
757 3206 997 3276 κλοπὴν,
1043 3206 1138 3258 καὶ⁸
1171 3205 1246 3274 πῆ
1298 3205 1395 3275 μὲν
1429 3204 1685 3267 τελώναις
1735 3221 1854 3257 συν-

1961 3207 2082 3261 dem
2108 3221 2226 3260 cum
2250 3205 2548 3275 publicanis
2579 3207 2986 3260 manducantem
3019 3225 3036 3272 ;
3088 3207 3176 3260 hic
3219 3207 3516 3262 Pharisazo-

279 3299 562 3360 εσθίοντα,
583 3297 664 3367 πῆ
690 3297 747 3350 δὲ
774 3299 875 3351 τῶν
897 3299 1204 3370 Φαρισαίων
1231 3298 1356 3360 τοὺς
1379 3295 1559 3360 οἴκους
1581 3297 1854 3367 καταλαμ-

1963 3309 2080 3348 rum
2107 3295 2386 3348 adeuntem
2411 3293 2639 3358 domos;
2675 3296 2754 3350 sic
2779 3309 2960 3354 secum
2991 3297 3245 3367 cogitavit
3278 3314 3290 3348 :
3318 3299 3450 3352 Cum
3478 3301 3522 3353 is

282 3388 542 3450 δάνοντα,
579 3387 861 3455 ἐλογίσατο
896 3388 1011 3440 ὅτι·
1045 3389 1108 3440 El
1141 3387 1354 3462 ﬂépva;
1384 3387 1478 3439 καὶ
1506 3385 1860 3456 ἁμαρτωλοὺς

284 3479 380 3532 καὶ
421 3478 663 3540 τελώνας
703 3479 1021 3549 προσίεται,
1070 3479 1229 3548 μέχρι
1272 3478 1398 3530 πότε
1437 3475 1752 3540 ἀκαθέκτως
1784 3478 1861 3529 οξ-

285 3574 540 3642 στρώσα,
571 3573 635 3624 τὸ
662 3573 762 3642 τῆς
790 3572 1064 3642 ἁμαρτίας
1096 3557 1330 3637 πέλαγος
1369 3568 1580 3632 ἀντλῶ;
1611 3569 1685 3621 Ob
1718 3568 1860 3638 μένω

282 3666 405 3724 νέα,
441 3665 504 3716 ού
553 3665 700 3733 μένω
733 3663 871 3733 καλή
895 3678 908 3692 ³
943 3664 1119 3715 πάντα
1149 3661 1257 3732 γὰρ
1286 3661 1652 3730 παρέρχεται,
1685 3662 1860 3712 πάντα

288 3755 640 3824 μαραίνεται,
676 3755 767 3807 καὶ
794 3753 951 3824 άνθη,
976 3755 1068 3805 καὶ
1093 3753 1273 3824 κρίνα,
1298 3755 1390 3805 καὶ
1418 3751 1522 3803 τῶν
1558 3750 1859 3822 προσώπων

284 3849 354 3900 τά
385 3848 582 3916 κάλλη.
609 3848 674 3898 Τί
709 3843 798 3901 οὖν
831 3846 985 3898 πάθω
1011 3847 1092 3913 ἐφ’
1119 3840 1198 3907 οἷς
1224 3845 1460 3912 ἔδρασας
1499 3844 1634 3913 Ἤδη
1664 3844 1772 3914 γὰρ
1799 3843 1860 3895 τὸ

286 3939 384 4007 τῆς
418 3942 647 4007 γεέννης
683 3937 792 4007 πῦρ
826 3936 1019 3998 ἐννοῶ,
1052 3935 1284 4005 ἠδημου
1331 3935 1426 4003 τὴν
1474 3933 1650 4004 ψυχὴν
1701 3935 1862 4004 μετά·

290 4047 488 4098 γνωσις
522 4031 822 4098 λαμόάνει,
859 4030 939 4081 ὃτι
989 4013 1073 4080 ἐπ”
1108 4027 1316 4096 ὀλέθρῳ
1357 4026 1468 4079 τῶν
1507 4025 1639 4079 νέων
1680 4025 1861 4096 βιαζοο

296 4123 429 4193 μένη
465 4125 703 4192 φανῆναι
735 4121 895 4191 καλὴ,
927 4122 983 4172 ὲν
1020 4124 1137 4183 ταῖς
1170 4122 1386 4186 ἀγυιαῖς
1415 4118 1512 4186 τῆς
1543 4117 1770 4182 πόλεως,
1807 4121 1863 4170 ὲν

291 4219 411 4277 ταῖς
440 4216 688 4283 ἀγοραῖς,
718 4215 775 4264 ἐν
803 4213 1064 4281 ἀμφόδοις
1097 4211 1335 4281 ἔτρεχον,
1365 4209 1580 4262 δίκτυον
1615 4209 1715 4278 μὲν
1741 4211 1864 4272 τοὺς

297 4306 461 4366 πόδας
491 4305 712 4373 ἔχουσα,
747 4303 841 4355 καὶ
867 4303 1107 4370 σαγήνην
1139 4301 1237 4371 τὴν
1277 4299 1540 4367 γλῶτταν.
1577 4300 1638 4350 Ὦ
1668 4300 1864 4360 πόσους

295 4397 610 4456 νεανίσκους
649 4392 966 4456 κατέθελξα,
995 4392 1189 4462 μεστὸν
1216 4390 1488 4452 ἀναιδείας
1518 4387 1734 4458 βλέμμα
1767 4407 1864 4440 πε-

303 4489 596 4557 ριςέρουσα
619 4489 633 4540 l
677 4487 798 4538 Ἐπὶ
821 4485 964 4556 λύμῃ
995 4485 1104 4554 γὰρ
1130 4485 1237 4536 τῶν
1262 4482 1470 4536 θεατῶν
1499 4479 1863 4552 ώραῖζομένη,

301 4576 371 4646 πῆ
406 4580 503 4648 μὲν
541 4578 903 4649 πολυπλόκοις
933 4579 1138 4646 σειραῖς
1167 4574 1262 4645 τὴν
1289 4573 1528 4643 κεφαλὴν
1569 4572 1864 4641 ὲπύργουν,

299 4671 372 4738 πῆ
395 4671 451 4722 δὲ
478 4670 720 4738 νομάδας
751 4668 1047 4737 πλοκάμων
1076 4669 1138 4718 ἐκ
1161 4665 1402 4736 κορυφῆς
1421 4665 1544 4716 εἴων
1571 4662 1709 4716 κατά
1743 4681 1868 4732 μετ-

299 4762 446 4813 ώπου
489 4761 774 4830 χαλᾶσθαι.
823 4758 1041 4811 Ἀλλοτε
1080 4758 1137 4810 δὲ
1166 4757 1262 4818 τάς
1294 4755 1524 4826 παρειάς
1549 4754 1870 4822 ὲφοίνισσον,

299 4854 389 4902 καὶ
409 4854 535 4913 τοὺς
559 4849 870 4919 ὀφθαλμοὺς
893 4848 1254 4917 κατέγραφον.
1287 4846 1394 4897 Καὶ
1415 4843 1602 4896 ἄλλοτε
1625 4842 1873 4912 δακρύων

299 4941 517 5005 1:81'51;
549 4941 764 5009 ὴφίουν,
794 4943 858 5008 τῇ
884 4939 1140 5007 κολακεία
1165 4933 1632 5006 ἐκτραχηλίζουσα
1652 4933 1748 5004 τὴν
1770 4933 1871 5002 ψυ-

301 5037 417 5103 χήν,
457 5037 553 5097 Τίς
585 5032 679 5086 οὖν
705 5035 797 5084 ἐπὶ
826 5032 1032 5094 τούτοις
1057 5031 1336 5098 γένωμαι;
1366 5027 1498 5080 Τίνα
1525 5028 1705 5098 ἰατρὸν
1730 5026 1872 5097 εὕρω

370 5155 389 5180 ⁸
420 5155 580 5205 llebr.
609 5169 704 5215 xit,
745 5151 799 5203 5.
911 5150 929 5180 ⁷
957 5148 974 5200 l
1003 5147 1127 5202 Cor.
1152 5163 1233 5208 ιιι,
1267 5145 1350 5197 Π.

303 5271 520 5320 nubant.
556 5265 891 5334 Acceditque
923 5263 1082 5339 ratio,
1115 5266 1238 5339 quia
1269 5277 1530 5339 nusquam
1567 5262 1702 5313 ratio
1732 5273 1866 5339 prie:

298 5341 457 5404 repti,
488 5352 582 5389 seu
620 5347 773 5389 actus
811 5335 1074 5404 concessi,
1121 5337 1262 5386 cadit
1289 5338 1386 5386 sub
1434 5341 1720 5397 praecepto,
1765 5335 1864 5381 nisi

302 5403 436 5460 torte
465 5409 552 5460 cui
581 5407 670 5460 illa
697 5403 1068 5459 substantialis
1096 5413 1196 5457 est.
1227 5404 1541 5470 Quanquam
1571 5415 1696 5467 ergo
1716 5409 1868 5451 coeat

303 5480 523 5530 maritus
559 5492 664 5530 non
715 5475 824 5548 line
855 5473 1241 5548 generationis,
1300 5473 1482 5548 sitque
1529 5471 1580 5548 i_n
1626 5478 1859 5548 coactu

299 5548 553 5599 nonnulla
567 5540 1268 5610 deordinatio,quia'tamen
1296 5541 1427 5594 nilul
1459 5540 1584 5610 facit
1613 5540 1854 5595 vetitum,

302 5617 503 5670 directe
556 5617 774 5676 saltem,
819 5623 875 5666 et
925 5609 1022 5666 sub
1075 5612 1312 5680 rigorosa
1365 5609 1861 5680 obligatione,_nee

303 5689 570 5748 szauntit
607 5696 792 5738 actum
820 5696 925 5736 non
949 5676 1282 5756 concessum,
1318 5676 1636 5756 nonpeccat
1675 5676 1861 5756 saltem

301 5766 532 5822 stanter
563 5775 577 5810 :
613 5767 673 5807 ιιι
732 5770 908 5822 neque
941 5753 1030 5819 qui
1077 5755 1304 5805 comedit
1334 5751 1472 5801 nulla
1523 5751 1858 5810 necessitate,

615 5855 896 5914 ΡΑτιιοι..
943 5850 1060 5910 Gtt.
1111 5846 1412 5909 XXXIX.
1471 5931 1476 5936 _

1960 3387 2273 3440 meretrices
2327 3397 2381 3440 et
2440 3396 2751 3452 peccatores
2800 3387 3218 3458 publicanosque
3277 3392 3519 3458 recipiat,

1959 3477 2197 3544 quandiu
2255 3477 2535 3544 impotenti
2571 3486 2742 3531 (nstro
2773 3479 3002 3546 percita,
3051 3481 3257 3547 peccati
3306 3482 3522 3548 pelagus

1960 3568 2190 3623 haurio?
2219 3566 2334 3621 Non
2367 3579 2543 3622 manet
2568 3567 2820 3636 juventus
2843 3587 2856 3633 ;
2877 3585 2976 3623 non
3002 3570 3342 3639 pulchritudo
3366 3592 3376 3625 :
3403 3591 3520 3626 nam

1963 3666 2286 3724 praetereunt
2321 3659 2531 3722 omnia;
2583 3667 2771 3712 cuncta
2818 3670 3192 3722 marcescunt,
3260 3663 3523 3730 ﬂoresque

1961 3757 2015 3800 et
2048 3746 2157 3800 lilia
2188 3757 2243 3802 et
2273 3747 2510 3801 vultuum
2563 3749 2785 3816 species.
2849 3751 2985 3816 Quid
3013 3751 3141 3805 mihi
3165 3767 3292 3820 ergo
3320 3755 3526 3808 accidet

1961 3852 2058 3906 pro
2095 3839 2177 3892 his
2217 3855 2336 3906 quae
2367 3838 2508 3894 feci?
2544 3838 2659 3893 Jatn
2691 3842 2829 3894 enim
2869 3842 3126 3908 gehennae
3164 3843 3339 3908 ignem
3382 3849 3526 3912 cogi-

1965 3941 2048 3994 to;
2074 3930 2185 3998 jam
2222 3933 2501 4001 pcenitudo
2535 3932 2771 3986 animum
2803 3935 3047 4002 corripit,
3078 3938 3218 4003 quod
3267 3938 3316 3989 in
3345 3937 3525 4006 perni-

1964 4022 2100 4075 ciem
2137 4023 2531 4076 adoleseeutum
2559 4026 2780 4078 studens
2813 4040 3002 4093 parere
3042 4028 3285 4093 pulchra,
3322 4042 3417 4095 per
3445 4029 3527 4078 vi-

1970 4127 2065 4166 cos
2095 4113 2331 4166 civitatis
2357 4127 2556 4182 perque
2591 4115 2792 4182 plateas
2821 4127 2874 4169 et
2903 4116 3046 4169 bivia
3091 4131 3335 4179 currens,
3366 4119 3528 4185 pedes

1965 4203 2204 4270 quidem,
2233 4213 2378 4270 rete;
2413 4205 2646 4275 linguam
2700 4219 2899 4272 autem,
2951 4222 3200 4277 sagenam
3226 4208 3524 4266 habuerim.

1966 4290 2006 4340 Ο
2043 4303 2202 4357 quam
2230 4291 2424 4345 multos
2446 4291 2668 4347 demulsi
2695 4299 2940 4362 juvenes,
2965 4296 3177 4364 plenum
3202 4296 3542 4366 impudentia.

1966 4383 2386 4450 circumquaque
2425 4399 2646 4439 versans
2674 4386 2918 4440 oculuml
2961 4387 3246 4456 Splendide
3275 4391 3416 4443 enim
3441 4406 3528 4443 or-

1968 4481 2087 4526 nata
2119 4474 2171 4526 in
2199 4475 2488 4542 perniciem
2530 4486 2928 4545 spectatorum;
2979 4495 3082 4547 qua
3114 4481 3345 4536 sinuosis
3373 4482 3553 4534 resti-.

1972 4563 2107 4617 culis
2129 4563 2392 4635 plexuque
2408 4569 2556 4621 vario
2579 4578 2740 4638 caput
2766 4568 3128 4638 fastigiabam,
3153 4585 3258 4640 qua
3281 4586 3442 4640 vagos
3465 4571 3534 4626 ab

1977 4657 2174 4709 vertice
2201 4657 2379 4710 crines
2408 4672 2437 4711 a
2476 4657 2655 4714 fronte
2690 4659 2956 4714 laxabant.
3003 4659 3334 4731 Quandoque
3352 4675 3531 4718 autem

1975 4748 2318 4801 rubrieabam
2352 4764 2550 4820 genus,
2605 4752 2894 4820 oculosque
2965 4752 3126 4806 stibio
3175 4754 3533 4810 soblinebam.

1973 4837 2304 4908 Quandoque
2333 4843 2494 4895 etiam
2524 4842 2880 4912 lacrymarum
2926 4844 3113 4898 latices
3153 4847 3388 4910 mittens,
3421 4850 3537 4901 ani-

1977 4945 2120 4982 mum
2154 4931 2418 4985 adulatrix
2453 4934 2774 5001 praecipitem
2797 4936 3008 4988 dabam.
3040 4933 3168 5000 Qua:
3193 4936 3353 5005 igitur
3381 4939 3431 4990 in
3457 4939 3538 4991 his

1981 5022 2169 5076 fuero?
2201 5020 2370 5087 Quem
2396 5025 2866 5079 innumerabilium
2901 5026 3424 5081 isthmomorborum
3462 5031 3537 5080 in-

1975 5265 2028 5309 et
2069 5254 2179 5308 sola
2240 5268 2400 5306 causa
2443 5252 2746 5320 voluptatis,
2796 5252 2938 5304 nullo
2980 5251 3102 5303 inde
3135 5249 3283 5320 gravi
3343 5250 3540 5303 damno

1973 5326 2219 5392 alicujus.
2255 5353 2324 5362 ——
2356 5324 2408 5374 ld
2441 5319 2575 5374 vero,
2605 5334 2759 5392 eunte
2801 5322 2942 5390 legas
2980 5319 3159 5375 velim.

2045 5387 2157 5462 (66)
2222 5394 2604 5459 Ἄπροόπτως.
2657 5390 2816 5444 Deest
2853 5387 2972 5444 huic
3004 5405 3105 5442 vox
3145 5389 3283 5458 apud
3324 5387 3539 5453 Μοιιι1”.,

1974 5477 2091 5533 quae
2129 5474 2302 5516 tameu
2326 5466 2565 5533 apposita
2610 5463 2741 5514 satis
2771 5475 2890 5533 esse
2913 5462 3146 5533 videtur.

2041 5533 2154 5602 (67)
2211 5527 2572 5598 Ἀπροόπτως
2623 5531 2841 5602 αὐτοὺς
2899 5531 3334 5602 ἀποκλίνουσα.
3372 5527 3547 5602 _\'elul.

1971 5598 2308 5671 itnpmvisos,
2342 5606 2609 5668 quomodo
2649 5601 2901 5653 Davidem
2931 5606 2978 5651 in
3013 5601 3334 5651 adulterium
3372 5598 3544 5663 impu-

1972 5673 2051 5738 lit,
2083 5673 2212 5724 nihil
2245 5672 2508 5739 ejusmodi
2533 5671 2855 5739 eOgitantem
2896 5672 3376 5739 improvisumque,
3410 5680 3545 5719 con-

1969 5737 2148 5812 specta
2178 5737 2378 5796 temere
2403 5737 2666 5794 Betlzsube
2689 5739 2768 5808 (ll
2801 5737 2924 5808 Reg.
2965 5756 3038 5802 λι,
3060 5738 3094 5789 9.
3129 5741 3292 5806 sqq.).

3107 5833 3145 5889 3
