4030 6408
504 255 573 315 ἈΒ
1450 266 1508 323 S.
1550 265 1992 324 AMPHILOCHII
2031 263 2416 321 lCONlENSlS
2454 262 2761 320 EPISCOPI
3668 262 3724 317 76

493 386 707 442 veniam
744 388 1051 443 medicum?
1083 405 1138 442 οι
1165 402 1251 443 res
1311 401 1459 442 meas
1505 388 1812 444 hominibus
1848 390 2052 455 dixero,

2161 387 2264 439 τῶν
2314 386 2557 457 ἀπείρων
2607 386 2813 439 τούτων
2863 384 3088 448 παθῶνς
3150 383 3272 437 Ἐὰν
3312 380 3623 454 ἀνθρώποις
3665 384 3727 440 τά

492 479 702 534 inutilis
724 480 854 534 mihi
887 479 1048 534 fuerit
1079 479 1442 548 hujuscemodi
1471 479 1782 547 publicatio.
1803 480 1906 534 Sed
1927 493 2053 532 num

489 571 633 625 mala
665 571 1050 626 occultavero?
1091 570 1162 625 At
1219 585 1425 638 nequeo
1485 570 1673 623 latere.
1706 570 1874 636 Quem
1909 572 2052 623 enim

493 660 721 727 latuero,
761 662 924 714 Deum
953 661 1119 715 latere
1148 675 1252 715 non
1279 658 1499 711 valens?
1529 658 1646 724 Quo
1676 674 1803 728 ergo
1831 657 2053 723 fugiam,

493 754 578 807 cui
597 753 744 807 omni
771 753 890 807 loco
917 752 1085 822 judex
1112 751 1392 805 occurrat?
1428 750 1518 804 llle
1561 750 1774 818 quidem
1809 764 1911 802 non
1939 763 2054 802 ma-

497 845 758 908 nifestus;
784 844 877 899 sed
916 844 1007 914 qui
1040 844 1180 897 mala
1227 857 1344 897 mea
1375 843 1573 912 ubique
1604 842 1903 910 redarguat.
1944 839 2056 895 Una

497 936 629 990 mihi
657 951 779 1005 spes
811 935 1004 991 salutis
1041 936 1243 1006 reliqua
1277 944 1384 999 est;
1442 949 1576 988 unus
1605 935 1725 988 vitae
1753 936 2058 1002 propositus

494 1035 852 1088 commeatus,
876 1034 935 1078 ut
958 1024 1212 1078 nimirum
1239 1021 1420 1076 Jesum
1445 1024 1711 1084 noverim,
1739 1030 1794 1075 et
1825 1021 1890 1074 ad
1912 1020 2056 1072 illum

494 1131 802 1170 accurram.
830 1113 931 1179 Qui
961 1113 1102 1168 enim
1126 1112 1435 1182 publicanos
1482 1109 1731 1178 suscipit,
1761 1123 1865 1162 non
1898 1120 2056 1175 repu-

496 1207 666 1261 diabit
692 1205 1074 1269 meretricem;
1130 1204 1220 1272 qui
1277 1201 1549 1257 communi
1602 1215 1722 1254 cum
1776 1197 2060 1252 Pharisaeis

494 1298 656 1368 epulo
687 1298 939 1358 comedit,
994 1295 1311 1364 peccatricis
1358 1293 1628 1362 lacrymas
1678 1307 1784 1346 non
1819 1291 2057 1360 repellet.

498 1389 572 1444 Ut
614 1404 744 1459 ergo
789 1389 1012 1459 cognovi
1057 1387 1338 1442 divertisse
1393 1387 1530 1454 apud
1573 1384 1846 1438 Simonem
1871 1382 2058 1437 Phari-

495 1495 685 1544 saaum,
720 1480 786 1534 ad
818 1480 962 1533 illum
994 1478 1268 1532 accedam.
1301 1475 1437 1542 Quid
1471 1491 1598 1531 vero
1664 1476 1929 1531 accedens
1963 1490 2059 1544 pe-

496 1570 642 1624 tam?
669 1569 804 1623 Num
836 1568 1114 1623 oculorum
1141 1565 1468 1620 sanitatem?
1496 1567 1564 1618 At
1595 1574 1678 1620 est
1711 1575 2056 1634 temporanea

493 1662 692 1731 gratia.
718 1660 854 1715 Num
904 1676 933 1714 a
986 1660 1176 1714 morbo
1213 1659 1466 1713 liberari?
1506 1658 1722 1722 Verum,
1754 1672 1940 1726 parum
1977 1667 2060 1711 est

494 1753 635 1822 quod
659 1768 725 1807 eo
749 1757 1038 1805 conhcltur
1087 1769 1099 1804 :

495 1848 711 1917 gravior
759 1855 859 1900 est.
911 1844 1114 1898 Cuncta
1170 1842 1414 1896 omittam
1465 1857 1583 1910 qua:
1623 1851 1749 1895 sunt
1784 1841 2058 1912 corporis;

495 1941 662 1996 solam
689 1940 881 1994 anima:
907 1937 1194 1992 Sanitatem
1227 1935 1518 2004 requiram.
1573 1933 1746 1990 Unam
1792 1933 1936 1988 enim
1963 1933 2058 1986 im-

496 2030 840 2100 pendentinm
871 2025 1133 2080 malorum
1155 2023 1578 2078 consolationem
1610 2023 1877 2078 inveniam
1899 2039 1914 2088 ;
1934 2023 2060 2075 dum

495 2123 682 2175 videro
704 2119 983 2188 iudicem:
1024 2116 1150 2171 dum
1178 2130 1625 2185 praeoccupavero
1673 2122 1880 2184 tempus
1907 2113 2062 2183 puni-

493 2215 682 2271 tionis.
711 2212 1030 2268 Emulabor
1061 2209 1247 2264 Bahab
1293 2208 1633 2263 meretricem
1669 2209 1690 2240 ⁸
1726 2225 1739 2261 :
1769 2221 2062 2278 persequar

496 2306 740 2362 mulieris
766 2305 908 2360 illius
955 2316 1135 2357 mores
1167 2301 1453 2355 studiosos.
1493 2298 1635 2354 Nihil
1679 2300 1875 2368 quippe
1923 2298 2062 2352 Deus

495 2414 526 2452 a
563 2399 720 2455 nobis
749 2397 894 2452 aliud
923 2379 1172 2466 requirit,
1195 2408 1355 2463 quam
1390 2394 1738 2447 mutationem
1783 2391 2058 2461 propositi.

568 2489 653 2544 Vl.
691 2489 825 2544 Cum
855 2492 968 2544 hac
1001 2488 1086 2557 pie
1115 2486 1482 2555 dispexisset,
1533 2484 1878 2553 animumque
1905 2485 1970 2538 ad
2002 2484 2063 2537 tl-

492 2581 617 2636 dem
647 2579 991 2635 inunxisset:
1052 2578 1459 2646 superingressa
1491 2585 1575 2631 est
1604 2577 1692 2630 ubi
1738 2577 2064 2632 accubuerat

493 2671 676 2735 Jesus,
707 2680 979 2740 assumpta
1012 2672 1065 2722 in
1093 2668 1436 2723 occasionem
1463 2667 1730 2723 libertatis
1769 2669 1931 2738 priori
1957 2668 2060 2721 im-

495 2765 771 2833 pudentia.
815 2763 879 2816 Et
909 2761 983 2816 illi
1037 2759 1252 2830 quidem
1284 2758 1416 2812 nihil
1467 2757 1740 2828 loquitur,
1793 2775 1914 2812 nam
1957 2775 2060 2812 non

495 2856 762 2911 audebat:
790 2861 1012 2907 noverat
1065 2850 1232 2912 cutim,
1292 2866 1394 2902 non
1443 2863 1578 2917 opus
1607 2864 1725 2903 esse
1755 2864 2060 2903 sermonum

501 2944 820 3014 inspectanti
850 2943 1228 3011 cogitationes.
1285 2940 1422 3007 Quid
1471 2941 1612 2992 enim
1667 2942 1846 2994 omnia
1872 2941 2060 2995 scienti

494 3044 711 3106 poterat
742 3035 962 3090 dicere?
987 3034 1137 3099 Quod
1166 3032 1520 3102 peccaverat?
1555 3032 1708 3098 Quod
1740 3032 1902 3086 multa
1936 3046 2058 3101 per-

497 3137 736 3197 petrarat
797 3127 978 3181 mala?
1037 3125 1186 3191 Quod
1217 3124 1496 3192 deperiens
1531 3165 1545 3189 ,
1606 3133 1661 3178 et
1728 3125 2061 3194 deperitione

497 3228 700 3285 amata,
731 3216 911 3287 populi
941 3217 1102 3271 totius
1129 3215 1452 3282 voluptatem
1484 3213 1731 3269 foverat?
1767 3216 2061 3269 Eranthazc

496 3311 610 3364 Deo
649 3320 794 3374 nota,
831 3323 935 3363 non
967 3317 1170 3361 tantum
1208 3322 1329 3361 cum
1373 3306 1584 3369 tierent,
1640 3306 1730 3359 sed
1763 3316 1816 3359 et
1855 3322 1974 3360 cum
2007 3308 2060 3360 in

495 3402 708 3457 occulto
745 3399 907 3454 animi
958 3400 1199 3453 coaclavi
1255 3398 1607 3451 nudarentur.
1667 3395 2062 3467 Sciensitaque

497 3494 640 3562 quod
678 3499 870 3546 cuncta
909 3496 1113 3552 nosset,
1144 3503 1245 3542 nec
1275 3501 1397 3542 eum
1449 3487 1738 3555 quidquam
1773 3496 1955 3555 posset
1981 3486 2061 3539 la-

497 3597 613 3640 tere
639 3598 654 3636 :
685 3583 918 3650 linguam
949 3582 1166 3650 quidem
1195 3580 1341 3634 velut
1366 3579 1575 3635 foribus
1605 3578 1800 3644 munit,
1827 3577 2064 3647 loquitur

496 3689 626 3729 vero
657 3672 930 3743 lacrymis.
955 3670 1135 3735 Stans,
1163 3671 1328 3732 enim,
1363 3669 1556 3737 inquit,
1583 3684 1729 3722 secus
1753 3669 1904 3735 pedes
1925 3668 2061 3738 ejus,

496 3770 649 3838 ﬂens,
711 3767 856 3835 capit
907 3765 1078 3834 rigare
1121 3762 1366 3831 lacrymis
1401 3761 1552 3828 pedes
1585 3760 1723 3830 ejus.
1774 3760 2058 3826 Caeterum,

498 3873 810 3931 quanquam
860 3871 964 3910 non
1027 3855 1347 3923 loquebatur
1386 3852 1602 3921 lingua;
1650 3861 1703 3905 at
1728 3852 2061 3907 inenarrabi-

497 3950 622 4005 liter
652 3948 673 3979 ’
723 3957 978 4014 mutoque
1029 3945 1187 3998 modo
1235 3943 1554 4011 loquebatur
1609 3940 1932 4009 gemitibus;
1967 3955 2062 3996 cor

497 4042 792 4098 contritum
839 4037 1148 4099 inﬂectens,
1179 4043 1522 4104 peccatorum
1579 4033 1914 4100 triumphans
1959 4049 2059 4086 nu-

499 4148 763 4192 merosam
800 4129 1231 4190 multitudinem;
1269 4128 1499 4180 absonas
1545 4134 1837 4195 turpesque
1859 4125 2064 4196 cogita-

500 4228 693 4294 tiones,
721 4223 1082 4280 exsecrandas
1111 4220 1454 4289 cupiditates,
1514 4218 1756 4272 actiones
1783 4219 2061 4288 profanas,

496 4319 763 4388 colloquia
805 4317 986 4384 iniqua
1014 4313 1316 4367 traducens.
1345 4309 1557 4364 Nullum
1587 4308 1849 4378 siquidem
1883 4320 2062 4378 patra-

2164 477 2283 530 κατ’
2315 477 2557 547 ἐμαυτὴν
2583 478 2758 541 εἴπω,
2801 476 3084 546 ἀνωφελής
3113 492 3202 544 μοι
3238 474 3448 541 γίνεται
3503 474 3602 542 τῆς
3652 473 3727 541 ἐξ·

2161 569 2499 638 αγορεύσεως
2529 569 2557 619 ὁ
2587 569 2806 638 τρόπος.
2849 567 3010 620 Ἀλλά
3039 565 3262 634 καλύψω
3288 569 3354 618 τὰ
3379 566 3558 628 κακά;
3601 565 3726 618 Ἀλλ’

2159 658 2220 709 οὐ
2248 657 2480 728 δύναμαι
2513 656 2716 710 λαϐεῖν.
2749 657 2883 710 Τίνα
2915 657 3024 728 γάρ
3066 656 3232 719 λάθω,
3271 655 3402 709 Θεὸν
3439 655 3620 708 λαϐεῖν
3661 658 3727 727 μὴ

2160 747 2462 818 δυναμένη;
2514 747 2623 800 Ποῦ
2659 743 2752 801 οῦν
2810 747 2998 817 φύγω,
3045 747 3320 818 πανταχοῦ
3351 747 3442 799 τὸν
3479 747 3728 820 δικαστὴν

2161 840 2524 910 εὑρίσκουσα;
2557 841 2659 893 Τὸν
2696 840 2771 910 μὴ
2819 839 3142 909 φαινόμενον
3191 839 3313 909 μὲν,
3367 841 3642 910 πανταχοῦ
3678 841 3729 894 δέ

2162 927 2507 998 διελέγχοντα
2540 946 2640 998 μου
2664 929 2732 981 τά
2755 928 2922 981 κακά.
2955 929 3071 982 Μία
3101 945 3192 998 μοι
3219 930 3492 999 σωτηρίας
3519 931 3727 984 ἀπολεί-

2163 1036 2323 1072 πεται
2375 1019 2558 1084 ἐλπὶς,
2607 1020 2664 1072 ἐν
2703 1037 2791 1090 μοι
2835 1020 3045 1088 ἐφόδιον
3097 1020 3383 1089 πρόκειται
3425 1021 3602 1092 ζωῆςο
3653 1023 3724 1086 τὸ,

2161 1111 2252 1163 τὸν
2295 1111 2502 1181 Ἰησοῦν
2541 1110 2858 1178 ἐπιγνῶναι,
2901 1109 2996 1162 καὶ
3029 1109 3176 1180 αὐτῷ
3227 1109 3613 1180 προσδραμεῖν.
3674 1112 3726 1164 '0

2161 1200 2270 1270 γάρ
2298 1201 2536 1264 τελώνας
2575 1201 3024 1272 προσδεχόμενος,
3067 1201 3166 1252 οὐκ
3205 1201 3562 1254 ἀπαναίνεται
3605 1202 3727 1274 πόρ-

2162 1309 2280 1362 νην.
2341 1294 2400 1345 Ὀ
2433 1293 2748 1364 Φαρισαίοις
2780 1293 3106 1357 συνεσοίων,
3143 1295 3202 1347 οὐ
3256 1297 3599 1364 παραιτεῖται
3635 1297 3727 1364 τῆς

2164 1384 2489 1454 ἁμαρτωλοῦ
2520 1386 2588 1438 τά
2633 1385 2861 1457 δάκρυα.
2923 1385 3074 1437 Ἐπεὶ
3111 1381 3203 1438 οῦν
3237 1385 3443 1454 ἔγνων,
3473 1387 3547 1450 ὼς
3587 1389 3728 1458 παρὰ

2162 1476 2368 1546 Σιμῶνι
2396 1476 2674 1546 Φαρισαίῳ
2696 1477 3015 1545 κατάγεται,
3039 1479 3212 1546 τούτῳ
3241 1479 3541 1549 προσέλθω.
3581 1480 3728 1532 Ἀλλά

2161 1568 2213 1620 τί
2244 1569 2448 1638 αἰτήσω
2479 1568 2881 1639 προσελθοῦσα;
2927 1569 3251 1640 Ὀφθαλμῶν
3285 1571 3533 1637 ὑγίειαν;
3580 1571 3730 1625 Ἀλλά

2164 1659 2497 1731 πρόσκαιρος
2531 1662 2564 1730 ἡ
2601 1659 2782 1730 χάρις.
2829 1660 3003 1712 Νόσου
3044 1659 3396 1731 ἀπαλλαγὴν;
3450 1661 3610 1714 Ἀλλά
3645 1680 3728 1732 μι-

1150 1766 1296 1803 mors
1361 1750 1506 1802 enim
1542 1760 1763 1813 aeterna,
1811 1750 2058 1818 praesenti

2165 1729 2295 1824 κρὸν
2340 1729 2417 1803 τὸν
2446 1750 2775 1821 κατόρθωμα
2801 1767 2814 1781 ⁸
2855 1753 2884 1803 ὁ
2927 1751 3034 1822 γάρ
3079 1729 3331 1815 αἰώνιος.
3366 1753 3594 1817 θάνατος
3641 1729 3728 1806 τοῦ

2161 1844 2426 1913 παρόντος
2479 1843 2596 1895 ἐστὶ
2654 1842 2970 1915 βαρύτερος.
3019 1844 3204 1896 Πάντα
3258 1846 3492 1915 παρήσω
3541 1846 3607 1898 τά
3641 1846 3729 1899 τοῦ

2163 1935 2434 2006 σώματος.
2473 1936 2546 1988 Τὸ
2588 1936 2646 1988 δὲ
2687 1936 2789 2006 τῆς
2821 1935 3001 2005 ψυχῆς
3035 1936 3365 2008 ἐπιξητήσω-
3390 1940 3545 2008 ὶάμα.
3592 1939 3729 1992 Μίαν

2159 2026 2270 2098 γὰρ
2303 2027 2518 2097 εὑρήσω
2543 2025 2696 2079 λύσιν
2724 2026 2831 2078 τῶν
2860 2027 3256 2098 ἐπηρτημένων
3284 2028 3489 2091 κακῶν,
3517 2027 3610 2080 ἐάν
3645 2030 3730 2082 τὸν

2160 2118 2418 2188 δικαστὴν
2452 2117 2543 2170 ἴδω
2568 2159 2581 2182 ,
2610 2119 2704 2171 ἐὰν
2749 2118 3005 2189 προλάϐω
3035 2119 3130 2188 τῆς
3175 2119 3448 2182 κολάσεως
3493 2119 3581 2172 τὸν
3621 2137 3733 2172 και-

2163 2211 2276 2281 ρόν.
2302 2212 2629 2281 Μιμήσομαι
2665 2210 2832 2263 Ῥαὰϐ
2853 2210 2951 2281 τὴν
2978 2211 3204 2281 πόρνην,
3235 2212 3332 2281 τῆς
3359 2212 3614 2280 γυναικὸς
3646 2213 3730 2264 τὸν

2163 2302 2416 2372 ἐνάρετον
2449 2299 2760 2371 μεταδιώξω
2803 2301 3004 2371 τρόπον
3028 2319 3040 2334 ο
3075 2302 3227 2355 οὐδὲν
3261 2302 3368 2373 γὰρ
3419 2302 3547 2374 παρ’
3581 2301 3730 2373 ἡμῶν

2161 2393 2288 2446 ἄλλο
2321 2393 2565 2464 βούλεται
2591 2393 2742 2458 Θεὸς,
2770 2393 2802 2463 ἢ
2834 2394 3058 2464 γνώμης
3087 2394 3386 2464 ἐναλλαγήν
3416 2394 3552 2464 (68).

2235 2483 2512 2553 ς¹.Ταῦτα
2545 2486 2782 2550 εὐσεϐῶς
2799 2487 3200 2558 διασκεψαμένη
3235 2489 3366 2557 (69),
3388 2489 3481 2540 καλ⁵
3507 2489 3605 2558 τὴν
3622 2489 3733 2541 διά-

2162 2596 2308 2632 νοιαν
2339 2578 2472 2648 πρὸς
2503 2578 2684 2631 πίστιν
2717 2577 3076 2647 ἐπαλείψασα,
3109 2580 3490 2648 ἐπεισέρχεται
3519 2582 3595 2650 τῷ
3631 2582 3732 2651 Ἰη-

2164 2668 2257 2721 σοῦ
2297 2669 2427 2722 ὅπου
2454 2667 2720 2732 ἀνέκειτο,
2749 2668 2844 2739 τὴν
2875 2670 3145 2740 προτέραν
3185 2670 3456 2725 ἀναίδειαν
3488 2673 3566 2734 εἰς
3601 2673 3730 2724 ὑπο-

2163 2759 2312 2812 Θεσιν
2348 2759 2658 2829 παρρησίας
2696 2756 2957 2812 λαϐοῦσα.
2995 2759 3105 2811 Καὶ
3148 2759 3295 2828 λέγει
3343 2761 3441 2830 μέν
3468 2761 3617 2830 αῦτῷ
3645 2761 3735 2813 οὑ-

2161 2851 2248 2905 δέν
2272 2867 2285 2881 ·
2319 2852 2379 2903 οῦ
2411 2850 2520 2922 γὰρ
2555 2851 2787 2920 ἐτόλμα·
2826 2850 2940 2920 ᾔδει
2969 2853 3078 2922 γάρ
3124 2851 3198 2914 ὡς
3243 2854 3271 2905 ὁ
3319 2852 3426 2905 τῶν
3461 2852 3733 2922 λογισμῶν

2163 2940 2354 3011 ἔφορος
2403 2941 2461 2992 οὐ
2517 2940 2686 2992 δεῖται
2741 2939 2930 3008 λόγων.
2991 2941 3054 2992 Τί
3107 2942 3212 3011 γὰρ
3265 2944 3438 2994 εἰπεῖν
3489 2938 3601 3012 εἶχε
3654 2942 3733 3013 τῷ

2163 3031 2340 3084 πάντα
2362 3031 2557 3097 eidem;
2583 3032 2704 3084 Ὅτι
2731 3032 3009 3102 ἥμαρτενς
3045 3033 3165 3086 Ὅτι
3197 3033 3404 3084 πολλῶν
3433 3034 3616 3087 κακῶν
3646 3035 3735 3104 ἐρ-

2163 3124 2333 3192 γάτης
2367 3123 2618 3192 γέγονεν;
2644 3124 2768 3177 Ὀτι
2797 3124 2980 3194 ἐρῶσα
3013 3126 3106 3176 καὶ
3133 3125 3383 3196 ἐρωμένη
3410 3125 3506 3196 τὴν
3535 3126 3704 3196 πάνδη

2165 3234 2263 3287 μον
2309 3217 2500 3288 ἡδονὴν
2535 3216 2905 3286 ἐθεράπευσε;
2956 3216 3142 3268 Ταῦτα
3182 3217 3302 3287 Θεῷ
3342 3217 3477 3287 δῆλα
3521 3213 3617 3289 ἦν,
3669 3218 3731 3270 οὐ

2164 3306 2511 3377 πραττόμενα
2547 3307 2726 3376 μόνον,
2757 3306 2892 3359 ἀλλά
2919 3308 3011 3360 καὶ
3035 3309 3092 3360 ἐν
3110 3307 3187 3377 τῷ
3216 3309 3407 3379 ἀφάνῳ
3433 3311 3531 3380 τῆς
3557 3310 3734 3380 ψυχῆς

2165 3395 2529 3468 βουλευτηρίῳ
2556 3396 2926 3468 γυμνούμενα.
2957 3399 3140 3451 Εἰδυῖα
3163 3395 3254 3452 οὖν
3284 3401 3359 3463 ὼς
3395 3401 3568 3453 πάντα
3599 3397 3732 3465 οἶδε,

2163 3488 2257 3540 καὶ
2300 3488 2481 3541 λαϐεῖν
2535 3489 2695 3542 αὐτὸν
2751 3489 2974 3542 δύναται
3025 3490 3216 3554 οὐδὲν,
3267 3489 3420 3562 Θυροῖ
3478 3494 3574 3561 μὲν
3634 3493 3735 3561 τὴν

2162 3578 2412 3646 γλῶσσαν
2432 3617 2446 3642 ,
2476 3578 2624 3631 λαλεί
2655 3579 2710 3632 δέ
2751 3583 2861 3642 τοῖς
2893 3580 3142 3650 δάκρυσι.
3172 3580 3375 3636 Στᾶσα
3403 3583 3531 3653 γὰρ,
3564 3584 3732 3654 φησὶ,

2163 3671 2320 3738 παρὰ
2348 3671 2490 3737 τοὺς
2520 3672 2710 3738 πόδας
2748 3672 2856 3725 τοῦ
2898 3673 3132 3739 Ἰησοῦ,
3179 3675 3474 3727 κλαίουσα
3512 3675 3734 3742 ἤρξατο

2156 3761 2404 3831 βρέχειν
2433 3763 2573 3828 τοὺς
2603 3763 2792 3828 πόδας
2832 3763 3017 3816 αὑτοῦ
3056 3763 3180 3827 τοῖς
3219 3763 3528 3832 δάκρυσιν.
3596 3765 3735 3818 Ἀλλ’

2163 3855 2214 3906 εἰ
2252 3855 2343 3908 καὶ
2373 3855 2448 3924 μὴ
2471 3856 2536 3924 τῇ
2573 3853 2794 3925 γλώσσῃ
2824 3853 3024 3916 ἐλάλει,
3074 3854 3209 3907 ἀλλὰ
3250 3858 3570 3925 στεναγμοῖς
3603 3857 3739 3909 ἀλα-

2163 3945 2344 4015 λήτοις
2384 3946 2495 4015 (70)
2525 3944 2853 4014 ἐφθέγγετο,
2895 3945 2988 3999 τὸν
3020 3947 3353 4017 συντριμμὸν
3386 3948 3482 4015 τῆς
3507 3947 3738 4015 καρδίας

2162 4035 2558 4106 ἐκκάμπτουσα
2579 4074 2592 4098 ,
2629 4035 2689 4087 τὸ
2723 4035 2926 4104 πλῆθος
2960 4037 3066 4089 τῶν
3109 4036 3394 4108 ἁμαρτιῶν
3433 4037 3738 4109 θριαμϐεύ-

2161 4145 2329 4181 ουσα’
2383 4128 2507 4190 τοὺς
2555 4128 2788 4190 ἀτόπους
2826 4127 3150 4198 λογισμοὺς,
3189 4129 3288 4192 τὰς
3330 4131 3543 4196 ἐναγεῖς
3579 4130 3740 4184 ἐνθυ-

2166 4220 2393 4290 μήσεις,
2461 4220 2558 4281 τὰς
2611 4218 2870 4289 βεϐήλους
2927 4220 3174 4290 πράξεις,
3230 4221 3326 4284 τὰς
3387 4223 3739 4293 παρανόμους

2162 4312 2374 4380 ὁμιλίας
2402 4310 2823 4380 ἐκπομπεῦουσα
2844 4329 2855 4340 ’
2881 4312 3031 4364 οὐδὲν
3055 4312 3161 4382 γὰρ
3180 4308 3248 4382 ἦν
3272 4313 3378 4365 τῶν
3410 4314 3742 4384 πεπραγμέ-

499 4416 582 4463 rat
615 4408 836 4471 malum,
867 4403 1008 4474 quod
1037 4417 1140 4456 non
1194 4401 1447 4471 lacrymis
1488 4402 1603 4454 dire
1655 4399 2056 4456 lamentaretur.

2163 4423 2268 4459 νων
2305 4405 2440 4474 αὐτῇ
2481 4403 2686 4467 κακῶν,
2727 4404 2754 4456 ὃ
2793 4404 2866 4475 μὴ
2889 4405 3145 4475 δάκρυσιν
3173 4405 3542 4476 ἐξετραγῴδει.
3579 4406 3741 4478 ’ᾙδει

502 4495 717 4552 Sciebat
739 4497 880 4550 enim
915 4511 1034 4564 quae
1059 4493 1431 4552 conﬁteretur.
1482 4490 1736 4547 oblivioni
1765 4493 2059 4548 tradenda:

499 4589 628 4644 Dixi
644 4590 808 4653 enim,
835 4589 1026 4658 inquit,
1053 4585 1329 4656 Proferam
1353 4584 1623 4637 adversum
1645 4599 1724 4636 me
1750 4583 2061 4652 injustitiam

500 4696 668 4735 meam
697 4681 954 4733 Domino:
991 4688 1040 4732 et
1089 4688 1146 4732 tu
1200 4675 1445 4731 remisisti
1508 4674 1823 4741 impietatem
1863 4676 2058 4742 peccati

500 4773 601 4827 mei
620 4772 687 4830 ‘°.
744 4769 857 4826 Nec
885 4772 963 4826 sic
1024 4778 1229 4824 tantum
1279 4763 2058 4832 inenarrabiliterloquebatur

616 4908 878 4971 Jos.u,l.
951 4909 972 4938 ’
1002 4905 1156 4960 Rom.
1186 4919 1300 4968 VIII,
1327 4903 1413 4956 26.
1493 4902 1536 4933 ¹⁶
1566 4900 1707 4956 Psal.
1749 4917 1899 4967 xxxx,
1935 4903 1988 4958 5.

569 5039 680 5111 (68)
713 5041 790 5094 ’Ἡ
805 5055 1036 5111 γνωμης
1059 5036 1419 5111 ἐναλλαγήν.
1446 5034 1519 5088 lta
1548 5049 1612 5088 ex
1636 5034 1939 5111 vinominis
1971 5051 2059 5090 so.

499 5105 592 5168 nat
615 5105 674 5164 τδ
713 5105 984 5181 μετάνοια·
1014 5117 1068 5162 et
1096 5109 1236 5181 quod
1267 5105 1790 5181 multis_n05trat_ibus
1807 5105 2055 5181 crebrum

496 5192 602 5247 est,
626 5172 996 5248 Reiipiseentia
1020 5193 1038 5230 :
1062 5172 1217 5248 cujus
1241 5186 1416 5248 tamen
1451 5175 1566 5230 loco
1595 5174 1792 5248 ubique
1813 5172 1941 5248 fere
1955 5174 2056 5228 Pa-

503 5241 678 5306 tribus
698 5241 801 5316 est,
833 5241 1166 5302 Pwnitentia.
1196 5244 1366 5316 Aliine
1392 5245 1636 5316 estquod
1658 5241 2048 5316 Paulus_(Rom.

498 5330 556 5378 et
580 5319 724 5390 Gal.)
745 5314 1000 5390 praedicat
1020 5317 1086 5371 de
1111 5316 1240 5390 ﬁde,
1259 5315 1530 5390 velutuna
1560 5315 1686 5390 sine
1713 5314 1962 5390 operibus
1984 5316 2050 5368 ad

2164 4497 2271 4568 γὰρ
2307 4497 2389 4549 ὅτι
2425 4490 2498 4548 ῶν
2541 4495 2836 4564 ὡμολόγει,
2883 4496 2981 4567 τὴν
3037 4497 3342 4566 ἀμνηστίαν
3392 4496 3694 4566 ἐλάμϐανεν
3720 4513 3735 4526 ·

2155 4585 2313 4642 Elim
2338 4587 2465 4658 γὰρ,
2491 4588 2674 4658 φησιν,
2711 4586 3118 4657 Ἐξαγορεύσω
3144 4588 3268 4641 κατ’
3293 4589 3436 4656 ἐμοῦ
3463 4590 3577 4656 τὴν
3601 4591 3741 4643 circo

2157 4680 2305 4750 μίαν
2329 4699 2447 4750 μου
2468 4679 2548 4744 τῷ
2569 4680 2782 4747 Κυρίῳ,
2811 4681 2906 4732 καὶ
2937 4680 3018 4734 σὺ
3047 4679 3288 4749 ἀφῆκας
3318 4681 3432 4748 τὴν
3451 4683 3743 4735 ἀσέϐειαν

2164 4766 2270 4836 τῆς
2320 4767 2564 4836 καρδίας
2601 4785 2739 4837 μου.
2773 4768 2881 4822 Καὶ
2920 4770 2980 4821 οὺ
3018 4769 3174 4839 μόνον
3211 4769 3490 4840 ἀλαλήτως
3538 4771 3742 4839 ἐφθέγ-

2163 5036 2433 5091 rissimum
2466 5036 2586 5088 vitae
2615 5051 2781 5107 genus
2806 5037 3052 5105 arripuit,
3073 5037 3313 5107 vixitque

2231 5107 2342 5179 ([59)
2365 5109 2650 5179 Διασκεψ.
2683 5106 2821 5179 Edit.
2842 5107 3031 5179 ‘Montl‘.
3058 5106 3309 5179 ἐπισκεψ.

2231 5176 2344 5247 (70)
2372 5176 2739 5241 Ἀλαλήτοις.
2764 5176 2915 5230 Velut
2931 5180 3159 5244 passive,
3179 5176 3330 5245 juxta
3345 5177 3486 5247 quod
3501 5178 3738 5246 exponi-

2159 5254 2245 5301 tur
2267 5246 2421 5302 Rom.
2458 5262 2571 5307 vm,
2597 5248 2685 5308 26,
2711 5261 2816 5314 quo
2839 5257 2892 5300 et
2908 5249 3115 5317 videtur
3136 5246 3372 5302 alludere
3391 5266 3404 5300 :
3420 5265 3738 5317 quanquam

2156 5328 2337 5384 posset
2377 5317 2552 5370 active
2569 5317 2726 5375 smni.
2765 5326 2819 5368 ut
2850 5328 2993 5370 esset
3039 5315 3181 5371 velut
3199 5326 3338 5372 mute
3355 5335 3416 5371 ac
3440 5315 3550 5372 sine
3577 5315 3698 5372 uoce
3720 5333 3739 5372 τ

499 5383 763 5449 salutem'
788 5387 1013 5443 sulﬁciat
1043 5405 1062 5439 cz
1091 5386 1253 5456 quasi
1289 5383 1750 5456 nimirumradix,
1781 5383 1846 5436 ad
1896 5399 2057 5452 quam
2153 5383 2260 5454 quo
2299 5388 2459 5440 etiam
2498 5387 2653 5440 modo
2700 5385 2838 5456 forte
2868 5389 3041 5455 aptius
3057 5398 3238 5442 essent
3260 5390 3310 5440 in
3344 5391 3583 5456 sequenti
3621 5410 3633 5443 :
3662 5387 3741 5442 οὐ

500 5463 548 5518 si
565 5469 645 5516 est
669 5460 925 5530 perfecta,
952 5453 1178 5511 debeant
1205 5454 1291 5510 illa
1319 5455 1571 5530 consequi
1600 5469 1697 5524 pro
1721 5453 1836 5507 loco
1849 5461 1902 5506 et
1925 5463 2058 5508 tem-

499 5546 652 5604 pore.
670 5527 778 5584 'Sic
816 5538 960 5604 certe
996 5535 1180 5581 nostra
1222 5527 1514 5604 peccatrix,
1538 5541 1648 5604 non
1689 5534 1905 5604 tantum
1938 5539 2055 5576 mu-

501 5593 636 5656 iavit
667 5599 1032 5670 propositum;
1066 5593 1245 5670 verum
1292 5597 1453 5670 etiam
1478 5595 1728 5670 adhibuit
1761 5593 2052 5670 lacrymas,

499 5683 556 5728 et
579 5665 741 5742 pedes
766 5665 1061 5724 dominicas
1094 5667 1352 5736 obsequio
1388 5666 1515 5719 fovit
1549 5683 1560 5718 :
1596 5666 1916 5735 tandemque
1950 5665 2050 5719 du-

2155 5457 2315 5527 μόνον
2346 5456 2627 5526 ἀλαλήτως
2668 5455 2988 5527 ἐφθέγγετο,
3020 5457 3107 5510 ubi
3151 5466 3326 5512 tamen
3363 5455 3437 5512 ob
3460 5473 3740 5512 consecu-

2154 5526 2350 5582 tionem
2401 5527 2683 5579 locuuouis
2719 5526 3064 5588 reddidimus,
3117 5527 3562 5594 inenarrabiliter,
3627 5529 3741 5581 ad-

2143 5596 2328 5678 juncta
2385 5597 2676 5665 particula,
2731 5595 2818 5649 Sic
2861 5609 2881 5648 :

2153 5679 2376 5723 ιιοιιθιιι.

2944 5595 3012 5650 ad
3055 5597 3343 5665 quamdam
3391 5597 3742 5654 determina-
