4030 6408
294 245 358 303 77
1237 255 1494 312 ORATIO
1531 255 1598 312 IN
1638 255 1993 310 MULIEREM
2027 255 2524 316 PECCATRlCEM.
3445 264 3512 321 78

292 402 433 455 γετο,
472 389 586 451 τοῖς
633 393 950 459 στεναγμοῖς
997 391 1094 462 τῆς
1135 392 1362 462 καρδίας
1403 393 1725 446 δυσωποῦσα
1759 392 1850 446 τὸν

1963 373 2135 427 cordis
2164 373 2560 444 gemitibusque
2597 391 2831 432 exorans
2862 377 3142 432 Dominum
3168 398 3180 433 :
3206 380 3298 434 sed
3335 391 3388 436 et
3420 384 3514 439 lia-

293 479 518 550 Κύριον·
563 480 697 533 ἀλλὰ
725 483 819 534 καὶ
855 486 1094 555 σχήματι
1129 486 1189 538 τὸ
1219 487 1317 556 τῆς
1352 487 1639 556 μετανοίας
1697 503 1850 556 περι·-

293 565 491 636 ἐγραφε
518 568 732 630 κάλλος.
779 571 1068 643 Ἐδάκρυσε
1088 575 1212 644 μὲν,
1237 575 1312 638 ὡς
1340 574 1508 627 πολλὰ
1537 575 1810 643 γελάσασα
1832 592 1847 608 ·

291 659 400 719 τοῖς
447 657 629 718 καλοῖς
675 659 905 731 δάκρυσι
934 664 1024 715 τὸν
1052 664 1217 717 κακὸν
1249 664 1587 718 ἑκπλύνουσα
1619 665 1848 732 γέλωτα·

294 751 409 810 ταῖς
440 748 492 800 δὲ
525 751 702 819 ῥανίσι
738 752 846 804 τῶν
906 754 1198 825 ὀφθαλμῶν
1233 756 1323 808 τὸν
1353 755 1460 810 τῶν
1489 755 1732 826 παρειῶν
1762 757 1850 808 ὲκ-

297 838 792 911 πλύνουσαορύπον·
825 844 911 897 ἵνα
944 845 1000 897 ἐν
1029 840 1109 908 οἷς
1135 847 1378 916 ἥμαρτεν
1396 887 1410 910 ,
1440 849 1497 900 ὲν
1523 847 1728 911 τούτοις
1759 848 1850 900 καὶ

295 931 694 1002 ἁπολογήσηται
715 951 728 963 ·
765 937 822 987 ἐν
851 932 933 998 οἷς
968 937 1264 1008 ὴνόμησεν,
1299 941 1357 990 ὲν
1392 941 1597 1003 τούτοις
1637 940 1726 992 τὸν
1766 957 1851 992 νο-

295 1018 522 1089 μοθέτην
574 1022 944 1096 ἐξιλεῶσηται.
1003 1027 1211 1098 Ὥσπερ
1249 1029 1356 1098 γὰρ
1399 1027 1496 1098 τὴν
1547 1029 1732 1098 κοίτην
1784 1029 1849 1098 ἢν

292 1111 572 1181 ἐκθέσμως
602 1115 823 1184 ὲμόλυνε
859 1119 1166 1189 συμπλοκῇ,
1203 1120 1462 1192 δάκρυσιν
1492 1122 1795 1174 ἀπέπλυνεν
1821 1124 1850 1174 ὁ

289 1202 483 1256 Δαϐίδ·
535 1207 747 1260 Λούσω
802 1209 931 1280 γὰρ,
981 1213 1135 1281 φησὶ,
1175 1214 1302 1266 καθ’
1350 1212 1613 1282 ἑκάστην
1663 1216 1851 1268 νύκτα

287 1295 403 1363 τὴν
431 1298 638 1365 κοίτην
654 1318 772 1368 μου
791 1319 805 1332 ·
833 1302 903 1355 ἐν
933 1302 1191 1371 δάκρυσί
1214 1321 1333 1374 μου
1379 1307 1494 1373 τὴν
1533 1307 1850 1375 στρωμνήν

285 1405 401 1454 μου
437 1389 635 1456 ,ϐρέξω
662 1406 674 1418 ⁸
700 1391 845 1445 οὕτω
874 1395 965 1447 καὶ
993 1394 1129 1466 αὕτη
1152 1413 1165 1426 ·
1200 1396 1266 1448 δι’
1306 1389 1379 1450 ὦν
1406 1397 1696 1468 ὀφθαλμῶν
1725 1400 1848 1452 πολ-

286 1478 412 1541 λοὺς
464 1481 574 1534 τῶν
631 1483 764 1537 νέων
816 1487 895 1547 είς
935 1487 1224 1541 ἀκολασίαν
1282 1489 1543 1560 ὑπέσυρε,
1600 1490 1850 1561 δακρύων

285 1571 483 1637 ἀφεῖσα
508 1575 706 1641 πηγὰς,
732 1575 820 1627 τὸν
845 1577 1142 1632 δύσπλυτον
1165 1581 1263 1650 τῆς
1290 1581 1558 1652 ἁμαρτίας
1578 1583 1848 1635 ἀπέπλυνε

289 1663 486 1731 ῥύπον,
518 1663 654 1735 αῦτη
680 1667 844 1736 ἑαυτῇ
875 1668 1096 1740 λοῦτρον
1123 1673 1406 1740 μετανοίας
1436 1673 1846 1744 προϐαλλομένη
1889 1723 1927 1776 Β

289 1754 350 1776 -ἓ.
393 1754 594 1776 93.--,“M
662 1757 729 1776 m1
817 1758 830 1776 \
948 1759 958 1773 ι
1041 1760 1092 1776 θ’
1293 1763 1306 1776 ο
1387 1762 1446 1776 κει
1603 1765 1616 1776 ι
1671 1764 1680 1776 ι

283 1754 352 1805 τὰ
389 1754 618 1826 δάκρυα.
662 1757 743 1810 Τὰ
775 1758 871 1826 μὲν
900 1759 1006 1830 γὰρ
1035 1760 1244 1832 δάκρυα
1277 1763 1350 1826 ὡς
1386 1762 1528 1834 ὕδωρ
1558 1764 1694 1818 αύτὰ
1720 1782 1857 1835 παρ-

284 1847 428 1912 εῖχε·
479 1847 576 1916 τὴν
620 1847 677 1899 δὲ
723 1849 913 1915 ἄφεσιν
957 1851 1204 1921 ἀοράτως
1253 1852 1404 1924 παρὰ
1462 1853 1553 1906 τοῦ
1606 1855 1846 1926 Χριστοῦ

284 1935 592 2006 ὑπεδέχετο.
648 1938 807 1992 Ἀλλὰ
857 1940 960 2011 μὴν
990 1945 1083 1995 καὶ
1115 1943 1205 1997 τὸν
1257 1944 1504 2015 Ἀϐραὰμ
1524 1985 1538 2005 .
1568 1946 1628 1998 ού
1661 1964 1856 2017 μιμου-

284 2026 422 2096 μένη
453 2027 636 2096 μόνον,
667 2029 803 2084 ἀλλὰ
841 2033 932 2084 καὶ
974 2034 1199 2095 νικῶσα,
1234 2037 1360 2098 τοὺς
1391 2036 1556 2100 πόδας
1581 2037 1855 2090 ἀπέπλυνε

281 2117 374 2170 τοῦ
408 2120 668 2191 Χριστοῦ.
716 2121 774 2175 '0
813 2124 910 2193 μὲν
945 2126 1052 2197 γὰρ
1074 2128 1310 2197 νιπτῆρα
1351 2127 1484 2192 θεὶς,
1556 2128 1706 2182 ’ύδατι
1755 2131 1858 2182 ἁπ-

282 2211 482 2264 έπλυνε
507 2253 522 2275 ,
556 2214 650 2266 καὶ
683 2214 874 2286 λεντίῳ
918 2218 1287 2287 κατέμασσεν·
1323 2218 1458 2290 αὕτη
1506 2221 1563 2273 δὲ
1581 2221 1678 2290 ούχ
1717 2220 1856 2290 ὕδωρ

279 2303 618 2374 ἀντλήσασα,
651 2305 786 2360 ἀλλὰ
814 2309 1020 2380 κρήνας
1051 2310 1298 2382 δακρύων
1328 2315 1527 2383 ἀφεῖσα
1547 2354 1562 2379 ,
1600 2316 1725 2379 τοὺς
1759 2317 1856 2368 πύ-

280 2394 375 2457 ξας
403 2395 687 2450 ἀπέπλυνε
715 2397 810 2450 τοῦ
856 2400 1030 2469 Ἰησοῦ
1055 2420 1066 2431 ·
1102 2405 1402 2476 φεισαμένη
1435 2406 1514 2471 δὲ,
1548 2407 1622 2479 μὴ
1654 2407 1858 2480 δάκρυ-

281 2503 366 2538 σιν
395 2489 748 2560 ἁμαρτωλοῖς
775 2493 972 2562 ἁγνοὺς
1006 2495 1261 2569 ὲνυϐρίσῃ
1291 2497 1475 2562 πόδας,
1509 2499 1569 2552 τὸ
1603 2499 1709 2554 τῶν
1738 2519 1856 2572 τρι-

281 2580 391 2648 χῶν
423 2581 612 2646 κάλλος
653 2583 729 2646 ὡς
757 2585 962 2640 λεντίον
1005 2587 1376 2654 ὑποϐαλοῦσα,
1420 2591 1670 2660 ἀπέμασε
1722 2595 1849 2657 τοὺς

280 2673 482 2735 πόδας·
525 2675 619 2727 καὶ
661 2669 729 2745 ἦν
763 2676 888 2729 ἰδεῖν
934 2678 1055 2732 ὅλον
1091 2679 1161 2733 δι’
1201 2680 1323 2734 ὅλου
1363 2682 1424 2734 τὸ
1467 2682 1689 2750 γύναιον
1723 2684 1857 2754 πρὸς

279 2761 581 2834 θεραπείαν
637 2765 734 2818 τοῦ
807 2768 979 2838 Ἰησοῦ
1027 2772 1430 2843 καμπτόμενον.
1484 2775 1547 2826 Ol
1597 2774 1696 2845 μὲν
1748 2776 1854 2846 γὰρ

277 2856 554 2927 ὀφθαλμοὶ
586 2859 812 2924 ἄνωθεν,
840 2861 915 2924 ὡς
939 2862 1158 2932 κρῆναι,
1188 2863 1438 2933 δακρύων
1464 2864 1709 2937 ἔπεμπον
1739 2867 1859 2937 ὀχε-

278 2948 439 3009 τούς·
473 2950 508 3017 ἡ
546 2948 603 3001 δὲ
631 2948 776 3020 ψυχὴ
813 2949 998 3021 ὥσπερ
1028 2950 1224 3022 νιπτὴρ
1251 2952 1584 3024 ὑποκειμένη
1605 2993 1620 3015 ,
1650 2954 1751 3018 τὰς
1793 2957 1858 3007 ἐκ

1955 461 2070 515 bitu
2097 464 2426 530 paenitentiae
2457 466 2911 535 pulchritudinem
2936 470 3309 526 adumbrabat.
3341 471 3514 540 Luge-

1955 549 2047 604 bat
2073 553 2310 620 quidem,
2348 554 2493 608 velut
2539 572 2657 624 quae
2695 557 2919 610 mullum
2970 559 3196 625 risisset,
3255 561 3410 615 bonis
3441 563 3516 615 la-

1958 643 2158 710 crymis
2191 643 2375 699 eluens
2405 646 2602 700 malum
2647 647 2847 715 risum;
2879 649 3155 704 oculorum
3210 666 3338 706 vero
3360 654 3516 708 stillis

1959 732 2209 787 abluebat
2233 751 2488 802 genarum
2511 741 2698 792 sordes
2724 758 2736 792 :
2779 749 2836 792 ttt
2865 742 2916 793 in
2953 743 3147 811 quibus
3175 757 3512 813 peccaverat,

1958 825 2010 879 in
2040 825 2104 880 iis
2128 842 2338 897 quoque
2365 829 2728 885 defensionem
2762 833 2983 888 haberet
3010 856 3022 890 :
3062 837 3112 889 in
3149 839 3344 906 quibus
3374 841 3516 909 egis—

1956 929 2038 972 set
2068 918 2274 988 inique,
2312 923 2363 974 in
2396 921 2464 974 iis
2502 922 2859 990 legislatorem
2895 925 3150 993 placaret.
3183 929 3331 985 Sicut
3371 935 3514 986 enim

1960 1009 2124 1064 David
2161 1011 2416 1079 pollutum
2444 1015 2621 1084 iniqua
2655 1018 2844 1085 copula
2874 1017 3068 1073 lectum
3096 1022 3344 1092 Iacrymis
3370 1025 3516 1080 elue-

1957 1101 2052 1153 bat
2084 1118 2097 1153 :
2134 1099 2342 1155 Lavabo
2383 1104 2548 1169 enim,
2580 1105 2770 1174 inquit,
2832 1126 2923 1176 per
2965 1112 3196 1181 singulas
3239 1126 3410 1171 noctes
3443 1119 3518 1171 le-

1959 1202 2097 1245 ctum
2123 1210 2293 1247 meum
2318 1212 2336 1248 :
2361 1193 2605 1266 lacrymis
2638 1203 2762 1253 meis
2796 1211 3016 1255 stratum
3041 1221 3208 1258 meum
3241 1208 3420 1278 rigabo
3449 1211 3515 1275 “,

1962 1284 2032 1336 ita
2065 1296 2118 1339 et
2147 1286 2257 1340 Iure
2286 1303 2298 1337 :
2327 1287 2520 1355 quibus
2572 1290 2739 1344 oculis
2799 1293 2995 1349 multos
3044 1297 3412 1357 adolescentes
3461 1304 3514 1357 in

1961 1373 2224 1428 luxuriam
2279 1376 2638 1443 subtraxerat,
2671 1381 2736 1434 iis
2772 1382 3130 1452 lacrymarum
3165 1387 3339 1446 fontes
3358 1395 3516 1448 emit-

1962 1474 2099 1526 Iens,
2131 1467 2332 1532 peccati
2366 1468 2552 1522 sordes
2597 1484 2704 1523 non
2738 1470 2924 1528 faciles
2957 1474 3086 1542 elui,
3119 1479 3379 1545 diluebat,
3433 1483 3513 1537 si-

1959 1555 2009 1606 bi
2044 1555 2154 1622 ipsa
2209 1558 2535 1625 poenitentia:
2587 1559 2855 1616 lavacrum
2903 1581 3206 1635 proponens
3227 1571 3512 1643 lacrymas.

1961 1645 2076 1713 Ipsa
2129 1647 2395 1716 quidem,
2459 1664 2555 1704 ceu
2606 1666 2845 1720 aquam,
2884 1656 3150 1729 lacrymas
3201 1667 3512 1731 praebebat:

1958 1738 2212 1793 invisibili
2282 1751 2459 1795 autem
2510 1745 2720 1801 ratione
2797 1751 3164 1808 remissionem
3219 1772 3250 1810 a
3303 1760 3516 1817 Christo

1957 1831 2298 1901 suscipiebat.
2368 1834 2653 1892 Enimvero
2700 1854 2804 1893 non
2857 1843 3018 1896 etiam
3050 1847 3255 1902 imitata
3309 1862 3515 1908 tantum

1955 1921 2250 1989 Abraham,
2286 1927 2377 1979 sed
2412 1936 2466 1981 et
2516 1943 2801 1998 superans,
2853 1933 3054 1990 Christi
3100 1939 3270 1995 abluit
3330 1947 3513 2011 pedes.

1957 2009 2048 2066 Ille
2088 2015 2304 2082 quidem
2339 2017 2476 2085 pelvi
2541 2021 2738 2088 posita,
2793 2024 3043 2081 abluebat
3093 2045 3228 2099 aqua
3269 2009 3516 2092 etliuteo

1957 2107 2299 2175 extergebat;
2338 2111 2455 2166 haec
2486 2127 2632 2174 vero.
2659 2131 2794 2183 aqua
2849 2133 2955 2172 non
3005 2122 3216 2188 hausta,
3267 2128 3359 2180 sed
3390 2130 3517 2182 mit-

1960 2208 2079 2253 tens
2113 2199 2473 2270 lacrymarum
2533 2205 2733 2271 fontes,
2787 2209 3032 2266 abluebat
3066 2212 3192 2268 Jesu
3221 2218 3382 2284 pedes
3411 2236 3424 2272 :
3455 2235 3520 2274 ae

1958 2305 2177 2358 cavens,
2198 2311 2265 2350 ne
2295 2295 2544 2367 lacrymis
2569 2303 2960 2369 peccatricibus
2985 2307 3209 2375 pedibus
3246 2314 3410 2368 castis
3436 2313 3520 2367 in-

1953 2384 2153 2454 iuriam
2186 2388 2410 2456 faceret,
2433 2405 2743 2464 compactos
2771 2399 2951 2454 crines
2979 2401 3121 2457 velut
3145 2403 3368 2459 linteum
3392 2408 3521 2462 sub-

1957 2480 2202 2545 mittens,
2235 2483 2398 2550 pedes
2429 2488 2740 2556 extergebat
2775 2506 2790 2541 :
2829 2502 3051 2560 eratque
3094 2495 3276 2552 videre
3298 2498 3519 2554 mulier-

1957 2572 2156 2638 culam,
2189 2583 2355 2629 totam
2385 2592 2610 2647 prorsus
2640 2580 2707 2634 ad
2740 2579 2864 2636 Jesu
2885 2585 3204 2655 obsequium
3243 2587 3516 2646 inﬂexam.

1957 2662 2108 2719 Oculi
2140 2666 2358 2735 quidem
2387 2669 2639 2739 desuper.
2670 2687 2766 2726 ceu
2798 2673 2993 2740 fontes,
3017 2675 3372 2750 lacrymarum
3397 2683 3523 2736 mit-

1960 2758 2145 2813 tebant
2182 2760 2353 2828 rivos;
2388 2763 2600 2817 animus
2643 2774 2819 2818 autem
2871 2783 2965 2821 ceu
3017 2770 3188 2838 pelvis
3228 2774 3519 2843 supposita,

1959 2851 2279 2908 distillautes
2331 2869 2362 2908 e
2414 2855 2660 2922 pedibus
2696 2867 2875 2927 guttas
2923 2861 3257 2931 excipiebat;
3287 2865 3524 2923 cincinni

1959 2944 2326 3014 detergebant,
2359 2947 2506 3002 lintei
2538 2949 2818 3018 implentes
2861 2951 3089 3008 formam
3116 2973 3132 3020 ;
3163 2972 3371 3024 manus,
3401 2959 3525 3016 fuso

276 3038 390 3090 τῶν
422 3039 599 3092 ποδῶν
626 3041 1036 3106 ἁποσταζούσας
1063 3043 1275 3112 ἐδέχετο
1304 3043 1540 3116 ῥανίδας.
1573 3045 1636 3098 Οἱ
1662 3045 1720 3099 δὲ
1741 3045 1860 3099 πλό-

1966 3038 2219 3094 alabastri
2239 3051 2532 3109 unguento,
2555 3044 2762 3098 divinos
2783 3047 3053 3116 angebant
3077 3049 3256 3116 pedes;
3281 3066 3528 3121 unguen-

279 3146 449 3200 καμοι
472 3130 817 3201 ἠπέμασσον,
848 3133 908 3186 τὸ
935 3133 1140 3186 λεντίου
1175 3133 1507 3205 πληροῦντες
1543 3136 1746 3206 σχῆμα.
1791 3139 1856 3191 Αἱ

261 3221 335 3274 δὲ
389 3224 574 3292 χεῖρες
613 3223 676 3275 τὸ
725 3223 1062 3296 ἀλάϐαστρον
1105 3223 1198 3279 τοῦ
1252 3226 1424 3297 μύρου
1471 3228 1852 3299 καταχέουσαι,

278 3315 407 3376 τοὺς
439 3313 617 3376 θείους
645 3315 862 3385 ἤλειφον
892 3315 1074 3382 πόδας,
1107 3315 1264 3388 μύρῳ
1293 3316 1354 3370 τὸ
1382 3316 1550 3387 μύρον
1591 3318 1856 3389 τιμῶσαι·

277 3405 490 3472 Μύρον
507 3405 640 3476 γὰρ,
671 3407 824 3474 φησὶ,
853 3405 1108 3459 κενωθὲν
1124 3405 1238 3476 (Ἠ)
1270 3405 1455 3474 ὄνομά
1478 3421 1598 3460 σοι.

355 3499 433 3551 Ζ’.
460 3493 614 3561 Εἶδες
645 3497 760 3560 πῶς
787 3497 1005 3567 ἐνίκησε
1037 3497 1135 3568 τὴν
1157 3496 1449 3568 ἀχάριστον
1470 3497 1576 3552 τῶν
1599 3498 1865 3553 Ἰουδαίων

280 3589 515 3660 γνώμην
547 3588 684 3660 γυνὴ
719 3589 1070 3659 ἁμαρτωλὸς,
1103 3590 1136 3659 ἡ
1180 3589 1338 3642 θείων
1381 3589 1606 3660 ἄμοιρος
1657 3591 1864 3661 νόμων;

282 3684 347 3736 Οἱ
391 3683 490 3751 μὲν
524 3681 635 3752 γὰρ
659 3681 826 3745 λίθοις
859 3681 1020 3735 αὐτὸν
1050 3679 1291 3746 ἔϐαλλον,
1324 3681 1357 3749 ἡ
1387 3680 1444 3733 δὲ
1487 3684 1597 3743 τοῖς
1622 3681 1722 3751 τῆς
1778 3682 1869 3734 εὑ*

279 3775 448 3838 ωδίας
476 3773 748 3844 ηῦφραινε
792 3772 1012 3844 μύροις·
1041 3771 1178 3826 ἀλλὰ.
1219 3773 1459 3825 Ἰουδαῖοι
1487 3772 1584 3842 μὲν
1628 3772 1702 3836 ὼς
1735 3772 1869 3842 ἀχά-

288 3887 485 3943 ριστοι,
514 3868 590 3930 ὡς
611 3867 860 3920 ἀσύνετοί
883 3868 979 3921 καὶ
1003 3866 1336 3937 ἀγνώμονες,
1372 3869 1561 3929 κακοῖς
1582 3864 1869 3935 ἠμείϐοντο

287 3965 376 4016 τὸν
413 3961 734 4031 εὐεργέτην,
766 3958 932 4023 λίθοις
973 3957 1066 4012 τὸν
1100 3959 1493 4028 ἀκρογωνιαῖον
1520 3953 1870 4025 φιλοφρονού-

291 4059 440 4126 μένοι
487 4055 669 4107 λίθον·
715 4055 750 4123 ἡ
792 4053 848 4105 δὲ
885 4054 1052 4120 μύρῳ
1083 4051 1294 4120 ἤλειφε
1348 4050 1490 4116 τοὺς
1530 4049 1723 4113 πόδας
1773 4047 1868 4100 τοῦ

292 4151 575 4221 μέλλοντος
643 4148 709 4200 δι’
769 4147 936 4218 αὐτὴν
991 4145 1326 4216 πανημέριον
1389 4143 1482 4196 ἐπὶ
1542 4142 1636 4196 τοῦ
1697 4143 1868 4212 ίκρίου

293 4240 545 4294 ἱστΞσθαι
623 4239 720 4292 τοῦ
797 4236 1051 4308 σταυροῦ.
1123 4237 1234 4290 Καὶ
1297 4235 1348 4289 τί
1403 4235 1580 4303 λέγω,
1634 4235 1716 4287 ὅτι
1779 4233 1870 4285 τὸν

291 4335 582 4404 ἀχάριστον
626 4331 733 4383 τῶν
780 4330 1045 4383 Ἰουδαίων
1111 4329 1329 4398 ἐνίκησε
1383 4328 1553 4398 δῆμον
1573 4369 1587 4391 ,
1630 4328 1762 4380 ὅπου
1808 4344 1870 4395 γε

292 4428 427 4480 ὅλων
454 4426 564 4480 τῶν
592 4423 760 4491 ἁγίων
780 4423 1171 4494 ύπερηκόντισε
1200 4421 1290 4473 τὸν
1320 4419 1501 4490 χορόν;
1536 4419 1735 4472 Ἔλαϐε
1763 4417 1872 4489 γὰρ

295 4518 472 4588 χάριν,
506 4518 573 4585 ἣν
602 4514 705 4567 ούκ
743 4512 932 4566 ἔλαϐον
975 4511 1233 4582 βασιλεῖς,
1261 4507 1329 4581 ἦς
1357 4511 1458 4563 οὐκ
1491 4509 1680 4579 ἔτυχον
1712 4508 1871 4562 δυνά-

296 4625 426 4662 σται.
465 4605 748 4669 Βασιλεῖς
768 4605 874 4676 γὰρ
903 4603 1153 4670 Θαρσεὶς
1175 4602 1272 4656 καὶ
1295 4600 1473 4668 νῆσοι
1506 4599 1665 4668 δῶρα
1690 4615 1874 4666 προσ-

293 4701 568 4760 οίσουσι,
602 4698 699 4750 καί
738 4693 1278 4763 προσκυνήσουσιν
1317 4692 1476 4758 αὐτῷ
1535 4690 1758 4756 πάντες
1819 4692 1873 4742 οἱ

1968 3140 2078 3186 tum
2126 3142 2400 3200 unguento
2457 3134 2826 3190 honorantes:
2881 3135 3216 3208 Unguentum
3249 3142 3392 3198 enim
3445 3145 3527 3199 in-

1961 3224 2101 3296 quit,
2129 3234 2457 3290 evacuatum,
2495 3241 2677 3282 nomen
2700 3228 2793 3281 tibi
2827 3229 2890 3286 ¹².

2037 3498 2146 3555 VII.
2193 3495 2460 3561 Vidistin’,
2516 3506 2576 3552 ut
2624 3499 2817 3554 mulier
2851 3502 3146 3568 peccatrix,
3199 3519 3395 3574 expers
3434 3507 3523 3562 illa

1965 3590 2268 3644 divinarum
2298 3589 2497 3658 legum,
2527 3589 2793 3657 ingratam
2821 3591 3010 3646 vicerit
3037 3589 3342 3648 Judmorum
3375 3612 3527 3651 men-

1968 3681 2119 3734 tem?
2152 3679 2229 3733 llli
2259 3680 2475 3748 quidem
2533 3684 2804 3750 appetiere
2861 3683 3124 3752 lapidibus
3169 3701 3182 3738 :
3233 3687 3347 3741 hzec
3388 3704 3518 3755 vero

1967 3769 2254 3840 unguentis
2279 3769 2717 3826 suaveolentibus
2753 3773 3038 3828 recreavit.
3088 3774 3160 3827 At
3185 3776 3400 3844 quidem
3428 3777 3530 3832 Ju-

1966 3858 2208 3921 daei,ceu
2271 3858 2502 3928 ingrati,
2553 3875 2652 3915 ceu
2709 3862 3024 3930 insipientes
3088 3871 3250 3934 atque
3276 3865 3527 3935 improbi,

1967 3951 2213 4006 benefit-0
2242 3951 2395 4005 malis
2421 3952 2819 4020 rependebant,
2849 3952 3079 4023 lapidem
3121 3957 3434 4026 angularem
3465 3958 3528 4023 ⁸³,

1969 4042 2143 4096 amica
2202 4043 2535 4111 excipientes
2588 4042 2955 4112 lapidatione:
2988 4047 3099 4100 hare
3157 4058 3340 4103 autem
3387 4052 3530 4108 illius

1967 4134 2119 4202 pedes
2153 4145 2414 4202 unguento
2442 4135 2664 4203 tingebat
2699 4136 2764 4200 ⁸⁸,
2789 4137 2877 4206 qui
2911 4137 3048 4191 diem
3083 4149 3246 4194 totam
3273 4141 3326 4194 in
3353 4145 3533 4199 crucis

1971 4224 2231 4292 patibulo,
2259 4226 2427 4294 ipsius
2474 4241 2657 4291 causa,
2686 4237 2927 4286 staturus
2954 4241 3089 4286 erat.
3119 4232 3256 4299 Quid
3283 4249 3434 4301 vero,
3458 4237 3534 4291 in-

1971 4333 2183 4391 gratum
2214 4320 2495 4379 Iudaicum
2538 4327 2816 4396 populum,
2877 4331 2997 4384 dico
3049 4330 3247 4387 vicisse
3271 4372 3286 4399 ,
3316 4337 3534 4405 quando

1971 4412 2211 4467 onmium
2239 4427 2550 4470 sanetorum
2588 4421 2863 4487 superavit
2894 4422 3156 4478 chorum?
3181 4424 3352 4492 Quam
3387 4429 3534 4482 enim

1972 4505 2200 4575 gratiam
2256 4521 2410 4576 reges
2458 4523 2561 4562 non
2613 4520 2956 4578 acceperunt,
2993 4528 3155 4582 quam
3207 4529 3454 4584 potentes
3481 4533 3538 4575 et

1974 4595 2245 4662 principes
2272 4612 2375 4652 non
2406 4598 2778 4666 obtinuerunt,
2803 4604 3013 4673 accepit
3038 4605 3150 4674 ipsa
3179 4625 3192 4661 :
3214 4607 3373 4678 Reges
3391 4612 3533 4665 enim

1977 4683 2210 4750 learsis,
2227 4698 2276 4740 et
2300 4689 2484 4742 insulae
2510 4706 2725 4745 munera
2746 4692 2959 4760 o/I‘erent
2980 4711 2999 4750 :
3019 4706 3068 4749 et
3099 4698 3394 4752 adorabunt
3419 4717 3537 4754 eum

290 4789 575 4854 ,Βασιλεῖς
609 4788 718 4855 τῆς
746 4786 875 4855 τῆς.
907 4787 1016 4840 Καὶ
1044 4787 1107 4858 δὴ
1141 4786 1281 4838 κατὰ
1311 4784 1402 4837 τὸν
1432 4782 1734 4853 προφήτην,
1772 4781 1860 4833 καὶ

1968 4792 2143 4830 omnes
2179 4794 2320 4847 reges
2351 4790 2504 4834 terra:
2537 4781 2601 4834 “'.
2657 4782 2799 4837 Sane
2828 4799 2957 4839 vero
3009 4784 3166 4853 juxta
3220 4791 3537 4858 prophetam

296 4881 505 4934 ἔδωκαν
534 4882 602 4934 τὰ
629 4880 798 4950 δῶρα,
835 4878 928 4933 καὶ
957 4877 1368 4948 προσεκύνησαν
1401 4873 1683 4945 πόρρωθεν
1702 4889 1715 4902 ·
1755 4865 1870 4923 ἀλλ’

295 4974 468 5038 0-5651;
495 4973 678 5026 αὐτῶν
725 4971 818 5025 τοῦ
865 4971 1038 5041 Ἰησοῦ
1086 4971 1209 5033 τοὺς
1241 4968 1404 5030 πόδας
1448 4965 1694 5036 ἐφίλησε.
1745 4961 1871 5024 Πῶς

296 5065 441 5133 γάρς
489 5060 692 5115 ἾΙλθον
733 5061 896 5130 μάγοι
956 5059 1210 5121 λαϐόντες
1255 5055 1460 5126 ἀστέρα
1503 5055 1603 5124 τῆς
1664 5052 1870 5114 ἱκεσίας

303 5155 586 5225 σύμμαχον
606 5171 619 5183 ·
653 5152 787 5206 ἀλλὰ
813 5151 1094 5223 πόρρωθεν
1123 5149 1510 5220 ὲδωροφὸρουν,
1542 5145 1641 5214 τῆς
1665 5142 1870 5203 οἰκείας

295 5247 503 5310 τάξεως
546 5246 611 5298 τὺ
665 5245 862 5315 μέτρον
908 5242 1297 5312 γινώσκοντες·
1358 5243 1421 5292 '0
1459 5236 1714 5306 οὐρανὸς
1762 5233 1872 5304 γάρ

371 5455 414 5488 ³³
447 5453 588 5509 Psal.
630 5470 707 5524 vn,
735 5456 789 5509 7.
869 5455 912 5486 "
951 5453 1082 5510 Can.
1112 5473 1148 5521 ι,
1182 5456 1236 5511 2.
1317 5457 1358 5488 ³³
1393 5455 1531 5512 Psal.
1563 5471 1730 5523 cxvtt,
1757 5453 1848 5508 2‘2.

372 5611 480 5679 (7|)
513 5610 806 5664 Κενωθέγ.
842 5610 1024 5664 Montf.
1051 5611 1367 5677 ἐκκενωθέν,
1414 5622 1471 5666 ut
1511 5613 1647 5681 apud
1699 5612 1862 5667 LXX.

300 5675 415 5737 at:
441 5684 612 5753 ὄνομα
651 5698 769 5736 σου.
798 5681 906 5737 Sed
941 5683 1218 5738 lectionem
1257 5675 1701 5740 Combellsiauam
1732 5700 1868 5755 pra:-

1933 5455 1977 5488 ¹¹⁵
1997 5453 2151 5509 Juan.
2189 5472 2241 5523 x,
2279 5457 2365 5509 3|.

1973 4877 2026 4920 et
2057 4868 2317 4923 dederunt
2345 4874 2506 4938 dona,
2534 4883 2582 4927 et
2611 4874 2822 4928 eminus
2855 4875 3246 4932 adoraverunt:
3277 4889 3332 4932 at
3361 4880 3538 4936 nullus

1981 4973 2164 5012 coram
2191 4961 2464 5016 osculatus
2489 4972 2570 5017 est
2603 4963 2767 5033 pedes
2802 4963 2952 5020 Jesu.
2996 4965 3098 5033 Qui
3155 4968 3338 5022 enim?
3363 4969 3540 5025 Vene-

1979 5060 2103 5103 runt
2134 5051 2298 5121 magi,
2327 5064 2548 5122 accepta
2575 5054 2724 5108 stella
2755 5056 3162 5125 supplicationis
3190 5059 3336 5114 socia
3365 5079 3381 5115 :
3407 5063 3541 5115 emi-

1976 5159 2079 5198 nus
2111 5151 2287 5199 tamen
2320 5143 2620 5200 offerebant
2653 5149 2812 5210 dona,
2858 5151 3073 5204 modum
3105 5152 3186 5205 sui
3225 5161 3394 5206 status
3434 5169 3538 5205 nor

1979 5233 2289 5302 ignorantes
2318 5255 2331 5290 :
2361 5234 2558 5290 Caelum
2585 5239 2719 5292 enim
2759 5241 2885 5292 mihi
2916 5240 3060 5294 sedes
3091 5252 3204 5308 est;
3257 5253 3395 5297 terra
3439 5261 3509 5296 au
3536 5276 3542 5282 -

2444 5457 2654 5513 "Psal.
2708 5475 2857 5525 Lxxt,
2920 5461 2988 5515 lO

1977 5610 2308 5688 fertquoqne
2329 5613 2498 5688 codex
2536 5613 2690 5688 Alex.
2714 5616 2858 5688 infra
2901 5618 3140 5688 tamen§
3169 5634 3242 5686 tu,
3273 5618 3363 5677 ubi
3387 5620 3538 5677 locus

1977 5683 2062 5736 hic
2087 5684 2278 5738 iterum
2309 5684 2596 5747 excitatur,
2625 5684 2848 5754 legimus
2868 5683 3187 5743 ὲκκενωθέν.
