4030 6408
480 270 551 324 79
1434 259 1491 314 S.
1532 254 1981 312 AMPHILOCHII
2023 250 2405 309 ICONIENSIS
2444 248 2750 306 EPISCOPI
3667 245 3739 305 80

482 398 608 445 tam,
643 381 923 436 scabellum
952 380 1139 449 pedum
1175 394 1409 433 meorum
1439 379 1504 432 ¹⁶.
1541 377 1814 431 Lamletur
1869 375 2051 442 itaque

2175 388 2258 425 αοι
2285 370 2518 439 θρόνος,
2554 370 2593 437 ἡ
2627 368 2695 421 δὲ
2722 365 2823 436 γῆ,
2849 364 3185 420 ὑποπόδιον
3222 363 3340 419 τῶν
3367 364 3571 420 ποδῶν
3596 384 3732 437 μου.

486 474 705 536 mulier,
742 471 888 526 velut
914 487 1031 540 quae
1065 471 1229 524 totius
1282 479 1441 523 terra:
1472 468 1698 539 gloriam
1728 464 2052 533 susceperit;

485 552 642 621 velut.
674 579 794 636 qua:
822 561 1218 631 sitamplexata
1276 559 1656 615 immaculatos
1691 558 1872 626 pedes,
1905 556 2059 625 cujus

485 654 765 726 pulverem
787 653 991 719 lingent
1012 659 1204 722 gentes
1228 648 1709 719 cognationesque,
1739 644 1888 713 juxta
1917 642 2057 711 quod

489 750 692 802 dictum
727 754 846 799 est:
886 742 951 797 Et
1009 741 1211 796 inimici
1242 740 1357 810 ejus
1384 748 1577 792 terram
1610 736 1802 805 lingent
1827 735 1893 788 ".
1926 736 2056 787 Am-

492 840 647 907 plexa
687 846 770 892 est
831 837 1178 890 intemeratos
1221 833 1423 903 pedes:
1476 829 1676 884 Christi
1711 840 1904 891 corpus
1937 839 2058 878 cum

489 931 695 984 Joanne
750 930 946 999 partita
1015 937 1119 982 est.
1172 924 1264 979 Ille
1317 922 1565 992 equidem
1620 919 1866 974 recubuit
1897 931 2093 986 supra'

486 1034 676 1092 pectus
712 1020 776 1085 η,
805 1030 864 1073 ut
894 1018 1013 1073 inde
1066 1028 1426 1086 expressurus
1460 1011 1692 1066 divinam
1718 1008 2057 1064 doctrinam:

491 1126 547 1168 at
575 1115 677 1169 ista
706 1114 871 1182 pedes
900 1114 1059 1165 unxit
1109 1108 1417 1179 gradientes
1460 1103 1625 1160 nostri
1657 1117 1842 1157 causa.
1892 1099 2059 1155 Porro

490 1208 745 1263 Christus
782 1205 874 1275 qui
906 1219 1010 1255 non
1056 1201 1263 1270 judieat
1312 1204 1612 1269 peccatum,
1669 1193 1762 1248 sed
1789 1191 2061 1261 poeniten-

495 1301 624 1354 tiam
648 1294 859 1353 laudat:
893 1296 983 1366 qui
1023 1293 1294 1364 praeterita
1351 1305 1457 1345 non
1517 1287 1703 1359 punit,
1744 1284 1837 1340 sed
1871 1282 2065 1353 probat

492 1391 699 1457 futura,
741 1389 951 1442 traditis
981 1384 1237 1441 oblivioni
1294 1383 1449 1437 malis
1477 1380 1593 1448 ejus
1631 1379 1918 1448 prioribus,
1949 1391 2065 1430 mu-

494 1484 613 1540 lieri
647 1486 904 1538 honorem
936 1480 1119 1543 habet,
1152 1488 1208 1531 et
1233 1475 1417 1529 laudat
1462 1470 1861 1542 paenitentiam.
1897 1467 2063 1524 Justi-

496 1576 624 1632 iicat
646 1560 937 1645 lacrymas,
960 1582 1013 1626 et
1062 1570 1393 1649 propositum
1428 1573 1675 1620 coronat.

2175 460 2516 515 Ἐπαινέσθω
2551 459 2731 512 τοίνυν
2762 460 2797 528 ἠ
2830 456 2987 529 γυνὴ,
3030 458 3105 521 ὼς
3138 456 3266 526 ὅλης
3293 456 3393 526 τῆς
3414 456 3516 527 γῆς
3540 456 3636 528 τὴν
3665 476 3739 514 τι-

2168 554 2274 625 μὴν
2312 552 2721 624 ὑποδεξαμένησ
2749 552 2824 615 ὼς
2855 550 3108 622 ἁψαμένη
3135 550 3309 603 ποδῶν
3336 550 3643 621 ἀχράντων,
3668 543 3740 607 ὧν

2163 646 2254 698 τὸν
2283 643 2412 715 χοῦν
2446 642 2572 714 ἔθνη
2606 644 2700 696 καὶ
2724 643 2951 715 πατριαὶ
2990 641 3212 705 λίξουσι,
3252 641 3392 695 κατὰ
3424 642 3485 694 τὸ
3521 642 3740 713 εἰρημέ-

2165 752 2283 790 νον·
2318 735 2430 789 Kai
2471 738 2526 788 οἱ
2556 735 2756 805 ἐχθροὶ
2800 734 2986 788 αὑτοῦ
3010 734 3161 802 χοῦν
3197 733 3501 797 λιξουσιν.
3533 734 3742 803 Ἥψατο

2166 827 2342 881 ποδῶν
2394 826 2713 899 ἀχράντων·
2785 826 3080 897 ἐμερίσατο
3136 825 3276 897 πρὸς
3350 825 3603 896 Ἰωάννην
3649 823 3741 878 τοῦ

2165 915 2400 989 Χριστοῦ
2440 916 2501 969 τὸ
2533 916 2712 988 σῶμα.
2749 917 2810 968 ’0
2835 916 2932 986 μὲν
2964 916 3074 986 γὰρ
3102 915 3196 967 ἐπὶ
3229 914 3461 985 στήθους
3492 916 3740 967 ἀνέπεσευ

2166 1008 2317 1062 Θείαν
2332 1009 2441 1081 γὰρ
2468 1007 2694 1063 αὐτόθεν
2712 1007 2903 1079 ἔμελλε
2932 1006 3280 1060 διδασκαλίαν
3306 1006 3739 1076 ἀπομάσσεσθαν

2166 1102 2201 1172 ἠ
2235 1101 2292 1153 δὲ
2330 1101 2459 1163 τοὺς
2499 1101 2639 1173 ὑπὲρ
2672 1098 2827 1170 ἡμῶν
2870 1098 3183 1170 βαδίζοντας
3226 1098 3392 1162 πόδας
3425 1098 3741 1169 ὑπήλειφεν.

2180 1192 2318 1245 Ἀλλ’
2361 1195 2390 1245 ὁ
2440 1193 2675 1263 Χριστὸς
2727 1191 2844 1262 μὲν,
2880 1193 3008 1261 ὁμὴ
3056 1191 3154 1263 τὴν
3200 1191 3476 1262 ἁμαρτίαν
3525 1190 3741 1262 κρίνων,

2168 1284 2306 1338 ἀλλά
2347 1284 2447 1356 τὴν
2482 1284 2771 1355 μετάνοιαν
2805 1284 3077 1340 ἐπαινῶν·
3112 1286 3140 1337 ὁ
3178 1285 3253 1355 μὴ
3299 1284 3368 1337 τά
3409 1283 3746 1354 παρελθόντα

2169 1369 2432 1446 κολάζων,
2488 1379 2624 1433 ἀλλά
2661 1378 2730 1433 τά
2764 1379 3029 1450 μέλλοντα
3073 1378 3418 1450 δοκιμάζων,
3471 1378 3747 1450 ἀμνηστίᾳ

2170 1470 2455 1544 παρελθὼν
2484 1471 2552 1525 τὰ
2584 1471 2924 1542 προλαϐόντα
2958 1472 3127 1541 αὐτῆς
3156 1469 3324 1533 κακὰ,
3358 1472 3493 1540 τιμᾷ
3519 1469 3618 1540 τὴν
3647 1487 3744 1538 γυ-

2168 1565 2352 1628 ναῖκα,
2393 1563 2488 1616 καὶ
2526 1563 2740 1615 ἐπαινεῖ
2786 1560 2884 1632 τὴν
2933 1561 3219 1631 μετάνοιαν
3243 1578 3256 1590 ·
3309 1560 3507 1613 δικαιοῖ
3545 1561 3613 1614 τὰ
3654 1560 3746 1614 δά-

2170 1672 2334 1727 κρυα,
2368 1657 2463 1708 καὶ
2493 1657 2747 1722 στεφανοῖ
2773 1653 2869 1723 τὴν
2906 1651 3183 1724 πρόθεσιν.

567 1750 703 1804 Vill.
745 1747 944 1802 Videns
976 1755 1157 1801 autem
1188 1744 1498 1797 Pitarismus
1527 1738 1865 1805 miraculum,
1889 1736 2069 1793 animo

2241 1746 2322 1802 H’.
2338 1748 2406 1800 Ὅ
2439 1764 2503 1817 γε
2524 1748 2815 1818 Φαρισαῖος
2842 1744 2984 1815 ὀρῶν
3000 1745 3060 1796 τὸ
3094 1743 3279 1815 θαῦμα
3297 1783 3313 1808 ,
3335 1744 3631 1815 πλήττεται
3653 1742 3747 1814 τὴν
3784 1732 3791 1742 ’

495 1842 865 1913 obstupescit:
901 1840 1144 1907 ictusque
1177 1835 1401 1901 invidia,
1423 1832 1663 1887 mulieris
1688 1831 2064 1900 paenitentiam

496 1952 605 1994 non
633 1934 889 1989 admittit.
914 1931 1052 1997 Quin
1079 1943 1229 1990 vero,
1251 1941 1372 1995 quae
1396 1924 1475 1981 sic
1508 1923 1795 1979 Dominum
1834 1923 2067 1978 honora-

496 2041 672 2094 verat,
704 2024 1029 2083 contumelia
1056 2036 1153 2078 ceu
1195 2021 1248 2074 in
1283 2020 1474 2074 laciem
1503 2019 1698 2072 caedit:
1732 2017 1958 2087 ejusque
1981 2016 2068 2071 cui

496 2120 709 2176 delatus
730 2125 873 2173 esset
900 2115 1093 2174 boaos,
1156 2112 1461 2181 ignorantia
1494 2110 1699 2165 calculo
1728 2110 1951 2176 tributa,
1984 2110 2069 2164 di-

499 2213 758 2282 gnitatem
784 2208 993 2262 minuit.
1040 2205 1233 2260 Videris
1292 2205 1453 2266 enim,
1502 2204 1717 2271 inquit,
1764 2199 2070 2255 Phariswus

497 2306 591 2377 qui
624 2313 885 2357 vocaverat
916 2311 1066 2360 eum,
1104 2299 1176 2351 ait
1232 2300 1372 2350 intra
1417 2309 1511 2350 se:
1552 2293 1675 2359 Hic,
1711 2295 1757 2347 si
1782 2302 1912 2349 esset
1956 2308 2073 2361 pro.

499 2397 676 2465 pheta,
719 2394 874 2447 sciret
928 2391 1104 2457 utique
1137 2405 1254 2458 quia
1294 2400 1341 2441 et
1393 2386 1565 2455 qualis
1611 2394 1689 2439 est
1734 2385 1923 2438 mulier
1955 2398 2073 2454 quia

504 2486 668 2555 tangit
698 2500 816 2539 eum
843 2498 862 2536 :
887 2484 1014 2551 quia
1041 2482 1308 2548 peccatrix
1335 2488 1429 2532 est.
1458 2476 1504 2533 Ο
1523 2476 1685 2531 stulte
1708 2486 1761 2531 et
1790 2475 2069 2545 insipiens,

501 2589 833 2648 prorsusque
864 2573 1171 2627 Pharisaee!
1201 2571 1333 2624 Dum
1361 2570 1462 2623 ista
1488 2568 1647 2631 dicis,
1696 2582 1801 2621 non
1835 2566 2073 2621 mulieris

503 2668 691 2734 arguis
722 2681 943 2730 mores;
973 2668 1065 2720 sed
1095 2674 1243 2718 tuum
1282 2666 1396 2733 ipse
1422 2662 1661 2715 animum
1696 2658 2072 2729 reprehendis,

503 2762 597 2829 qui
626 2760 799 2822 dicas,
831 2758 1042 2813 nescire
1078 2756 1227 2810 illum
1270 2769 1515 2825 quaenam
1550 2761 1694 2808 esset
1725 2750 1938 2805 mulier.
1955 2749 2070 2805 Non

495 2861 717 2922 ergout
754 2851 917 2904 Deum
958 2850 1249 2919 quinosset
1279 2844 1741 2908 omnia,vocando
1772 2841 2070 2918 honorasti.

507 2942 626 2997 Non
667 2942 832 3011 igitur
859 2939 1043 3009 pudet,
1067 2953 1099 2994 o
1123 2938 1408 3009 magniﬁce
1432 2935 1795 2991 calumniator
1832 2944 1886 2989 et
1917 2948 2075 3005 syco-

2169 1839 2431 1901 διάνοιαν,
2469 1838 2564 1892 καὶ
2586 1837 2765 1908 φθόνῳ
2797 1836 3142 1907 βαλλόμενος,
3177 1836 3237 1888 οὐ
3264 1835 3629 1906 παραδέχεται
3654 1834 3748 1903 τῆς

2174 1931 2431 2000 γυναικὸς
2460 1931 2560 2002 τὴν
2597 1928 2904 2001 μετάνοιαν.
2954 1927 3114 1980 ’Δλλὰ
3156 1928 3249 1979 κοιλ⁸
3287 1926 3386 1996 τὴν
3416 1925 3560 1978 οὕτω
3593 1927 3750 1994 τιμή-

2173 2040 2343 2078 σασαν
2376 2022 2468 2076 τὸν
2501 2021 2727 2093 Κύριον,
2766 2021 3117 2093 ἐπιρραπίζει
3151 2023 3214 2092 τῇ
3246 2017 3511 2089 λοιδορίᾳ·
3538 2017 3629 2070 καὶ
3658 2016 3748 2081 τοῦ

2169 2115 2492 2187 τιμηθέντος
2538 2114 2751 2167 ἐλαττοῖ
2782 2113 2841 2166 τὸ
2874 2112 3089 2184 ἀξίωμα
3109 2152 3125 2176 ,
3152 2113 3374 2180 ἄγνοιαν
3410 2110 3559 2180 αὐτῷ
3585 2125 3749 2162 κατα-

2177 2205 2566 2276 ψηφιζόμενος.
2609 2203 2768 2258 Ἰδὼν
2800 2203 2928 2273 γὰρ,
2958 2204 3143 2274 φησὶν,
3175 2206 3208 2256 ό
3232 2201 3553 2271 Φαρισαῖος
3578 2203 3611 2255 ὀ
3648 2215 3750 2253 κα-

2171 2297 2360 2363 λέσας
2381 2296 2586 2359 αὐτὸν,
2602 2291 2771 2349 εἶπεν
2793 2294 2862 2348 ἐν
2884 2294 3095 2357 ἐαυτῷ·
3126 2289 3336 2359 Οὗτος,
3350 2296 3399 2347 εί
3420 2289 3499 2363 ἦν
3526 2290 3752 2361 προφή-

2172 2408 2302 2459 της,
2342 2390 2606 2461 ἔγνωκεν
2630 2388 2708 2443 ἂν
2736 2390 2827 2454 τίς
2861 2389 2961 2441 καὶ
3008 2386 3247 2455 ποταπὴ
3295 2388 3335 2455 ἡ
3375 2385 3552 2456 γυνὴ,
3585 2385 3625 2452 ἦ
3663 2402 3752 2449 τις

2172 2482 2417 2538 ἅπτεται
2442 2474 2443 2477 ¹
2469 2480 2678 2544 αὑτοῦ,
2721 2481 2812 2535 ὄτι
2864 2482 3215 2551 ἁμαρτωλός
3247 2481 3438 2534 ἐστιν,
3476 2476 3547 2532 Ὦ
3579 2479 3751 2550 ἄφρον

2173 2577 2268 2631 καί¹
2296 2576 2546 2641 ἀσύνετε,
2577 2576 2673 2629 καὶ
2696 2575 2764 2629 τὰ
2793 2575 2890 2630 ὅλα
2916 2577 3177 2646 Φαρισαῖε
3198 2575 3211 2628 l
3236 2574 3423 2628 Ταῦτα
3464 2573 3660 2641 λέγων.
3691 2572 3751 2625 οὐ

2174 2667 2274 2738 τῆς
2306 2667 2561 2736 γυναικὸς
2587 2666 2883 2736 διελέγχεις
2910 2666 3001 2719 τὸν
3038 2667 3238 2736 τρόπον
3257 2682 3272 2696 ⁸
3311 2662 3449 2718 ἀλλά
3478 2664 3576 2735 τῆς
3615 2663 3750 2726 ἰδίας

2172 2762 2497 2830 κατηγορεῖς
2546 2758 2953 2829 προαιρέσεως,
2990 2759 3203 2826 ἀγνοεῖν
3238 2756 3400 2811 αὐτὸν
3434 2755 3642 2823 λέγων,
3671 2756 3755 2820 τίς

2173 2867 2304 2904 ποτε
2343 2850 2590 2922 ὑπῆρχεν
2630 2851 2663 2921 ή
2704 2849 2865 2919 γυνή.
2898 2847 3108 2902 Οὐκοῦν
3155 2848 3252 2917 οὺχ
3302 2847 3379 2910 ὡς
3411 2845 3544 2899 Θεὸν
3578 2845 3756 2900 πάντα

2172 2938 2508 3009 γινώσκοντα
2526 2941 2592 3011 τῇ
2618 2938 2808 3009 κλήσει
2835 2937 3101 3008 ἐτίμησας
3121 2953 3135 2967 ·
3164 2937 3262 2990 οὐκ
3284 2936 3407 3007 αἰδῇ
3431 2932 3547 3000 οὖν,
3564 2929 3758 3006 ὧλαμ-

501 3036 727 3106 phanta,
759 3033 904 3103 quod
928 3032 1145 3102 quidem
1200 3040 1258 3084 ut
1281 3029 1445 3084 Deum
1489 3042 1668 3093 voces,
1699 3036 1754 3082 et
1788 3027 1879 3096 qui
1912 3029 2072 3082 bene-

2176 3031 2282 3102 πρὲ
2307 3031 2579 3102 κατήγορε
2612 3030 2706 3083 καὶ
2738 3031 3071 3098 συκοφάντα,
3111 3030 3193 3083 ὅτι
3230 3028 3417 3092 καλεῖς
3459 3028 3559 3099 μὲν
3590 3029 3755 3082 αὑτὸν

505 3125 686 3182 dicere
717 3124 924 3192 possit:
947 3122 1252 3193 proclames
1284 3135 1412 3175 vero
1437 3130 1493 3174 ut
1523 3121 1795 3175 hominem
1824 3135 1888 3174 ac
1927 3119 2072 3174 velut

2175 3098 2251 3186 ὡς
2274 3121 2407 3176 Θεὸν
2435 3098 2530 3176 καί
2552 3122 2843 3193 εὐλογῆσαι
2862 3122 3181 3192 δυνάμενον,
3210 3098 3483 3192 καταδοᾷς
3506 3120 3563 3174 δὲ
3588 3120 3755 3174 αὐτοῦ

508 3230 660 3280 eum,
689 3215 776 3283 qui
816 3212 949 3268 nihil
977 3212 1241 3282 sciatprze
1273 3211 1446 3267 nobis.
1491 3209 1614 3277 Hic,
1650 3211 1846 3281 inquit,
1876 3211 1920 3264 si
1942 3219 2072 3264 esset

2175 3213 2251 3277 ὡς
2278 3212 2586 3284 ἀνθρώπου,
2618 3213 2713 3266 καὶ
2741 3211 2906 3283 μηδὲν
2941 3213 3082 3284 ὑπὲρ
3104 3214 3251 3283 ἡμᾶς
3287 3213 3511 3277 εἰδότος.
3540 3208 3752 3278 Οὗτος.

504 3309 779 3377 propheta.
818 3304 864 3362 Ο
891 3321 1050 3376 quam
1081 3314 1133 3361 te
1173 3305 1383 3370 melior,
1447 3304 1737 3368 Phariaene,
1768 3304 1958 3358 mulier
1986 3303 2072 3358 illa

2175 3304 2339 3376 φησὶν
2357 3345 2372 3368 ,
2400 3307 2452 3358 εὶ
2491 3301 2570 3375 ἦν
2600 3304 2933 3374 προφήτης.
2965 3306 3076 3359 Καὶ
3107 3306 3273 3361 πόσον
3304 3322 3398 3359 σου
3427 3304 3682 3376 βελτίων,
3710 3304 3759 3358 ὢ

506 3399 562 3453 in
612 3396 891 3461 Siehimis,
945 3409 1065 3463 qua:
1109 3394 1427 3464 prophetam
1485 3394 1751 3456 nesciens,
1807 3408 1871 3448 ex
1904 3393 2072 3461 primo

2175 3398 2450 3468 Φαρισαῖε,
2494 3400 2527 3469 ἡ
2566 3399 2623 3450 ὲν
2660 3397 2923 3468 Σικήμοις
2962 3398 3122 3467 γυνὴ,
3165 3399 3200 3468 ή
3247 3396 3322 3469 μὴ
3363 3398 3650 3469 προφήτην
3679 3399 3756 3449 εἰ·

506 3487 687 3540 statim
721 3486 840 3541 visu
872 3485 1117 3541 confessa
1148 3492 1232 3539 est
1254 3483 1609 3538 Salvatorem!
1657 3484 1875 3538 Domine
1907 3485 2072 3553 enim,

2175 3488 2315 3552 δυῖα,
2352 3489 2445 3543 καὶ
2476 3489 2540 3542 ὲκ
2581 3487 2804 3560 πρώτης
2845 3488 3021 3557 ὂψεως
3062 3487 3155 3541 τὸν
3201 3488 3434 3560 Σωτῆρα
3472 3487 3757 3559 ὁμολογή-

503 3578 700 3647 inquit,
732 3577 878 3630 video
902 3577 1024 3646 quia
1046 3576 1295 3645 propheta
1348 3594 1402 3631 es
1451 3587 1507 3631 tu
1536 3576 1598 3629 ".
1637 3575 1806 3642 Quam
1857 3589 1987 3630 vero
2022 3583 2072 3629 et

2176 3584 2334 3636 cuca!
2372 3583 2569 3651 Κύριε.
2617 3581 2745 3653 γὰρ,
2776 3582 2942 3651 φησὶ,
2987 3577 3179 3648 θεωρῶ
3215 3580 3305 3634 ὅτι
3351 3581 3663 3649 προφήτης
3702 3575 3766 3632 εἴ

505 3672 624 3727 inec
674 3672 971 3740 peccatrix,
1030 3686 1142 3741 pra:
1197 3682 1247 3725 te
1294 3671 1454 3741 digna
1486 3671 1886 3735 admiratione,
1922 3670 2072 3739 cujus

2175 3676 2278 3729 σύ.
2326 3676 2496 3728 Πόσον
2527 3674 2585 3729 δέ
2627 3693 2721 3728 σου
2750 3673 3171 3745 θαυμαστοτέρα
3199 3674 3293 3726 καὶ
3331 3672 3471 3744 αὕτη
3511 3674 3546 3742 ἡ
3577 3673 3759 3743 ἀμαρ-

508 3762 723 3833 quidem
756 3762 904 3816 vides
944 3770 1245 3829 peccatum,
1278 3758 1373 3815 sed
1407 3762 1781 3830 pmntitentiam
1825 3778 1928 3818 non
1959 3778 2078 3818 cer-

506 3853 613 3908 nisl
645 3852 784 3919 Quin
810 3861 865 3906 et
886 3852 1241 3915 condemnas,
1270 3868 1431 3922 quam
1456 3853 1617 3920 iudex
1658 3853 1923 3922 justiiicat
1955 3874 1968 3908 :
1994 3870 2078 3910 re-

504 3945 903 4014 prehendisqae
927 3955 982 3998 et
1010 3948 1323 4014 vitttperas,
1381 3962 1542 4017 quam
1588 3947 1730 4002 Deus
1777 3948 2079 4016 suscipiens

506 4041 764 4092 coronat:
797 4037 938 4105 quod
973 4036 1144 4092 visum
1181 4038 1322 4107 apud
1350 4047 1401 4091 te
1429 4037 1597 4092 Deum
1626 4039 1680 4092 in
1709 4038 1880 4092 forma
1905 4040 2080 4093 homi-

506 4128 1047 4201 nisrecumhentem,
1084 4129 1328 4198 agnovit,
1353 4128 1510 4197 eique
1555 4128 1815 4183 honorem
1848 4128 2033 4184 habuit
2062 4149 2075 4184 :

507 4223 669 4284 atque
709 4216 902 4269 animae
927 4216 1150 4270 retectis
1171 4216 1502 4280 vulneribus,
1550 4216 1999 4283 misericordiam,
2025 4233 2080 4276 et

508 4308 798 4362 anterioris
829 4308 951 4363 vita:
978 4311 1390 4364 commissorum
1436 4311 1871 4368 obliterationem
1902 4315 2076 4385 petiit.

509 4397 552 4450 Τ
560 4414 589 4450 ιι
616 4407 792 4451 autem
825 4399 916 4467 qui
972 4402 1254 4454 ltouorasti
1319 4402 1583 4465 vocando,
1637 4405 1960 4459 contumelia
1997 4405 2079 4459 in-
2112 4450 2154 4503 Β

507 4488 765 4554 bonoras,
819 4489 1041 4544 dicens:
1081 4489 1139 4545 Si
1190 4502 1319 4549 esset
1376 4494 1648 4560 propheta,
1706 4494 1857 4547 sciret
1901 4501 2078 4564 utique

505 4596 624 4650 (μα’
650 4590 701 4634 et
728 4579 903 4651 qualis
957 4593 1031 4635 est
1091 4584 1277 4637 mulier
1326 4599 1442 4652 qua:
1474 4587 1651 4654 tangit
1698 4603 1835 4639 eum.
1884 4586 2071 4641 Miser!

504 4683 794 4743 propterea
858 4674 981 4742 quia
1033 4690 1136 4729 non
1193 4676 1369 4745 arguit
1420 4686 1506 4731 tua
1566 4678 2076 4748 mala.ignoranti:e

506 4766 775 4820 damnas?
809 4764 1100 4834 Propterea
1133 4768 1257 4835 quia
1285 4776 1482 4822 tectum
1512 4777 1659 4822 tuum
1684 4768 1929 4838 pluribus
1949 4784 2070 4838 gra-

505 4869 690 4912 vatum
724 4858 881 4911 malis
906 4858 1090 4922 subiit,
1121 4861 1397 4913 scientiam
1431 4861 1659 4915 adimis?
1712 4859 1788 4913 Ita
1814 4876 1902 4923 ne,
1933 4863 2075 4928 quod

504 4950 784 5020 rogaveris
818 4960 876 5003 nt
897 4952 1123 5006 intraret
1146 4953 1244 5005 sub
1275 4961 1469 5007 tectum
1495 4959 1671 5015 tuum,
1697 4961 1756 5004 ut
1778 4961 1953 5006 tecum
1980 4966 2074 5005 ac-

504 5043 801 5109 cumberet,
819 5043 1079 5097 uteduliis
1101 5045 1205 5098 tuis
1224 5044 1477 5113 adjiceret
1492 5059 1730 5107 manum,
1745 5058 1843 5097 nec
1860 5053 2077 5111 rogatus

505 5133 777 5200 abnuerit,
813 5151 977 5190 unum
1013 5136 1242 5205 aliquem
1267 5138 1334 5190 de
1369 5136 1551 5190 multis
1592 5130 2074 5189 arbitraris?Num

508 5238 636 5280 vero
661 5226 853 5297 dignus
883 5239 1026 5292 eras,
1065 5238 1121 5279 ut
1147 5227 1381 5296 hospitio
1436 5225 1599 5281 Deum
1648 5226 1947 5295 exciperes,
1982 5231 2075 5277 aut

507 5319 554 5370 ei
588 5333 806 5384 parares
834 5333 1099 5385 mensam,
1150 5319 1243 5389 qui
1293 5333 1529 5374 mensam
1582 5318 1791 5388 paravit
1816 5318 1868 5371 in
1891 5318 2074 5371 deser-

508 5418 562 5462 to
593 5409 677 5461 ὀἳ
730 5408 927 5465 Verum
971 5425 1093 5467 cum
1149 5411 1483 5482 propensiori
1543 5411 1594 5465 in
1652 5410 1899 5465 homines
1930 5418 2075 5464 esset

504 5497 719 5566 aﬂ'ectu,
762 5519 867 5557 non
900 5504 1219 5577 detrectavit
1254 5513 1311 5559 ut
1344 5519 1375 5558 a
1407 5504 1520 5559 suis
1574 5504 1689 5575 ipse
1739 5501 1952 5558 famulis
1980 5516 2074 5571 po-

577 5680 624 5715 “
653 5678 757 5738 isa.
777 5695 925 5750 uri,
977 5684 1029 5737 l.

2174 3763 2365 3831 τωλὸς,
2399 3759 2467 3837 ἧς
2510 3764 2607 3835 τὴν
2641 3766 2737 3835 μὲν
2766 3764 3040 3835 ἁμαρτίαν
3068 3762 3222 3836 ὁρᾷς,
3252 3762 3349 3834 τὴν
3376 3762 3435 3815 δὲ
3466 3764 3756 3833 μετάνοιαν

2175 3859 2233 3910 οὑ
2268 3857 2517 3928 βλέπειςι
2558 3857 2716 3910 Ἀλλά
2756 3857 2849 3909 καὶ
2890 3856 3258 3927 κατακρίνεις,
3292 3856 3360 3925 ἢν
3393 3857 3421 3909 ὁ
3447 3856 3643 3926 κριτὴς
3670 3854 3756 3908 δι-

2174 3953 2350 4004 καιοῖ·
2384 3952 2478 4005 καὶ
2513 3950 2705 4023 μέμφῃ
2732 3951 2827 4003 καὶ
2862 3949 3072 4020 ψέγεις,
3108 3950 3176 4020 ἣν
3222 3949 3402 4013 ὁΘεὸς
3417 3946 3759 4019 ἀποδεξάμε-

2176 4057 2265 4104 νος
2311 4043 2592 4110 στεφανοῖ·
2629 4042 2710 4094 ὅτι
2746 4039 2929 4093 ἰδοῦσα
2964 4040 3116 4112 παρά
3151 4041 3235 4093 σοι
3277 4039 3410 4093 Θεὸν
3442 4041 3501 4093 ὲν
3543 4038 3759 4110 ἀνθρώ-

2177 4148 2280 4184 που
2312 4133 2489 4203 μορρῇ
2534 4131 2957 4201 κατακείμενον,
2986 4131 3203 4199 ἐπέγνω
3241 4131 3334 4183 καὶ
3367 4129 3595 4201 ἐτίμησε
3616 4148 3629 4161 ο
3660 4131 3759 4184 καὶ

2176 4225 2245 4279 τὰ
2280 4225 2380 4293 τῆς
2426 4224 2603 4294 ψυχῆς
2641 4223 2999 4293 ὲκκαλύψασα
3035 4221 3362 4295 τραύματα,
3400 4221 3547 4276 ἔλεον
3585 4223 3758 4294 ⁴ᾔτησε

2178 4316 2273 4369 καὶ
2302 4314 2409 4368 τῶν
2445 4314 2789 4384 βεϐιωμένων
2821 4315 2920 4385 τὴν
2958 4313 3287 4386 ἀμνηστίαν.
3320 4314 3392 4366 Σὺ
3424 4313 3482 4366 δὲ
3517 4316 3759 4384 τιμήσας

2178 4409 2243 4477 τῇ
2299 4405 2512 4475 κλήσει,
2557 4406 2842 4476 ἀτιμάζεις
2892 4409 2957 4477 τῇ
3009 4404 3265 4476 λοιδορίᾳ,
3320 4402 3519 4472 λέγων·
3561 4407 3632 4458 El
3677 4399 3764 4473 ἦν·

2185 4496 2513 4565 προφήτης,
2543 4498 2873 4566 ἐγίνωσκεν
2900 4496 2977 4551 ἂν
2995 4499 3087 4564 τίς
3116 4498 3215 4552 καὶ
3241 4498 3479 4568 ποταπὴ
3507 4499 3546 4567 ἡ
3575 4495 3761 4567 γυνὴ,

2186 4588 2225 4654 ἢ
2257 4606 2346 4654 τις
2391 4587 2635 4642 ἅπτεται
2684 4590 2891 4645 αὑτοῦ.
2946 4590 3161 4644 Ἀθλιει
3210 4590 3398 4661 ἐπειδὴ
3445 4591 3514 4645 τὰ
3561 4590 3628 4643 σά
3658 4590 3767 4643 οὐκ

2187 4680 2378 4750 ’ήλεγξε
2426 4679 2591 4744 κακὰ,
2632 4682 2853 4748 ἄγνοιαν
2887 4682 3050 4735 αὑτοῦ
3098 4684 3481 4756 καταψηφίζω
3539 4684 3767 4757 Ἐπειδὴ

2185 4775 2284 4842 τὴν
2306 4774 2516 4837 πολλοῖς
2541 4778 2729 4839 κακοῖς
2751 4775 3128 4847 βεδαρημένην
3152 4795 3246 4831 σου
3273 4778 3471 4848 στέγην
3497 4778 3764 4850 ὑπῆλθεν,

2187 4869 2431 4937 ἀναιρεῖς
2483 4867 2647 4921 αὐτοῦ
2689 4867 2787 4939 τὴν
2825 4868 3052 4937 γνῶσιν;
3105 4871 3243 4922 Ἀλλ’
3283 4872 3470 4939 ἐπειδὴ
3518 4871 3771 4940 ἠξίωσας

2184 4957 2344 5008 αὑτὸν
2373 4956 2472 5026 τὴν
2503 4956 2600 5028 σὴν
2647 4957 2897 5012 ὑπελθεῖν
2940 4960 3173 5031 στέγην,
3223 4961 3574 5033 ἀνακλιθῆναι
3621 4962 3768 5032 μετὰ

2184 5045 2301 5107 σοῦ,
2345 5048 2441 5100 καὶ
2473 5050 2628 5118 χεῖρα
2662 5046 2971 5102 ὲπιὸἀλλειν
3014 5052 3125 5114 τοῖς
3173 5051 3435 5122 ὲδέσμασί
3472 5069 3599 5114 σου,
3659 5055 3768 5105 ὲπ-

2182 5136 2367 5189 ένευσε
2399 5138 2491 5190 καὶ
2505 5138 2605 5191 οὐκ
2624 5137 2953 5208 ἀπηξίωσεν,
2981 5138 3076 5193 ἕνα
3112 5142 3273 5196 αὐτὸν
3298 5142 3403 5195 τῶν
3435 5142 3643 5196 πολλῶν
3668 5160 3767 5195 νο-

2185 5228 2395 5299 μίζειςς
2438 5229 2620 5294 ’Λξιος
2650 5229 2706 5282 δὲ
2738 5226 2879 5300 ἦσθα
2906 5230 3259 5303 ξενοδοχῆσαι
3288 5233 3442 5299 Θεὸν,
3484 5234 3767 5307 η’τράπε-

2184 5320 2281 5383 ζαν
2312 5321 2619 5393 παραϐῆναι
2650 5322 2726 5393 τῷ
2760 5322 3098 5394 ἐτοιμάζοντι
3130 5326 3405 5397 τράπεζαν
3446 5329 3502 5381 ὲν
3530 5329 3763 5399 ὲρήμῳ;

2197 5411 2355 5464 Ἀλλά
2379 5412 2760 5482 φιλάνθρωπος
2788 5412 2883 5478 ὢν,
2907 5416 2969 5468 οὐ
2999 5419 3355 5488 παρητήσατο
3379 5418 3473 5471 καὶ
3502 5420 3633 5489 παρ’
3658 5420 3765 5471 αὑ-

2184 5502 2292 5557 τῶν
2319 5503 2426 5557 τῶν
2457 5505 2681 5558 οἰκετῶν
2725 5504 2873 5575 πόμα
2917 5506 3011 5559 καὶ
3054 5507 3221 5560 σιτίον
3267 5508 3643 5575 ὑποδέξασθαι.
3690 5509 3765 5566 Τί

1110 5682 1148 5716 ’⁷
1178 5681 1321 5742 Psal.
1351 5696 1501 5750 LXXI,
1534 5681 1587 5737 9.
1667 5683 1707 5716 ⁸⁸
1735 5683 1889 5740 Joan.
1933 5698 2050 5747 xm,

2252 5687 2475 5741 "Joan.
2531 5703 2579 5739 tv
2612 5729 2624 5753 ,
2680 5686 2765 5740 19.
2846 5688 2890 5719 ⁸ο
2951 5688 3120 5743 Exod.
3158 5682 3383 5756 “1,13.
