4030 6408
311 471 368 529 81
1273 472 1535 530 ORATIO
1571 474 1636 529 IN
1679 474 2037 531 MULIEREM
2079 471 2574 527 PECCATRICEM.
3451 473 3521 527 κε

311 584 390 642 οὖν
431 589 654 640 αίτιᾶσαι
703 587 1087 659 φιλάνθρωπον
1138 590 1438 660 Δεσπότην,
1480 585 1526 644 ὦ
1562 592 1853 663 Φαρισαῖε,

1964 601 2072 643 tum
2099 604 2361 656 escasque
2393 589 2714 652 susciperet.
2761 586 2898 652 Quid
2944 601 3073 656 ergo
3108 586 3394 654 benignum
3422 587 3523 642 Do-

310 677 482 748 ὁμοίως
509 680 582 740 είς
608 677 819 740 πάντας
841 679 932 731 τὸν
956 679 1056 748 τῆς
1084 682 1453 751 χρηστότητος
1481 683 1644 751 ζυγὸν
1664 684 1858 737 ταλαν-

312 771 536 834 τεύοντα;
562 771 624 821 Τί
661 770 720 823 δὲ
763 773 853 824 τὸν
893 771 1118 825 κύνωπα
1150 774 1249 843 τῆς
1293 775 1548 841 γυναικὸς
1587 776 1855 841 διῦλίζων,

310 863 391 932 τὴν
418 862 648 932 κάμηλον
680 863 790 915 τῶν
839 863 1054 917 οἰκείων
1099 866 1286 919 κακῶν
1337 868 1695 932 καταπίνεις;
1748 871 1858 922 Καὶ

310 955 385 1005 ἐπὶ
410 955 482 1004 σοὶ
519 955 615 1023 μὲν
659 954 1014 1024 μακρόθυμον
1047 957 1140 1009 τὸν
1185 957 1320 1010 Θεὸν
1354 957 1492 1012 εἶναι
1545 960 1730 1032 βούλῃ,
1765 962 1857 1014 ἐπὶ

305 1043 450 1115 ταύτῃ
493 1045 546 1097 δὲ
580 1045 885 1114 ἀπότομον;
929 1045 994 1098 Τί
1042 1047 1129 1099 ἐπ’
1189 1048 1494 1120 ἀλλοτρίοις
1544 1051 1854 1120 ἐγκλήμασι

305 1132 595 1203 παροξύνεις
617 1133 711 1186 τὸν
731 1135 1012 1207 δικαστὴν,
1031 1139 1122 1190 ἐπὶ
1150 1141 1260 1202 τοῖς
1287 1142 1504 1204 οἰκείοις
1528 1145 1855 1213 συγγνώμην

302 1223 472 1288 αίτῶν;
517 1226 579 1278 Τί
625 1231 1041 1297 συνεφωνήσατε
1083 1231 1194 1298 (7'2)
1242 1235 1306 1285 σὺ
1348 1234 1441 1285 καὶ
1496 1234 1695 1296 Ἰούδας
1735 1251 1854 1285 πει-

305 1318 444 1384 ρᾶσαι
467 1315 555 1368 τὸν
583 1317 823 1386 Κύριον;
867 1321 938 1372 Σὺ
975 1320 1072 1390 μὲν
1104 1323 1211 1392 γὰρ
1237 1323 1312 1382 ὡς
1346 1323 1584 1394 καθαρὸς
1623 1325 1730 1376 ἀπὸ
1763 1325 1857 1394 ῥύ-

299 1426 417 1472 που,
447 1411 532 1463 ἐπὶ
556 1415 672 1474 τοῖς
704 1403 1064 1483 ἁμαρτήμασι
1093 1414 1363 1486 διασύρων
1405 1417 1494 1468 τὸν
1534 1416 1818 1487 ἄνθρωπον
1838 1458 1852 1480 ,

299 1501 489 1564 ἄγνοιαν
513 1504 868 1574 καταψηφίζῃ
895 1504 1029 1558 Θεοῦ
1053 1523 1065 1536 ο
1092 1509 1119 1559 ὁ
1139 1507 1216 1567 δὲ,
1241 1507 1315 1570 ὼς
1340 1508 1674 1577 φιλόπτωχος
1699 1510 1856 1575 ἀγαν-

304 1596 468 1656 ακτεῖ,
523 1594 734 1662 λέγων·
795 1596 889 1660 Τίς
936 1597 975 1664 ἢ
1024 1597 1288 1650 ἀπώλεια
1329 1599 1434 1651 τοῦ
1482 1601 1678 1667 μύρου
1725 1601 1856 1652 τού-

297 1698 413 1743 του;
447 1682 702 1736 ἐδύνατο
731 1686 842 1752 τὰρ
870 1685 1166 1753 πραθῆναι
1191 1687 1448 1744 πολλοῦ.
1482 1690 1576 1740 καὶ
1608 1687 1854 1754 δοθῆναι

296 1775 542 1842 πτωχοῖς.
597 1777 665 1828 Ὦ
699 1776 796 1846 τῆς
829 1777 1143 1846 ἀγνώμονος
1185 1777 1440 1847 γνώμηςῑ
1476 1780 1538 1830 Ὢ
1570 1779 1678 1831 τῶν
1724 1781 1857 1850 ἀχα-

302 1867 474 1936 ρίστων
496 1868 752 1937 τρόπωνί
799 1867 1099 1920 Ἀπώλειαν
1131 1869 1304 1938 τίθης,
1340 1869 1527 1932 Ἰούδα,
1561 1871 1660 1940 τὴν
1694 1870 1856 1942 Θεράο

1964 685 2168 738 minum
2201 682 2461 752 postulas,
2489 696 2522 735 ο
2547 680 2840 744 Ρὶιιιιίδαξε,
2894 680 2982 746 qui
3027 679 3078 732 in
3110 693 3301 732 omnes
3324 679 3527 747 pariter

1963 775 2220 829 bonitatis
2272 782 2528 828 stateram
2570 770 2843 826 libret“?
2893 771 3030 835 Quid
3088 782 3218 824 vero
3277 769 3528 824 excolans

1962 868 2204 922 mulieris
2237 867 2484 928 culicem,
2537 874 2748 918 tuorum
2783 864 2895 932 ipse
2941 863 3205 916 malorum
3258 861 3524 916 camelum

1956 959 2186 1028 deglutis
2209 959 2292 1010 “1’
2316 960 2379 1011 Et
2409 957 2650 1026 quidem,
2684 957 2766 1009 vis
2788 956 2840 1009 in
2879 966 2933 1009 te
2958 954 3120 1010 Deum
3142 953 3528 1024 longanimem;

1961 1052 2010 1104 in
2046 1053 2183 1104 hanc
2205 1063 2382 1104 autem
2407 1059 2714 1118 promptum
2749 1049 2814 1100 ad
2845 1047 3024 1100 iram?
3065 1044 3204 1112 Quid
3241 1045 3528 1099 Dominum
3601 1059 3609 1066 '

1961 1159 2249 1212 exasperas
2281 1145 2330 1196 in
2358 1143 2549 1196 alienis
2580 1142 2924 1205 criminibus,
2966 1141 3056 1210 qui
3095 1140 3146 1194 in
3177 1139 3411 1209 propriis
3439 1153 3530 1190 ve-

1958 1237 2102 1290 niam
2138 1236 2331 1304 petas?
2358 1236 2494 1302 Quid
2525 1244 2577 1286 tu
2604 1234 2878 1302 Judasque
2915 1233 3261 1294 convenistis,
3317 1240 3376 1285 ut
3422 1241 3532 1284 ten-

1961 1330 2145 1383 taretis
2171 1329 2455 1381 Dominum
2474 1329 2496 1380 ?
2515 1326 2592 1380 Tu
2620 1327 2858 1394 quidem,
2885 1325 3027 1379 velut
3049 1316 3278 1377 mundus
3301 1339 3327 1376 a
3347 1324 3527 1386 sorde,

1958 1415 2250 1470 detrahens
2311 1416 2512 1468 homini
2551 1430 2648 1482 pro
2694 1414 2947 1481 peccatis,
3005 1414 3168 1465 Deum
3216 1412 3532 1482 ignorantia!

1957 1510 2181 1558 damnas
2210 1523 2224 1558 :
2268 1505 2359 1558 ille
2383 1516 2584 1563 autem,
2612 1520 2706 1557 ceu
2744 1518 3032 1572 pauperqu
3067 1518 3254 1556 amans
3287 1503 3532 1572 indigna-

1959 1607 2065 1660 tur,
2092 1594 2278 1648 dicens
2307 1611 2319 1644 :
2357 1592 2422 1646 Ut
2458 1596 2584 1657 quid
2611 1595 2831 1661 perditio
2866 1595 2966 1645 ista
3004 1594 3254 1662 unguenti
3277 1595 3300 1645 7
3320 1593 3529 1646 Poterat

1955 1687 2091 1738 enim
2123 1687 2412 1738 venundari
2444 1687 2638 1746 multo,
2670 1697 2714 1737 et
2750 1687 2865 1736 dari
2900 1684 3212 1751 pauperibus
3241 1683 3305 1736 ³³.
3337 1683 3380 1738 Ο
3431 1685 3536 1737 iui-

1959 1780 2185 1847 probum
2214 1778 2489 1831 animum!
2547 1775 2591 1832 Ο
2640 1779 2880 1847 ingratos
2934 1777 3149 1830 mores!
3184 1775 3466 1839 Histimas,
3499 1795 3532 1826 υ

1956 1869 2115 1932 Juda,
2170 1870 2553 1936 perditionem,
2597 1866 2915 1936 obsequium
2960 1865 3206 1921 Christi?
3262 1881 3533 1936 vocasque

296 1971 432 2011 πειαν
458 1958 546 2011 τοῦ
582 1959 858 2030 Χριστοῖη
887 1961 980 2012 καὶ
1010 1961 1236 2028 μάταιον
1265 1961 1527 2031 ἀνάλωμα
1559 1962 1763 2025 καλεῖς,
1796 1962 1856 2015 τὸ

1962 1961 2171 2015 inanem
2203 1969 2496 2029 sumptum,
2529 1961 2670 2029 quod
2707 1961 2760 2014 in
2803 1961 3061 2013 honorem
3103 1959 3197 2014 Dei
3245 1959 3531 2028 procedit?

293 2051 361 2111 εἰς
384 2052 535 2119 τιμὴν
569 2053 934 2121 προχωρῆσαι
963 2051 1134 2114 Θεοῦ;

351 2139 417 2192 Θ’.
441 2141 610 2194 Πότον
636 2140 912 2210 ἐδώκαμεν
949 2135 1023 2194 ὧν
1057 2143 1853 2216 ὲλάϐομενςΛογισ-ώμεθα,ἀφ’

290 2227 440 2300 οὗπερ
464 2233 490 2284 ὁ
537 2232 751 2301 κόσμος
791 2232 1109 2303 ἀνεδείχθη,
1161 2235 1316 2288 πόσοι
1361 2235 1513 2306 παρὰ
1554 2236 1654 2305 τῆς
1686 2236 1852 2289 αὑτοῦ

293 2318 481 2386 φύσεως
513 2321 707 2384 ἐλέους
750 2322 931 2390 ῥέουσι
987 2325 1240 2393 ποταμοὶ,
1276 2327 1368 2378 καὶ
1412 2329 1473 2379 ού
1513 2326 1785 2394 λογίζεται
1825 2329 1854 2380 ὁ

290 2407 404 2472 Θεὸς
440 2411 650 2480 ζημίαν
681 2411 779 2479 τὴν
803 2411 1079 2479 ἀφθονίαν.
1111 2413 1290 2476 Πόσας
1311 2417 1344 2484 ἡ
1377 2418 1447 2485 γῆ
1472 2417 1700 2478 εὐωδίας
1727 2414 1854 2484 βλα-

293 2499 475 2563 navet;
512 2500 696 2570 ῥόδον,
730 2501 822 2551 καὶ
855 2500 1060 2569 κρίνον,
1097 2502 1188 2553 καὶ
1221 2501 1467 2570 στύρακα
1487 2542 1501 2565 ,
1533 2502 1726 2573 νάρδον
1760 2503 1851 2556 καὶ

290 2593 522 2662 στακτὴν,
558 2591 663 2645 καὶ
695 2590 764 2645 τὰ
793 2591 947 2655 ἄλλα,
990 2592 1082 2661 ἀφ’
1110 2585 1187 2644 ὧν
1213 2592 1275 2644 τὸ
1310 2593 1472 2645 καλὸν
1512 2594 1851 2647 κατασκευά-

290 2681 420 2745 ζεται
457 2684 667 2754 μύρον·
709 2685 803 2736 καὶ
839 2684 901 2736 ού
947 2683 1220 2752 λογίζεται
1273 2685 1386 2755 (75)
1430 2686 1561 2748 Θεὸς
1631 2688 1710 2749 είς
1751 2687 1855 2739 ἀπ-

288 2770 461 2824 ώλειαν
481 2773 682 2826 ταῦτα·
709 2774 802 2825 καὶ
833 2774 919 2826 ἵνα
951 2773 1143 2844 μικρὸν
1172 2774 1509 2844 ἀλάϐαστρον
1545 2774 1716 2845 μύρου
1742 2778 1854 2838 τοῖς

289 2867 398 2917 ποσὶ
417 2866 509 2918 τοῦ
530 2865 776 2937 Χριστοῦ
803 2865 1052 2936 ἐπιχεθῇ,
1071 2866 1392 2934 γογγύζεις;
1420 2867 1510 2936 Μὴ
1533 2863 1626 2920 οὖν
1652 2869 1856 2937 προῖκα

289 2955 405 3010 αὐτὸ
447 2957 669 3021 Eii-165v,
729 2957 815 3010 ἵνα
870 2958 1191 3025 γογγύξεις;
1252 2957 1452 3010 Ἔλαϐε
1511 2956 1702 3029 μύρον,
1760 2959 1856 3010 καὶ

290 3045 440 3112 ἔδειξε
475 3047 772 3119 μετανοίας
793 3048 1014 3118 τρόπον.
1049 3048 1246 3100 Ἐλαϐε
1280 3049 1512 3118 δάκρυα,
1541 3050 1634 3102 καὶ
1659 3047 1855 3119 ἔστησε

290 3140 459 3210 πηγὴν
494 3139 940 3210 ἁμαρτημάτων.
976 3139 1108 3191 Ποία
1159 3135 1251 3192 οὖν
1301 3141 1446 3191 ἐστιν
1488 3137 1768 3203 ἀπώλεια,
1808 3140 1856 3190 εί

287 3231 448 3303 ἐσώθη
477 3232 621 3302 γυνὴ
648 3272 664 3293 ,
698 3231 764 3284 δι’
812 3232 878 3301 ἣν
907 3230 935 3281 ὁ
975 3231 1303 3302 παράδεισος
1335 3230 1667 3302 ἀπεκλείσθη
1705 3229 1848 3301 (7-5);

301 3323 447 3376 Ἀλλὰ
477 3324 647 3376 λυπεῖ
693 3339 751 3374 σε
797 3316 976 3385 τοῦτο,
1021 3322 1228 3378 Ἰούδας
1279 3323 1553 3386 Εἰκότωςο
1600 3323 1694 3377 καὶ
1747 3324 1855 3395 γὰρ

288 3415 366 3468 τὸν
393 3415 644 3468 διάϐολον
673 3413 945 3482 ἐλύπησεν
986 3414 1156 3483 αὐτῆς
1195 3416 1228 3484 ὴ
1282 3415 1543 3484 σωτηρία.
1586 3411 1706 3468 Οἵδε
1745 3416 1855 3487 γὰρ

289 3505 348 3557 δι’
379 3507 546 3578 αὐτῆς
573 3506 765 3558 λοιπὸν
798 3506 860 3558 τὸ
889 3505 1044 3573 γένος
1089 3506 1224 3576 πρὸς
1258 3492 1543 3574 μετάνοιαν
1591 3507 1857 3578 μεταϐαλ-

288 3595 522 3668 λόμενον·
563 3599 665 3652 καὶ
694 3598 946 3651 δάκνεται
980 3600 1074 3651 καὶ
1122 3599 1378 3650 ἀνιᾶται·
1432 3599 1531 3650 οὐκ
1577 3597 1714 3668 ἔχων
1745 3599 1856 3650 λοι-

291 3689 380 3742 πὸν
415 3691 638 3743 δίκτυον
667 3690 733 3743 δι’
761 3690 820 3741 ὃν
861 3690 1074 3762 θηράσῃ
1105 3689 1195 3742 τὸν
1225 3689 1528 3760 ἄνθρωπον.
1565 3689 1725 3743 Ὅθεν
1763 3689 1858 3742 καὶ

292 3783 345 3836 σὲ
371 3786 448 3846 εἰς
480 3785 542 3838 τὸ
590 3782 864 3852 γογγύσαι
911 3782 1303 3854 παρώρμησεν.
1339 3786 1442 3847 Εἰς
1474 3784 1551 3845 τί,
1600 3785 1782 3854 φησιν,
1818 3784 1856 3849 ἢ

291 3873 544 3929 ἀπώλεια
577 3875 778 3941 αῦτη;
825 3873 1108 3928 Ὲὸύνατο
1141 3879 1250 3943 γὰρ
1272 3873 1568 3942 πραθῆναι
1603 3874 1856 3928 πολλοῦ.

296 3968 418 4040 Ἤδη
476 3969 784 4040 πράσσεις,
846 3967 1054 4020 Ἰούδα’
1105 3967 1206 4039 ἤδη
1261 3966 1549 4037 προδοσίας
1599 3966 1858 4037 μελετᾷς’

293 4063 464 4115 κακῶν
491 4064 838 4134 αἰνιγμάτων
870 4064 982 4132 (75)
1017 4063 1183 4132 ἀρχή.
1253 4061 1391 4112 Ἀλλ’
1435 4063 1463 4113 ὁ
1515 4060 1719 4129 Ἰησοῦς
1763 4061 1863 4114 ούκ

293 4153 490 4224 ἐλέγχει
526 4156 699 4209 αὑτοῦ
734 4157 832 4225 τὴν
863 4157 1048 4209 νόσον·
1083 4156 1144 4206 ού
1175 4155 1374 4222 γυμνοί
1410 4152 1471 4206 τὸ
1505 4153 1858 4223 φιλάργυρον.

296 4245 371 4296 ἵνα
401 4246 473 4317 μὴ
496 4247 602 4317 τὴν
637 4246 932 4316 μέλλουσαν
955 4246 1246 4318 προδοσίαν
1280 4244 1717 4315 ἀνακρούσηται·
1749 4245 1861 4297 ἀλλ’

294 4336 378 4390 ἐπὶ
398 4338 607 4403 πάντας
632 4338 806 4406 λέγει’
840 4339 900 4391 Τί
924 4339 1150 4402 κόπους
1182 4325 1469 4404 παρέχετε
1495 4333 1569 4401 τῇ
1596 4336 1834 4402 γυναικί
1847 4352 1864 4398 ;

295 4428 354 4479 Τί
397 4431 534 4500 πρὸς
572 4433 691 4492 τοῖς
736 4427 1064 4500 προλαϐοῦσι
1103 4431 1292 4490 κακοῖς
1338 4425 1590 4490 κακίζετε
1636 4425 1734 4495 τὴν
1773 4427 1869 4479 άν-

2023 2134 2111 2188 ιχ.
2176 2133 2445 2200 Quantum
2482 2135 2728 2188 dedimus
2771 2151 2837 2188 ex
2901 2134 2966 2187 iis
3024 2150 3141 2202 quae
3182 2150 3528 2204 accepimus.

1958 2226 2267 2295 Cogitemus
2312 2241 2378 2278 ex
2424 2242 2532 2294 quo
2583 2227 2813 2280 mundus
2859 2227 3108 2280 conditus
3153 2238 3272 2291 est,
3331 2238 3532 2292 quanta

1953 2321 2121 2376 ﬂuunt
2164 2323 2230 2376 ab
2279 2324 2396 2390 ejus
2451 2332 2644 2376 natura
2709 2324 3093 2378 misericordia:
3148 2324 3385 2390 ﬂumina,
3437 2340 3533 2379 nec

1957 2413 2094 2467 Deus
2127 2413 2426 2481 largitatem
2459 2415 2784 2468 detrimento
2819 2417 2986 2470 ducit.
3031 2416 3171 2481 Quot
3219 2427 3360 2471 terra
3401 2435 3532 2473 sua-

1954 2519 2046 2558 ves
2089 2506 2284 2559 odores
2337 2506 2620 2575 producit?
2673 2522 2876 2569 rosam,
2929 2508 3098 2561 lilium
3145 2520 3202 2563 et
3241 2521 3533 2580 styracem,

1955 2599 2180 2652 nardum
2216 2608 2270 2651 et
2297 2608 2544 2660 stactem,
2598 2598 2812 2666 aliaque
2858 2612 2923 2651 ex
2976 2599 3173 2667 quibus
3205 2611 3532 2669 unguentum

1953 2691 2184 2758 probum
2223 2691 2545 2757 conﬁcitur;
2598 2707 2697 2745 nec
2727 2693 2865 2747 Dens
2894 2695 2993 2746 ista
3033 2702 3243 2761 reputat
3277 2696 3535 2762 perditio-

1956 2797 2112 2845 nem;
2145 2791 2199 2836 et
2240 2792 2293 2837 tu
2322 2785 2699 2837 obmurmuras
2733 2785 2873 2852 quod
2900 2785 3168 2838 modicum
3203 2785 3532 2840 alabastrum

1956 2875 2213 2942 unguenti
2259 2874 2460 2928 Christi
2497 2875 2722 2943 pedibus
2767 2875 2994 2929 allusqu
3045 2877 3163 2930 sit?
3213 2874 3351 2929 Num
3402 2892 3531 2930 vero

1959 2967 2084 3021 illud
2109 2969 2276 3036 gratis
2306 2970 2534 3035 accepit,
2570 2979 2628 3021 ιιι
2668 2971 3136 3024 ιιιιιΓιιίιιΓιινθνίδῖ
3185 2972 3406 3036 Accepit
3435 2988 3534 3024 un-

1957 3072 2234 3127 guentum,
2285 3070 2339 3113 et
2367 3061 2609 3113 exhibuit
2657 3062 2988 3129 ptenitentiae
3024 3062 3262 3116 modum.
3307 3062 3534 3131 Accepit

1960 3151 2247 3221 lacrymas,
2305 3162 2360 3204 et
2417 3153 2658 3207 cohibuit
2705 3154 3093 3221 scaturiginem
3166 3163 3530 3220 peccatorum.

1960 3244 2089 3310 Qua:
2122 3259 2248 3312 ergo
2273 3245 2523 3312 perditio,
2559 3245 2703 3299 salva
2740 3244 2927 3318 effecta
2976 3245 3218 3309 muliere,
3261 3248 3330 3300 ob
3370 3261 3532 3315 quam

1959 3336 2242 3404 paradisus
2279 3335 2497 3390 clausus
2544 3335 2681 3391 fuit?
2723 3338 2920 3392 Verum
2962 3348 3013 3392 te
3049 3339 3170 3402 hoc,
3211 3337 3370 3402 Juda,
3405 3353 3534 3392 con-

1964 3425 2182 3479 tristat?
2218 3425 2409 3480 Merito
2451 3444 2462 3480 :
2503 3443 2625 3481 nam
2655 3437 2709 3482 et
2735 3429 2851 3497 ejus
2873 3427 3018 3482 salus
3046 3428 3313 3483 diabolum
3342 3429 3537 3482 contri-

1960 3517 2142 3571 stavit.
2197 3517 2433 3573 Noverat
2471 3520 2612 3573 enim
2661 3521 2910 3588 deinceps
2961 3537 3056 3590 per
3103 3522 3244 3575 illam
3310 3535 3536 3575 conver-

1963 3610 2176 3664 tendum
2212 3625 2398 3663 sexum
2457 3614 2520 3664 ad
2572 3613 2986 3680 pmnilenliam;
3035 3627 3097 3666 ac
3139 3614 3432 3677 mordetur,
3482 3625 3536 3668 et

1959 3710 2042 3755 est
2069 3701 2285 3765 anxius,
2338 3703 2479 3771 quod
2521 3703 2632 3771 jam
2682 3703 2818 3756 desit
2857 3712 2971 3757 rete
3018 3704 3084 3756 ad
3127 3703 3400 3756 hominem
3437 3717 3532 3754 ve-

1963 3792 2220 3855 nandum,
2259 3808 2428 3862 eaque
2465 3803 2518 3846 te
2565 3808 2724 3848 causa
2767 3785 2819 3846 in
2871 3810 3116 3847 murmur
3159 3794 3422 3862 propellit.
3467 3791 3534 3846 Ut

1963 3887 2112 3955 quid,
2162 3886 2358 3955 inquit.
2415 3887 2634 3954 perditio
2687 3887 2840 3941 haec?
2897 3883 3111 3939 Poterat
3153 3886 3292 3939 enim
3339 3901 3534 3938 remm-

1963 3977 2079 4028 dari
2120 3977 2304 4030 multo.
2356 3974 2474 4030 Jam
2532 3979 2806 4031 venundas
2843 4017 2858 4041 ,
2911 3977 3082 4042 Juda;
3125 3975 3234 4044 jam
3273 3977 3534 4045 proditio-

1966 4081 2062 4121 nes
2091 4067 2370 4122 meditaris
2405 4085 2418 4120 :
2449 4068 2711 4121 malorum
2741 4069 3085 4137 aenigmatum
3116 4068 3408 4122 inchoatio.
3449 4065 3536 4120 Je-

1969 4171 2060 4209 sus
2095 4167 2272 4210 tamen
2321 4175 2426 4212 non
2469 4158 2648 4228 arguit
2695 4159 2811 4228 ejus
2862 4159 3104 4214 morbum
3139 4173 3154 4212 :
3186 4175 3289 4213 non
3336 4161 3539 4228 deti-git

1973 4249 2281 4310 avaritiam,
2312 4260 2462 4304 utne
2492 4251 2727 4304 futuram
2760 4252 3113 4320 proditionem
3150 4252 3398 4320 depellat.
3432 4253 3538 4305 Sed

1975 4343 2044 4392 ait
2087 4341 2138 4394 in
2181 4358 2413 4398 omnes:
2448 4343 2588 4408 Quid
2634 4345 2834 4396 molesti
2881 4345 3006 4396 estis
3040 4345 3159 4396 huic
3205 4345 3411 4396 mulieri
3457 4346 3540 4396 ’δῖ’

1977 4429 2116 4495 Quid
2153 4448 2250 4500 pro
2280 4433 2437 4488 malis
2476 4435 2759 4503 prateritis
2791 4434 3041 4487 leniinam
3075 4434 3401 4503 objurgatis?
3436 4433 3540 4487 Sa-

359 4544 398 4573 "
422 4541 554 4612 Sap.
582 4557 662 4608 vr,
691 4540 746 4595 8.
823 4539 1070 4594 "Matth.
1089 4553 1242 4602 unt,
1269 4538 1358 4593 24.
1391 4535 1794 4604 ²³Μειιιιι.χχινι,
1822 4539 1854 4592 9

1967 4557 2077 4598 arc.
2104 4559 2213 4608 le,
2249 4545 2316 4609 4;
2344 4544 2497 4600 .Ioan.
2530 4563 2624 4610 xtl,
2656 4546 2710 4600 5.
2784 4546 2830 4577 "
2855 4544 3042 4599 Matth.
3077 4561 3222 4608 xm,
3260 4545 3537 4610 l0;Marc.

298 4626 400 4677 ιιι,
424 4612 476 4666 6.

361 4734 474 4804 (72)
509 4735 574 4788 Τί
623 4729 1120 4804 συνεφωνήσατε.
1163 4727 1390 4784 Videtur
1428 4729 1653 4804 innuere
1704 4745 1864 4782 unam
1897 4732 1940 4787 D
1970 4729 2202 4786 Joannes
2247 4741 2450 4804 narrat,
2497 4732 2857 4804 accumbente
2907 4729 3113 4804 Lazaro
3142 4730 3446 4804 suscitato._
3487 4733 3537 4782 in

302 4799 626 4863 unctionem,
653 4799 810 4870 cujus
835 4817 995 4855 causa
1023 4800 1184 4855 ludas
1202 4869 1205 4870 ν
1225 4799 1601 4870 murmuravit,
1650 4809 1705 4853 et
1743 4816 1861 4869 quae

303 4874 352 4926 in
384 4874 543 4928 domo
563 4869 807 4928 Simonis
835 4870 983 4942 (Luc.
1022 4869 1416 4942 vtt,7739)7l‘aeta
1460 4869 1678 4942 legitur,
1714 4886 1860 4921 niur—

305 4950 546 4996 murante
602 4953 654 4996 et
706 4939 1056 5011 ipso'contra
1116 4941 1398 5011 Dominum
1436 4939 1860 5011 suscipientem:

306 5013 398 5065 nisi
433 5013 700 5074 oratorie,
727 5008 868 5064 duas
901 5012 1200 5070 unctiones,
1249 5008 1394 5061 velut
1433 5008 1486 5060 iu
1529 5025 1710 5067 uuam,
1757 5024 1860 5061 una

305 5083 560 5137 orationis
599 5083 742 5135 serie
767 5082 928 5146 cogit.
972 5081 1220 5134 Eamdem
1265 5079 1412 5132 illam
1456 5079 1756 5139 mulierem,
1810 5087 1864 5130 et

307 5166 455 5217 quam
482 5161 600 5206 tres
639 5150 980 5214 evangelista:
1012 5151 1229 5211 habent,
1256 5148 1532 5201 existimat
1580 5148 1860 5217 Chrysost.

310 5216 519 5274 hom.8l
541 5225 598 5274 in
620 5236 742 5273 τινι
765 5218 977 5282 Matth.,
1005 5219 1266 5272 seilaliam
1291 5236 1316 5270 ιι
1334 5218 1561 5270 mirabili
1591 5217 1676 5270 illa
1694 5216 1862 5270 Maria

310 5305 486 5346 sorore
509 5290 708 5344 Lazari
746 5305 760 5341 :
789 5304 890 5357 qua
928 5291 992 5342 de
1019 5303 1076 5341 re
1115 5289 1243 5342 nihil
1273 5288 1680 5357 Amphilochius
1715 5305 1728 5339 :
1760 5288 1860 5341 ob-

314 5364 549 5430 tinetque
567 5359 874 5429 Augustini,
888 5357 1145 5430 Gregorii
1166 5359 1362 5430 Magni,
1398 5369 1550 5430 etc,
1567 5358 1860 5430 sententia,

313 5439 368 5482 ut
392 5427 584 5498 et'ipsa
617 5427 716 5482 una
773 5427 1077 5498 eademque,
1107 5429 1205 5490 sit;
1235 5429 1467 5496 colitque
1514 5427 1748 5481 Ecclesia
1807 5435 1864 5481 ut

316 5497 502 5562 unam,
532 5498 713 5554 oﬂicio
740 5514 806 5552 ex
855 5500 1022 5551 variis
1070 5497 1198 5551 locis
1231 5498 1543 5566 Scriptura,
1585 5499 1780 5563 quibus
1810 5505 1864 5550 et

319 5572 512 5623 sororis
560 5568 748 5621 Lazari
788 5579 841 5623 et
903 5568 1140 5621 mulieris
1167 5583 1323 5634 quam
1380 5567 1724 5633 evangelista;
1773 5567 1864 5619 alii

323 5636 534 5701 habent,
592 5639 791 5692 mentio
837 5647 940 5703 est,
979 5639 1317 5692 devotissime
1361 5637 1641 5690 instructo.
1693 5634 1866 5690 Unam

323 5721 412 5774 ego
428 5708 655 5762 Mariam
687 5710 931 5772 dixerim,
963 5718 1070 5760 tres
1088 5708 1364 5760 unctiones
1393 5722 1406 5758 :
1435 5706 1516 5760 vel
1538 5716 1685 5758 certe
1709 5705 1865 5758 duas.

325 5772 538 5830 Videtur
560 5779 706 5831 enim
743 5780 830 5831 illa
875 5776 1004 5830 an.
1059 5777 1264 5840 vti,58,
1303 5777 1457 5844 longe
1483 5775 1751 5843 antiquior
1802 5791 1866 5829 ea

331 5859 476 5911 quam
505 5846 784 5902 Matthaeus
808 5859 859 5901 et
885 5847 1092 5900 Marcus
1121 5847 1312 5900 factam
1332 5848 1544 5906 habent,
1569 5846 1669 5899 sub
1694 5845 1864 5911 ipsqu

332 5912 492 5973 ferme
528 5926 738 5984 tempus
771 5918 1030 5988 passionis
1084 5916 1374 5972 Dominica:
1416 5933 1429 5968 :
1474 5929 1537 5971 ac
1565 5929 1662 5970 nec
1705 5929 1864 5984 quam

1970 4804 2108 4870 ipsa,
2145 4814 2203 4854 ut
2228 4803 2462 4864 videtur,
2495 4801 2686 4854 Lazari
2722 4813 2774 4853 et
2792 4816 3037 4853 sororum
3071 4800 3250 4860 domo,
3281 4800 3393 4866 ipsa
3425 4802 3538 4853 fue-

1968 4875 2062 4933 rit,
2091 4887 2210 4940 qute
2239 4874 2376 4938 apud
2442 4872 2628 4924 Matth.
2664 4881 2718 4924 et
2757 4871 2992 4922 Marcum
3053 4870 3242 4940 legitur
3280 4871 3329 4921 iu
3381 4872 3540 4923 domo

1970 4937 2206 4994 Simonis
2264 4937 2459 5007 l’eprosi
2513 4961 2526 4993 :
2601 4937 3539 5010 quanquamwmultaAcousonantiu

1965 5012 2208 5065 eamdem
2236 5006 2888 5082 probabili-ussuadeant.
2925 5009 3094 5082 liabet
3154 5006 3537 5082 Amphilochia

1967 5083 2209 5148 proxima
2241 5079 2820 5150 pratl’utuiChrysost.
2872 5083 3015 5150 hom.
3060 5080 3111 5129 in
3153 5081 3350 5150 prodit.
3383 5079 3540 5150 Juter

1969 5161 2118 5273 toni.8
2149 5149 2191 5204 ν
2228 5151 2438 5205 υιιοέιξίσ
2479 5147 2668 5206 Videri
2717 5160 2894 5220 pctest
2947 5147 3233 5202 Jansenius
3277 5147 3538 5202 Concord.

1969 5235 2016 5273 c.
2124 5258 2139 5273 .

1967 5235 2016 5274 c.
2049 5222 2139 5274 48.

2039 5289 2154 5360 (75)
2200 5289 2392 5359 Λογίζ.
2461 5289 2647 5344 Menti.
2707 5291 2801 5343 καὶ
2863 5291 2922 5342 οὐ
2987 5286 3260 5356 λογίζεται
3318 5304 3346 5340 ο
3407 5291 3541 5349 vso;

1969 5360 2262 5415 ἀπώλειανο
2303 5361 2395 5412 καὶ
2444 5361 2549 5413 ἵνα.

2040 5430 2148 5499 (ιι)
2199 5431 2612 5495 Ἀπεκλείσθη.
2667 5428 2846 5482 Anan.
2893 5425 3077 5482 Montf.
3117 5427 3184 5499 ar
3218 5427 3284 5497 ἣν
3358 5426 3530 5499 ξΑδὰμ

1970 5496 2349 5570 συνεξεὸλήοη,
2387 5518 2477 5566 per
2515 5515 2679 5570 quant,
2708 5499 2874 5550 Adam
2926 5500 3081 5570 simul
3116 5496 3308 5570 ejecta:
3345 5496 3535 5570 fuerat.

1969 5574 2036 5627 Et
2092 5565 2271 5623 Statim
2318 5565 2342 5623 ἰ
2389 5565 2533 5623 ἀλλά
2595 5568 2831 5636 ἐλύπησε
2889 5568 3045 5621 τοῦτο
3116 5567 3333 5619 Ἰούδαν·
3389 5565 3536 5636 εἰκό-

1970 5657 2097 5704 τως
2127 5640 2232 5694 Sed
2274 5640 2404 5692 illud
2446 5640 2602 5693 Juda:
2640 5635 2812 5691 dolori
2850 5640 2948 5707 fuit
2985 5636 3149 5706 :jure
3177 5637 3404 5705 quidem.
3434 5635 3536 5685 lle-

1973 5714 2130 5773 ctius,
2157 5721 2213 5764 ut
2233 5711 2462 5764 videtur.
2490 5710 2596 5762 Sed
2629 5709 2810 5778 ἐπέχω
2834 5713 2902 5764 ob
2923 5724 2983 5764 ea
3008 5721 3128 5777 qua:
3158 5722 3278 5762 mox
3303 5718 3538 5772 sequun-

1976 5792 2078 5840 tur.
2101 5780 2221 5833 ὃθεν
2240 5781 2333 5833 καὶ
2359 5781 2439 5839 σὲ,
2475 5797 2528 5832 κ.
2551 5795 2602 5832 τ.
2635 5779 2686 5833 λ.

2176 5850 2560 5921 Αἰνιγμὰτων.
2597 5851 2753 5906 Deest
2786 5849 2923 5917 apud
2960 5846 3145 5902 Montf.
