4030 6408
457 490 526 547 83
1453 493 1513 549 S.
1554 493 2000 549 AMPIIILOCHII
2040 490 2422 548 lCONlENSIS
2459 490 2764 548 EPISCOPI
3647 485 3720 544 84

455 613 527 664 tis
551 609 686 664 male
715 609 904 665 habuit
927 611 1188 666 femineus
1217 628 1380 669 sexus
1409 631 1421 666 :
1454 629 1520 668 ne
1553 613 1676 681 quis
1699 613 1984 684 prohibeat
2009 654 2025 678 ,

2160 623 2393 682 ιρωπονς
2429 611 2726 681 Λύτάρκως
2761 607 2933 678 ἔκαμε
2983 606 3045 660 τὸ
3093 623 3204 659 των
3239 604 3513 674 γυναικῶν
3538 605 3717 675 γένος’

456 720 564 771 quo
608 706 786 759 minus
824 703 985 758 salvae
1031 705 1159 758 ﬁant
1195 725 1208 760 :
1244 720 1310 760 ne
1359 706 1482 776 quis
1532 705 1604 758 illi
1649 704 1906 760 molestus
1944 705 2034 769 sit,

453 811 574 863 quae
619 794 791 850 fessos
823 805 1042 866 propter
1075 797 1244 865 ipsam
1287 797 1354 851 ab
1401 795 1598 852 itinere
1637 810 1802 866 Super
1837 805 2034 851 terram

456 888 616 956 pedes
675 885 823 940 lavit.
883 885 1026 940 Nam
1072 902 1271 953 semper
1315 901 1564 954 pauperes
1618 885 1817 940 habetis
1864 885 2035 940 vobis-

458 995 574 1033 cum
605 981 669 1033 ".
701 980 874 1035 Etiam
912 997 1031 1036 cum
1073 981 1396 1050 pauperibus
1423 995 1507 1034 me
1539 979 1786 1049 accipite.
1812 979 2038 1051 Propter

460 1087 556 1127 vos
587 1074 750 1136 enim,
795 1089 917 1128 cum
943 1073 1096 1127 dives
1125 1088 1322 1136 essent,
1361 1072 1537 1126 factus
1567 1087 1685 1126 sum
1722 1088 1942 1142 pauper,
1980 1083 2040 1127 ut

462 1179 556 1218 vos
587 1179 702 1218 mea
736 1173 1061 1234 paupertate
1084 1165 1390 1219 ditaremini
1420 1162 1486 1218 ".
1525 1163 1607 1217 Me
1636 1164 1915 1230 occiditis,
1947 1180 2041 1221 ne-

462 1269 569 1322 que
602 1270 800 1309 accuso
839 1273 854 1311 :
898 1269 982 1309 me
1017 1254 1103 1307 illa
1136 1254 1425 1323 sepulturae
1464 1254 1659 1320 tradit,
1705 1262 1762 1308 et
1794 1270 2040 1307 murum-

463 1347 634 1401 tatis?
682 1345 892 1400 Mittens
923 1349 1058 1401 enim
1087 1348 1197 1400 lucc
1224 1357 1545 1416 unguentum
1568 1347 1621 1399 in
1642 1362 1825 1412 corpus
1849 1362 2038 1409 meum,

463 1441 532 1491 ad
568 1439 919 1507 sepeliendum
955 1455 1034 1491 me
1069 1439 1192 1507 fecit
1220 1438 1286 1494 ³⁷.
1323 1437 1437 1492 Νοιι
1471 1439 1697 1508 pudore,
1727 1436 1862 1491 Juda
1885 1478 1901 1501 ,
1931 1437 2043 1492 suf-

464 1531 726 1596 i'nuderis,
771 1531 911 1601 quod
966 1531 1113 1595 bare,
1168 1545 1290 1584 cum
1331 1531 1400 1584 sit
1451 1530 1749 1600 peccatrix,
1805 1545 1891 1584 me
1940 1545 2041 1582 un-

465 1627 679 1692 guentis
714 1623 973 1686 honoret;
1011 1631 1064 1674 tu
1114 1636 1266 1688 vero,
1321 1620 1411 1690 qui
1455 1621 1530 1675 sis
1572 1619 1866 1689 apostolus,
1919 1635 2046 1674 ven-

466 1715 667 1769 ditione
699 1713 925 1782 injurius
973 1713 1073 1768 iis?
1122 1713 1189 1767 Et
1232 1713 1426 1767 mulier
1465 1714 1702 1782 quidem,
1744 1720 1898 1783 parat
1926 1726 2046 1781 quae

465 1812 713 1874 spectant
775 1803 843 1858 ad
898 1803 1267 1871 sepulturam;
1320 1802 1616 1871 discipulus
1661 1809 1841 1857 autem
1885 1801 2044 1856 morti

469 1896 655 1950 tradit.
702 1893 986 1950 Peccatrix
1021 1906 1105 1949 est
1128 1895 1354 1960 mulier,
1393 1895 1516 1948 novi
1551 1914 1564 1948 :
1595 1902 1872 1959 caeterum,
1915 1894 2048 1947 nihil

2147 704 2334 774 μηδεὶς
2386 701 2568 756 αὐτῶν
2616 701 2714 772 τὴν
2765 699 3040 771 σωτηρίαν
3091 697 3467 770 ὲμποδιζέτω·
3535 699 3723 770 μηδεὶς

2143 793 2394 848 κοπούτω
2430 792 2528 864 τὴν
2554 791 2822 846 λούσασαν
2873 792 3030 864 μύρῳ
3069 793 3196 854 τοὺς
3227 790 3394 853 πόδας
3419 791 3544 854 τοὺς
3585 791 3722 864 ὑπὲρ

2144 885 2313 954 αὐτῆς
2345 884 2667 955 βαδίσαντας
2714 885 2806 937 ἐπὶ
2834 884 2931 955 τῆς
2957 885 3079 954 γῆς.
3126 883 3267 948 Τοὺς
3307 882 3582 952 πτωχοὺς
3613 883 3725 953 τὰρ

2143 976 2399 1032 πάντοτε
2424 977 2594 1045 ἔχετε
2617 978 2746 1046 μεθ’
2771 975 3020 1030 ἑαυτῶν.
3056 976 3263 1030 Λάϐετε
3298 977 3443 1046 κάμὲ
3470 976 3563 1029 καὶ
3589 976 3728 1046 μετά

2145 1068 2398 1138 πτωχῶν.
2431 1067 2507 1120 Δι’
2542 1068 2686 1137 ὑμᾶς
2717 1065 2827 1138 γάρ
2865 1066 3186 1136 ἐπτώχευσα
3223 1065 3476 1128 πλούσιος
3507 1064 3602 1127 ὢν,
3641 1065 3726 1118 ἵνα

2147 1159 2304 1229 ὑμεῖς
2337 1163 2401 1230 τῇ
2438 1161 2544 1230 ἐμῇ
2592 1159 2832 1230 πτωχείᾳ
2879 1159 3239 1230 πλουτήσητε.
3283 1159 3584 1228 Ἀναιρεῖτέ
3634 1175 3724 1228 με,

2146 1249 2240 1304 καὶ
2281 1252 2381 1304 οὑκ
2425 1249 2674 1319 ἐγκαλῶ·
2729 1251 3042 1321 ἐνταφιάζει
3079 1268 3147 1321 με
3177 1249 3335 1322 αῦτη,
3386 1251 3480 1303 καὶ
3525 1249 3728 1318 γογγύ-

2149 1342 2269 1407 ζετε
2295 1363 2308 1410 ;
2339 1343 2627 1398 Βαλοῦσα
2651 1344 2759 1414 γὰρ
2783 1344 2936 1413 αὕτη
2963 1343 3027 1396 τὸ
3051 1346 3246 1412 μύρον
3265 1343 3362 1396 ἐπὶ
3395 1343 3500 1396 τοῦ
3531 1343 3728 1411 σώμα-

2147 1438 2250 1501 τός
2270 1454 2412 1505 μου,
2456 1437 2606 1504 πρὸς
2634 1436 2701 1490 τὸ
2733 1419 3089 1504 ἐπαερῖάσαι
3116 1453 3193 1505 με
3230 1437 3584 1502 πεποίηκεν.
3614 1435 3728 1488 υύκ

2149 1527 2270 1598 αἰδῇ
2315 1524 2431 1593 οῦν,
2481 1527 2674 1591 Ἰούδα,
2716 1528 2796 1580 ὅτι
2835 1527 2970 1598 αῦτη
3009 1527 3128 1597 μὲν,
3178 1526 3499 1598 ἁμαρτωλὸς
3553 1522 3724 1591 οῦσα,

2153 1620 2343 1692 μύροις
2393 1637 2462 1690 με
2501 1622 2637 1692 τιμᾷ
2663 1637 2676 1650 ·
2727 1621 2792 1673 σὺ
2834 1619 2926 1683 δὲ,
2967 1619 3262 1682 ἀπόστολος
3287 1617 3383 1684 ὢν,
3418 1619 3618 1691 πράσει
3661 1636 3728 1690 με

2151 1711 2536 1785 καθυϐρίζεις;
2586 1713 2697 1767 Καὶ
2729 1714 2762 1784 ἡ
2803 1713 2902 1783 μὲν
2946 1711 3082 1784 γυνὴ
3109 1715 3177 1766 τὰ
3210 1713 3346 1784 πρὸς
3389 1713 3558 1782 τάφον
3590 1715 3730 1766 ἐτοι-

2155 1805 2338 1878 μάξει,
2362 1807 2390 1858 ὁ
2411 1807 2465 1858 δὲ
2496 1804 2744 1876 μαθητὴς
2765 1804 2841 1875 τῷ
2866 1804 3079 1875 θανάτῳ
3101 1805 3489 1876 παραδίδωσιν.
3529 1805 3733 1876 Ἀμαρ-

2153 1895 2323 1958 τωλός
2356 1896 2502 1946 ἐστιν
2534 1896 2568 1965 ἡ
2599 1893 2756 1965 γυνὴ,
2785 1891 2929 1948 οἶδα·
2989 1893 3102 1947 ἀλλ’
3149 1893 3302 1946 οὐδὲν
3337 1892 3450 1964 εἶχέ
3504 1912 3592 1966 μοι
3627 1913 3732 1964 χαμ-

470 1987 571 2040 l'nit
618 1995 815 2056 praeter
870 1986 1233 2055 lacrymarum
1294 1985 1522 2049 fontem,
1583 1985 1724 2053 quod
1778 1984 2046 2039 donaret:

2160 1987 2427 2059 ρίσασθαι,
2461 1987 2494 2057 ἢ
2522 1987 2703 2058 πηγὴν
2731 1986 2980 2058 δακρύων
3002 2003 3015 2016 ο
3052 1989 3202 2057 πηγῇ
3233 1987 3328 2058 τὴν
3358 1986 3539 2057 πηγὴν
3568 1987 3733 2057 εύμε-

471 2077 673 2131 fontem
698 2076 848 2133 fonte
876 2076 1200 2132 benevolum
1222 2075 1448 2130 faciens.
1481 2075 1586 2131 Sed
1608 2086 1667 2130 et
1693 2087 2046 2146 unguentum,

470 2170 682 2234 infelix,
739 2170 968 2239 probas;
1037 2171 1127 2239 qui
1171 2170 1323 2224 dicas
1379 2177 1742 2224 trecentorum
1798 2169 2050 2224 denario-

470 2278 590 2317 rum
614 2263 700 2317 ”:
737 2265 931 2334 probas
962 2272 1162 2328 autem,
1193 2277 1296 2316 non
1343 2272 1401 2315 nt
1438 2261 1621 2316 laudes
1671 2261 1811 2316 illius
1843 2261 2051 2332 magni-

473 2354 773 2418 ﬁcentiam,
828 2370 946 2424 quae
1007 2364 1176 2410 totum
1229 2354 1370 2424 quod
1420 2353 1694 2422 peccando
1741 2353 2050 2408 divitiarum

475 2445 792 2514 collegerat,
813 2445 867 2500 in
900 2446 1158 2517 unguenti
1186 2446 1419 2516 pretium
1447 2445 1798 2513 insumpserit
1823 2462 1838 2500 :
1865 2447 1960 2500 sed
1998 2455 2056 2499 ut

476 2536 868 2592 tnnrmurando
895 2543 1170 2602 ostendas,
1201 2539 1251 2592 in
1285 2552 1443 2608 quam
1479 2537 1656 2592 dirum
1687 2537 1908 2601 malum,
1939 2547 2054 2592 tau-

475 2637 592 2682 tum
625 2627 807 2683 damni
836 2643 1055 2698 passus,
1111 2628 1391 2684 incideris.
1443 2628 1644 2684 Verum
1695 2628 1829 2682 nihil
1878 2628 2054 2698 magni

477 2720 663 2788 fuerit,
699 2721 842 2790 quod
889 2721 1113 2776 moleste
1148 2721 1291 2774 feras
1321 2721 1550 2776 amissos
1583 2729 1859 2777 trecentos
1888 2721 2054 2776 dena-

476 2815 606 2878 rios,
639 2830 761 2868 eum
796 2815 1032 2884 acceptis
1079 2815 1296 2884 triginta
1330 2830 1417 2870 me
1447 2816 1730 2870 Dominum
1763 2825 1912 2870 tuum
1945 2825 2054 2870 tra-

477 2906 698 2962 dideris.
735 2906 876 2972 Quid
908 2907 1074 2972 enim,
1105 2907 1300 2974 inquit,
1332 2907 1491 2961 vultis
1528 2907 1654 2959 mihi
1683 2908 1832 2972 dare,
1881 2917 1928 2961 et
1964 2924 2056 2976 ego

477 3013 595 3050 cum
619 2997 762 3051 vobis
791 2999 1000 3051 tradam
1035 2999 1119 3051 ³θῖ
1146 2997 1342 3052 Miser!
1378 2998 1580 3052 Servus
1608 2999 1894 3052 Dominum
1921 3013 2056 3052 ven-

479 3088 595 3140 dit?
626 3087 876 3142 lnversus
905 3097 990 3143 est
1024 3089 1179 3142 ordo.
1237 3087 1304 3142 Et
1336 3089 1552 3156 quidem
1596 3104 1696 3159 ego
1739 3090 1956 3159 proprio
2007 3096 2060 3142 te

479 3177 740 3246 sanguine
766 3193 795 3232 a
821 3189 1044 3248 peccato
1087 3181 1294 3233 redimo
1330 3197 1343 3234 :
1384 3190 1437 3234 tu
1469 3189 1648 3235 autem
1688 3181 1754 3234 ad
1791 3183 1904 3235 haec
1930 3197 2056 3235 ven-

479 3271 588 3334 dis,
633 3271 848 3342 triginta
903 3272 1116 3327 obolis?
1176 3272 1442 3328 Praeterea
1489 3287 1637 3337 vero,
1681 3273 1844 3327 homo
1889 3273 2057 3326 Deum

480 3363 704 3418 vendit?
770 3367 964 3420 Demus
1016 3379 1147 3420 vero
1201 3365 1344 3434 quod
1374 3365 1616 3419 vendat:
1652 3365 1776 3434 quis
1815 3363 2062 3433 emptor?

480 3455 678 3522 Quanti
715 3471 842 3508 vero
872 3456 994 3524 quis
1017 3457 1180 3510 Deum
1213 3456 1439 3510 emerit?
1487 3455 1630 3523 Quid
1675 3467 1856 3510 autem
1897 3455 2061 3510 etiam

483 3563 598 3602 rem
626 3547 760 3602 facis
783 3547 904 3601 vilis
929 3549 1128 3618 pretii?
1157 3549 1247 3603 Sic
1279 3562 1365 3610 ne,
1393 3549 1613 3615 triginta
1640 3548 1766 3617 quis
1794 3545 2064 3614 argenteis

484 3641 652 3694 Deum
686 3641 737 3693 in
771 3639 944 3694 forma
985 3641 1244 3703 lnnnana,
1287 3649 1342 3692 ut
1370 3654 1618 3702 servum,
1657 3648 1713 3692 ut
1755 3637 2060 3702 barbarum,

484 3733 707 3786 vendit?
753 3733 956 3786 Saltem
997 3733 1300 3798 discernas,
1334 3733 1522 3803 quanti
1555 3731 1720 3786 Deum
1753 3730 2064 3784 inhabitan-

484 3836 631 3890 tem;
663 3826 846 3895 quanti
880 3825 1150 3879 hominem
1191 3825 1280 3895 qui
1313 3833 1490 3892 paret,
1533 3824 1686 3878 facis.
1737 3821 1875 3887 Quid
1914 3822 2063 3885 mihi,

487 3920 684 3988 inquit,
713 3917 868 3971 vultis
903 3919 1072 3972 dare?
1137 3918 1203 3970 i‘u
1239 3918 1364 3985 quid
1392 3919 1474 3971 vis
1505 3915 1790 3985 accipere?
1830 3913 1961 3966 Nam
1993 3912 2066 3966 illi

485 4010 618 4063 nihil
660 4009 860 4063 habent
913 4009 1062 4073 dare,
1129 4008 1269 4076 quod
1330 4009 1489 4076 digne
1543 4008 1650 4061 Deo
1707 4005 2062 4073 responderit.

493 4102 557 4156 Et
593 4101 975 4155 constitue-runt
1028 4100 1130 4167 illi,
1181 4101 1376 4170 inquit,
1413 4099 1632 4168 triginta
1681 4107 1954 4167 argenteos
1997 4097 2062 4150 ³ο.

487 4197 570 4246 An
600 4195 722 4264 quis
771 4195 1037 4249 medicum
1087 4195 1256 4262 gratis
1306 4201 1589 4246 curantem
1629 4192 1850 4261 triginta
1892 4190 2066 4244 obolis

487 4287 711 4340 vendit?
758 4285 1042 4349 Medicum,
1098 4287 1339 4355 inquam,
1389 4286 1476 4354 qui
1513 4286 1674 4340 ctecis
1722 4285 1813 4338 dat
1844 4286 2064 4338 visum:

491 4365 617 4445 qui—-
634 4377 701 4430 ad
746 4392 964 4431 cursum
1001 4376 1225 4430 claudos
1279 4375 1482 4446 erigit?
1538 4374 1661 4429 llzec
1704 4375 1848 4437 dico,
1903 4384 1960 4428 ut
2015 4382 2070 4427 te

491 4469 758 4533 erudiam,
795 4470 883 4538 qui
914 4469 1171 4523 molestus
1225 4483 1285 4523 es
1333 4469 1562 4532 mulieri,
1618 4468 1760 4537 quod
1814 4481 1936 4520 eum
1977 4465 2067 4534 qui

491 4575 577 4617 est
609 4566 750 4617 inter
781 4573 1021 4617 mortuos
1055 4564 1190 4616 liber
1209 4563 1276 4624 ³¹,
1298 4564 1462 4617 etiam
1491 4571 1617 4616 ante
1646 4569 1895 4623 mortem,
1924 4559 2069 4614 velut

2149 2078 2388 2144 νίζουσα.
2449 2080 2608 2133 Ἀλλὰ
2670 2081 2762 2132 καὶ
2809 2079 3155 2150 δοκιμάζεις,
3209 2080 3482 2142 άθλιε,τδ
3532 2081 3728 2151 μύρον,

2149 2173 2474 2247 τριακοσίων
2533 2173 2805 2245 δηναρίων
2862 2173 3069 2241 λέγων·
3129 2171 3441 2242 δοκιμάζεις
3497 2173 3575 2240 δὲ,
3635 2174 3735 2244 οὐχ

2151 2269 2240 2322 ἵνα
2283 2266 2456 2337 αὐτῆς
2511 2267 2610 2336 τὴν
2665 2265 3068 2336 μεγαλοψυχίαν
3115 2265 3446 2338 ἐπαινέσῃς
3480 2265 3563 2318 ὅτι
3612 2265 3734 2318 ὅλον

2152 2361 2246 2413 τὸν
2277 2359 2341 2412 ὲκ
2380 2356 2566 2412 κακῶν
2609 2357 2942 2429 συναχθέντα
2987 2356 3215 2410 πλοῦτον
3249 2357 3327 2421 εἰς
3359 2357 3526 2428 τιμὴν
3558 2355 3733 2428 μύρου

2153 2449 2558 2505 κατανάλωσενο
2584 2447 2698 2501 ἀλλ’
2726 2447 2814 2501 ἵνα
2841 2445 3126 2516 γογγύζων
3149 2446 3350 2520 δείξῃς,
3377 2446 3452 2510 ὼς
3475 2447 3736 2517 ἀπεύκτῳ

2155 2541 2491 2611 περιέπεσας
2550 2539 2728 2610 κακῷ,
2783 2540 3038 2592 τοσοῦτον
3097 2539 3417 2609 ζημιωθείς.
3480 2539 3619 2592 Ἀλλ’
3672 2538 3735 2590 οὺ

2161 2633 2301 2704 μέγα
2327 2635 2374 2686 εί
2400 2633 2726 2703 τριακοσίων
2751 2632 3022 2704 δηναρίων
3063 2633 3318 2705 στέρησιν
3342 2633 3736 2702 δυσχεραίνεις,

2157 2727 2291 2780 ὅπου
2337 2742 2401 2794 γε
2447 2724 2742 2797 τριάκοντα
2785 2723 2986 2788 λασὼν,
3021 2723 3219 2776 ἀπέδου
3273 2741 3340 2794 με
3370 2723 3459 2777 τὸν
3511 2724 3736 2793 Κύριον.

2163 2819 2224 2872 Τί
2259 2818 2386 2890 γὰρ,
2419 2819 2571 2888 φησι,
2613 2815 2814 2871 θέλετέ
2852 2835 2952 2886 μοι
2979 2815 3216 2882 δοῦναι,
3254 2815 3414 2880 κάγὼ
3443 2815 3586 2884 ὑμῖν
3623 2831 3740 2868 πα-

2154 2908 2410 2976 ραδώσω
2448 2910 2653 2961 αὐτόν.
2709 2906 2925 2960 Ἀθλιει
2977 2905 3172 2968 Δοῦλος
3218 2904 3494 2974 Δεσπὸτην
3533 2901 3738 2966 πωλεῖ;

2175 3001 2624 3071 Ἀντέτραπταιὴ
2659 2997 2832 3062 τάξις·
2869 2997 2962 3051 καὶ
2989 2997 3098 3065 ἐγὼ
3128 2997 3224 3068 μὲν
3256 2998 3316 3050 σὲ
3340 2997 3438 3066 τῆς
3465 2996 3741 3066 ἁμαρτίας

2160 3089 2238 3160 τῷ
2289 3091 2473 3161 οἰκείῳ
2510 3089 2755 3160 ὠνοῦμαι
2807 3089 3034 3159 αἵματι,
3089 3090 3158 3142 σὺ
3208 3088 3266 3142 δὲ
3329 3087 3396 3159 μὲ
3443 3088 3744 3159 τριάκοντα

2163 3183 2508 3254 ὲπεμπωλεῖς
2560 3182 2801 3248 ὀϐολῶνς
2855 3177 3000 3234 Εἶτα
3029 3181 3086 3234 δὲ
3114 3179 3225 3250 (76)
3272 3179 3557 3250 ἄνθρωπος
3605 3178 3742 3231 Θεὸν

2166 3274 2360 3339 πωλεῖ;
2393 3273 2636 3327 Δεδόσοω
2679 3273 2734 3326 δὲ
2759 3318 2775 3339 ,
2823 3274 2904 3326 ὅτι
2952 3273 3150 3353 πωλεῖ·
3198 3271 3282 3336 τίς
3324 3271 3352 3324 ὁ
3390 3269 3740 3341 ὼνούμενος;

2165 3367 2331 3420 πόσου
2357 3367 2412 3420 δέ
2439 3384 2520 3430 τις
2551 3367 2811 3438 ἀγοράσει
2839 3366 2972 3420 Θεόν
3001 3384 3013 3429 ;
3053 3365 3105 3419 τί
3131 3364 3186 3418 δὲ
3217 3365 3311 3417 καὶ
3343 3363 3541 3417 εῦωνον
3568 3365 3745 3425 ποιεῖς

2163 3460 2224 3512 τὸ
2252 3461 2514 3529 πρᾶγμας
2556 3458 2849 3530 τριάκοντά
2890 3475 2974 3520 τις
3015 3457 3294 3528 ἀργυρίων
3331 3456 3463 3508 Θεὸν
3490 3454 3657 3508 πωλεῖ
3684 3456 3746 3506 ὲν

2164 3551 2452 3622 ἀνθρώπου
2501 3555 2704 3623 μορφῇ,
2751 3550 2826 3614 ὡς
2874 3549 3111 3620 οἰκέτην,
3153 3549 3228 3613 ὼς
3271 3548 3577 3619 βάρδαρον;
3637 3544 3745 3598 κᾶν

2165 3644 2458 3716 διάκρινον,
2490 3645 2656 3696 πόσου
2695 3644 2795 3714 μὲν
2825 3645 2916 3696 τὸν
2945 3641 3255 3696 ἐνοικοῦντα
3279 3641 3431 3704 Θεὸν,
3469 3641 3636 3692 πόσου
3683 3639 3745 3691 δὲ

2165 3737 2257 3790 τὸν
2288 3737 2610 3806 φαινόμενον
2627 3736 2940 3808 ἄνθρωπον·
2974 3735 3034 3788 Τί
3051 3753 3175 3803 μοι,
3203 3734 3357 3806 φησὶ,
3382 3733 3584 3789 θέλετε
3613 3731 3748 3785 δοῦ-

2166 3848 2282 3883 ναι.
2315 3831 2386 3883 Σὺ
2424 3829 2475 3881 τί
2509 3829 2682 3892 Θέλεις
2711 3828 2895 3881 λαϐεῖν
2925 3842 2938 3856 ⁶
2976 3829 3173 3880 ἐκεῖνοι
3217 3827 3326 3898 γὰρ
3372 3826 3522 3879 οὐδὲν
3561 3824 3747 3896 ἔχουσι

2166 3922 2347 3974 δοῦναι
2377 3921 2628 3988 ἀντάξιον
2673 3919 2830 3972 Θεοῦ.
2879 3919 2987 3972 Kal
3031 3918 3309 3986 ἔστησαν
3344 3915 3536 3982 αὐτῷ,
3587 3916 3746 3985 φησι,

2168 4014 2486 4081 τριάκοντα
2515 4013 2781 4082 ἀργύρια.
2825 4011 3131 4082 Τριάκοντα
3161 4009 3362 4063 ὀϐολῶν
3401 4008 3630 4081 ἄμισθον
3660 4026 3748 4072 τις

2172 4106 2354 4176 ἰατρὸν
2401 4105 2602 4169 πωλεῖ;
2640 4101 2822 4173 ίατρὸν
2850 4101 3083 4171 τυφλοὺς
3112 4099 3463 4171 ὀμματοῦντα
3483 4143 3496 4165 ,
3535 4097 3751 4169 χωλοὺς

2169 4196 2305 4268 πρὸς
2329 4195 2527 4267 δρόμον
2569 4195 2868 4267 ἐγείροντα.
2900 4189 3086 4248 Ταῦτα
3123 4193 3286 4262 λέγω,
3347 4193 3432 4246 ἵνα
3476 4209 3569 4246 σου
3611 4208 3751 4244 κατ-

2167 4290 2358 4360 ηχήσω
2378 4288 2474 4359 τὴν
2501 4288 2760 4352 διάνοιαν,
2787 4289 2868 4341 ὅτι
2896 4289 3097 4350 κόπους
3128 4285 3384 4359 παρέχεις
3402 4287 3466 4355 τῇ
3497 4283 3716 4353 γυναικί
3732 4301 3749 4315 ο

2169 4383 2249 4434 ὅτι
2282 4381 2371 4434 τὸν
2417 4383 2474 4434 ὲν
2520 4384 2735 4452 νεκροῖς
2765 4380 3068 4450 ἐλεύθερον,
3103 4378 3196 4430 καί
3237 4377 3344 4447 πρὸ
3385 4375 3480 4428 τοῦ
3513 4375 3752 4428 θανάτου

2170 4473 2245 4535 ὼς
2276 4473 2467 4544 νεκρὸν
2493 4473 2754 4544 ἐτίμησεν
2778 4488 2791 4500 ο
2825 4473 2908 4525 δτι
2932 4471 3019 4524 διὰ
3050 4469 3144 4523 τοῦ
3191 4469 3386 4540 μύρου,
3419 4469 3516 4538 τῆς
3547 4467 3752 4537 ταφῆς,

2171 4568 2262 4619 καὶ
2293 4567 2391 4637 τῆς
2428 4567 2774 4630 ἀναστάσεως
2816 4565 2913 4636 τὴν
2944 4565 3102 4636 χάριν
3135 4564 3546 4634 προεσήμανεν.
3589 4560 3755 4613 Ἀλλὰ

494 4666 789 4719 mortuum,
821 4657 1024 4711 honore
1057 4655 1332 4718 aﬂ'ecerit;
1375 4654 1515 4724 quod
1549 4655 1856 4724 sepulturae,
1893 4668 2055 4708 resur'

2173 4661 2237 4712 σὺ
2287 4660 2384 4728 μὲν
2439 4659 2648 4730 καρπὸν
2695 4659 2794 4727 τῆς
2842 4656 3130 4728 προδοσίας
3175 4655 3266 4708 τὸν
3325 4658 3532 4725 σχοῖνον
3576 4652 3753 4719 ἕξεις·

494 4749 859 4816 rectiouisque
889 4748 1115 4816 gratiam
1145 4758 1416 4817 unguento
1445 4745 1906 4814 praenuntiaVeril.
1954 4744 2068 4798 Cte—

497 4854 698 4903 terum,
727 4839 818 4894 tibi
851 4840 1066 4908 quidem
1121 4840 1445 4908 proditionis
1476 4841 1706 4898 fructus,
1738 4835 1901 4890 restis
1922 4850 2066 4888 manv

499 4932 633 4986 serit
670 4932 714 4962 ³⁸
747 4950 762 4986 :
797 4932 950 4984 istius
995 4941 1174 4984 autem
1229 4930 1511 4992 memoria,
1564 4928 1860 4996 ubicunque
1908 4926 2071 4988 fuerit

497 5026 846 5091 praedicatum
884 5023 1226 5090 Evrmgelium
1262 5023 1330 5086 ³³,
1366 5021 1684 5076 indeiiciens
1712 5021 1837 5074 erit.
1879 5017 2021 5072 Dixit
2055 5037 2068 5069 :

500 5129 688 5195 sicque
729 5124 928 5178 factum
968 5122 1148 5176 fuerit.
1181 5120 1315 5174 Nam
1365 5119 1600 5175 cessavit
1628 5117 1807 5170 Aaron
1840 5123 1892 5166 et
1919 5113 2072 5167 Elea-

501 5220 614 5274 zari
661 5225 988 5285 unguentum
1017 5255 1032 5278 ,
1067 5226 1344 5281 cornuque
1373 5204 1577 5266 desiit':
1611 5219 1664 5262 at
1699 5207 1856 5277 hujus
1897 5206 2078 5257 alaba-

502 5323 695 5373 strum,
737 5308 836 5363 toti
873 5323 987 5361 arvo
1023 5315 1392 5369 eoextentnm,
1436 5303 1769 5358 inexhaustae
1800 5297 2077 5352 memoria:

506 5402 853 5470 l'ragrantiam
888 5400 1071 5454 habet.

579 5493 644 5548 Χ.
696 5493 764 5547 Ει
805 5494 875 5547 ita
906 5493 1121 5561 quidem
1150 5488 1380 5552 Judam;
1425 5492 1849 5540 murmurantem
1897 5486 2074 5533 autem

507 5587 838 5642 Pbarismum
879 5585 981 5639 hoc
1013 5593 1170 5654 pacto
1199 5583 1449 5637 Christus
1473 5579 1668 5634 allatus
1711 5584 1795 5633 est
1823 5594 1837 5632 :
1871 5572 2074 5639 Simon,

2173 4749 2375 4822 ταύτης
2389 4750 2442 4802 δὲ
2462 4753 2493 4822 ἡ
2515 4751 2722 4822 μνήμη,
2737 4751 2886 4802 ὅπου
2907 4749 2982 4802 ἂν
3001 4747 3272 4816 κηρυχθῇ
3284 4748 3346 4801 τὸ
3363 4744 3755 4815 Etiam-ator,

2177 4843 2555 4906 ἀνεξάλειπτός
2584 4844 2750 4894 ἐστιν.
2790 4837 2922 4893 Εἶπε
2943 4881 2957 4904 ,
2986 4841 3079 4893 καὶ
3112 4839 3325 4908 ἐγένετο
3365 4838 3524 4909 ἔργον
3559 4836 3755 4900 οὕτως.

2179 4936 2300 4987 ’Ότι
2333 4934 2393 4986 τὸ
2420 4933 2515 4988 τοῦ
2560 4933 2791 5005 Ἀαρὼν,
2823 4933 2884 4986 τὸ
2913 4932 3005 4987 τοῦ
3050 4930 3310 5002 Ἐλεάζαρ
3342 4931 3617 4983 πέπαυται
3652 4928 3758 4999 μύ-

2181 5043 2290 5095 ρον,
2321 5026 2414 5077 και
2446 5025 2506 5077 τὸ
2543 5025 2707 5096 κέρας
2738 5025 2972 5096 ἤργησε.
3030 5023 3101 5075 Τὸ
3133 5023 3189 5074 δὲ
3235 5021 3576 5092 ἀλάϐαστρον
3618 5019 3756 5073 ταύ-

2177 5137 2278 5190 της
2337 5119 2499 5171 παντὶ
2527 5117 2603 5189 τῷ
2629 5117 2784 5170 αἰῶνι
2809 5117 3303 5182 συνεπεκτείνεται,
3331 5115 3602 5169 ἀκένωτον
3631 5113 3756 5182 ἔχον

2177 5210 2277 5279 τῆς
2309 5210 2527 5279 μνήμης
2553 5210 2652 5279 τὴν
2679 5207 2922 5261 εὐωδίαν.

2259 5471 2311 5526 l'.
2355 5472 2511 5526 Ἀλλά
2548 5475 2682 5545 πρὸς
2726 5475 2822 5545 μὲν
2841 5474 2931 5528 τὸν
2965 5446 3159 5526 Ἰούδαν
3181 5472 3352 5537 οὕτω,
3403 5471 3538 5542 πρὸς
3583 5469 3640 5522 δὲ
3665 5469 3757 5523 τὸν

2186 5568 2476 5638 Φαρισαῖον
2499 5566 2836 5636 γογγύζοντα
2863 5567 3096 5637 Χριστὸς
3128 5564 3299 5628 οὕτως
3328 5563 3502 5632 ἔλεγε.
3538 5561 3757 5630 Σίμων,

580 5767 625 5797 ³⁸
655 5765 841 5818 Matth.
865 5764 1106 5825 xxthl.
1187 5764 1230 5793 ’⁵
1264 5761 1300 5814 ll
1329 5761 1454 5815 Cor.
1487 5775 1606 5820 vm,
1633 5757 1686 5812 9.
1763 5758 1805 5788 ”
1845 5755 2034 5810 Matth.

2160 5771 2222 5812 t‘l,
2261 5749 2360 5825 12ζ
2422 5750 2467 5782 ’⁸
2490 5749 2648 5805 Marc.
2678 5747 2859 5810 xrv,5.
2934 5749 2979 5782 "
3005 5743 3193 5802 Matth.
3221 5760 3368 5808 XXVI,
3391 5743 3475 5799 l5.
3552 5740 3598 5774 ³⁸
3627 5739 3757 5796 ibid.

509 5835 554 5870 "
603 5836 745 5892 Psal.
797 5821 1032 5900 Lxxxvn,
1085 5835 1136 5888 6.
1213 5833 1254 5864 "
1283 5832 1472 5887 Matth.
1502 5845 1670 5890 xxv”,
1704 5827 1754 5882 5.
1833 5827 1877 5858 ³³
1909 5825 2093 5881 Matth.
2122 5838 2270 5884 xxvr,
2296 5821 2381 5876 15.

583 5955 694 6026 (76)
722 5951 863 6010 Εἶτα
901 5954 984 6008 δέ.
1015 5952 1200 6008 Monii.
1238 5953 1282 6004 εΞ
1308 5950 1382 6004 δέ.
