4030 6408
388 372 458 429 85

1371 375 1627 434 ORATIO
1666 378 1735 433 IN
1775 379 2135 436 MULIEREM
2174 381 2654 438 PECCATRICEM

3539 381 3618 441 εσ

383 484 499 552 ἔχω
525 486 624 538 σοι
643 504 692 540 τι
719 489 929 546 είπεῖν.
959 495 1022 546 Ὢ
1047 494 1268 565 χάριτος
1286 494 1517 564 ἀφάτουῐ
1555 497 1620 548 Ὢ
1649 497 1942 568 φιλανθρω-

2047 498 2210 552 habeo
2240 499 2333 552 tibi
2361 499 2560 569 aliquid
2607 499 2797 552 dicere.
2835 497 2878 554 0
2913 496 3236 553 ineﬂ‘abilem
3267 498 3526 566 gratiam!
3563 498 3613 558 ο

384 573 507 636 πίας
529 575 818 646 ,ἀρῤήτουί
871 582 1004 645 Θεὸς
1036 584 1128 637 καὶ
1174 585 1456 655 ἄνθρωπος
1495 586 1944 654 κοινολογοῦνται,

381 681 470 716 και
521 667 807 738 προτίθησι
859 674 1190 745 πρόϐλημα,
1236 674 1439 728 κανόνα
1493 675 1944 748 φιλανθρωπίας,

383 757 583 810 ἐκλύων
623 760 786 813 αὐτοῦ
837 764 938 833 τὴν
976 765 1259 836 πονηρίαν.
1298 766 1511 834 Σίμων,
1563 766 1706 837 γὰρ,
1760 768 1944 838 φησὶν,

381 852 491 918 ἔχω
519 854 620 906 σοι
650 871 702 906 τι
734 856 944 910 εἰπεῖν·
977 859 1005 911 ὃ
1037 859 1226 930 μηδενὶ
1253 860 1361 913 τῶν
1397 860 1642 914 παλαιῶν
1672 857 1849 924 εἷπον,
1884 863 1944 914 ού

383 947 711 1017 τατριάρχῃ,
741 949 802 1000 ού
831 953 1103 1022 προφήτῃ,
1129 953 1190 1004 οὐ
1213 952 1494 1026 νομοθέτῃ.
1530 953 1664 1006 Τότε
1695 954 1792 1023 μὲν
1815 954 1943 1024 γὰρ,

375 1036 683 1106 ὀφθαλμὸν
693 1039 829 1092 ἀντὶ
850 1042 1176 1112 ὀφθαλμοῦ,
1192 1043 1290 1097 καὶ
1311 1043 1529 1098 ὀδόντα
1551 1045 1683 1100 ἀντὶ
1703 1045 1948 1111 ὀδόντος

375 1129 623 1200 ἐζήτουν,
650 1132 711 1184 τὸ
737 1132 946 1187 δίκαιον
967 1134 1244 1188 ἀπαιτῶν·
1275 1135 1389 1188 ἀλλ’
1421 1135 1605 1206 ἐπειδὴ
1629 1137 1688 1188 ού
1719 1135 1945 1188 δύνασθε

371 1221 557 1290 φέρειν
601 1223 664 1276 τὸ
710 1224 936 1289 δίκαιον,
980 1226 1140 1297 χάριν
1179 1227 1484 1295 ἀντεισάγω
1530 1226 1608 1298 τῷ
1639 1227 1817 1298 νόμῳ,
1853 1229 1948 1281 καὶ

371 1312 639 1383 ἀλαλητόν
684 1331 764 1368 σοι
809 1318 1107 1400 μυστήριον
1150 1317 1280 1389 ἐρῶ.
1351 1317 1414 1372 '0
1451 1318 1519 1371 δέ
1537 1335 1726 1386 φησι·
1777 1318 1946 1371 Διδά-

370 1409 583 1467 σκαλε,
613 1406 765 1463 εἰπέ.
799 1409 914 1462 Δύο
957 1412 1373 1478 χρεωφειλέται
1402 1411 1575 1479 ἦσαν
1618 1411 1710 1464 ἑνὶ
1752 1410 1943 1478 ἀνδρί.

373 1495 517 1565 Ὀρα
548 1497 688 1550 Θεοῦ
735 1499 948 1568 σοφίαν.
996 1501 1308 1572 Ἀποσιωπᾷ
1336 1500 1433 1572 τὴν
1461 1505 1694 1571 γυναῖκα
1713 1542 1727 1558 .
1760 1502 1842 1554 ἵνα
1875 1501 1948 1572 μὴ

369 1592 727 1662 κακουργήσῃ
775 1591 906 1661 περὶ
955 1592 1052 1661 τὴν
1105 1593 1416 1663 ἀπόκρισιν.
1491 1594 1552 1645 '0
1615 1588 1722 1657 εἷς,
1761 1594 1946 1662 φησιν,

367 1679 583 1747 ὤφειλε
609 1679 860 1749 δηνάρια
896 1684 1289 1738 πεντακόσια·
1321 1687 1353 1737 ὁ
1378 1683 1446 1736 δὲ
1476 1684 1694 1752 ἕτερος,
1735 1683 1951 1749 πεντή-

369 1786 564 1822 κοντα.
599 1771 834 1842 Φοϐερὸς
874 1771 968 1824 τοῦ
997 1772 1328 1843 διηγήματος
1358 1775 1386 1826 ό
1421 1774 1639 1844 τρόπος.
1678 1774 1717 1825 Γ
1725 1791 1948 1844 ραμμαο

2049 589 2476 658 inexplicabilem
2549 589 2971 644 humanitatem!
3035 588 3384 644 Communem
3465 591 3610 647 Deus

2047 695 2169 733 cum
2221 680 2439 734 homine
2487 694 2790 735 sermonem
2843 679 3035 733 miscet
3072 698 3086 734 :
3122 679 3502 749 problemaQue
3555 691 3614 737 et

2058 766 2436 834 quaestionem,
2467 767 2708 836 regulam
2731 768 3081 822 humanitatis
3112 783 3439 838 proponens,
3469 769 3612 826 illius

2049 855 2311 910 malitiam
2346 857 2609 912 dissolvit.
2657 857 2845 914 Simon
2896 859 3056 920 enim,
3085 858 3279 928 inquit,
3312 860 3476 915 habeo
3514 860 3614 915 tibi

2045 948 2247 1018 aliquid
2285 950 2489 1014 dicere;
2541 951 2681 1020 quod
2720 951 2849 1005 nulli
2885 961 3127 1006 veterum
3171 953 3282 1008 dixi
3317 973 3332 1009 :
3369 970 3473 1010 non
3520 971 3618 1026 pa-

2048 1037 2297 1090 triarchae
2329 1077 2344 1101 ,
2399 1053 2503 1092 non
2568 1040 2876 1108 prophetae,
2943 1056 3045 1096 non
3099 1041 3412 1113 legislatori.
3465 1044 3617 1103 Tunc

2046 1127 2284 1197 quidem,
2322 1131 2624 1198 quaerebam
2671 1131 2878 1184 oculum
2922 1149 3015 1200 pro
3057 1133 3228 1201 oculo,
3263 1136 3464 1190 dentem
3514 1155 3610 1207 pro

2045 1218 2196 1272 dente
2243 1220 2288 1251 "
2318 1237 2332 1272 :
2361 1221 2501 1287 quod
2551 1220 2757 1284 justum
2805 1232 2923 1287 est,
2979 1224 3221 1294 exigens.
3283 1226 3418 1290 Quia
3469 1243 3602 1282 vero

2047 1323 2152 1362 non
2185 1311 2409 1377 potestis
2439 1311 2582 1366 ferre
2609 1313 2750 1380 quod
2778 1323 2863 1367 est
2891 1313 3132 1380 justum;
3175 1315 3293 1371 loco
3326 1316 3458 1386 legis
3493 1335 3615 1388 gra-

2048 1400 2178 1454 tiam
2232 1401 2462 1467 induco,
2538 1404 2742 1472 tibique
2804 1405 3164 1460 inenarrabile
3217 1419 3612 1464 sacramentum

2047 1490 2186 1548 dico.
2219 1497 2284 1546 At
2317 1493 2402 1547 ille
2435 1495 2554 1549 ait:
2586 1494 2857 1564 Magister,
2886 1497 2991 1551 dic.
3030 1497 3144 1550 Duo
3183 1507 3334 1552 erant
3361 1499 3614 1554 debitores

2048 1584 2285 1638 obstricti
2319 1587 2411 1639 uni
2432 1589 2558 1641 viro.
2601 1586 2737 1642 Vide
2770 1589 2860 1643 Dei
2887 1589 3232 1657 sapientiam.
3261 1589 3468 1643 Reticet
3498 1606 3616 1645 mu-

2049 1671 2257 1739 lierem,
2296 1683 2354 1728 ut
2385 1691 2452 1729 ne
2500 1678 2567 1731 ad
2601 1679 3008 1746 responsionem
3055 1679 3276 1735 subdole
3307 1680 3608 1734 cavilletur.

2051 1762 2219 1829 Unus,
2257 1766 2450 1835 inquit,
2476 1769 2688 1822 debebat
2730 1770 2972 1824 denarios
3015 1773 3343 1840 quingentos,
3388 1782 3440 1825 et
3476 1772 3615 1825 alius

366 1861 502 1914 τεῖόν
545 1864 700 1916 ἐστιν
743 1866 772 1916 ὁ
815 1864 1080 1934 ἡμέτερος
1123 1864 1258 1934 βίος,
1300 1865 1546 1935 ἀοράτως
1584 1865 1810 1936 γράφων
1855 1866 1942 1919 καὶ

2047 1857 2452 1927 quinquaginta.
2515 1857 2796 1914 Terribilis
2856 1862 3182 1916 narrationis
3232 1862 3459 1930 species.
3522 1862 3616 1919 Eat

366 1951 694 2022 λογισμοὺς,
727 1956 821 2008 καὶ
847 1955 1098 2025 πράξεις,
1127 1957 1221 2008 καὶ
1243 1954 1538 2025 ὀφθαλμῶν
1568 1955 1942 2026 ρεμϐασμοὺς,

366 2051 454 2102 καὶ
490 2050 680 2120 ψυχῆς
709 2053 1012 2122 κινήματα·
1048 2051 1184 2105 ἀλλὰ
1220 2052 1334 2104 λύει
1365 2053 1455 2104 τὸν
1491 2051 1656 2120 φόϐον
1685 2054 1713 2104 δ
1761 2051 1947 2120 φιλάν-

365 2139 580 2210 θρωπος
604 2142 909 2214 δανειστὴς,
949 2144 976 2194 ὁ
1004 2143 1072 2196 τὰ
1098 2144 1436 2214 χειρόγραφα
1469 2143 1814 2214 διαρῤήσσων
1846 2141 1948 2212 τῆς

367 2233 644 2303 ἁμαρτίας
662 2251 676 2266 ·
707 2235 798 2288 καὶ
831 2235 892 2287 ού
937 2236 1094 2306 μόνον
1123 2237 1491 2307 διαρρήσσων,
1516 2234 1653 2288 ἀλλὰ
1680 2235 1773 2286 καὶ
1797 2234 1944 2288 λεαί-

363 2343 465 2377 νων
494 2327 611 2395 (77)
664 2329 774 2389 τοῖς
808 2326 964 2380 ὕδασι
1006 2328 1099 2382 τοῦ
1132 2327 1505 2398 βαπτίσματος
1525 2367 1538 2388 ,
1576 2326 1662 2378 ἵνα
1696 2325 1769 2397 μὴ
1803 2325 1945 2395 ἴχνος

368 2414 638 2482 στοιχείου
679 2414 1010 2486 ῆσυλλαϐἧς
1047 2418 1366 2487 ὑπομεῖναν,
1393 2415 1692 2485 ὑπόμνημα
1721 2413 1945 2484 γένηται

367 2504 471 2556 τῶν
506 2507 921 2577 παρῳχηκότων
950 2507 1156 2561 κακῶν.
1191 2507 1287 2574 Μὴ
1316 2506 1578 2576 ἐχόντων
1610 2501 1723 2564 οὖν,
1755 2503 1942 2573 φησὶν,

365 2594 564 2648 αὐτῶν
622 2595 981 2661 ἀποδοῦναι,
1035 2597 1383 2666 ἀμφοτέροις
1409 2596 1745 2666 ἐχαρίσατο.
1793 2592 1945 2659 Εἶδες

365 2685 750 2757 φιλάνθρωπον
788 2686 1102 2758 δανειστήν;
1131 2688 1256 2751 Πῶς
1281 2686 1511 2751 δανείζει
1542 2688 1659 2757 μὲν,
1688 2688 1786 2739 ούκ
1811 2688 1944 2739 ἀπο·-

365 2774 637 2844 λαμϐἀνει
683 2775 776 2840 δέ;
831 2775 955 2840 Πῶς
991 2777 1048 2830 δὲ
1094 2777 1576 2848 ἀγνωμονούμενος
1618 2778 1679 2830 οὐ
1723 2778 1898 2847 ναρκᾷ
1927 2794 1941 2808 ·

499 2867 758 2936 ἧπλωται
791 2867 954 2920 αὐτοῦ
978 2871 1091 2932 τοῖς
1123 2869 1362 2922 αἰτοῦσιν
1393 2872 1426 2940 ἡ
1457 2870 1577 2940 χείρ
1605 2885 1618 2932 ;
1647 2868 1742 2936 Μὴ
1772 2870 1944 2937 ἐχόν-

365 2973 511 3018 των,
569 2958 760 3025 φησὶν,
815 2957 1177 3022 ἀποδοῦναι,
1225 2959 1574 3028 ἀμφοτέροις
1603 2959 1940 3028 ἐχαρίσατο.

377 3047 583 3116 ’Δφῆκε
619 3048 691 3118 μὴ
718 3049 949 3118 ἐχόντων
976 3050 1122 3121 (78)·
1146 3051 1267 3122 οὐχὶ
1304 3052 1378 3124 μὴ
1411 3053 1689 3108 θελόντων.
1717 3054 1844 3107 "Ere
1848 3073 1944 3133 ρον

364 3137 471 3207 γὰρ
511 3139 593 3208 μὴ
644 3138 810 3208 ἔχειν,
842 3139 936 3191 καὶ
971 3139 1156 3210 ἕτερον
1199 3142 1273 3213 μὴ
1305 3142 1499 3197 θέλειν.
1530 3139 1652 3197 Οἷόν
1687 3162 1740 3197 τι
1771 3145 1940 3213 λέγω·
1969 3181 2014 3240 C

364 3229 490 3292 θεὸς
538 3228 700 3282 οὐδὲν
746 3233 874 3301 παρ’
923 3231 1078 3301 ἡμῶν
1127 3233 1299 3302 ζητεῖ,
1345 3233 1377 3304 ἢ
1425 3236 1729 3306 μετάνοιαν.
1779 3236 1941 3290 Ὅθεν

367 3316 620 3386 βούλεται
676 3321 825 3388 ἡμᾶς
894 3321 980 3373 ἀεὶ
1028 3322 1260 3392 χαίρειν,
1306 3325 1399 3376 καὶ
1464 3328 1818 3397 προστρέχειν
1870 3331 1937 3400 τῇ

368 3409 653 3479 μετανοίᾳ.
720 3410 844 3463 Ἐὰν
907 3412 1006 3482 μὲν
1058 3413 1318 3468 θελόντων
1365 3416 1522 3486 ἡμῶν
1577 3419 1939 3488 μετανοῆσαι,

365 3498 423 3550 τὸ
474 3498 686 3568 πλῆθος
742 3500 851 3554 τῶν
917 3503 1203 3574 ἁμαρτιῶν
1261 3507 1446 3560 ἄτονον
1498 3508 1595 3579 τὴν
1656 3511 1941 3579 μετάνοιαν

367 3589 520 3659 ἡμῶν
581 3590 766 3662 δείξῃ·
824 3594 884 3645 ού
934 3595 1084 3665 παρὰ
1127 3596 1190 3648 τὸ
1229 3598 1304 3668 μὴ
1343 3598 1536 3663 θέλειν,
1599 3601 1732 3654 ἀλλὰ
1789 3603 1937 3674 παρὰ

366 3680 424 3732 τὸ
455 3681 531 3751 μὴ
575 3680 742 3750 ἔχειν,
779 3683 878 3736 οὐκ
916 3685 1198 3756 ἐκτίνομεν
1229 3689 1290 3740 τὸ
1319 3689 1495 3759 χρέος.
1541 3691 1640 3744 Διὰ
1668 3692 1825 3745 τοῦτο
1850 3690 1941 3748 οῦν

365 3769 649 3839 λέγει,Μὴ
677 3772 942 3841 ἐχόντων
964 3774 1160 3828 αὐτῶν
1177 3793 1189 3805 ·
1217 3778 1304 3831 ἵνα
1325 3778 1472 3849 δείξῃ
1491 3779 1570 3832 ὅτι
1603 3779 1722 3832 ἰδὼν
1748 3782 1942 3846 αὐτοὺς

367 3859 728 3933 βουλομένους
766 3865 864 3933 μὲν
890 3865 977 3917 διὰ
1013 3866 1299 3935 μετανοίας
1338 3869 1627 3923 ἀποδοῦναι
1664 3871 1722 3923 τὸ
1751 3873 1939 3942 χρέος,

370 3951 440 4021 μὴ
467 3953 807 4022 δυναμένους
845 3953 901 4006 δὲ
928 3955 1014 4007 διὰ
1051 3957 1110 4012 τὸ
1152 3957 1351 4021 πλῆθος
1389 3958 1496 4011 τῶν
1535 3961 1834 4031 ἁμαρτιῶν,
1866 3964 1942 4028 ὡς

367 4044 773 4114 φιλάνθρωπος,
802 4047 983 4110 αὐτοῖς
1011 4047 1374 4118 συνεχώρησε,
1401 4050 1500 4103 ούκ
1523 4051 1630 4104 ἀπὸ
1659 4053 1933 4122 πράξεως,

367 4135 474 4187 ἀλλ’
503 4136 618 4189 ἀπὸ
661 4137 1028 4208 προαιρέσεως
1065 4139 1427 4211 ἐλευθερῶσαι
1476 4142 1576 4211 τῆς
1618 4144 1838 4214 ὀφειλῆς
1879 4147 1940 4199 τὸ

368 4225 656 4297 ὑπόχρεον.
688 4226 786 4294 Μὴ
813 4227 1074 4294 ἐχόντων
1111 4224 1203 4281 οὖν
1242 4229 1439 4284 αὐτῶν
1471 4232 1830 4287 ἀποδοῦναι·
1863 4234 1938 4307 μὴ

371 4319 660 4386 μαστίξας,
691 4318 766 4389 μὴ
802 4319 1057 4389 ὑϐρίσας,
1097 4321 1173 4392 μὴ
1197 4322 1562 4393 στρεϐλώσας,
1586 4324 1939 4396 ἀμφοτέροις

368 4407 692 4476 ἐχαρίσατο
1795 4420 1798 4423 ’

435 4668 540 4721 lA'.
559 4663 969 4734 Τίςοῦναύτόν
979 4668 1201 4737 ὀφείλει
1213 4669 1402 4722 πλέον·
1411 4669 1716 4738 ἀγαπῆσαι
1735 4687 1753 4733 ;
1769 4673 1936 4724 Ἀπο-

370 4762 590 4826 arpi/162;-
632 4759 701 4811 δὲ
733 4763 765 4812 ό
808 4761 1000 4827 Σίμων
1031 4757 1229 4814 εἶπεν·
1273 4761 1330 4812 Ὺ
1328 4760 1712 4829 πολαμϐἀνω,
1763 4761 1851 4813 ὅτι
1888 4753 1936 4826 ᾧ

375 4851 433 4901 τὸ
463 4850 678 4904 πλεῖον
701 4849 1043 4918 ἐχαρίσατο.
1076 4851 1251 4903 Βλέπε
1277 4850 1371 4903 τοῦ
1410 4852 1702 4922 Φαρισαίου
1744 4854 1802 4905 τὸ
1829 4853 1935 4905 δει-

372 4943 474 4996 νόν.
533 4943 624 5004 Ὠς
665 4937 803 4994 οἶδεν
855 4942 1044 4995 ἑαυτὸν
1085 4941 1161 5011 τῷ
1203 4941 1346 5012 λόγῳ
1385 4942 1486 5013 ἤδη
1535 4943 1634 5012 τῆς
1680 4942 1934 5013 ἀληθείας

372 5032 806 5104 ἀποκλειόμενον,
832 5032 892 5084 τὸ
915 5033 1580 5102 ’Υπολαμϐάνωτέθεικε,
1604 5034 1768 5102 φοϐού
1777 5051 1934 5102 μενος

438 5185 485 5218 ³⁸
510 5185 685 5241 Exod.
715 5201 830 5249 xxI,
859 5186 949 5239 24.

441 5363 553 5432 (77)
598 5363 881 5417 Λεαίνων.
939 5363 1130 5419 Monii.
1192 5364 1482 5419 λαϐαίνων.
1515 5363 1667 5420 Unde
1715 5363 1924 5419 Boisius

378 5432 427 5486 in
453 5435 592 5503 notis
643 5433 828 5503 Savilii
876 5432 1176 5503 legendum,
1216 5435 1436 5501 putabat
1495 5433 1773 5502 ἀφανίζων
1841 5434 1926 5489 vel

377 5502 707 5571 ἀπαλειφων.
753 5501 870 5570 Ipse
909 5501 1085 5557 autem
1134 5501 1584 5567 Montlauconius,
1630 5505 1784 5573 quid,
1843 5504 1930 5558 in-

379 5575 510 5638 quit,
533 5574 575 5625 si
604 5575 846 5625 dicamus
886 5573 1021 5626 hanc
1049 5587 1232 5627 vocem
1280 5575 1439 5627 medii
1481 5575 1577 5627 εθνὶ
1627 5572 1657 5627 a
1685 5572 1929 5628 Graeculo

382 5651 704 5708 usurpatam,
761 5657 826 5694 ex
853 5640 1043 5702 Latino
1075 5643 1237 5694 verbo
1278 5644 1390 5696 lavo
1435 5643 1651 5706 iactam,
1686 5644 1808 5697 inde
1837 5643 1931 5695 λαο

383 5707 592 5780 ϐαίνων,
617 5711 798 5764 lanam
828 5711 1197 5764 eﬂ‘ormatum?
1225 5712 1328 5766 Sed
1355 5720 1630 5780 utriusque
1663 5714 1760 5766 viri
1788 5714 1929 5766 docti

386 5778 739 5848 conjecturam
791 5781 940 5836 elidit
990 5783 1310 5851 exentplaris
1344 5778 1720 5838 Combelisiani
1763 5783 1932 5854 proba

2045 1945 2254 2003 libellus
2315 1949 2544 2003 humana
2606 1951 2736 2014 vita,
2767 1950 3135 2019 inaspectabili
3172 1952 3383 2006 ratione
3439 1961 3495 2005 et
3522 1966 3616 2006 co-

2044 2039 2242 2106 gitatus
2301 2050 2357 2095 et
2415 2042 2658 2097 actiones
2693 2053 2747 2097 et
2802 2042 3082 2097 oculorum
3130 2058 3298 2113 vagos
3326 2043 3463 2097 ictus
3495 2057 3614 2097 mo-

2048 2139 2239 2200 tusque
2258 2133 2418 2186 animi
2447 2134 2811 2202 perscrihens.
2840 2133 3007 2189 Solvit
3043 2134 3390 2188 nihilominus
3412 2143 3615 2187 metum

2044 2223 2308 2291 benignus
2332 2224 2592 2290 creditor,
2625 2225 2691 2288 is,
2723 2225 2966 2294 inquam,
2998 2225 3087 2294 qui
3127 2223 3407 2293 disrumpit
3436 2222 3617 2278 chiro-

2045 2315 2252 2384 grapha
2283 2316 2488 2384 peccati
2527 2333 2540 2370 :
2572 2331 2670 2370 nec
2701 2317 2988 2386 disrumpit
3011 2314 3205 2382 solum,
3234 2330 3421 2369 verum
3455 2314 3616 2369 etiam

2044 2405 2186 2460 delet
2227 2406 2382 2474 aquis
2431 2407 2707 2475 baptismi,
2751 2415 2808 2461 ut
2857 2421 2926 2462 ne
2958 2406 3207 2460 elementi
3260 2414 3353 2459 aut
3399 2404 3619 2474 syllaba

2047 2506 2325 2566 superstes
2359 2498 2673 2567 vestigium,
2707 2497 2968 2550 malorum
3002 2497 3398 2566 praeteritorum
3427 2510 3617 2550 monu-

2047 2595 2284 2641 mentum
2331 2588 2440 2642 liat.
2507 2587 2632 2641 Non
2681 2587 2991 2640 habentibus
3052 2601 3203 2654 ergo,
3254 2586 3447 2655 inquit,
3508 2585 3616 2641 illis

2045 2677 2181 2730 unde
2212 2678 2502 2741 redderent,
2549 2677 2761 2732 donavit
2789 2677 3044 2746 utrisque.
3093 2674 3341 2730 Vidistin‘
3380 2675 3617 2731 credito-

2044 2783 2158 2820 rem
2197 2767 2528 2820 ltumanum?
2557 2767 2625 2822 Ut
2644 2767 2862 2836 quidem
2889 2767 3181 2828 teneretur,
3213 2765 3305 2820 sed
3335 2780 3443 2819 non
3475 2768 3610 2821 reci-

2047 2859 2202 2928 piat?
2231 2857 2485 2913 Utetiam
2515 2873 2642 2928 erga
2675 2858 2913 2929 ingratos
2951 2871 3053 2911 non
3090 2866 3318 2925 torpeat,
3361 2857 3453 2910 sed
3509 2858 3603 2910 ha-

2045 2950 2172 3005 beat
2203 2949 2520 3020 rogantibus
2551 2957 2792 3018 apertam
2827 2948 3086 3002 manum?
3126 2946 3247 3000 Non
3279 2947 3612 3010 habentibus,

2045 3039 2238 3110 inquit,
2271 3041 2407 3094 unde
2438 3040 2730 3103 redderent,
2759 3042 2996 3110 utrisque
3028 3037 3261 3091 donavit.
3309 3037 3519 3092 Dimisit
3547 3039 3616 3092 iis

2047 3130 2137 3198 qui
2170 3145 2275 3184 non
2312 3130 2573 3184 haberent
2603 3147 2618 3185 :
2654 3143 2762 3183 non
2821 3129 2914 3195 ita,
2967 3128 3059 3198 qui
3107 3127 3326 3182 nollent.
3367 3127 3502 3181 Nam
3530 3136 3616 3182 est

2045 3219 2190 3275 aliud
2225 3235 2329 3274 non
2365 3220 2585 3286 habere,
2643 3229 2699 3274 et
2747 3218 2892 3272 aliud
2926 3219 3086 3274 nolle.
3148 3217 3215 3273 Ut
3265 3229 3393 3287 puta
3425 3235 3440 3270 :
3472 3215 3615 3270 Nihil

2045 3309 2186 3363 Deus
2238 3323 2267 3362 a
2315 3308 2494 3373 nobis,
2545 3316 2741 3374 praeter
2791 3307 3159 3377 paenitentiam
3203 3306 3392 3376 exigit.
3434 3304 3614 3372 Quare

2043 3400 2155 3454 vult
2179 3408 2236 3453 ut
2260 3414 2474 3468 semper
2501 3401 2846 3469 gaudeamus,
2891 3409 2947 3453 et
2997 3413 3281 3454 curramus
3329 3398 3394 3451 ad
3442 3397 3614 3465 poeni-

2044 3490 2286 3544 tentiam.
2322 3487 2380 3542 Si
2417 3503 2570 3558 ergo,
2601 3489 2726 3543 dum
2755 3489 3000 3543 volumus
3025 3488 3394 3557 pteuitentiam
3425 3501 3608 3557 agere,

2042 3589 2390 3649 peccatorum
2456 3579 2643 3645 ingens
2697 3592 2955 3632 numerus
2996 3577 3197 3630 viribus
3244 3576 3515 3630 inﬁrmam
3555 3585 3614 3630 et

2042 3669 2368 3724 inellicacem
2433 3669 2806 3739 paenitentiam
2864 3669 3090 3734 iecerit;
3170 3683 3275 3723 non
3347 3666 3620 3722 solvimus.

2042 3760 2301 3824 debitum,
2333 3774 2438 3814 non
2477 3759 2604 3828 quia
2631 3758 2880 3826 nolimus,
2915 3759 3008 3814 sed
3032 3761 3156 3828 quia
3189 3773 3293 3812 non
3321 3759 3599 3811 habemus.

2043 3849 2331 3919 Propterea
2385 3851 2545 3920 igitur
2607 3851 2755 3914 dicit,
2812 3850 2937 3904 Non
2995 3849 3298 3902 habentibus
3356 3847 3604 3902 illis:ut

2042 3942 2313 4005 ostendat,
2342 3942 2484 4010 quod
2521 3942 2727 4005 videns.
2762 3941 2898 3997 velle
2931 3942 3163 3998 debitum
3209 3956 3305 4011 per
3339 3941 3610 4009 paeniten-

2043 4033 2170 4088 tiam
2224 4035 2466 4101 reddere,
2523 4049 2622 4088 nec
2679 4044 3018 4105 peccatorum
3077 4033 3418 4087 multitudine
3457 4032 3607 4086 velut

2041 4125 2284 4190 obrutos,
2315 4140 2506 4196 posse;
2554 4126 2887 4181 concesserit
2937 4126 3050 4196 ipse
3093 4133 3150 4177 ut
3182 4123 3513 4190 misericors,
3549 4134 3611 4179 ut

2042 4216 2108 4270 ab
2139 4217 2296 4287 hujus
2324 4233 2382 4274 se
2407 4219 2570 4274 debiti
2603 4225 2779 4282 reatu,
2809 4230 2913 4270 non
2939 4216 3005 4270 ab
3039 4215 3270 4278 actione,
3306 4215 3400 4269 sed
3423 4229 3454 4268 a
3482 4230 3607 4284 pro-

2041 4308 2215 4376 posito
2251 4309 2417 4362 animi
2453 4310 2773 4364 eximerent.
2826 4306 2950 4359 Non
2986 4306 3288 4359 habentibus
3330 4320 3461 4374 ergo
3498 4305 3606 4360 illis

2039 4399 2177 4450 unde
2214 4399 2485 4453 redderent
2521 4413 2540 4450 :
2573 4414 2680 4453 non
2713 4397 2944 4467 ﬂagellis
2968 4396 3242 4462 adhibitis,
3283 4412 3388 4450 non
3417 4407 3610 4451 contu-

1969 4519 2014 4574 Β
2045 4489 2256 4543 meliam
2289 4490 2558 4559 irrogans,
2586 4505 2692 4545 non
2728 4488 3020 4553 subiiciens
3054 4487 3355 4552 tormentis,
3397 4487 3609 4540 donavit

2041 4581 2289 4650 utrisque.

2112 4673 2178 4726 XI
2248 4672 2378 4736 Quis
2423 4690 2543 4743 ergo
2573 4673 2689 4742 plus
2737 4689 2855 4726 eum
2887 4673 3033 4725 debet
3064 4671 3324 4740 ωειςενεῖ
3375 4669 3605 4738 Respon-

2040 4766 2164 4816 dens
2197 4761 2378 4817 Simon
2400 4766 2534 4818 dixit
2561 4778 2580 4815 .°
2611 4762 2840 4817 ﬁstimo
2870 4764 2994 4832 quia
3021 4763 3064 4815 is
3102 4762 3188 4814 cui
3224 4761 3341 4829 plus
3369 4761 3602 4813 donavit.

2039 4853 2175 4907 Vide
2205 4853 2462 4909 Pharisaei
2512 4853 2725 4924 genium
2754 4862 2918 4922 atque
2953 4853 3251 4908 solertiam.
3293 4850 3362 4906 Ut
3403 4852 3514 4919 jam
3545 4866 3606 4904 se

2004 4945 2169 4998 ‘vidit
2217 4958 2466 4998 sermone
2506 4943 2747 4997 veritatis
2811 4941 3112 5005 exclusum,
3165 4941 3294 4995 illud
3343 4938 3598 5000 ίΕειὶηιο,

2040 5037 2253 5105 posuit;
2283 5034 2484 5089 veritus
2505 5035 2631 5088 dare
2648 5031 2946 5089 absolutam
2982 5030 3406 5100 responsionem.
3434 5027 3604 5084 Porro

2021 5364 2202 5419 lectio.
2243 5362 2342 5417 Hic
2368 5375 2498 5416 vero
2523 5362 2825 5430 respexisse
2860 5364 3069 5420 videtur
3091 5376 3312 5424 sanctus
3335 5368 3496 5425 Pater
3531 5375 3600 5426 ad

2023 5435 2197 5490 locum
2217 5435 2422 5485 (Ioloss.
2461 5448 2525 5494 tt,
2554 5433 2641 5488 M.

2097 5503 2208 5575 (78)
2248 5501 2459 5575 Ὰφῇκε
2482 5502 2568 5571 μὴ
2599 5503 2692 5575 ἐχ.
2727 5506 2935 5560 Dimisit
2965 5507 3032 5559 iis
3066 5507 3156 5574 qui
3190 5524 3294 5562 non
3315 5509 3596 5573 haberent;

2027 5588 2129 5626 non
2155 5573 2250 5636 ita,
2268 5573 2358 5646 qui
2383 5575 2596 5626 nollent.
2615 5573 2915 5646 A'ccedettte
2942 5573 3110 5630 libero
3131 5593 3394 5632 consensu
3421 5594 3573 5646 prout

2027 5651 2229 5712 ptaque
2273 5642 2550 5715 voluntate
2593 5644 2989 5715 satisfaciendi,
3051 5662 3170 5714 qua:
3216 5647 3324 5701 Deo
3374 5642 3598 5715 accepta

2028 5720 2114 5786 est
2143 5713 2435 5786 secundum
2460 5716 2602 5780 quod
2624 5714 2802 5786 habet,
2825 5713 3093 5786 nunquam
3133 5715 3206 5786 illi
3236 5731 3455 5786 pauper,
3481 5713 3597 5770 mo-

2038 5782 2107 5838 d0
2138 5796 2196 5838 se
2232 5781 2452 5838 divitem
2474 5797 2685 5854 semper
2723 5785 2872 5850 velit,
2914 5781 2973 5840 ut
2996 5785 3093 5854 ipsi
3131 5781 3314 5841 donet.
