4030 6408
357 323 424 378 87
1353 321 1412 378 S.
1457 321 1907 378 AMPlllLOCllll
1942 321 2331 378 ICONIENSIS
2371 322 2685 381 EPISCOPI
3550 329 3620 387 83

357 443 619 499 Dominus
657 455 761 493 non
815 449 895 495 est
935 450 1206 495 scrutatus
1260 451 1490 496 mentem
1526 457 1538 495 :
1572 443 1664 496 sed
1712 457 1932 511 respon-

2058 441 2262 508 τελείαν,
2288 442 2387 512 τὴν
2425 443 2720 515 ἀπόκρισιν
2757 442 2961 497 δοῦναι.
3002 444 3059 496 Ὀ
3089 444 3142 497 δὲ
3176 445 3398 517 Κύριος.
3429 446 3490 500 οὐ
3520 450 3621 520 τὴν

359 557 475 596 Sum
506 539 743 607 rapiens,
785 537 862 590 ait.
896 536 969 590 illi
1005 555 1017 587 :
1051 535 1208 590 Recte
1240 517 1518 604 judicasti.
1557 535 1621 587 Et
1660 551 1931 605 conversus

360 633 430 685 ad
461 631 748 695 mulierem,
791 630 923 682 dixit
968 627 1214 684 Simoni:
1260 627 1409 682 Vides
1454 628 1588 680 hanc
1626 627 1933 680 mulierem?

359 727 715 798 peccatricem
766 725 944 790 illam,
1011 727 1102 778 tibi
1154 725 1368 794 quidem
1429 725 1787 791 desperatam,
1840 722 1932 776 sed

363 819 492 872 mihi
525 818 716 871 factam
748 817 994 872 salvam?
1041 816 1242 870 Intraui
1287 817 1339 868 in
1370 816 1580 867 domum
1617 825 1782 867 tuam.
1819 813 1933 866 Tua

363 911 506 964 enim
565 911 753 964 domus
786 919 890 974 est,
922 924 1026 962 non
1075 924 1226 969 mea;
1273 923 1392 976 qua:
1424 917 1504 961 est
1546 907 1696 974 plena
1741 915 1935 961 contu-

365 1003 545 1058 melia.
589 1004 792 1072 Aquam
838 1003 1050 1071 pedibus
1101 1002 1227 1054 meis
1271 1017 1375 1053 non
1429 999 1936 1068 dedisti:pedibus,

367 1094 612 1162 inquam,
673 1094 747 1147 tui
797 1109 959 1147 causa
1015 1093 1232 1162 pulvere
1301 1093 1640 1160 conspersis;
1715 1091 1939 1158 pedibus

367 1185 550 1239 labore
583 1183 840 1254 fatigatis,
873 1195 928 1239 ut
962 1199 1056 1238 eos
1078 1185 1167 1253 qui
1197 1184 1444 1238 laborant
1475 1192 1529 1236 ct
1556 1192 1679 1235 sunt
1702 1181 1937 1244 onerati,

371 1276 646 1330 laboribus
703 1287 756 1329 et
816 1276 1059 1330 molestia
1119 1277 1406 1330 liberarem
1464 1274 1531 1327 ".
1590 1272 1936 1326 Dimidiatum

373 1371 636 1424 honorem
675 1367 914 1421 obtulisti
945 1385 956 1419 :
983 1368 1070 1434 qui
1108 1367 1387 1435 superiora
1423 1364 1637 1434 quidem
1663 1364 1736 1418 sis
1771 1363 1941 1417 adrni—

374 1472 550 1521 ratus,
581 1460 834 1514 inferiora
873 1451 1052 1513 alitem
1086 1475 1191 1514 non
1217 1458 1436 1513 foveris.
1493 1459 1559 1511 At
1613 1468 1666 1510 tu
1701 1457 1936 1526 quidem,

373 1568 566 1620 aquam
593 1550 808 1619 pedibus
841 1551 1100 1604 meis'nou
1131 1548 1356 1612 dedisti;
1397 1549 1509 1602 haec
1547 1557 1725 1601 autem
1764 1545 1940 1616 lacry-

371 1657 580 1695 marum
611 1642 783 1693 fontes
812 1640 879 1692 ab
914 1639 1083 1692 oculis
1132 1638 1370 1703 mittens,
1412 1637 1613 1706 peccati
1649 1636 1730 1690 sui
1763 1651 1943 1689 macu-

371 1731 476 1785 lam
518 1732 795 1786 abstersit.
849 1730 979 1784 Illi/ti
1023 1740 1076 1781 tu
1105 1729 1340 1782 osculum
1382 1744 1482 1780 non
1514 1727 1944 1799 dedisti;palqne

2040 535 2263 606 γνώμην
2288 535 2450 590 αὑτοῦ
2476 534 2756 606 ἐξήτασεν,
2783 537 2916 590 ἀλλὰ
2929 538 3026 606 τὴν
3038 537 3326 608 ἀπόκρισιν
3346 539 3619 610 ἁρπάσας,

2040 620 2185 689 λέγει
2213 629 2382 699 αὐτῷ·
2430 629 2635 697 Ὀρθῶς
2654 631 2996 696 ἀπεκρίθης.
3025 631 3133 682 Καὶ
3169 631 3454 699 στραφεὶς
3473 633 3622 700 πρὸς

2043 721 2158 788 τήν
2220 724 2496 791 γυναῖκα,
2544 721 2624 787 τῷ
2660 723 2878 791 Σίμωνι
2934 722 3079 791 ἔφη’
3113 722 3366 789 Βλέπεις
3398 725 3624 791 ταύτην

2042 817 2158 882 τὴν
2186 814 2439 882 γυναῖκα
2482 814 2580 885 τὴν
2613 814 2968 885 ἀμαρτωλὸν;
3020 813 3117 884 τὴν
3157 813 3242 866 σοὶ
3278 815 3376 884 μὲν
3414 816 3624 887 ἀπηγο-

2047 906 2336 975 ρευμένην,
2376 905 2499 976 ἐμοὶ
2545 905 2600 957 δὲ
2646 904 2994 974 σωζομένὴνς
3033 903 3338 970 Εἱσῆλθον
3385 907 3475 970 εις
3518 907 3624 958 τὸν

2044 994 2213 1052 οἶκόν
2253 1013 2392 1051 σου.
2435 999 2534 1060 Eo;
2563 996 2672 1069 γὰρ
2704 999 2732 1050 ὁ
2772 993 2921 1060 οἶκος
2945 1038 2957 1057 ,
2987 997 3080 1050 καὶ
3116 997 3214 1049 οὐκ
3258 997 3390 1067 ἐμός
3410 1015 3423 1028 ·
3461 998 3490 1050 ὁ
3513 998 3624 1051 λοι-

2044 1091 2226 1162 δορίας
2255 1090 2470 1160 μεστός.
2502 1089 2686 1157 Ὕδωρ
2705 1090 2802 1143 ἐπὶ
2834 1089 2975 1154 τοὺς
3000 1087 3186 1145 πόδας
3203 1106 3322 1157 μου
3353 1092 3465 1143 οὐκ
3493 1089 3626 1143 ἐδω-

2047 1201 2158 1249 κας
2183 1201 2195 1213 ·
2241 1183 2425 1247 πόδας,
2459 1183 2586 1245 τοὺς
2619 1182 2708 1236 διὰ
2751 1183 2809 1234 σὲ
2844 1181 3218 1243 κονισθέντας·
3255 1182 3380 1245 τοὺς
3408 1181 3497 1234 τὸν
3535 1182 3625 1235 κό-

2049 1295 2148 1329 πον
2181 1277 2598 1344 ὑπομείναντας,
2647 1277 2735 1327 ἵνα
2781 1275 2964 1328 κόπων
3014 1276 3138 1338 τοὺς
3180 1274 3488 1340 κοπιῶντας
3535 1277 3627 1329 καὶ

2049 1368 2514 1439 πεφορτισμένους
2537 1360 2904 1438 ἐλευθερώσω.
2944 1365 3034 1429 Ἐξ
3059 1365 3316 1435 ἡμισείας
3341 1366 3438 1436 τὴν
3460 1366 3626 1436 τιμὴν

2047 1463 2449 1534 προσήνεγκας,
2483 1461 2551 1513 τὰ
2591 1460 2689 1530 μὲν
2724 1459 2930 1514 ἄνωθεν
2971 1458 3280 1528 θαυμάσας,
3323 1456 3392 1510 τὰ
3430 1457 3488 1510 δὲ
3527 1457 3627 1510 κὰ-

2048 1552 2219 1605 τωθεν
2262 1552 2336 1621 μὴ
2378 1549 2719 1622 θεραπεύσας
2746 1549 2876 1619 (79).
2929 1548 3088 1601 Ἀλλὰ
3116 1552 3179 1602 σὺ
3224 1548 3322 1618 μὲν
3349 1547 3509 1615 ὕδωρ
3537 1549 3628 1612 εις

2048 1645 2190 1710 τοὺς
2235 1642 2424 1708 πόδας
2446 1661 2566 1711 μου
2596 1644 2706 1696 οὐκ
2743 1642 2998 1706 ἔδωκας·
3048 1640 3188 1710 αὕτη
3225 1639 3282 1695 δὲ
3321 1640 3501 1711 πηγὰς
3530 1639 3626 1692 δαοε

2051 1735 2234 1807 κρύων
2257 1736 2320 1786 ὲκ
2343 1733 2450 1787 τῶν
2474 1733 2757 1804 βλεφάρων
2779 1732 3000 1800 ἀφεῖσα,
3026 1731 3126 1802 τῆς
3153 1731 3430 1803 ἁμαρτίας
3459 1730 3630 1800 αὐτῆς

370 1825 579 1879 utinam
610 1839 710 1878 nec
744 1823 932 1885 Judas,
957 1824 1045 1891 qui
1077 1821 1260 1876 osculo
1288 1820 1642 1894 proditionem
1671 1821 1901 1888 patravit
1930 1838 1940 1870 :

2058 1829 2139 1882 τὸν
2171 1827 2339 1897 ῥύπον
2367 1826 2670 1897 ἁπέσμηξε.
2717 1826 2800 1880 Σύ
2824 1843 2927 1894 μοι
2957 1826 3196 1894 φίλημα
3223 1827 3336 1878 οὐκ
3363 1824 3591 1890 ἔδωκας
3612 1841 3627 1855 ο

373 1917 505 1971 Ηαέ
535 1928 706 1970 autem
759 1933 822 1969 ea:
868 1931 968 1985 quo
1013 1915 1251 1979 intrauit,
1305 1929 1406 1965 non
1447 1913 1661 1965 cessavit
1717 1910 1946 1965 osculari

373 2013 526 2080 pedes
549 2008 938 2062 meos.—-0!eo
962 2018 1119 2074 caput
1163 2023 1333 2059 meum
1362 2022 1465 2059 non
1496 2005 1693 2059 unxisti
1711 2021 1729 2067 ;
1761 2004 1947 2061 Oleum

374 2102 518 2155 enim
546 2102 835 2170 peccatoris
868 2116 969 2153 non
999 2100 1282 2169 impinguet
1314 2107 1468 2165 caput
1497 2114 1666 2150 meum
1708 2097 1775 2150 ³⁸.
1806 2097 1950 2161 Quo-

375 2192 536 2248 modo
593 2192 736 2246 enim
795 2199 1010 2258 poterat
1070 2189 1231 2258 capiti
1274 2188 1476 2242 habere
1520 2188 1806 2254 honorem,
1858 2189 1947 2257 qui

377 2288 541 2354 pedes
589 2283 935 2353 neglexerat?
981 2281 1112 2337 Ilwc
1161 2291 1334 2336 autem
1388 2282 1545 2335 etiam
1594 2282 1747 2350 pedes
1800 2283 1949 2337 unxit

378 2374 960 2448 unguento.——Oleum
991 2377 1156 2439 enim,
1195 2376 1386 2446 inquit,
1419 2384 1728 2428 evacuatum
1768 2383 1950 2428 namen

379 2471 476 2526 tibi
528 2472 596 2525 ".
656 2470 980 2524 Evacuatum
1039 2480 1093 2524 et
1143 2470 1498 2533 exhaustum;
1546 2483 1651 2522 non
1701 2466 1945 2522 effusum.

378 2560 511 2618 Nam
542 2562 664 2631 quia
699 2577 791 2615 vas
819 2561 1029 2616 Judaici
1056 2560 1221 2614 animi
1265 2569 1520 2630 supputre
1559 2562 1697 2624 erat,
1753 2560 1953 2614 idcirco

378 2669 443 2708 ex
473 2654 784 2709 alabastrite
806 2646 986 2708 vestra
1020 2654 1074 2708 in
1111 2656 1274 2723 pedes
1307 2668 1456 2707 meos
1492 2652 1592 2706 fuit
1632 2664 1950 2708 evacuatutu

379 2757 735 2815 unguentum,
789 2759 848 2801 ut
893 2763 989 2817 per
1037 2763 1123 2802 me
1167 2745 1464 2816 fragrantia
1493 2735 1698 2815 gratia:
1736 2745 1952 2800 deriva-

379 2839 602 2894 returin
632 2848 840 2908 gentes.
877 2837 1103 2907 Propter
1132 2838 1272 2907 quod
1301 2838 1416 2890 dico
1443 2838 1534 2890 tibi
1562 2850 1580 2888 :
1605 2835 1955 2890 Remittuntur

379 2933 428 2985 ei
465 2941 676 2997 peccata
729 2931 898 2984 multa
927 2947 946 2985 :
977 2932 1117 2999 quod
1173 2940 1227 2984 tu
1278 2932 1520 2999 quidem,
1569 2932 1758 2984 eodem
1817 2939 1956 2983 tecto

377 3034 713 3092 susceptum,
765 3039 938 3093 neque
981 3023 1166 3078 osculo
1208 3022 1581 3082 honoraveris.
1632 3036 1805 3092 neque
1855 3037 1956 3076 uu-

385 3125 584 3184 guento
612 3115 816 3170 foveris
851 3137 863 3170 :
895 3116 1012 3170 lucc
1039 3113 1243 3183 autem,
1280 3115 1463 3170 multis
1492 3115 1610 3184 ejus
1639 3115 1795 3169 malis
1821 3114 1956 3170 obli-

379 3183 534 3262 vioni.
578 3207 822 3272 traditis,
878 3207 1228 3263 bonoraverit
1259 3222 1274 3260 :
1306 3207 1453 3261 velut
1504 3183 1700 3278 duplici
1744 3216 1956 3261 cratere
1982 3183 2027 3244 (δ

381 3290 702 3369 temperato,
738 3314 806 3354 ex
834 3299 1087 3372 lacrymis
1120 3309 1177 3354 et
1201 3299 1510 3366 unguentis.

451 3587 569 3642 XII.
610 3585 828 3642 Beatam
881 3588 1043 3656 igitur
1089 3588 1342 3642 feminam
1400 3588 1784 3656 praedicemus,
1845 3605 1964 3659 qua:

382 3681 524 3737 mala
566 3679 691 3733 Eva;
713 3679 920 3747 obtegit
950 3696 964 3732 :
1001 3683 1355 3746 peccatricem
1395 3680 1572 3745 illam,
1601 3681 1741 3734 illam
1779 3696 1954 3735 mere-

385 3774 595 3836 tricem,
645 3771 793 3827 illam
848 3773 1113 3827 bonorum
1168 3772 1609 3839 couciliatrieem,
1669 3773 1756 3827 cui
1794 3772 1956 3841 judex

382 3863 500 3932 ipse
555 3863 850 3918 advocatus
920 3862 1222 3932 fuitzquaa
1275 3852 1529 3934 laerymis
1585 3863 1714 3918 vicit
1770 3863 1958 3933 judicii

381 3952 607 4010 luctum.
635 3953 905 4022 Quotquot
928 3954 1155 4017 adestis,
1181 3969 1302 4023 qua:
1339 3955 1567 4010 audistis
1598 3953 1956 4016 :emulamini;

383 4055 548 4112 atque
611 4044 912 4099 meretricis
952 4060 1058 4098 non
1111 4045 1442 4114 voluptatem
1499 4046 1808 4111 imitamini,
1867 4048 1960 4100 sed

382 4137 702 4192 iamentum.
788 4133 1050 4205 Voluptas
1113 4137 1329 4206 quidem
1391 4152 1586 4206 parens
1640 4137 1859 4192 lamenti
1908 4149 1963 4193 et

381 4226 562 4283 luctus
600 4227 738 4294 fuit;
771 4226 947 4283 luctus
977 4237 1154 4283 autem
1184 4227 1342 4281 malis
1387 4227 1592 4282 exitum
1631 4229 1960 4287 conciliavit.

383 4321 594 4390 Corpus
624 4321 807 4390 itaque
830 4331 1069 4382 vestrum
1101 4335 1204 4375 non
1232 4335 1372 4390 aqua
1401 4320 1624 4388 abluite,
1659 4321 1753 4375 sed
1785 4320 1964 4394 lacry-

383 4416 522 4472 mis'
561 4418 802 4470 membra
834 4416 1043 4485 ungite,
1077 4430 1181 4469 non
1213 4415 1522 4485 unguentis,
1560 4418 1652 4495 sed
1691 4416 1963 4474 castitate.

457 4623 502 4654 ³⁸
538 4619 726 4675 Matth.
781 4635 858 4685 χι,
896 4619 986 4673 28.
1065 4620 1110 4651 ³⁸
1141 4619 1282 4676 Psal.
1319 4635 1420 4673 CXL
1477 4619 1532 4673 5.
1607 4619 1650 4650 "
1676 4618 1834 4674 Cant.
1870 4630 1902 4680 ι,
1943 4619 1998 4674 2.

2050 1924 2125 1986 ὼς
2171 1921 2280 1974 εἴθε
2324 1923 2397 1992 μή
2441 1938 2499 1973 τε
2553 1920 2784 1984 Ἰούδας,
2823 1923 2851 1973 ὁ
2898 1919 3166 1990 φιλήματι
3205 1919 3304 1989 τὴν
3340 1919 3631 1991 προδοσίαν

2051 2013 2441 2086 ἐργασάμενος.
2482 2011 2645 2078 Αὕτη
2687 2010 2755 2064 δὲ
2788 2011 2886 2080 ἀφ’
2941 2006 3011 2079 ἧς
3053 2009 3345 2077 εἰσῆλθεν
3368 2010 3510 2080 (80),
3559 2011 3633 2064 οὐ

2049 2105 2311 2160 διέλειπε
2359 2102 2771 2173 καταφιλῆσαι
2810 2120 2930 2173 μου
2974 2101 3116 2169 τοὺς
3149 2101 3360 2167 πόδας.
3420 2102 3630 2168 Ἐλαίῳ

2054 2195 2169 2264 τὴν
2214 2195 2486 2264 κεφαλήν
2544 2211 2664 2264 μου
2715 2195 2827 2248 οὐκ
2877 2192 3191 2261 ἤλειψαςο-
3228 2194 3477 2247 Ἔλατον
3523 2191 3633 2263 γὰρ

2051 2288 2400 2359 ἁμαρτωλοῦ
2437 2289 2524 2358 μὴ
2557 2285 2863 2344 diam-dtu
2890 2284 3007 2352 τὴν
3035 2284 3310 2355 κεφαλήν
3333 2303 3472 2354 μου.
3509 2285 3634 2348 Πῶς

2052 2385 2159 2455 γὰρ
2189 2382 2298 2451 (81)
2336 2378 2447 2452 εἶχε
2491 2382 2591 2452 τὴν
2637 2379 2878 2450 κεφαλὴν
2922 2381 3170 2450 τιμῆσαι.
3208 2381 3238 2431 ὁ
3279 2378 3456 2431 ποδῶν
3497 2378 3636 2447 ἀμε-

2053 2476 2252 2547 λήσας;
2294 2474 2454 2539 Αὕτη
2496 2473 2565 2526 δὲ
2615 2471 2716 2526 καὶ
2758 2471 2901 2537 τοὺς
2943 2471 3135 2537 πόδας
3187 2469 3408 2539 “sive
3443 2470 3632 2538 μύρῳ.

2054 2567 2260 2634 Μύρον
2287 2563 2416 2636 γὰρ,
2453 2564 2636 2634 φησὶν,
2671 2560 3002 2617 ἐκκενωθὲν
3041 2560 3228 2630 ὄνομά
3271 2575 3393 2613 σοι.
3440 2559 3634 2613 Ἐκκε-

2056 2658 2243 2723 νωθὲν,
2295 2659 2393 2710 οὐκ
2445 2655 2692 2726 ἐκχυθέν.
2759 2653 2979 2725 Ἐπειδὴ
3030 2652 3140 2724 γὰρ
3191 2651 3254 2704 τὸ
3304 2649 3497 2714 σκεῦος
3535 2650 3636 2720 τῆς

2069 2749 2367 2819 Ἰουδαϊκῆς
2394 2747 2620 2818 γνώμης
2653 2745 2961 2814 ὑπόσαθρον
2993 2739 3084 2814 ἦν,
3111 2742 3201 2796 διὰ
3239 2741 3397 2796 τοῦτο
3443 2744 3507 2794 ὲκ
3534 2741 3636 2810 τῆς

2053 2839 2546 2912 ’ἀλαϐαστροθήκης
2580 2837 2765 2908 ὑμῶν,
2797 2839 2855 2889 ὲν
2889 2839 3000 2899 τοῖς
3031 2834 3156 2888 ποσί
3195 2851 3294 2905 μου
3332 2830 3634 2900 ὲξεκενώθη

2056 2933 2118 2986 τὸ
2146 2931 2314 3003 μύρον
2340 2949 2354 2964 ο
2393 2932 2479 2983 ἵνα
2507 2931 2572 2983 δι’
2603 2929 2735 3000 ἐμοῦ
2773 2930 2852 2992 εἰς
2881 2928 2950 2980 τὰ
2984 2927 3108 2998 ἔθνη
3145 2923 3505 2996 μετοχετεύθη
3534 2924 3637 2992 τῆς

2059 3022 2286 3085 εὐωδίας
2327 3024 2359 3092 ἡ
2394 3023 2572 3092 χάρις.
2610 3016 2693 3075 Οὖ
2732 3019 2908 3089 χάριν
2932 3018 3088 3088 λέγω
3133 3034 3231 3072 σοι
3257 3034 3271 3048 °
3315 3017 3638 3086 Ἀφέωνται

2059 3113 2251 3183 αὐτῆς
2279 3116 2337 3167 αἱ
2367 3113 2642 3182 ἁμαρτίαι
2677 3115 2734 3165 αὶ
2772 3111 2998 3164 πολλαί
3015 3124 3029 3139 ⁶
3063 3111 3146 3163 ὅτι
3177 3110 3240 3163 σὺ
3273 3109 3371 3180 μὲν
3399 3107 3633 3180 ὁμορρό-

2059 3207 2179 3275 φιόν
2235 3223 2301 3276 με
2335 3204 2625 3276 δεξάμενος
2649 3245 2664 3266 ,
2704 3204 2822 3258 οὐδὲ
2861 3204 3127 3275 φιλήματι
3167 3202 3468 3272 ἐτίμησας,
3515 3199 3641 3254 οὐδὲ

2060 3297 2358 3368 ἀλείμματί
2391 3314 2458 3367 με
2505 3296 2878 3365 ὲθεράπευσας
2898 3336 2912 3359 ,
2944 3293 3086 3364 αὕτη
3117 3293 3174 3346 δὲ
3217 3291 3426 3345 πολλῶν
3453 3289 3639 3344 κακῶν

2059 3389 2366 3462 ἀμνηστίαν
2411 3381 2682 3450 λαϐοῦσα,
2731 3386 2958 3458 ἐτίμησέ
3007 3403 3109 3457 με,
3145 3386 3210 3438 ὲκ
3252 3382 3504 3456 δακρύων
3542 3381 3639 3436 καὶ

2046 3475 2272 3554 μύρων,
2312 3481 2474 3535 οἱονεὶ
2516 3481 2691 3551 δυφυῆ
2730 3478 3102 3552 κερασαμένη.

2132 3593 2236 3653 lB'.
2274 3595 2685 3666 Μακαρίσωμεν
2727 3590 2820 3648 οὖν
2841 3594 2939 3666 τὴν
2961 3593 3268 3666 ἄνθρωπον,
3288 3592 3387 3663 τὴν
3401 3591 3470 3645 τὰ
3498 3590 3643 3653 Εὔας

2055 3685 2372 3756 καλύψασαν
2400 3687 2575 3749 κακὰ,
2605 3687 2706 3756 τὴν
2740 3683 3084 3756 ἁμαρτωλὸν,
3129 3684 3228 3754 τὴν
3271 3685 3499 3754 πόρνην,
3540 3681 3640 3750 τὴν

2056 3775 2313 3850 πρόξενον
2337 3776 2458 3830 ,τῶν
2505 3777 2748 3845 ἀγαθῶν,
2773 3775 2873 3848 τὴν
2915 3776 3076 3829 αὐτὸν
3129 3774 3222 3828 τὸν
3274 3774 3467 3844 κριτὴν
3516 3789 3642 3825 συν⁶

2057 3872 2256 3942 ήγορον
2319 3871 2638 3939 ἐσχηκυῖαν,
2712 3868 2810 3938 τὴν
2893 3868 3122 3940 δάκρυσι
3194 3868 3496 3938 νικήσασαν
3549 3864 3643 3918 τὸν

2056 3960 2156 4030 τῆς
2210 3959 2447 4030 κρίσεως
2495 3959 2750 4030 ὀδυρμόν.
2831 3960 2958 4012 Οσοι
3025 3958 3288 4030 πάρεστε,
3355 3955 3638 4028 ζηλώσατε

2058 4050 2202 4122 ἆπερ
2255 4050 2526 4119 ἠκούσατε
2554 4068 2567 4081 ·
2614 4053 2708 4105 καὶ
2745 4051 2848 4122 τῆς
2894 4052 3099 4124 πόρνης
3150 4052 3223 4122 μὴ
3277 4050 3376 4122 τὴν
3417 4049 3634 4121 ἡδονὴν,

2059 4143 2196 4196 ἀλλὰ
2251 4143 2344 4196 τὸν
2393 4143 2590 4216 θρῆνον
2644 4144 2974 4215 μιμήσασθε.
3043 4146 3109 4198 Ἦ
3155 4143 3316 4214 ἠδονὴ
3375 4144 3475 4215 μὲν
3527 4141 3639 4213 γὰρ

2059 4234 2150 4287 τὸν
2212 4233 2409 4305 θρῆνον
2455 4234 2780 4306 ἐγέννησενο
2825 4235 2854 4288 ὁ
2901 4235 3098 4306 θρῆνος
3143 4231 3233 4297 δὲ,
3285 4233 3394 4288 τῶν
3445 4233 3638 4288 κακῶν

2061 4323 2159 4394 τὴν
2180 4324 2334 4378 λύσιν
2366 4324 2718 4398 προεξένησε.
2749 4325 2990 4380 Λούσατε
3019 4322 3112 4380 οὖν
3141 4326 3295 4396 ὑμῶν
3329 4327 3403 4397 μὴ
3431 4325 3660 4392 ὕδασιν,

2065 4417 2197 4480 ἀλλὰ
2227 4418 2457 4491 δάκρυσι
2503 4419 2565 4475 τὸ
2598 4421 2790 4492 σῶμα·
2833 4419 3090 4490 ἀλείψατε
3139 4421 3214 4492 μὴ
3262 4420 3486 4491 μύροις,
3528 4419 3643 4474 ἀλλ’

461 4803 572 4874 ('79)
607 4801 682 4856 Τὰ
704 4801 821 4871 μὲν
865 4801 1094 4874 ἄνωθεν
1140 4800 1476 4870 θαυμάσας·
1500 4799 1674 4874 τὰδὲ
1701 4798 1954 4874 κάτωθεν

2073 4814 2178 4868 que
2204 4797 2348 4874 velut
2375 4797 2662 4867 propheta,
2687 4796 2848 4874 prius
2874 4810 3035 4874 quam
3069 4809 3127 4874 se
3149 4794 3271 4850 cibo
3297 4793 3637 4874 corruptibili

382 4871 478 4946 μὴ
501 4875 898 4942 θεραπεύσας.
919 4871 1022 4937 Qui
1041 4875 1321 4946 superiora
1335 4875 1542 4946 quidem
1560 4872 1963 4946 sis_admiratu_s,

388 4941 646 5014 inferiora
674 4952 850 4997 autem
896 4957 996 5014 non
1027 4941 1234 5014 foveris.
1271 4942 1461 5014 Quiut
1492 4943 1808 5014 prophetam
1840 4941 1963 5010 qui-

389 5010 512 5068 dem
539 5025 590 5068 et
620 5014 917 5082 sapientem
957 5012 1251 5065 honorilice
1277 5010 1865 5083 exceperiscoovivio,
1906 5020 1962 5065 et

390 5087 620 5140 boucste
650 5081 938 5138 habueris:
964 5084 1124 5148 pedes
1149 5094 1326 5135 autem
1357 5081 1505 5137 meos
1531 5094 1585 5137 et
1617 5081 1800 5135 infima
1833 5095 1957 5134 cor-

2071 4865 2398 4939 pascendum
2423 4865 2840 4939 composuisset,
2871 4865 3057 4920 multis
3091 4865 3411 4939 ipseAverbis
3434 4935 3445 4939 _
3469 4865 3646 4920 sacris

2068 4935 2388 5006 caelestique
2401 4938 2557 5006 epulo
2575 4937 2838 5006 hospitem
2861 4951 3016 4992 suum
3041 4936 3268 5003 paverit.
3285 4935 3474 4990 Fuerit
3501 4942 3634 5004 ergo

2061 5009 2396 5074 credibilius,
2411 5008 2758 5076 interpretetur
2777 5016 3020 5061 nostrum
3035 5007 3415 5061 correctiorem
3431 5017 3646 5060 nactum

2061 5073 2588 5158 codicem,etqtralis
2613 5077 2996 5158 Amphilochia
3026 5077 3149 5140 fuit,
3182 5076 3416 5158 irrquem
3440 5077 3502 5129 τὸ
3535 5079 3649 5158 εἰσ-

391 5155 558 5221 poris,
605 5171 709 5208 non
771 5146 1030 5220 obsequio
1061 5150 1290 5216 foveris;
1354 5153 1487 5207 nihil
1533 5152 1675 5206 enim
1711 5151 1855 5206 aliud
1897 5151 1954 5205 τὰ

2061 5149 2229 5219 ἦλθον
2261 5149 2381 5203 loco
2407 5146 2502 5201 τοῦ
2524 5146 2773 5218 εἰσῆλθεν
2791 5147 2932 5202 facili
2961 5147 3360 5221 permutatione
3393 5161 3459 5221 ac
3509 5148 3646 5221 mala

391 5224 617 5288 ἄνωθεν,
651 5224 746 5276 καὶ
778 5221 1022 5277 κάτωθεν
1056 5223 1156 5275 hoc
1189 5222 1304 5278 loco
1325 5223 1608 5277 voluerint.

466 5294 576 5361 (80)
643 5293 768 5362 Ἀφ’
823 5288 899 5363 ἧς
954 5290 1262 5363 εἰσῆλθεν.
1304 5291 1514 5347 Habent
1557 5291 1726 5363 modo
1775 5289 1964 5346 Graeca

392 5364 674 5488 eisiilﬁow
709 5361 980 5433 quomodo
1023 5361 1308 5416 Jansenius
1351 5373 1502 5429 putat
1556 5362 1862 5433 legendum,
1917 5371 1969 5415 et

392 5437 470 5488 ait
519 5436 699 5488 rabere
725 5435 922 5487 nutltos
958 5433 1208 5488 antianos
1231 5434 1464 5488 codices.
1498 5434 1669 5488 prima
1699 5448 1966 5488 persona:

392 5433 483 5490 ait
501 5433 699 5490 habere
725 5435 922 5487 iutilius
958 5433 1208 5501 antiquos
1231 5434 1464 5498 codices,
1498 5434 1669 5498 prima
1699 5448 1966 5501 persona:

391 5506 479 5561 Ex
494 5521 594 5574 quo
629 5505 840 5558 intravi.
868 5503 1069 5558 Sensus
1102 5513 1278 5556 tamen
1310 5502 1682 5574 illcmttlllﬂdlls
1720 5514 1831 5574 est;
1866 5519 1967 5556 non

391 5573 536 5630 enim
568 5584 676 5627 tam
711 5576 903 5628 festiue
929 5575 1141 5627 videtur
1198 5574 1392 5627 mulier
1427 5573 1517 5627 illa
1564 5583 1746 5626 secuta
1786 5573 1964 5627 Domi.-

394 5662 546 5709 num,
578 5654 635 5698 ut
670 5647 853 5698 statim
889 5654 1052 5712 atque
1099 5647 1373 5713 ingressus
1407 5654 1514 5704 est,
1567 5646 1800 5712 potuerit
1853 5643 1968 5711 ejus

416 5716 560 5770 tcdes
589 5713 809 5770 abluere
829 5758 844 5777 ,
889 5715 1123 5769 maxime
1140 5715 1266 5783 quia
1298 5731 1404 5770 non
1427 5715 1598 5768 abluit
1621 5714 1718 5768 nisi
1752 5730 1967 5768 recum-

416 5733 560 5770 tenes
589 5733 809 5770 abluere
829 5758 844 5777 ,
889 5733 1123 5769 maxune
1140 5733 1266 5783 quta
1298 5733 1404 5770 llOll
1431 5733 1598 5768 aUlUll
1621 5733 1718 5768 HISI
1752 5733 1965 5768 recum-

394 5733 575 5845 iicutis
604 5794 717 5841 ‘cst
739 5795 918 5842 autem
943 5785 1252 5850 verisimile,
1286 5795 1344 5840 ut
1379 5786 1651 5855 ingressus
1682 5795 1965 5854 exceptus—

2064 5216 2300 5274 lectioue
2331 5216 2661 5284 irrepserit‘:
2699 5235 2862 5286 quam
2903 5218 3204 5271 utLaIiuus
3245 5219 3444 5286 aliquis
3471 5216 3645 5271 offen-

2072 5306 2166 5345 sus
2199 5291 2324 5344 dicti
2349 5287 2680 5351 difﬁcultate,
2713 5287 2798 5350 τὸ,
2833 5286 3060 5347 Intraui,
3098 5297 3364 5340 mutatum
3418 5287 3651 5341 voluerit

2074 5360 2128 5415 in
2155 5361 2390 5419 intravit,
2428 5374 2594 5428 quare
2623 5358 2751 5413 illud
2785 5359 2978 5428 merito
3011 5355 3236 5428 Syxtiua
3282 5362 3642 5411 retinuerunt.

2122 5458 2123 5461 η
2149 5429 2260 5502 (81)
2286 5429 2418 5496 Πῶς
2439 5426 2571 5498 γάρ.
2597 5445 2651 5502 κ.
2678 5443 2739 5484 τε.
2762 5428 2822 5502 λ.
2845 5426 3116 5492 Quomodo
3142 5436 3342 5502 poterat
3371 5428 3648 5502 capiti/to-

2075 5497 2252 5555 ποι·εηὶ
2281 5497 2489 5570 habere,
2512 5497 2638 5570 iqui,
2667 5509 2777 5552 etc.
2801 5501 2971 5551 Acute
3001 5497 3339 5570 perstringit,
3368 5506 3422 5550 et
3449 5497 3649 5551 indicat.

2071 5572 2124 5626 in
2157 5573 2382 5640 pedibus
2425 5569 2550 5624 Jesu
2603 5578 2814 5640 spretos
2853 5577 3211 5640 pauperesﬂet
3235 5569 3464 5640 fratres,
3511 5581 3649 5640 quos

2070 5637 2172 5711 qui
2206 5642 2434 5711 spernit,
2489 5637 2650 5709 capiti
2689 5638 2816 5693 Jesu
2851 5637 3074 5711 ejusque
3093 5638 3398 5711 divinitati,
3431 5638 3532 5711 etsi
3572 5638 3646 5711 ita

2071 5706 2387 5775 arbitretur,
2411 5706 2686 5766 “honorem
2713 5725 2817 5764 non
2847 5706 3055 5763 tribuit.
3089 5706 3178 5762 Sic
3201 5706 3440 5763 Joannes
3467 5707 3534 5763 de
3558 5707 3643 5764 di~

2069 5783 2337 5855 lectionea
2347 5783 2506 5852 rguit.
