4030 6408
260 432 317 485 89
1286 429 1550 487 ORATIO
1589 432 1653 486 IN
1698 432 1859 487 DIEM
1901 433 2192 491 SABBA'I‘I
2237 436 2506 495 SANCTI.
3433 440 3509 502 90

264 539 436 610 ἁγνείᾳ
462 539 532 593 τὰ
557 540 722 611 μέλη.
763 539 1087 594 Ἐνδύσασθε
1117 541 1176 593 ού
1200 540 1267 595 τά
1298 542 1485 613 Σηρῶν
1517 545 1831 614 ὑφάσματα,

1938 547 2243 611 lnduimini,
2295 563 2399 601 non
2462 558 2642 602 vestes
2689 549 2910 615 sericas,
2963 550 3057 604 sed
3104 551 3509 620 incorruptibile

269 634 387 686 ἀλλὰ
414 634 471 684 τὸ
494 634 777 702 ἄφθαρτον
810 635 909 703 τῆς
948 634 1302 705 σωφροσύνης
1343 636 1580 705 ἱμάτιον,
1615 637 1702 691 ἵνα
1734 639 1833 708 τῆς

268 726 422 793 αὐτῆς
446 726 644 795 τύχητε
676 725 838 795 δόξης
858 744 871 756 ο
897 725 1051 791 δόξαν
1091 726 1509 797 ἀναπέμποντες
1535 728 1612 798 τῷ
1654 728 1834 799 Ἀμνῷ

270 819 351 870 τοῦ
377 816 508 869 Θεοῦ
533 855 547 879 ,
580 817 656 886 τῷ
690 818 898 885 αῖροντι
931 817 1025 888 τὴν
1072 819 1347 889 ἁμαρτίαν
1383 818 1475 871 τοῦ
1511 819 1713 890 κόσμου
1736 838 1748 849 ·
1788 813 1833 887 ᾧ

269 911 298 977 ή
328 908 484 973 δόξα.
520 908 616 960 καὶ
664 912 698 978 ἡ
734 908 896 979 τιμὴ,
953 911 1047 961 καὶ
1087 912 1119 979 ή
1164 909 1531 981 προσκύνησις
1554 950 1567 973 ,
1623 913 1718 963 σὺν
1754 911 1832 981 τῷ

272 1000 433 1069 Ila-:91
466 1002 559 1052 καὶ
588 1000 669 1070 τῷ
698 1002 840 1069 ἁγίῳ
865 1002 1163 1071 Πνεύματι,
1200 1002 1295 1055 νῦν
1344 1004 1438 1056 καὶ
1466 1004 1585 1069 ἀεὶ,
1622 1004 1716 1057 καὶ
1750 1006 1831 1068 εἰς

268 1093 382 1153 τοὺς
407 1090 612 1153 αἰῶνας
638 1090 746 1143 τῶν
778 1091 985 1145 αἰώνων
1006 1109 1019 1122 ⁸
1060 1093 1251 1163 Ἀμήν.

365 1178 368 1181 ⁷
878 1186 1096 1239 ΛΟΓΟΣ
1144 1186 1220 1238 E'.

360 1282 470 1344 Εις
501 1280 618 1346 τὴν
650 1278 880 1347 ἡμέραν
910 1278 1017 1331 τοῦ
1046 1279 1219 1345 ἁγίου
1248 1276 1553 1331 Σαϐϐάτου
1582 1276 1718 1347 (82).

314 1368 391 1421 A'.
432 1370 750 1437 Ἐπιτάφιον
776 1368 968 1440 ἑορτὴν
999 1366 1093 1420 τοῦ
1124 1367 1375 1439 Σωτῆρος
1395 1368 1551 1439 ἡμῶν
1573 1369 1831 1440 ἑορτάζο-

268 1479 357 1532 μεν
383 1462 645 1533 σήμερον.
683 1463 839 1515 Καὶὸ
865 1462 982 1532 μὲν,
1006 1460 1156 1533 παρά
1187 1464 1294 1524 τοῖς
1327 1464 1539 1530 νεκροῖς
1567 1462 1714 1515 κάτω
1735 1465 1828 1517 τοῦ

266 1554 489 1606 θανάτου
522 1555 591 1607 τά
616 1555 790 1625 δεσμά
817 1554 1067 1618 διαλύων,
1098 1554 1191 1607 καὶ
1214 1553 1389 1623 φωτὸς
1412 1554 1501 1607 τὸν
1532 1554 1662 1624 ᾅδην
1697 1555 1832 1626 πλη-

263 1645 387 1715 ρῶν,
436 1646 532 1697 καὶ
561 1644 877 1713 ἀφυπνίζων
910 1647 1035 1707 τοὺς
1076 1645 1507 1714 κεκοιμημένους
1534 1662 1545 1673 ·
1580 1648 1741 1715 ἡμεῖς
1774 1646 1831 1698 δὲ

262 1736 556 1806 χορεύομεν
587 1738 726 1808 ὑπὲρ
753 1737 880 1807 γῆν,
920 1737 1016 1807 τήν
1058 1736 1354 1789 ἀνάστασιν
1401 1736 1828 1807 φανταζόμενοι,

263 1830 349 1881 καὶ
380 1831 445 1881 ού
492 1828 809 1898 δεδοίκαμεν
853 1829 950 1899 τὴν
999 1828 1224 1901 φθορὰν,
1282 1829 1356 1901 μὴ
1399 1829 1703 1901 κατισχύσῃ
1734 1830 1831 1899 τῆς

1941 640 2304 705 temperantia:
2339 640 2732 702 indumentum,
2770 651 2826 693 ut
2858 656 3041 709 parem
3071 641 3293 711 gloriam
3320 657 3511 698 conse-

1938 730 2197 796 quamini,
2245 729 2465 798 gloriam
2521 730 2901 785 submittentes
2945 733 3097 802 Agno
3153 718 3228 786 illi
3265 733 3381 798 Dei,
3415 748 3509 802 qut

1941 819 2072 871 tollit
2098 830 2373 888 peccatum
2408 824 2588 874 mundi
2613 822 2658 852 ³⁸
2680 823 2984 889 ιουίςιοτίιι
3000 825 3280 893 honorque
3298 835 3354 885 et
3379 825 3512 880 ado-

1938 908 2101 971 ratio,
2134 924 2253 960 cum
2275 908 2436 963 Patre
2465 920 2518 963 et
2545 909 2750 979 Spiritu
2780 921 2988 978 sancto,
3017 928 3162 969 nunc
3192 923 3249 968 et
3276 930 3506 986 semper,

1937 1007 1991 1053 et
2026 1002 2077 1053 in
2109 1001 2300 1055 saecula
2337 1002 2680 1056 saeculorum.
2709 1007 2902 1059 Amen.

2540 1180 2795 1237 ORATIO
2840 1181 2908 1238 Υ.

2359 1271 2427 1327 1η
2473 1273 2611 1327 diem
2644 1273 2861 1329 Sabbati
2898 1277 3084 1330 sancti.

2008 1364 2052 1418 Ι.
2126 1361 2437 1434 Sepulcrale
2493 1366 2688 1422 festum
2743 1366 3053 1423 Servatoris
3114 1368 3284 1423 nostri
3348 1366 3509 1421 hodie

1938 1453 2368 1523 frequentamus.
2408 1457 2474 1509 Et
2500 1457 2613 1525 ipse
2644 1459 2858 1528 quidem
2894 1460 3034 1528 apud
3076 1460 3277 1514 inferos
3317 1460 3506 1513 mortis

1938 1546 2149 1597 vincula
2188 1546 2450 1610 dissolvit,
2480 1548 2596 1603 luce
2631 1565 2723 1603 sua
2754 1550 3023 1605 infernum
3053 1550 3255 1621 implet,
3291 1562 3343 1605 et
3375 1553 3501 1607 dor-

1939 1637 2166 1690 mientes
2207 1651 2235 1689 a
2269 1652 2459 1691 somno
2485 1640 2721 1704 excitat;
2759 1655 2858 1696 nos
2886 1656 3010 1696 vero
3038 1643 3141 1696 lazti
3171 1643 3509 1697 exsultamus

1938 1744 2100 1795 super
2141 1738 2372 1795 terram,
2413 1733 2871 1786 resurrectionem
2909 1734 3077 1801 ipsius
3108 1735 3263 1788 nobis
3297 1734 3507 1803 cogita-

1941 1820 2087 1874 tione
2138 1822 2206 1874 oh
2258 1821 2443 1876 oculos
2496 1832 2816 1891 statuentes,
2878 1840 3054 1894 neque
3108 1826 3506 1894 corruptionem

263 1921 586 1990 ἀφθαρσίας.
626 1922 707 1974 Οὐ
740 1920 954 1986 δώσεις
997 1920 1126 1993 γὰρ,
1176 1922 1330 1992 φησὶ,
1374 1921 1481 1975 τὸν
1507 1922 1681 1975 ὅσιόν
1711 1935 1828 1975 σου

1937 1911 2034 1977 iam
2072 1912 2394 1977 metuimus;
2435 1927 2501 1967 ne
2530 1930 2616 1977 ea,
2655 1930 2819 1985 quam
2854 1915 3355 1986 incorruptibilitas.
3388 1918 3507 1986 plus

265 2014 407 2068 ἰδεῖν
458 2013 810 2082 διαφθοράν.
862 2015 972 2068 Καὶ
1019 2016 1149 2077 ἴσως
1194 2014 1351 2085 ήμῶν
1379 2014 1479 2085 τὴν
1510 2014 1828 2083 φιλοσοφίαν

261 2107 487 2174 γελῶσιν
532 2106 774 2159 Ἰουδαῖοι
802 2110 897 2160 καὶ
939 2107 1197 2178 ’Έλληνες
1222 2124 1237 2137 ⁸
1268 2108 1315 2160 οἱ
1350 2107 1447 2177 μὲν
1476 2106 1663 2179 ἕτερον
1694 2108 1831 2178 Χρι-

263 2198 381 2250 στὸν
428 2199 878 2269 προσδεχόμενοι,
916 2201 965 2252 oi
1010 2199 1067 2252 δὲ
1111 2198 1303 2267 τάφοις
1348 2198 1833 2261 ἐναποκλείσαντες

260 2291 436 2345 αὐτῶν
477 2291 579 2355 τὰς
624 2291 863 2357 ἐλπίδας,
918 2291 1045 2362 περὶ
1089 2285 1163 2346 ὧν
1206 2290 1429 2354 εἰκότως
1473 2291 1502 2344 6
1546 2292 1833 2363 προφήτης

258 2382 453 2451 φησίν·
505 2384 570 2434 Ol
625 2380 798 2450 τάφοι
840 2380 1039 2436 αὐτῶν
1098 2381 1278 2436 οἰκίαι
1328 2381 1529 2435 αὐτῶν
1575 2384 1665 2448 εἰς
1725 2381 1833 2435 τὸν

255 2474 453 2528 αἰῶνα.
492 2473 631 2526 Ἀλλ’
654 2475 705 2526 οἱ
729 2474 825 2543 μὲν
849 2474 1118 2542 γελῶντες
1140 2474 1454 2541 στενάξουσι
1484 2472 1831 2543 (στενάξουσι

255 2564 365 2633 γὰρ
392 2563 646 2635 ὔστερον,
672 2561 920 2631 δρῶντες
953 2566 1041 2629 είς
1065 2563 1138 2617 ὃν
1156 2563 1560 2633 ἐξηκόντισαν
1588 2565 1684 2616 καὶ¹
1744 2565 1833 2616 ὲν-

256 2656 486 2726 ύόρισαν
517 2656 575 2725 )·
628 2656 789 2726 ἡμεῖς
847 2655 904 2708 δὲ
956 2655 1315 2728 δακρύοντες,
1362 2656 1521 2727 ἡδονῇ
1548 2656 1607 2708 τὸ
1663 2655 1834 2719 πάθος

254 2748 603 2818 κεράσωμεν.
676 2746 962 2816 ’Ἡρπασεν
1030 2749 1058 2799 6
1115 2746 1341 2811 θάνατος
1407 2746 1498 2799 τὸν
1552 2747 1832 2819 Δεσπότην

253 2839 523 2909 Χριστόν;
572 2837 686 2891 ἀλλ’
725 2839 785 2890 ού
831 2836 1049 2902 καθέξει
1101 2840 1231 2910 παρ’
1286 2836 1466 2908 ἑαυτῷ
1524 2837 1620 2910 τὴν
1664 2836 1829 2908 ζωήν.

253 2930 539 2992 Κατέπιες
598 2930 856 2983 κατέπιεν
909 2931 1181 3002 ἀγνοήσας
1204 2972 1219 2996 ,
1278 2931 1392 2984 ἀλλ’
1445 2930 1672 3000 ὲξέμεσε
1719 2929 1831 3001 (85)

253 3020 486 3084 πολλοὺς
520 3020 617 3072 σὺν
646 3019 811 3090 αὐτῷ.
864 3020 1037 3073 Ἐκὼν
1067 3021 1358 3090 κατέχεται
1385 3020 1501 3084 νῦν,
1531 3020 1668 3091 μετά
1697 3019 1829 3072 ταύ-

249 3129 351 3181 την
384 3112 488 3181 τὴν
515 3110 729 3182 ἡμέραν
754 3110 1054 3174 σκυλεύσας
1079 3113 1167 3165 τὸν
1199 3111 1330 3182 ᾅδην
1360 3111 1661 3164 ἀνίσταται.
1693 3108 1833 3173 Χθὲς

249 3198 551 3269 ἐμαύρωσε
580 3198 669 3250 τὸν
695 3198 845 3267 ἥλιον
876 3199 1227 3269 σταυρωθεὶς,
1254 3199 1349 3253 καὶ
1380 3198 1651 3270 μεσούσης
1685 3198 1825 3269 ήμέ-

1932 2002 2118 2071 possit.
2167 2001 2289 2055 Non
2323 2004 2473 2056 dabis
2509 2005 2677 2067 enim,
2711 2007 2886 2073 inquit
2923 2004 3223 2075 Scriptura,
3269 2017 3508 2060 sanctum

1932 2102 2078 2144 tuum
2114 2094 2287 2146 videre
2332 2097 2719 2163 corruptionem
2766 2097 2831 2150 ³³.
2879 2095 2947 2151 Ει
2981 2096 3228 2153 fortassis
3266 2098 3505 2165 philoso-

1933 2183 2112 2253 phiam
2153 2186 2293 2239 hanc
2338 2197 2580 2241 nostram
2622 2187 2789 2243 Judaei
2832 2199 2886 2243 et
2923 2188 3095 2244 Graeci
3128 2190 3383 2255 irrident;
3434 2191 3506 2243 illi

1931 2277 2146 2345 quidem
2211 2278 2375 2333 alium
2436 2280 2713 2334 Christum
2775 2290 3150 2351 exsliectantes
3201 2297 3216 2335 :
3272 2282 3327 2336 hi
3382 2296 3509 2337 vero

1932 2370 2193 2438 sepulcris
2221 2386 2344 2440 spes
2373 2387 2499 2427 suas
2538 2373 2901 2441 iucludcntes,
2942 2374 3007 2428 de
3036 2374 3234 2443 quibus
3269 2374 3510 2443 apposite

1933 2461 2190 2530 propheta
2238 2461 2314 2514 ait
2360 2478 2375 2515 :
2412 2461 2667 2530 Sepulcra
2705 2480 2906 2530 eorum,
2954 2466 3139 2519 domus
3182 2467 3413 2533 ipsorum
3454 2468 3508 2520 in
3543 2485 3547 2489 δ

1932 2552 2183 2607 swculum
2230 2553 2298 2610 “‘.
2339 2553 2606 2609 Caeterum
2663 2556 2752 2610 isti
2807 2572 2949 2612 nunc
3000 2558 3357 2623 corridentes,
3411 2573 3506 2629 ge-

1934 2655 2080 2697 ment
2131 2643 2419 2713 aliquando
2457 2645 2473 2717 (
2504 2656 2743 2715 gement,
2785 2649 3001 2716 inquam
3027 2688 3042 2712 ,
3099 2650 3420 2719 aspicientes
3454 2651 3506 2703 iu

1932 2749 2088 2803 quem
2138 2736 2474 2790 confixerunt
2530 2737 2595 2803 δι,
2651 2749 2705 2793 et
2758 2739 2965 2807 injuriis
3000 2740 3360 2812 affecerunt);
3412 2757 3510 2795 nos

1934 2839 2062 2880 vero
2088 2826 2475 2897 lacrymantes,
2514 2830 2815 2899 passionem
2853 2831 2996 2885 hanc
3022 2832 3204 2886 lzetitia
3237 2842 3509 2901 tempera-

1933 2917 2132 2974 himus.
2158 2916 2356 2987 Rapuit
2392 2935 2538 2974 mors
2582 2922 2867 2976 Dominum
2909 2936 3155 2977 nostrum
3195 2922 3508 2986 Christum;

1932 3010 2026 3063 sed
2053 3024 2157 3064 non
2203 3011 2455 3065 retinebit
2497 3014 2638 3082 apud
2670 3028 2729 3067 se
2753 3014 2939 3068 vitam.
2996 3015 3282 3069 Devoravit
3336 3015 3509 3083 ipsum

1934 3100 2129 3165 inscia,
2163 3102 2257 3156 sed
2277 3112 2520 3156 evomuit
2556 3103 2752 3158 multos
2779 3120 2900 3160 cum
2933 3106 3070 3175 ipso.
3126 3106 3325 3160 Volens
3370 3122 3512 3160 nunc

1935 3192 2204 3247 detinetur
2234 3211 2246 3246 :
2285 3195 2377 3249 sed
2411 3196 2650 3251 crastino
2672 3197 2778 3264 die,
2815 3196 3043 3267 spoliato
3070 3197 3507 3266 inferno,resur-

250 3306 354 3362 ρας
383 3289 676 3358 ἐπεισῆλθε
710 3289 806 3355 νύξ
826 3307 841 3320 ο
877 3268 1118 3361 σήμερον
1148 3294 1177 3343 6
1204 3268 1431 3354 θάνατος
1462 3290 1829 3362 παραλύεται,

1938 3292 2046 3353 get.
2084 3282 2213 3339 Heri
2238 3287 2535 3341 cruciﬁxus
2562 3287 2729 3342 solem
2762 3289 3094 3355 obscuravit,
3146 3300 3201 3345 et
3227 3291 3313 3345 die
3337 3292 3513 3345 adhuc

250 3378 407 3445 ξένον
437 3379 630 3451 νεκρὸν
672 3380 1046 3450 είσδεξάμενος
1073 3396 1086 3409 ·
1115 3380 1240 3451 χθὲς
1270 3380 1564 3451 ἐπένθησεν
1595 3382 1627 3451 ή
1657 3381 1831 3443 κτίσις

251 3472 352 3540 τὴν
381 3469 495 3523 τῶν
544 3471 809 3525 Ἰουδαίων
854 3472 1049 3542 μανίαν
1073 3471 1278 3542 ὁρῶσα,
1308 3472 1403 3526 καὶ
1434 3472 1624 3542 στολήν
1650 3471 1835 3524 πενθι-

253 3562 356 3631 κὴν
387 3563 451 3614 τὸ
488 3561 682 3625 σκότος
706 3560 1021 3615 ἐνεδύσατο·
1053 3565 1290 3634 σήμερον
1321 3563 1447 3626 λαὸς
1475 3566 1504 3616 ό
1528 3563 1833 3635 καθήμενος

256 3652 315 3702 ὲν
372 3651 557 3703 σκότει
618 3652 734 3720 φῶς
776 3647 883 3705 εἶδε
929 3654 1087 3722 μέγα.
1131 3653 1271 3715 Χθὲς
1299 3653 1521 3723 ἐδυνήθη
1551 3656 1583 3723 ἡ
1618 3654 1709 3724 γῆ,
1738 3654 1833 3707 καὶ

261 3745 388 3812 mp‘:
428 3742 606 3812 φυγῆς
634 3742 981 3808 ἐϐουλεύετο,
1014 3744 1108 3797 καὶ
1145 3744 1427 3815 διαστῆναι
1457 3749 1569 3806 τοῖς
1595 3745 1834 3798 ἐνοικοῦ-

267 3823 349 3887 σὶν
378 3835 612 3904 ἠπείλει,
645 3836 740 3887 καὶ
770 3836 838 3887 τά
880 3836 975 3906 μὲν
1002 3834 1101 3905 ὅρη
1130 3834 1441 3898 ἐκόπτοντο,
1473 3834 1749 3904 ἐσχίζοντο
1776 3836 1832 3888 δὲ

269 3927 323 3977 al
350 3927 572 3998 πέτραι,
605 3926 812 3995 γυμνὸς
846 3926 901 3979 δὲ
928 3922 996 3996 ἦν
1024 3927 1053 3977 6
1092 3926 1237 3989 ναὸς,
1281 3926 1529 3996 καθάπερ
1562 3925 1829 3996 ἔμπνους,

271 4016 330 4067 τὸ
361 4017 568 4086 ἱμάτιον
596 4016 915 4087 διαρρήξας,
945 4017 1013 4070 δι’
1054 4010 1129 4069 ὧν
1160 4014 1327 4069 ἔπαθε
1357 4015 1571 4079 δεικνὺς
1608 4015 1683 4079 ὡς
1714 4016 1836 4069 ἐϐε-

275 4104 477 4176 ϐηλώθη
503 4106 574 4159 τά
600 4107 754 4174 ἅγια.
785 4106 874 4163 Τὰ,
902 4106 1083 4175 ἀψυχα
1119 4105 1212 4158 τοῦ
1244 4105 1587 4176 τολμήματος
1615 4106 1829 4176 ᾔσθετο,

275 4197 322 4248 οι
360 4198 411 4250 δὲ
453 4198 626 4251 ταῦτα
684 4198 990 4268 τολμῶντες
1041 4198 1398 4268 ἀναισθήτους
1446 4194 1590 4268 εἶχον
1633 4198 1829 4268 ψυχάς.

288 4288 599 4357 Ἦγανάκτει
627 4291 697 4345 τά
723 4293 962 4361 στοιχεῖα
980 4329 996 4353 ,
1032 4291 1123 4343 καὶ
1149 4289 1347 4361 μικροῦ
1381 4290 1481 4361 τήν
1520 4290 1672 4354 τάξιν
1729 4293 1835 4344 άπιο

276 4379 441 4445 Quae,
460 4384 552 4435 καὶ
569 4383 833 4451 σύγχυσιν
859 4382 1152 4452 εἰργάσατο
1177 4382 1268 4434 τοῦ
1296 4381 1516 4447 παντὸς,
1550 4384 1598 4434 εἰ
1632 4382 1706 4453 μή
1736 4380 1832 4435 τοῦ

273 4474 602 4544 Δημιουργοῦ
648 4477 744 4543 τῆς
790 4473 1094 4545 βουλήσεως
1140 4473 1369 4543 ᾔσθετο,
1423 4474 1506 4526 ὅτι
1562 4472 1636 4543 μὴ
1688 4473 1834 4527 ἄκων

275 4565 537 4636 ὑδρίζετο.
1178 4580 1179 4583 “

1938 3376 2113 3429 media
2154 3391 2256 3431 nox
2288 3378 2566 3447 incubuit;
2603 3380 2765 3434 hodie
2788 3395 2934 3436 mors
2962 3382 3067 3435 vim
3103 3397 3255 3436 suam
3288 3382 3509 3446 amittit,

1942 3483 2138 3522 novum
2180 3469 2465 3538 quemdam
2511 3481 2783 3526 mortuum
2827 3473 2880 3527 in
2913 3488 2973 3527 se
3023 3474 3346 3543 suscipiens.
3385 3474 3512 3529 Heri

1940 3572 2119 3614 rerum
2162 3557 2363 3614 fabrica
2401 3561 2558 3627 luxit,
2597 3560 2905 3617 Iudaeorum
2940 3562 3176 3619 furorem
3209 3564 3419 3630 videns,
3459 3575 3514 3620 et

1942 3650 2213 3706 maestitia;
2249 3654 2634 3707 vestimentum
2664 3654 2768 3710 sibi
2819 3656 3070 3710 tenebras
3102 3656 3275 3710 induit
3304 3674 3319 3711 :
3355 3658 3515 3711 hodie

1938 3743 2165 3812 populus
2193 3743 2247 3796 in
2282 3745 2519 3800 tenebris
2542 3746 2738 3801 sedens
2785 3748 2920 3801 vidit
2954 3748 3129 3801 lucem
3158 3764 3405 3816 magnam
3442 3748 3509 3802 “.

1940 3833 2066 3888 lleri
2095 3845 2236 3887 terra
2259 3846 2554 3899 commota,
2588 3835 2734 3892 velut
2768 3838 2834 3893 de
2866 3837 2988 3910 fuga
3033 3839 3315 3894 consilium
3357 3840 3511 3905 iniit;

1940 3926 2224 3981 dehiscere
2259 3920 2705 3986 inhabitantibus
2733 3932 3060 3987 comminata
3093 3948 3108 3987 :
3166 3942 3377 3987 montes
3418 3931 3515 3985 ah-

1941 4018 2122 4085 scissi,
2158 4028 2324 4088 petrae
2350 4021 2554 4087 scissae,
2579 4023 2796 4077 'nudum
2843 4023 3100 4093 templum
3135 4033 3512 4092 conspectum,

1939 4113 2081 4182 quod
2140 4113 2362 4181 perinde
2406 4128 2470 4169 ac
2504 4115 2548 4169 si
2593 4115 2773 4169 vivum
2815 4124 2981 4181 esset,
3014 4125 3222 4172 vestem
3261 4118 3460 4187 dirupit
3497 4136 3511 4174 :

1939 4219 2036 4273 per
2082 4218 2144 4258 ea
2178 4219 2298 4274 quae
2330 4204 2435 4259 sibi
2471 4206 2830 4271 accidebant,
2882 4222 3038 4262 saera
3094 4217 3352 4263 temerata
3391 4224 3512 4264 esse

1939 4298 2291 4349 contendens.
2342 4296 2407 4350 Et
2462 4298 2655 4351 anima:
2711 4299 2930 4369 quidem
2986 4300 3213 4371 vitaque
3274 4302 3514 4370 expertia

1943 4394 2147 4438 tantum
2196 4384 2407 4441 facinus
2435 4398 2729 4443 senserunt
2762 4410 2775 4444 :
2811 4399 2869 4443 at
2906 4392 2995 4458 qni
3033 4390 3085 4444 id
3114 4391 3262 4452 ausi,
3307 4390 3516 4445 animas

1939 4475 2084 4527 omni
2113 4489 2275 4530 sensu
2295 4488 2559 4534 carentes
2587 4479 2909 4536 habuerunt.
2935 4479 3194 4534 Dolebant
3227 4480 3514 4545 elementa,

1941 4576 1995 4619 et
2016 4582 2208 4636 parum
2239 4568 2447 4635 aberat,
2475 4571 2625 4640 quin,
2662 4571 2906 4625 ordinem
2934 4574 3331 4643 stationemqne
3364 4574 3517 4627 dese-

270 4661 462 4725 rentia,
495 4659 872 4716 confusionem
900 4658 1215 4714 inducerent
1240 4656 1501 4723 universi,
1557 4657 1660 4711 nisi
1715 4658 2044 4712 voluntatem
2114 4658 2407 4714 conditoris
2467 4662 2858 4730 percepissent,
2904 4663 3152 4718 videlicet
3202 4663 3375 4733 ipsum
3406 4680 3512 4721 non

268 4747 486 4805 invitum
517 4753 649 4821 pati.

332 4848 478 4902 B’.'ﬂ
489 4848 692 4903 καινῶν
718 4848 811 4902 καὶ
823 4846 1143 4918 παραδόξων
1169 4862 1208 4898 π
1214 4863 1315 4916 ραγ
1326 4845 1510 4916 μάτων
1530 4848 1542 4898 !
1559 4845 1712 4916 Ξύλῳ
1731 4846 1831 4899 τεί-

2016 4843 2083 4897 ll.
2131 4842 2175 4899 Ο
2215 4859 2300 4899 res
2333 4859 2501 4899 novas
2535 4854 2697 4914 atque
2744 4845 3077 4913 inopinatas!
3116 4845 3287 4916 Ligno
3331 4855 3519 4900 exten-

262 4955 407 4993 νεται
442 4943 471 4993 6
510 4940 657 5010 λόγῳ
690 4940 877 5002 τείνας
898 4938 992 4992 τὸν
1017 4938 1244 5008 οὐρανόν
1262 4956 1275 4970 ·
1302 4940 1401 4992 καὶ
1424 4937 1641 5006 δεσμοῖς
1676 4955 1834 5009 περι-

260 5033 533 5100 eiuscui,
557 5037 587 5088 6
615 5034 786 5105 δήσας
813 5032 1027 5103 ψάμμῳ
1075 5033 1174 5104 τήν
1202 5033 1477 5087 θάλασσαν
1495 5046 1509 5060 ο
1558 5030 1834 5094 ποτίζεται

258 5129 437 5198 χολὴν,
477 5130 509 5181 6
534 5127 635 5190 τὰς
667 5125 850 5197 πηγὰς
887 5126 1101 5197 μέλιτος
1147 5125 1549 5197 χαρισάμενος*
1590 5126 1685 5178 καὶ¹
1712 5141 1835 5177 στε-

257 5219 523 5285 φανοῦται
574 5215 843 5279 ἀκάνθαις
867 5256 882 5282 ,
933 5217 964 5269 6
1011 5216 1110 5287 τὴν
1165 5218 1270 5286 γῆν
1323 5215 1675 5282 στεφανώσας
1721 5216 1834 5277 τοῖς

255 5310 441 5366 ἄνθεσι
464 5328 480 5342 ⁸
526 5309 627 5363 καὶ
671 5306 932 5362 τύπτεται
980 5306 1081 5379 μὲν
1129 5306 1360 5377 καλάμῳ
1404 5304 1504 5378 τὴν
1563 5306 1831 5377 κεφαλὴν,

1943 4936 2109 5002 ditur,
2144 4937 2235 5007 qui
2266 4938 2432 4992 verbo
2451 4937 2645 4991 caelum
2672 4939 3003 5004 tetenderat;
3030 4938 3257 4992 vinculis
3285 4938 3520 4991 circnm-

1941 5028 2125 5092 datur,
2173 5030 2265 5097 qui
2310 5045 2461 5085 mare
2512 5032 2693 5087 arenis
2742 5031 3093 5099 alligaverat;
3126 5031 3248 5086 felle
3281 5038 3515 5100 potatur,

1941 5121 2031 5189 qui
2064 5121 2239 5177 mellis
2269 5120 2449 5178 fontes
2486 5123 2663 5179 fuerat
2701 5123 2952 5194 largitus;
3002 5124 3175 5193 spinis
3205 5134 3514 5188 coronatur,

1940 5218 2031 5287 qui
2089 5226 2288 5273 terram
2351 5219 2575 5274 ﬂoribus
2641 5225 3029 5285 coronaverat;
3086 5217 3296 5274 calamo
3355 5224 3519 5286 caput

1942 5308 2281 5372 verberatur,
2315 5310 2405 5378 qui
2448 5309 2736 5380 Egyptum
2784 5310 2911 5364 olim
2965 5309 3148 5364 decem
3188 5306 3358 5378 plagis
3389 5320 3512 5377 per-

323 5472 372 5503 ³³
394 5466 553 5525 loan.
583 5483 633 5523 ι.
658 5466 753 5523 29.
827 5465 871 5500 ³⁸
902 5462 1047 5519 Psal.
1074 5480 1145 5520 xv
1194 5463 1285 5520 10.
1356 5462 1403 5496 ⁸⁸
1438 5462 1580 5519 Psal.
1619 5476 1808 5516 xum.

2004 5460 2231 5519 “'Zach.
2264 5478 2364 5529 xu,
2397 5463 2481 5520 10.
2560 5465 2605 5499 ⁸²
2632 5465 2732 5521 lsa.
2753 5482 2827 5528 ix.
2856 5464 2915 5521 2ο

318 5592 429 5663 (8‘2)
458 5591 867 5661 Exscripsimus
891 5589 1090 5646 editam
1115 5586 1503 5663 a_Pantino_e1§
1536 5582 1826 5663 bibliothe-

252 5655 605 5727 ca'Thuana,
655 5655 715 5717 ut
765 5670 852 5717 est
904 5670 1017 5715 tota
1064 5659 1252 5713 usibus
1302 5655 1532 5725 publicis
1590 5656 1824 5712 devota:

252 5736 507 5803 nactique
527 5732 757 5802 Regium
777 5732 1041 5805 codicem,
1082 5728 1212 5783 nihil
1244 5741 1395 5805 pazne
1424 5728 1694 5805 diversum
1734 5737 1827 5805 aut

256 5796 545 5868 mutatum,
588 5796 782 5858 e'xacta
836 5801 1122 5857 collatione
1184 5796 1442 5853 occurrit.
1511 5796 1603 5851 Est
1651 5796 1826 5849 oratio

256 5886 370 5942 quo
392 5877 621 5941 brevior,
657 5890 723 5929 eo
751 5870 965 5937 cultior,
985 5886 1110 5927 vere
1144 5869 1538 5927 nobilissimum
1571 5881 1824 5923 consum-

1933 5585 2216 5640 matissimt
2248 5586 2446 5654 Ingenii
2481 5595 2909 5641 monumentum.
2952 5584 3165 5637 Pantini
3203 5583 3513 5639 versionem

1934 5666 1993 5709 ut
2020 5656 2134 5737 suis
2152 5656 2395 5712 numeris
2433 5657 2756 5721 absolutam,
2790 5656 2878 5709 vix
2908 5670 3016 5712 uno
3048 5654 3263 5710 autalio
3282 5654 3512 5721 nmvulo,

1933 5736 2275 5780 retmutmus.

2005 5794 2115 5867 (83)
2158 5795 2456 5868 Ἐξέμεσε.
2485 5796 2583 5851 Ms.
2608 5796 2875 5869 ὲξεμέσει.
