4030 6408
530 439 592 496 9|
1513 440 1574 496 S.
1609 434 2052 494 AMPHILOCHII
2090 432 2472 490 lCONlENSlS
2509 431 2818 490 EPISCOPI
3700 434 3772 494 92

532 564 821 620 cusserat,
880 565 1151 626 caputque
1195 553 1496 611 Pharaonis
1555 555 1717 610 undis
1778 561 2100 622 operuerat;

2226 573 2230 597 ι
2273 547 2518 614 πατάξας
2557 549 2655 620 τὴν
2693 551 2966 617 Αἴγυπτον
3016 549 3138 612 ταῖς
3183 549 3313 604 δέκα
3357 550 3623 622 πληγαῖς,
3679 557 3773 609 καὶ

531 651 852 718 conspuitur
882 647 997 716 ejus
1021 648 1224 714 vultus,
1255 662 1414 716 quem
1443 646 1720 702 cherubim
1753 646 1949 700 intueri
1991 659 2096 698 non

536 741 824 796 sustinent.
877 740 1055 809 Atque
1087 740 1202 793 haec
1241 738 1366 792 talia
1410 753 1531 793 cum
1573 746 1868 808 pateretur,
1915 751 2011 806 pro
2045 750 2103 790 se

537 832 982 900 cruciﬁgentibus
1056 830 1519 898 comprecabatur,
1605 829 1788 884 dicens
1843 846 1856 881 :
1921 826 2103 893 Pater,

535 926 739 978 dimitto
767 923 911 988 illis;
941 939 1042 977 non
1071 922 1206 976 enim
1235 923 1404 976 sciunt
1435 921 1561 989 quid
1586 920 1789 986 faciunt
1819 918 1886 974 “.
1938 916 2102 971 Boni-

537 1026 649 1070 tate
686 1015 946 1069 malitiam
974 1014 1160 1067 vincit.
1198 1012 1569 1068 Defensionem
1600 1011 1834 1065 instituit
1859 1008 2107 1065 Chrisms

538 1121 637 1175 pro
692 1105 895 1159 Christi
945 1104 1274 1170 homicidis,
1326 1103 1554 1157 salutem
1621 1115 1807 1154 eorum
1867 1101 2108 1154 studiose

540 1208 784 1268 captans.
820 1198 980 1252 Diluil
1011 1198 1236 1263 crimen,
1267 1196 1624 1266 ignorantiam
1675 1204 1944 1248 causatus.
1991 1191 2105 1245 Non

544 1291 741 1346 acerbe
791 1291 914 1356 fert,
989 1289 1221 1344 vesanize
1279 1289 1515 1356 ipsorum
1580 1273 1864 1340 ludibrium
1915 1281 2105 1336 factus.

546 1381 763 1436 'l'olerat
817 1380 1207 1445 temulentiam,
1261 1391 1467 1446 suaque
1516 1376 1567 1430 in
1621 1389 1788 1444 genus
1815 1373 2107 1427 humanum

542 1470 923 1539 propensione,
946 1470 1164 1523 eosdem
1192 1469 1258 1520 ad
1287 1463 1706 1533 resipiscendum
1756 1470 1929 1513 vocat.
1971 1459 2109 1525 Quid

543 1563 818 1632 pluribus?
837 1561 988 1615 Nullo
1009 1576 1038 1615 e
1065 1559 1305 1615 bonitate
1333 1559 1500 1626 ipsius
1527 1556 1706 1608 fructu
1731 1561 2004 1622 percepto,
2024 1565 2110 1604 se-

545 1655 728 1724 pulcro
747 1654 1042 1716 includunt,
1061 1666 1218 1720 quem
1239 1649 1380 1703 nulla
1406 1662 1582 1702 rerum
1605 1645 1975 1698 universarum
1994 1657 2113 1710 quae

543 1747 833 1808 exsistunt,
859 1743 913 1797 in
939 1757 996 1797 se
1013 1742 1291 1796 continere
1311 1747 1492 1808 queat.
1511 1736 1791 1806 Siguacula
1815 1741 2108 1803 apponunt,

549 1848 791 1893 nostram
832 1834 1204 1889 liberationem
1242 1830 1710 1884 custodienteszet
1745 1824 2108 1880 resurrectio-

2203 640 2304 712 τὴν
2365 640 2602 711 κεφαλὴν
2661 639 2753 692 τοῦ
2816 637 3014 711 Φαραὼ
3075 639 3320 708 καλύψας
3389 645 3501 706 τοῖς
3565 641 3769 698 ὕδασιν.

2218 733 2548 804 Ἐμπτύεται
2570 732 2631 785 τὸ
2667 731 2956 804 πρόσωπον
2982 732 3010 784 ὃ
3043 731 3168 784 ίδεῖν
3199 732 3259 784 οὐ
3285 731 3439 804 φέρει
3469 731 3538 787 τὰ
3569 735 3774 805 Χερου-

2206 825 2323 895 ϐίμ.
2351 824 2533 877 Ταῦτα
2561 824 2616 876 δὲ
2645 823 2887 893 πάσχων,
2915 823 3052 894 ὑπὲρ
3089 823 3197 877 τῶν
3221 823 3594 894 σταυρούντων
3608 843 3774 897 προσ⁶

2205 915 2425 984 ηύχετο,
2472 915 2680 983 λέγων’
2733 914 2952 981 Πάτερ,
3000 912 3148 982 ἄφες
3176 913 3398 980 αὐτοῖς,
3430 916 3500 967 οὐ
3542 914 3651 984 γὰρ
3687 915 3774 968 οι-

2207 1004 2347 1057 δασι
2401 1004 2459 1056 τί
2499 1001 2803 1057 ποιοῦσιν.
2868 1002 3186 1073 Ἀγαθότητι
3229 1002 3328 1073 τὴν
3375 1004 3574 1057 κακίαν
3624 1006 3770 1076 νικᾷ.

2219 1097 2590 1164 Ἀπολογεῖται
2619 1093 2757 1165 ὑπὲρ
2797 1093 2904 1146 τῶν
2933 1093 3347 1164 χριστοκτόνων,
3383 1094 3462 1156 είς
3503 1094 3774 1166 σωτηρίαν

2210 1190 2404 1252 αὐτοὺς
2455 1188 2769 1257 σαγινεύων.
2808 1187 2938 1240 Λύει
2982 1188 3042 1240 τὸ
3084 1187 3372 1258 ἔγκλημα,
3416 1187 3514 1259 τὴν
3555 1188 3774 1256 ἄγνοιαν

2210 1279 2549 1349 αἰτιώμενος.
2604 1279 2678 1330 Οὐ
2727 1277 3039 1348 χαλεπαίνει
3081 1279 3178 1348 τῆς
3222 1277 3443 1332 ἐκείνων
3489 1279 3776 1350 παροινίας

2211 1370 2491 1439 γινόμενος
2533 1369 2803 1438 παίγνιον.
2841 1370 3066 1439 Δέχεται
3104 1370 3203 1441 τὴν
3249 1369 3438 1441 μέθην,
3465 1371 3559 1424 καὶ
3585 1371 3776 1440 φιλαν-

2215 1462 2428 1536 θρωπίᾳ
2492 1463 2645 1516 καλεί
2693 1463 2827 1534 πρὸς
2877 1462 3182 1532 μετάνοιαν.
3241 1463 3306 1515 Τί
3349 1463 3430 1516 δεῖ
3486 1463 3663 1532 λέγειν
3708 1465 3778 1518 τὰ

2218 1557 2386 1627 πλείῳ
2409 1574 2423 1622 ;
2445 1557 2607 1609 Οὐδὲν
2628 1557 2724 1626 τῆς
2739 1556 3072 1626 ἀγαθότητος
3086 1556 3453 1627 ἀπωνάμενοι,
3475 1557 3778 1624 ὲγκλείουσι

2211 1649 2368 1718 τάφῳ
2413 1647 2472 1700 ὃν
2519 1649 2671 1700 οὐδὲν
2715 1647 2820 1702 τῶν
2867 1648 3034 1700 ὄντων
3078 1650 3280 1719 χωρεῖ·
3341 1651 3436 1702 καὶ
3490 1649 3779 1723 σήμανθρα

2214 1739 2574 1802 ἐπιτιθέασιν,
2613 1739 2768 1809 ἡμῶν
2814 1739 2912 1810 τὴν
2957 1739 3231 1810 σωτηρίαν
3261 1739 3645 1809 φυλάττοντες·
3685 1742 3782 1795 καὶ

2219 1830 2451 1895 δεδιότες
2495 1831 2595 1902 τὴν
2635 1832 2949 1891 ἀνάστασιν,
3002 1832 3339 1905 στρατιώτας
3389 1832 3632 1902 φύλακας
3688 1837 3782 1902 ἐφ-

546 1947 668 1987 nem
710 1937 1006 1984 metuentes
1043 1927 1109 1981 ad
1144 1923 1448 1994 sepulcrum
1481 1919 1676 1975 milites
1727 1920 1978 1973 custodes
2001 1925 2114 1970 sta-

2226 1919 2409 1972 ιστῶσι
2445 1921 2521 1990 τῷ
2553 1899 2824 1991 μνήματι.
2882 1920 2975 1984 Τίς
3033 1899 3139 1974 εἶδε
3189 1899 3411 1992 νεκρὸν⁷
3448 1899 3783 1994 φυλαττόμε·

549 2030 729 2076 tuunt.
784 2020 918 2087 Quis
969 2031 1204 2086 unquam
1249 2014 1385 2068 vidit
1435 2021 1701 2066 mortuum
1750 2005 2117 2064 custoditum?

551 2117 657 2169 Aut
694 2113 899 2181 potius,
949 2110 1069 2179 quis
1113 2107 1246 2161 vidit
1289 2115 1558 2160 mortuum
1607 2101 1743 2156 bello
1783 2098 2116 2170 impetitumi

552 2206 675 2273 quis
709 2203 912 2256 audivit
951 2203 1078 2254 vita:
1120 2200 1322 2252 exitum
1363 2195 1594 2262 cuipiam
1633 2193 1929 2256 inductum,
1955 2201 2010 2244 et
2047 2189 2117 2243 ti-

551 2312 705 2350 more
756 2303 1008 2347 auctores
1058 2288 1416 2344 aiiicientcm?
1463 2287 1584 2355 quis
1636 2301 1740 2339 non
1789 2284 1856 2336 de
1903 2281 2119 2336 inimico

551 2385 812 2438 sollicitus
844 2397 962 2436 esse
997 2381 1177 2438 desiit.
1204 2386 1484 2446 postquam
1519 2375 1753 2428 animam
1794 2371 1960 2440 ipsius
1987 2371 2116 2426 abs-

557 2478 729 2533 uhu?
775 2479 897 2546 quis
937 2492 1041 2530 non
1110 2473 1446 2528 inimicitiam
1493 2469 1758 2532 dissolvit,
1807 2477 1980 2522 morte
2030 2466 2123 2520 ad-

560 2571 784 2623 versarii
840 2567 1113 2624 satiatus?
1160 2565 1294 2630 Quid
1340 2577 1496 2631 quem
1532 2564 1596 2614 de
1630 2560 1804 2614 medio
1837 2557 2120 2622 sustulisti,

555 2663 730 2714 adhuc
776 2662 983 2719 horres,
1018 2655 1235 2710 Judtee?
1267 2655 1394 2723 quid
1427 2652 1620 2706 metuis
1650 2666 1808 2720 quem
1841 2648 2124 2704 occidisti?

556 2754 683 2820 quid
739 2750 995 2804 formidas
1025 2765 1054 2802 e
1083 2749 1216 2801 vivis
1272 2745 1576 2812 egressum?
1622 2744 1748 2812 quid
1795 2745 1948 2796 times
1994 2755 2122 2796 ene-

559 2845 740 2898 ctttttt?
788 2843 914 2910 quid
949 2851 1000 2894 te
1036 2839 1331 2892 discruciat
1360 2853 1515 2905 quem
1545 2835 1901 2889 cruciﬁxisti?
1941 2833 2125 2889 Caedes

561 2938 673 3004 ipsa
701 2936 792 2988 tibi
826 2935 1170 2988 securitatem
1200 2930 1485 2997 promittit.
1530 2927 1677 2981 Bono
1707 2929 1885 2980 animo
1904 2935 2042 2980 esto.
2068 2923 2124 2978 Si

562 3028 734 3080 nudus
766 3027 944 3088 homo,
983 3024 1072 3091 qui
1105 3033 1344 3073 mortuus
1372 3030 1475 3083 est,
1514 3034 1618 3074 non
1648 3019 1833 3087 utique
1867 3019 2124 3087 resurgit;

561 3117 605 3170 si
657 3115 829 3168 nudus
878 3124 1058 3174 homo,
1102 3119 1244 3164 recte
1272 3109 1324 3162 iu
1359 3122 1574 3162 crucem
1619 3107 1808 3176 egisti;
1861 3105 1903 3160 si
1953 3105 2126 3158 nudus

564 3205 743 3268 homo,
791 3219 893 3256 non
937 3218 1120 3255 verum
1165 3209 1332 3253 restat
1367 3197 1509 3266 quod
1556 3197 1732 3252 dixit:
1762 3196 1957 3251 Solvite
2004 3206 2129 3248 tem-

562 3295 704 3364 plum
749 3295 866 3355 hoc,
899 3292 1034 3346 etin
1075 3293 1240 3344 tribus
1286 3290 1466 3341 diebus
1510 3287 1746 3341 excitabo
1792 3287 1924 3340 illud
1951 3270 2018 3343 ⁸⁸.
2070 3285 2129 3340 Si

567 3389 740 3440 nudus
766 3387 944 3448 homo,
978 3393 1151 3437 morte
1173 3383 1484 3445 detinetur;
1511 3379 1554 3433 si
1586 3380 1763 3432 nudus
1794 3377 1977 3441 homo,
2003 3377 2131 3446 quid

567 3477 872 3545 sepulcnlm
922 3473 1250 3544 cousiguas?
1292 3473 1556 3540 Exspecta
1602 3469 1742 3523 diem
1790 3469 2033 3529 tertium.
2080 3476 2134 3522 et

574 3566 780 3619 videbis
818 3565 1037 3618 insaniae
1067 3575 1168 3615 tua:
1207 3561 1648 3616 confutationem.
1700 3559 1892 3613 Desine
1934 3557 2134 3612 frustra

570 3657 833 3718 laborare,
867 3664 919 3707 et
948 3653 1153 3706 videbis
1185 3667 1362 3706 rerum
1402 3660 1672 3704 eventum.
1713 3647 1908 3702 Desine
1947 3656 2132 3701 contra

570 3749 851 3801 veritatem
891 3745 1087 3798 furere.
1127 3743 1322 3797 Desine
1373 3741 1479 3796 Deo
1527 3740 1721 3794 bellum
1753 3738 1968 3803 inferre,
2000 3737 2137 3792 infe-

572 3854 804 3906 rensque
845 3845 897 3890 te
935 3837 1107 3906 ipsum
1148 3833 1455 3888 vulnerare.
1491 3833 1688 3887 Desine
1725 3831 1894 3886 solem
1917 3829 2140 3896 justitizc

573 3930 787 3996 injuriis
819 3925 1055 3990 allicere,
1087 3926 1408 3979 existimans
1453 3931 1503 3975 te
1553 3922 1669 3989 ejus
1715 3922 1890 3975 radios
1937 3923 2141 3974 exstin-

573 4035 758 4090 guere.
793 4018 1008 4080 Desine,
1039 4017 1293 4083 inquam;
1335 4027 1434 4066 nec
1477 4012 1676 4067 fontem
1704 4012 1830 4066 vita:
1863 4011 2142 4065 obstruere

575 4109 892 4163 contendas.
928 4105 1120 4160 Desine
1148 4104 1430 4173 praefectos
1461 4104 1708 4172 fatigare.
1748 4101 1942 4156 Desine
1970 4102 2036 4155 de
2055 4117 2144 4155 ους

575 4201 745 4256 stodia
783 4199 943 4252 verba
986 4197 1183 4250 facere.
1240 4195 1431 4249 Desine
1483 4192 1819 4247 mendacium
1874 4192 1968 4246 tibi
1995 4207 2144 4247 eom-

576 4291 841 4354 mercari,
881 4297 936 4343 et
975 4296 1211 4340 armatos
1253 4300 1616 4340 commovere.
1657 4283 1732 4338 Ne
1763 4283 1963 4338 frustra
2005 4284 2144 4338 nita-

577 4384 652 4437 ris
693 4397 760 4435 ne
810 4380 874 4433 ad
919 4379 1251 4448 impietatem
1299 4377 1598 4446 impensam
1649 4376 1834 4441 facias,
1862 4391 1928 4430 ne
1959 4387 2145 4431 contra

579 4476 745 4529 Deum
779 4473 870 4526 tibi
913 4472 1194 4526 victoriam
1254 4470 1444 4539 ﬁngas.
1501 4467 1579 4523 Ne
1633 4468 1918 4535 militibus,
1952 4479 2010 4522 ut
2041 4467 2144 4521 alia

577 4581 674 4635 pro
717 4564 838 4616 aliis
889 4561 1144 4624 referant,
1191 4561 1497 4614 mercedem
1555 4560 1778 4614 tribuas.
1824 4557 1902 4614 Ne
1933 4561 2144 4614 turbam

578 4662 645 4716 ad
678 4660 982 4728 sepulcrum
1018 4657 1284 4712 excubare
1323 4654 1513 4710 facias.
1567 4655 1648 4709 Ne
1678 4657 1730 4710 in
1757 4656 1924 4711 armis
1953 4656 2059 4711 tuis
2080 4656 2145 4711 ﬁ-

579 4753 792 4807 duciam
829 4749 1052 4803 habeas.
1095 4749 1276 4802 Armis
1317 4747 1640 4802 resurrectio
1672 4763 1776 4801 non
1808 4748 2146 4816 prohibetur,

581 4861 686 4899 non
736 4841 1030 4910 impeditur
1075 4839 1388 4909 signaculis,
1421 4854 1526 4892 non
1555 4848 1839 4893 coercetur
1862 4839 2145 4902 militibus,

581 4949 688 4990 non
739 4933 1031 5002 surripitur
1083 4929 1348 4998 pecuniis,
1400 4931 1492 4984 sed
1551 4929 1654 4983 ﬁde
1699 4930 1995 4985 obtinetur.
2029 4930 2145 4984 Non

583 5025 762 5079 vidisti
815 5023 1080 5077 Lazarum
1130 5034 1300 5089 nuper
1349 5030 1574 5074 mortem
1633 5019 1806 5073 instar
1840 5021 2013 5074 somni
2053 5035 2148 5074 ex-

583 5115 920 5173 cutientem?
956 5113 1067 5166 Non
1098 5111 1276 5165 vidisti
1313 5111 1582 5178 quomodo
1625 5126 1747 5164 cum
1793 5109 1972 5164 fasciis
2020 5110 2149 5180 ipsis

2217 2029 2340 2077 vov;
2379 2012 2577 2082 μᾶλλον
2621 2013 2677 2065 δὲ
2720 2012 2801 2076 τίς
2845 2007 2949 2066 εἶδε
2981 2012 3172 2083 νεκρὸν
3218 2013 3654 2084 πολεμούμενον;
3699 2013 3784 2079 τίς

2217 2104 2415 2173 ἧκουσε
2479 2104 2734 2174 τελευτὴν
2797 2104 3277 2175 ἀμφιϐαλλομένην
3325 2105 3457 2174 (84),
3515 2106 3608 2160 καὶ
3668 2106 3786 2171 δέος

2218 2196 2551 2266 ἐμποιοῦσαν
2596 2199 2708 2259 τοῖς
2752 2197 3182 2267 ἐργασαμένοιςς
3230 2197 3312 2260 τίς
3361 2199 3459 2250 οὐκ
3509 2198 3787 2250 ἐπαύσατο

2219 2287 2356 2357 πρὸς
2403 2287 2596 2359 ἐχθρὸν
2645 2288 2744 2358 τὴν
2773 2288 2949 2359 ψυχὴν
2981 2289 3374 2361 ἀφειλάμενοςς
3429 2293 3512 2355 τίς
3565 2293 3625 2344 οὐ
3660 2310 3789 2346 κατ-

2221 2377 2410 2430 έλυσεν
2437 2377 2638 2449 ἔχθραν
2653 2379 2940 2450 ἀρκεσθεὶς
2978 2380 3190 2450 θανάτῳ
3219 2381 3310 2434 τοῦ
3348 2382 3674 2452 δυσμενοῦς;
3721 2385 3790 2438 Τί

2219 2469 2278 2521 ὃν
2305 2469 2581 2540 ἀνήλωσας
2617 2470 2843 2540 δειλειᾷς
2864 2511 2877 2534 ,
2907 2464 2951 2522 ὧ
2997 2471 3249 2535 Ἰουδαίε;
3291 2473 3344 2525 τί
3377 2475 3511 2544 φοϐῇ
3557 2475 3615 2527 ὂν
3678 2477 3788 2528 ἀπ·-

2223 2561 2498 2625 έκτεινας;
2538 2560 2759 2630 τρέμεις
2779 2561 2870 2612 τὸν
2916 2563 3284 2631 μεταστάντας
3330 2563 3380 2615 τί
3419 2563 3658 2626 δέδοικας
3694 2563 3790 2616 τὸν

2222 2654 2603 2724 ἀναιρεθέντα;
2633 2654 2684 2705 τί
2709 2653 2766 2705 ὃν
2793 2655 3142 2724 ὲσταύρωσας
3165 2655 3434 2726 ἀγωνιᾷς;
3469 2658 3653 2725 Ἔχεις
3680 2657 3790 2709 ἀπὸ

2223 2743 2322 2813 τῆς
2352 2744 2564 2813 σφαγῆς
2597 2745 2912 2814 ἀσφάλειαν.
2956 2746 3177 2817 Θάρρει.
3224 2748 3284 2799 Εἰ
3317 2748 3468 2816 ψιλὸς
3505 2748 3791 2817 ἄνθρωπος

2225 2834 2254 2884 ὁ
2301 2834 2588 2903 τεθνηκὸς,
2644 2836 2743 2888 οὐκ
2786 2836 3097 2890 ἀνίσταται·
3159 2840 3206 2889 εί
3261 2837 3414 2906 ψιλὸς
3463 2838 3743 2908 ἅνθρωπος
3772 2877 3789 2899 ,

2227 2925 2408 2988 καλῶς
2445 2926 2651 2998 ἔπηξας
2677 2927 2766 2980 τὸν
2797 2929 3027 2998 σταυρόν
3048 2945 3063 2959 ·
3109 2931 3156 2981 εί
3183 2929 3332 2998 ψιλὸς
3359 2930 3660 3000 ἄνθρωπος,
3689 2932 3794 2982 οὐκ

2226 3017 2497 3088 ἀληθεύει,
2527 3020 2764 3072 Λύσατε
2791 3019 2897 3072 τὸν
2928 3020 3078 3073 ναὸν
3108 3022 3341 3085 τοῦτον,
3376 3023 3568 3086 εἰπὼν,
3603 3023 3699 3076 καὶ
3724 3023 3797 3075 ἐν

2227 3109 2383 3176 τρισὶ
2433 3109 2678 3178 ἡμέραις
2722 3111 2901 3180 ἐγερῶ
2935 3115 3139 3166 αὐτόν.
3177 3115 3239 3166 El
3281 3114 3434 3182 ψιλὸς
3476 3115 3792 3185 ἄνθρωπος,

2230 3197 2308 3268 τῷ
2349 3197 2561 3268 θανάτῳ
2615 3201 2934 3269 κατέχεταν
2985 3203 3033 3253 εί
3063 3201 3216 3270 ψιλὸς
3261 3203 3573 3275 ἄνθρωπος,
3608 3203 3658 3255 τί
3703 3203 3798 3255 τὸν

2230 3290 2398 3358 τάφον
2429 3289 2782 3362 σφραγίζεις,
2835 3293 3062 3364 ἁνόητε;
3103 3295 3423 3366 Περίμεινον
3465 3295 3562 3365 τὴν
3607 3296 3800 3367 τρίτην

2232 3381 2465 3452 ἡμέραν,
2498 3384 2590 3436 καὶ
2621 3383 2739 3452 ὄψει
2786 3384 2886 3452 τῆς
2927 3384 3152 3438 σεαυτοῦ
3196 3388 3392 3455 μανίας
3429 3387 3521 3438 τὸν
3552 3386 3794 3456 ἔλεγχον.

2233 3473 2448 3526 Παῦσαι
2475 3474 2991 3546 περιεργαζόμενος,
3020 3477 3112 3529 καὶ
3137 3477 3305 3548 θεάσῃ
3330 3477 3434 3530 τῶν
3464 3479 3804 3549 πραγμάτων

2233 3565 2330 3636 τὴν
2349 3564 2590 3618 ἔκϐασιν.
2619 3565 2830 3620 Παῦσαι
2849 3566 3052 3620 λύττων
3077 3567 3218 3620 κατά
3240 3569 3338 3638 τῆς
3362 3568 3633 3638 ἀληθείας.
3660 3568 3807 3622 Παῦ-

2238 3671 2328 3706 σαι
2359 3654 2476 3725 Θεῷ
2509 3655 2782 3726 πολεμῶν,
2813 3658 2907 3710 καὶ
2948 3658 3026 3728 τῷ
3057 3658 3309 3728 πολεμεῖν
3349 3660 3807 3730 κατατιτρώσκων

2238 3745 2453 3797 σαυτόν.
2492 3745 2704 3799 Παῦσαι
2728 3747 2817 3799 τὸν
2843 3747 2992 3817 ἥλιον
3048 3748 3146 3817 τῆς
3173 3748 3518 3819 δικαιοσύνης
3545 3748 3807 3820 ὑϐρίζων,

2239 3837 2332 3890 καὶ
2360 3837 2593 3908 νομίζων
2625 3836 2721 3900 τὰς
2758 3839 2982 3900 ἀκτῖνας
3015 3839 3222 3890 ἐκείνου
3252 3839 3546 3893 σϐεννύειν.
3591 3841 3808 3894 Παῦσαι

2238 3928 2336 3996 τὴν
2365 3929 2546 3999 πηγὴν
2572 3929 2668 3998 τῆς
2699 3928 2844 3998 ζωῆς
2873 3930 3189 3999 προσχῶσαι
3214 3930 3553 4000 φιλονεικῶν.
3589 3932 3810 3985 Παῦσαι

2241 4020 2494 4090 ἄρχουσιν
2539 4020 2790 4088 ἐνοχλῶν,
2826 4022 2920 4073 καὶ
2968 4022 3095 4093 περὶ
3139 4025 3380 4094 φρουρᾶς
3406 4023 3807 4094 διαλεγόμενος.

2241 4108 2450 4161 Παῦσαι
2480 4109 2542 4160 τὸ
2569 4109 2760 4177 ψεῦδος
2793 4110 3125 4180 ὠνούμενος,
3163 4113 3258 4164 καὶ
3303 4113 3428 4176 τοὺς
3464 4113 3684 4176 ὁπλίτας
3722 4131 3815 4167 κι-

2243 4197 2372 4251 κῶν.
2405 4199 2496 4268 Μὴ
2545 4199 2726 4270 κάμῃς
2776 4199 3007 4267 ἀνόνητα
3030 4216 3044 4228 ·
3084 4199 3157 4270 μὴ
3188 4203 3267 4262 εἰς
3303 4200 3556 4254 ἀσέϐειαν
3601 4200 3814 4254 ἀναλώ-

2245 4307 2343 4362 σῃς
2371 4291 2440 4344 τὰ
2473 4291 2560 4355 σὰ,
2601 4294 2695 4344 καὶ
2729 4293 2868 4346 κατά
2898 4292 3033 4345 Θεοῦ
3064 4293 3331 4361 φαντάζου
3369 4295 3467 4363 τὴν
3505 4295 3679 4363 νίκην.
3714 4295 3811 4366 Μὴ

2243 4379 2347 4451 δῷς
2391 4382 2580 4452 μισθὸν
2623 4382 2976 4450 στρατιώταις
3020 4384 3181 4454 ἕτερα
3228 4384 3342 4436 ἀνθ’
3388 4385 3586 4454 ἑτέρων
3614 4387 3813 4437 εἰπεῖν.

2245 4474 2336 4544 Μὴ
2365 4474 2768 4546 παρακοιμίσῃς
2803 4474 2892 4527 τὸν
2935 4474 3087 4545 ὄχλον
3131 4476 3209 4547 τῷ
3257 4478 3518 4547 μνήματι.
3555 4478 3644 4547 Μὴ
3676 4477 3818 4547 θαρ-

2175 4585 2219 4640 D
2251 4566 2421 4636 ρήσῃς
2454 4567 2564 4628 τοῖς
2601 4565 2806 4627 ὅπλοις.
2835 4564 3060 4627 Ὄπλοις
3089 4566 3382 4628 ἀνάστασις
3415 4568 3475 4619 οὐ
3510 4567 3779 4618 κωλύεται
3801 4584 3816 4597 ·

2242 4656 2341 4712 οὑκ
2370 4653 2720 4724 ὲμποδίζεται
2747 4659 2866 4718 ταῖς
2895 4656 3204 4724 σφραγίσιν,
3239 4656 3336 4709 οὐκ
3365 4657 3604 4728 εἴργεται
3645 4675 3819 4728 στρα-

2240 4747 2494 4810 τιώταις,
2539 4748 2597 4799 οὺ
2629 4747 2918 4799 κλέπτεται
2959 4750 3252 4820 χρήμασιν,
3295 4750 3428 4804 ἀλλά
3468 4751 3666 4802 πίστει.
3719 4752 3817 4823 Μὴ

2241 4839 2342 4890 ούκ
2388 4833 2524 4900 εἶδες
2571 4837 2662 4890 τὸν
2708 4838 2956 4909 Λάζαρον
3006 4839 3168 4892 πάλιν
3215 4841 3467 4911 καθάπερ
3511 4841 3676 4894 ὕπνον
3723 4843 3820 4896 τὸν

2247 4929 2474 4982 θάνατον
2505 4929 2969 4998 ἀποσεισάμενον;
3007 4927 3158 4994 Εἶδες
3198 4931 3314 4995 πῶς
3354 4934 3450 4986 σὺν
3497 4934 3688 4998 αὐταῖς
3719 4952 3813 5006 κη-

2257 5020 2397 5090 ρίαις
2423 5019 2660 5084 ἐϐάδιζε,
2712 5020 2771 5072 τὸ
2804 5022 2983 5089 Δεῦρο
3037 5023 3313 5088 ἀκούσας;
3350 5021 3498 5088 Εἶδες
3533 5025 3648 5089 πῶς
3691 5027 3818 5096 ἡκο-

2252 5115 2479 5184 λούθησε
2510 5113 2585 5184 τῷ
2615 5116 2992 5185 προστάγματι
3019 5117 3047 5167 ὁ
3071 5118 3282 5187 νεκρὸς,
3313 5120 3406 5171 καὶ
3431 5122 3458 5172 ὁ
3486 5119 3685 5189 δεσμὸς
3719 5121 3824 5174 οὐκ

586 5209 952 5280 gradiebatur,
976 5218 1187 5268 vocetn,
1225 5200 1353 5255 Veni
1380 5201 1522 5269 [oras
1551 5201 1620 5266 ⁸⁸,
1645 5200 1801 5254 simul
1828 5200 2116 5255 audivisset

2248 5205 2548 5268 ἐκώλυσενς
2590 5201 2742 5268 Εἶδες
2771 5203 2885 5269 πῶς
2917 5208 3158 5278 ἥρμοσεν
3193 5211 3225 5279 ἡ
3261 5210 3414 5278 φωνὴ
3454 5209 3530 5280 τῷ
3570 5209 3663 5265 τὸν
3705 5211 3819 5264 δια-

495 5327 499 5333 ·
585 5301 703 5353 Νοιι
736 5298 915 5352 vidisti
948 5296 1218 5363 quomodo
1247 5304 1492 5346 mortuus
1523 5291 1763 5346 vocantis
1791 5290 2003 5359 jussum
2035 5290 2128 5345 l‘ue

2247 5296 2476 5350 λυθέντα
2525 5296 2773 5366 θανάτῳ;
2839 5299 2895 5350 '0
2949 5300 3132 5352 ἐκεῖνα
3176 5299 3459 5368 δυνηθεὶς,
3513 5301 3606 5353 καὶ
3648 5301 3830 5354 ταῦτα.

588 5392 912 5453 ritsecutus,
952 5387 1286 5442 vinculorum
1320 5400 1456 5439 nexu
1499 5385 1718 5438 minime
1768 5383 1939 5452 ipsum
1994 5384 2145 5437 cohi-

2247 5387 2570 5456 δυνήσεται·
2625 5389 2654 5439 ὁ
2683 5387 2771 5440 τὸν
2821 5387 3004 5441 δοῦλον
3049 5390 3395 5460 ἀναστήσας,
3433 5391 3593 5454 αὐτὸς
3640 5391 3830 5461 πολλῷ

589 5483 791 5538 beute?
843 5482 957 5536 Non
1009 5477 1189 5534 vidisti
1235 5477 1506 5548 quomodo
1553 5484 1728 5531 morte
1772 5474 1882 5544 jam
1919 5473 2149 5528 solutum

2253 5475 2450 5546 μᾶλλον
2489 5476 2778 5549 ἐγείρεται.
2823 5479 2880 5532 '0
2907 5480 3245 5550 ζωογονήσας
3270 5480 3359 5534 τὸν
3391 5480 3690 5552 σεσηπότα,
3719 5483 3827 5538 ουκ

659 5664 704 5695 ⁴³
730 5663 854 5718 Luc.
881 5679 1036 5729 XXIII,
1067 5665 1155 5720 34.
1253 5660 1295 5694 ⁸⁵
1326 5659 1481 5714 Juau.
1515 5676 1571 5724 ll,
1636 5689 1686 5712 υ.
1763 5667 1805 5690 ’⁸
1866 5673 1993 5714 oau.
2026 5671 2101 5724 XI,
2133 5656 2220 5711 43.

663 5841 772 5910 (Si)
801 5840 915 5894 Fort
928 5856 956 5894 c
986 5837 1248 5906 ἁναμφιϐ.
