4030 6408
307 476 369 534 93
1549 482 1852 541 ΕΡΙδΤΟιη

1956 484 2295 545 momen.
2322 552 2329 565 ν
3456 489 3530 550 94

309 596 441 652 ἐάσει
478 598 664 669 νεκρὸν
704 599 918 655 ἑαυτὸν.
988 600 1148 656 Ἀλλά
1192 603 1301 675 γὰρ
1357 604 1391 674 ἡ
1433 604 1701 675 τυφλότης
1749 606 1852 659 τῶν

1961 623 2064 661 vox
2119 607 2481 663 restauravit?
2533 607 2631 674 Qui
2679 608 2765 663 illa
2822 608 3013 680 potuit,
3053 617 3108 665 et
3156 610 3271 664 haec
3307 610 3527 679 poterit.

319 690 557 742 Ἰουδαίων
588 691 757 761 πολλὴ
786 731 800 755 ,
830 693 925 748 καὶ
952 693 1133 763 ὁρῶσα
1161 694 1230 747 τά
1269 694 1521 764 θαύματα
1547 736 1561 761 ,
1591 698 1687 767 οὐχ
1730 699 1850 768 ὁρᾶ.

306 781 657 851 ὀφθαλμοὺς
721 783 969 851 ἔχουσι,
1020 785 1121 837 καὶ
1164 787 1235 839 οὐ
1291 787 1674 850 βλέπουσιν·
1737 784 1857 842 ὦτα

307 874 513 942 ἔχουσι,
566 875 665 927 καὶ
716 877 829 928 οὐκ
875 875 1227 932 ἀκούουσιν.
1301 878 1362 931 '0
1408 880 1551 945 Θεὸς
1596 880 1705 951 γὰρ
1750 882 1858 936 τοῦ

304 961 492 1027 αἰῶνος
548 965 762 1017 τούτου
813 964 1127 1033 ἐτύφλωσε
1176 967 1285 1033 τὰς
1336 968 1587 1035 καρδίας
1636 969 1854 1037 αὐτῶν,

303 1054 431 1122 πρὸς
448 1056 510 1108 τὸ
531 1056 620 1124 μὴ
634 1056 1003 1125 καταυτάσαι
1032 1056 1238 1122 αὐτοῖς
1258 1058 1323 1110 τὸ
1351 1060 1719 1129 Εὐαγγέλιον
1748 1060 1859 1129 τῆς

300 1148 693 1215 δικαιοσύνης.
722 1148 887 1201 οἈλλ’
924 1150 1165 1213 ἐκείνους
1205 1150 1301 1220 μὲν
1335 1150 1473 1214 τέως
1507 1152 1756 1223 ἐάσωμεν
1790 1157 1856 1224 τῇ

300 1240 543 1311 ἀπιστία’
579 1243 740 1311 ἡμεῖς
769 1241 825 1295 δὲ
861 1242 1108 1312 λέγωμεν
1140 1242 1278 1313 μετά
1315 1245 1422 1297 τῶν
1465 1246 1593 1317 περὶ
1628 1246 1860 1316 Μαριὰμ

296 1331 380 1401 τὴν
427 1336 643 1403 πιστὴν,
695 1333 837 1386 κατά
880 1333 1116 1388 διάνοιαν
1161 1336 1595 1399 ἀναπλάττοντες
1646 1338 1859 1401 ἑαυτοῖς

294 1424 376 1476 τοῦ
422 1424 678 1495 Σωτῆρος
716 1426 809 1480 τὸν
845 1426 1047 1496 τάφοψ
1096 1421 1277 1498 τΗραν
1304 1428 1396 1480 τὸν
1428 1426 1631 1498 Κύριον
1676 1428 1854 1498 ἡμῶν,

296 1515 378 1565 καὶ
402 1515 495 1566 οὐκ
543 1515 767 1587 οἴδαμεν
813 1518 866 1569 τί
912 1518 1172 1588 ἐποίησαν
1219 1518 1400 1571 αὐτόν.
1450 1518 1604 1588 Αὐτῷ
1642 1521 1673 1589 ἡ
1709 1519 1852 1584 δόξα,

292 1606 380 1658 σύν
409 1606 479 1676 τῷ
511 1608 772 1679 ἀχράντῳ
805 1610 998 1682 Πατρὶ,
1032 1610 1126 1663 καὶ
1158 1609 1235 1681 τῷ
1264 1610 1405 1679 ἁγίῳ
1433 1610 1732 1680 Πνεύματι,
1760 1610 1855 1666 νῦν

291 1703 371 1755 καὶ
401 1704 501 1768 ἀεὶ,
539 1706 636 1771 καὶ
668 1708 748 1769 είς
771 1707 896 1771 τοὺς
922 1707 1123 1771 αἰῶνας
1149 1708 1258 1760 τῶν
1287 1707 1519 1762 αἰώνων.
1558 1707 1753 1778 Ἀμήν.

1962 701 2060 766 Qui
2095 717 2311 754 servum
2358 702 2660 763 suscitavit,
2712 702 2824 771 ipse
2876 702 3042 756 multo
3085 702 3256 769 magis
3298 703 3531 758 suscita-

1960 801 2065 845 tur.
2101 791 2201 858 Qui
2238 793 2288 845 in
2316 792 2481 846 vitam
2515 792 2749 845 restituit
2773 792 2881 861 jam
2910 790 3292 862 putrefactum,
3327 808 3531 863 nequa-

1956 900 2115 954 quam
2146 899 2204 939 se
2235 886 2407 954 ipsum
2461 896 2732 939 mortuum
2785 886 2945 939 siuet.
2996 884 3263 939 Cteterum
3308 883 3527 939 Jud'eo-

1956 994 2074 1032 rum
2118 979 2332 1033 czecitas
2380 979 2663 1042 immensa,
2707 996 2826 1048 qua:
2871 980 3058 1034 videns
3108 979 3389 1041 miracula,
3427 981 3529 1033 tui-

1957 1071 2100 1124 nime
2146 1072 2327 1125 videt:
2372 1070 2564 1125 Oculos
2616 1073 2757 1125 enim
2812 1072 3024 1137 habent,
3072 1083 3117 1125 et
3153 1089 3255 1125 non
3310 1074 3521 1139 vident,

1955 1178 2109 1215 aures
2162 1163 2368 1224 habent,
2417 1172 2466 1215 et
2513 1180 2615 1216 non
2639 1164 2859 1217 audiunt
2893 1165 2961 1220 ⁵⁸.
3018 1165 3151 1218 Deus
3196 1165 3338 1218 enim
3370 1165 3528 1235 hujus

1958 1254 2137 1306 δατηίὲ
2176 1255 2332 1307 corda
2360 1271 2539 1307 eorum
2566 1257 2863 1322 exca’cavit,
2900 1267 2953 1308 ut
2983 1274 3083 1309 non
3117 1257 3386 1310 illucescat
3418 1258 3526 1311 illis

1958 1345 2297 1413 Evangelium
2316 1348 2540 1416 justitiw
2570 1349 2635 1400 ⁸⁷.
2683 1349 2786 1403 Sed
2844 1352 3069 1405 miseros
3108 1352 3225 1405 illos
3273 1353 3527 1421 deinceps

1957 1453 2067 1490 suae
2134 1439 2499 1495 incredulitati
2572 1442 2985 1511 relinquamus;
3056 1460 3152 1498 nos
3215 1461 3343 1498 vero
3404 1461 3523 1498 cum

1955 1529 2095 1583 ﬁdeli
2133 1529 2321 1595 Maria,
2367 1533 2418 1585 in
2454 1534 2637 1587 animo
2686 1536 2841 1590 nobis
2890 1536 3193 1591 Servatoris
3242 1538 3406 1591 nostri
3443 1554 3528 1591 se-

1958 1620 2203 1689 pulcrum
2267 1621 2610 1691 eﬂingentes,
2658 1626 2949 1681 dicamus:
3017 1626 3282 1680 Tuleruut
3348 1630 3528 1681 Domi-

1953 1724 2079 1762 num
2132 1718 2399 1777 nostrum,
2452 1723 2508 1766 et
2563 1718 2833 1769 nescimus
2881 1716 3008 1785 quid
3058 1734 3121 1770 eo
3176 1718 3418 1773 fecerunt
3448 1718 3515 1772 ".

295 1799 385 1868 Ipsi
432 1800 627 1871 gloria,
683 1820 806 1859 cum
853 1805 1177 1861 intemerato
1229 1804 1412 1871 Patre,
1478 1814 1533 1861 et
1598 1814 1787 1861 sancto
1859 1804 2086 1876 Spiritu,
2144 1824 2287 1864 nunc
2342 1819 2397 1864 et
2461 1826 2705 1883 semper,
2759 1814 2893 1867 etin
2945 1815 3137 1869 saecula
3186 1816 3523 1870 szeculorum.

290 1891 464 1948 Amen.

351 2050 392 2081 “
412 2050 555 2106 Psal.
579 2067 739 2118 cstu,
760 2054 815 2121 5,
892 2052 935 2086 ⁸⁷
963 2054 1004 2108 ll
1029 2054 1154 2110 Cor.
1183 2071 1260 2118 tv,
1283 2055 1336 2109 4.
1414 2054 1460 2087 ⁸⁸
1482 2055 1638 2110 Joan.
1665 2070 1758 2121 xx,
1786 2055 1874 2112 15.

304 2180 3502 2210 Mm

808 2342 1528 2431 ΑΜΦΙΑΟΧΙΟΥ
1599 2333 1713 2407 (⁸⁵)
1786 2294 2454 2435 ΕΠΙΣΚΟΠΟῨ
2527 2350 2998 2437 ΙΚΟΝΙΟΥ

1539 2547 1884 2611 ΕΠΙΣΤΟᾹΗ
1911 2558 2281 2613 ΣΥΝθΔΙΚΗ.

928 2876 1423 2940 AMPHILOCHII
1448 2878 1787 2941 EPISCOPI
1815 2882 2047 2942 ICONII
2076 2882 2437 2943 EPISTULA
2474 2884 2857 2945 SYNODICA.

336 3283 443 3335 Καὶ
488 3281 629 3354 πρὶν
663 3284 992 3355 κομίζεσθαι
1020 3287 1090 3342 τά
1140 3288 1291 3361 παρά
1330 3290 1429 3361 τῆς
1457 3291 1675 3363 ἀγάπης
1704 3292 1852 3364 ὑμῶν

2034 3296 2337 3366 Antequam
2375 3296 2567 3350 litterae
2596 3310 2624 3348 a
2656 3295 2920 3349 cbaritate
2950 3303 3126 3349 vestra
3156 3295 3333 3350 missa:
3363 3295 3524 3354 affer—

274 3374 591 3445 γράμματα,
648 3378 1034 3449 περιήγγειλεν
1062 3383 1142 3444 είς
1186 3384 1332 3453 ἡμᾶς
1364 3384 1393 3452 ἡ
1426 3385 1582 3456 φήμη
1608 3424 1623 3449 ,
1654 3387 1748 3438 καὶ
1788 3386 1849 3437 τὸ

274 3464 366 3534 τῆς
403 3469 647 3532 πίστεως
676 3468 829 3539 ὐμῶν
864 3472 1184 3542 ἀκραιφνὲς,
1213 3474 1306 3525 καὶ
1347 3475 1483 3546 πρὸς
1516 3478 1642 3538 τοὺς
1674 3477 1850 3529 κινδύ-

275 3574 388 3621 νους
410 3561 886 3633 παρατεταμένον,
913 3563 1004 3615 καὶ
1035 3564 1170 3634 πρὸς
1196 3564 1262 3617 τὰ
1287 3566 1587 3637 παθήματα
1617 3568 1686 3621 τὰ
1712 3568 1850 3640 ὑπὲρ

274 3650 497 3720 Χριστοῦ
530 3655 886 3725 καρτερικὸν,
922 3658 1015 3709 καὶ
1048 3658 1144 3728 τῆς
1177 3660 1255 3721 εἰς
1288 3657 1420 3710 Θεὸν
1457 3659 1681 3730 ἀγάπης
1713 3660 1845 3729 (86),
1892 3687 1897 3693 ·

275 3744 361 3796 καί
404 3745 463 3799 τὸ
518 3747 625 3817 τῆς
684 3747 983 3818 μελλούσης
1040 3749 1252 3813 ἐλπίδος
1304 3750 1362 3802 ὲν
1420 3750 1549 3819 ὑμῖν
1608 3749 1845 3820 βέϐαιον.

286 3837 426 3890 Ἐπεὶ
469 3839 527 3892 δὲ
580 3840 683 3891 καὶ
734 3844 844 3903 τοῖς
888 3842 1174 3911 γράμμασι
1214 3841 1313 3911 τῆς
1371 3841 1654 3905 εὐλαϐείας
1696 3841 1849 3911 ὑμῶν

275 3927 730 4002 ἐπνιετυχήκαμεν,
775 3933 987 4002 εἴδομεν
1032 3933 1199 3995 ὅντως
1248 3933 1577 4004 Ἐκκλησίας
1614 3934 1850 3987 ἀποστο-

274 4020 417 4092 λικῆς
450 4024 811 4096 χαρακτῆρα,
846 4026 938 4078 καὶ
973 4025 1247 4096 ποιμένων
1288 4026 1508 4095 ἀγαθῶν
1536 4024 1717 4096 ζῆλον,
1758 4028 1852 4081 καὶ

277 4116 501 4187 σπουδὴν
552 4116 755 4169 ἄοκνον
802 4116 1076 4185 ἀληθινοῖς
1118 4117 1465 4190 Χριστιανοίς
1510 4119 1848 4189 πρέπουσαν.

275 4206 342 4259 Τδ
366 4209 469 4279 γὰρ
506 4210 651 4278 μήτε
699 4209 797 4277 τῆς
825 4208 945 4262 ὁδοῦ
998 4209 1175 4280 μῆκος
1211 4208 1639 4277 ὑπολογίσασθαι
1665 4251 1678 4274 ,
1715 4212 1851 4281 μήτε

274 4296 681 4371 διεσπασμένως
713 4300 811 4362 τὰς
852 4300 1074 4364 πεύσεις
1106 4303 1499 4371 προσαγαγεῖν,
1532 4301 1668 4354 ἀλλά
1699 4304 1849 4372 κοινῇ

275 4388 353 4443 διὰ
388 4392 495 4445 τῶν
529 4391 881 4463 γραμμάτων
912 4394 1242 4464 ποιήσασθαι
1274 4395 1374 4465 τὴν
1408 4392 1697 4465 ἐρώτησιν,
1732 4394 1853 4447 λίαν

275 4483 410 4551 ἡμᾶς
442 4485 737 4547 εὐέλπιδας
777 4485 1093 4553 πεποίηκεν,
1150 4486 1232 4539 ὅτι
1272 4484 1577 4555 συμφώνως
1615 4485 1854 4538 ἐπιστεί-

276 4572 455 4639 λαντες
482 4619 497 4641 ,
537 4575 852 4646 συμφώνως
889 4578 983 4631 καὶ
1020 4578 1121 4640 τὰς
1172 4578 1494 4648 ἀποκρίσεις
1542 4579 1669 4650 παρ’
1697 4577 1853 4647 ἡμῶν

1961 3399 2171 3455 rentur,
2214 3389 2471 3459 frequens
2520 3388 2659 3443 fama
2700 3390 2766 3443 ad
2802 3404 2898 3444 nos
2926 3391 3252 3458 perduxerat
3284 3403 3523 3446 vestram

1962 3480 2017 3535 in
2062 3479 2164 3533 lide
2217 3481 2609 3543 sinceritatem,
2657 3489 2707 3534 et
2755 3481 2821 3534 ad
2869 3481 3103 3547 pericula
3142 3482 3523 3545 constantiam,

1970 3588 2067 3625 nec
2098 3587 2200 3625 non
2234 3574 2299 3626 ad
2339 3572 2648 3641 patiendum
2700 3588 2797 3642 pro
2850 3570 3071 3627 Christo
3126 3573 3521 3635 fortitudinem,

1952 3663 2233 3717 cltaritatis
2280 3664 2329 3716 in
2382 3664 2545 3718 Deum
2586 3666 2852 3725 ardorem,
2902 3665 3131 3730 denique
3166 3680 3290 3734 erga
3340 3667 3521 3717 l‘utura

1954 3753 2065 3821 spei
2112 3755 2446 3807 ﬁrmitatem.
2502 3754 2792 3824 Postquam
2842 3764 3019 3808 autem
3068 3755 3273 3808 litteras
3314 3769 3525 3822 quoque

1957 3845 2174 3913 pietatis
2224 3854 2415 3899 vestrae
2466 3847 2795 3914 accepimus,
2834 3846 3152 3915 agnovimus
3185 3862 3240 3900 re
3272 3862 3400 3899 vera
3425 3846 3526 3900 Ec-

1954 3936 2131 3991 clesia:
2159 3935 2471 4006 apostolica:
2504 3938 2899 4001 characterem,
2941 3936 3205 3989 bonorum
3244 3948 3522 4005 pastorum

1954 4027 2147 4091 zelum,
2190 4037 2242 4081 et
2278 4026 2563 4097 impigrqu
2605 4028 2838 4081 studium
2880 4029 3018 4096 quod
3063 4043 3221 4081 veros
3266 4028 3527 4081 Christia-

1956 4136 2054 4173 nos
2083 4120 2293 4174 deceat.
2328 4119 2461 4173 Nam
2498 4121 2640 4188 quod
2672 4136 2770 4174 nec
2806 4121 2908 4174 via:
2948 4120 3333 4187 longitudinem
3368 4136 3527 4190 repu-

1955 4210 2221 4275 taveritis,
2260 4225 2360 4265 nec
2398 4210 2690 4279 separatim
2724 4210 3026 4264 detuleritis
3057 4211 3397 4277 quaestiones,
3429 4213 3522 4265 sed

1954 4302 2315 4357 communiter
2368 4317 2462 4372 per
2509 4302 2716 4357 litteras
2770 4302 3259 4369 inte'rrogaveritis,
3320 4304 3369 4355 id
3427 4318 3526 4356 nos

1954 4392 2094 4447 bona
2135 4408 2232 4462 spe
2254 4392 2501 4463 replevit,
2533 4392 2774 4447 futurum
2808 4402 2863 4444 ut
2894 4392 2984 4460 qui
3014 4407 3114 4444 una
3150 4406 3276 4445 voce
3313 4393 3522 4461 scripsi-

1955 4483 2075 4545 stis,
2138 4485 2377 4538 unanimi
2430 4486 2593 4539 etiam
2642 4499 2915 4539 consensu
2969 4488 3371 4552 responsionem
3426 4501 3527 4539 no—

1955 4587 2121 4629 stram
2164 4575 2284 4630 sitis
2316 4577 2583 4645 recepturi
2612 4591 2628 4639 ;
2664 4591 2728 4629 ac
2757 4573 2902 4629 velut
2929 4575 3205 4629 exordium
3234 4573 3525 4643 perfectio-

277 4665 485 4733 δέξασθε
520 4668 671 4739 (87)·
701 4670 798 4721 καὶ
823 4664 933 4722 οἷόν
970 4687 1023 4721 τι
1065 4670 1351 4738 προοίμιον
1379 4669 1480 4738 τῆς
1512 4669 1851 4739 τελειοτέρας

1960 4667 2038 4719 ris
2095 4668 2420 4729 concordiae,
2476 4678 2711 4721 vestram
2754 4667 2808 4719 in
2857 4666 3058 4720 litteris
3111 4667 3524 4720 consensionem

276 4760 517 4827 ὁμονοίας
546 4760 649 4831 τὴν
686 4762 743 4813 ὲν
772 4764 883 4823 τοῖς
920 4762 1243 4833 γράμμασιν
1269 4760 1422 4832 ὐμῶν
1462 4762 1710 4832 ὁμόνοιαν
1739 4762 1850 4814 ἐδε-

280 4847 493 4919 ξάμεθα.
534 4853 651 4905 Καὶ
685 4853 752 4905 δι’
782 4853 944 4923 εὐχῆς
977 4853 1075 4923 μὲν
1105 4849 1172 4923 ἦν
1208 4856 1361 4923 ἡμῖν,
1397 4854 1489 4907 καὶ
1522 4853 1609 4906 τὸν
1634 4853 1847 4924 θαυμα-

282 4942 532 4997 σιώτατον
561 4945 661 4997 καὶ
694 4945 832 5015 μετὰ
876 4946 1060 5015 πάσης
1084 4945 1266 5008 αἰδοῦς
1294 4945 1689 5016 ὀνομαζόμενον
1728 4944 1848 4998 ἐπί-

278 5048 466 5087 σκοπον
500 5035 805 5100 Βασίλειον,
839 5035 933 5089 καὶ
960 5036 1199 5107 παρόντα
1235 5034 1487 5101 δέξασθαι
1516 5038 1582 5106 τῇ
1623 5035 1847 5106 συνόδῳ,

278 5127 361 5178 καὶ
410 5127 696 5190 κοινωνὸν,
740 5126 937 5197 μᾶλλον
982 5128 1039 5181 δὲ
1092 5126 1319 5199 ἔξαρχον
1364 5126 1471 5179 τῶν
1521 5126 1657 5197 πρὸς
1705 5127 1848 5196 ὐμᾶς

281 5221 623 5289 γραμμάτων
654 5218 767 5289 (88)
815 5219 978 5290 ἔχειν.
1034 5220 1188 5274 Ἐπεὶ
1218 5220 1273 5272 δὲ
1318 5222 1523 5273 ἐκεῖνον
1570 5220 1848 5291 ἀρρωστία

283 5311 523 5382 σώματος
551 5311 991 5384 ὑπερϐάλλουσα,
1016 5311 1153 5382 πρὸς
1178 5313 1275 5383 τὴν
1294 5312 1475 5381 ἄφιξιν
1500 5311 1845 5378 διεκώλυσεν,

282 5402 482 5467 τελείας
514 5404 623 5476 μέν
652 5405 801 5457 ἐστιν
831 5403 1053 5474 ἀγάπης
1096 5403 1269 5475 ὑμῶν,
1306 5405 1444 5475 μήτε
1485 5402 1553 5456 τά
1581 5404 1677 5475 τῆς
1715 5405 1848 5475 ἡμε-

350 5595 457 5663 (85)
516 5592 933 5662 ’Δμφιλοχίου.
999 5592 1085 5649 Al.
1166 5592 1497 5663 Ἀμφιλοχίῳ
1546 5590 1842 5663 Βασίλειος.

293 5660 509 5729 Insignis
538 5660 643 5715 ista
666 5660 894 5732 epistola
924 5677 1028 5719 non
1064 5660 1245 5733 potest
1272 5660 1633 5725 esse’B‘asilii,
1676 5672 1733 5715 ut
1763 5661 1841 5714 le-

296 5736 428 5801 genti
483 5733 720 5805 patebit;
744 5735 845 5805 sed
884 5744 969 5790 est
1000 5735 1256 5805 synodica
1288 5733 1672 5805 Amphilochii,
1712 5748 1837 5800 qua,

300 5818 405 5856 meo
424 5807 643 5875 quidem
662 5802 883 5875 judicio,
928 5802 1214 5874 respondet
1253 5804 1519 5875 synodica:
1555 5804 1836 5875 episcopo-

307 5888 408 5927 rum
436 5873 659 5928 alterius
682 5874 987 5943 provinciae,
1021 5873 1119 5943 qui
1148 5873 1294 5928 circa
1336 5874 1627 5927 Macedouii
1657 5873 1802 5925 llaL‘l‘e

304 5945 395 5996 siin
421 5947 483 5998 de
514 5943 718 6013 Spiritu
741 5942 930 6002 sancto
954 5942 1283 6003 ﬂuctuabant
1322 5954 1376 6001 et
1423 5942 1810 5999 dissentiebant

1955 4758 2317 4825 suscepimus.
2369 4758 2435 4810 Et
2478 4759 2793 4825 Optabamus
2817 4757 3059 4824 quidem,
3094 4757 3326 4809 maxime
3356 4755 3526 4809 admi-

1956 4852 2179 4904 randum
2235 4849 2493 4917 omnique
2514 4863 2635 4901 cum
2672 4847 2967 4901 reverentia
2999 4848 3382 4901 nominandum
3412 4846 3527 4915 epi-

1956 4954 2175 5009 scopum
2220 4938 2503 5002 Basilium,
2566 4950 2881 5007 praesentem
2930 4938 3181 5007 excipere
3237 4938 3288 4991 in
3338 4950 3524 4991 nostra

1958 5034 2181 5105 synodo,
2218 5042 2271 5088 et
2302 5032 2545 5096 socium;
2576 5048 2669 5086 seu
2704 5033 2879 5095 potius
2914 5032 3211 5102 principem
3243 5032 3523 5086 haberem

1960 5127 2153 5181 dandis
2179 5128 2245 5179 ad
2278 5142 2372 5181 vos
2404 5125 2617 5180 litteris.
2649 5127 2845 5181 Verum
2879 5128 3005 5196 quia
3038 5129 3218 5197 gravis
3242 5142 3363 5179 eum
3388 5142 3528 5179 mor-

1954 5220 2052 5274 bus
2100 5219 2345 5285 detinuit,
2414 5232 2480 5271 ue
2528 5218 2825 5284 adveniret,
2883 5228 3075 5273 vestrae
3130 5228 3213 5272 est
3261 5216 3516 5286 perfectae

1952 5311 2277 5375 dilectionis,
2337 5318 2535 5364 nostrae
2581 5311 2972 5365 mediocritatis
3006 5309 3284 5379 epistolam
3316 5324 3523 5378 nequa-

1954 5420 2112 5474 quam
2142 5403 2442 5473 despicere.
2472 5402 2656 5474 Neque
2676 5418 2805 5459 vero
2830 5413 3073 5458 sanctam
3088 5412 3318 5457 vestram
3342 5401 3527 5455 Eccle-

1943 5590 2202 5716 goctrina
2233 5603 2411 5647 autem
2436 5562 2553 5647 tota
2609 5600 2695 5645 est
2726 5588 3193 5660 Amphilochium,
3224 5562 3522 5655 Basiliana,

1994 5678 2293 5716 reuonana.

1994 5678 2293 5725 regonana.

2013 5732 2125 5799 (86)
2154 5733 2373 5786 Videtur
2401 5733 2588 5787 deesse
2618 5731 2840 5799 aliquid.

2009 5802 2121 5871 (87)
2164 5804 2445 5868 Δέξασθε.
2478 5804 2562 5856 Al.
2601 5800 2838 5866 δέξεσθε.

2010 5873 2121 5945 (88)
2157 5873 2541 5943 Γραμμάτων.
2578 5876 2659 5927 Al.
2690 5870 3049 5943 πραγμάτων.
