  <div class='ocr_page' id='page_1' title='image "/cluster/home/n/w/nwhite01/storage/ocr_20150623/39/hvd.32044037979440/057.png"; bbox 0 0 4030 6408; ppageno 0'>
   <div class='ocr_carea' id='block_1_1' title="bbox 468 444 3721 510">
    <p class='ocr_par' dir='ltr' id='par_1_1' title="bbox 468 444 3721 510">
     <span class='ocr_line' id='line_1_1' title="bbox 468 444 3721 510; baseline -0.001 -1"><span class='ocrx_word' id='word_1_1' title='bbox 468 451 541 510; x_wconf 74' lang='lat' dir='ltr'><strong>9a</strong></span> <span class='ocrx_word' id='word_1_2' title='bbox 1436 448 1493 505; x_wconf 92' lang='lat' dir='ltr'><strong>S.</strong></span> <span class='ocrx_word' id='word_1_3' title='bbox 1534 448 1980 506; x_wconf 83' lang='lat' dir='ltr'><strong>AMPIIILOCHII</strong></span> <span class='ocrx_word' id='word_1_4' title='bbox 2022 446 2408 504; x_wconf 85' lang='lat' dir='ltr'><strong>lCONlENSlS</strong></span> <span class='ocrx_word' id='word_1_5' title='bbox 2447 444 2756 502; x_wconf 81' lang='lat' dir='ltr'><strong>EPISCOPI</strong></span> <span class='ocrx_word' id='word_1_6' title='bbox 3651 448 3721 505; x_wconf 77' lang='lat'><strong><em>96</em></strong></span> 
     </span>
    </p>
   </div>
   <div class='ocr_carea' id='block_1_2' title="bbox 470 564 2039 638">
    <p class='ocr_par' dir='ltr' id='par_1_2' title="bbox 470 566 2039 635">
     <span class='ocr_line' id='line_1_2' title="bbox 470 566 2039 635; baseline -0.003 -12"><span class='ocrx_word' id='word_1_7' title='bbox 470 571 607 624; x_wconf 84' lang='lat' dir='ltr'><strong>siam</strong></span> <span class='ocrx_word' id='word_1_8' title='bbox 633 568 772 635; x_wconf 85' lang='lat' dir='ltr'><strong>passi</strong></span> <span class='ocrx_word' id='word_1_9' title='bbox 801 583 986 622; x_wconf 91' lang='lat' dir='ltr'><strong>sumus</strong></span> <span class='ocrx_word' id='word_1_10' title='bbox 1013 567 1174 622; x_wconf 89' lang='lat' dir='ltr'><strong>etiam</strong></span> <span class='ocrx_word' id='word_1_11' title='bbox 1212 566 1356 622; x_wconf 86' lang='lat' dir='ltr'><strong>illius</strong></span> <span class='ocrx_word' id='word_1_12' title='bbox 1389 582 1518 620; x_wconf 90' lang='lat' dir='ltr'><strong>voce</strong></span> <span class='ocrx_word' id='word_1_13' title='bbox 1552 582 1773 629; x_wconf 88' lang='lat' dir='ltr'><strong>carere;</strong></span> <span class='ocrx_word' id='word_1_14' title='bbox 1822 567 1914 620; x_wconf 85' lang='lat' dir='ltr'><strong>sed</strong></span> <span class='ocrx_word' id='word_1_15' title='bbox 1947 568 2039 620; x_wconf 91' lang='lat' dir='ltr'><strong>ha-</strong></span> 
     </span>
    </p>
   </div>
   <div class='ocr_carea' id='block_1_3' title="bbox 2141 564 3721 638">
    <p class='ocr_par' dir='ltr' id='par_1_3' title="bbox 2147 564 3721 638">
     <span class='ocr_line' id='line_1_3' title="bbox 2147 564 3721 638; baseline 0.003 -20"><span class='ocrx_word' id='word_1_16' title='bbox 2147 565 2311 638; x_wconf 86' lang='grc' dir='ltr'>τέρας</span> <span class='ocrx_word' id='word_1_17' title='bbox 2356 565 2693 637; x_wconf 80' lang='grc' dir='ltr'><strong>βραχύτητος</strong></span> <span class='ocrx_word' id='word_1_18' title='bbox 2741 564 2986 636; x_wconf 81' lang='grc' dir='ltr'>παριδεῖν</span> <span class='ocrx_word' id='word_1_19' title='bbox 3024 567 3345 637; x_wconf 87' lang='grc' dir='ltr'>γράμματα.</span> <span class='ocrx_word' id='word_1_20' title='bbox 3399 567 3474 621; x_wconf 89' lang='grc' dir='ltr'>Ού</span> <span class='ocrx_word' id='word_1_21' title='bbox 3511 569 3610 637; x_wconf 84' lang='grc' dir='ltr'><strong>μέν</strong></span> <span class='ocrx_word' id='word_1_22' title='bbox 3641 587 3721 623; x_wconf 83' lang='grc' dir='ltr'><strong>τοι</strong></span> 
     </span>
    </p>
   </div>
   <div class='ocr_carea' id='block_1_4' title="bbox 471 656 2040 726">
    <p class='ocr_par' dir='ltr' id='par_1_4' title="bbox 471 656 2040 726">
     <span class='ocr_line' id='line_1_4' title="bbox 471 656 2040 726; baseline -0.003 -12"><span class='ocrx_word' id='word_1_23' title='bbox 471 659 665 714; x_wconf 87' lang='lat' dir='ltr'><strong>bentes</strong></span> <span class='ocrx_word' id='word_1_24' title='bbox 712 657 908 710; x_wconf 91' lang='lat' dir='ltr'><strong>librum</strong></span> <span class='ocrx_word' id='word_1_25' title='bbox 957 658 1159 723; x_wconf 80' lang='lat' dir='ltr'><strong>ipsius,</strong></span> <span class='ocrx_word' id='word_1_26' title='bbox 1211 671 1372 725; x_wconf 85' lang='lat' dir='ltr'><strong>quem</strong></span> <span class='ocrx_word' id='word_1_27' title='bbox 1419 657 1486 711; x_wconf 92' lang='lat' dir='ltr'><strong>de</strong></span> <span class='ocrx_word' id='word_1_28' title='bbox 1536 658 1638 711; x_wconf 91' lang='lat' dir='ltr'><strong>hoc</strong></span> <span class='ocrx_word' id='word_1_29' title='bbox 1692 656 2040 726; x_wconf 74' lang='lat' dir='ltr'><strong>peculiariter</strong></span> 
     </span>
    </p>
   </div>
   <div class='ocr_carea' id='block_1_5' title="bbox 473 748 2045 820">
    <p class='ocr_par' dir='ltr' id='par_1_5' title="bbox 473 748 2045 820">
     <span class='ocr_line' id='line_1_5' title="bbox 473 748 2045 820; baseline 0 -18"><span class='ocrx_word' id='word_1_30' title='bbox 473 759 794 820; x_wconf 81' lang='lat' dir='ltr'><strong>argumento</strong></span> <span class='ocrx_word' id='word_1_31' title='bbox 828 748 1151 812; x_wconf 76' lang='lat' dir='ltr'><strong>elaboravit,</strong></span> <span class='ocrx_word' id='word_1_32' title='bbox 1195 749 1370 818; x_wconf 86' lang='lat' dir='ltr'><strong>ipsum</strong></span> <span class='ocrx_word' id='word_1_33' title='bbox 1420 749 1624 818; x_wconf 86' lang='lat' dir='ltr'><strong>pariter</strong></span> <span class='ocrx_word' id='word_1_34' title='bbox 1666 748 1946 803; x_wconf 88' lang='lat' dir='ltr'><strong>nobiscum</strong></span> <span class='ocrx_word' id='word_1_35' title='bbox 1992 748 2045 802; x_wconf 90' lang='lat' dir='ltr'><strong>in</strong></span> 
     </span>
    </p>
   </div>
   <div class='ocr_carea' id='block_1_6' title="bbox 471 839 1373 909">
    <p class='ocr_par' dir='ltr' id='par_1_6' title="bbox 471 839 1373 909">
     <span class='ocr_line' id='line_1_6' title="bbox 471 839 1373 909; baseline -0.001 -15"><span class='ocrx_word' id='word_1_36' title='bbox 471 840 675 909; x_wconf 79' lang='lat' dir='ltr'><strong>scripto</strong></span> <span class='ocrx_word' id='word_1_37' title='bbox 702 839 1008 908; x_wconf 71' lang='lat' dir='ltr'><strong>loquentem</strong></span> <span class='ocrx_word' id='word_1_38' title='bbox 1041 839 1373 893; x_wconf 89' lang='lat' dir='ltr'><strong>obtinemus.</strong></span> 
     </span>
    </p>
   </div>
   <div class='ocr_carea' id='block_1_7' title="bbox 547 1103 2039 1174">
    <p class='ocr_par' dir='ltr' id='par_1_7' title="bbox 547 1103 2039 1174">
     <span class='ocr_line' id='line_1_7' title="bbox 547 1103 2039 1174; baseline 0.001 -16"><span class='ocrx_word' id='word_1_39' title='bbox 547 1103 827 1170; x_wconf 80' lang='lat' dir='ltr'><strong>Quodnam</strong></span> <span class='ocrx_word' id='word_1_40' title='bbox 869 1103 1030 1172; x_wconf 81' lang='lat' dir='ltr'><strong>igitur</strong></span> <span class='ocrx_word' id='word_1_41' title='bbox 1070 1115 1152 1159; x_wconf 86' lang='lat' dir='ltr'><strong>est</strong></span> <span class='ocrx_word' id='word_1_42' title='bbox 1187 1105 1252 1159; x_wconf 88' lang='lat' dir='ltr'><strong>ad</strong></span> <span class='ocrx_word' id='word_1_43' title='bbox 1280 1104 1760 1173; x_wconf 81' lang='lat' dir='ltr'><strong>interrogationem</strong></span> <span class='ocrx_word' id='word_1_44' title='bbox 1812 1119 2039 1174; x_wconf 82' lang='lat' dir='ltr'><strong>respon-</strong></span> 
     </span>
    </p>
   </div>
   <div class='ocr_carea' id='block_1_8' title="bbox 471 1193 2046 1264">
    <p class='ocr_par' dir='ltr' id='par_1_8' title="bbox 471 1193 2046 1264">
     <span class='ocr_line' id='line_1_8' title="bbox 471 1193 2046 1264; baseline 0 -15"><span class='ocrx_word' id='word_1_45' title='bbox 471 1194 629 1249; x_wconf 86' lang='lat' dir='ltr'><strong>sum?</strong></span> <span class='ocrx_word' id='word_1_46' title='bbox 666 1193 922 1248; x_wconf 90' lang='lat' dir='ltr'><strong>Sanctum</strong></span> <span class='ocrx_word' id='word_1_47' title='bbox 968 1195 1254 1248; x_wconf 87' lang='lat' dir='ltr'><strong>concilium</strong></span> <span class='ocrx_word' id='word_1_48' title='bbox 1291 1193 1632 1250; x_wconf 67' lang='lat' dir='ltr'><strong>Nicaenorum</strong></span> <span class='ocrx_word' id='word_1_49' title='bbox 1672 1195 1913 1259; x_wconf 83' lang='lat' dir='ltr'><strong>Patrum,</strong></span> <span class='ocrx_word' id='word_1_50' title='bbox 1949 1211 2046 1264; x_wconf 90' lang='lat' dir='ltr'><strong>pro</strong></span> 
     </span>
    </p>
   </div>
   <div class='ocr_carea' id='block_1_9' title="bbox 472 1287 2043 1357">
    <p class='ocr_par' dir='ltr' id='par_1_9' title="bbox 472 1287 2043 1357">
     <span class='ocr_line' id='line_1_9' title="bbox 472 1287 2043 1357; baseline 0.001 -17"><span class='ocrx_word' id='word_1_51' title='bbox 472 1301 601 1341; x_wconf 83' lang='lat' dir='ltr'><strong>vere</strong></span> <span class='ocrx_word' id='word_1_52' title='bbox 648 1287 914 1341; x_wconf 86' lang='lat' dir='ltr'><strong>catholico</strong></span> <span class='ocrx_word' id='word_1_53' title='bbox 955 1297 1008 1340; x_wconf 85' lang='lat' dir='ltr'><strong>et</strong></span> <span class='ocrx_word' id='word_1_54' title='bbox 1056 1287 1351 1357; x_wconf 84' lang='lat' dir='ltr'><strong>apostolico</strong></span> <span class='ocrx_word' id='word_1_55' title='bbox 1399 1289 1630 1342; x_wconf 91' lang='lat' dir='ltr'><strong>concilio</strong></span> <span class='ocrx_word' id='word_1_56' title='bbox 1683 1289 2043 1357; x_wconf 81' lang='lat' dir='ltr'><strong>agnoscimus,</strong></span> 
     </span>
    </p>
   </div>
   <div class='ocr_carea' id='block_1_10' title="bbox 471 1376 2045 1444">
    <p class='ocr_par' dir='ltr' id='par_1_10' title="bbox 471 1376 2045 1444">
     <span class='ocr_line' id='line_1_10' title="bbox 471 1376 2045 1444; baseline 0.001 -15"><span class='ocrx_word' id='word_1_57' title='bbox 471 1376 743 1444; x_wconf 90' lang='lat' dir='ltr'><strong>ﬁdemque</strong></span> <span class='ocrx_word' id='word_1_58' title='bbox 785 1390 923 1438; x_wconf 86' lang='lat' dir='ltr'><strong>eam,</strong></span> <span class='ocrx_word' id='word_1_59' title='bbox 983 1390 1103 1444; x_wconf 86' lang='lat' dir='ltr'><strong>quae</strong></span> <span class='ocrx_word' id='word_1_60' title='bbox 1153 1386 1280 1430; x_wconf 89' lang='lat' dir='ltr'><strong>tunc</strong></span> <span class='ocrx_word' id='word_1_61' title='bbox 1325 1377 1581 1438; x_wconf 85' lang='lat' dir='ltr'><strong>temporis</strong></span> <span class='ocrx_word' id='word_1_62' title='bbox 1618 1377 1862 1444; x_wconf 82' lang='lat' dir='ltr'><strong>exposita</strong></span> <span class='ocrx_word' id='word_1_63' title='bbox 1889 1376 1989 1432; x_wconf 81' lang='lat' dir='ltr'><strong>fuit</strong></span> <span class='ocrx_word' id='word_1_64' title='bbox 2016 1392 2045 1430; x_wconf 89' lang='lat' dir='ltr'><strong>a</strong></span> 
     </span>
    </p>
   </div>
   <div class='ocr_carea' id='block_1_11' title="bbox 474 1465 2047 1537">
    <p class='ocr_par' dir='ltr' id='par_1_11' title="bbox 474 1465 2047 1537">
     <span class='ocr_line' id='line_1_11' title="bbox 474 1465 2047 1537; baseline 0.003 -19"><span class='ocrx_word' id='word_1_65' title='bbox 474 1465 724 1520; x_wconf 85' lang='lat' dir='ltr'><strong>Patribus</strong></span> <span class='ocrx_word' id='word_1_66' title='bbox 779 1481 1061 1520; x_wconf 79' lang='lat' dir='ltr'><strong>servamus</strong></span> <span class='ocrx_word' id='word_1_67' title='bbox 1116 1467 1416 1531; x_wconf 81' lang='lat' dir='ltr'><strong>immotam,</strong></span> <span class='ocrx_word' id='word_1_68' title='bbox 1471 1478 1636 1535; x_wconf 84' lang='lat' dir='ltr'><strong>atque</strong></span> <span class='ocrx_word' id='word_1_69' title='bbox 1673 1478 1730 1521; x_wconf 92' lang='lat' dir='ltr'><strong>ut</strong></span> <span class='ocrx_word' id='word_1_70' title='bbox 1773 1469 1824 1522; x_wconf 91' lang='lat' dir='ltr'><strong>in</strong></span> <span class='ocrx_word' id='word_1_71' title='bbox 1857 1483 2047 1537; x_wconf 89' lang='lat' dir='ltr'><strong>perpe-</strong></span> 
     </span>
    </p>
   </div>
   <div class='ocr_carea' id='block_1_12' title="bbox 473 1559 2048 1628">
    <p class='ocr_par' dir='ltr' id='par_1_12' title="bbox 473 1559 2048 1628">
     <span class='ocr_line' id='line_1_12' title="bbox 473 1559 2048 1628; baseline 0.003 -17"><span class='ocrx_word' id='word_1_72' title='bbox 473 1566 621 1613; x_wconf 91' lang='lat' dir='ltr'><strong>tuum</strong></span> <span class='ocrx_word' id='word_1_73' title='bbox 686 1569 900 1612; x_wconf 87' lang='lat' dir='ltr'><strong>maneat</strong></span> <span class='ocrx_word' id='word_1_74' title='bbox 960 1559 1272 1614; x_wconf 90' lang='lat' dir='ltr'><strong>iuconvulsa</strong></span> <span class='ocrx_word' id='word_1_75' title='bbox 1327 1570 1664 1628; x_wconf 80' lang='lat' dir='ltr'><strong>exoptamus.</strong></span> <span class='ocrx_word' id='word_1_76' title='bbox 1720 1561 1890 1614; x_wconf 85' lang='lat' dir='ltr'><strong>Porro</strong></span> <span class='ocrx_word' id='word_1_77' title='bbox 1944 1561 2048 1615; x_wconf 78' lang='lat' dir='ltr'><strong>fuit</strong></span> 
     </span>
    </p>
   </div>
   <div class='ocr_carea' id='block_1_13' title="bbox 473 1633 2048 1714">
    <p class='ocr_par' dir='ltr' id='par_1_13' title="bbox 473 1633 2048 1714">
     <span class='ocr_line' id='line_1_13' title="bbox 473 1633 2048 1714; baseline 0.003 -10"><span class='ocrx_word' id='word_1_78' title='bbox 473 1659 598 1704; x_wconf 92' lang='lat' dir='ltr'><strong>tunc</strong></span> <span class='ocrx_word' id='word_1_79' title='bbox 633 1648 886 1705; x_wconf 83' lang='lat' dir='ltr'><strong>Patribus</strong></span> <span class='ocrx_word' id='word_1_80' title='bbox 917 1633 1306 1714; x_wconf 70' lang='lat' dir='ltr'><strong>necessarium,</strong></span> <span class='ocrx_word' id='word_1_81' title='bbox 1333 1666 1592 1707; x_wconf 84' lang='lat' dir='ltr'><strong>enarrare</strong></span> <span class='ocrx_word' id='word_1_82' title='bbox 1621 1652 1790 1708; x_wconf 77' lang='lat' dir='ltr'><strong>fusius</strong></span> <span class='ocrx_word' id='word_1_83' title='bbox 1821 1655 1886 1708; x_wconf 93' lang='lat' dir='ltr'><strong>de</strong></span> <span class='ocrx_word' id='word_1_84' title='bbox 1918 1653 2048 1708; x_wconf 90' lang='lat' dir='ltr'><strong>Uni-</strong></span> 
     </span>
    </p>
   </div>
   <div class='ocr_carea' id='block_1_14' title="bbox 470 1741 2046 1812">
    <p class='ocr_par' dir='ltr' id='par_1_14' title="bbox 470 1741 2046 1812">
     <span class='ocr_line' id='line_1_14' title="bbox 470 1741 2046 1812; baseline 0.004 -19"><span class='ocrx_word' id='word_1_85' title='bbox 470 1741 634 1810; x_wconf 80' lang='lat' dir='ltr'><strong>geniti</strong></span> <span class='ocrx_word' id='word_1_86' title='bbox 689 1742 972 1811; x_wconf 83' lang='lat' dir='ltr'><strong>dogmate;</strong></span> <span class='ocrx_word' id='word_1_87' title='bbox 1021 1745 1458 1812; x_wconf 80' lang='lat' dir='ltr'><strong>quandoquidem</strong></span> <span class='ocrx_word' id='word_1_88' title='bbox 1519 1745 1632 1799; x_wconf 85' lang='lat' dir='ltr'><strong>Arii</strong></span> <span class='ocrx_word' id='word_1_89' title='bbox 1681 1744 1931 1801; x_wconf 67' lang='lat' dir='ltr'><strong>haeresim</strong></span> <span class='ocrx_word' id='word_1_90' title='bbox 1983 1762 2046 1800; x_wconf 90' lang='lat' dir='ltr'><strong>ea</strong></span> 
     </span>
    </p>
   </div>
   <div class='ocr_carea' id='block_1_15' title="bbox 474 1837 2041 1903">
    <p class='ocr_par' dir='ltr' id='par_1_15' title="bbox 474 1837 2041 1903">
     <span class='ocr_line' id='line_1_15' title="bbox 474 1837 2041 1903; baseline 0.006 -18"><span class='ocrx_word' id='word_1_91' title='bbox 474 1843 802 1902; x_wconf 83' lang='lat' dir='ltr'><strong>tempestate</strong></span> <span class='ocrx_word' id='word_1_92' title='bbox 844 1852 1036 1892; x_wconf 89' lang='lat' dir='ltr'><strong>recens</strong></span> <span class='ocrx_word' id='word_1_93' title='bbox 1071 1848 1316 1891; x_wconf 85' lang='lat' dir='ltr'><strong>exortam</strong></span> <span class='ocrx_word' id='word_1_94' title='bbox 1352 1837 1673 1893; x_wconf 83' lang='lat' dir='ltr'><strong>exscindere</strong></span> <span class='ocrx_word' id='word_1_95' title='bbox 1714 1841 2041 1903; x_wconf 79' lang='lat' dir='ltr'><strong>nitebantur,</strong></span> 
     </span>
    </p>
   </div>
   <div class='ocr_carea' id='block_1_16' title="bbox 2147 657 3726 729">
    <p class='ocr_par' dir='ltr' id='par_1_16' title="bbox 2147 657 3726 729">
     <span class='ocr_line' id='line_1_16' title="bbox 2147 657 3726 729; baseline 0.002 -19"><span class='ocrx_word' id='word_1_96' title='bbox 2147 657 2245 729; x_wconf 83' lang='grc' dir='ltr'>τὴν</span> <span class='ocrx_word' id='word_1_97' title='bbox 2285 658 2445 727; x_wconf 83' lang='grc' dir='ltr'>ἁγίαν</span> <span class='ocrx_word' id='word_1_98' title='bbox 2485 657 2638 728; x_wconf 81' lang='grc' dir='ltr'>ὑμῶν</span> <span class='ocrx_word' id='word_1_99' title='bbox 2689 657 3016 728; x_wconf 82' lang='grc' dir='ltr'><strong>Ἐκκλησίαν</strong></span> <span class='ocrx_word' id='word_1_100' title='bbox 3050 659 3275 729; x_wconf 82' lang='grc' dir='ltr'>ἄμοιρον</span> <span class='ocrx_word' id='word_1_101' title='bbox 3323 659 3544 728; x_wconf 75' lang='grc' dir='ltr'>καὶτῆς</span> <span class='ocrx_word' id='word_1_102' title='bbox 3579 659 3726 713; x_wconf 84' lang='grc' dir='ltr'>ἐκεί-</span> 
     </span>
    </p>
   </div>
   <div class='ocr_carea' id='block_1_17' title="bbox 2149 749 3726 821">
    <p class='ocr_par' dir='ltr' id='par_1_17' title="bbox 2149 749 3726 821">
     <span class='ocr_line' id='line_1_17' title="bbox 2149 749 3726 821; baseline -0.003 -14"><span class='ocrx_word' id='word_1_103' title='bbox 2149 767 2242 802; x_wconf 88' lang='grc' dir='ltr'><strong>νου</strong></span> <span class='ocrx_word' id='word_1_104' title='bbox 2302 749 2487 819; x_wconf 74' lang='grc' dir='ltr'>φωνῆς</span> <span class='ocrx_word' id='word_1_105' title='bbox 2530 749 2905 821; x_wconf 86' lang='grc' dir='ltr'>περιείδομεν·</span> <span class='ocrx_word' id='word_1_106' title='bbox 2952 749 3066 802; x_wconf 84' lang='grc' dir='ltr'>ἀλλ’</span> <span class='ocrx_word' id='word_1_107' title='bbox 3112 750 3325 820; x_wconf 79' lang='grc' dir='ltr'>ἔχοντες</span> <span class='ocrx_word' id='word_1_108' title='bbox 3380 751 3546 804; x_wconf 86' lang='grc' dir='ltr'>αὐτοῦ</span> <span class='ocrx_word' id='word_1_109' title='bbox 3595 752 3726 821; x_wconf 90' lang='grc' dir='ltr'>σύγ-</span> 
     </span>
    </p>
   </div>
   <div class='ocr_carea' id='block_1_18' title="bbox 2150 839 3724 913">
    <p class='ocr_par' dir='ltr' id='par_1_18' title="bbox 2150 839 3724 913">
     <span class='ocr_line' id='line_1_18' title="bbox 2150 839 3724 913; baseline 0.001 -20"><span class='ocrx_word' id='word_1_110' title='bbox 2150 859 2384 913; x_wconf 89' lang='grc' dir='ltr'>γραμμα</span> <span class='ocrx_word' id='word_1_111' title='bbox 2435 842 2564 911; x_wconf 79' lang='grc' dir='ltr'>περὶ</span> <span class='ocrx_word' id='word_1_112' title='bbox 2594 840 2800 912; x_wconf 83' lang='grc' dir='ltr'><strong>ταύτης</strong></span> <span class='ocrx_word' id='word_1_113' title='bbox 2832 839 2942 911; x_wconf 89' lang='grc'><strong>(89)</strong></span> <span class='ocrx_word' id='word_1_114' title='bbox 2999 840 3176 903; x_wconf 82' lang='grc' dir='ltr'>ίδικῶς</span> <span class='ocrx_word' id='word_1_115' title='bbox 3222 839 3371 911; x_wconf 87' lang='grc' dir='ltr'>αύτῷ</span> <span class='ocrx_word' id='word_1_116' title='bbox 3402 841 3500 910; x_wconf 78' lang='grc' dir='ltr'>τῆς</span> <span class='ocrx_word' id='word_1_117' title='bbox 3529 842 3724 895; x_wconf 82' lang='grc' dir='ltr'>ὑποθέ-</span> 
     </span>
    </p>
   </div>
   <div class='ocr_carea' id='block_1_19' title="bbox 2151 931 3724 1003">
    <p class='ocr_par' dir='ltr' id='par_1_19' title="bbox 2151 931 3724 1003">
     <span class='ocr_line' id='line_1_19' title="bbox 2151 931 3724 1003; baseline 0.002 -20"><span class='ocrx_word' id='word_1_118' title='bbox 2151 947 2288 993; x_wconf 84' lang='grc' dir='ltr'>σεως</span> <span class='ocrx_word' id='word_1_119' title='bbox 2343 931 2738 1001; x_wconf 86' lang='grc' dir='ltr'>πεπονημένον,</span> <span class='ocrx_word' id='word_1_120' title='bbox 2795 933 3046 985; x_wconf 81' lang='grc' dir='ltr'>κάκεῖνον</span> <span class='ocrx_word' id='word_1_121' title='bbox 3096 931 3185 984; x_wconf 84' lang='grc' dir='ltr'>διὰ</span> <span class='ocrx_word' id='word_1_122' title='bbox 3248 931 3341 984; x_wconf 84' lang='grc' dir='ltr'><strong>τοῦ</strong></span> <span class='ocrx_word' id='word_1_123' title='bbox 3397 933 3724 1003; x_wconf 80' lang='grc' dir='ltr'><strong>γράμματος</strong></span> 
     </span>
    </p>
   </div>
   <div class='ocr_carea' id='block_1_20' title="bbox 2148 1023 3046 1093">
    <p class='ocr_par' dir='ltr' id='par_1_20' title="bbox 2148 1023 3046 1093">
     <span class='ocr_line' id='line_1_20' title="bbox 2148 1023 3046 1093; baseline 0.003 -18"><span class='ocrx_word' id='word_1_124' title='bbox 2148 1023 2344 1093; x_wconf 80' lang='grc' dir='ltr'>ἔχομεν</span> <span class='ocrx_word' id='word_1_125' title='bbox 2377 1025 2506 1093; x_wconf 81' lang='grc' dir='ltr'>ἡμῖν</span> <span class='ocrx_word' id='word_1_126' title='bbox 2543 1023 3046 1093; x_wconf 81' lang='grc' dir='ltr'>συμφθεγγόμενον.</span> 
     </span>
    </p>
   </div>
   <div class='ocr_carea' id='block_1_21' title="bbox 2217 1110 3722 1187">
    <p class='ocr_par' dir='ltr' id='par_1_21' title="bbox 2217 1110 3722 1187">
     <span class='ocr_line' id='line_1_21' title="bbox 2217 1110 3722 1187; baseline 0.002 -20"><span class='ocrx_word' id='word_1_127' title='bbox 2217 1115 2313 1177; x_wconf 86' lang='grc' dir='ltr'>Τίς</span> <span class='ocrx_word' id='word_1_128' title='bbox 2343 1110 2434 1167; x_wconf 78' lang='grc' dir='ltr'><strong>οὖν</strong></span> <span class='ocrx_word' id='word_1_129' title='bbox 2459 1117 2492 1185; x_wconf 82' lang='grc' dir='ltr'>ἡ</span> <span class='ocrx_word' id='word_1_130' title='bbox 2526 1116 2661 1186; x_wconf 86' lang='grc' dir='ltr'>πρὸς</span> <span class='ocrx_word' id='word_1_131' title='bbox 2689 1116 2788 1186; x_wconf 80' lang='grc' dir='ltr'>τὴν</span> <span class='ocrx_word' id='word_1_132' title='bbox 2816 1114 3008 1168; x_wconf 80' lang='grc' dir='ltr'>πεῦσιν</span> <span class='ocrx_word' id='word_1_133' title='bbox 3049 1117 3372 1187; x_wconf 86' lang='grc' dir='ltr'>ἀπόκρισις;</span> <span class='ocrx_word' id='word_1_134' title='bbox 3418 1115 3529 1186; x_wconf 81' lang='grc' dir='ltr'><strong>Τὴν</strong></span> <span class='ocrx_word' id='word_1_135' title='bbox 3563 1117 3722 1186; x_wconf 81' lang='grc' dir='ltr'>ἁγίαν</span> 
     </span>
    </p>
   </div>
   <div class='ocr_carea' id='block_1_22' title="bbox 2149 1205 3720 1278">
    <p class='ocr_par' dir='ltr' id='par_1_22' title="bbox 2149 1205 3720 1278">
     <span class='ocr_line' id='line_1_22' title="bbox 2149 1205 3720 1278; baseline 0.001 -19"><span class='ocrx_word' id='word_1_136' title='bbox 2149 1205 2365 1260; x_wconf 76' lang='grc' dir='ltr'>σύνοδον</span> <span class='ocrx_word' id='word_1_137' title='bbox 2397 1205 2507 1258; x_wconf 87' lang='grc' dir='ltr'><strong>τῶν</strong></span> <span class='ocrx_word' id='word_1_138' title='bbox 2529 1206 2786 1277; x_wconf 85' lang='grc' dir='ltr'>Πατέρων</span> <span class='ocrx_word' id='word_1_139' title='bbox 2819 1207 2927 1262; x_wconf 88' lang='grc' dir='ltr'><strong>τῶν</strong></span> <span class='ocrx_word' id='word_1_140' title='bbox 2956 1209 3014 1260; x_wconf 94' lang='grc' dir='ltr'><strong>ἐν</strong></span> <span class='ocrx_word' id='word_1_141' title='bbox 3048 1207 3274 1278; x_wconf 86' lang='grc' dir='ltr'>Νικαίᾳ,</span> <span class='ocrx_word' id='word_1_142' title='bbox 3306 1207 3525 1261; x_wconf 81' lang='grc' dir='ltr'>σύνοδον</span> <span class='ocrx_word' id='word_1_143' title='bbox 3551 1208 3720 1272; x_wconf 77' lang='grc' dir='ltr'>ὅντως</span> 
     </span>
    </p>
   </div>
   <div class='ocr_carea' id='block_1_23' title="bbox 2147 1296 3722 1370">
    <p class='ocr_par' dir='ltr' id='par_1_23' title="bbox 2147 1296 3722 1370">
     <span class='ocr_line' id='line_1_23' title="bbox 2147 1296 3722 1370; baseline 0.001 -19"><span class='ocrx_word' id='word_1_144' title='bbox 2147 1297 2443 1368; x_wconf 82' lang='grc' dir='ltr'>καθολικὴν</span> <span class='ocrx_word' id='word_1_145' title='bbox 2472 1298 2566 1350; x_wconf 75' lang='grc' dir='ltr'>καὶ</span> <span class='ocrx_word' id='word_1_146' title='bbox 2602 1296 2964 1368; x_wconf 81' lang='grc' dir='ltr'>άποστολικὴν</span> <span class='ocrx_word' id='word_1_147' title='bbox 3011 1296 3368 1370; x_wconf 81' lang='grc' dir='ltr'>γνωρίζομεν,</span> <span class='ocrx_word' id='word_1_148' title='bbox 3401 1299 3496 1352; x_wconf 77' lang='grc' dir='ltr'>καὶ</span> <span class='ocrx_word' id='word_1_149' title='bbox 3539 1301 3722 1352; x_wconf 84' lang='grc' dir='ltr'>πίστιν</span> 
     </span>
    </p>
   </div>
   <div class='ocr_carea' id='block_1_24' title="bbox 2145 1387 3722 1461">
    <p class='ocr_par' dir='ltr' id='par_1_24' title="bbox 2145 1387 3722 1461">
     <span class='ocr_line' id='line_1_24' title="bbox 2145 1387 3722 1461; baseline 0.003 -21"><span class='ocrx_word' id='word_1_150' title='bbox 2145 1388 2242 1459; x_wconf 82' lang='grc' dir='ltr'>τὴν</span> <span class='ocrx_word' id='word_1_151' title='bbox 2275 1387 2585 1441; x_wconf 84' lang='grc' dir='ltr'>ἐκτεθεῖσαν</span> <span class='ocrx_word' id='word_1_152' title='bbox 2616 1388 2720 1441; x_wconf 79' lang='grc' dir='ltr'><strong>ὑπὸ</strong></span> <span class='ocrx_word' id='word_1_153' title='bbox 2743 1389 2852 1442; x_wconf 86' lang='grc' dir='ltr'><strong>τῶν</strong></span> <span class='ocrx_word' id='word_1_154' title='bbox 2883 1390 3144 1460; x_wconf 89' lang='grc' dir='ltr'>Πατέρων</span> <span class='ocrx_word' id='word_1_155' title='bbox 3170 1390 3488 1461; x_wconf 86' lang='grc' dir='ltr'>τηνικαῦτα,</span> <span class='ocrx_word' id='word_1_156' title='bbox 3523 1391 3722 1460; x_wconf 83' lang='grc' dir='ltr'>φυλάτ-</span> 
     </span>
    </p>
   </div>
   <div class='ocr_carea' id='block_1_25' title="bbox 2145 1481 3719 1553">
    <p class='ocr_par' dir='ltr' id='par_1_25' title="bbox 2145 1481 3719 1553">
     <span class='ocr_line' id='line_1_25' title="bbox 2145 1481 3719 1553; baseline 0.002 -20"><span class='ocrx_word' id='word_1_157' title='bbox 2145 1497 2307 1550; x_wconf 89' lang='grc' dir='ltr'>τομεν</span> <span class='ocrx_word' id='word_1_158' title='bbox 2339 1481 2591 1552; x_wconf 82' lang='grc' dir='ltr'>ἀκίνητον</span> <span class='ocrx_word' id='word_1_159' title='bbox 2615 1481 2758 1550; x_wconf 83' lang='grc'><strong>(90),</strong></span> <span class='ocrx_word' id='word_1_160' title='bbox 2814 1482 2910 1534; x_wconf 75' lang='grc' dir='ltr'><strong>καὶ</strong></span> <span class='ocrx_word' id='word_1_161' title='bbox 2959 1481 3094 1552; x_wconf 83' lang='grc' dir='ltr'>πρὸς</span> <span class='ocrx_word' id='word_1_162' title='bbox 3126 1482 3187 1534; x_wconf 80' lang='grc' dir='ltr'><strong>τὸ</strong></span> <span class='ocrx_word' id='word_1_163' title='bbox 3235 1483 3482 1553; x_wconf 83' lang='grc' dir='ltr'>διηνεκὲς</span> <span class='ocrx_word' id='word_1_164' title='bbox 3539 1484 3719 1536; x_wconf 79' lang='grc' dir='ltr'>ἀσπά-</span> 
     </span>
    </p>
   </div>
   <div class='ocr_carea' id='block_1_26' title="bbox 2149 1569 3724 1640">
    <p class='ocr_par' dir='ltr' id='par_1_26' title="bbox 2149 1569 3724 1640">
     <span class='ocr_line' id='line_1_26' title="bbox 2149 1569 3724 1640; baseline 0.004 -19"><span class='ocrx_word' id='word_1_165' title='bbox 2149 1587 2345 1639; x_wconf 88' lang='grc' dir='ltr'>ρακτον</span> <span class='ocrx_word' id='word_1_166' title='bbox 2375 1571 2552 1639; x_wconf 82' lang='grc' dir='ltr'>μένειν</span> <span class='ocrx_word' id='word_1_167' title='bbox 2583 1569 2809 1640; x_wconf 72' lang='grc' dir='ltr'>εὔχομαι</span> <span class='ocrx_word' id='word_1_168' title='bbox 2839 1571 2970 1640; x_wconf 88' lang='grc'><strong>(91).</strong></span> <span class='ocrx_word' id='word_1_169' title='bbox 3005 1573 3199 1640; x_wconf 79' lang='grc' dir='ltr'>Γέγονε</span> <span class='ocrx_word' id='word_1_170' title='bbox 3231 1573 3287 1625; x_wconf 81' lang='grc' dir='ltr'>δὲ</span> <span class='ocrx_word' id='word_1_171' title='bbox 3315 1574 3434 1626; x_wconf 88' lang='grc' dir='ltr'>τότε</span> <span class='ocrx_word' id='word_1_172' title='bbox 3459 1577 3570 1638; x_wconf 87' lang='grc' dir='ltr'>τοῖς</span> <span class='ocrx_word' id='word_1_173' title='bbox 3611 1577 3724 1627; x_wconf 88' lang='grc' dir='ltr'>Πα-</span> 
     </span>
    </p>
   </div>
   <div class='ocr_carea' id='block_1_27' title="bbox 2145 1661 3723 1736">
    <p class='ocr_par' dir='ltr' id='par_1_27' title="bbox 2145 1661 3723 1736">
     <span class='ocr_line' id='line_1_27' title="bbox 2145 1661 3723 1736; baseline 0.004 -24"><span class='ocrx_word' id='word_1_174' title='bbox 2145 1663 2336 1732; x_wconf 75' lang='grc' dir='ltr'>τράσιν</span> <span class='ocrx_word' id='word_1_175' title='bbox 2367 1662 2807 1733; x_wconf 83' lang='grc' dir='ltr'>ἀναγκαιότερον,</span> <span class='ocrx_word' id='word_1_176' title='bbox 2833 1661 3164 1735; x_wconf 76' lang='grc' dir='ltr'>πλατύτερον</span> <span class='ocrx_word' id='word_1_177' title='bbox 3191 1662 3561 1736; x_wconf 74' lang='grc' dir='ltr'>ἐξηγήσασθαι</span> <span class='ocrx_word' id='word_1_178' title='bbox 3594 1683 3659 1719; x_wconf 86' lang='grc' dir='ltr'><strong>πε</strong></span> <span class='ocrx_word' id='word_1_179' title='bbox 3669 1667 3723 1736; x_wconf 65' lang='grc' dir='ltr'><strong>ρ).</strong></span> 
     </span>
    </p>
   </div>
   <div class='ocr_carea' id='block_1_28' title="bbox 2145 1753 3723 1827">
    <p class='ocr_par' dir='ltr' id='par_1_28' title="bbox 2145 1753 3723 1827">
     <span class='ocr_line' id='line_1_28' title="bbox 2145 1753 3723 1827; baseline 0.003 -21"><span class='ocrx_word' id='word_1_180' title='bbox 2145 1753 2244 1823; x_wconf 83' lang='grc' dir='ltr'><strong>τῆς</strong></span> <span class='ocrx_word' id='word_1_181' title='bbox 2278 1754 2434 1824; x_wconf 80' lang='grc' dir='ltr'><strong>δόξης</strong></span> <span class='ocrx_word' id='word_1_182' title='bbox 2460 1757 2553 1806; x_wconf 90' lang='grc' dir='ltr'><strong>τοῦ</strong></span> <span class='ocrx_word' id='word_1_183' title='bbox 2584 1755 2920 1824; x_wconf 84' lang='grc' dir='ltr'>Μονογενοῦς</span> <span class='ocrx_word' id='word_1_184' title='bbox 2941 1771 2953 1784; x_wconf 90' lang='grc'><strong>·</strong></span> <span class='ocrx_word' id='word_1_185' title='bbox 2992 1756 3180 1826; x_wconf 82' lang='grc' dir='ltr'>ἐπειδὴ</span> <span class='ocrx_word' id='word_1_186' title='bbox 3212 1758 3331 1810; x_wconf 81' lang='grc' dir='ltr'>τότε</span> <span class='ocrx_word' id='word_1_187' title='bbox 3363 1759 3556 1811; x_wconf 68' lang='grc' dir='ltr'><strong>νεωστὶ⁵</strong></span> <span class='ocrx_word' id='word_1_188' title='bbox 3589 1775 3723 1827; x_wconf 80' lang='grc' dir='ltr'>φυο-</span> 
     </span>
    </p>
   </div>
   <div class='ocr_carea' id='block_1_29' title="bbox 2151 1846 3723 1922">
    <p class='ocr_par' dir='ltr' id='par_1_29' title="bbox 2151 1846 3723 1922">
     <span class='ocr_line' id='line_1_29' title="bbox 2151 1846 3723 1922; baseline 0.005 -25"><span class='ocrx_word' id='word_1_189' title='bbox 2151 1846 2320 1916; x_wconf 85' lang='grc' dir='ltr'>μένην</span> <span class='ocrx_word' id='word_1_190' title='bbox 2357 1848 2455 1918; x_wconf 81' lang='grc' dir='ltr'>τὴν</span> <span class='ocrx_word' id='word_1_191' title='bbox 2485 1847 2697 1918; x_wconf 79' lang='grc' dir='ltr'>αἵρεσιν</span> <span class='ocrx_word' id='word_1_192' title='bbox 2732 1847 2826 1900; x_wconf 90' lang='grc' dir='ltr'><strong>τοῦ</strong></span> <span class='ocrx_word' id='word_1_193' title='bbox 2885 1849 3095 1920; x_wconf 78' lang='grc' dir='ltr'>Ἀρείου</span> <span class='ocrx_word' id='word_1_194' title='bbox 3156 1850 3242 1903; x_wconf 77' lang='grc' dir='ltr'>διὰ</span> <span class='ocrx_word' id='word_1_195' title='bbox 3285 1851 3520 1920; x_wconf 80' lang='grc' dir='ltr'><strong>σπουδῆς</strong></span> <span class='ocrx_word' id='word_1_196' title='bbox 3566 1852 3723 1922; x_wconf 76' lang='grc' dir='ltr'>ἔσχον</span> 
     </span>
    </p>
   </div>
   <div class='ocr_carea' id='block_1_30' title="bbox 470 1923 2039 2015">
    <p class='ocr_par' dir='ltr' id='par_1_30' title="bbox 470 1923 2039 2000">
     <span class='ocr_line' id='line_1_30' title="bbox 470 1923 2039 2000; baseline 0.006 -25"><span class='ocrx_word' id='word_1_197' title='bbox 470 1923 807 1991; x_wconf 88' lang='lat' dir='ltr'><strong>primaillius</strong></span> <span class='ocrx_word' id='word_1_198' title='bbox 841 1927 1046 1980; x_wconf 86' lang='lat' dir='ltr'><strong>semina</strong></span> <span class='ocrx_word' id='word_1_199' title='bbox 1090 1927 1272 1980; x_wconf 90' lang='lat' dir='ltr'><strong>statim</strong></span> <span class='ocrx_word' id='word_1_200' title='bbox 1323 1927 1604 1993; x_wconf 88' lang='lat' dir='ltr'><strong>abolendo,</strong></span> <span class='ocrx_word' id='word_1_201' title='bbox 1651 1939 1938 2000; x_wconf 84' lang='lat' dir='ltr'><strong>antequam</strong></span> <span class='ocrx_word' id='word_1_202' title='bbox 1975 1933 2039 1985; x_wconf 92' lang='lat' dir='ltr'><strong>ad</strong></span> 
     </span>
    </p>
   </div>
   <div class='ocr_carea' id='block_1_31' title="bbox 2141 1923 3720 2015">
    <p class='ocr_par' dir='ltr' id='par_1_31' title="bbox 2151 1937 3720 2015">
     <span class='ocr_line' id='line_1_31' title="bbox 2151 1937 3720 2015; baseline 0.006 -26"><span class='ocrx_word' id='word_1_203' title='bbox 2151 1937 2399 2006; x_wconf 69' lang='grc' dir='ltr'>ἐκκόψαι,</span> <span class='ocrx_word' id='word_1_204' title='bbox 2427 1939 2496 1991; x_wconf 75' lang='grc' dir='ltr'><strong>τὰ</strong></span> <span class='ocrx_word' id='word_1_205' title='bbox 2523 1939 2716 2010; x_wconf 87' lang='grc' dir='ltr'>πρῶτα</span> <span class='ocrx_word' id='word_1_206' title='bbox 2737 1940 2904 2010; x_wconf 76' lang='grc' dir='ltr'>αὐτῆς</span> <span class='ocrx_word' id='word_1_207' title='bbox 2930 1941 3382 2013; x_wconf 82' lang='grc' dir='ltr'>προαναιροῦντες</span> <span class='ocrx_word' id='word_1_208' title='bbox 3407 1943 3720 2015; x_wconf 86' lang='grc' dir='ltr'>σπέρματα,</span> 
     </span>
    </p>
   </div>
   <div class='ocr_carea' id='block_1_32' title="bbox 473 2018 2042 2089">
    <p class='ocr_par' dir='ltr' id='par_1_32' title="bbox 473 2018 2042 2089">
     <span class='ocr_line' id='line_1_32' title="bbox 473 2018 2042 2089; baseline 0.008 -25"><span class='ocrx_word' id='word_1_209' title='bbox 473 2027 738 2067; x_wconf 88' lang='lat' dir='ltr'><strong>summam</strong></span> <span class='ocrx_word' id='word_1_210' title='bbox 773 2018 1120 2084; x_wconf 85' lang='lat' dir='ltr'><strong>asperitatem</strong></span> <span class='ocrx_word' id='word_1_211' title='bbox 1151 2018 1463 2085; x_wconf 88' lang='lat' dir='ltr'><strong>perveniret</strong></span> <span class='ocrx_word' id='word_1_212' title='bbox 1495 2020 1648 2088; x_wconf 89' lang='lat' dir='ltr'><strong>spina</strong></span> <span class='ocrx_word' id='word_1_213' title='bbox 1682 2039 1694 2073; x_wconf 92' lang='lat'><strong>:</strong></span> <span class='ocrx_word' id='word_1_214' title='bbox 1725 2037 1954 2089; x_wconf 89' lang='lat' dir='ltr'><strong>cumque</strong></span> <span class='ocrx_word' id='word_1_215' title='bbox 1977 2036 2042 2076; x_wconf 89' lang='lat' dir='ltr'><strong>eo</strong></span> 
     </span>
    </p>
   </div>
   <div class='ocr_carea' id='block_1_33' title="bbox 469 2105 2044 2178">
    <p class='ocr_par' dir='ltr' id='par_1_33' title="bbox 469 2105 2044 2178">
     <span class='ocr_line' id='line_1_33' title="bbox 469 2105 2044 2178; baseline 0.008 -23"><span class='ocrx_word' id='word_1_216' title='bbox 469 2112 716 2170; x_wconf 86' lang='lat' dir='ltr'><strong>tempore</strong></span> <span class='ocrx_word' id='word_1_217' title='bbox 748 2105 813 2160; x_wconf 92' lang='lat' dir='ltr'><strong>de</strong></span> <span class='ocrx_word' id='word_1_218' title='bbox 839 2107 1136 2176; x_wconf 63' lang='lat' dir='ltr'><strong>quaestione</strong></span> <span class='ocrx_word' id='word_1_219' title='bbox 1166 2106 1310 2162; x_wconf 87' lang='lat' dir='ltr'><strong>circa</strong></span> <span class='ocrx_word' id='word_1_220' title='bbox 1342 2107 1603 2178; x_wconf 88' lang='lat' dir='ltr'><strong>Spiritum</strong></span> <span class='ocrx_word' id='word_1_221' title='bbox 1630 2119 1873 2166; x_wconf 90' lang='lat' dir='ltr'><strong>sanctum</strong></span> <span class='ocrx_word' id='word_1_222' title='bbox 1899 2122 2044 2167; x_wconf 86' lang='lat' dir='ltr'><strong>tace-</strong></span> 
     </span>
    </p>
   </div>
   <div class='ocr_carea' id='block_1_34' title="bbox 469 2194 2044 2268">
    <p class='ocr_par' dir='ltr' id='par_1_34' title="bbox 469 2194 2044 2268">
     <span class='ocr_line' id='line_1_34' title="bbox 469 2194 2044 2268; baseline 0.009 -24"><span class='ocrx_word' id='word_1_223' title='bbox 469 2203 651 2258; x_wconf 82' lang='lat' dir='ltr'><strong>retur,</strong></span> <span class='ocrx_word' id='word_1_224' title='bbox 711 2194 832 2248; x_wconf 84' lang='lat' dir='ltr'><strong>ideo</strong></span> <span class='ocrx_word' id='word_1_225' title='bbox 883 2195 1018 2250; x_wconf 85' lang='lat' dir='ltr'><strong>nihil</strong></span> <span class='ocrx_word' id='word_1_226' title='bbox 1065 2198 1294 2268; x_wconf 91' lang='lat' dir='ltr'><strong>amplius</strong></span> <span class='ocrx_word' id='word_1_227' title='bbox 1343 2200 1687 2256; x_wconf 89' lang='lat' dir='ltr'><strong>addiderunt.</strong></span> <span class='ocrx_word' id='word_1_228' title='bbox 1734 2200 1929 2258; x_wconf 86' lang='lat' dir='ltr'><strong>Verum</strong></span> <span class='ocrx_word' id='word_1_229' title='bbox 1977 2203 2044 2260; x_wconf 88' lang='lat' dir='ltr'><strong>iis</strong></span> 
     </span>
    </p>
   </div>
   <div class='ocr_carea' id='block_1_35' title="bbox 467 2283 2039 2357">
    <p class='ocr_par' dir='ltr' id='par_1_35' title="bbox 467 2283 2039 2357">
     <span class='ocr_line' id='line_1_35' title="bbox 467 2283 2039 2357; baseline 0.009 -22"><span class='ocrx_word' id='word_1_230' title='bbox 467 2283 560 2351; x_wconf 86' lang='lat' dir='ltr'><strong>qui</strong></span> <span class='ocrx_word' id='word_1_231' title='bbox 605 2285 898 2350; x_wconf 88' lang='lat' dir='ltr'><strong>prudenter</strong></span> <span class='ocrx_word' id='word_1_232' title='bbox 927 2287 1171 2357; x_wconf 88' lang='lat' dir='ltr'><strong>legerint,</strong></span> <span class='ocrx_word' id='word_1_233' title='bbox 1203 2290 1476 2346; x_wconf 79' lang='lat' dir='ltr'><strong>suﬁiciens</strong></span> <span class='ocrx_word' id='word_1_234' title='bbox 1506 2292 1774 2347; x_wconf 80' lang='lat' dir='ltr'><strong>videbitur</strong></span> <span class='ocrx_word' id='word_1_235' title='bbox 1797 2294 2039 2350; x_wconf 85' lang='lat' dir='ltr'><strong>doctrina</strong></span> 
     </span>
    </p>
   </div>
   <div class='ocr_carea' id='block_1_36' title="bbox 469 2371 2040 2444">
    <p class='ocr_par' dir='ltr' id='par_1_36' title="bbox 469 2371 2040 2444">
     <span class='ocr_line' id='line_1_36' title="bbox 469 2371 2040 2444; baseline 0.011 -19"><span class='ocrx_word' id='word_1_236' title='bbox 469 2373 535 2426; x_wconf 88' lang='lat' dir='ltr'><strong>de</strong></span> <span class='ocrx_word' id='word_1_237' title='bbox 559 2371 783 2442; x_wconf 86' lang='lat' dir='ltr'><strong>Spiritu,</strong></span> <span class='ocrx_word' id='word_1_238' title='bbox 820 2391 938 2444; x_wconf 74' lang='lat' dir='ltr'><strong>qua:</strong></span> <span class='ocrx_word' id='word_1_239' title='bbox 961 2392 1022 2431; x_wconf 85' lang='lat' dir='ltr'><strong>ea</strong></span> <span class='ocrx_word' id='word_1_240' title='bbox 1052 2378 1104 2432; x_wconf 92' lang='lat' dir='ltr'><strong>in</strong></span> <span class='ocrx_word' id='word_1_241' title='bbox 1167 2378 1273 2434; x_wconf 85' lang='lat' dir='ltr'><strong>ﬁde</strong></span> <span class='ocrx_word' id='word_1_242' title='bbox 1329 2382 1657 2438; x_wconf 85' lang='lat' dir='ltr'><strong>continetur.</strong></span> <span class='ocrx_word' id='word_1_243' title='bbox 1722 2384 2040 2442; x_wconf 88' lang='lat' dir='ltr'><strong>Docuerunt</strong></span> 
     </span>
    </p>
   </div>
   <div class='ocr_carea' id='block_1_37' title="bbox 467 2467 2040 2544">
    <p class='ocr_par' dir='ltr' id='par_1_37' title="bbox 467 2467 2040 2544">
     <span class='ocr_line' id='line_1_37' title="bbox 467 2467 2040 2544; baseline 0.01 -25"><span class='ocrx_word' id='word_1_244' title='bbox 467 2467 634 2531; x_wconf 90' lang='lat' dir='ltr'><strong>enim,</strong></span> <span class='ocrx_word' id='word_1_245' title='bbox 685 2468 825 2521; x_wconf 87' lang='lat' dir='ltr'><strong>sicut</strong></span> <span class='ocrx_word' id='word_1_246' title='bbox 867 2470 1014 2524; x_wconf 85' lang='lat' dir='ltr'><strong>credi</strong></span> <span class='ocrx_word' id='word_1_247' title='bbox 1066 2472 1226 2527; x_wconf 87' lang='lat' dir='ltr'><strong>debet</strong></span> <span class='ocrx_word' id='word_1_248' title='bbox 1277 2473 1332 2527; x_wconf 90' lang='lat' dir='ltr'><strong>in</strong></span> <span class='ocrx_word' id='word_1_249' title='bbox 1387 2473 1601 2530; x_wconf 87' lang='lat' dir='ltr'><strong>Patrem</strong></span> <span class='ocrx_word' id='word_1_250' title='bbox 1629 2486 1683 2531; x_wconf 92' lang='lat' dir='ltr'><strong>et</strong></span> <span class='ocrx_word' id='word_1_251' title='bbox 1708 2477 1927 2544; x_wconf 87' lang='lat' dir='ltr'><strong>Filium,</strong></span> <span class='ocrx_word' id='word_1_252' title='bbox 1967 2479 2040 2534; x_wconf 90' lang='lat' dir='ltr'><strong>ita</strong></span> 
     </span>
    </p>
   </div>
   <div class='ocr_carea' id='block_1_38' title="bbox 468 2553 2039 2635">
    <p class='ocr_par' dir='ltr' id='par_1_38' title="bbox 468 2553 2039 2635">
     <span class='ocr_line' id='line_1_38' title="bbox 468 2553 2039 2635; baseline 0.01 -25"><span class='ocrx_word' id='word_1_253' title='bbox 468 2557 632 2611; x_wconf 90' lang='lat' dir='ltr'><strong>etiam</strong></span> <span class='ocrx_word' id='word_1_254' title='bbox 689 2560 1016 2614; x_wconf 90' lang='lat' dir='ltr'><strong>credendum</strong></span> <span class='ocrx_word' id='word_1_255' title='bbox 1075 2577 1196 2618; x_wconf 83' lang='lat' dir='ltr'><strong>esse</strong></span> <span class='ocrx_word' id='word_1_256' title='bbox 1256 2564 1308 2618; x_wconf 90' lang='lat' dir='ltr'><strong>in</strong></span> <span class='ocrx_word' id='word_1_257' title='bbox 1369 2553 1627 2635; x_wconf 87' lang='lat' dir='ltr'><strong>Spiritum</strong></span> <span class='ocrx_word' id='word_1_258' title='bbox 1675 2582 1690 2621; x_wconf 92' lang='lat'><strong>:</strong></span> <span class='ocrx_word' id='word_1_259' title='bbox 1738 2584 1836 2622; x_wconf 87' lang='lat' dir='ltr'><strong>nec</strong></span> <span class='ocrx_word' id='word_1_260' title='bbox 1881 2570 2039 2625; x_wconf 85' lang='lat' dir='ltr'><strong>aliam</strong></span> 
     </span>
    </p>
   </div>
   <div class='ocr_carea' id='block_1_39' title="bbox 469 2650 2041 2728">
    <p class='ocr_par' dir='ltr' id='par_1_39' title="bbox 469 2650 2041 2728">
     <span class='ocr_line' id='line_1_39' title="bbox 469 2650 2041 2728; baseline 0.01 -27"><span class='ocrx_word' id='word_1_261' title='bbox 469 2650 782 2720; x_wconf 84' lang='lat' dir='ltr'><strong>quampiam</strong></span> <span class='ocrx_word' id='word_1_262' title='bbox 831 2653 1148 2708; x_wconf 85' lang='lat' dir='ltr'><strong>inducentes</strong></span> <span class='ocrx_word' id='word_1_263' title='bbox 1176 2655 1228 2709; x_wconf 89' lang='lat' dir='ltr'><strong>in</strong></span> <span class='ocrx_word' id='word_1_264' title='bbox 1261 2656 1442 2712; x_wconf 90' lang='lat' dir='ltr'><strong>divina</strong></span> <span class='ocrx_word' id='word_1_265' title='bbox 1480 2660 1746 2728; x_wconf 82' lang='lat' dir='ltr'><strong>beataque</strong></span> <span class='ocrx_word' id='word_1_266' title='bbox 1772 2659 2041 2717; x_wconf 85' lang='lat' dir='ltr'><strong>Trinitate</strong></span> 
     </span>
    </p>
   </div>
   <div class='ocr_carea' id='block_1_40' title="bbox 471 2746 2037 2817">
    <p class='ocr_par' dir='ltr' id='par_1_40' title="bbox 471 2746 2037 2817">
     <span class='ocr_line' id='line_1_40' title="bbox 471 2746 2037 2817; baseline 0.011 -26"><span class='ocrx_word' id='word_1_267' title='bbox 471 2748 757 2809; x_wconf 84' lang='lat' dir='ltr'><strong>naturam;</strong></span> <span class='ocrx_word' id='word_1_268' title='bbox 794 2759 969 2812; x_wconf 87' lang='lat' dir='ltr'><strong>neque</strong></span> <span class='ocrx_word' id='word_1_269' title='bbox 998 2746 1290 2815; x_wconf 89' lang='lat' dir='ltr'><strong>quidquam</strong></span> <span class='ocrx_word' id='word_1_270' title='bbox 1319 2749 1386 2803; x_wconf 90' lang='lat' dir='ltr'><strong>de</strong></span> <span class='ocrx_word' id='word_1_271' title='bbox 1414 2749 1681 2804; x_wconf 88' lang='lat' dir='ltr'><strong>Trinitate</strong></span> <span class='ocrx_word' id='word_1_272' title='bbox 1712 2765 2037 2817; x_wconf 86' lang='lat' dir='ltr'><strong>resecantes,</strong></span> 
     </span>
    </p>
   </div>
   <div class='ocr_carea' id='block_1_41' title="bbox 472 2831 2036 2912">
    <p class='ocr_par' dir='ltr' id='par_1_41' title="bbox 472 2831 2036 2912">
     <span class='ocr_line' id='line_1_41' title="bbox 472 2831 2036 2912; baseline 0.012 -27"><span class='ocrx_word' id='word_1_273' title='bbox 472 2832 528 2886; x_wconf 85' lang='lat' dir='ltr'><strong>in</strong></span> <span class='ocrx_word' id='word_1_274' title='bbox 561 2831 646 2884; x_wconf 89' lang='lat' dir='ltr'><strong>illa</strong></span> <span class='ocrx_word' id='word_1_275' title='bbox 699 2833 820 2888; x_wconf 89' lang='lat' dir='ltr'><strong>ﬁdei</strong></span> <span class='ocrx_word' id='word_1_276' title='bbox 866 2838 1222 2905; x_wconf 83' lang='lat' dir='ltr'><strong>expositione,</strong></span> <span class='ocrx_word' id='word_1_277' title='bbox 1267 2839 1359 2894; x_wconf 87' lang='lat' dir='ltr'><strong>sed</strong></span> <span class='ocrx_word' id='word_1_278' title='bbox 1393 2842 1518 2910; x_wconf 89' lang='lat' dir='ltr'><strong>quia</strong></span> <span class='ocrx_word' id='word_1_279' title='bbox 1563 2855 1735 2912; x_wconf 87' lang='lat' dir='ltr'><strong>nuper</strong></span> <span class='ocrx_word' id='word_1_280' title='bbox 1763 2845 2036 2903; x_wconf 73' lang='lat' dir='ltr'><strong>Ecclesiae</strong></span> 
     </span>
    </p>
   </div>
   <div class='ocr_carea' id='block_1_42' title="bbox 474 2925 2037 3002">
    <p class='ocr_par' dir='ltr' id='par_1_42' title="bbox 474 2925 2037 3002">
     <span class='ocr_line' id='line_1_42' title="bbox 474 2925 2037 3002; baseline 0.01 -28"><span class='ocrx_word' id='word_1_281' title='bbox 474 2931 764 2977; x_wconf 86' lang='lat' dir='ltr'><strong>concutere</strong></span> <span class='ocrx_word' id='word_1_282' title='bbox 808 2937 1094 2994; x_wconf 85' lang='lat' dir='ltr'><strong>aggressus</strong></span> <span class='ocrx_word' id='word_1_283' title='bbox 1149 2925 1398 2992; x_wconf 88' lang='lat' dir='ltr'><strong>Satanas,</strong></span> <span class='ocrx_word' id='word_1_284' title='bbox 1454 2931 1672 2985; x_wconf 90' lang='lat' dir='ltr'><strong>immisit</strong></span> <span class='ocrx_word' id='word_1_285' title='bbox 1718 2933 2037 3002; x_wconf 84' lang='lat' dir='ltr'><strong>quibusdam</strong></span> 
     </span>
    </p>
   </div>
   <div class='ocr_carea' id='block_1_43' title="bbox 477 3013 2036 3088">
    <p class='ocr_par' dir='ltr' id='par_1_43' title="bbox 477 3013 2036 3088">
     <span class='ocr_line' id='line_1_43' title="bbox 477 3013 2036 3088; baseline 0.009 -20"><span class='ocrx_word' id='word_1_286' title='bbox 477 3013 868 3070; x_wconf 90' lang='lat' dir='ltr'><strong>dubitationem</strong></span> <span class='ocrx_word' id='word_1_287' title='bbox 914 3019 981 3072; x_wconf 88' lang='lat' dir='ltr'><strong>de</strong></span> <span class='ocrx_word' id='word_1_288' title='bbox 1037 3018 1264 3088; x_wconf 89' lang='lat' dir='ltr'><strong>Spiritu,</strong></span> <span class='ocrx_word' id='word_1_289' title='bbox 1321 3038 1543 3077; x_wconf 88' lang='lat' dir='ltr'><strong>necesse</strong></span> <span class='ocrx_word' id='word_1_290' title='bbox 1598 3034 1678 3078; x_wconf 88' lang='lat' dir='ltr'><strong>est</strong></span> <span class='ocrx_word' id='word_1_291' title='bbox 1719 3036 1776 3078; x_wconf 89' lang='lat' dir='ltr'><strong>ut</strong></span> <span class='ocrx_word' id='word_1_292' title='bbox 1810 3028 1876 3081; x_wconf 91' lang='lat' dir='ltr'><strong>ad</strong></span> <span class='ocrx_word' id='word_1_293' title='bbox 1917 3027 2036 3082; x_wconf 89' lang='lat' dir='ltr'><strong>ﬁdei</strong></span> 
     </span>
    </p>
   </div>
   <div class='ocr_carea' id='block_1_44' title="bbox 467 3101 2038 3188">
    <p class='ocr_par' dir='ltr' id='par_1_44' title="bbox 467 3101 2038 3188">
     <span class='ocr_line' id='line_1_44' title="bbox 467 3101 2038 3188; baseline 0.01 -31"><span class='ocrx_word' id='word_1_294' title='bbox 467 3101 672 3158; x_wconf 82' lang='lat' dir='ltr'><strong>fontem</strong></span> <span class='ocrx_word' id='word_1_295' title='bbox 698 3120 1084 3175; x_wconf 89' lang='lat' dir='ltr'><strong>recurramus;</strong></span> <span class='ocrx_word' id='word_1_296' title='bbox 1134 3127 1164 3166; x_wconf 89' lang='lat' dir='ltr'><strong>c</strong></span> <span class='ocrx_word' id='word_1_297' title='bbox 1197 3127 1305 3181; x_wconf 91' lang='lat' dir='ltr'><strong>quo</strong></span> <span class='ocrx_word' id='word_1_298' title='bbox 1347 3129 1469 3167; x_wconf 92' lang='lat' dir='ltr'><strong>cum</strong></span> <span class='ocrx_word' id='word_1_299' title='bbox 1507 3114 1697 3169; x_wconf 68' lang='lat' dir='ltr'><strong>Nicaaae</strong></span> <span class='ocrx_word' id='word_1_300' title='bbox 1729 3120 2038 3188; x_wconf 78' lang='lat' dir='ltr'><strong>congregati</strong></span> 
     </span>
    </p>
   </div>
   <div class='ocr_carea' id='block_1_45' title="bbox 468 3191 2036 3275">
    <p class='ocr_par' dir='ltr' id='par_1_45' title="bbox 468 3191 2036 3275">
     <span class='ocr_line' id='line_1_45' title="bbox 468 3191 2036 3275; baseline 0.011 -27"><span class='ocrx_word' id='word_1_301' title='bbox 468 3191 665 3249; x_wconf 88' lang='lat' dir='ltr'><strong>Patres</strong></span> <span class='ocrx_word' id='word_1_302' title='bbox 695 3197 856 3250; x_wconf 90' lang='lat' dir='ltr'><strong>etiam</strong></span> <span class='ocrx_word' id='word_1_303' title='bbox 887 3199 1219 3265; x_wconf 88' lang='lat' dir='ltr'><strong>hausissent,</strong></span> <span class='ocrx_word' id='word_1_304' title='bbox 1256 3203 1380 3259; x_wconf 87' lang='lat' dir='ltr'><strong>ﬁdei</strong></span> <span class='ocrx_word' id='word_1_305' title='bbox 1413 3207 1824 3275; x_wconf 84' lang='lat' dir='ltr'><strong>expositionem,</strong></span> <span class='ocrx_word' id='word_1_306' title='bbox 1852 3211 2036 3265; x_wconf 77' lang='lat' dir='ltr'><strong>confe-</strong></span> 
     </span>
    </p>
   </div>
   <div class='ocr_carea' id='block_1_46' title="bbox 467 3287 2038 3370">
    <p class='ocr_par' dir='ltr' id='par_1_46' title="bbox 467 3287 2038 3370">
     <span class='ocr_line' id='line_1_46' title="bbox 467 3287 2038 3370; baseline 0.011 -32"><span class='ocrx_word' id='word_1_307' title='bbox 467 3298 684 3341; x_wconf 89' lang='lat' dir='ltr'><strong>cerunt.</strong></span> <span class='ocrx_word' id='word_1_308' title='bbox 716 3287 973 3354; x_wconf 81' lang='lat' dir='ltr'><strong>Quaenam</strong></span> <span class='ocrx_word' id='word_1_309' title='bbox 1027 3308 1156 3360; x_wconf 82' lang='lat' dir='ltr'><strong>ergo</strong></span> <span class='ocrx_word' id='word_1_310' title='bbox 1202 3305 1288 3349; x_wconf 90' lang='lat' dir='ltr'><strong>est</strong></span> <span class='ocrx_word' id='word_1_311' title='bbox 1328 3308 1529 3352; x_wconf 65' lang='lat' dir='ltr'><strong>nostra:</strong></span> <span class='ocrx_word' id='word_1_312' title='bbox 1577 3298 1697 3354; x_wconf 89' lang='lat' dir='ltr'><strong>ﬁdei</strong></span> <span class='ocrx_word' id='word_1_313' title='bbox 1743 3302 2038 3370; x_wconf 77' lang='lat' dir='ltr'><strong>perfectio?</strong></span> 
     </span>
    </p>
   </div>
   <div class='ocr_carea' id='block_1_47' title="bbox 468 3372 2034 3455">
    <p class='ocr_par' dir='ltr' id='par_1_47' title="bbox 468 3372 2034 3455">
     <span class='ocr_line' id='line_1_47' title="bbox 468 3372 2034 3455; baseline 0.013 -27"><span class='ocrx_word' id='word_1_314' title='bbox 468 3372 684 3432; x_wconf 89' lang='lat' dir='ltr'><strong>Domini</strong></span> <span class='ocrx_word' id='word_1_315' title='bbox 745 3381 982 3445; x_wconf 88' lang='lat' dir='ltr'><strong>traditio,</strong></span> <span class='ocrx_word' id='word_1_316' title='bbox 1029 3397 1212 3453; x_wconf 88' lang='lat' dir='ltr'><strong>quam,</strong></span> <span class='ocrx_word' id='word_1_317' title='bbox 1244 3395 1527 3455; x_wconf 88' lang='lat' dir='ltr'><strong>postquam</strong></span> <span class='ocrx_word' id='word_1_318' title='bbox 1579 3393 1967 3447; x_wconf 82' lang='lat' dir='ltr'><strong>resurrexisset</strong></span> <span class='ocrx_word' id='word_1_319' title='bbox 2005 3410 2034 3448; x_wconf 92' lang='lat' dir='ltr'><strong>a</strong></span> 
     </span>
    </p>
   </div>
   <div class='ocr_carea' id='block_1_48' title="bbox 469 3474 2038 3556">
    <p class='ocr_par' dir='ltr' id='par_1_48' title="bbox 469 3474 2038 3556">
     <span class='ocr_line' id='line_1_48' title="bbox 469 3474 2038 3556; baseline 0.011 -32"><span class='ocrx_word' id='word_1_320' title='bbox 469 3474 720 3540; x_wconf 84' lang='lat' dir='ltr'><strong>mortuis,</strong></span> <span class='ocrx_word' id='word_1_321' title='bbox 766 3476 1042 3530; x_wconf 82' lang='lat' dir='ltr'><strong>mandavit</strong></span> <span class='ocrx_word' id='word_1_322' title='bbox 1087 3479 1288 3533; x_wconf 90' lang='lat' dir='ltr'><strong>sanctis</strong></span> <span class='ocrx_word' id='word_1_323' title='bbox 1354 3481 1464 3535; x_wconf 90' lang='lat' dir='ltr'><strong>suis</strong></span> <span class='ocrx_word' id='word_1_324' title='bbox 1505 3483 1800 3554; x_wconf 90' lang='lat' dir='ltr'><strong>discipulis,</strong></span> <span class='ocrx_word' id='word_1_325' title='bbox 1849 3488 2038 3556; x_wconf 65' lang='lat' dir='ltr'><strong>praeci-</strong></span> 
     </span>
    </p>
   </div>
   <div class='ocr_carea' id='block_1_49' title="bbox 469 3561 2037 3646">
    <p class='ocr_par' dir='ltr' id='par_1_49' title="bbox 469 3561 2037 3646">
     <span class='ocr_line' id='line_1_49' title="bbox 469 3561 2037 3646; baseline 0.012 -31"><span class='ocrx_word' id='word_1_326' title='bbox 469 3561 658 3630; x_wconf 87' lang='lat' dir='ltr'><strong>piens:</strong></span> <span class='ocrx_word' id='word_1_327' title='bbox 687 3561 912 3628; x_wconf 74' lang='lat' dir='ltr'><strong>Euntes,</strong></span> <span class='ocrx_word' id='word_1_328' title='bbox 938 3568 1114 3622; x_wconf 81' lang='lat' dir='ltr'><strong>docete</strong></span> <span class='ocrx_word' id='word_1_329' title='bbox 1140 3586 1314 3624; x_wconf 72' lang='lat' dir='ltr'><strong>omnes</strong></span> <span class='ocrx_word' id='word_1_330' title='bbox 1354 3584 1552 3641; x_wconf 66' lang='lat' dir='ltr'><strong>gentes,</strong></span> <span class='ocrx_word' id='word_1_331' title='bbox 1601 3576 1921 3646; x_wconf 77' lang='lat' dir='ltr'><strong>baptizantes</strong></span> <span class='ocrx_word' id='word_1_332' title='bbox 1951 3597 2037 3634; x_wconf 74' lang='lat' dir='ltr'><strong>eos</strong></span> 
     </span>
    </p>
   </div>
   <div class='ocr_carea' id='block_1_50' title="bbox 468 3653 2039 3734">
    <p class='ocr_par' dir='ltr' id='par_1_50' title="bbox 468 3653 2039 3734">
     <span class='ocr_line' id='line_1_50' title="bbox 468 3653 2039 3734; baseline 0.014 -28"><span class='ocrx_word' id='word_1_333' title='bbox 468 3653 524 3706; x_wconf 85' lang='lat' dir='ltr'><strong>in</strong></span> <span class='ocrx_word' id='word_1_334' title='bbox 553 3657 760 3711; x_wconf 81' lang='lat' dir='ltr'><strong>nomine</strong></span> <span class='ocrx_word' id='word_1_335' title='bbox 785 3655 990 3723; x_wconf 81' lang='lat' dir='ltr'><strong>Patris,</strong></span> <span class='ocrx_word' id='word_1_336' title='bbox 1026 3669 1075 3713; x_wconf 87' lang='lat' dir='ltr'><strong>et</strong></span> <span class='ocrx_word' id='word_1_337' title='bbox 1107 3659 1260 3728; x_wconf 79' lang='lat' dir='ltr'><strong>Filii,</strong></span> <span class='ocrx_word' id='word_1_338' title='bbox 1295 3673 1343 3717; x_wconf 85' lang='lat' dir='ltr'><strong>et</strong></span> <span class='ocrx_word' id='word_1_339' title='bbox 1368 3663 1598 3734; x_wconf 79' lang='lat' dir='ltr'><strong>Spiritus</strong></span> <span class='ocrx_word' id='word_1_340' title='bbox 1624 3671 1792 3723; x_wconf 77' lang='lat' dir='ltr'><strong>sancti</strong></span> <span class='ocrx_word' id='word_1_341' title='bbox 1820 3671 2039 3727; x_wconf 78' lang='lat' dir='ltr'><strong>&quot;.Con-</strong></span> 
     </span>
    </p>
   </div>
   <div class='ocr_carea' id='block_1_51' title="bbox 470 3749 2036 3820">
    <p class='ocr_par' dir='ltr' id='par_1_51' title="bbox 470 3749 2036 3820">
     <span class='ocr_line' id='line_1_51' title="bbox 470 3749 2036 3820; baseline 0.014 -23"><span class='ocrx_word' id='word_1_342' title='bbox 470 3753 582 3798; x_wconf 84' lang='lat' dir='ltr'><strong>stat</strong></span> <span class='ocrx_word' id='word_1_343' title='bbox 611 3749 889 3815; x_wconf 90' lang='lat' dir='ltr'><strong>accepisse</strong></span> <span class='ocrx_word' id='word_1_344' title='bbox 920 3766 1016 3805; x_wconf 92' lang='lat' dir='ltr'><strong>nos</strong></span> <span class='ocrx_word' id='word_1_345' title='bbox 1048 3755 1382 3820; x_wconf 86' lang='lat' dir='ltr'><strong>mandatum,</strong></span> <span class='ocrx_word' id='word_1_346' title='bbox 1417 3772 1521 3812; x_wconf 89' lang='lat' dir='ltr'><strong>non</strong></span> <span class='ocrx_word' id='word_1_347' title='bbox 1550 3760 1723 3814; x_wconf 88' lang='lat' dir='ltr'><strong>solum</strong></span> <span class='ocrx_word' id='word_1_348' title='bbox 1749 3764 1850 3819; x_wconf 92' lang='lat' dir='ltr'><strong>hoc</strong></span> <span class='ocrx_word' id='word_1_349' title='bbox 1879 3765 2036 3819; x_wconf 88' lang='lat' dir='ltr'><strong>modo</strong></span> 
     </span>
    </p>
   </div>
   <div class='ocr_carea' id='block_1_52' title="bbox 476 3833 2038 3914">
    <p class='ocr_par' dir='ltr' id='par_1_52' title="bbox 476 3833 2038 3914">
     <span class='ocr_line' id='line_1_52' title="bbox 476 3833 2038 3914; baseline 0.014 -26"><span class='ocrx_word' id='word_1_350' title='bbox 476 3833 820 3907; x_wconf 87' lang='lat' dir='ltr'><strong>baptizandi,</strong></span> <span class='ocrx_word' id='word_1_351' title='bbox 857 3855 1044 3895; x_wconf 90' lang='lat' dir='ltr'><strong>verum</strong></span> <span class='ocrx_word' id='word_1_352' title='bbox 1077 3843 1236 3897; x_wconf 89' lang='lat' dir='ltr'><strong>etiam</strong></span> <span class='ocrx_word' id='word_1_353' title='bbox 1268 3848 1383 3914; x_wconf 84' lang='lat' dir='ltr'><strong>pari</strong></span> <span class='ocrx_word' id='word_1_354' title='bbox 1424 3852 1582 3904; x_wconf 90' lang='lat' dir='ltr'><strong>modo</strong></span> <span class='ocrx_word' id='word_1_355' title='bbox 1613 3851 1855 3908; x_wconf 89' lang='lat' dir='ltr'><strong>docendi.</strong></span> <span class='ocrx_word' id='word_1_356' title='bbox 1891 3855 2038 3910; x_wconf 85' lang='lat' dir='ltr'><strong>Adeo</strong></span> 
     </span>
    </p>
   </div>
   <div class='ocr_carea' id='block_1_53' title="bbox 470 3929 2040 4000">
    <p class='ocr_par' dir='ltr' id='par_1_53' title="bbox 470 3929 2040 4000">
     <span class='ocr_line' id='line_1_53' title="bbox 470 3929 2040 4000; baseline 0.013 -21"><span class='ocrx_word' id='word_1_357' title='bbox 470 3937 531 3980; x_wconf 89' lang='lat' dir='ltr'><strong>ut</strong></span> <span class='ocrx_word' id='word_1_358' title='bbox 567 3942 663 3996; x_wconf 90' lang='lat' dir='ltr'><strong>per</strong></span> <span class='ocrx_word' id='word_1_359' title='bbox 691 3929 790 3983; x_wconf 89' lang='lat' dir='ltr'><strong>hoc</strong></span> <span class='ocrx_word' id='word_1_360' title='bbox 819 3943 1167 4000; x_wconf 67' lang='lat' dir='ltr'><strong>praeceptum,</strong></span> <span class='ocrx_word' id='word_1_361' title='bbox 1223 3944 1332 3988; x_wconf 84' lang='lat' dir='ltr'><strong>tutu</strong></span> <span class='ocrx_word' id='word_1_362' title='bbox 1373 3935 1592 3994; x_wconf 84' lang='lat' dir='ltr'><strong>Sabellii</strong></span> <span class='ocrx_word' id='word_1_363' title='bbox 1649 3941 2040 4000; x_wconf 88' lang='lat' dir='ltr'><strong>intercludatur</strong></span> 
     </span>
    </p>
   </div>
   <div class='ocr_carea' id='block_1_54' title="bbox 471 4018 2033 4102">
    <p class='ocr_par' dir='ltr' id='par_1_54' title="bbox 471 4018 2033 4102">
     <span class='ocr_line' id='line_1_54' title="bbox 471 4018 2033 4102; baseline 0.013 -33"><span class='ocrx_word' id='word_1_364' title='bbox 471 4018 713 4082; x_wconf 90' lang='lat' dir='ltr'><strong>morbus,</strong></span> <span class='ocrx_word' id='word_1_365' title='bbox 750 4034 846 4088; x_wconf 91' lang='lat' dir='ltr'><strong>per</strong></span> <span class='ocrx_word' id='word_1_366' title='bbox 879 4029 987 4075; x_wconf 91' lang='lat' dir='ltr'><strong>tres</strong></span> <span class='ocrx_word' id='word_1_367' title='bbox 1027 4022 1344 4091; x_wconf 85' lang='lat' dir='ltr'><strong>hypostases</strong></span> <span class='ocrx_word' id='word_1_368' title='bbox 1390 4044 1522 4096; x_wconf 91' lang='lat' dir='ltr'><strong>pure</strong></span> <span class='ocrx_word' id='word_1_369' title='bbox 1569 4032 1725 4086; x_wconf 89' lang='lat' dir='ltr'><strong>nobis</strong></span> <span class='ocrx_word' id='word_1_370' title='bbox 1771 4034 2033 4102; x_wconf 88' lang='lat' dir='ltr'><strong>traditas;</strong></span> 
     </span>
    </p>
   </div>
   <div class='ocr_carea' id='block_1_55' title="bbox 471 4107 2040 4184">
    <p class='ocr_par' dir='ltr' id='par_1_55' title="bbox 471 4107 2040 4184">
     <span class='ocr_line' id='line_1_55' title="bbox 471 4107 2040 4184; baseline 0.013 -27"><span class='ocrx_word' id='word_1_371' title='bbox 471 4111 585 4158; x_wconf 92' lang='lat' dir='ltr'><strong>tum</strong></span> <span class='ocrx_word' id='word_1_372' title='bbox 633 4107 1016 4162; x_wconf 84' lang='lat' dir='ltr'><strong>Anomucorum</strong></span> <span class='ocrx_word' id='word_1_373' title='bbox 1049 4113 1482 4184; x_wconf 87' lang='lat' dir='ltr'><strong>Arianorumquc</strong></span> <span class='ocrx_word' id='word_1_374' title='bbox 1521 4129 1576 4172; x_wconf 92' lang='lat' dir='ltr'><strong>et</strong></span> <span class='ocrx_word' id='word_1_375' title='bbox 1629 4119 2040 4178; x_wconf 85' lang='lat' dir='ltr'><strong>Pneumatoma-</strong></span> 
     </span>
    </p>
   </div>
   <div class='ocr_carea' id='block_1_56' title="bbox 471 4195 2038 4280">
    <p class='ocr_par' dir='ltr' id='par_1_56' title="bbox 471 4195 2038 4280">
     <span class='ocr_line' id='line_1_56' title="bbox 471 4195 2038 4280; baseline 0.013 -31"><span class='ocrx_word' id='word_1_376' title='bbox 471 4195 695 4252; x_wconf 89' lang='lat' dir='ltr'><strong>chorum</strong></span> <span class='ocrx_word' id='word_1_377' title='bbox 721 4199 1039 4254; x_wconf 86' lang='lat' dir='ltr'><strong>obturentur</strong></span> <span class='ocrx_word' id='word_1_378' title='bbox 1078 4218 1210 4270; x_wconf 87' lang='lat' dir='ltr'><strong>ora;</strong></span> <span class='ocrx_word' id='word_1_379' title='bbox 1246 4205 1414 4261; x_wconf 84' lang='lat' dir='ltr'><strong>tribus</strong></span> <span class='ocrx_word' id='word_1_380' title='bbox 1440 4208 1654 4276; x_wconf 87' lang='lat' dir='ltr'><strong>quidem</strong></span> <span class='ocrx_word' id='word_1_381' title='bbox 1696 4215 1942 4280; x_wconf 88' lang='lat' dir='ltr'><strong>personis</strong></span> <span class='ocrx_word' id='word_1_382' title='bbox 1975 4231 2038 4271; x_wconf 88' lang='lat' dir='ltr'><strong>ac</strong></span> 
     </span>
    </p>
   </div>
   <div class='ocr_carea' id='block_1_57' title="bbox 471 4287 2036 4362">
    <p class='ocr_par' dir='ltr' id='par_1_57' title="bbox 471 4287 2036 4362">
     <span class='ocr_line' id='line_1_57' title="bbox 471 4287 2036 4362; baseline 0.012 -20"><span class='ocrx_word' id='word_1_383' title='bbox 471 4287 856 4357; x_wconf 81' lang='lat' dir='ltr'><strong>hypostasibus</strong></span> <span class='ocrx_word' id='word_1_384' title='bbox 891 4292 1199 4362; x_wconf 84' lang='lat' dir='ltr'><strong>declaratis,</strong></span> <span class='ocrx_word' id='word_1_385' title='bbox 1237 4313 1344 4351; x_wconf 87' lang='lat' dir='ltr'><strong>una</strong></span> <span class='ocrx_word' id='word_1_386' title='bbox 1373 4314 1501 4354; x_wconf 88' lang='lat' dir='ltr'><strong>vero</strong></span> <span class='ocrx_word' id='word_1_387' title='bbox 1531 4311 1727 4355; x_wconf 89' lang='lat' dir='ltr'><strong>natura</strong></span> <span class='ocrx_word' id='word_1_388' title='bbox 1753 4312 1807 4358; x_wconf 92' lang='lat' dir='ltr'><strong>et</strong></span> <span class='ocrx_word' id='word_1_389' title='bbox 1835 4304 2036 4360; x_wconf 88' lang='lat' dir='ltr'><strong>divini-</strong></span> 
     </span>
    </p>
   </div>
   <div class='ocr_carea' id='block_1_58' title="bbox 473 4381 2036 4460">
    <p class='ocr_par' dir='ltr' id='par_1_58' title="bbox 473 4381 2036 4460">
     <span class='ocr_line' id='line_1_58' title="bbox 473 4381 2036 4460; baseline 0.014 -28"><span class='ocrx_word' id='word_1_390' title='bbox 473 4389 584 4433; x_wconf 89' lang='lat' dir='ltr'><strong>tatc</strong></span> <span class='ocrx_word' id='word_1_391' title='bbox 623 4381 890 4439; x_wconf 82' lang='lat' dir='ltr'><strong>confessa.</strong></span> <span class='ocrx_word' id='word_1_392' title='bbox 943 4384 1300 4452; x_wconf 86' lang='lat' dir='ltr'><strong>Quamobrem</strong></span> <span class='ocrx_word' id='word_1_393' title='bbox 1353 4401 1566 4460; x_wconf 86' lang='lat' dir='ltr'><strong>oportet</strong></span> <span class='ocrx_word' id='word_1_394' title='bbox 1610 4409 1676 4448; x_wconf 90' lang='lat' dir='ltr'><strong>eo</strong></span> <span class='ocrx_word' id='word_1_395' title='bbox 1730 4413 1826 4452; x_wconf 87' lang='lat' dir='ltr'><strong>nos</strong></span> <span class='ocrx_word' id='word_1_396' title='bbox 1880 4400 2036 4454; x_wconf 92' lang='lat' dir='ltr'><strong>modo</strong></span> 
     </span>
    </p>
   </div>
   <div class='ocr_carea' id='block_1_59' title="bbox 469 4471 2035 4560">
    <p class='ocr_par' dir='ltr' id='par_1_59' title="bbox 469 4471 2035 4560">
     <span class='ocr_line' id='line_1_59' title="bbox 469 4471 2035 4560; baseline 0.012 -34"><span class='ocrx_word' id='word_1_397' title='bbox 469 4471 771 4542; x_wconf 85' lang='lat' dir='ltr'><strong>baptizare,</strong></span> <span class='ocrx_word' id='word_1_398' title='bbox 806 4490 911 4542; x_wconf 88' lang='lat' dir='ltr'><strong>quo</strong></span> <span class='ocrx_word' id='word_1_399' title='bbox 945 4477 1121 4532; x_wconf 90' lang='lat' dir='ltr'><strong>edocti</strong></span> <span class='ocrx_word' id='word_1_400' title='bbox 1148 4494 1354 4543; x_wconf 89' lang='lat' dir='ltr'><strong>sumus,</strong></span> <span class='ocrx_word' id='word_1_401' title='bbox 1381 4493 1547 4551; x_wconf 82' lang='lat' dir='ltr'><strong>atque</strong></span> <span class='ocrx_word' id='word_1_402' title='bbox 1572 4499 1636 4540; x_wconf 92' lang='lat' dir='ltr'><strong>eo</strong></span> <span class='ocrx_word' id='word_1_403' title='bbox 1663 4489 1904 4554; x_wconf 87' lang='lat' dir='ltr'><strong>credere,</strong></span> <span class='ocrx_word' id='word_1_404' title='bbox 1929 4505 2035 4560; x_wconf 85' lang='lat' dir='ltr'><strong>quo</strong></span> 
     </span>
    </p>
   </div>
   <div class='ocr_carea' id='block_1_60' title="bbox 473 4563 2324 4670">
    <p class='ocr_par' dir='ltr' id='par_1_60' title="bbox 473 4563 2324 4670">
     <span class='ocr_line' id='line_1_60' title="bbox 473 4563 2324 4670; baseline 0.011 -53"><span class='ocrx_word' id='word_1_405' title='bbox 473 4563 671 4618; x_wconf 79' lang='lat' dir='ltr'><strong>fuimus</strong></span> <span class='ocrx_word' id='word_1_406' title='bbox 695 4564 981 4635; x_wconf 87' lang='lat' dir='ltr'><strong>baptizati,</strong></span> <span class='ocrx_word' id='word_1_407' title='bbox 1008 4583 1074 4623; x_wconf 87' lang='lat' dir='ltr'><strong>eo</strong></span> <span class='ocrx_word' id='word_1_408' title='bbox 1106 4579 1283 4626; x_wconf 88' lang='lat' dir='ltr'><strong>autem</strong></span> <span class='ocrx_word' id='word_1_409' title='bbox 1317 4573 1642 4643; x_wconf 84' lang='lat' dir='ltr'><strong>gloriﬁcare,</strong></span> <span class='ocrx_word' id='word_1_410' title='bbox 1674 4593 1779 4648; x_wconf 91' lang='lat' dir='ltr'><strong>quo</strong></span> <span class='ocrx_word' id='word_1_411' title='bbox 1803 4582 2032 4636; x_wconf 87' lang='lat' dir='ltr'><strong>credidi-</strong></span> <span class='ocrx_word' id='word_1_412' title='bbox 2068 4610 2111 4665; x_wconf 75' lang='grc' dir='ltr'><strong>ι)</strong></span> <span class='ocrx_word' id='word_1_413' title='bbox 2139 4563 2237 4670; x_wconf 55' lang='grc' dir='ltr'><strong>τὴς</strong></span> <span class='ocrx_word' id='word_1_414' title='bbox 2269 4599 2324 4652; x_wconf 66' lang='grc' dir='ltr'>δὲ</span> 
     </span>
    </p>
   </div>
   <div class='ocr_carea' id='block_1_61' title="bbox 471 4656 2036 4734">
    <p class='ocr_par' dir='ltr' id='par_1_61' title="bbox 471 4656 2036 4734">
     <span class='ocr_line' id='line_1_61' title="bbox 471 4656 2036 4734; baseline 0.012 -25"><span class='ocrx_word' id='word_1_415' title='bbox 471 4672 611 4711; x_wconf 88' lang='lat' dir='ltr'><strong>mus.</strong></span> <span class='ocrx_word' id='word_1_416' title='bbox 661 4656 839 4711; x_wconf 78' lang='lat' dir='ltr'><strong>Multis</strong></span> <span class='ocrx_word' id='word_1_417' title='bbox 873 4659 1137 4728; x_wconf 89' lang='lat' dir='ltr'><strong>siquidem</strong></span> <span class='ocrx_word' id='word_1_418' title='bbox 1192 4675 1372 4720; x_wconf 87' lang='lat' dir='ltr'><strong>mente</strong></span> <span class='ocrx_word' id='word_1_419' title='bbox 1415 4667 1691 4734; x_wconf 83' lang='lat' dir='ltr'><strong>volutatis,</strong></span> <span class='ocrx_word' id='word_1_420' title='bbox 1729 4681 1784 4726; x_wconf 91' lang='lat' dir='ltr'><strong>et</strong></span> <span class='ocrx_word' id='word_1_421' title='bbox 1830 4673 1880 4726; x_wconf 93' lang='lat' dir='ltr'><strong>in</strong></span> <span class='ocrx_word' id='word_1_422' title='bbox 1919 4688 2036 4726; x_wconf 89' lang='lat' dir='ltr'><strong>om-</strong></span> 
     </span>
    </p>
   </div>
   <div class='ocr_carea' id='block_1_62' title="bbox 470 4755 2036 4836">
    <p class='ocr_par' dir='ltr' id='par_1_62' title="bbox 470 4755 2036 4836">
     <span class='ocr_line' id='line_1_62' title="bbox 470 4755 2036 4836; baseline 0.013 -32"><span class='ocrx_word' id='word_1_423' title='bbox 470 4765 568 4805; x_wconf 86' lang='lat' dir='ltr'><strong>nes</strong></span> <span class='ocrx_word' id='word_1_424' title='bbox 604 4762 782 4819; x_wconf 86' lang='lat' dir='ltr'><strong>partes</strong></span> <span class='ocrx_word' id='word_1_425' title='bbox 811 4755 1230 4822; x_wconf 77' lang='lat' dir='ltr'><strong>cogitationibus</strong></span> <span class='ocrx_word' id='word_1_426' title='bbox 1265 4763 1534 4826; x_wconf 86' lang='lat' dir='ltr'><strong>conversi,</strong></span> <span class='ocrx_word' id='word_1_427' title='bbox 1572 4765 1706 4818; x_wconf 93' lang='lat' dir='ltr'><strong>nihil</strong></span> <span class='ocrx_word' id='word_1_428' title='bbox 1748 4782 2036 4836; x_wconf 91' lang='lat' dir='ltr'><strong>possumus</strong></span> 
     </span>
    </p>
   </div>
   <div class='ocr_carea' id='block_1_63' title="bbox 469 4841 2033 4914">
    <p class='ocr_par' dir='ltr' id='par_1_63' title="bbox 469 4841 2033 4914">
     <span class='ocr_line' id='line_1_63' title="bbox 469 4841 2033 4914; baseline 0.014 -22"><span class='ocrx_word' id='word_1_429' title='bbox 469 4841 704 4895; x_wconf 88' lang='lat' dir='ltr'><strong>medium</strong></span> <span class='ocrx_word' id='word_1_430' title='bbox 754 4843 1040 4899; x_wconf 83' lang='lat' dir='ltr'><strong>advertere</strong></span> <span class='ocrx_word' id='word_1_431' title='bbox 1099 4847 1416 4904; x_wconf 88' lang='lat' dir='ltr'><strong>Creatorem</strong></span> <span class='ocrx_word' id='word_1_432' title='bbox 1455 4852 1595 4907; x_wconf 85' lang='lat' dir='ltr'><strong>inter</strong></span> <span class='ocrx_word' id='word_1_433' title='bbox 1626 4866 1680 4908; x_wconf 91' lang='lat' dir='ltr'><strong>et</strong></span> <span class='ocrx_word' id='word_1_434' title='bbox 1706 4867 2033 4914; x_wconf 89' lang='lat' dir='ltr'><strong>creaturam.</strong></span> 
     </span>
    </p>
   </div>
   <div class='ocr_carea' id='block_1_64' title="bbox 471 4930 2036 5014">
    <p class='ocr_par' dir='ltr' id='par_1_64' title="bbox 471 4930 2036 5014">
     <span class='ocr_line' id='line_1_64' title="bbox 471 4930 2036 5014; baseline 0.015 -31"><span class='ocrx_word' id='word_1_435' title='bbox 471 4930 735 4996; x_wconf 87' lang='lat' dir='ltr'><strong>Quocirca</strong></span> <span class='ocrx_word' id='word_1_436' title='bbox 763 4934 859 4989; x_wconf 85' lang='lat' dir='ltr'><strong>sia</strong></span> <span class='ocrx_word' id='word_1_437' title='bbox 887 4936 1170 4992; x_wconf 88' lang='lat' dir='ltr'><strong>divinitate</strong></span> <span class='ocrx_word' id='word_1_438' title='bbox 1199 4939 1458 5010; x_wconf 89' lang='lat' dir='ltr'><strong>Spiritum</strong></span> <span class='ocrx_word' id='word_1_439' title='bbox 1490 4944 1907 5014; x_wconf 80' lang='lat' dir='ltr'><strong>sejunxerimus,</strong></span> <span class='ocrx_word' id='word_1_440' title='bbox 1937 4967 2036 5006; x_wconf 86' lang='lat' dir='ltr'><strong>ne-</strong></span> 
     </span>
    </p>
   </div>
   <div class='ocr_carea' id='block_1_65' title="bbox 467 5026 2035 5098">
    <p class='ocr_par' dir='ltr' id='par_1_65' title="bbox 467 5026 2035 5098">
     <span class='ocr_line' id='line_1_65' title="bbox 467 5026 2035 5098; baseline 0.012 -19"><span class='ocrx_word' id='word_1_441' title='bbox 467 5026 711 5081; x_wconf 82' lang='lat' dir='ltr'><strong>cessario</strong></span> <span class='ocrx_word' id='word_1_442' title='bbox 738 5027 887 5082; x_wconf 90' lang='lat' dir='ltr'><strong>illum</strong></span> <span class='ocrx_word' id='word_1_443' title='bbox 912 5043 1035 5083; x_wconf 91' lang='lat' dir='ltr'><strong>cum</strong></span> <span class='ocrx_word' id='word_1_444' title='bbox 1067 5034 1336 5088; x_wconf 89' lang='lat' dir='ltr'><strong>creaturis</strong></span> <span class='ocrx_word' id='word_1_445' title='bbox 1370 5036 1630 5093; x_wconf 86' lang='lat' dir='ltr'><strong>debemus</strong></span> <span class='ocrx_word' id='word_1_446' title='bbox 1658 5055 2035 5098; x_wconf 83' lang='lat' dir='ltr'><strong>annumerare.</strong></span> 
     </span>
    </p>
   </div>
   <div class='ocr_carea' id='block_1_66' title="bbox 469 5119 2041 5204">
    <p class='ocr_par' dir='ltr' id='par_1_66' title="bbox 469 5119 2041 5204">
     <span class='ocr_line' id='line_1_66' title="bbox 469 5119 2041 5204; baseline 0.012 -33"><span class='ocrx_word' id='word_1_447' title='bbox 469 5119 622 5184; x_wconf 87' lang='lat' dir='ltr'><strong>Quod</strong></span> <span class='ocrx_word' id='word_1_448' title='bbox 661 5120 706 5175; x_wconf 91' lang='lat' dir='ltr'><strong>si</strong></span> <span class='ocrx_word' id='word_1_449' title='bbox 747 5120 865 5175; x_wconf 89' lang='lat' dir='ltr'><strong>ausi</strong></span> <span class='ocrx_word' id='word_1_450' title='bbox 903 5120 1166 5180; x_wconf 81' lang='lat' dir='ltr'><strong>fuerimus</strong></span> <span class='ocrx_word' id='word_1_451' title='bbox 1209 5139 1517 5184; x_wconf 82' lang='lat' dir='ltr'><strong>creaturam</strong></span> <span class='ocrx_word' id='word_1_452' title='bbox 1565 5131 1768 5199; x_wconf 88' lang='lat' dir='ltr'><strong>dicere,</strong></span> <span class='ocrx_word' id='word_1_453' title='bbox 1800 5135 1890 5204; x_wconf 90' lang='lat' dir='ltr'><strong>qui</strong></span> <span class='ocrx_word' id='word_1_454' title='bbox 1927 5136 2041 5192; x_wconf 87' lang='lat' dir='ltr'><strong>ﬁeri</strong></span> 
     </span>
    </p>
   </div>
   <div class='ocr_carea' id='block_1_67' title="bbox 559 5277 1124 5346">
    <p class='ocr_par' dir='ltr' id='par_1_67' title="bbox 559 5277 1124 5346">
     <span class='ocr_line' id='line_1_67' title="bbox 559 5277 1124 5346; baseline 0.011 -15"><span class='ocrx_word' id='word_1_455' title='bbox 559 5277 583 5310; x_wconf 84' lang='grc'><strong>⁹</strong></span> <span class='ocrx_word' id='word_1_456' title='bbox 607 5278 792 5334; x_wconf 83' lang='lat' dir='ltr'><strong>Matth.</strong></span> <span class='ocrx_word' id='word_1_457' title='bbox 819 5297 1009 5346; x_wconf 76' lang='lat' dir='ltr'><strong>XXVIII,</strong></span> <span class='ocrx_word' id='word_1_458' title='bbox 1039 5284 1124 5340; x_wconf 78' lang='grc'><strong>19.</strong></span> 
     </span>
    </p>
   </div>
   <div class='ocr_carea' id='block_1_68' title="bbox 548 5436 1406 5510">
    <p class='ocr_par' dir='ltr' id='par_1_68' title="bbox 548 5436 1406 5510">
     <span class='ocr_line' id='line_1_68' title="bbox 548 5436 1406 5510; baseline 0.015 -21"><span class='ocrx_word' id='word_1_459' title='bbox 689 5437 742 5510; x_wconf 69' lang='grc' dir='ltr'><strong>ιιι</strong></span> <span class='ocrx_word' id='word_1_460' title='bbox 767 5450 871 5504; x_wconf 87' lang='lat' dir='ltr'><strong>est,</strong></span> <span class='ocrx_word' id='word_1_461' title='bbox 904 5442 966 5492; x_wconf 79' lang='lat' dir='ltr'><strong>de</strong></span> <span class='ocrx_word' id='word_1_462' title='bbox 982 5441 1184 5510; x_wconf 83' lang='lat' dir='ltr'><strong>Spiritu</strong></span> <span class='ocrx_word' id='word_1_463' title='bbox 1208 5459 1406 5502; x_wconf 80' lang='lat' dir='ltr'><strong>sancto.</strong></span> 
     </span>
    </p>
   </div>
   <div class='ocr_carea' id='block_1_69' title="bbox 513 5508 1450 5643">
    <p class='ocr_par' dir='ltr' id='par_1_69' title="bbox 513 5508 1450 5643">
     <span class='ocr_line' id='line_1_69' title="bbox 513 5508 1450 5643; baseline 0.012 -82"><span class='ocrx_word' id='word_1_464' title='bbox 513 5509 656 5643; x_wconf 68' lang='grc' dir='ltr'><strong>’(9οζ</strong></span> <span class='ocrx_word' id='word_1_465' title='bbox 675 5508 754 5561; x_wconf 81' lang='lat' dir='ltr'><strong>Al.</strong></span> <span class='ocrx_word' id='word_1_466' title='bbox 796 5513 917 5563; x_wconf 81' lang='lat' dir='ltr'><strong>add.</strong></span> <span class='ocrx_word' id='word_1_467' title='bbox 939 5528 996 5564; x_wconf 89' lang='grc' dir='ltr'><strong>τε</strong></span> <span class='ocrx_word' id='word_1_468' title='bbox 1025 5508 1121 5565; x_wconf 76' lang='grc' dir='ltr'><strong>καὶ</strong></span> <span class='ocrx_word' id='word_1_469' title='bbox 1141 5515 1450 5574; x_wconf 82' lang='grc' dir='ltr'>ἀσάλευτον.</span> 
     </span>
     <span class='ocr_line' id='line_1_70' title="bbox 543 5577 1450 5643; baseline 0.013 -12"><span class='ocrx_word' id='word_1_470' title='bbox 543 5577 625 5643; x_wconf 79' lang='grc'><strong>(91</strong></span> <span class='ocrx_word' id='word_1_471' title='bbox 679 5580 966 5643; x_wconf 81' lang='grc' dir='ltr'>Εῦχομαι.</span> <span class='ocrx_word' id='word_1_472' title='bbox 998 5581 1158 5639; x_wconf 83' lang='lat' dir='ltr'><strong>Forte</strong></span> <span class='ocrx_word' id='word_1_473' title='bbox 1182 5590 1450 5643; x_wconf 62' lang='grc' dir='ltr'>εὐχόμεθα</span> 
     </span>
    </p>
   </div>
   <div class='ocr_carea' id='block_1_70' title="bbox 543 5577 1471 5660">
    <p class='ocr_par' dir='ltr' id='par_1_70' title="bbox 543 5577 1471 5660">
     <span class='ocr_line' id='line_1_71' title="bbox 543 5577 1471 5660; baseline -0.012 -20"><span class='ocrx_word' id='word_1_474' title='bbox 679 5580 966 5660; x_wconf 63' lang='grc' dir='ltr'>ῌρχομαι.</span> <span class='ocrx_word' id='word_1_475' title='bbox 982 5581 1158 5660; x_wconf 82' lang='lat' dir='ltr'><strong>_Forte</strong></span> <span class='ocrx_word' id='word_1_476' title='bbox 1182 5590 1471 5660; x_wconf 62' lang='grc' dir='ltr'>εὐχόμεθα,</span> 
     </span>
    </p>
   </div>
   <div class='ocr_carea' id='block_1_71' title="bbox 539 5648 1056 5724">
    <p class='ocr_par' dir='ltr' id='par_1_71' title="bbox 539 5648 1056 5724">
     <span class='ocr_line' id='line_1_72' title="bbox 539 5648 1056 5724; baseline 0.008 -22"><span class='ocrx_word' id='word_1_477' title='bbox 681 5651 764 5704; x_wconf 85' lang='lat' dir='ltr'><strong>Al.</strong></span> <span class='ocrx_word' id='word_1_478' title='bbox 806 5653 902 5704; x_wconf 88' lang='lat' dir='ltr'><strong>ius.</strong></span> <span class='ocrx_word' id='word_1_479' title='bbox 928 5653 1056 5724; x_wconf 87' lang='grc' dir='ltr'>γάρ.</span> 
     </span>
    </p>
   </div>
   <div class='ocr_carea' id='block_1_72' title="bbox 541 5718 2033 5795">
    <p class='ocr_par' dir='ltr' id='par_1_72' title="bbox 541 5718 2033 5795">
     <span class='ocr_line' id='line_1_73' title="bbox 541 5718 2033 5795; baseline 0.015 -24"><span class='ocrx_word' id='word_1_480' title='bbox 541 5718 652 5790; x_wconf 76' lang='grc'><strong>(95)</strong></span> <span class='ocrx_word' id='word_1_481' title='bbox 680 5718 1074 5795; x_wconf 55' lang='grc' dir='ltr'>Πορευθέντες</span> <span class='ocrx_word' id='word_1_482' title='bbox 1096 5730 1530 5795; x_wconf 81' lang='grc' dir='ltr'>μαθητεύσατε.</span> <span class='ocrx_word' id='word_1_483' title='bbox 1564 5734 1635 5787; x_wconf 88' lang='lat' dir='ltr'><strong>lta</strong></span> <span class='ocrx_word' id='word_1_484' title='bbox 1664 5737 1813 5790; x_wconf 91' lang='lat' dir='ltr'><strong>multi</strong></span> <span class='ocrx_word' id='word_1_485' title='bbox 1843 5737 2033 5794; x_wconf 80' lang='lat' dir='ltr'><strong>Matth.</strong></span> 
     </span>
    </p>
   </div>
   <div class='ocr_carea' id='block_1_73' title="bbox 471 5793 2035 5869">
    <p class='ocr_par' dir='ltr' id='par_1_73' title="bbox 471 5793 2035 5869">
     <span class='ocr_line' id='line_1_74' title="bbox 471 5793 2035 5869; baseline 0.015 -30"><span class='ocrx_word' id='word_1_486' title='bbox 471 5793 917 5869; x_wconf 40' lang='lat' dir='ltr'><strong>-xx_v-ttt,__1_9._Alii</strong></span> <span class='ocrx_word' id='word_1_487' title='bbox 958 5793 1379 5869; x_wconf 31' lang='lat' dir='ltr'><strong>Ainselunt,‘oﬁv,</strong></span> <span class='ocrx_word' id='word_1_488' title='bbox 1416 5804 1528 5866; x_wconf 88' lang='lat' dir='ltr'><strong>alii,</strong></span> <span class='ocrx_word' id='word_1_489' title='bbox 1555 5803 1670 5869; x_wconf 89' lang='grc' dir='ltr'>νῦν,</span> <span class='ocrx_word' id='word_1_490' title='bbox 1703 5817 1760 5858; x_wconf 92' lang='lat' dir='ltr'><strong>ut</strong></span> <span class='ocrx_word' id='word_1_491' title='bbox 1802 5793 2035 5862; x_wconf 83' lang='lat' dir='ltr'><strong>Hilarius</strong></span> 
     </span>
    </p>
   </div>
   <div class='ocr_carea' id='block_1_74' title="bbox 472 5859 2029 5941">
    <p class='ocr_par' dir='ltr' id='par_1_74' title="bbox 472 5859 2029 5941">
     <span class='ocr_line' id='line_1_75' title="bbox 472 5859 2029 5941; baseline 0.01 -24"><span class='ocrx_word' id='word_1_492' title='bbox 472 5859 626 5917; x_wconf 84' lang='lat' dir='ltr'><strong>initio</strong></span> <span class='ocrx_word' id='word_1_493' title='bbox 683 5861 802 5918; x_wconf 90' lang='lat' dir='ltr'><strong>libri</strong></span> <span class='ocrx_word' id='word_1_494' title='bbox 857 5880 895 5918; x_wconf 85' lang='lat' dir='ltr'><strong>tt</strong></span> <span class='ocrx_word' id='word_1_495' title='bbox 948 5863 1019 5920; x_wconf 90' lang='lat' dir='ltr'><strong>De</strong></span> <span class='ocrx_word' id='word_1_496' title='bbox 1071 5859 1446 5938; x_wconf 47' lang='lat' dir='ltr'><strong>Trinitate,&#39;et</strong></span> <span class='ocrx_word' id='word_1_497' title='bbox 1486 5859 1551 5929; x_wconf 79' lang='lat' dir='ltr'><strong>ad</strong></span> <span class='ocrx_word' id='word_1_498' title='bbox 1598 5859 1744 5930; x_wconf 50' lang='lat' dir='ltr'><strong>l’s&#39;al.</strong></span> <span class='ocrx_word' id='word_1_499' title='bbox 1792 5859 2029 5941; x_wconf 26' lang='lat' dir='ltr'><strong>arm-7:</strong></span> 
     </span>
    </p>
   </div>
   <div class='ocr_carea' id='block_1_75' title="bbox 2145 2030 3719 2108">
    <p class='ocr_par' dir='ltr' id='par_1_75' title="bbox 2145 2030 3719 2108">
     <span class='ocr_line' id='line_1_76' title="bbox 2145 2030 3719 2108; baseline 0.004 -26"><span class='ocrx_word' id='word_1_500' title='bbox 2145 2031 2274 2099; x_wconf 77' lang='grc' dir='ltr'>πρὶν</span> <span class='ocrx_word' id='word_1_501' title='bbox 2321 2030 2518 2094; x_wconf 86' lang='grc' dir='ltr'>τελέως</span> <span class='ocrx_word' id='word_1_502' title='bbox 2551 2031 2982 2102; x_wconf 82' lang='grc' dir='ltr'>ἐκτραχυνθῆναι</span> <span class='ocrx_word' id='word_1_503' title='bbox 3032 2032 3128 2104; x_wconf 86' lang='grc' dir='ltr'><strong>τὴν</strong></span> <span class='ocrx_word' id='word_1_504' title='bbox 3183 2034 3442 2089; x_wconf 82' lang='grc' dir='ltr'>ἄκανθαν.</span> <span class='ocrx_word' id='word_1_505' title='bbox 3491 2038 3719 2108; x_wconf 86' lang='grc' dir='ltr'>Σεσιγη-</span> 
     </span>
    </p>
   </div>
   <div class='ocr_carea' id='block_1_76' title="bbox 2148 2119 3720 2199">
    <p class='ocr_par' dir='ltr' id='par_1_76' title="bbox 2148 2119 3720 2199">
     <span class='ocr_line' id='line_1_77' title="bbox 2148 2119 3720 2199; baseline 0.006 -27"><span class='ocrx_word' id='word_1_506' title='bbox 2148 2119 2308 2189; x_wconf 83' lang='grc' dir='ltr'>μένου</span> <span class='ocrx_word' id='word_1_507' title='bbox 2332 2121 2388 2174; x_wconf 86' lang='grc' dir='ltr'>δὲ</span> <span class='ocrx_word' id='word_1_508' title='bbox 2421 2121 2725 2192; x_wconf 86' lang='grc' dir='ltr'>τηνικαῦτα</span> <span class='ocrx_word' id='word_1_509' title='bbox 2751 2122 2844 2175; x_wconf 92' lang='grc' dir='ltr'><strong>τοῦ</strong></span> <span class='ocrx_word' id='word_1_510' title='bbox 2875 2123 3018 2176; x_wconf 83' lang='grc' dir='ltr'>κατὰ</span> <span class='ocrx_word' id='word_1_511' title='bbox 3045 2125 3104 2177; x_wconf 88' lang='grc' dir='ltr'><strong>τὸ</strong></span> <span class='ocrx_word' id='word_1_512' title='bbox 3133 2124 3358 2196; x_wconf 82' lang='grc' dir='ltr'>Πνεῦμα</span> <span class='ocrx_word' id='word_1_513' title='bbox 3389 2124 3720 2199; x_wconf 78' lang='grc' dir='ltr'>ζητήματος,</span> 
     </span>
    </p>
   </div>
   <div class='ocr_carea' id='block_1_77' title="bbox 2143 2215 3723 2290">
    <p class='ocr_par' dir='ltr' id='par_1_77' title="bbox 2143 2215 3723 2290">
     <span class='ocr_line' id='line_1_78' title="bbox 2143 2215 3723 2290; baseline 0.004 -22"><span class='ocrx_word' id='word_1_514' title='bbox 2143 2215 2230 2268; x_wconf 76' lang='grc' dir='ltr'><strong>διὰ</strong></span> <span class='ocrx_word' id='word_1_515' title='bbox 2277 2215 2434 2268; x_wconf 90' lang='grc' dir='ltr'>τοῦτο</span> <span class='ocrx_word' id='word_1_516' title='bbox 2477 2217 2810 2287; x_wconf 82' lang='grc' dir='ltr'>πλατύτερον</span> <span class='ocrx_word' id='word_1_517' title='bbox 2857 2218 2953 2288; x_wconf 83' lang='grc' dir='ltr'><strong>μὲν</strong></span> <span class='ocrx_word' id='word_1_518' title='bbox 2995 2217 3144 2271; x_wconf 74' lang='grc' dir='ltr'>οὐδὲν</span> <span class='ocrx_word' id='word_1_519' title='bbox 3195 2219 3565 2290; x_wconf 80' lang='grc' dir='ltr'>προσέθεσαν·</span> <span class='ocrx_word' id='word_1_520' title='bbox 3608 2225 3723 2285; x_wconf 86' lang='grc' dir='ltr'>τοῖς</span> 
     </span>
    </p>
   </div>
   <div class='ocr_carea' id='block_1_78' title="bbox 2147 2305 3724 2381">
    <p class='ocr_par' dir='ltr' id='par_1_78' title="bbox 2147 2305 3724 2381">
     <span class='ocr_line' id='line_1_79' title="bbox 2147 2305 3724 2381; baseline 0.004 -23"><span class='ocrx_word' id='word_1_521' title='bbox 2147 2305 2328 2376; x_wconf 89' lang='grc' dir='ltr'>μέντοι</span> <span class='ocrx_word' id='word_1_522' title='bbox 2368 2323 2430 2374; x_wconf 82' lang='grc' dir='ltr'><strong>γε</strong></span> <span class='ocrx_word' id='word_1_523' title='bbox 2483 2307 2722 2370; x_wconf 79' lang='grc' dir='ltr'>συνετῶς</span> <span class='ocrx_word' id='word_1_524' title='bbox 2768 2306 3251 2376; x_wconf 83' lang='grc' dir='ltr'>ἀναγινώσκουσιν,</span> <span class='ocrx_word' id='word_1_525' title='bbox 3296 2309 3578 2381; x_wconf 80' lang='grc' dir='ltr'>αὐτάρκης</span> <span class='ocrx_word' id='word_1_526' title='bbox 3627 2311 3724 2364; x_wconf 74' lang='grc' dir='ltr'><strong>καὶ</strong></span> 
     </span>
    </p>
   </div>
   <div class='ocr_carea' id='block_1_79' title="bbox 2142 2397 3724 2473">
    <p class='ocr_par' dir='ltr' id='par_1_79' title="bbox 2142 2397 3724 2473">
     <span class='ocr_line' id='line_1_80' title="bbox 2142 2397 3724 2473; baseline 0.004 -24"><span class='ocrx_word' id='word_1_527' title='bbox 2142 2399 2176 2467; x_wconf 82' lang='grc' dir='ltr'>ἡ</span> <span class='ocrx_word' id='word_1_528' title='bbox 2208 2399 2335 2468; x_wconf 74' lang='grc' dir='ltr'>περὶ</span> <span class='ocrx_word' id='word_1_529' title='bbox 2367 2397 2460 2450; x_wconf 89' lang='grc' dir='ltr'><strong>τοῦ</strong></span> <span class='ocrx_word' id='word_1_530' title='bbox 2505 2397 2822 2469; x_wconf 87' lang='grc' dir='ltr'>Πνεύματος</span> <span class='ocrx_word' id='word_1_531' title='bbox 2849 2402 2906 2452; x_wconf 80' lang='grc' dir='ltr'><strong>ἐν</strong></span> <span class='ocrx_word' id='word_1_532' title='bbox 2937 2400 3122 2473; x_wconf 86' lang='grc' dir='ltr'>ἐκείνῃ</span> <span class='ocrx_word' id='word_1_533' title='bbox 3146 2403 3212 2472; x_wconf 78' lang='grc' dir='ltr'>τῇ</span> <span class='ocrx_word' id='word_1_534' title='bbox 3259 2402 3439 2455; x_wconf 83' lang='grc' dir='ltr'>πίστει</span> <span class='ocrx_word' id='word_1_535' title='bbox 3468 2402 3724 2456; x_wconf 78' lang='grc' dir='ltr'>διδασκα-</span> 
     </span>
    </p>
   </div>
   <div class='ocr_carea' id='block_1_80' title="bbox 2143 2488 3718 2562">
    <p class='ocr_par' dir='ltr' id='par_1_80' title="bbox 2143 2488 3718 2562">
     <span class='ocr_line' id='line_1_81' title="bbox 2143 2488 3718 2562; baseline 0.004 -22"><span class='ocrx_word' id='word_1_536' title='bbox 2143 2488 2253 2542; x_wconf 90' lang='grc' dir='ltr'>λία.</span> <span class='ocrx_word' id='word_1_537' title='bbox 2309 2489 2521 2559; x_wconf 81' lang='grc' dir='ltr'>Ὥσπερ</span> <span class='ocrx_word' id='word_1_538' title='bbox 2556 2489 2668 2558; x_wconf 63' lang='lat' dir='ltr'><strong>(9i)</strong></span> <span class='ocrx_word' id='word_1_539' title='bbox 2724 2492 2804 2553; x_wconf 81' lang='grc' dir='ltr'><strong>εἰς</strong></span> <span class='ocrx_word' id='word_1_540' title='bbox 2852 2490 3070 2562; x_wconf 81' lang='grc' dir='ltr'>Πατέρα</span> <span class='ocrx_word' id='word_1_541' title='bbox 3115 2495 3205 2544; x_wconf 78' lang='grc' dir='ltr'>καὶ</span> <span class='ocrx_word' id='word_1_542' title='bbox 3247 2493 3374 2546; x_wconf 80' lang='grc' dir='ltr'>Υίδν</span> <span class='ocrx_word' id='word_1_543' title='bbox 3425 2495 3718 2556; x_wconf 84' lang='grc' dir='ltr'>πιστεύειν,</span> 
     </span>
    </p>
   </div>
   <div class='ocr_carea' id='block_1_81' title="bbox 2142 2581 3715 2656">
    <p class='ocr_par' dir='ltr' id='par_1_81' title="bbox 2142 2581 3715 2656">
     <span class='ocr_line' id='line_1_82' title="bbox 2142 2581 3715 2656; baseline 0.003 -22"><span class='ocrx_word' id='word_1_544' title='bbox 2142 2581 2282 2634; x_wconf 82' lang='grc' dir='ltr'>οὕτω</span> <span class='ocrx_word' id='word_1_545' title='bbox 2330 2583 2423 2634; x_wconf 75' lang='grc' dir='ltr'><strong>καὶ</strong></span> <span class='ocrx_word' id='word_1_546' title='bbox 2471 2583 2550 2646; x_wconf 85' lang='grc' dir='ltr'><strong>είς</strong></span> <span class='ocrx_word' id='word_1_547' title='bbox 2595 2583 2655 2634; x_wconf 81' lang='grc' dir='ltr'><strong>τὸ</strong></span> <span class='ocrx_word' id='word_1_548' title='bbox 2717 2582 2938 2654; x_wconf 79' lang='grc' dir='ltr'>Πνεῦμα</span> <span class='ocrx_word' id='word_1_549' title='bbox 2994 2584 3269 2637; x_wconf 85' lang='grc' dir='ltr'>πιστεύειν</span> <span class='ocrx_word' id='word_1_550' title='bbox 3319 2586 3715 2656; x_wconf 69' lang='grc' dir='ltr'>ἐδογμάτισανσ</span> 
     </span>
    </p>
   </div>
   <div class='ocr_carea' id='block_1_82' title="bbox 2145 2673 3720 2748">
    <p class='ocr_par' dir='ltr' id='par_1_82' title="bbox 2145 2673 3720 2748">
     <span class='ocr_line' id='line_1_83' title="bbox 2145 2673 3720 2748; baseline 0.003 -23"><span class='ocrx_word' id='word_1_551' title='bbox 2145 2674 2280 2744; x_wconf 84' lang='grc' dir='ltr'>μήτε</span> <span class='ocrx_word' id='word_1_552' title='bbox 2312 2673 2503 2744; x_wconf 77' lang='grc' dir='ltr'>ἑτέραν</span> <span class='ocrx_word' id='word_1_553' title='bbox 2550 2673 2673 2727; x_wconf 80' lang='grc' dir='ltr'>τινὰ</span> <span class='ocrx_word' id='word_1_554' title='bbox 2711 2673 2873 2742; x_wconf 74' lang='grc' dir='ltr'>φύσιν</span> <span class='ocrx_word' id='word_1_555' title='bbox 2919 2675 3304 2744; x_wconf 72' lang='grc' dir='ltr'>ἐπεισάγοντες</span> <span class='ocrx_word' id='word_1_556' title='bbox 3345 2679 3411 2747; x_wconf 79' lang='grc' dir='ltr'>τῇ</span> <span class='ocrx_word' id='word_1_557' title='bbox 3459 2677 3578 2748; x_wconf 80' lang='grc' dir='ltr'>θείᾳ</span> <span class='ocrx_word' id='word_1_558' title='bbox 3625 2679 3720 2730; x_wconf 80' lang='grc' dir='ltr'><strong>καὶ</strong></span> 
     </span>
    </p>
   </div>
   <div class='ocr_carea' id='block_1_83' title="bbox 2145 2763 3718 2838">
    <p class='ocr_par' dir='ltr' id='par_1_83' title="bbox 2145 2763 3718 2838">
     <span class='ocr_line' id='line_1_84' title="bbox 2145 2763 3718 2838; baseline 0.004 -22"><span class='ocrx_word' id='word_1_559' title='bbox 2145 2763 2389 2837; x_wconf 62' lang='grc' dir='ltr'>μακαρία</span> <span class='ocrx_word' id='word_1_560' title='bbox 2420 2764 2609 2834; x_wconf 84' lang='grc' dir='ltr'>Τριάδι</span> <span class='ocrx_word' id='word_1_561' title='bbox 2637 2781 2652 2795; x_wconf 82' lang='lat'><strong><em>°</em></strong></span> <span class='ocrx_word' id='word_1_562' title='bbox 2686 2766 2823 2834; x_wconf 84' lang='grc' dir='ltr'>μήτε</span> <span class='ocrx_word' id='word_1_563' title='bbox 2851 2781 2900 2816; x_wconf 89' lang='grc' dir='ltr'><strong>τι</strong></span> <span class='ocrx_word' id='word_1_564' title='bbox 2933 2765 3041 2817; x_wconf 90' lang='grc' dir='ltr'><strong>τῶν</strong></span> <span class='ocrx_word' id='word_1_565' title='bbox 3089 2767 3153 2817; x_wconf 88' lang='grc' dir='ltr'><strong>ἐκ</strong></span> <span class='ocrx_word' id='word_1_566' title='bbox 3181 2769 3279 2837; x_wconf 75' lang='grc' dir='ltr'>τῆς</span> <span class='ocrx_word' id='word_1_567' title='bbox 3314 2767 3545 2838; x_wconf 82' lang='grc' dir='ltr'>Τριάδος</span> <span class='ocrx_word' id='word_1_568' title='bbox 3581 2769 3718 2822; x_wconf 82' lang='grc' dir='ltr'>ἀπο-</span> 
     </span>
    </p>
   </div>
   <div class='ocr_carea' id='block_1_84' title="bbox 2138 2853 3720 2926">
    <p class='ocr_par' dir='ltr' id='par_1_84' title="bbox 2138 2853 3720 2926">
     <span class='ocr_line' id='line_1_85' title="bbox 2138 2853 3720 2926; baseline 0.006 -21"><span class='ocrx_word' id='word_1_569' title='bbox 2138 2853 2444 2922; x_wconf 82' lang='grc' dir='ltr'>τέμνοντες,</span> <span class='ocrx_word' id='word_1_570' title='bbox 2487 2856 2567 2917; x_wconf 84' lang='grc' dir='ltr'><strong>είς</strong></span> <span class='ocrx_word' id='word_1_571' title='bbox 2614 2855 2712 2925; x_wconf 76' lang='grc' dir='ltr'><strong>τὴν</strong></span> <span class='ocrx_word' id='word_1_572' title='bbox 2762 2856 2860 2926; x_wconf 82' lang='grc' dir='ltr'>τῆς</span> <span class='ocrx_word' id='word_1_573' title='bbox 2914 2856 3149 2920; x_wconf 85' lang='grc' dir='ltr'>πίστεως</span> <span class='ocrx_word' id='word_1_574' title='bbox 3195 2857 3428 2910; x_wconf 74' lang='grc' dir='ltr'>ἔκθεσιν.</span> <span class='ocrx_word' id='word_1_575' title='bbox 3482 2861 3633 2913; x_wconf 76' lang='grc' dir='ltr'>Ἐπεὶ</span> <span class='ocrx_word' id='word_1_576' title='bbox 3662 2861 3720 2914; x_wconf 82' lang='grc' dir='ltr'>δὲ</span> 
     </span>
    </p>
   </div>
   <div class='ocr_carea' id='block_1_85' title="bbox 2077 2946 3718 3023">
    <p class='ocr_par' dir='ltr' id='par_1_85' title="bbox 2077 2946 3718 3023">
     <span class='ocr_line' id='line_1_86' title="bbox 2077 2946 3718 3023; baseline 0.005 -26"><span class='ocrx_word' id='word_1_577' title='bbox 2077 2979 2084 2988; x_wconf 69' lang='grc' dir='ltr'><strong>ς</strong></span> <span class='ocrx_word' id='word_1_578' title='bbox 2141 2946 2452 3014; x_wconf 82' lang='grc' dir='ltr'>πρόσφατον</span> <span class='ocrx_word' id='word_1_579' title='bbox 2502 2949 2530 3000; x_wconf 82' lang='grc' dir='ltr'>ὁ</span> <span class='ocrx_word' id='word_1_580' title='bbox 2579 2948 2821 3010; x_wconf 81' lang='grc' dir='ltr'>Σατανᾶς</span> <span class='ocrx_word' id='word_1_581' title='bbox 2859 2948 3196 3002; x_wconf 84' lang='grc' dir='ltr'>διασαλεύειν</span> <span class='ocrx_word' id='word_1_582' title='bbox 3247 2951 3346 3014; x_wconf 82' lang='grc' dir='ltr'>τὰς</span> <span class='ocrx_word' id='word_1_583' title='bbox 3391 2953 3718 3023; x_wconf 84' lang='grc' dir='ltr'>Ἐκκλησίας</span> 
     </span>
    </p>
   </div>
   <div class='ocr_carea' id='block_1_86' title="bbox 2141 3037 3718 3112">
    <p class='ocr_par' dir='ltr' id='par_1_86' title="bbox 2141 3037 3718 3112">
     <span class='ocr_line' id='line_1_87' title="bbox 2141 3037 3718 3112; baseline 0.006 -24"><span class='ocrx_word' id='word_1_584' title='bbox 2141 3037 2456 3107; x_wconf 75' lang='grc' dir='ltr'>ἐπιχειρῶν,</span> <span class='ocrx_word' id='word_1_585' title='bbox 2487 3038 2709 3091; x_wconf 79' lang='grc' dir='ltr'>ἐνέϐαλέ</span> <span class='ocrx_word' id='word_1_586' title='bbox 2743 3056 2854 3090; x_wconf 89' lang='grc' dir='ltr'>τισι</span> <span class='ocrx_word' id='word_1_587' title='bbox 2898 3040 3026 3110; x_wconf 73' lang='grc' dir='ltr'>περὶ</span> <span class='ocrx_word' id='word_1_588' title='bbox 3059 3041 3154 3093; x_wconf 89' lang='grc' dir='ltr'><strong>τοῦ</strong></span> <span class='ocrx_word' id='word_1_589' title='bbox 3183 3042 3501 3112; x_wconf 84' lang='grc' dir='ltr'>Πνεύματος</span> <span class='ocrx_word' id='word_1_590' title='bbox 3532 3044 3718 3098; x_wconf 84' lang='grc' dir='ltr'>διστα-</span> 
     </span>
    </p>
   </div>
   <div class='ocr_carea' id='block_1_87' title="bbox 2139 3129 3720 3207">
    <p class='ocr_par' dir='ltr' id='par_1_87' title="bbox 2139 3129 3720 3207">
     <span class='ocr_line' id='line_1_88' title="bbox 2139 3129 3720 3207; baseline 0.007 -28"><span class='ocrx_word' id='word_1_591' title='bbox 2139 3129 2312 3197; x_wconf 80' lang='grc' dir='ltr'>γμὸν,</span> <span class='ocrx_word' id='word_1_592' title='bbox 2369 3131 2666 3198; x_wconf 87' lang='grc' dir='ltr'>ἀναγκαῖον</span> <span class='ocrx_word' id='word_1_593' title='bbox 2717 3131 2811 3183; x_wconf 79' lang='grc' dir='ltr'><strong>ἐπὶ</strong></span> <span class='ocrx_word' id='word_1_594' title='bbox 2867 3131 2966 3201; x_wconf 78' lang='grc' dir='ltr'><strong>τὴν</strong></span> <span class='ocrx_word' id='word_1_595' title='bbox 3018 3132 3200 3203; x_wconf 82' lang='grc' dir='ltr'>πηγὴν</span> <span class='ocrx_word' id='word_1_596' title='bbox 3245 3135 3565 3206; x_wconf 78' lang='grc' dir='ltr'>ἀνατρέχειν</span> <span class='ocrx_word' id='word_1_597' title='bbox 3617 3137 3720 3207; x_wconf 76' lang='grc' dir='ltr'>τῆς</span> 
     </span>
    </p>
   </div>
   <div class='ocr_carea' id='block_1_88' title="bbox 2142 3215 3719 3298">
    <p class='ocr_par' dir='ltr' id='par_1_88' title="bbox 2142 3215 3719 3298">
     <span class='ocr_line' id='line_1_89' title="bbox 2142 3215 3719 3298; baseline 0.006 -27"><span class='ocrx_word' id='word_1_598' title='bbox 2142 3218 2400 3284; x_wconf 84' lang='grc' dir='ltr'>πίστεως,</span> <span class='ocrx_word' id='word_1_599' title='bbox 2431 3220 2489 3286; x_wconf 80' lang='grc' dir='ltr'><strong>ἐξ</strong></span> <span class='ocrx_word' id='word_1_600' title='bbox 2524 3215 2590 3292; x_wconf 79' lang='grc' dir='ltr'>ἧς</span> <span class='ocrx_word' id='word_1_601' title='bbox 2629 3222 2724 3274; x_wconf 79' lang='grc' dir='ltr'>καὶ</span> <span class='ocrx_word' id='word_1_602' title='bbox 2773 3223 2819 3274; x_wconf 79' lang='grc' dir='ltr'>οἱ</span> <span class='ocrx_word' id='word_1_603' title='bbox 2852 3221 2990 3275; x_wconf 81' lang='grc' dir='ltr'><strong>κατὰ</strong></span> <span class='ocrx_word' id='word_1_604' title='bbox 3025 3223 3260 3276; x_wconf 87' lang='grc' dir='ltr'>Νίκαιαν</span> <span class='ocrx_word' id='word_1_605' title='bbox 3307 3226 3547 3298; x_wconf 79' lang='grc' dir='ltr'>Πατέρες</span> <span class='ocrx_word' id='word_1_606' title='bbox 3586 3228 3719 3281; x_wconf 77' lang='grc' dir='ltr'>ἀνα-</span> 
     </span>
    </p>
   </div>
   <div class='ocr_carea' id='block_1_89' title="bbox 2141 3311 3720 3388">
    <p class='ocr_par' dir='ltr' id='par_1_89' title="bbox 2141 3311 3720 3388">
     <span class='ocr_line' id='line_1_90' title="bbox 2141 3311 3720 3388; baseline 0.006 -26"><span class='ocrx_word' id='word_1_607' title='bbox 2141 3311 2456 3381; x_wconf 88' lang='grc' dir='ltr'>ρυσάμενοι,</span> <span class='ocrx_word' id='word_1_608' title='bbox 2491 3313 2591 3384; x_wconf 80' lang='grc' dir='ltr'>τὴν</span> <span class='ocrx_word' id='word_1_609' title='bbox 2621 3313 2835 3366; x_wconf 76' lang='grc' dir='ltr'>ἔκθεσιν</span> <span class='ocrx_word' id='word_1_610' title='bbox 2875 3315 2973 3385; x_wconf 80' lang='grc' dir='ltr'>τῆς</span> <span class='ocrx_word' id='word_1_611' title='bbox 3023 3315 3259 3380; x_wconf 84' lang='grc' dir='ltr'>πίστεως</span> <span class='ocrx_word' id='word_1_612' title='bbox 3293 3317 3574 3388; x_wconf 78' lang='grc' dir='ltr'>ἐποίησαν.</span> <span class='ocrx_word' id='word_1_613' title='bbox 3623 3318 3720 3381; x_wconf 83' lang='grc' dir='ltr'><strong>Τίς</strong></span> 
     </span>
    </p>
   </div>
   <div class='ocr_carea' id='block_1_90' title="bbox 2136 3400 3719 3482">
    <p class='ocr_par' dir='ltr' id='par_1_90' title="bbox 2136 3400 3719 3482">
     <span class='ocr_line' id='line_1_91' title="bbox 2136 3400 3719 3482; baseline 0.004 -26"><span class='ocrx_word' id='word_1_614' title='bbox 2136 3400 2228 3456; x_wconf 78' lang='grc' dir='ltr'><strong>οὖν</strong></span> <span class='ocrx_word' id='word_1_615' title='bbox 2252 3402 2410 3474; x_wconf 79' lang='grc' dir='ltr'>ἡμῶν</span> <span class='ocrx_word' id='word_1_616' title='bbox 2441 3407 2474 3474; x_wconf 79' lang='grc' dir='ltr'>ἡ</span> <span class='ocrx_word' id='word_1_617' title='bbox 2506 3404 2606 3475; x_wconf 81' lang='grc' dir='ltr'>τῆς</span> <span class='ocrx_word' id='word_1_618' title='bbox 2637 3405 2874 3468; x_wconf 81' lang='grc' dir='ltr'>πίστεως</span> <span class='ocrx_word' id='word_1_619' title='bbox 2917 3406 3222 3478; x_wconf 84' lang='grc' dir='ltr'>τελειότης;</span> <span class='ocrx_word' id='word_1_620' title='bbox 3286 3409 3349 3462; x_wconf 81' lang='grc' dir='ltr'>’Π</span> <span class='ocrx_word' id='word_1_621' title='bbox 3381 3411 3474 3462; x_wconf 88' lang='grc' dir='ltr'><strong>τοῦ</strong></span> <span class='ocrx_word' id='word_1_622' title='bbox 3509 3412 3719 3482; x_wconf 81' lang='grc' dir='ltr'>Κυρίου</span> 
     </span>
    </p>
   </div>
   <div class='ocr_carea' id='block_1_91' title="bbox 2143 3493 3720 3570">
    <p class='ocr_par' dir='ltr' id='par_1_91' title="bbox 2143 3493 3720 3570">
     <span class='ocr_line' id='line_1_92' title="bbox 2143 3493 3720 3570; baseline 0.006 -24"><span class='ocrx_word' id='word_1_623' title='bbox 2143 3493 2464 3566; x_wconf 84' lang='grc' dir='ltr'>παράδοσις,</span> <span class='ocrx_word' id='word_1_624' title='bbox 2506 3496 2572 3566; x_wconf 76' lang='grc' dir='ltr'>ἢν</span> <span class='ocrx_word' id='word_1_625' title='bbox 2615 3496 2753 3567; x_wconf 76' lang='grc' dir='ltr'>μετὰ</span> <span class='ocrx_word' id='word_1_626' title='bbox 2793 3497 2890 3568; x_wconf 79' lang='grc' dir='ltr'>τὴν</span> <span class='ocrx_word' id='word_1_627' title='bbox 2936 3500 2998 3550; x_wconf 85' lang='grc' dir='ltr'><strong>ἐκ</strong></span> <span class='ocrx_word' id='word_1_628' title='bbox 3040 3499 3248 3570; x_wconf 81' lang='grc' dir='ltr'>νεκρῶν</span> <span class='ocrx_word' id='word_1_629' title='bbox 3279 3501 3571 3555; x_wconf 75' lang='grc' dir='ltr'>ἀνάστασιν</span> <span class='ocrx_word' id='word_1_630' title='bbox 3607 3506 3720 3566; x_wconf 79' lang='grc' dir='ltr'>τοῖς</span> 
     </span>
    </p>
   </div>
   <div class='ocr_carea' id='block_1_92' title="bbox 2141 3585 3715 3664">
    <p class='ocr_par' dir='ltr' id='par_1_92' title="bbox 2141 3585 3715 3664">
     <span class='ocr_line' id='line_1_93' title="bbox 2141 3585 3715 3664; baseline 0.008 -27"><span class='ocrx_word' id='word_1_631' title='bbox 2141 3585 2318 3652; x_wconf 78' lang='grc' dir='ltr'>ἁγίοις</span> <span class='ocrx_word' id='word_1_632' title='bbox 2341 3586 2507 3639; x_wconf 82' lang='grc' dir='ltr'>αὑτοῦ</span> <span class='ocrx_word' id='word_1_633' title='bbox 2547 3588 2814 3659; x_wconf 80' lang='grc' dir='ltr'>μαθηταῖς</span> <span class='ocrx_word' id='word_1_634' title='bbox 2844 3588 3164 3650; x_wconf 78' lang='grc' dir='ltr'>ἐνετείλατο,</span> <span class='ocrx_word' id='word_1_635' title='bbox 3216 3594 3526 3664; x_wconf 80' lang='grc' dir='ltr'>προστάξας</span> <span class='ocrx_word' id='word_1_636' title='bbox 3548 3611 3561 3624; x_wconf 87' lang='grc'><strong>·</strong></span> <span class='ocrx_word' id='word_1_637' title='bbox 3599 3599 3715 3648; x_wconf 85' lang='grc' dir='ltr'>Πο-</span> 
     </span>
    </p>
   </div>
   <div class='ocr_carea' id='block_1_93' title="bbox 2129 3679 3719 3756">
    <p class='ocr_par' dir='ltr' id='par_1_93' title="bbox 2129 3679 3719 3756">
     <span class='ocr_line' id='line_1_94' title="bbox 2129 3679 3719 3756; baseline 0.006 -25"><span class='ocrx_word' id='word_1_638' title='bbox 2129 3679 2446 3745; x_wconf 78' lang='grc' dir='ltr'>ρευθέντες</span> <span class='ocrx_word' id='word_1_639' title='bbox 2481 3683 2894 3749; x_wconf 80' lang='grc' dir='ltr'>μαθητεύσατε</span> <span class='ocrx_word' id='word_1_640' title='bbox 2929 3684 3036 3753; x_wconf 82' lang='grc'><strong>(95)</strong></span> <span class='ocrx_word' id='word_1_641' title='bbox 3070 3684 3264 3738; x_wconf 73' lang='grc' dir='ltr'>πάντα</span> <span class='ocrx_word' id='word_1_642' title='bbox 3292 3687 3363 3739; x_wconf 84' lang='grc' dir='ltr'>τὰ</span> <span class='ocrx_word' id='word_1_643' title='bbox 3399 3686 3566 3756; x_wconf 80' lang='grc' dir='ltr'>ἔθνη,</span> <span class='ocrx_word' id='word_1_644' title='bbox 3603 3689 3719 3752; x_wconf 81' lang='grc' dir='ltr'>,ϐα-</span> 
     </span>
    </p>
   </div>
   <div class='ocr_carea' id='block_1_94' title="bbox 2137 3771 3720 3847">
    <p class='ocr_par' dir='ltr' id='par_1_94' title="bbox 2137 3771 3720 3847">
     <span class='ocr_line' id='line_1_95' title="bbox 2137 3771 3720 3847; baseline 0.008 -25"><span class='ocrx_word' id='word_1_645' title='bbox 2137 3771 2439 3838; x_wconf 78' lang='grc' dir='ltr'>πτίζοντες</span> <span class='ocrx_word' id='word_1_646' title='bbox 2454 3773 2670 3838; x_wconf 79' lang='grc' dir='ltr'>αὐτοὺς</span> <span class='ocrx_word' id='word_1_647' title='bbox 2689 3776 2776 3839; x_wconf 83' lang='grc' dir='ltr'>εὶς</span> <span class='ocrx_word' id='word_1_648' title='bbox 2792 3775 2854 3828; x_wconf 75' lang='grc' dir='ltr'>τὸ</span> <span class='ocrx_word' id='word_1_649' title='bbox 2874 3776 3057 3845; x_wconf 80' lang='grc' dir='ltr'>ὄνομα</span> <span class='ocrx_word' id='word_1_650' title='bbox 3088 3777 3192 3831; x_wconf 84' lang='grc' dir='ltr'><strong>τοῦ</strong></span> <span class='ocrx_word' id='word_1_651' title='bbox 3208 3782 3460 3847; x_wconf 70' lang='grc' dir='ltr'>Πατρός,</span> <span class='ocrx_word' id='word_1_652' title='bbox 3493 3789 3587 3833; x_wconf 78' lang='grc' dir='ltr'>καὶ</span> <span class='ocrx_word' id='word_1_653' title='bbox 3611 3781 3720 3835; x_wconf 86' lang='grc' dir='ltr'><strong>τοῦ</strong></span> 
     </span>
    </p>
   </div>
   <div class='ocr_carea' id='block_1_95' title="bbox 2147 3865 3720 3945">
    <p class='ocr_par' dir='ltr' id='par_1_95' title="bbox 2147 3865 3720 3945">
     <span class='ocr_line' id='line_1_96' title="bbox 2147 3865 3720 3945; baseline 0.006 -28"><span class='ocrx_word' id='word_1_654' title='bbox 2147 3865 2302 3928; x_wconf 82' lang='grc' dir='ltr'>Υἱοῦ,</span> <span class='ocrx_word' id='word_1_655' title='bbox 2333 3867 2429 3918; x_wconf 82' lang='grc' dir='ltr'>καὶ</span> <span class='ocrx_word' id='word_1_656' title='bbox 2463 3867 2569 3920; x_wconf 85' lang='grc' dir='ltr'><strong>τοῦ</strong></span> <span class='ocrx_word' id='word_1_657' title='bbox 2607 3867 2781 3936; x_wconf 79' lang='grc' dir='ltr'>ἁγίου</span> <span class='ocrx_word' id='word_1_658' title='bbox 2805 3871 3149 3937; x_wconf 78' lang='grc' dir='ltr'>Πνεύματος</span> <span class='ocrx_word' id='word_1_659' title='bbox 3193 3872 3359 3940; x_wconf 82' lang='grc' dir='ltr'>Δῆλον</span> <span class='ocrx_word' id='word_1_660' title='bbox 3391 3874 3473 3926; x_wconf 77' lang='grc' dir='ltr'>ὅτι</span> <span class='ocrx_word' id='word_1_661' title='bbox 3501 3873 3596 3945; x_wconf 77' lang='grc' dir='ltr'>τὴν</span> <span class='ocrx_word' id='word_1_662' title='bbox 3631 3876 3720 3926; x_wconf 84' lang='grc' dir='ltr'>ὲν-</span> 
     </span>
    </p>
   </div>
   <div class='ocr_carea' id='block_1_96' title="bbox 2137 3955 3715 4034">
    <p class='ocr_par' dir='ltr' id='par_1_96' title="bbox 2137 3955 3715 4034">
     <span class='ocr_line' id='line_1_97' title="bbox 2137 3955 3715 4034; baseline 0.007 -26"><span class='ocrx_word' id='word_1_663' title='bbox 2137 3955 2298 4027; x_wconf 84' lang='grc' dir='ltr'>τολὴν</span> <span class='ocrx_word' id='word_1_664' title='bbox 2329 3957 2631 4028; x_wconf 77' lang='grc' dir='ltr'>ἐδεξάμεθα</span> <span class='ocrx_word' id='word_1_665' title='bbox 2652 4000 2665 4024; x_wconf 95' lang='grc'><strong>,</strong></span> <span class='ocrx_word' id='word_1_666' title='bbox 2711 3961 2771 4012; x_wconf 90' lang='grc' dir='ltr'><strong>ού</strong></span> <span class='ocrx_word' id='word_1_667' title='bbox 2811 3961 2968 4031; x_wconf 83' lang='grc' dir='ltr'>μόνον</span> <span class='ocrx_word' id='word_1_668' title='bbox 3002 3963 3080 4024; x_wconf 84' lang='grc' dir='ltr'><strong>είς</strong></span> <span class='ocrx_word' id='word_1_669' title='bbox 3109 3963 3170 4014; x_wconf 86' lang='grc' dir='ltr'>τὸ</span> <span class='ocrx_word' id='word_1_670' title='bbox 3201 3962 3481 4034; x_wconf 78' lang='grc' dir='ltr'>βαπτίζειν</span> <span class='ocrx_word' id='word_1_671' title='bbox 3508 3965 3715 4034; x_wconf 77' lang='grc' dir='ltr'>οὕτως,</span> 
     </span>
    </p>
   </div>
   <div class='ocr_carea' id='block_1_97' title="bbox 2138 4049 3720 4130">
    <p class='ocr_par' dir='ltr' id='par_1_97' title="bbox 2138 4049 3720 4130">
     <span class='ocr_line' id='line_1_98' title="bbox 2138 4049 3720 4130; baseline 0.007 -30"><span class='ocrx_word' id='word_1_672' title='bbox 2138 4049 2274 4102; x_wconf 79' lang='grc' dir='ltr'>ἀλλὰ</span> <span class='ocrx_word' id='word_1_673' title='bbox 2312 4050 2406 4103; x_wconf 71' lang='grc' dir='ltr'><strong>καὶ</strong></span> <span class='ocrx_word' id='word_1_674' title='bbox 2452 4052 2530 4113; x_wconf 86' lang='grc' dir='ltr'><strong>είς</strong></span> <span class='ocrx_word' id='word_1_675' title='bbox 2559 4051 2620 4103; x_wconf 89' lang='grc' dir='ltr'><strong>τὸ</strong></span> <span class='ocrx_word' id='word_1_676' title='bbox 2667 4053 2993 4125; x_wconf 83' lang='grc' dir='ltr'>μαθητεύειν</span> <span class='ocrx_word' id='word_1_677' title='bbox 3030 4055 3220 4119; x_wconf 69' lang='grc' dir='ltr'>οὕτως.</span> <span class='ocrx_word' id='word_1_678' title='bbox 3266 4057 3351 4121; x_wconf 86' lang='grc' dir='ltr'>Ὡς</span> <span class='ocrx_word' id='word_1_679' title='bbox 3393 4057 3478 4110; x_wconf 85' lang='grc' dir='ltr'>διὰ</span> <span class='ocrx_word' id='word_1_680' title='bbox 3514 4058 3720 4130; x_wconf 84' lang='grc' dir='ltr'>ταύτης</span> 
     </span>
    </p>
   </div>
   <div class='ocr_carea' id='block_1_98' title="bbox 2137 4140 3718 4221">
    <p class='ocr_par' dir='ltr' id='par_1_98' title="bbox 2137 4140 3718 4221">
     <span class='ocr_line' id='line_1_99' title="bbox 2137 4140 3718 4221; baseline 0.008 -31"><span class='ocrx_word' id='word_1_681' title='bbox 2137 4140 2233 4209; x_wconf 84' lang='grc' dir='ltr'>τῆς</span> <span class='ocrx_word' id='word_1_682' title='bbox 2283 4141 2532 4212; x_wconf 82' lang='grc' dir='ltr'>ἐντολῆς,</span> <span class='ocrx_word' id='word_1_683' title='bbox 2571 4144 2663 4195; x_wconf 73' lang='grc' dir='ltr'>καὶ</span> <span class='ocrx_word' id='word_1_684' title='bbox 2705 4144 2802 4215; x_wconf 81' lang='grc' dir='ltr'>τὴν</span> <span class='ocrx_word' id='word_1_685' title='bbox 2846 4146 3132 4200; x_wconf 82' lang='grc' dir='ltr'>Σαϐελλίου</span> <span class='ocrx_word' id='word_1_686' title='bbox 3173 4148 3324 4200; x_wconf 85' lang='grc' dir='ltr'>νόσον</span> <span class='ocrx_word' id='word_1_687' title='bbox 3355 4149 3718 4221; x_wconf 80' lang='grc' dir='ltr'>ἀποκλεισθῆ-</span> 
     </span>
    </p>
   </div>
   <div class='ocr_carea' id='block_1_99' title="bbox 2137 4233 3722 4314">
    <p class='ocr_par' dir='ltr' id='par_1_99' title="bbox 2137 4233 3722 4314">
     <span class='ocr_line' id='line_1_100' title="bbox 2137 4233 3722 4314; baseline 0.007 -28"><span class='ocrx_word' id='word_1_688' title='bbox 2137 4251 2245 4298; x_wconf 91' lang='grc' dir='ltr'>ναι,</span> <span class='ocrx_word' id='word_1_689' title='bbox 2277 4233 2386 4286; x_wconf 88' lang='grc' dir='ltr'><strong>τῶν</strong></span> <span class='ocrx_word' id='word_1_690' title='bbox 2415 4235 2588 4305; x_wconf 86' lang='grc' dir='ltr'>τριῶν</span> <span class='ocrx_word' id='word_1_691' title='bbox 2615 4237 2961 4292; x_wconf 87' lang='grc' dir='ltr'>ύποστάσεων</span> <span class='ocrx_word' id='word_1_692' title='bbox 2990 4239 3242 4310; x_wconf 82' lang='grc' dir='ltr'>καθαρῶς</span> <span class='ocrx_word' id='word_1_693' title='bbox 3261 4243 3390 4311; x_wconf 82' lang='grc' dir='ltr'>ἡμῖν</span> <span class='ocrx_word' id='word_1_694' title='bbox 3409 4242 3722 4314; x_wconf 85' lang='grc' dir='ltr'>παραδοθει-</span> 
     </span>
    </p>
   </div>
   <div class='ocr_carea' id='block_1_100' title="bbox 2138 4326 3721 4404">
    <p class='ocr_par' dir='ltr' id='par_1_100' title="bbox 2138 4326 3721 4404">
     <span class='ocr_line' id='line_1_101' title="bbox 2138 4326 3721 4404; baseline 0.007 -26"><span class='ocrx_word' id='word_1_695' title='bbox 2138 4326 2246 4379; x_wconf 89' lang='grc' dir='ltr'><strong>σῶν</strong></span> <span class='ocrx_word' id='word_1_696' title='bbox 2265 4345 2279 4358; x_wconf 75' lang='grc' dir='ltr'><strong><em>ο</em></strong></span> <span class='ocrx_word' id='word_1_697' title='bbox 2306 4327 2398 4380; x_wconf 71' lang='grc' dir='ltr'><strong>καὶ</strong></span> <span class='ocrx_word' id='word_1_698' title='bbox 2425 4327 2532 4381; x_wconf 87' lang='grc' dir='ltr'><strong>τῶν</strong></span> <span class='ocrx_word' id='word_1_699' title='bbox 2572 4329 2862 4400; x_wconf 83' lang='grc' dir='ltr'>’Λνομοίων</span> <span class='ocrx_word' id='word_1_700' title='bbox 2889 4330 2999 4400; x_wconf 73' lang='grc'><strong>(94)</strong></span> <span class='ocrx_word' id='word_1_701' title='bbox 3033 4332 3126 4384; x_wconf 68' lang='grc' dir='ltr'><strong>καὶ</strong></span> <span class='ocrx_word' id='word_1_702' title='bbox 3151 4332 3257 4386; x_wconf 89' lang='grc' dir='ltr'><strong>τῶν</strong></span> <span class='ocrx_word' id='word_1_703' title='bbox 3297 4335 3589 4404; x_wconf 81' lang='grc' dir='ltr'>Ἀρειανῶν</span> <span class='ocrx_word' id='word_1_704' title='bbox 3623 4337 3721 4390; x_wconf 80' lang='grc' dir='ltr'><strong>καὶ</strong></span> 
     </span>
    </p>
   </div>
   <div class='ocr_carea' id='block_1_101' title="bbox 2132 4417 3719 4498">
    <p class='ocr_par' dir='ltr' id='par_1_101' title="bbox 2132 4417 3719 4498">
     <span class='ocr_line' id='line_1_102' title="bbox 2132 4417 3719 4498; baseline 0.007 -29"><span class='ocrx_word' id='word_1_705' title='bbox 2132 4417 2241 4470; x_wconf 89' lang='grc' dir='ltr'><strong>τῶν</strong></span> <span class='ocrx_word' id='word_1_706' title='bbox 2259 4419 2738 4491; x_wconf 83' lang='grc' dir='ltr'>Πνευματομάχων</span> <span class='ocrx_word' id='word_1_707' title='bbox 2755 4423 3102 4492; x_wconf 76' lang='grc' dir='ltr'>ἐμφραγῆναι</span> <span class='ocrx_word' id='word_1_708' title='bbox 3117 4424 3228 4494; x_wconf 77' lang='grc'><strong>(95)</strong></span> <span class='ocrx_word' id='word_1_709' title='bbox 3245 4426 3312 4478; x_wconf 75' lang='grc' dir='ltr'>τὰ</span> <span class='ocrx_word' id='word_1_710' title='bbox 3334 4426 3591 4498; x_wconf 86' lang='grc' dir='ltr'>στόματα·</span> <span class='ocrx_word' id='word_1_711' title='bbox 3609 4427 3719 4480; x_wconf 90' lang='grc' dir='ltr'><strong>τῶν</strong></span> 
     </span>
    </p>
   </div>
   <div class='ocr_carea' id='block_1_102' title="bbox 2135 4508 3714 4591">
    <p class='ocr_par' dir='ltr' id='par_1_102' title="bbox 2135 4508 3714 4591">
     <span class='ocr_line' id='line_1_103' title="bbox 2135 4508 3714 4591; baseline 0.009 -30"><span class='ocrx_word' id='word_1_712' title='bbox 2135 4508 2440 4580; x_wconf 81' lang='grc' dir='ltr'>προσώπων</span> <span class='ocrx_word' id='word_1_713' title='bbox 2481 4512 2575 4564; x_wconf 81' lang='grc' dir='ltr'><strong>καὶ</strong></span> <span class='ocrx_word' id='word_1_714' title='bbox 2602 4512 2708 4565; x_wconf 84' lang='grc' dir='ltr'><strong>τῶν</strong></span> <span class='ocrx_word' id='word_1_715' title='bbox 2744 4513 3095 4567; x_wconf 82' lang='grc' dir='ltr'>ύποστάσεων</span> <span class='ocrx_word' id='word_1_716' title='bbox 3137 4516 3304 4582; x_wconf 83' lang='grc' dir='ltr'>τριῶν</span> <span class='ocrx_word' id='word_1_717' title='bbox 3343 4519 3714 4591; x_wconf 85' lang='grc' dir='ltr'>δηλουμένων,</span> 
     </span>
    </p>
   </div>
   <div class='ocr_carea' id='block_1_103' title="bbox 2357 4600 3714 4683">
    <p class='ocr_par' dir='ltr' id='par_1_103' title="bbox 2357 4600 3714 4683">
     <span class='ocr_line' id='line_1_104' title="bbox 2357 4600 3714 4683; baseline 0.012 -30"><span class='ocrx_word' id='word_1_718' title='bbox 2357 4600 2571 4668; x_wconf 73' lang='grc' dir='ltr'>φύσεως</span> <span class='ocrx_word' id='word_1_719' title='bbox 2595 4605 2687 4656; x_wconf 76' lang='grc' dir='ltr'><strong>καὶ</strong></span> <span class='ocrx_word' id='word_1_720' title='bbox 2710 4604 2807 4675; x_wconf 85' lang='grc' dir='ltr'>τῆς</span> <span class='ocrx_word' id='word_1_721' title='bbox 2835 4605 3084 4676; x_wconf 83' lang='grc' dir='ltr'>θεότητος</span> <span class='ocrx_word' id='word_1_722' title='bbox 3115 4610 3243 4678; x_wconf 79' lang='grc' dir='ltr'>μιᾶς</span> <span class='ocrx_word' id='word_1_723' title='bbox 3265 4611 3714 4683; x_wconf 82' lang='grc' dir='ltr'>ὁμολογηθείσης.</span> 
     </span>
    </p>
   </div>
   <div class='ocr_carea' id='block_1_104' title="bbox 2151 4693 3720 4781">
    <p class='ocr_par' dir='ltr' id='par_1_104' title="bbox 2151 4693 3720 4781">
     <span class='ocr_line' id='line_1_105' title="bbox 2151 4693 3720 4781; baseline 0.011 -36"><span class='ocrx_word' id='word_1_724' title='bbox 2151 4693 2386 4764; x_wconf 81' lang='grc' dir='ltr'>Ἀνάγκη</span> <span class='ocrx_word' id='word_1_725' title='bbox 2415 4694 2597 4748; x_wconf 85' lang='grc' dir='ltr'>τοίνυν</span> <span class='ocrx_word' id='word_1_726' title='bbox 2623 4695 2794 4759; x_wconf 72' lang='grc' dir='ltr'>οὕτως</span> <span class='ocrx_word' id='word_1_727' title='bbox 2826 4699 2970 4768; x_wconf 79' lang='grc' dir='ltr'>ἡμᾶς</span> <span class='ocrx_word' id='word_1_728' title='bbox 2996 4699 3298 4769; x_wconf 68' lang='grc' dir='ltr'>βαπτίζειν,</span> <span class='ocrx_word' id='word_1_729' title='bbox 3338 4704 3412 4768; x_wconf 87' lang='grc' dir='ltr'>ὼς</span> <span class='ocrx_word' id='word_1_730' title='bbox 3439 4706 3720 4781; x_wconf 81' lang='grc' dir='ltr'>ἐδιδάχθη-</span> 
     </span>
    </p>
   </div>
   <div class='ocr_carea' id='block_1_105' title="bbox 2141 4785 3718 4869">
    <p class='ocr_par' dir='ltr' id='par_1_105' title="bbox 2141 4785 3718 4869">
     <span class='ocr_line' id='line_1_106' title="bbox 2141 4785 3718 4869; baseline 0.013 -34"><span class='ocrx_word' id='word_1_731' title='bbox 2141 4801 2259 4855; x_wconf 87' lang='grc' dir='ltr'>μεν·</span> <span class='ocrx_word' id='word_1_732' title='bbox 2309 4785 2400 4838; x_wconf 74' lang='grc' dir='ltr'><strong>καὶ</strong></span> <span class='ocrx_word' id='word_1_733' title='bbox 2451 4785 2593 4840; x_wconf 70' lang='grc' dir='ltr'>οὕτω</span> <span class='ocrx_word' id='word_1_734' title='bbox 2657 4790 2972 4854; x_wconf 62' lang='grc' dir='ltr'>πιστεύειντ</span> <span class='ocrx_word' id='word_1_735' title='bbox 3006 4792 3080 4856; x_wconf 83' lang='grc' dir='ltr'>ὡς</span> <span class='ocrx_word' id='word_1_736' title='bbox 3130 4795 3568 4869; x_wconf 77' lang='grc' dir='ltr'>ἐϐαπτίσθημεν,</span> <span class='ocrx_word' id='word_1_737' title='bbox 3623 4804 3718 4857; x_wconf 74' lang='grc' dir='ltr'><strong>καὶ</strong></span> 
     </span>
    </p>
   </div>
   <div class='ocr_carea' id='block_1_106' title="bbox 2139 4874 3708 4964">
    <p class='ocr_par' dir='ltr' id='par_1_106' title="bbox 2139 4874 3708 4964">
     <span class='ocr_line' id='line_1_107' title="bbox 2139 4874 3708 4964; baseline 0.013 -37"><span class='ocrx_word' id='word_1_738' title='bbox 2139 4874 2283 4928; x_wconf 73' lang='grc' dir='ltr'>οὕτω</span> <span class='ocrx_word' id='word_1_739' title='bbox 2304 4876 2566 4943; x_wconf 77' lang='grc' dir='ltr'>δοξάζειν,</span> <span class='ocrx_word' id='word_1_740' title='bbox 2599 4879 2674 4941; x_wconf 79' lang='grc' dir='ltr'>ὡς</span> <span class='ocrx_word' id='word_1_741' title='bbox 2700 4881 3122 4954; x_wconf 83' lang='grc' dir='ltr'>ἐπιστεύσαμεν.</span> <span class='ocrx_word' id='word_1_742' title='bbox 3149 4887 3328 4941; x_wconf 78' lang='grc' dir='ltr'>Πολλὰ</span> <span class='ocrx_word' id='word_1_743' title='bbox 3351 4891 3462 4961; x_wconf 79' lang='grc' dir='ltr'>γὰρ</span> <span class='ocrx_word' id='word_1_744' title='bbox 3494 4895 3558 4964; x_wconf 81' lang='grc' dir='ltr'>τῇ</span> <span class='ocrx_word' id='word_1_745' title='bbox 3587 4893 3708 4947; x_wconf 83' lang='grc' dir='ltr'>δια-</span> 
     </span>
    </p>
   </div>
   <div class='ocr_carea' id='block_1_107' title="bbox 2140 4967 3716 5050">
    <p class='ocr_par' dir='ltr' id='par_1_107' title="bbox 2140 4967 3716 5050">
     <span class='ocr_line' id='line_1_108' title="bbox 2140 4967 3716 5050; baseline 0.012 -30"><span class='ocrx_word' id='word_1_746' title='bbox 2140 4967 2260 5038; x_wconf 80' lang='grc' dir='ltr'>νοίᾳ</span> <span class='ocrx_word' id='word_1_747' title='bbox 2292 4969 2751 5038; x_wconf 85' lang='grc' dir='ltr'>περισκοποῦντες</span> <span class='ocrx_word' id='word_1_748' title='bbox 2770 5012 2784 5033; x_wconf 91' lang='grc'><strong>,</strong></span> <span class='ocrx_word' id='word_1_749' title='bbox 2815 4976 2909 5027; x_wconf 82' lang='grc' dir='ltr'><strong>καὶ</strong></span> <span class='ocrx_word' id='word_1_750' title='bbox 2936 4977 3212 5046; x_wconf 88' lang='grc' dir='ltr'>πανταχοῦ</span> <span class='ocrx_word' id='word_1_751' title='bbox 3249 4982 3579 5050; x_wconf 69' lang='grc' dir='ltr'>στραερέντες</span> <span class='ocrx_word' id='word_1_752' title='bbox 3602 4990 3716 5050; x_wconf 86' lang='grc' dir='ltr'>τοῖς</span> 
     </span>
    </p>
   </div>
   <div class='ocr_carea' id='block_1_108' title="bbox 2146 5056 3714 5141">
    <p class='ocr_par' dir='ltr' id='par_1_108' title="bbox 2146 5056 3714 5141">
     <span class='ocr_line' id='line_1_109' title="bbox 2146 5056 3714 5141; baseline 0.013 -32"><span class='ocrx_word' id='word_1_753' title='bbox 2146 5056 2445 5128; x_wconf 86' lang='grc' dir='ltr'>λογισμοῖς,</span> <span class='ocrx_word' id='word_1_754' title='bbox 2496 5060 2646 5114; x_wconf 84' lang='grc' dir='ltr'>ούδέν</span> <span class='ocrx_word' id='word_1_755' title='bbox 2693 5065 2982 5134; x_wconf 80' lang='grc' dir='ltr'>ἐπινοῆσαι</span> <span class='ocrx_word' id='word_1_756' title='bbox 3035 5066 3310 5137; x_wconf 84' lang='grc' dir='ltr'>δυνάμεθα</span> <span class='ocrx_word' id='word_1_757' title='bbox 3365 5072 3570 5141; x_wconf 77' lang='grc' dir='ltr'>μεταξὺ</span> <span class='ocrx_word' id='word_1_758' title='bbox 3616 5075 3714 5128; x_wconf 85' lang='grc' dir='ltr'><strong>τοῦ</strong></span> 
     </span>
    </p>
   </div>
   <div class='ocr_carea' id='block_1_109' title="bbox 2147 5151 3715 5237">
    <p class='ocr_par' dir='ltr' id='par_1_109' title="bbox 2147 5151 3715 5237">
     <span class='ocr_line' id='line_1_110' title="bbox 2147 5151 3715 5237; baseline 0.01 -31"><span class='ocrx_word' id='word_1_759' title='bbox 2147 5151 2378 5206; x_wconf 84' lang='grc' dir='ltr'>Κτίστου</span> <span class='ocrx_word' id='word_1_760' title='bbox 2411 5153 2500 5206; x_wconf 73' lang='grc' dir='ltr'><strong>καὶ</strong></span> <span class='ocrx_word' id='word_1_761' title='bbox 2533 5155 2630 5223; x_wconf 85' lang='grc' dir='ltr'>τῆς</span> <span class='ocrx_word' id='word_1_762' title='bbox 2667 5157 2924 5222; x_wconf 83' lang='grc' dir='ltr'>κτίσεως·</span> <span class='ocrx_word' id='word_1_763' title='bbox 2972 5158 3112 5213; x_wconf 81' lang='grc' dir='ltr'>ὥστε</span> <span class='ocrx_word' id='word_1_764' title='bbox 3141 5163 3189 5214; x_wconf 89' lang='grc' dir='ltr'>εἰ</span> <span class='ocrx_word' id='word_1_765' title='bbox 3235 5163 3331 5233; x_wconf 83' lang='grc' dir='ltr'><strong>τῆς</strong></span> <span class='ocrx_word' id='word_1_766' title='bbox 3365 5163 3615 5237; x_wconf 83' lang='grc' dir='ltr'>θεότητος</span> <span class='ocrx_word' id='word_1_767' title='bbox 3653 5169 3715 5222; x_wconf 79' lang='grc' dir='ltr'>τὸ</span> 
     </span>
    </p>
   </div>
   <div class='ocr_carea' id='block_1_110' title="bbox 2153 5463 2720 5525">
    <p class='ocr_par' dir='ltr' id='par_1_110' title="bbox 2153 5463 2720 5525">
     <span class='ocr_line' id='line_1_111' title="bbox 2153 5463 2720 5525; baseline 0.012 -7"><span class='ocrx_word' id='word_1_768' title='bbox 2153 5463 2349 5519; x_wconf 79' lang='lat' dir='ltr'><strong>Euntes</strong></span> <span class='ocrx_word' id='word_1_769' title='bbox 2369 5483 2501 5522; x_wconf 81' lang='lat' dir='ltr'><strong>nunc</strong></span> <span class='ocrx_word' id='word_1_770' title='bbox 2525 5471 2720 5525; x_wconf 87' lang='lat' dir='ltr'><strong>docete.</strong></span> 
     </span>
    </p>
   </div>
   <div class='ocr_carea' id='block_1_111' title="bbox 2211 5536 3709 5620">
    <p class='ocr_par' dir='ltr' id='par_1_111' title="bbox 2211 5536 3709 5620">
     <span class='ocr_line' id='line_1_112' title="bbox 2211 5536 3709 5620; baseline 0.012 -31"><span class='ocrx_word' id='word_1_771' title='bbox 2211 5536 2326 5620; x_wconf 49' lang='lat' dir='ltr'><strong>(9i)</strong></span> <span class='ocrx_word' id='word_1_772' title='bbox 2370 5539 2711 5620; x_wconf 42' lang='lat' dir='ltr'><strong>‘A‘ropplwr.</strong></span> <span class='ocrx_word' id='word_1_773' title='bbox 2752 5543 3069 5620; x_wconf 79' lang='lat' dir='ltr'><strong>Eunomiani</strong></span> <span class='ocrx_word' id='word_1_774' title='bbox 3111 5546 3182 5600; x_wconf 90' lang='lat' dir='ltr'><strong>ita</strong></span> <span class='ocrx_word' id='word_1_775' title='bbox 3223 5551 3380 5620; x_wconf 88' lang='lat' dir='ltr'><strong>vulgo</strong></span> <span class='ocrx_word' id='word_1_776' title='bbox 3419 5551 3546 5608; x_wconf 86' lang='lat' dir='ltr'><strong>dicti</strong></span> <span class='ocrx_word' id='word_1_777' title='bbox 3584 5564 3709 5611; x_wconf 90' lang='lat' dir='ltr'><strong>sunt</strong></span> 
     </span>
    </p>
   </div>
   <div class='ocr_carea' id='block_1_112' title="bbox 2139 5609 3709 5690">
    <p class='ocr_par' dir='ltr' id='par_1_112' title="bbox 2139 5609 3709 5690">
     <span class='ocr_line' id='line_1_113' title="bbox 2139 5609 3709 5690; baseline 0.016 -34"><span class='ocrx_word' id='word_1_778' title='bbox 2139 5616 2358 5690; x_wconf 78' lang='lat' dir='ltr'><strong>propter</strong></span> <span class='ocrx_word' id='word_1_779' title='bbox 2374 5609 2448 5690; x_wconf 47' lang='lat' dir='ltr'><strong>fab</strong></span> <span class='ocrx_word' id='word_1_780' title='bbox 2466 5611 2739 5690; x_wconf 73' lang='grc' dir='ltr'>ἀνόμοιον,</span> <span class='ocrx_word' id='word_1_781' title='bbox 2763 5624 2818 5668; x_wconf 89' lang='lat' dir='ltr'><strong>et</strong></span> <span class='ocrx_word' id='word_1_782' title='bbox 2850 5609 3350 5690; x_wconf 51' lang='grc' dir='ltr'>ἶΑνομοιουσιαστοΠ</span> <span class='ocrx_word' id='word_1_783' title='bbox 3385 5609 3599 5690; x_wconf 66' lang='lat' dir='ltr'><strong>Basilio,</strong></span> <span class='ocrx_word' id='word_1_784' title='bbox 3637 5627 3709 5681; x_wconf 90' lang='lat' dir='ltr'><strong>ob</strong></span> 
     </span>
    </p>
   </div>
   <div class='ocr_carea' id='block_1_113' title="bbox 2137 5675 3704 5754">
    <p class='ocr_par' dir='ltr' id='par_1_113' title="bbox 2137 5675 3704 5754">
     <span class='ocr_line' id='line_1_114' title="bbox 2137 5675 3704 5754; baseline 0.017 -27"><span class='ocrx_word' id='word_1_785' title='bbox 2137 5675 2526 5754; x_wconf 65' lang='grc' dir='ltr'>ανομοιούσιον,</span> <span class='ocrx_word' id='word_1_786' title='bbox 2543 5675 2641 5754; x_wconf 60' lang='lat' dir='ltr'><strong>vel,</strong></span> <span class='ocrx_word' id='word_1_787' title='bbox 2657 5695 2710 5736; x_wconf 93' lang='lat' dir='ltr'><strong>ut</strong></span> <span class='ocrx_word' id='word_1_788' title='bbox 2728 5685 2963 5753; x_wconf 87' lang='lat' dir='ltr'><strong>loquitur</strong></span> <span class='ocrx_word' id='word_1_789' title='bbox 2976 5675 3234 5751; x_wconf 67' lang='lat' dir='ltr'><strong>Severus,</strong></span> <span class='ocrx_word' id='word_1_790' title='bbox 3263 5675 3704 5754; x_wconf 57' lang='lat' dir='ltr'><strong>Anontéousiaut:</strong></span> 
     </span>
    </p>
   </div>
   <div class='ocr_carea' id='block_1_114' title="bbox 2138 5744 3039 5812">
    <p class='ocr_par' dir='ltr' id='par_1_114' title="bbox 2138 5744 3039 5812">
     <span class='ocr_line' id='line_1_115' title="bbox 2138 5744 3039 5812; baseline 0.012 -12"><span class='ocrx_word' id='word_1_791' title='bbox 2138 5744 2190 5800; x_wconf 77' lang='lat' dir='ltr'><strong>id</strong></span> <span class='ocrx_word' id='word_1_792' title='bbox 2221 5744 2324 5812; x_wconf 75' lang='lat' dir='ltr'><strong>est,</strong></span> <span class='ocrx_word' id='word_1_793' title='bbox 2349 5744 2652 5804; x_wconf 77' lang='lat' dir='ltr'><strong>dissimilem</strong></span> <span class='ocrx_word' id='word_1_794' title='bbox 2676 5744 3039 5811; x_wconf 61' lang='lat' dir='ltr'><strong>subslautiam.</strong></span> 
     </span>
    </p>
   </div>
   <div class='ocr_carea' id='block_1_115' title="bbox 2208 5816 3336 5898">
    <p class='ocr_par' dir='ltr' id='par_1_115' title="bbox 2208 5816 3336 5898">
     <span class='ocr_line' id='line_1_116' title="bbox 2208 5816 3336 5898; baseline 0.011 -28"><span class='ocrx_word' id='word_1_795' title='bbox 2208 5816 2320 5888; x_wconf 80' lang='grc'><strong>(95)</strong></span> <span class='ocrx_word' id='word_1_796' title='bbox 2360 5818 2782 5890; x_wconf 70' lang='grc' dir='ltr'>Ἐμφραγῆναι.</span> <span class='ocrx_word' id='word_1_797' title='bbox 2818 5826 2902 5880; x_wconf 83' lang='lat' dir='ltr'><strong>Al.</strong></span> <span class='ocrx_word' id='word_1_798' title='bbox 2935 5827 3336 5898; x_wconf 74' lang='grc' dir='ltr'>ἀποφραγῆναι.</span> 
     </span>
    </p>
   </div>
  </div>
