4030 6408
261 293 315 347 g1
1363 282 1777 339 SENTENTIA:
1821 287 1905 341 ET
1953 286 2343 342 EXCERPTA.
3415 292 3486 350 93

279 405 1054 480 Πνεῦμαιωρίζομενρνάγκης
1072 405 1185 478 (96)
1210 405 1352 476 μετά
1367 405 1473 460 τῶν
1491 409 1804 478 κτισμάτων
1836 457 1842 473 ι

1915 413 2127 481 poterit,
2183 423 2242 466 ut
2291 413 2343 467 iu
2408 412 2677 482 baptismo
2729 413 3128 484 coniungatur?
3186 426 3264 468 eo
3321 429 3487 485 pacto

279 501 390 556 αὐτὸ
418 499 775 568 καταριθμεῖν.
812 499 875 551 Et
895 497 953 550 δὲ
984 497 1188 567 κτίσμα
1219 496 1584 568 τολμήσοιμεν
1618 499 1810 562 εἰπεῖν,

279 593 377 654 πῶς
407 592 612 644 δυνατὸν
642 593 700 644 ὲν
731 591 812 661 τῷ
852 590 1189 661 βαπτίσματι
1225 589 1513 660 μιχθῆναι;
1563 589 1673 660 Τὴν
1712 608 1812 644 πο-

276 684 462 736 λυθεῖαν
499 683 663 746 οὕτως
707 684 784 746 ώς
819 683 912 736 καὶ
958 681 1055 752 τὴν
1100 681 1286 735 ἀθεῖαν
1337 681 1670 752 κακίζομενο
1719 685 1813 737 καὶ

275 780 375 834 οὔτε
399 782 532 850 τρεῖς
557 779 731 849 ἀρχὰς
751 817 766 840 ,
797 778 922 831 οὔτε
950 779 1100 848 τρεῖς
1152 775 1329 839 θεοὺς,
1360 775 1483 828 οὔτε
1505 780 1655 848 τρεῖς
1693 777 1812 830 δια-

276 873 441 941 φόρους
464 871 904 940 καταγγέλλομεν
926 868 1114 938 φύσεις
1134 883 1148 897 ⁶
1180 867 1316 920 ἀλλά
1345 869 1520 940 ἀρχὴν
1541 870 1651 922 τῶν
1676 869 1812 923 ὅλων

276 963 348 1014 τὸν
371 961 569 1033 Πατέρα
612 960 996 1031 γινώσκοντες,
1042 959 1165 1013 οὑτε
1192 958 1319 1012 τινά
1344 959 1452 1012 τῶν
1481 960 1652 1032 τριῶν
1697 963 1810 1031 (97)

271 1055 582 1109 ὑποστάσεων
634 1053 957 1124 ἀθετοῦμεν,
1007 1052 1104 1106 καὶ
1154 1052 1215 1105 τὸ
1248 1051 1446 1122 σεμνὸν
1495 1051 1604 1106 τῶν
1641 1053 1808 1124 τριῶν

271 1147 484 1216 Γραφῶν,
503 1147 598 1199 καὶ
617 1146 716 1208 τὰς
731 1145 814 1216 ἐφ’
839 1145 1068 1198 ’ἑκαστον
1089 1141 1400 1217 μαρτυρίας
1420 1145 1807 1214 προσάγοντες.

423 1238 603 1308 ἐπειδὴ
637 1238 730 1289 καὶ
759 1237 956 1306 μέτρον
983 1236 1271 1307 ἐπιπολῆς
1300 1235 1562 1304 ἐκφεύγει
1593 1235 1655 1288 τὸ
1682 1237 1812 1307 περὶ

265 1331 437 1381 τούτων
466 1329 837 1396 λεπτολογεῖν,
873 1330 970 1382 καὶ
995 1329 1094 1398 τὴν
1134 1328 1406 1398 ὑμετέραν
1435 1327 1657 1397 ἀγάπην
1690 1329 1810 1381 ἑπι-

263 1420 534 1490 στεὺσαμεν
563 1419 1000 1492 ἀρκεσθήσεσθαι
1028 1420 1106 1490 τῷ
1156 1420 1438 1490 κεφαλαίῳ
1478 1419 1580 1489 τῆς
1612 1419 1812 1489 ἡμετέ-

263 1528 344 1580 ρας
384 1510 668 1574 ἐκθέσεως,
723 1511 817 1563 καὶ
872 1509 938 1563 τὰ
981 1509 1146 1563 λοιπά
1178 1510 1508 1582 προσθήσειν
1556 1509 1768 1563 οἴκοθεν
1793 1524 1809 1539 ⁶

258 1603 409 1657 Δίδου
439 1604 576 1674 γὰρ,
625 1604 780 1672 φησὶ,
816 1601 986 1672 σοφῷ
1005 1603 1306 1672 ἀφορμὴν,
1340 1603 1439 1656 καὶ
1466 1604 1812 1672 σοφώτερος

256 1696 428 1749 ἔσται·
466 1699 560 1748 καὶ
604 1695 779 1748 ταῦτα
820 1694 1184 1766 ἀποχρώντως
1226 1695 1562 1766 γεγραφέναι
1599 1695 1813 1762 νομίξο-

1915 507 2139 557 deorum
2191 503 2590 559 multitudinem
2633 505 3033 576 redarguimus.
3085 519 3188 558 una
3243 521 3360 560 cum
3392 521 3492 562 no-

1914 595 2127 664 gatioue
2175 595 2517 650 divinitatis:
2549 603 2603 649 et
2635 609 2812 663 neque
2837 596 2939 650 tria
2979 597 3265 665 principia,
3310 611 3488 668 neque

1915 695 2024 739 tres
2047 689 2198 750 deos,
2228 700 2401 754 neque
2435 696 2546 741 tres
2568 687 2812 741 diversas
2839 687 3193 750 przedicamus
3221 697 3443 741 naturar
3467 702 3486 744 :

1913 778 2005 831 sed
2036 777 2251 833 Patrem
2278 795 2377 848 pro
2407 781 2782 834 universorum
2808 781 3074 849 principio
3105 791 3485 848 agnoscentes,

1914 871 2111 926 nullam
2133 875 2294 926 trium
2316 875 2668 942 hypostasum
2689 873 3014 936 inliciatnur,
3035 887 3312 928 sacrarum
3342 873 3490 929 Scri-

1918 973 2202 1034 pturarum
2241 965 2604 1034 majestatem,
2649 980 2712 1018 ac
2748 967 2978 1034 singulis
3011 967 3302 1036 probandis
3331 967 3486 1020 testi-

1915 1054 2094 1107 monia
2141 1052 2495 1122 proferentes.
2541 1055 2649 1108 Sed
2693 1056 2953 1123 quoniam
2991 1056 3230 1124 epistolae
3270 1057 3486 1110 modum

1913 1155 2135 1217 superat
2183 1157 2436 1202 accurata
2479 1147 2545 1202 de
2590 1146 2708 1202 istis
2753 1147 3070 1216 dESputatio,
3111 1149 3491 1218 credimusque

1913 1236 2234 1290 charitatem
2296 1246 2531 1291 vestram
2590 1247 2900 1293 contentam
2953 1242 3069 1295 fore
3135 1242 3490 1310 expositionis

1915 1339 2116 1383 nostra:
2159 1343 2369 1382 summa
2401 1369 2415 1394 ,
2464 1343 2527 1382 ac
2567 1329 2770 1400 reliqua
2819 1332 2884 1386 de
2924 1346 2982 1386 se
3034 1332 3376 1385 additurum:
3409 1331 3492 1386 Da

1913 1418 2094 1481 enim,
2153 1418 2359 1487 inquit,
2413 1420 2636 1487 sapienti
2696 1422 3054 1484 occasionem,
3104 1431 3154 1475 et
3203 1425 3490 1490 sapientior

1917 1512 2013 1562 erit
2038 1511 2084 1540 ⁵⁰
2111 1524 2125 1562 :
2153 1510 2267 1564 haec
2311 1509 2638 1566 snlIicienter
2677 1513 2965 1580 scripsisse
3007 1527 3104 1566 nos
3133 1515 3488 1568 arbitramur.

1913 1603 2117 1668 Quibus
2165 1603 2299 1657 satis
2342 1613 2426 1657 est
2472 1603 2708 1672 adjicere
2758 1603 2975 1658 brevem
3032 1604 3488 1659 adhortationem.

1916 1699 2211 1751 Hortamur
2253 1713 2489 1767 namque
2518 1713 2632 1762 vos,
2666 1707 2723 1752 ut
2753 1700 3021 1752 maneatis
3053 1700 3202 1768 pacis
3245 1701 3360 1764 lilii,
3385 1717 3492 1770 quo

258 1805 357 1857 μεν.
403 1781 492 1850 Οἷς
542 1789 713 1857 ἀρκεῖ
767 1786 1025 1856 βραχεῖαν
1080 1786 1395 1857 προσθεῖναι
1444 1786 1812 1858 παράκλησιν.

1917 1785 2268 1854 apostolicum
2295 1786 2606 1840 mandatum
2633 1786 2930 1854 impleatis,
2962 1767 3260 1846 unanimes.
3313 1790 3367 1842 id
3401 1767 3492 1858 ip-

255 1879 663 1950 Παρακαλοῦμεν
691 1877 800 1950 γάρ
844 1879 1024 1949 μένειν
1070 1878 1215 1949 ὑμᾶς
1241 1879 1390 1942 υἱοὺς
1422 1880 1646 1951 εἰρήνης
1668 1895 1682 1909 ο
1723 1878 1814 1932 ἵνα

255 1971 547 2042 πληρώσητε
580 1970 683 2042 τὴν
709 1971 1073 2041 άποστολικὴν
1120 1969 1364 2040 ἐντολὴν,
1387 1972 1721 2040 σύμψυχοι,
1748 1969 1813 2024 τὸ

252 2063 310 2114 ἐν
330 2063 694 2130 φρονοῦντες
709 2101 722 2124 ,
755 2063 850 2114 καὶ
872 2061 980 2113 τῶν
1004 2061 1346 2131 παθημάτων
1373 2060 1482 2113 τῶν
1515 2061 1658 2131 ὑπὲρ
1683 2061 1816 2133 Χρι-

254 2153 359 2204 στοῦ
385 2152 866 2223 κεκοινωνηκότες.
896 2151 987 2223 Μὴ
1009 2151 1144 2204 δῶτε
1179 2149 1257 2220 τῷ
1288 2149 1514 2222 πονηρῷ
1537 2150 1814 2216 διαζεῦξαι

250 2246 306 2296 τὰ
349 2246 518 2308 καλῶς
587 2245 946 2315 συνημμένα,
1003 2244 1140 2314 μήτε
1187 2246 1299 2306 τοῖς
1349 2242 1531 2306 λύκοις
1587 2243 1815 2304 ἑαυτοὺς

252 2338 660 2407 εὑαλωτοτέρους
693 2339 954 2409 ποιήσητε
983 2340 1048 2408 τῇ
1093 2337 1424 2408 διχοστασὶᾳ,
1456 2337 1555 2399 τὰς
1585 2335 1814 2388 ἐκείνων

253 2431 567 2498 βεεαιοῦντες
639 2431 823 2502 εὐχάς.
893 2430 1200 2500 Ἑμάθομεν
1249 2429 1356 2500 γάρ
1403 2430 1565 2492 ὅσους
1618 2428 1813 2491 ἄθλους

251 2522 372 2592 ὑπὲρ
403 2523 498 2592 τῆς
525 2522 842 2594 ὀρθοδοξίας
878 2523 1167 2593 ὑπέστητε.
1201 2522 1312 2585 Τάς
1339 2517 1432 2576 οῦν
1457 2521 1688 2585 ἀπειλάς
1717 2523 1810 2574 καὶ

252 2615 332 2676 τὰς
357 2616 601 2684 ἀνάγκας
639 2616 735 2679 τὰς
776 2614 929 2685 παρά
960 2613 1070 2668 τῶν
1109 2614 1442 2667 ὑπεναντίων
1473 2615 1811 2684 νικήσαντες,

254 2706 432 2775 μηδένα
465 2706 608 2761 δῶτε
647 2707 929 2762 διαστάσει
964 2708 1153 2773 καιρόν
1176 2724 1190 2738 ο
1226 2709 1433 2777 μήποτε
1464 2708 1604 2760 κατά
1640 2706 1813 2777 βραχὺ

254 2799 701 2867 πρεισρυόμενον
727 2801 904 2866 μῖσος,
933 2795 1026 2849 ὲάν
1055 2798 1154 2866 σχῇ
1178 2796 1362 2856 τόπον,
1391 2795 1661 2864 μεγάλους
1687 2796 1814 2864 ὑμῖν

254 2893 503 2958 κρημνοὺς
543 2890 837 2961 ὑποθήσει.
886 2888 1049 2941 Ἀλλὰ
1095 2889 1188 2940 καὶ
1225 2889 1284 2939 ὲν
1327 2890 1450 2950 ταῖς
1487 2887 1815 2954 δοξολογίαις

251 2982 301 3031 τὸ
317 2983 523 3053 Πνεῦμα
546 2985 733 3053 ῐῖατρλ⁸
755 2983 850 3034 καὶ
878 2981 991 3051 Υίῷ
1018 2981 1128 3051 (98)
1139 2978 1497 3045 συνδοξάζειν,
1513 2980 1814 3032 καὶείδέναι

1914 1888 2063 1938 psum
2116 1872 2388 1926 sentientes
2414 1872 2490 1936 ⁵⁸,
2539 1883 2593 1927 et
2639 1874 3102 1928 communicantes
3151 1877 3493 1944 passiouibus

1915 1976 2012 2032 pro
2058 1962 2297 2018 Christo.
2346 1962 2526 2017 Nolite
2580 1964 2709 2017 illud
2742 1965 2874 2019 dare
2909 1964 3070 2027 malo,
3115 1977 3172 2018 ut
3217 1967 3493 2038 disiungat

1918 2072 2038 2124 quze
2060 2057 2286 2126 pulchre
2306 2072 2551 2110 connexa
2584 2067 2730 2122 sunt,
2759 2073 2934 2126 neque
2958 2073 3054 2111 vos
3078 2059 3217 2128 lupis
3243 2057 3494 2116 eﬂiciatis

1916 2159 2075 2218 captu
2103 2149 2379 2203 faciliores
2405 2165 2501 2220 per
2526 2150 2942 2214 dissensionem,
2970 2150 3182 2205 illorum
3213 2164 3334 2206 vota
3360 2169 3464 2208 con
3488 2187 3494 2194 -

1917 2241 2200 2296 lirmamln.
2249 2243 2545 2297 Didicimus
2591 2244 2794 2312 quippe
2839 2253 3040 2312 quanta
3067 2246 3366 2299 certamina
3393 2260 3492 2315 pro

1917 2347 2064 2390 recta
2095 2337 2197 2388 lide
2225 2337 2614 2389 sustinueritis.
2645 2337 2912 2402 Quocirca
2945 2337 3107 2391 minis
3130 2346 3185 2390 et
3212 2338 3494 2403 aerumnis,

1915 2443 2035 2496 qua:
2080 2444 2176 2497 per
2222 2429 2564 2483 adversarios
2607 2428 3034 2492 intentabantur,
3083 2430 3329 2494 devictis.
3372 2429 3492 2484 nul-

1916 2521 2020 2574 lam
2066 2523 2300 2589 praebete
2340 2521 2570 2576 dissidio
2624 2521 3006 2575 occasionem:
3042 2535 3109 2575 ne
3139 2520 3280 2576 forte
3308 2521 3496 2590 paula-

1917 2614 2011 2668 tim
2063 2614 2307 2683 illapsum
2358 2614 2577 2677 odium,
2634 2612 2679 2666 si
2732 2613 2906 2666 locum
2951 2613 3250 2676 invenerit,
3290 2629 3484 2682 magna

1918 2705 2068 2759 vobis
2095 2711 2359 2772 supponat
2394 2703 2712 2773 praecipitia.
2735 2701 2839 2758 Sed
2871 2712 2925 2755 et
2951 2713 3164 2772 oportet
3193 2704 3244 2758 in
3275 2704 3494 2758 dnxolo-

1917 2799 2020 2867 giis
2060 2797 2324 2867 Spiritum
2366 2813 2470 2850 una
2518 2812 2640 2850 cum
2692 2796 2856 2850 Patre
2890 2805 2944 2851 et
2983 2795 3118 2851 Filio
3161 2796 3491 2866 gloriﬁcare,

1916 2900 2078 2959 atque
2107 2891 2208 2944 hoc
2238 2889 2560 2958 intelligere,
2587 2889 2730 2957 quod
2759 2889 2793 2942 ii
2825 2888 2916 2956 qui
2947 2887 3323 2943 irremissibile
3354 2902 3487 2955 pec-

1916 2991 2118 3046 catum,
2152 2998 2246 3052 per
2275 2982 2662 3052 blasphemiam
2695 2982 2747 3036 in
2779 2981 3041 3051 Spiritum
3091 2981 3387 3035 admittunt
3414 2981 3490 3046 ",

252 3073 403 3137 τοῦτο,
435 3076 601 3127 61th!
631 3075 729 3144 τὴν
753 3069 1140 3143 ἀσυγχώρητον
1166 3072 1460 3142 ἁμαρτίαν,
1487 3072 1573 3126 διὰ
1599 3072 1700 3141 τῆς
1735 3075 1814 3135 είς

1921 3075 2120 3127 frustra
2189 3075 2474 3140 repudiant
2544 3073 2983 3128 communionem
3045 3087 3166 3127 cum
3233 3071 3489 3136 Arianis,

251 3162 303 3214 τὸ
325 3165 533 3234 Πνεῦμα
569 3163 926 3235 βλασφημίας
975 3163 1467 3235 ἐξαμαρτάνοντες,
1513 3165 1635 3234 εἱκῆ
1676 3180 1816 3234 παρ-

251 3254 499 3308 αιτοῦνται
554 3256 666 3325 τὴν
725 3256 860 3327 πρὸς
912 3256 1040 3318 τοὺς
1099 3256 1406 3326 Ἀρειανοὺς
1487 3253 1795 3306 κοινωνίαν.

1922 3165 2047 3236 quia
2094 3165 2301 3220 scilicet
2347 3181 2468 3220 cum
2521 3165 2588 3220 iis
2634 3165 3158 3220 condemnabuntur.
3197 3162 3493 3219 Precamur

1923 3263 2110 3308 autem
2146 3265 2201 3310 et
2231 3264 2499 3325 optamus,
2552 3266 2608 3310 ut
2652 3270 2748 3311 vos
2789 3271 2987 3324 corpus
3033 3254 3292 3310 Ecclesia:
3353 3253 3497 3308 iudi-

251 3348 384 3402 Μετὰ
419 3350 524 3422 γὰρ
569 3350 807 3402 ἐκείνων
855 3349 1370 3422 κατακριθήσονται.
1421 3348 1705 3419 Εὑχόμεθα
1753 3349 1811 3402 δὲ

1916 3347 2091 3401 visum
2133 3347 2268 3399 citra
2317 3348 2718 3402 contentionem
2759 3355 3057 3412 servantes,
3109 3344 3334 3414 pacilice
3364 3342 3490 3412 qui-

253 3440 376 3508 ὑμᾶς
403 3442 649 3514 ἄτμητον
677 3443 739 3496 τὸ
774 3443 934 3513 σῶμα
955 3446 1053 3514 τῆς
1093 3441 1420 3510 Ἐκκλησίας
1451 3441 1811 3510 ἀφιλονείκως

1915 3438 2029 3492 dem
2058 3440 2108 3494 in
2133 3440 2383 3510 praesenti
2411 3440 2606 3495 saeculo
2633 3440 2894 3510 reliquum
2926 3440 3051 3494 vitae
3080 3448 3290 3508 tempus
3314 3447 3498 3490 trans-

256 3532 573 3597 ςυλάξαντας
603 3576 618 3598 ,
656 3535 951 3604 εἰρηνικῶς
984 3533 1083 3602 μὲν
1126 3534 1184 3585 ὲν
1227 3532 1304 3603 τῷ
1344 3531 1438 3585 νῦν
1499 3531 1657 3584 αίῶνι
1720 3532 1811 3584 τὸν

1915 3529 2096 3600 igatis.
2131 3532 2366 3600 gloriose
2392 3546 2524 3588 vero
2583 3532 2637 3587 in
2672 3532 2761 3588 die
2791 3531 2982 3604 judicii
3021 3529 3292 3586 assistatis
3322 3527 3494 3583 tribu-

253 3619 543 3694 λειπόμενον
573 3627 787 3693 διάγειν
813 3626 1021 3696 χρόνον,
1065 3625 1288 3689 ἐνδόξως
1315 3623 1373 3677 δὲ
1407 3624 1464 3676 ἐν
1485 3623 1669 3694 ἡμέρα
1703 3623 1807 3696 τῆς

1915 3620 2020 3676 nali
2055 3622 2282 3678 Christi.

254 3713 460 3782 κρίσεως
510 3718 866 3788 παραστῆναι
907 3716 985 3787 τῷ
1041 3716 1132 3769 τοῦ
1185 3715 1422 3788 Χριστοῦ
1475 3715 1701 3785 βήματι.

300 3826 341 3856 ⁸⁸
367 3827 518 3884 Prov.
557 3847 637 3896 Ix,
676 3831 731 3885 9.
809 3832 852 3863 “
894 3829 1128 3900 Philipp.
1175 3830 1309 3894 ",2.
1383 3829 1429 3860 ⁸²
1461 3827 1649 3882 Μίιιιιια
1688 3843 1789 3894 ιιι,
1824 3829 1885 3884 51

313 3919 413 3992 (96)
456 3923 780 3992 Ἀνάγκης.
819 3922 900 3992 AI.
932 3922 1167 3991 ἀνάγκη.

313 3923 413 3988 (96)
456 3923 780 3992 Ἀνάγκης.
819 3923 900 3975 AI.
932 3923 1167 3991 ἀνάγκη.

312 3988 411 4062 (97)
449 3993 656 4062 Τριῶν.
695 3993 853 4046 Forte
872 3991 1049 4044 θείων.

1991 3923 2102 3995 (98)
2131 3923 2214 3979 Al.
2247 3923 2349 3978 ius.
2378 3925 2506 3996 χρή.

1341 4231 1477 4290 ΤΟΥ
1505 4231 1595 4283 EN
1629 4229 1851 4282 ΑΓΙΟΙΣ
1873 4227 2144 4282 ΠΑΤΡΟΣ
2178 4228 2374 4281 ΗΜΩΝ

473 4357 1484 4480 ΑΜΦΙΛΟΧΙΟΥ
1572 4357 2498 4475 ΕΠΙΣΚΟΠΟΥ
2579 4354 3247 4474 ΙΚΟΝΙΟΥ

1275 4543 1659 4630 ΡΗΣΕΙΣ
1714 4541 1911 4626 ΚΑΙ
1965 4541 2473 4627 ΕΚΛΟΓΑΙ
2491 4606 2511 4625 .

977 4817 1092 4927 S.
1181 4814 1309 4925 P.
1406 4814 1546 4924 N.
1646 4807 2766 4924 AMPHILOCHII

1603 4988 1911 5047 EPISCOPI
1947 4987 2152 5045 ICONII

1005 5121 1726 5214 SENTENTIIE
1798 5120 1953 5209 ET
2021 5120 2686 5262 EXCEBPTA.

1837 5380 1886 5439 Ι.

1065 5484 1220 5552 Apud
1253 5481 1621 5537 Theodorilum
1657 5480 1788 5536 Dial.
1821 5499 1902 5544 ιιι,
1939 5481 2075 5552 Opp.
2125 5495 2246 5538 tom.
2285 5481 2377 5547 IV,
2411 5501 2528 5554 pag.
2561 5485 2682 5538 166.

270 5573 361 5631 Ταῦ
387 5578 555 5635 ἀνίου
618 5577 1374 5650 Ἀμςριλοχίουῌέαξισκόπου
1417 5575 1670 5630 Ἰκονίου
1753 5575 1820 5627 ἐκ

1934 5578 2117 5632 Sanrti
2178 5579 2529 5648 Amphilochii
2581 5579 2808 5648 episroni
2875 5576 3079 5642 Iconii,
3133 5593 3196 5630 ex
3261 5579 3500 5631 oratione

696 5647 804 5704 τοῦ
833 5647 968 5720 Περὶ
1000 5647 1131 5702 Υίοῦ
1161 5649 1366 5716 λόγου.

2279 5647 2284 5648 ⁷
2589 5647 2660 5704 De
2686 5651 2839 5704 Filio.

326 5737 492 5796 εἰπὼν
513 5745 624 5814 γαρ
654 5747 681 5797 ὸ
708 5743 913 5813 Ilia-po;
935 5743 1038 5807 ὅτι,
1060 5742 1165 5796 Kal
1198 5743 1416 5808 Κύριον
1441 5739 1537 5794 καί
1562 5741 1819 5809 Χριστὸν

1998 5741 2133 5796 Cum
2193 5744 2417 5798 dixisset
2450 5743 2672 5810 Petrus,
2704 5740 2773 5794 Et
2816 5742 3096 5795 Dominum
3148 5750 3192 5794 et
3230 5739 3498 5792 Christum
