4030 6408
497 295 564 352 99
1443 285 1500 340 S.
1539 281 1986 339 AMPHILOCHII
2023 278 2406 337 lCONlENSlS
2445 277 2750 334 EPISCOPI
3621 275 3724 332 100

497 419 613 456 etin:
649 399 769 468 fecit
814 398 952 454 Deus
977 397 1023 430 ⁸³
1059 414 1074 452 :
1115 393 1394 461 subiunxit
1419 432 1434 458 ,
1464 392 1619 447 llum:
1646 393 1830 448 Jesum
1857 433 1872 458 ,
1907 408 2058 462 quem
2089 397 2117 452 Α

2185 391 2348 445 ιὺτὸν
2379 390 2671 458 ἐποίησεν
2715 391 2748 443 ό
2790 387 2970 453 Θεὸς,
3018 387 3300 458 ὲπήγαγεο
3358 386 3576 441 Τοῦτον
3617 387 3726 440 τὸν

497 509 584 546 vos
615 490 971 558 cruciﬁxistis,
1008 489 1142 540 hunc
1168 485 1308 539 Deus
1337 485 1609 537 suscitauit
1641 499 1705 537 ea:
1743 484 1962 536 mortuis
1987 482 2059 540 “.

2185 482 2415 549 Ιησοῦν
2435 521 2450 545 ,
2481 482 2552 534 ὃν
2588 481 2757 550 ὑμεῖς
2781 478 3197 546 ἐσταυρώσατε
3217 520 3230 544 ,
3272 479 3486 533 τοῦτον
3515 483 3547 533 ό
3581 479 3726 544 Θεὸς

501 582 707 637 Mortua
735 590 911 634 autem
951 587 1073 643 est,
1129 593 1232 633 non
1273 576 1564 641 divinitas,
1601 576 1692 629 sed
1729 574 1909 627 homo.
1960 572 2061 638 Qui

2185 572 2400 640 ᾕγειρεν
2446 573 2514 624 ἐκ
2543 571 2792 639 νεκρῶν.
2827 571 3143 642 Ἕνεκρώθη
3172 571 3264 633 δὲ.
3305 571 3401 640 οὐχ
3438 573 3470 640 ἡ
3507 570 3723 640 θεότης,

502 689 634 728 vero
665 673 838 741 ipsum
875 671 1193 733 suscitavit.
1237 667 1470 723 Verbum
1512 676 1628 731 est,
1656 667 1750 720 Dei
1778 666 1984 731 virtus;
2021 667 2066 721 is

2185 664 2276 718 ax
2313 666 2340 717 6
2369 663 2677 734 ἄνθρωπος.
2720 664 2829 714 Καὶ
2856 664 2884 714 6
2913 663 3133 732 ἐγείρας
3170 663 3330 715 αὑτὸν
3352 704 3366 724 ,
3399 662 3545 714 ἐστὶν
3574 663 3602 714 6
3626 661 3727 713 Λό-

501 767 592 835 qui
622 755 754 820 dixit
785 766 837 820 in
874 764 1200 833 Evangelia:
1251 761 1444 816 Solvite
1482 765 1728 831 templum
1760 764 1856 815 hoc
1879 803 1894 824 ,
1937 761 2063 814 etin

2185 773 2290 824 τος,
2339 757 2372 825 ἡ
2405 755 2634 826 δύναμις
2662 755 2753 808 τοῦ
2799 754 2933 807 Θεοῦ
2956 794 2970 817 ,
3009 757 3038 806 6
3070 754 3238 806 εἰπὼν
3267 755 3322 806 ὲν
3360 753 3435 823 τῷ
3481 753 3727 820 Εὐάγγε-

501 856 884 909 tribus’diebus
910 853 1146 909 excitabo
1173 853 1305 906 illud
1334 854 1402 906 ⁸³.
1440 852 1622 918 Quare
1659 868 1780 906 cum
1823 851 2058 906 dicitur:

2185 851 2292 919 thi'
2331 851 2568 902 Λύσατε
2597 848 2703 901 τὸν
2734 849 2884 900 ναὸν
2913 847 3143 910 τοῦτον,
3176 846 3272 899 καὶ
3304 846 3372 898 ὲν
3403 845 3553 912 τρισὶ
3584 845 3726 911 ᾐμέ-

502 945 571 998 Ει
600 945 882 1000 Dominum
906 962 1022 999 eum
1050 955 1097 998 et
1115 943 1382 998 Christum
1405 944 1529 1008 fecit
1561 943 1695 997 Deus
1717 984 1731 1009 ,
1767 946 1856 1012 qui
1895 957 2067 997 morte

2185 957 2294 1005 >αις
2319 938 2498 1009 ἐγερῶ
2523 941 2728 994 αὐτόν.
2761 941 2924 992 Ὥστε
2955 939 3048 993 ἐὰν
3076 939 3333 1008 λέγηται,
3374 938 3482 989 Καὶ
3514 937 3730 1003 Κύριον

503 1034 726 1091 ali‘ectus
756 1047 858 1100 est,
887 1046 940 1091 et
963 1052 993 1089 a
1034 1035 1260 1089 mortuis
1289 1037 1587 1091 resurrexit
1612 1054 1626 1102 ;
1661 1050 1878 1090 carnem
1908 1035 2060 1101 dicit,

502 1137 556 1182 et
595 1145 697 1184 non
729 1130 1066 1184 divinitatem
1102 1127 1246 1181 Filii.

2073 1327 2126 1386 Π

2165 1031 2355 1083 αὑτὸν
2382 1031 2479 1083 καὶ
2523 1031 2780 1098 Χριστὸν
2808 1030 3096 1097 ἐποίησεν
3121 1032 3153 1082 ό
3198 1028 3370 1091 Θεὸο,
3403 1027 3493 1078 τὸν
3525 1042 3729 1096 νεκρω-

2171 1119 2351 1186 θέντα,
2386 1121 2481 1174 καὶ
2509 1123 2574 1174 ὲκ
2605 1121 2815 1191 νεκρῶν
2843 1119 3178 1183 ἀναστάντα,
3213 1118 3311 1189 τὴν
3346 1116 3523 1186 σάρκα
3549 1114 3726 1182 λέγει,

2173 1213 2266 1266 καὶ
2293 1213 2353 1267 οὐ
2382 1213 2481 1285 τὴν
2515 1212 2743 1283 θεότητα
2771 1213 2863 1265 τοῦ
2894 1210 3043 1267 Υἱοῦ.

1627 1426 1780 1494 Apud
1811 1425 2050 1480 eundem
2083 1427 2471 1493 Theocoritum,
2505 1429 2636 1482 ibid.

705 1520 955 1590 Ejusdem
984 1536 1048 1573 ex
1073 1519 1306 1572 oratione
1332 1521 1594 1573 adversus
1621 1520 1873 1574 Arianos.

579 1613 654 1666 Ac
677 1627 742 1667 ne
768 1613 918 1678 longa
949 1621 1070 1664 utar
1099 1611 1346 1664 oratione
1370 1649 1386 1674 ,
1416 1610 1601 1678 paucis
1627 1619 1678 1662 te
1705 1624 1852 1676 rogo,
1884 1609 2062 1663 haere-

511 1706 630 1757 tice.
655 1704 754 1768 Qui
777 1718 841 1756 ex
869 1703 975 1756 Deo
997 1711 1079 1755 est
1105 1711 1232 1754 ante
1259 1700 1451 1754 saecula
1481 1700 1716 1769 genitus,
1740 1715 1929 1767 passus
1961 1711 2068 1764 est,

509 1812 575 1849 an
609 1797 699 1864 qui
730 1811 795 1849 ex
827 1796 989 1848 David
1014 1797 1064 1848 in
1097 1793 1405 1847 novissimis
1436 1793 1767 1862 temporibus
1804 1803 1958 1846 natus
1986 1802 2068 1846 est

508 1885 701 1938 Iesus?
753 1885 808 1938 Si
867 1899 992 1952 ergo
1040 1884 1296 1937 divinitas
1338 1897 1494 1952 passa
1534 1893 1638 1950 est,
1677 1883 2066 1952 blasphemiam

371 5163 477 5320 3/

510 1977 690 2029 dixisti
723 1991 738 2029 :
767 1977 848 2030 sin
885 1977 1043 2029 homo
1071 2013 1087 2040 ,
1137 1984 1195 2026 ut
1233 1974 1433 2028 veritas
1481 1977 1642 2028 habet
1731 1989 1828 2029 cur
1867 1976 2071 2030 homini

511 2069 814 2122 passionem
845 2084 951 2121 non
987 2065 1259 2120 ascribis?

2300 1522 2410 1576 Τοῦ
2447 1522 2654 1584 αὐτοῦ,
2684 1521 2750 1573 ἐκ
2782 1521 2888 1574 τοῦ
2917 1518 3058 1574 κατὰ
3096 1515 3384 1588 Ἀρειανῶν
3409 1517 3615 1585 λόγου.

2245 1614 2354 1666 Καὶ
2387 1613 2471 1664 ἵνα
2505 1611 2578 1682 μὴ
2608 1611 2819 1682 μακρὸν
2847 1611 2982 1679 (98')
3012 1608 3278 1661 άποτείνω
3305 1606 3580 1674 τὸνλόγον,
3609 1623 3732 1658 συν-

2172 1704 2354 1773 τόμως
2384 1703 2571 1775 ὲρωτῶ
2602 1720 2690 1768 σε,
2728 1701 2994 1772 αἱρετικέ.
3037 1700 3098 1752 '0
3121 1702 3188 1752 ὲκ
3210 1697 3306 1751 τοῦ
3335 1697 3470 1750 Θεοῦ
3499 1697 3600 1768 πρὸ
3623 1697 3731 1748 τῶν

2174 1793 2386 1847 αἰώνων
2425 1793 2706 1862 γεννηθεὶς
2733 1792 2954 1853 ἔπαθεν,
2987 1791 3018 1861 ἢ
3040 1793 3068 1843 6
3097 1792 3160 1842 ὲκ
3184 1788 3279 1842 τοῦ
3305 1789 3470 1842 Δαὸὶδ
3494 1791 3552 1841 ὲν
3581 1786 3736 1840 ὑστέ-

2177 1903 2290 1957 ροις
2336 1889 2544 1956 καιροῖς
2592 1886 2799 1956 τεχθεὶς
2855 1884 3094 1954 Ἰησοῦς;
3145 1884 3209 1935 Ei
3262 1882 3360 1952 μὲν
3405 1878 3496 1934 οὖν
3544 1881 3738 1947 θεάτης

2176 1977 2403 2040 ἔπαθεν,
2439 1974 2596 2040 εἶπας
2625 1978 2686 2030 16
2717 1977 3055 2047 βλάσφημονο
3098 1977 3148 2027 εί
3175 1975 3233 2027 δὲ
3260 1975 3288 2026 6
3317 1973 3631 2044 ἄνθρωπος,
3658 1971 3735 2032 ὼς

2177 2065 2288 2134 ἔχει
2321 2067 2352 2136 ὴ
2383 2065 2638 2136 ἀλήθεια,
2679 2066 2824 2128 τίνος
2851 2061 2945 2118 οὖν
2979 2064 3164 2117 ἕνεκεν
3197 2063 3272 2134 μὴ
3302 2062 3632 2134 προσάπτεις
3657 2058 3736 2130 τῷ

2176 2155 2274 2209 ἀνθ
2284 2155 2446 2226 ρώπῳ
2471 2156 2532 2210 16
2560 2156 2728 2220 πάθος
2753 2172 2768 2222 ;

2068 2271 2169 2331 ΙΙΙ.

513 2372 664 2442 Apud
694 2370 952 2442 Cyrillum
987 2371 1136 2426 Alex.
1187 2371 1276 2425 lib.
1313 2369 1390 2425 De
1419 2380 1562 2426 recta
1595 2372 1722 2434 ﬁde.
1757 2371 1890 2438 Opp.
1921 2381 2045 2442 tam.
2074 2371 2136 2429 ν,
2170 2383 2306 2439 part.
2339 2372 2405 2434 Ιι,
2454 2371 2547 2426 sub
2581 2373 2674 2438 ﬁn.
2708 2387 2827 2441 pag.
2861 2369 2929 2425 50
2989 2379 3036 2423 et
3085 2367 3273 2422 concil.
3323 2363 3515 2434 Ephes.
3549 2371 3684 2428 part.
3716 2359 3739 2412 Ι

1663 2455 1791 2496 ιοηι.
1833 2442 1922 2506 lll,
1950 2441 2241 2497 Concilior.
2271 2460 2322 2508 p.
2361 2459 2431 2495 m.
2465 2442 2587 2495 685.

514 2532 860 2602 Amphilochii
891 2533 1118 2602 episcopi
1158 2531 1329 2587 Icanii
1355 2549 1420 2586 ex
1451 2532 1585 2585 libro
1615 2533 1688 2586 De
1721 2534 2072 2600 generatione

898 2601 1105 2656 Domini
1137 2604 1432 2657 secundum
1455 2617 1696 2656 carnem.

584 2693 798 2749 Veritas
833 2693 1048 2762 cognita
1093 2702 1211 2760 est,
1242 2695 1413 2762 gratia
1443 2693 1609 2756 venit,
1660 2694 1769 2746 vita
1802 2702 2073 2762 apparuit,

515 2787 606 2840 Dei
658 2783 912 2850 Verbum,
974 2783 1174 2852 Deique
1220 2783 1387 2837 Filius
1421 2795 1641 2852 propter
1684 2799 1782 2838 nos
1819 2785 2075 2838 incarna-

517 2885 601 2928 tus
634 2885 754 2939 est,
785 2889 891 2942 quo
931 2874 1182 2926 nimirum
1229 2875 1484 2927 mortales
1518 2875 1583 2927 ad
1620 2875 1784 2928 vitam
1818 2886 2076 2929 aeternam

2190 2535 2576 2604 Ἀμφιλοχίου
2596 2533 2929 2604 ἐπισκόπου
2968 2531 3238 2604 Ἰκονίου,
3266 2528 3333 2580 ἐκ
3359 2525 3465 2580 τοῦ
3491 2527 3624 2595 Περι
3643 2525 3740 2594 τῆς

2613 2603 2753 2656 κατὰ
2788 2603 2963 2674 σάρκα
2995 2602 3319 2670 γεννήσεως.

2282 2698 2328 2748 Η
2384 2695 2612 2765 ἀλήθεια
2649 2662 2928 2762 ὲγνιῦσθῖτι,
2959 2662 3179 2763 ⁴ἢ-χάριπς
3228 2687 3359 2762 ἦλθε
3381 2728 3395 2751 ,
3427 2687 3522 2740 καὶ
3554 2687 3588 2757 ἡ
3629 2662 3743 2755 ζ’ωῆ

2183 2788 2389 2857 ἐφάνη⁸
2424 2790 2452 2840 6
2479 2787 2574 2840 τοῦ
2611 2785 2744 2839 Θεοῦ
2777 2786 2902 2848 Υἱὸς
2939 2783 3037 2848 ῶν,
3066 2785 3094 2836 6
3123 2785 3187 2835 ὲκ
3219 2781 3353 2835 Θεοῦ
3386 2782 3575 2849 Λόγος,
3607 2781 3744 2850 σὰρξ

2187 2881 2403 2948 ἐγένετο
2430 2879 2496 2930 δι’
2532 2879 2700 2948 ἡμᾶς,
2735 2877 2822 2929 ἵνα
2849 2875 3074 2945 θνητοὺς
3101 2875 3179 2936 είς
3206 2872 3347 2942 ζωὴν
3379 2871 3592 2925 αἰώνιον
3619 2872 3747 2923 ἀνα-

517 2972 794 3016 revocaret
814 2969 868 3015 et
901 2976 930 3014 a
961 2963 1190 3015 mortuis
1214 2963 1498 3015 excitaret.
1541 2961 1926 3016 Universorum
1961 2963 2080 3031 opi-
2108 2967 2117 3015 t

2186 2972 2380 3041 στήσῃ,
2410 2971 2503 3022 καὶ
2534 2971 2598 3021 ἐκ
2623 2967 2732 3020 τῶν
2763 2966 2970 3034 νεκρῶν
3003 2964 3259 3037 ἀνεγείρῃ
3278 2981 3292 2994 ο
3320 2967 3348 3016 6
3381 2964 3608 3032 ποιητὴς
3636 2961 3745 3012 τῶν

516 3052 630 3117 fex,
659 3052 749 3121 qui
775 3061 898 3106 ante
920 3067 1132 3106 omnem
1157 3063 1465 3108 creaturam
1495 3064 1599 3107 tam
1630 3054 1892 3108 visibilem
1919 3069 2078 3122 quam

519 3143 866 3207 invisibilem,
903 3145 1003 3198 soli
1029 3143 1173 3198 Patri
1206 3153 1260 3198 et
1293 3143 1522 3214 Spiritui
1563 3155 1753 3199 sancto
1783 3145 2080 3199 coexsiste-

518 3237 611 3289 bat
665 3236 1023 3302 immortalis;
1083 3251 1212 3291 ecce
1263 3237 1308 3292 is
1355 3246 1505 3290 extra
1567 3221 1730 3292 ullum
1777 3247 2079 3306 peccatum,

521 3322 789 3393 ullatnque
815 3325 1110 3394 cujuspiam
1137 3326 1368 3381 hominis
1400 3338 1494 3380 aut
1521 3327 1619 3381 viri
1655 3342 1897 3397 operam,
1925 3325 2082 3381 bodie

520 3413 676 3468 nobis
705 3428 768 3467 ex
802 3413 1021 3484 Virgine
1049 3415 1315 3470 nascitur.

2184 3059 2342 3122 ὅλων,
2368 3061 2397 3113 6
2425 3057 2530 3128 πρὸ
2557 3057 2738 3125 πάσης
2771 3053 2999 3116 κτίσεως
3029 3053 3236 3124 ὁρατῶν
3267 3053 3452 3108 τεκαὲ
3477 3050 3746 3120 ἀοράτων,

2190 3149 2337 3220 μόνῳ
2385 3147 2562 3218 Πατρὶ
2602 3147 2694 3199 καὶ
2728 3144 3003 3214 Πνεύματι
3048 3144 3404 3213 συνυπάρχων
3457 3141 3745 3203 ἀθάνατος,

2186 3241 2424 3309 σήμερον
2460 3238 2566 3290 ἰδοὺ
2600 3241 2663 3290 ὲκ
2691 3235 2964 3306 Παρθένου
2995 3232 3348 3304 γεννώμενος,
3381 3233 3546 3303 χωρὶς
3567 3231 3748 3296 πάσης

2186 3329 2479 3399 ἁμαρτίας,
2517 3328 2644 3381 ἄνευ
2682 3325 2989 3395 ἀνθρώπου,
3025 3325 3142 3394 ἦτοι
3173 3323 3383 3394 ἀνδρὸς.

1115 3529 1201 3584 Ex
1237 3532 1455 3586 concilio
1494 3532 1752 3602 Ephesino
1778 3545 1920 3602 part.
1952 3533 2020 3597 ll,
2047 3548 2117 3585 αα

2185 3529 2234 3592 1,
2261 3539 2384 3580 ιοηι.
2418 3524 2486 3579 lll
2513 3525 2805 3579 t.oncilior.
2841 3541 2962 3593 pag.
2996 3522 3142 3580 1065.

1100 3643 1230 3698 Item
1255 3660 1319 3698 ex
1367 3647 1590 3700 concilio
1627 3647 1873 3702 Chalced.
1904 3657 2042 3717 part.
2073 3643 2139 3712 ll,
2173 3653 2276 3696 act.
2306 3640 2347 3705 l,
2385 3649 2514 3694 tom.
2544 3637 2609 3692 IV
2639 3638 2849 3694 Concil.
2881 3655 3000 3707 pag.
3026 3636 3183 3690 1145.

878 3753 1225 3823 Amphilochii
1264 3759 1489 3827 episwpi
1526 3757 1716 3814 Iconii.

589 3841 854 3910 Quoniam
882 3845 1022 3899 enim
1061 3847 1198 3900 idem
1227 3848 1334 3900 llex
1376 3859 1431 3902 et
1460 3848 1598 3903 Deus
1625 3859 1729 3913 est,
1767 3859 1823 3904 et
1849 3861 2080 3904 mortem

519 3936 588 3989 ob
621 3935 887 4004 passionis
921 3935 1374 4004 dispensationem
1416 3940 1674 4008 gustavit.
1711 3956 1932 3995 munera
1969 3957 2086 4011 my-

520 4027 810 4080 steriorum
864 4036 990 4081 sunt
1035 4029 1257 4083 indicia.
1299 4029 1540 4084 Oﬂ‘erunt
1586 4034 1726 4100 magi
1769 4049 1956 4086 aurum
1995 4049 2086 4086 co-

519 4129 844 4189 gnoscentes
890 4119 1064 4187 ipsum
1110 4135 1229 4174 esse
1259 4136 1481 4191 regem;
1515 4121 1753 4176 oderunt
1795 4123 1950 4185 ibus,
1992 4139 2087 4176 no—

520 4220 648 4264 runt
665 4211 807 4264 enim
832 4225 891 4265 se
914 4209 1023 4264 Deo
1048 4209 1276 4276 oll‘erre;
1306 4212 1847 4284 uﬂ'eruntmyrrbam,
1872 4222 2090 4282 propter

520 4311 748 4355 mortem
780 4301 833 4355 in
868 4301 1126 4372 mysterio
1150 4302 1436 4370 passionis.

2446 3752 2824 3823 Ἂμφιλοχίου
2853 3751 3188 3804 ἐπισκόπου
3233 3747 3504 3801 Ἰκονίου.

2269 3845 2486 3914 Ἐπειδὴ
2507 3845 2617 3913 γάρ
2637 3843 2665 3893 6
2687 3843 2845 3904 αὐτὸς
2870 3841 3122 3910 βασιλεὺς
3151 3841 3243 3892 καὶ
3263 3839 3416 3903 Θεὸς,
3439 3839 3532 3891 καὶ
3551 3837 3758 3910 νεκρὼ-

2191 3955 2328 4000 σεως
2356 3936 2444 3990 διὰ
2474 3937 2572 4005 τὴν
2599 3935 2691 3986 τοῦ
2723 3934 2926 3996 πάθους
2955 3933 3264 4002 οἰκονομίαν
3293 3933 3648 4002 γευσάμενος,
3682 3932 3758 3985 τὰ

2188 4028 2335 4100 δῶρα
2356 4027 2463 4079 τῶν
2493 4025 2806 4097 μυστηρίων
2828 4026 2973 4077 ἐστὶν
3003 4025 3319 4094 αἰνίγματα.
3344 4023 3753 4094 Προσφέρουσιν

2190 4120 2240 4171 οἱ
2289 4119 2451 4188 μάγοι
2479 4117 2721 4187 χρυσίον,
2752 4115 3106 4186 γνωρίζοντες
3137 4115 3297 4168 αὑτὸν
3332 4111 3470 4168 εἶναι
3507 4114 3754 4184 βασιλέα.

2193 4209 2571 4279 ῐῐροσφέρουσι
2601 4207 2814 4259 λίϐανον
2834 4224 2847 4236 ·
2881 4207 2998 4276 Θεῷ
3025 4207 3132 4277 γάρ
3163 4206 3309 4259 ἴσασι
3334 4207 3752 4277 προσεξέροντες.

2193 4301 2567 4372 Προσφέρουσι
2599 4299 2863 4370 σμύρναν,
2897 4299 2985 4352 διὰ
3012 4300 3107 4370 τὴν
3141 4302 3198 4353 ὲν
3227 4298 3306 4369 τῷ
3341 4298 3620 4369 μυστηρίῳ
3658 4299 3756 4352 τοῦ

2192 4393 2396 4457 πάθους
2424 4393 2709 4464 νέκρωσιν.

1355 4494 1434 4549 Ex
1460 4497 1649 4550 concil.
1688 4497 1934 4552 Chalced.
1959 4512 2098 4567 part.
2134 4498 2198 4565 ll,
2225 4511 2328 4555 act.
2371 4501 2396 4553 1
2445 4511 2568 4554 tom.
2597 4498 2687 4564 1V,
2718 4516 2771 4568 p.
2808 4500 2965 4554 1145.

1080 4586 1215 4638 Item
1249 4603 1314 4640 ea:
1333 4588 1532 4644 eodem.

591 4675 704 4732 Nisi
746 4676 892 4730 enim
937 4675 1028 4730 ille
1075 4685 1236 4731 natus
1286 4677 1475 4732 luisset
1513 4681 1806 4733 secundum
1852 4694 2094 4746 carnem,

537 4785 646 4823 non
685 4770 1047 4822 renascereris
1080 4778 1131 4822 tu
1165 4769 1536 4838 spiritualiter.
1582 4770 1692 4824 Nisi
1736 4771 1821 4825 ille
1851 4772 2096 4839 dignatus

524 4861 714 4916 fuisset
736 4861 963 4913 formam
998 4860 1142 4913 servi
1172 4861 1452 4929 suscipere
1473 4903 1489 4926 ,
1528 4876 1862 4932 nequaquam
1897 4873 1950 4916 tu
1979 4864 2094 4934 glo-

524 4953 658 5005 riam
679 4951 983 5021 adoptionis
1016 4951 1254 5006 lucratus
1283 4967 1451 5008 esses.
1489 4951 1777 5021 Pmpterea
1806 4954 1948 5009 enim
1979 4969 2094 5009 ete-

521 5043 672 5099 lcstis
715 5043 770 5096 in
819 5055 1016 5098 terram
1063 5044 1361 5098 descendit.
1413 5053 1471 5098 ut
1511 5052 1564 5096 tu
1593 5045 1682 5098 oui
1720 5046 1771 5098 in
1820 5055 1960 5100 terra
1991 5061 2089 5113 es,

592 5188 640 5222 ιι
666 5189 784 5244 Act.
817 5204 894 5253 ιι,
928 5164 1018 5271 i6.
1094 5187 1142 5218 ιι
1182 5187 1308 5242 ibid.
1341 5186 1451 5306 σε,
1511 5188 1556 5220 οε
1583 5185 1735 5274 ξρτιη.
1767 5202 1820 5240 ιι.
1876 5187 1962 5241 19.

1451 5259 1530 5312 »1
1565 5278 1655 5312 In.
1687 5261 1798 5312 ιςτ

1451 5259 1530 5312 II
1565 5255 1655 5313 Ιῖὅ.
1687 5261 1794 5314 Ιῖῗ

595 5321 730 5395 (98‘)
758 5322 866 5395 Kal
905 5323 1005 5376 ἵνα
1038 5321 1124 5391 μὴ
1154 5338 1332 5395 paup.
1378 5261 1958 5395 IlIeZiItafliiiritf-tlpcum
1989 5319 2088 5373 Fa-

524 5389 728 5448 cundus
757 5389 1268 5446 Hertnianeiisislib.
1303 5407 1381 5451 χι,
1405 5407 1519 5457 cap.
1553 5393 1604 5451 5,
1640 5406 1757 5458 pag.
1791 5389 1909 5451 76l,
1939 5406 2090 5442 emn-

525 5479 628 5532 que
659 5465 727 5516 ita
759 5463 1017 5515 redditum
1049 5463 1249 5515 refert:
1285 5459 1348 5532 Et
1378 5473 1432 5513 ut
1461 5478 1562 5532 rion
1584 5463 1790 5526 longum
1813 5463 2088 5532 extendam

525 5529 830 5590 sermonem.
865 5533 1078 5585 breriter
1112 5541 1159 5583 te
1192 5531 1415 5599 requiro.
1449 5529 1550 5594 Qui
1600 5541 1752 5599 tratus
1790 5539 1862 5582 est
1897 5545 1960 5580 ea:
1985 5529 2090 5582 Deo

527 5612 646 5654 ante
677 5603 888 5664 sarcula,
921 5618 1103 5669 passus
1137 5614 1232 5663 est,
1257 5598 1330 5653 an
1358 5601 1445 5668 qui
1475 5615 1538 5669 ea;
1589 5598 1754 5669 Darid
1798 5599 1852 5651 in
1893 5600 2091 5652 ultimis

452 5717 456 5720 .
529 5673 840 5740 temporibus
868 5667 1141 5742 generatus
1171 5688 1244 5726 es:
1284 5667 1478 5726 Jesus?
1506 5667 1562 5723 Si
1604 5668 1809 5723 quidem
1848 5669 2090 5724 divinitas

2120 4602 2168 4660 Ι)

2679 4590 2918 4659 Ὀμοίως
2946 4589 3052 4644 τοῦ
3076 4589 3282 4646 αὐτοῦ.

2267 4679 2330 4731 Ei
2361 4679 2435 4749 μὴ
2463 4677 2569 4750 γὰρ
2602 4680 2807 4741 ἐκεῖνος
2833 4677 3094 4748 ἐγεννήθη
3129 4677 3424 4750 σαρκικῶς,
3455 4679 3555 4732 οὐκ
3585 4678 3649 4732 ἂν
3689 4681 3759 4734 σὺ

2195 4772 2558 4843 ἀνεγεννήοης
2580 4772 2983 4842 πνευματικῶς.
3009 4774 3071 4825 Εἰ
3093 4773 3148 4826 δὲ
3173 4773 3246 4844 μὴ
3275 4776 3478 4838 ἐκεῖνος
3502 4775 3761 4844 ἠνέσχετο

2193 4866 2294 4935 τῆς
2330 4865 2423 4918 τοῦ
2454 4864 2638 4918 δούλου
2689 4864 2939 4936 μορφῆς,
2981 4865 3081 4918 οὐκ
3113 4865 3178 4917 ἂν
3213 4866 3276 4917 σὺ
3327 4865 3424 4937 τὴν
3458 4866 3614 4932 δόξαν
3657 4867 3762 4938 τῆς

2194 4957 2463 5019 υἱοθεσίας
2500 4956 2812 5027 ἐκέρδανας.
2845 4956 2943 5008 Διὰ
2986 4956 3141 5010 τοῦτο
3179 4957 3287 5028 γὰρ
3335 4959 3427 5011 ἐπὶ
3467 4958 3567 5028 τῆς
3601 4959 3702 5028 γῆς
3729 4963 3760 5013 6

2195 5049 2547 5120 ἐπουράνιος,
2577 5049 2662 5101 ἴνα
2692 5050 2754 5102 σὺ
2787 5050 2815 5100 6
2847 5048 2940 5100 ἐπὶ
2972 5049 3074 5118 γῆς
3113 5050 3192 5113 εἰς
3230 5049 3454 5120 οὐρανὸν
3495 5049 3755 5120 άναχθῇς.

2186 5336 2341 5390 passa
2367 5331 2462 5381 est,
2490 5319 2671 5374 dixisti
2703 5321 3075 5389 blasphemiam
3106 5337 3124 5374 :
3161 5322 3206 5375 si
3232 5331 3402 5376 autem
3431 5323 3601 5385 homo,
3622 5327 3760 5378 sicut

2187 5391 2378 5444 veritas
2403 5390 2574 5454 habet,
2598 5408 2759 5459 quare
2793 5409 2892 5444 non
2927 5395 3159 5460 applicas
3201 5393 3396 5444 homini
3438 5392 3758 5458 passionem,

2189 5471 2277 5513 aut
2302 5460 2522 5513 humilia
2556 5477 2655 5513 non
2687 5465 2893 5514 consuis
2928 5464 3122 5516 verba?
3159 5463 3282 5516 Haec
3317 5460 3618 5515 Facundus.
3658 5463 3760 5518 Po-

2191 5541 2386 5602 strema
2440 5533 2616 5584 Otnisit
2653 5530 3028 5588 Theodoritus.
3083 5532 3287 5589 Videsis
3341 5545 3460 5602 qua:
3509 5530 3646 5586 infra
3692 5542 3759 5596 ad

2191 5600 2402 5672 Fragm.
2434 5619 2486 5658 χι
2519 5607 2861 5660 adnotantur.
