4030 6408
275 298 351 353 101
1363 297 1774 353 ΜΖΝἸἙΝΤΙΑΞ

1890 301 1904 351 Τ
1944 299 2330 354 EXCERPTA.

3362 301 3382 358 1
3395 304 3466 356 0:5

270 413 350 467 Διὰ
371 412 510 466 τοῦτο
531 413 754 484 Χριστὸς
771 412 962 466 ἑαυτὸν
985 411 1270 474 ἐκένωσεν,
1300 412 1384 464 ἴνα
1410 414 1570 482 ἡμεῖς
1593 413 1784 476 πάντες

1898 414 1949 466 in
1986 411 2182 467 ctelnm
2208 411 2507 465 extollat-is.
2549 409 2676 465 Ideo
2701 410 2950 464 Christus
2990 417 3334 478 semetipsum
3366 427 3432 464 ex

269 509 320 558 ἐκ
341 504 421 556 τοῦ
450 503 802 573 πληρώματος
829 503 991 557 αὑτοῦ
1017 503 1290 573 λάϐωμεν.
1334 503 1573 556 Ἐκείνου
1609 502 1792 556 Θανόν-

268 610 342 654 τος
380 592 553 658 γέγονέ
600 608 681 643 σοι
723 591 1015 644 ἀθανασία.
1072 592 1144 643 Τὸ
1175 590 1268 643 τοῦ
1308 591 1576 644 Δεσπότου
1622 591 1792 656 πάθος

266 684 423 750 γέγονε
470 681 556 735 τοῦ
601 682 789 734 δούλου
846 682 1067 754 ὖςνωμα.
1111 683 1180 734 Σὺ
1225 681 1282 734 δὲ
1336 681 1433 752 τὴν
1471 683 1791 754 εὐεργεσίαν

265 775 518 843 λαμϐάνεις
556 773 903 844 βλασφημίας
932 773 1161 842 ἐφόδιον.

1901 505 2154 566 inanivit,
2195 513 2252 556 ut
2285 519 2382 557 nos
2401 517 2588 556 omnes
2608 503 2674 556 de
2705 501 3035 570 plenitudine
3059 499 3174 568 ejus
3199 503 3468 572 accipere-

1899 612 2038 648 mus.
2074 594 2218 648 lllius
2249 609 2394 648 mors
2429 593 2568 647 facta
2604 601 2686 647 est
2721 593 2814 646 tibi
2855 592 3252 655 immortalitas,
3289 595 3468 662 passio

1897 684 2105 738 Domini
2136 684 2275 737 facta
2312 694 2396 738 est
2431 699 2588 737 servo
2622 684 2898 737 exultatio.
2938 683 3019 738 Tu
3050 694 3231 740 autem
3262 686 3465 742 beneﬁ-

1897 777 2038 829 cium
2069 776 2234 846 vegrtis
2254 775 2306 829 in
2333 777 2672 830 occasionem
2714 774 3086 844 blasphemiae.

1794 885 1894 945 IV.

1299 983 1380 1036 Ex
1404 983 1694 1038 Elemcntis
1718 985 2031 1038 Damasceui
2068 985 2412 1055 Rupefucald.

273 1080 356 1133 1ὀῦ
369 1077 650 1150 μακαρίου
683 1078 1066 1150 Ἀμφιλοχίον
1086 1094 1099 1106 ·
1117 1079 1185 1150 ἐκ
1209 1079 1335 1150 τοῦ,
1358 1081 1451 1150 εις
1475 1079 1560 1143 τὸ,
1585 1078 1787 1150 Κύριος

582 1147 761 1200 ἐκτισέ
795 1164 862 1218 με
884 1163 895 1174 ·
929 1148 1108 1216 ἀρχὴ,
1145 1149 1203 1200 '0
1233 1149 1273 1200 δ’
1309 1149 1482 1217 λόγος.

318 1237 376 1290 Τὸ
402 1239 618 1309 ἄχρονον
661 1239 942 1291 ἄκτιστον·
969 1239 1030 1290 τὸ
1063 1239 1118 1290 δὲ
1151 1239 1403 1292 ἅκτιστον
1431 1242 1662 1309 ἄναρχον
1680 1256 1692 1269 ⁸
1729 1237 1790 1290 τὸ

261 1331 302 1383 δὲ
326 1333 532 1402 ἄναρχον
572 1331 743 1384 ἀΐδιον
764 1349 777 1360 ·
813 1331 975 1394 ἀΐδιος
1002 1331 1058 1384 δὲ
1103 1331 1258 1402 μόνος
1286 1334 1314 1383 ό
1342 1333 1492 1394 Θεὸς.
1529 1331 1635 1384 Καὶ
1660 1329 1789 1399 μεθ’

258 1424 423 1490 ἔτερα·
457 1420 522 1476 Ὦ
551 1423 726 1494 Τριὰς
756 1424 865 1493 (99)
899 1423 1032 1490 ἁγία
1066 1424 1124 1475 ὲν
1165 1423 1245 1474 ἑνὶ
1280 1422 1503 1492 ὀνόματι
1538 1421 1794 1493 ἀριθμου-

261 1514 386 1582 μένη.
423 1514 478 1565 οὐ
518 1513 630 1584 γὰρ
667 1513 883 1581 λέγεται
929 1512 1094 1582 μονὰς
1137 1513 1230 1564 καὶ
1266 1513 1423 1578 δυὰς,
1456 1512 1576 1566 οὐδὲ
1623 1512 1788 1583 μονὰς

257 1605 331 1655 καὶ
373 1604 558 1672 μονάς·
598 1604 735 1657 ἀλλὰ
783 1604 953 1675 Τριὰς
1000 1605 1057 1656 ἐν
1097 1604 1334 1666 Μονὰδι,
1375 1605 1468 1658 καὶ
1508 1605 1690 1668 Μονὰς
1731 1607 1788 1657 ἐν

1889 1078 2038 1132 Beati
2080 1079 2466 1146 Amphilochii,
2511 1097 2576 1135 ex
2611 1092 2840 1136 tractatu
2893 1086 2945 1138 in
2992 1086 3158 1149 illud,
3211 1087 3466 1144 Dominus

2111 1150 2315 1202 creavit
2345 1166 2428 1204 me
2459 1151 2526 1204 “.
2548 1151 2739 1217 Incipit
2771 1167 2790 1206 :
2823 1154 3024 1220 Quarta
3043 1159 3200 1209 ratio.

1961 1237 2121 1321 Quod.
2142 1239 2258 1294 sine
2301 1249 2538 1309 tempore
2584 1245 2732 1297 etab
2758 1255 2959 1298 aeterno
2992 1256 3076 1300 est
3099 1286 3113 1310 ,
3156 1247 3461 1301 increatum

1891 1339 2008 1394 est;
2041 1331 2180 1399 quod
2208 1341 2385 1386 autem
2412 1342 2495 1386 est
2523 1334 2843 1402 increatnm,
2872 1338 3034 1390 etiam
3060 1348 3144 1391 est
3169 1347 3460 1401 a-ternnm;

1892 1419 2036 1476 Deus
2067 1431 2246 1476 autem
2270 1424 2416 1478 solus
2444 1433 2680 1481 aeternus
2709 1436 2814 1483 est.
2850 1427 2920 1480 Et
2954 1437 3068 1495 post
3093 1429 3201 1481 alia
3231 1443 3249 1481 :
3279 1429 3321 1483 Ο
3351 1428 3467 1482 Tri-

1895 1514 2036 1567 nitas
2069 1513 2121 1565 in
2159 1527 2264 1566 uno
2309 1517 2578 1570 accensita
2623 1520 2857 1572 nomine.
2907 1517 3042 1572 Nam
3092 1535 3195 1572 non
3247 1520 3463 1585 dicitur,

1896 1606 2076 1660 unitas
2103 1616 2157 1661 et
2181 1605 2450 1672 binarius;
2487 1623 2658 1678 neque
2684 1610 2862 1665 unitas
2890 1621 2944 1664 et
2970 1612 3176 1678 unitas;
3214 1618 3306 1667 sed
3339 1612 3462 1666 Tri-

257 1694 413 1763 Τρεὰδι
436 1711 447 1724 ο
476 1695 765 1763 μονοειδῶς
795 1695 868 1764 (l)
905 1693 1256 1764 μονωνύμως.
1292 1689 1386 1758 Εἷς
1413 1693 1564 1757 Θεὸς,
1598 1695 1784 1766 Πατὴρ

1895 1698 2036 1749 nitas
2061 1697 2115 1750 in
2160 1695 2411 1762 Unitate;
2447 1709 2500 1753 ct
2539 1699 2728 1756 Unitas
2763 1703 2814 1755 in
2849 1702 3150 1767 Trinitate;
3180 1705 3464 1756 uniformi-

256 1785 301 1834 ἐν
331 1785 447 1854 Υἱῷ,
479 1787 602 1848 Υἱὸς
636 1788 692 1838 ἐν
720 1787 896 1858 Πατρὶ
919 1787 1014 1839 σὺν
1036 1787 1174 1857 ἁγίῳ
1195 1785 1582 1858 Πνεύματιβ).
1601 1787 1786 1858 Ἡμεῖς

253 1876 440 1944 οἴδαμεν
466 1877 708 1947 Πατέρα,
733 1877 975 1948 Πατέρα·
1002 1879 1150 1942 Υἱὸν,
1176 1877 1325 1931 Υἱόν’
1359 1879 1511 1946 ἅγιον
1539 1879 1781 1950 Πνεῦμα,

253 1966 377 2032 ἄτιον
413 1968 663 2038 Πνεῦμα·
705 1969 908 2038 Τριὰδα
953 1969 1195 2040 ἐνότητι·
1227 1969 1325 2040 μία
1353 1969 1462 2041 γάρ
1494 1973 1638 2023 ἐστιν
1671 1971 1786 2024 ἑνό-

252 2075 332 2126 της
365 2059 582 2129 Πατρός,
637 2059 731 2111 καὶ
769 2059 927 2124 Υἱοῦ,
974 2059 1068 2113 καὶ
1095 2060 1252 2128 ἁγίου
1300 2061 1646 2130 Πνεύματος·
1687 2063 1786 2132 μία

252 2151 398 2214 οὐσία,
430 2152 522 2221 μία
562 2153 846 2222 κυριότης,
892 2151 947 2204 ἓν
975 2152 1218 2223 Θέλημα·
1258 2153 1356 2224 μία
1379 2153 1692 2225 Ἐκκλησία,
1729 2154 1785 2209 ἒν

251 2240 518 2311 βάπτισμα,
554 2241 659 2312 μία
693 2243 898 2306 πίστις.

1895 1797 1994 1852 ter,
2031 1805 2138 1843 uno
2169 1790 2407 1844 nomine.
2453 1789 2598 1845 Unus
2621 1792 2760 1846 Dens
2782 1834 2796 1857 ,
2835 1793 2998 1848 Pater
3031 1795 3084 1848 in
3114 1793 3270 1858 Filio,
3297 1797 3463 1850 Filius

1891 1881 1946 1934 in
1984 1879 2145 1933 Patre
2178 1895 2298 1933 cum
2339 1892 2524 1936 sancto
2557 1882 2779 1952 Spiritu.
2809 1882 3020 1938 Scimus
3045 1885 3142 1955 ipsi
3167 1925 3182 1952 ,
3214 1886 3462 1948 Patrem,

1889 1970 2144 2034 Patrem;
2185 1969 2403 2038 Filium,
2435 1971 2663 2038 Filium;
2690 1974 2948 2042 Spiritum
2983 1987 3249 2038 sanctum,
3288 1978 3462 2046 Spiri-

1891 2070 2003 2115 ttnn
2049 2075 2290 2116 sanctum
2328 2081 2342 2117 :
2379 2062 2692 2118 Trinitatem
2737 2068 2959 2122 unitate.
3011 2067 3130 2124 Una
3175 2070 3318 2122 enim
3373 2079 3456 2122 est

1893 2153 2070 2206 unitas
2094 2151 2270 2206 Patris
2299 2162 2354 2207 et
2399 2153 2518 2206 Filii
2555 2163 2607 2208 et
2650 2153 2884 2223 Spiritus
2925 2157 3140 2224 sancti,
3182 2173 3284 2210 una
3330 2160 3458 2212 sub-

1891 2245 2119 2309 stantia,
2149 2260 2251 2298 una
2276 2245 2592 2312 dominatio,
2623 2263 2727 2299 una
2763 2247 3029 2307 voluntas.
3057 2265 3160 2304 una
3195 2249 3435 2306 Ecclesia

1889 2348 2052 2386 untnn
2093 2333 2377 2402 baptisma,
2407 2349 2511 2386 una
2551 2334 2702 2391 lidcs.

1087 2447 1172 2501 Ea:
1201 2450 1372 2504 sacris
1404 2449 1678 2506 Parallelis
1709 2446 2038 2511 Damasceni,
2070 2454 2195 2499 tam.
2225 2445 2288 2510 ll,
2316 2463 2438 2516 pag.
2462 2445 2585 2500 9.99.

834 2567 943 2620 Τοῦ
975 2568 1180 2622 αὑτοῦ.

305 2658 400 2709 Μία
424 2659 545 2723 δόξα
579 2658 797 2728 Πατρὸς
825 2660 917 2710 καὶ
945 2658 1073 2710 Υίοῦ
1115 2659 1210 2711 καὶ
1251 2659 1406 2727 ἁγίου
1443 2660 1782 2729 Πνεύματος.

252 2744 286 2793 Τ
289 2741 351 2808 ip-
379 2744 558 2808 δόξαν
597 2746 707 2815 γάρ
736 2763 887 2814 μου,
937 2748 1129 2817 φησὶν,
1163 2746 1338 2814 ἑτέρῳ
1373 2750 1444 2801 οὐ
1477 2747 1665 2802 δώσω.
1712 2750 1787 2801 Οὑ

245 2835 337 2903 γάρ
367 2839 472 2888 ἐστι
500 2837 762 2908 δεύτερος
792 2837 922 2900 Θεὸς
949 2841 976 2890 ό
1005 2839 1148 2901 Υἱὸς,
1176 2840 1310 2892 ἁλλὰ
1343 2841 1513 2907 Λόγος
1551 2841 1644 2894 τοῦ
1671 2842 1788 2905 ἑνὸς

245 2929 319 2978 καὶ
353 2931 502 2997 μόνου
545 2930 724 2992 Θεοῦ,
763 2931 1177 3001 θεολογούμενος
1215 2934 1273 2985 ἐν
1323 2935 1531 3005 Πατρὶ,
1574 2934 1649 2996 ὡς
1694 2935 1786 2988 καὶ

244 3018 402 3089 Πατὴρ
422 3023 477 3072 ὲν
511 3021 629 3091 ι’ίῷ
651 3022 997 3089 Θεολογεῑται.
1025 3023 1220 3086 Καθὼς
1246 3025 1336 3076 καὶ
1372 3024 1594 3086 Ἡσαΐας
1619 3024 1784 3092 λέγει,

242 3105 473 3176 θεολογῶν
493 3111 623 3162 Υἱὸν
645 3113 739 3163 σὺν
763 3111 934 3180 [Ιατρί
954 3127 966 3139 °
991 3113 1500 3179 Προσχυνήσουσί
1543 3130 1664 3176 σοι,
1688 3115 1785 3166 καὶ

240 3199 297 3250 ἐν
341 3204 433 3255 σοι
481 3204 951 3272 προσεύξοντιιι·
1003 3205 1090 3256 ὅτι
1146 3206 1216 3257 ἑυν
1267 3206 1364 3257 σοὶ
1414 3209 1446 3258 ό
1495 3207 1636 3271 Θεὸς
1681 3206 1787 3260 τοῦ

251 3291 497 3358 Ἰσραὴλ,
531 3293 765 3362 Σωτήρ.
804 3295 1324 3364 Αἱσχυνθήσονται
1365 3297 1463 3349 καὶ
1493 3297 1784 3366 ἐντραπή-

218 3391 422 3437 σσονται
449 3388 680 3453 πάντες
707 3389 754 3439 oi
789 3388 1150 3457 ἀντικείμενοι
1192 3387 1361 3457 αὐτῷ.
1389 3391 1436 3441 oi
1480 3389 1552 3462 μὴ
1595 3389 1784 3460 ὁμολο-

239 3473 433 3538 γοῦντες
465 3478 646 3547 αὐτῷ,
685 3477 780 3529 καὶ
807 3477 866 3529 τὸ
910 3477 1129 3547 Πνεῦμα
1160 3478 1323 3530 αὑτοῦ
1345 3518 1359 3538 .
1387 3478 1486 3547 τῆς
1516 3479 1684 3550 αὐτῆς
1708 3478 1785 3550 τῷ

241 3564 336 3635 Υἰῷ
362 3569 561 3633 οὐσίας,
592 3571 691 3621 καὶ
722 3569 860 3640 πλὴν
889 3569 1050 3622 αὑτοῦ
1234 3567 1369 3624 εἶναι
1396 3571 1547 3623 Θεάν-

296 3660 396 3711 Οὺκ
427 3661 572 3714 ἔστιν
605 3662 784 3714 οὕτω·
815 3662 890 3732 μὴ
929 3663 1170 3728 γένοιτοί
1201 3663 1312 3715 Οὐκ
1349 3662 1464 3714 ἐστι
1493 3663 1720 3733 γεννητὴ
1749 3663 1781 3732 ή

239 3749 413 3820 Τριέις,
467 3753 584 3806 ἁλλ’
618 3752 820 3816 ἀΐδιος-⁸
855 3753 948 3806 καὶ
995 3753 1091 3824 μία
1129 3755 1315 3824 Θεότης
1341 3757 1399 3806 ἐν
1438 3754 1654 3825 Τριὰδι,
1690 3755 1784 3807 καὶ

242 3843 322 3908 μία
345 3843 462 3906 δόξα
489 3844 592 3914 τῆς
625 3844 792 3911 ἁγίας
834 3843 1082 3914 Τριὰδος.
1120 3845 1227 3896 Καὶ
1270 3845 1474 3914 σχίζειν
1505 3843 1673 3914 αὐτὴν
1703 3845 1783 3907 είς

238 3929 495 4004 διαφόρους
527 3934 727 4004 φύσεις
761 3934 840 3987 το“
860 3935 1027 4006 pars;
1061 3935 1221 4004 Μόνῳ
1249 3933 1366 4004 Θεῷ
1405 3935 1660 4006 ἁρμόττει
1697 3933 1784 3987 λέ-

238 4037 335 4088 γειν
372 4025 426 4077 τὸ
461 4027 633 4096 ἐμόν.
679 4025 858 4078 Αὑτοῦ
905 4025 1013 4096 γὰρ
1056 4024 1216 4095 μόνου
1258 4024 1423 4088 ὅντως
1467 4025 1649 4096 κτῆμα
1715 4024 1783 4078 τὰ

238 4110 406 4169 πάντα.

1798 4233 1870 4293 ν.

2549 2561 2813 2630 Ejusdem.

1973 2654 2083 2710 Una
2117 2629 2202 2708 e‘st
2241 2653 2406 2722 gloria
2434 2629 2612 2708 Patris
2647 2664 2701 2709 et
2739 2654 2860 2708 Filii
2896 2665 2949 2709 et
2991 2653 3226 2725 Spiritus
3265 2657 3460 2711 sancti.

1895 2743 2130 2798 Gloriam
2159 2746 2300 2798 enim
2334 2762 2521 2812 meam,
2551 2745 2755 2815 inquit,
2780 2746 2930 2800 alteri
2965 2764 3067 2801 non
3095 2749 3228 2800 dabo
3243 2748 3310 2800 ".
3348 2747 3462 2803 Non

1893 2837 2036 2890 enim
2070 2837 2334 2890 secundus
2368 2837 2505 2890 Deus
2541 2846 2623 2890 est
2659 2837 2830 2892 Filius
2852 2880 2866 2904 ,
2900 2837 2994 2892 sed
3039 2836 3267 2892 Verbum
3301 2842 3462 2895 unius

1894 2935 1949 2980 et
1977 2925 2144 2980 solius
2189 2927 2315 2992 Dei,
2365 2925 2455 2995 qui
2500 2927 2552 2979 in
2593 2927 2750 2982 Patre
2787 2928 2926 2982 Deus
2967 2943 3086 2982 esse
3116 2930 3460 2998 praedicatur,

1889 3021 2342 3088 quemadmodum
2376 3030 2432 3074 et
2470 3018 2629 3074 Pater
2653 3021 2703 3073 in
2731 3019 2885 3074 Filio.
2919 3021 3074 3075 Velut
3104 3023 3265 3075 etiam
3294 3023 3462 3079 lsaias

1888 3113 1963 3164 ait
1995 3151 2009 3174 ,
2042 3111 2168 3165 dum
2200 3111 2391 3164 Filium
2423 3126 2525 3164 una
2566 3127 2685 3165 cum
2720 3111 2878 3164 Patre
2907 3115 3223 3180 protitetur:
3257 3115 3460 3170 Adera-

1887 3204 2010 3255 bunt
2036 3211 2104 3265 te,
2141 3212 2188 3255 et
2215 3204 2267 3254 in
2294 3213 2342 3256 te
2368 3206 2588 3256 orabunt
2617 3219 2634 3255 :
2668 3205 2912 3271 quoniam
2939 3205 2992 3256 in
3028 3214 3075 3257 te
3105 3203 3240 3258 Deus
3270 3204 3458 3267 Israel,

1887 3291 2151 3348 Salvator.
2191 3292 2593 3362 Confundeutur
2630 3304 2676 3347 et
2717 3296 3011 3347 erubescant
3051 3313 3226 3349 omnes
3260 3297 3327 3358 ⁸⁸,
3367 3298 3456 3362 qui

1884 3387 1986 3452 ipsi
2027 3387 2408 3451 adversantur,
2445 3403 2544 3442 nec
2577 3388 2749 3454 ipsum
2784 3389 3128 3454 conﬁtentur,
3161 3403 3256 3444 nec
3286 3389 3460 3458 Spiri-

1894 3488 2004 3531 tum
2037 3479 2202 3546 ipsius
2222 3477 2458 3545 ejusdem
2488 3495 2550 3533 ac
2576 3479 2742 3533 Filius
2771 3481 3021 3534 essentia:
3045 3495 3166 3535 esse
3183 3521 3200 3548 ,
3236 3496 3297 3534 ac
3323 3497 3462 3551 pra:-

1894 3577 1974 3621 ter
1997 3584 2141 3631 eum,
2176 3569 2340 3622 alium
2367 3569 2534 3622 Deum
2560 3586 2697 3624 esse.

1961 3658 2307 3728 Nequaquam
2334 3660 2402 3713 ita
2431 3670 2514 3714 est
2545 3674 2560 3713 :
2590 3661 2760 3714 absit!
2791 3659 2902 3715 Non
2929 3671 3014 3714 est
3043 3670 3321 3728 procreata
3349 3661 3463 3716 Tri-

1890 3751 2054 3815 nitas,
2085 3753 2176 3805 sed
2201 3753 2527 3820 sempiterna
2551 3769 2564 3815 ;
2590 3763 2645 3805 et
2669 3769 2771 3804 una
2799 3762 2878 3807 est
2906 3753 2958 3804 in
2987 3751 3250 3806 Trinitate
3276 3754 3451 3806 deitas

1889 3852 1942 3898 et
1969 3860 2071 3897 una
2116 3853 2320 3897 sanctae
2344 3841 2629 3898 Trinitatis
2665 3845 2854 3914 gloria.
2895 3844 2960 3897 Et
2996 3860 3092 3899 vos
3119 3859 3183 3898 eo
3219 3845 3460 3898 audacia:

1888 3935 2238 4002 prorumpitis
2258 3974 2272 3997 ,
2311 3945 2370 3989 ut
2399 3952 2516 3990 eam
2546 3935 2597 3989 in
2629 3935 2872 3990 diversas
2900 3946 3126 3990 naturas
3154 3933 3462 3990 scindatis?

1891 4025 1992 4082 Uni
2016 4026 2125 4080 Deo
2153 4043 2320 4080 meum
2349 4027 2528 4082 dicere
2556 4027 2840 4094 convenit;
2871 4042 2994 4081 nam
3027 4025 3143 4094 ipse
3169 4024 3314 4082 solus
3343 4041 3462 4080 om-

1889 4118 1977 4172 nia
2006 4132 2130 4172 vere
2154 4117 2411 4186 possidet.

1322 4329 1407 4386 Ex
1433 4332 1728 4389 Elementis
1754 4333 2073 4387 Damasceni
2112 4331 2372 4402 Rupefuc.

564 4449 683 4506 Τοῦ
711 4450 897 4504 αὑτοῦ
933 4452 1014 4514 είς
1046 4451 1138 4504 τὸν
1180 4452 1427 4506 Ἡσαΐαν.

302 4538 353 4594 ’0
401 4541 494 4595 ἐπὶ
523 4543 775 4595 πάντων
796 4542 936 4608 Θεὸς
972 4543 1072 4596 οὐκ
1109 4543 1330 4609 ἀπαξιοῖ
1363 4542 1678 4596 διακύπτειν
1716 4543 1782 4594 ὲκ

235 4632 311 4683 τοῦ
344 4635 564 4704 οὐρανοῦ
588 4653 603 4666 ο
661 4633 786 4687 οὐδὲ
826 4635 881 4686 αἱ
921 4633 1290 4705 λειτουργικαὶ
1336 4634 1624 4705 δυνάμεις,
1679 4633 1780 4706 τὴν

234 4722 483 4780 διακονίαν
534 4728 685 4798 ὑπὲρ
717 4726 1035 4796 εὐεργεσίας
1068 4727 1178 4780 τῶν
1209 4724 1509 4799 ἀνθρώπων
1553 4725 1782 4798 ἀρνοῦν-

233 4827 326 4867 ται.

2372 4447 2628 4520 Ejusdem
2658 4449 2712 4502 in
2750 4447 2958 4502 Isaiam.

1959 4540 2059 4608 Qui
2095 4549 2172 4595 est
2202 4557 2358 4610 super
2404 4541 2580 4594 omnia
2612 4539 2758 4594 Deus
2791 4539 2859 4604 ⁵⁸,
2888 4554 2992 4594 ιιοιι
3035 4537 3354 4609 dedignatur
3391 4541 3458 4594 de

1887 4635 2025 4689 calo
2059 4634 2110 4687 in
2159 4643 2353 4688 terram
2387 4635 2662 4702 aspicere;
2714 4645 2889 4701 neque
2941 4633 3168 4686 virtutes
3209 4631 3311 4686 illa:
3355 4632 3452 4685 ad-

1889 4725 2296 4780 ministratorim
2341 4725 2661 4794 obsequium
2692 4735 2895 4794 negant
2928 4724 2996 4792 6°,
3023 4724 3090 4779 ad
3131 4724 3457 4803 beneﬁcium

1887 4815 2188 4872 hominum.

289 4988 492 5046 “Prov.
531 5007 656 5058 τιιι,
679 4989 772 5046 22.
846 4991 891 5022 ⁸⁷
923 4989 1026 5046 lsa.
1065 5007 1194 5060 χιιι,
1217 4991 1272 5047 8.
1346 4991 1394 5025 ⁵⁸
1418 4993 1524 5048 lsa.
1553 5007 1676 5055 XLV,
1698 4987 1784 5043 M-

1957 4986 2002 5016 ⁸⁹
2032 4985 2188 5041 Rom.
2219 5003 2303 5050 ix,
2335 5008 2389 5041 ο.
2464 4984 2509 5016 ⁸⁸
2534 4983 2696 5040 Hebr.
2730 5000 2790 5052 ι,
2828 4987 2913 5042 14.

285 5165 388 5234 (99)
423 5164 489 5220 Ὦ
527 5167 729 5236 Τριὰς,
750 5185 815 5236 γκ.
854 5183 904 5220 τ.
931 5165 979 5220 λ.
1013 5165 1134 5220 Haec
1153 5166 1280 5220 item
1307 5169 1592 5224 exstantia
1624 5167 1782 5222 editis

237 5239 370 5290 utris
404 5235 689 5292 Paraltelis
738 5235 1154 5308 Damascenicis,
1191 5246 1338 5308 tum.
1383 5236 1444 5301 ll,
1490 5254 1610 5308 pag.
1652 5237 1776 5302 299,

240 5307 307 5356 ubi
345 5309 513 5361 minus
552 5319 704 5362 recte
749 5307 1088 5361 doctissimus
1139 5306 1312 5359 editor
1355 5309 1541 5361 scribit
1566 5306 1776 5363 'eadem

241 5370 479 5447 itgiapud
514 5377 876 5447 Epiphaniam
919 5377 1170 5447 Anco_rat.
1220 5374 1247 5445 ᾗ
1293 5392 1346 5429 x.
1389 5376 1655 5447 Caeterum
1692 5378 1777 5430 hic

242 5445 351 5517 apud
377 5442 976 5517 Darnas'CIitalegimus
1009 5463 1022 5497 :
1055 5442 1122 5497 Ὦ
1150 5442 1326 5517 -Τριάς
1357 5445 1778 5517 ἁγίαάριθμου-

245 5510 371 5582 μένῃ.
396 5516 562 5586 Τριὰς
590 5518 648 5569 ὲν
674 5516 754 5570 ἑνὶ
786 5510 1015 5586 ὀνόματι
1046 5510 1440 5586 ἀριθμουμένή.
1471 5516 1514 5570 Ο
1548 5510 1778 5569 Trinitas

244 5592 388 5635 uncta
421 5585 535 5652 aut:
590 5585 932 5651 numeraris;
982 5585 1208 5640 Trinitas
1265 5585 1368 5640 uno
1411 5585 1634 5641 nomine
1681 5603 1780 5640 nu-

246 5660 423 5705 linum.

301 5721 360 5790 tl)
396 5727 536 5781 Mor.
571 5725 630 5780 In
662 5727 806 5783 edito
842 5725 1082 5781 Damasc.
1126 5725 1274 5783 locus
1320 5726 1398 5783 sic
1449 5727 1779 5798 interpungi-

1884 5173 1972 5219 tur
1996 5179 2010 5217 :
2049 5161 2330 5234 μονοειδῷς
2356 5159 2688 5234 μονωνύμως
2711 5155 2792 5225 εἷς
2818 5162 2969 5224 Θεός.
2997 5163 3135 5216 Πατ.
3159 5162 3310 5228 Quod
3343 5179 3456 5216 ma-

1882 5235 1964 5302 gis
1993 5231 2183 5302 placet.
2222 5232 2391 5285 Aliter
2444 5242 2620 5286 tamen
2675 5231 2964 5300 interpres,
3025 5235 3116 5302 qui
3165 5244 3220 5288 et
3280 5252 3453 5289 .utetn

1881 5303 2020 5358 Deus
2047 5303 2246 5357 omisit.

1952 5371 2191 5444 (ΞλΣὺν
2217 5370 2727 5444 άγίῳμηνεύματι.
2746 5374 2844 5426 Inc
2871 5371 3069 5444 aesinit
3097 5370 3454 5444 fragmentum

1882 5441 2019 5513 apud
2037 5441 2303 5513 Damasc.,
2335 5441 2582 5513 aliudque
2599 5443 2878 5511 subjicitur
2903 5443 3044 5510 quod
3061 5443 3455 5513 ejusdemAm-

1883 5509 2138 5584 piriloeliii
2165 5526 2389 5584 esse,ex
2430 5509 2780 5584 llnpefut-altl.
2813 5509 3134 5584 exemplaris
3160 5512 3457 5584 inscriptio—

1886 5578 1975 5647 ne,
2008 5592 2159 5651 putat
2189 5580 2258 5634 cl.
2293 5578 2551 5648 Lequien.
2584 5583 2673 5634 Sic
2697 5594 2874 5634 autem
2911 5581 3096 5651 incipit
3127 5599 3140 5634 :
3179 5580 3290 5635 Μία
3307 5581 3452 5646 δόξα,

1886 5670 1940 5706 κ.
1962 5644 2019 5707 τί
2043 5652 2116 5714 λ.,
2151 5661 2208 5703 ιιι
2237 5644 2517 5717 propterea
2551 5652 2676 5704 illud
2723 5651 2880 5705 alteri
2911 5644 3316 5708 'Combelisiano
3355 5644 3453 5706 ad;

1886 5723 2114 5781 dentium
2135 5720 2583 5779 exiStiInavitnu;.
3445 5755 3450 5758 -
