4030 6408
567 410 667 471 l0?

1528 411 1586 468 s.
1623 409 2069 468 AMPIllLOCllll
2105 369 2844 467 lCONlENSlS'EPlSCOPl

3722 416 3825 470 HIS

567 546 788 602 prorsus
818 529 1078 586 alienum.
1114 526 1171 583 Si
1209 528 1350 582 enim
1400 527 1545 581 aliud
1588 528 1882 596 assumpsit
1925 541 2140 596 corpus,

2247 544 2375 580 νειν.
2431 528 2494 580 El
2537 526 2647 599 γάρ
2710 527 2897 596 ἕτερον
2941 526 3169 581 ἀνέλαϐε
3232 528 3412 600 σῶμα,
3474 529 3528 582 τί
3575 531 3713 601 πρὸς
3763 531 3826 585 τὸ

567 626 696 698 quid
731 627 832 680 hoc
863 625 929 680 ad
963 638 1140 678 meum
1181 622 1400 688 attinet,
1431 621 1572 690 quod
1613 619 1784 674 salute
1819 618 2054 688 indiget?
2085 617 2139 670 Si

567 731 787 772 carnem
829 729 861 768 e
907 713 1062 770 ccelis
1104 711 1352 773 devexit,
1403 710 1530 779 quid
1576 709 1643 764 ad
1686 723 1859 762 meam
1899 721 2138 772 carnem,

567 823 688 879 quae
717 808 784 862 de
825 817 968 861 terra
998 814 1212 874 sumpta
1243 802 1384 856 fuit?

2248 616 2378 686 ἐμὸν
2426 617 2488 669 τὸ
2533 617 2632 687 τῆς
2687 617 2961 688 σωτηρίας
3018 617 3298 687 δεόμενον;
3353 617 3415 670 Εἰ
3469 617 3528 682 ὲξ
3581 617 3826 689 οὐρανῶν

2247 708 2528 777 κατήγαγε
2578 706 2778 778 σάρκα,
2806 707 2858 759 τί
2894 705 3030 777 πρὸς
3075 706 3174 776 τὴν
3213 706 3352 777 ἐμὴν
3398 708 3576 775 σάρκα
3615 706 3712 779 τὴν
3759 709 3828 760 ὲκ

2246 799 2342 868 τῆς
2372 798 2476 868 γῆς
2503 798 2874 870 causam:

1949 890 2117 954 Ibid.,
2144 907 2263 960 pag.
2298 890 2418 943 lOl.

913 985 1168 1058 Ejusdem
1188 1028 1204 1051 ,
1236 1000 1302 1040 ex
1333 985 1513 1039 eodem
1541 984 1798 1039 oratione.

549 1101 552 1104 ’
638 1081 931 1149 Propterea
976 1080 1140 1148 igitur
1191 1093 1295 1131 non
1337 1087 1464 1131 ante
1494 1077 1838 1147 passionem,
1888 1074 1982 1130 sed
2017 1085 2138 1145 post

568 1176 876 1246 passionem
903 1212 919 1236 ,
958 1173 1139 1242 januis
1183 1171 1383 1226 clausis
1411 1172 1560 1225 stetit
1597 1171 1854 1225 Dominus
1883 1172 1936 1224 in
1967 1171 2147 1224 medio

570 1264 955 1334 discipulorum
979 1302 994 1327 ,
1028 1277 1135 1332 quo
1179 1261 1295 1315 fore
1335 1261 1580 1324 noveris,
1618 1269 1676 1313 ut
1705 1258 1868 1315 etiam
1911 1259 2144 1312 animale

569 1371 765 1427 corpus
825 1365 971 1409 tuum
1036 1353 1356 1408 semiustum
1438 1361 1684 1422 resurgat
1741 1349 2018 1419 spirituale
2073 1350 2139 1404 ".

572 1448 655 1502 Ne
694 1455 876 1501 autem
914 1460 1102 1500 rursus
1131 1443 1277 1497 aliud
1316 1457 1438 1498 esse
1472 1442 1746 1509 putaveris
1785 1443 1927 1511 quod
1960 1457 2144 1496 resur-

574 1542 693 1613 git,
729 1540 938 1594 Thoma
986 1537 1437 1592 resurrectionem
1481 1551 1584 1590 non
1631 1535 1924 1598 credente,
1964 1543 2145 1589 osten-

569 1634 646 1686 dit
697 1633 744 1685 ei
779 1631 981 1683 ﬁxuras
1012 1627 1310 1689 clavorum,
1355 1623 1593 1679 ostendit
1633 1623 1682 1678 ei
1732 1621 2012 1677 vulnerum
2050 1636 2144 1674 ve-

567 1720 812 1790 stigia".
877 1719 958 1772 An
1015 1730 1143 1770 vero
1201 1715 1434 1782 seipsum
1478 1727 1674 1766 sanare
1736 1727 1842 1766 non
1911 1720 2142 1781 poterat,

2557 983 2664 1037 Τοῦ
2681 981 2888 1048 αὑτοῦ,
2907 983 2978 1036 ἐκ
2998 982 3102 1036 τοῦ
3122 981 3308 1036 αὐτοῦ
3323 984 3528 1051 λόγου.

2315 1074 2413 1127 Διὰ
2441 1074 2615 1128 ταῦτα
2663 1075 2760 1145 μὲν
2785 1069 2898 1135 οὖν,
2928 1073 2990 1126 οὐ
3021 1073 3126 1144 πρὸ
3152 1071 3245 1126 τοῦ
3277 1073 3502 1134 πάθους,
3533 1072 3667 1126 ἀλλὰ
3686 1072 3825 1142 μετὰ

2243 1166 2304 1219 τὸ
2330 1166 2518 1228 πάθος,
2552 1165 2662 1218 τῶν
2696 1164 2874 1236 θυρῶν
2900 1163 3302 1234 κεκλεισμένων
3336 1163 3466 1234 ἔστη
3509 1162 3616 1217 τῶν
3649 1165 3828 1235 μαθη-

2243 1257 2352 1310 τῶν
2386 1257 2550 1328 μέσος
2578 1259 2606 1310 6
2644 1255 2866 1327 Κύριος,
2918 1256 3006 1309 ἵνα
3035 1255 3197 1326 γνῷς,
3233 1257 3315 1308 ὅτι
3363 1256 3458 1308 καὶ⁷
3511 1255 3605 1308 σοῦ
3635 1256 3696 1308 τὸ
3721 1255 3827 1324 ψυ-

2245 1351 2395 1420 χικὸν
2445 1349 2604 1420 σῶμα
2657 1349 2882 1421 σπαρὲν,
2921 1348 3194 1419 ἐγείρεται
3240 1347 3401 1418 σῶμα
3433 1349 3824 1418 πνευματικόνν

2247 1441 2334 1494 ἵνα
2375 1439 2431 1493 δὲ
2461 1440 2534 1511 μὴ
2575 1440 2740 1494 πάλιν
2769 1439 2896 1494 ἄλλο
2923 1441 3155 1514 νομίσῃς
3180 1434 3404 1493 εἶναιτὸ
3443 1429 3826 1510 ἀνιστάμενον,

2245 1532 2339 1586 τοῦ
2370 1532 2542 1603 Θωμᾶ
2573 1533 2708 1603 πρὸς
2749 1533 2848 1604 τὴν
2897 1533 3193 1586 ἀνάστασιν
3247 1533 3668 1602 άπιστήσαντος,
3715 1533 3828 1586 δεί-

2247 1642 2434 1678 κνυσιν
2486 1624 2634 1696 αὑτῷ
2658 1627 2783 1689 τοὺς
2815 1626 3020 1688 τύπους
3047 1623 3155 1698 τῶν
3185 1622 3353 1694 ἥλων,
3379 1623 3646 1676 δείκνυσιν
3674 1623 3827 1692 αὺτῷ

2246 1713 2356 1767 τῶν
2400 1715 2734 1786 τραυμάτων
2779 1715 2846 1770 τά
2896 1717 3039 1787 ἴχνη.
3077 1711 3203 1786 'Ap’
3263 1715 3364 1768 οὐκ
3410 1716 3594 1785 ἴσχυεν
3632 1715 3826 1768 ἑαυτὸν

569 1813 802 1867 maxime
833 1820 954 1880 post
999 1807 1475 1871 resurrectionem,
1500 1804 1589 1872 qui
1617 1819 1804 1859 omnes
1830 1803 1990 1858 etiam
2023 1811 2140 1857 ante

2252 1807 2523 1871 ἰάσασθαι,
2563 1807 2661 1862 καὶ
2701 1807 2876 1863 ταῦτα
2920 1809 3059 1880 μετὰ
3103 1810 3419 1872 ἀνάστασιν,
3442 1809 3700 1872 ὁπάντας
3727 1807 3828 1861 καὶ

565 1902 1014 1959 resurrectionem
1073 1895 1414 1953 sanaverat?
1487 1894 1592 1949 Sed
1625 1911 1721 1964 per
1764 1894 1867 1948 hoc
1902 1893 2142 1963 quidem,

565 1998 706 2068 quod
742 1996 1019 2051 clavorum
1049 1991 1251 2045 ﬁxuras
1279 1987 1538 2051 ostendit,
1565 1986 1853 2054 ipsummet
1873 1999 1992 2039 esse
2018 1999 2144 2054 pro-

568 2094 694 2146 bat:
722 2104 819 2159 per
841 2087 946 2141 hoc
973 2094 1172 2144 autem,
1201 2080 1343 2150 quod
1383 2078 1566 2147 jannis
1593 2076 1792 2130 clausis
1825 2075 2143 2145 ingreditur,

565 2181 801 2237 ostendit
833 2193 936 2232 non
969 2189 1090 2229 esse
1125 2170 1410 2242 ejusmodi.
1448 2167 1625 2239 Ipsum
1654 2167 1908 2236 quidem,
1940 2174 1997 2220 ut
2035 2166 2145 2220 dis-

568 2269 902 2343 pensationis
943 2265 1192 2335 impleret
1241 2265 1490 2326 modum,
1524 2274 1720 2329 corpus
1748 2267 2017 2312 mortuum
2054 2272 2144 2312 re-

568 2361 883 2418 suscitando
912 2377 925 2412 :
961 2373 1065 2411 nou
1100 2365 1278 2410 antem
1318 2351 1621 2422 ejusmodi,
1650 2358 1709 2403 ut
1735 2364 1803 2403 ne
1838 2364 2026 2403 rursus
2049 2349 2146 2403 ob-

567 2455 785 2510 noxium
813 2459 956 2506 esset
996 2445 1365 2517 corruptioni,
1406 2459 1542 2499 neve
1582 2445 1775 2497 iterum
1817 2442 1979 2496 morti
2019 2457 2142 2496 suc-

564 2543 860 2599 t'Ulllbel'el.

2244 1900 2352 1972 πρὸ
2401 1901 2500 1971 τῆς
2528 1901 2879 1964 ἀναστάσεως
2931 1902 3259 1970 ίασάμενος;
3315 1900 3475 1954 Ἀλλά
3524 1901 3589 1954 δι’
3623 1894 3696 1953 ὧν
3723 1902 3825 1971 μὲν

2243 1990 2370 2052 τοὺς
2415 1990 2621 2054 τύπους
2648 1991 2756 2044 τῶν
2803 1991 2950 2061 ἥλων
3004 1991 3266 2057 δείκνυσι,
3323 1991 3686 2063 παραδίδωσιν
3739 1992 3824 2046 ὅτι

2245 2081 2420 2134 τοῦτο·
2453 2081 2520 2134 δι’
2568 2076 2642 2135 ὧν
2693 2082 2751 2135 δὲ
2783 2081 3182 2152 κεκλεισμένων
3230 2081 3340 2134 τῶν
3381 2082 3560 2153 θυρῶν
3605 2082 3822 2144 εἴσεισι,
3884 2120 3888 2128 .

2242 2171 2514 2226 δείκνυσιν
2540 2174 2622 2227 ὅτι
2677 2173 2738 2226 οὑ
2801 2173 3030 2227 τοιοῦτο·
3081 2173 3380 2243 τοῦτομὲν,
3412 2174 3499 2226 ἵνα
3560 2171 3827 2247 πληρώσῃ

2241 2265 2332 2318 τὸν
2364 2267 2564 2337 τρόπον
2589 2268 2690 2337 τῆς
2710 2266 3042 2338 οἰκονομίας,
3073 2267 3293 2338 ἐγείρας
3307 2266 3367 2318 τὸ
3396 2266 3823 2338 νενεκρωμένον⁸

2239 2357 2298 2408 οὐ
2351 2357 2558 2410 τοιοῦτο
2618 2356 2705 2419 δὲ,
2735 2358 2821 2412 ἵνα
2867 2357 2941 2428 μὴ
2981 2357 3143 2411 πάλιν
3177 2359 3428 2430 ὑποπέσῃ
3462 2359 3657 2428 φθορᾷ,
3687 2357 3828 2429 μηδὲ

2239 2444 2399 2499 πάλιν
2427 2447 2633 2518 ὑποστῇ
2664 2445 2913 2501 Θάνατον.

1519 2627 1671 2695 Apud
1706 2625 2098 2690 Theodorilum,
2117 2625 2250 2679 Dial.
2277 2641 2358 2690 ιιι,
2393 2627 2546 2691 ibid.,
2573 2627 2834 2696 pagJCG.

565 2729 819 2801 Ejusdem
848 2743 912 2781 ea:
938 2725 1176 2801 oratione
1208 2723 1261 2777 in
1295 2723 1463 2801 illud,
1506 2720 1650 2801 Non_
1658 2729 1839 2801 potest
1880 2720 2048 2776 Filius
2074 2737 2140 2776 ex

1006 2811 1064 2850 se
1102 2795 1282 2848 facere
1317 2793 1608 2862 quidquam
1630 2791 1698 2844 ⁷⁸.

633 2889 748 2945 Non
785 2889 928 2944 enim
961 2886 1077 2942 ﬁeri
1105 2895 1314 2956 poterat
1353 2893 1412 2937 ut
1451 2881 1570 2936 Vita
1601 2899 1630 2934 a
1665 2882 2011 2952 corruptione
2047 2883 2140 2937 de-

2246 2722 2357 2776 Τοῦ
2385 2723 2571 2777 αὑτοῦ
2603 2723 2672 2776 ἐκ
2707 2723 2812 2777 τοῦ
2837 2724 3024 2792 λόγου
3063 2722 3169 2776 τοῦ
3197 2726 3284 2788 εἰς
3316 2723 3403 2783 τὸ,
3438 2723 3512 2776 Οὐ
3539 2723 3763 2778 δύναται
3793 2725 3827 2779 6

2586 2793 2714 2857 Υἱὸς
2765 2797 2936 2847 ποιεῖν
2968 2795 3060 2864 ἀφ’
3088 2795 3278 2848 ἑαυτοῦ
3308 2794 3477 2847 οὐδέν.

2307 2886 2440 2939 Οὐδὲ
2463 2884 2570 2958 γάρ
2604 2880 2717 2956 εἶχε
2748 2886 2909 2956 φύσιν
2955 2887 3059 2941 ὑπὸ
3105 2887 3312 2960 φθορᾶς
3335 2888 3661 2959 κατέχεσθαι
3719 2888 3830 2960 τὴν

563 2979 844 3036 tineretur.
898 2979 1076 3045 Quare
1122 2975 1375 3030 divinitas
1416 2973 1832 3042 haudquaquam
1873 2973 1938 3027 ad
1989 2989 2135 3026 mor-

2246 2976 2405 3046 ζωήν·
2449 2977 2637 3048 διόπερ
2686 2978 2784 3047 οὐχ
2819 2981 2852 3049 ἡ
2901 2977 3088 3050 θεότης
3116 2981 3194 3044 είς
3229 2981 3396 3044 πάθος
3439 2980 3822 3053 κατεσπάσθη.

559 3086 670 3130 tem
720 3082 992 3143 pertracta
1041 3078 1143 3126 est.
1191 3069 1434 3135 Quonam
1480 3067 1624 3122 enim
1678 3068 1728 3121 id
1777 3065 1980 3121 modo?
2027 3065 2133 3120 Sed

2246 3069 2364 3132 [Ιῶς
2412 3069 2558 3140 γάρ;
2617 3069 2812 3142 mw}
2865 3072 3220 3143 ἀνθρωπότης
3261 3074 3340 3136 είς
3382 3073 3688 3145 ἀφθαρσίαν
3727 3075 3827 3127 άν-

560 3168 872 3225 humanitas
911 3164 978 3219 ad
1013 3161 1472 3230 incorruptionem
1508 3168 1761 3213 renovata
1807 3167 1910 3212 est.
1960 3157 2133 3225 Opor-

557 3271 628 3318 tet
681 3262 842 3324 enim,
881 3259 1089 3327 inquit,
1128 3255 1349 3310 mortale
1376 3255 1472 3306 hoc
1511 3254 1726 3307 induere
1763 3252 2138 3306 immortalita-

557 3360 663 3405 tem
695 3365 715 3403 :
748 3359 795 3403 et
836 3346 1175 3410 corruptibile
1203 3347 1298 3396 hoc
1335 3341 1552 3396 induere
1603 3342 2047 3408 incorruptionem
2065 3341 2134 3396 '".

561 3441 743 3504 Vides,
776 3456 937 3511 quam
971 3447 1223 3494 accurate
1249 3434 1536 3504 loquatur?
1567 3431 1793 3487 Mortale
1823 3433 1940 3497 hoc,
1980 3433 2136 3503 quasi

559 3534 726 3604 digito
755 3531 1113 3596 monstravit,
1148 3540 1205 3581 ut
1238 3539 1305 3580 ne
1341 3535 1560 3597 putares
1604 3524 1742 3579 alius
1782 3525 1964 3580 carnis
2015 3539 2138 3580 esse

558 3626 1033 3682 resurrectionem.

2240 3162 2542 3234 εκαινίσθη.
2564 3163 2663 3216 Δεῖ
2682 3163 2811 3233 γὰρ,
2837 3166 2990 3235 φησὶ,
3023 3165 3089 3218 τὸ
3119 3166 3344 3233 θνητὸν
3371 3167 3545 3221 τοῦτο
3569 3168 3827 3222 ἐνδύσα-

2239 3256 2379 3307 σθαι
2403 3255 2766 3324 ὰφθαρσίαν.
2812 3257 2973 3328 Ὁρᾷς
3010 3258 3109 3323 τὴν
3143 3258 3457 3330 άκρίϐειανς
3494 3259 3564 3313 Τὸ
3597 3261 3829 3325 θνητὸν

2238 3343 2435 3408 τοῦτο,
2467 3344 2629 3411 ἔδειξε
2658 3346 2964 3413 δεικτικῶς,
2995 3349 3080 3402 ἵνα
3101 3349 3175 3420 μὴ
3191 3349 3354 3420 ἄλλης
3367 3350 3591 3423 νομίσῃς
3615 3351 3825 3422 σαρκὸς

2240 3437 2558 3493 ἀνάστασιν.

1735 3725 1818 3780 Ex
1847 3725 1962 3782 cod.
2000 3743 2096 3780 ms.
2133 3724 2195 3782 Β.
2229 3727 2294 3783 P.
2329 3727 2616 3784 Sirmondi.

553 3827 899 3899 Amphilochii
917 3868 932 3891 ,
957 3843 1022 3882 ea:
1045 3800 1277 3899 tractatu
1316 3826 1372 3877 in
1411 3824 1544 3899 illud
1567 3837 1586 3876 :
1612 3821 1727 3899 an
1761 3831 1937 3891 potest
1962 3820 2129 3876 Filius

975 3913 1004 3949 a
1044 3912 1103 3951 se
1139 3896 1317 3950 lacere
1355 3892 1735 3963 quidquam".

2250 3826 2654 3894 Ἀμφιλοχίου,
2682 3824 2750 3905 ἐξ
2777 3825 2998 3905 τοῦηεις
3021 3825 3107 3905 tt}:
3228 3827 3466 3905 δύναται
3493 3829 3522 3882 6
3555 3828 3680 3893 Υίὺς
3721 3833 3822 3904 ἀφ’

2719 3896 2914 3948 ἑαυτοῦ
2956 3899 3127 3949 ποιεῖν
3161 3898 3333 3954 οὐδέν.

619 3990 756 4045 Nam
789 3990 832 4043 si
866 3989 912 4043 is
938 3988 1032 4058 qui
1064 3986 1228 4041 semel
1275 3995 1370 4039 aut
1402 3987 1596 4039 iterum
1641 3983 1692 4037 in
1738 3982 1989 4052 presenti
2023 3997 2126 4038 sae-

2306 3985 2368 4037 Εί
2405 3983 2514 4056 γὰρ
2570 3985 2598 4037 6
2627 3985 2685 4037 ὲν
2723 3985 2802 4056 τῷ
2854 3985 3012 4039 αἰῶνι
3040 3987 3214 4058 τούτῳ
3247 3989 3576 4061 ἁμαρτάνων
3602 3993 3752 4060 ἆπαξ
3783 3995 3822 4067 ἢ

551 4082 674 4138 culo
720 4089 1030 4150 peccasset,
1086 4081 1154 4132 ad
1197 4091 1366 4131 annos
1412 4075 1630 4145 triginta
1679 4083 1734 4128 et
1774 4086 1898 4128 oeto
1940 4074 2130 4127 morbo

2246 4077 2503 4148 ςεύτερον,
2549 4077 2642 4129 ἐπὶ
2679 4077 2823 4131 ὀκτὼ
2857 4080 2955 4132 καὶ
3005 4080 3300 4152 τριάκοντα
3349 4081 3443 4152 ἔτη
3492 4085 3825 4155 παρεδέδοτο

553 4174 787 4229 traditus
823 4180 908 4227 est
928 4172 1007 4226 "z
1041 4171 1162 4239 quis
1203 4179 1465 4224 :etemum
1511 4167 1809 4237 puniendos
1852 4167 2131 4222 dubitave—

2246 4171 2302 4240 τῇ
2329 4169 2488 4240 νόσῳσ
2514 4169 2598 4234 τίς
2641 4170 2922 4242 ἀμφιῦάλῃ
2969 4171 3051 4225 ὅτι
3094 4172 3335 4226 ἀθάνατα
3378 4175 3439 4227 οὐ
3473 4175 3820 4242 κολάζονται,

559 4268 776 4330 riteos,
809 4265 898 4334 qui
925 4265 1091 4318 vitam
1125 4271 1289 4316 totam
1332 4261 1489 4332 genio
1529 4259 1865 4331 indulgentes
1893 4275 1957 4314 ac
1983 4259 2129 4316 volu-

2246 4262 2281 4314 nl
2332 4261 2626 4334 ὁλόκληρον
2667 4263 2847 4316 αὐτῶν
2912 4264 3026 4334 βίον
3074 4265 3132 4319 ὲν
3182 4268 3301 4330 ταῖς
3335 4267 3550 4338 ἡδοναῖς
3602 4269 3825 4324 ἀναλώ-

554 4355 790 4423 ptatibus
811 4351 1188 4421 insumpsere?

2246 4367 2430 4416 σαντες
2448 4371 2464 4421 ;

2158 4467 2260 4528 ΧΙ.

1505 4563 1652 4634 Apud
1689 4563 2084 4630 Theodoritum,
2114 4565 2249 4623 Dial.
2275 4584 2356 4633 Ill,
2397 4570 2551 4637 ibid.,
2589 4571 2858 4640 pag.165.

549 4654 1125 4735 Sancti‘Amphilochii
1169 4656 1395 4735 episcopi
1442 4653 1643 4735 leonii,
1683 4673 1753 4735 ex
1793 4657 2032 4735 oratione
2070 4658 2125 4710 in

2246 4663 2344 4716 Γοῦ
2381 4663 2570 4735 Αάγίου
2638 4664 3018 4733 Ἄμφιλοχίου
3069 4664 3405 4721 ἐπισκόπου
3447 4668 3715 4735 Ἰκονίου,
3744 4675 3824 4730 ἐκ

618 4730 752 4782 illud
783 4743 804 4783 :
832 4731 1001 4782 Amen
1040 4742 1195 4813 amen
1217 4727 1356 4813 ,ρίου
1382 4728 1534 4807 vobis
1553 4729 1696 4813 ..ιιιιὶ
1743 4726 1892 4813 audit
1919 4742 2125 4813 sermo.

2298 4733 2417 4813 τοῦ.
2444 4726 2648 4813 ’λᾴγςου
2681 4726 2788 4788 ἰοῦ
2823 4726 2914 4813 8]}:-
2941 4735 3030 4813 τὸ,
3080 4737 3250 4813 Ἀμὴν
3278 4738 3428 4813 ἀμὴν
3456 4739 3623 4813 λέγωμ

620 4814 742 4852 nem
777 4813 989 4862 meum,
1021 4807 1088 4886 ent“
1103 4795 1275 4851 credit
1304 4795 1354 4849 ei
1390 4797 1478 4865 qui
1521 4797 1666 4851 misit
1699 4811 1816 4861 me,
1846 4797 2007 4852 habet
2041 4797 2122 4851 vi-

2299 4804 2327 4886 δ
2368 4803 2460 4886 τὸν
2515 4795 2672 4886 λογον
2705 4822 2808 4886 μου
2828 4795 3072 4886 sicut»,
3103 4795 3217 4860 κάξ·
3242 4795 3633 4882 πιστεύων’τῷ
3667 4795 3826 4886 dep:

621 4878 730 4922 tam
761 4879 1020 4922 aeternam
1043 4866 1110 4919 ⁸ο.

2297 4874 2459 4942 ψαντί
2493 4866 2716 4945 με,’ἕχεί
2743 4873 2886 4945 ζωὴν
2903 4866 3137 4930 αἰώνιον.

621 4960 788 5026 Cujus
823 4975 952 5028 ergo
987 4970 1112 5013 sunt
1139 4959 1462 5028 passiones?
1492 4959 1706 5014 Carnis.
1734 4960 1875 5030 Ergo
1911 4960 1954 5015 si
1987 4961 2123 5016 assi-

2298 4965 2456 5029 Τίνος
2516 4962 2608 5020 οὖν
2647 4966 2715 5019 τὰ
2756 4968 2936 5036 πάθης
2969 4968 3082 5038 Τῆς
3124 4969 3346 5040 σαρκός.
3401 4971 3611 5026 Οὐκοῦν
3640 4976 3689 5027 εί
3729 4977 3825 5029 δί-

549 5067 685 5123 gnas
723 5053 870 5107 carui
908 5052 1212 5122 passiones,
1242 5052 1457 5122 assigna
1484 5052 1659 5106 eidem
1688 5053 1851 5106 etiam
1890 5052 2121 5107 humiles

2246 5059 2332 5121 ῑως
2378 5058 2454 5126 (5)
2508 5058 2667 5129 σαρκί
2701 5057 2768 5112 τὰ
2799 5059 2968 5131 πάθη,
3006 5059 3093 5124 δὺς
3145 5062 3280 5132 αὐτῇ
3323 5063 3419 5116 καὶ
3452 5066 3574 5128 τοὺς
3614 5085 3825 5122 ταπει-

548 5159 859 5200 sermones:
893 5146 979 5197 cul
1034 5158 1158 5197 vero
1221 5145 1448 5198 ascribis
1509 5143 1807 5207 miracula,
1864 5144 2121 5200 sublimes

2246 5151 2350 5212 νυὺς
2392 5148 2602 5219 λόγους.
2648 5151 2753 5205 Καὶ
2782 5144 2826 5219 ᾧ
2862 5152 2932 5206 τὰ
2987 5152 3238 5222 θαύματα
3281 5157 3626 5227 ἐπιγράψεις,
3681 5163 3826 5226 τοὺς

552 5237 728 5292 tribue
769 5247 1069 5288 sermones.
1116 5232 1246 5286 Nam
1296 5233 1437 5286 Deus
1479 5231 1738 5286 miracula
1771 5233 1965 5298 edens,
1995 5232 2118 5301 jure

2246 5241 2568 5311 ινηγμένους
2623 5242 2821 5306 ἁνάθες
2872 5243 3086 5312 λόγους·
3133 5248 3162 5300 6
3204 5246 3313 5317 γάρ
3371 5247 3823 5323 θαυματουργῶν

548 5329 741 5384 merito
779 5327 1024 5382 sublimia
1066 5326 1324 5396 loquitur,
1357 5333 1410 5378 et
1433 5325 1688 5393 operibus
1715 5339 1975 5393 congrua.
2012 5325 2112 5393 Qui

2246 5333 2354 5396 956;
2410 5334 2634 5398 εἰκότως
2667 5335 2845 5405 ὑψηλὰ
2878 5335 3046 5397 λαλεῖ.
3076 5339 3170 5391 καὶ
3219 5339 3326 5392 τῶν
3379 5340 3554 5411 ἔργων
3583 5345 3820 5412 ἐπάξια·

549 5435 682 5474 vero
703 5421 904 5490 patitur
927 5421 1110 5484 homo,
1145 5427 1293 5474 recte
1322 5415 1547 5471 humilia
1571 5426 1752 5485 sonat,
1773 5427 1829 5472 et
1856 5418 2118 5487 passioni-

2246 5445 2253 5474 ι
2281 5424 2338 5477 δὲ
2367 5425 2594 5495 πάσχων
2615 5427 2900 5499 ἅνθρωπος
2917 5430 3096 5494 καλῶς
3119 5431 3350 5486 ταπεινά
3376 5434 3692 5503 φθέγγεται,
3711 5442 3826 5495 καὶ

551 5513 648 5569 bus
677 5513 1070 5569 convenientia.

2246 5515 2330 5568 τῶν
2358 5515 2546 5570 παθῶν
2580 5520 2915 5591 κατάλληλα.

617 5701 704 5756 "1
735 5703 858 5758 Cor.
889 5718 977 5768 xv,
1007 5700 1094 5755 44.
1169 5702 1214 5732 ⁷⁸
1249 5698 1402 5755 Joau.
1437 5716 1541 5764 xx,
1571 5699 1663 5754 27.
1745 5701 1793 5733 "
1820 5699 1978 5757 Joan.
2014 5717 2074 5767 ν,
2108 5701 2127 5754 l

547 5772 592 5806 ⁸⁸
632 5773 758 5827 ibid.
815 5772 904 5826 24.

2273 5702 2316 5732 ⁷⁷
2353 5700 2373 5754 1
2404 5702 2527 5758 Cor.
2559 5719 2658 5770 xv,
2684 5704 2774 5758 55.

615 5863 694 5937 (5)
733 5865 801 5919 El
825 5863 1021 5929 δίδως.
1064 5861 1238 5920 Habes
1271 5862 1413 5918 hunc
1439 5861 1614 5918 locum
1647 5864 1784 5932 apud
1804 5863 2121 5921 Facundum

2246 5866 2623 5934 rmianeusem,
2651 5867 2744 5925 lib.
2780 5882 2856 5931 ιι,
2885 5882 3004 5936 cap.
3040 5867 3093 5932 5,
3123 5881 3243 5938 pag.
3270 5868 3393 5923 761.

2867 5705 2913 5735 ⁷⁸
2956 5704 3110 5760 Joau.
3165 5720 3232 5772 ν,
3294 5707 3380 5763 19.
3465 5709 3514 5742 ”
3565 5709 3696 5767 ibid.
3753 5713 3826 5774 ὃ.
