4030 6408
515 493 629 552 111

1489 489 1547 544 S.
1590 471 2031 543 AMPlllLOCllll
2075 482 2456 542 ICONIENSIS
2493 481 2804 538 EPISCOPI

3671 483 3780 542 912

2103 607 2231 666 XIV
2245 653 2256 665 .

1254 709 1404 778 Apud
1454 707 1767 762 Facundum
1801 705 2253 769 Hermianensem,
2284 703 2377 761 lib.
2416 718 2492 768 XI,
2537 721 2651 773 cap.
2679 703 2734 766 5,
2758 718 2880 772 pag.
2908 700 3033 756 761.

602 808 658 862 In
686 805 916 877 quodam
958 802 1239 865 Sermone,
1276 801 1352 855 ait
1382 799 1689 866 Facundus,
1715 799 1868 868 cujus
1906 797 2106 866 princi-
2138 815 2174 866 Α
2212 796 2348 850 Deus
2377 805 2453 849 est
2485 797 2772 850 secundum
2813 811 3046 848 carnem.
3090 792 3211 864 Ipse
3244 794 3382 848 enim
3425 809 3542 848 eam
3571 794 3776 864 {orma-

529 904 673 976 pium
715 906 827 964 est,
867 895 1034 965 Aﬂ'er,
1087 895 1244 947 hodie
1291 893 1404 963 (10)
1453 893 1729 946 certativos
1775 891 2097 959 attingamus

527 1004 827 1054 sermones;
872 987 1096 1055 loquens
1119 983 1185 1038 de
1206 998 1271 1036 eo
1306 982 1448 1051 quod
1488 981 1688 1035 dictum
1712 990 1831 1046 est,
1861 978 2098 1032 Ascendo

528 1084 595 1136 ad
653 1079 869 1134 Patrem
922 1093 1094 1132 meum
1148 1085 1198 1130 et
1254 1076 1465 1128 Patrem
1527 1083 1786 1135 vestrum,
1838 1082 1886 1124 et
1930 1069 2099 1123 Deum

527 1190 698 1228 meum
738 1183 783 1226 et
825 1171 992 1224 Deum
1040 1166 1358 1231 vestrum",
1397 1164 1703 1219 Communis
1749 1172 1856 1230 est,
1904 1163 2095 1232 inquit,

531 1263 722 1327 Pater;
757 1260 920 1314 Pater
944 1259 1109 1327 ipsius
1133 1256 1342 1325 quidem
1375 1263 1586 1322 prapter
1618 1259 1864 1304 naturam
1885 1289 1900 1314 ,
1925 1259 2101 1302 noster

527 1370 702 1414 autem
740 1367 950 1426 prapter
977 1355 1226 1424 gratiam.
1263 1348 1624 1404 Communiter
1653 1354 1831 1398 autem
1877 1355 1924 1397 et
1953 1343 2096 1396 Deus

527 1451 726 1506 dicitur
759 1448 872 1520 (ll)
903 1466 916 1501 :
951 1446 1039 1501 sed
1070 1452 1246 1498 noster
1282 1439 1492 1512 quidem
1532 1438 1674 1492 Deus
1711 1446 1786 1492 est
1809 1475 1826 1501 ,
1871 1437 1996 1506 quia
2033 1450 2098 1489 ea:

527 1558 631 1596 non
669 1540 998 1598 exstantibus
1050 1553 1142 1591 nos
1199 1544 1255 1588 ut
1303 1547 1532 1586 essemus
1575 1529 1746 1598 fecit:
1774 1527 1888 1596 ejus
1918 1536 2096 1581 autem

2205 889 2273 941 uit
2303 888 2359 940 in
2402 884 2629 957 Virgine,
2661 888 2772 956 ipse
2800 903 2914 940 eam
2947 887 3096 940 unxit
3117 887 3169 940 in
3196 884 3436 940 Iordane
3457 929 3472 950 ,
3515 889 3626 956 ipse
3657 904 3773 942 eam

2205 979 2549 1046 prardicaoit,
2597 981 2705 1048 ipse
2753 995 2868 1033 eam
2920 979 3235 1049 gloriﬁcavit
3267 979 3319 1033 in
3354 977 3631 1044 Passione,
3665 980 3777 1048 ipse

2205 1087 2316 1124 eam
2371 1071 2642 1125 suscitavit
2696 1089 2728 1124 a
2785 1072 3045 1137 mortuis,
3099 1071 3153 1124 in
3209 1072 3342 1124 nube
3386 1087 3548 1124 uacua
3585 1072 3770 1135 evexit,

2205 1162 2419 1215 dextera
2473 1163 2595 1216 sede
2654 1163 2865 1232 dignam
2921 1163 3143 1231 faciens.
3202 1159 3334 1215 Haec
3394 1163 3532 1216 enim
3592 1162 3771 1215 omnia

2204 1253 2293 1326 qui
2353 1254 2586 1306 ascendit
2647 1253 2715 1306 ad
2781 1252 2992 1307 Patrem
3043 1269 3251 1306 sumens
3293 1251 3483 1320 habet,
3533 1269 3636 1306 non
3683 1252 3776 1322 qui

2203 1355 2276 1397 est
2321 1343 2378 1396 in
2420 1343 2603 1396 Patre.
2656 1342 2722 1396 Et
2763 1346 2816 1397 in
2852 1346 2949 1398 hoc
2991 1343 3104 1396 loco
3150 1353 3451 1408 accusetur,
3482 1345 3621 1414 quod
3673 1360 3777 1396 non

2203 1450 2321 1488 eum
2369 1435 2460 1504 qui
2511 1445 2587 1489 est
2645 1435 2702 1488 in
2757 1433 2965 1502 Patre,
3041 1434 3170 1487 dicit
3229 1450 3341 1490 esse
3400 1436 3490 1506 qui
3541 1433 3778 1490 ascendit

2203 1531 2274 1583 ad
2307 1529 2544 1587 Patrem.

2119 1642 2247 1704 XV.

1540 1739 1627 1794 Ea:
1654 1740 1956 1796 collectione
1992 1737 2306 1796 Barlahami
2354 1760 2466 1814 reg.
2498 1747 2616 1801 cod.
2655 1763 2755 1801 ms.

716 1843 798 1895 Ad
835 1829 1108 1894 Seleucum
1148 1833 1366 1903 Trajani
1397 1833 1637 1901 prmtoris
1671 1842 1924 1899 nepotem.

598 2001 773 2057 Credo
802 2000 856 2054 itt
899 2013 1060 2052 unum
1093 1995 1258 2049 Deuut
1281 2035 1296 2058 ,
1342 1993 1393 2046 in
1424 1990 1595 2044 tribus
1627 1989 1875 2058 personis
1912 1988 2098 2060 cogni-

530 2106 642 2149 tum
684 2113 698 2148 :
738 2092 1114 2146 universorum
1179 2100 1398 2140 causam
1452 2092 1506 2138 et
1546 2082 1790 2154 opiﬁcem
1843 2100 1856 2135 :
1896 2081 2100 2150 ingeni-

530 2196 642 2239 tum
674 2200 690 2237 :
720 2175 1321 2248 iucompreltensibilem
1367 2192 1380 2227 :
1417 2171 1739 2228 invisibiletn
1783 2189 1797 2226 :
1841 2186 2100 2240 superan-

530 2273 952 2343 temcogitatum
992 2288 1007 2324 :
1049 2266 1574 2334 incircumscriptum
1613 2282 1626 2318 :
1666 2263 2096 2318 immutabilem:

529 2365 895 2422 itwariabilem
921 2383 934 2418 :
961 2359 1341 2423 immortalem,
1369 2357 1604 2429 passioni
1630 2374 1736 2412 non
1765 2357 2094 2411 obnoxium:

529 2457 846 2528 principium
885 2468 1051 2508 unum
1083 2450 1290 2520 absque
1332 2447 1627 2519 principio;
1669 2463 1734 2502 ac
1758 2461 1857 2502 nec
1899 2445 1950 2499 in
1996 2447 2098 2499 alio

528 2563 797 2619 quoquam
823 2543 1089 2616 passionis
1127 2541 1496 2611 susceptivum
1536 2539 1658 2594 dico
1688 2557 1699 2592 :
1731 2548 1814 2592 est
1835 2538 1977 2592 enim
2007 2554 2100 2591 na-

527 2653 650 2699 tura
683 2643 862 2698 divina
890 2653 1112 2710 prorsus
1142 2653 1170 2691 a
1203 2637 1454 2707 passione
1501 2633 1778 2688 immunis.
1821 2632 1995 2689 Unum
2024 2632 2100 2687 si-

529 2735 743 2806 quidem
777 2732 944 2788 Deum
982 2731 1140 2796 dico,
1181 2730 1271 2798 qui
1307 2737 1389 2782 est
1425 2742 1549 2781 vere
1579 2727 1758 2793 Deus,
1809 2725 2097 2798 gentilismi

529 2832 657 2885 deos
689 2825 884 2881 multos
929 2823 1156 2895 fugiens.
1195 2822 1348 2888 Quod
1397 2837 1522 2875 vero
1570 2835 1706 2874 unus
1745 2829 2100 2889 cognoscatur

530 2925 582 2975 in
613 2921 784 2973 tribus
809 2916 1081 2987 personis,
1110 2913 1373 2969 Judaismi
1407 2924 1490 2968 est
1512 2912 1746 2967 eversio.
1776 2910 1912 2966 Nam
1941 2913 2100 2967 Pater

530 3018 583 3069 Eu
627 3015 762 3069 Filio
791 3023 908 3079 est;
955 3020 1010 3064 ct
1045 3009 1212 3063 Filius
1252 3007 1307 3060 in
1347 3005 1506 3060 Patre
1536 3024 1548 3059 :
1583 3001 1844 3072 Spiritum
1886 3005 2012 3058 item
2045 3005 2098 3058 in

531 3109 664 3163 Filio
725 3115 778 3161 et
830 3105 995 3159 Patre
1050 3101 1332 3157 conﬁteor.
1380 3098 1549 3153 Porro
1599 3095 1784 3152 Jesum
1827 3097 2097 3151 Christum

2318 1835 2474 1905 Πρὸς
2501 1836 2803 1892 Σέλευκον
2836 1837 2943 1891 τὸν
2965 1837 3221 1907 Eumer
3256 1833 3539 1904 Τραϊανοῦ
3565 1832 3673 1888 τοῦ

2770 1909 3204 1977 στρατηλάτου.

2273 1995 2520 2049 Πιστεύω
2547 1997 2627 2060 είς
2649 1997 2744 2050 ἕνα
2769 1997 2901 2050 Θεὸν
2933 1999 2990 2051 ὲν
3013 1997 3159 2068 τρισὶ
3184 1996 3582 2067 γνωριζόμενον
3610 2010 3781 2066 προσ-

2201 2083 2400 2148 ώποις·
2434 2087 2604 2139 αἴτιον
2645 2088 2740 2140 καὶ
2770 2087 3097 2158 δημιουργὸν
3133 2087 3242 2140 τῶν
3272 2087 3547 2147 ἁπάντων,
3581 2085 3782 2156 ἀγένη-

2200 2197 2311 2244 τον,
2351 2180 2754 2252 ἀκατάληπτον,
2781 2181 3029 2250 ἀόρατον,
3064 2179 3438 2250 άνεπινόητον,
3471 2177 3780 2248 ἀπερίγρα-

2200 2289 2320 2341 φον,
2342 2272 2629 2342 ἄτρεπτον,
2657 2271 3032 2338 ἀναλλοίωτον,
3057 2271 3344 2336 ἀθάνατον,
3367 2269 3554 2339 ἀπαθῆ
3581 2284 3596 2297 ’
3647 2269 3782 2339 μίαν

2200 2365 2374 2435 ἀρχὴν
2394 2365 2657 2435 ἄναρχον·
2689 2365 2812 2420 οὗτε
2841 2367 2901 2419 ὲν
2927 2365 3097 2438 ἑτέρῳ
3123 2366 3231 2419 τινὶ
3264 2364 3472 2426 πάθους
3517 2359 3656 2417 εἶναι
3689 2363 3784 2415 δε-

2200 2459 2391 2526 κτικὴν
2416 2457 2555 2527 φημί
2577 2473 2591 2486 ·
2621 2456 2795 2528 πάντη
2827 2457 2934 2528 γάρ
2955 2456 3167 2525 ἀπαθὴς
3196 2457 3448 2527 τυγχάνει
3473 2456 3507 2526 ἡ
3529 2454 3647 2508 θεία
3673 2453 3781 2523 φύο

2202 2563 2304 2610 σις.
2336 2549 2600 2620 ’Ἐναηγάρ
2617 2548 2746 2602 Θεὸν
2773 2549 2934 2618 λέγω,
2966 2549 3056 2603 τὸν
3077 2550 3244 2611 ὅντως
3272 2548 3401 2601 ὄντα
3427 2547 3557 2601 Θεὸν
3569 2588 3592 2626 ι,
3625 2546 3782 2600 πολυ-

2202 2640 2350 2693 θεῖαν
2391 2640 2713 2713 ὲλληνισμοῦ
2757 2643 2992 2712 φεύγων.
3037 2643 3123 2696 Ἐν
3161 2643 3308 2714 τρισὶ
3359 2641 3418 2694 δὲ
3465 2638 3784 2713 προσώποις

2199 2733 2562 2806 γνωρίζεσθαι
2601 2735 2690 2788 τὸν
2732 2735 2850 2800 ἕνα,
2895 2733 3227 2804 ἰουδαῖσμοῦ
3272 2734 3418 2786 ἐστιν
3472 2731 3777 2802 ἀνατροπὴ.

2201 2827 2390 2899 Πατὴρ
2422 2828 2532 2898 γὰρ
2553 2829 2610 2880 ὲν
2641 2825 2774 2898 Υἱῷ,
2813 2827 2910 2880 καὶ
2942 2827 3066 2890 Υίὸς
3100 2829 3156 2879 ὲν
3190 2825 3385 2898 [la-cpi,
3421 2825 3514 2877 καὶ
3552 2822 3781 2892 Πνεῦμα

2199 2919 2258 2972 ὲν
2316 2919 2428 2991 Υἱῷ
2467 2921 2561 2973 καὶ
2612 2920 2785 2989 Πατρὶ
2829 2918 3096 2990 ὁμολογῶ.
3135 2917 3432 2988 Προσκυνῶ
3473 2917 3532 2970 δὲ
3569 2914 3783 2985 Ἰησοῦν

2199 3013 2452 3084 Χριστὸν,
2492 3011 2755 3066 συναῖδιον
2780 3011 2860 3082 τῷ
2888 3011 3065 3081 Πατρὶ
3098 3010 3241 3064 κατά
3263 3009 3360 3081 τὴν
3389 3008 3616 3079 θεότητα
3634 3025 3648 3038 ο
3680 3008 3784 3060 οὑκ

2199 3104 2406 3167 οὑσίας,
2445 3104 2542 3174 οὐχ
2589 3103 2874 3176 ὑπάρξεως
2915 3103 3134 3175 τρόπον,
3167 3103 3411 3173 νεότερον
3437 3101 3530 3154 τοῦ
3564 3100 3782 3172 Πατρὸς

531 3203 716 3265 adoro,
742 3197 890 3251 Patri
919 3193 1214 3250 secundum
1247 3189 1580 3245 divinitatem
1604 3199 1967 3253 coaeteruum;
2002 3203 2100 3244 nec

2204 3195 2349 3252 κατά
2367 3195 2464 3266 τὴν
2489 3195 2737 3268 θεότητα.
2785 3197 3053 3260 Ὡσαύτως
3105 3197 3160 3249 δὲ
3205 3197 3299 3248 καὶ
3348 3193 3409 3247 τὸ
3457 3192 3680 3263 Πνεῦμα
3720 3191 3786 3246 τὸ

531 3291 879 3352 substantiae,
921 3302 1018 3342 nec
1050 3285 1379 3340 exsistentite
1424 3282 1581 3335 modo
1613 3281 1884 3350 juniorcm
1919 3282 2102 3346 Patre,

527 3384 672 3455 quod
711 3381 906 3436 attinet
955 3379 1022 3432 ad
1070 3377 1346 3431 deitatem.
1381 3373 1643 3428 Similiter
1682 3388 1809 3427 vero
1846 3380 1901 3426 et
1934 3372 2106 3441 Spiri-

533 3485 643 3530 tum
679 3483 948 3528 sanctum.
997 3467 1258 3538 Equidem
1292 3463 1488 3518 Filium
1527 3464 1767 3533 genitum
1821 3463 1940 3516 dico
1988 3463 2104 3517 sine

532 3576 773 3635 tempore
809 3573 862 3618 et
895 3561 1196 3633 principio,
1252 3572 1464 3630 semper
1505 3557 1648 3610 Patri
1685 3571 1788 3625 qua
1832 3557 1972 3610 Deus
1999 3565 2101 3622 est,

529 3657 966 3713 coexsistentem.
1034 3653 1105 3706 At
1129 3651 1391 3720 Spiritum
1425 3660 1670 3704 sanctum
1702 3663 1765 3702 ex
1795 3647 1905 3702 Deo
1932 3659 1987 3702 et
2011 3645 2107 3700 Pa-

528 3761 614 3806 tre
660 3758 919 3805 aeternum
948 3747 1324 3815 procedentem
1353 3743 1559 3800 credo.-
1590 3741 1700 3796 Nec
1723 3741 1957 3811 Spiritus
1987 3755 2107 3810 pro-

530 3844 854 3904 cessionem,
894 3841 1301 3909 generationem
1332 3838 1454 3892 dico
1481 3855 1495 3892 :
1529 3851 1630 3892 nec
1657 3834 1777 3890 Filii
1809 3834 2107 3905 generatio-

533 3951 652 3990 nem
675 3975 694 4002 ,
726 3932 1124 4003 processionetn
1161 3931 1304 3985 dico.
1339 3929 1472 3984 Cum
1511 3943 1672 3997 porro
1697 3927 1868 3982 series
1903 3923 2105 3980 oratio-

534 4028 617 4081 nis
671 4023 1051 4096 postulaverit,
1099 4021 1218 4076 dico
1265 4035 1431 4074 unum
1487 4020 1688 4083 Deum,
1740 4033 1849 4072 non
1903 4032 2104 4087 negans

535 4119 880 4188 Iaypostases,
929 4114 1022 4169 sed
1067 4113 1159 4168 Dei
1209 4113 1428 4167 nomine
1455 4111 1766 4180 signiﬁcans
1789 4111 2106 4164 substantia:

531 4207 998 4263 communitatem.
1040 4203 1175 4260 Cum
1227 4214 1406 4258 autem
1459 4203 1578 4257 dico
1623 4202 2103 4264 consubstantiale,

535 4318 637 4354 non
671 4302 828 4354 unius
849 4313 1112 4368 personas.
1155 4298 1248 4352 sed
1282 4296 1444 4349 trium
1478 4295 1601 4350 dico
1625 4295 2104 4358 consubstantiali-

535 4401 727 4458 talem;
757 4391 935 4446 Patris
962 4389 1240 4454 nimirum,
1263 4387 1382 4442 Filii
1419 4396 1472 4442 et
1499 4387 1672 4441 sancti
1693 4386 1926 4456 Spiritus
1955 4407 1966 4442 :
2000 4403 2102 4441 una

529 4485 674 4537 enim
704 4496 928 4552 persona
960 4496 1062 4536 non
1103 4480 1297 4535 dicitur
1335 4479 1438 4534 sibi
1465 4477 1972 4543 consubstantialis;
2006 4478 2100 4533 sed

2128 4541 2177 4599 Ι)

2205 3287 2377 3356 ἆγιον.
2407 3288 2511 3341 Τὸν
2540 3288 2639 3358 μὲν
2666 3287 2775 3360 γάρ
2798 3288 2923 3342 Υἰὸν
2951 3289 3094 3359 φημὶ
3114 3287 3507 3358 γεγεννημένον
3536 3285 3786 3357 ἀχρόνως

2204 3382 2300 3434 καὶ
2322 3379 2602 3452 ιάνάρχως,
2640 3382 3050 3453 συνυπάρχοντα
3073 3383 3163 3435 ἀεὶ
3185 3381 3262 3452 τῷ
3299 3382 3473 3453 Πατρὶ
3518 3382 3657 3434 κατά
3682 3379 3786 3448 τὴν

2205 3472 2452 3546 θεότητα.
2487 3474 2558 3527 Τὸ
2605 3474 2662 3528 δὲ
2701 3473 2924 3544 Πνεῦμα
2961 3474 3022 3527 τὸ
3059 3474 3212 3542 ἅγιον
3245 3474 3676 3545 ἐκπορευόμενον
3720 3473 3790 3524 ὲκ

2203 3564 2298 3618 τοῦ
2324 3565 2458 3618 Θεοῦ
2488 3567 2582 3620 κα)⁵
2602 3565 2815 3637 Πατρὸς
2835 3565 3019 3628 ἀῖδίως
3049 3565 3308 3618 πιστεύω.
3339 3566 3449 3618 Καὶ
3488 3565 3586 3632 τὴν
3615 3565 3786 3616 ὲκπόο

2209 3675 2390 3728 ρευσιν
2446 3657 2538 3712 τοῦ
2581 3657 2919 3729 Πνεύματος,
2949 3657 3010 3711 οὐ
3057 3657 3199 3728 φημὶ
3229 3656 3504 3726 γέννησιν.
3537 3657 3646 3710 Καὶ
3682 3655 3789 3727 τὴν

2205 3751 2456 3821 γέννησιν
2484 3749 2576 3803 τοῦ
2608 3749 2758 3814 Υἱοῦ,
2779 3750 2840 3803 ού
2869 3749 3010 3818 λέγω
3036 3748 3380 3822 ὲκπόρευσιν.
3407 3748 3575 3801 Ὅταν
3598 3746 3654 3799 δὲ
3675 3747 3792 3800 τῶν

2204 3843 2509 3913 λεγομένων
2531 3845 2564 3912 ἡ
2594 3841 2884 3894 ἀκολουθία
2912 3842 3210 3913 ἀπαιτήσῃ,
3240 3840 3337 3892 ἕνα
3366 3839 3497 3892 Θεὸν
3524 3838 3688 3907 λέγω,
3722 3841 3788 3892 οὑ

2205 3933 2302 3996 τὰς
2331 3933 2656 3996 ὑποστάσεις
2680 3931 3008 4002 ἀρνούμενος
3027 3946 3039 3960 ·
3081 3931 3218 3984 ἀλλά
3253 3929 3332 4002 τῷ
3362 3929 3456 3983 τοῦ
3489 3929 3624 3982 Θεοῦ
3662 3931 3792 3983 ὀνό-

2209 4041 2359 4094 ματι,
2413 4023 2475 4075 τὸ
2520 4022 2697 4075 κοινὸν
2741 4021 2837 4090 τῆς
2871 4021 3059 4084 οὐσίας
3090 4020 3392 4091 σημαίνων.
3430 4021 3597 4072 Ὅταν
3631 4019 3688 4071 δὲ
3724 4019 3797 4072 τὸ

2205 4116 2484 4186 ὁμοούσιον
2532 4116 2696 4185 λέγω,
2725 4116 2824 4185 οὑχ
2861 4114 2979 4178 ἑνὸς
3030 4113 3322 4185 προσώπου
3369 4113 3792 4184 ὁμοουσιότητα,

2206 4207 2341 4260 ἀλλά
2372 4206 2559 4278 τριῶν,
2584 4206 2726 4277 φημί
2747 4222 2761 4236 ο
2793 4205 3026 4278 Πατρὸς,
3058 4204 3189 4258 Υἱοῦ
3217 4205 3312 4258 καὶ
3337 4205 3493 4273 ἁγίου
3527 4203 3792 4274 Πνεύμας

2205 4317 2312 4363 τος·
2339 4299 2397 4353 ἓν
2429 4302 2535 4372 γὰρ
2561 4301 2849 4372 πρόσωπον
2880 4298 3161 4371 ὁμοούσιον
3205 4297 3382 4370 ἑαυτῷ
3425 4299 3486 4350 οὑ
3533 4296 3751 4366 λέγεται
3772 4314 3792 4328 ο

2206 4387 2342 4442 ἀλλά
2403 4389 2609 4462 Πατὴρ,
2648 4390 2774 4453 Υίὸς
2827 4390 2922 4444 καὶ
2964 4389 3207 4460 Πνεῦμα.
3255 4388 3319 4441 Ἢ
3368 4387 3424 4440 δὲ
3463 4387 3698 4459 διαφορὰ
3727 4389 3800 4443 ὲν

2207 4479 2534 4552 προσώποις,
2573 4482 2673 4536 οὑκ
2730 4483 2789 4535 ὲν
2834 4485 2902 4553 τῇ
2933 4481 3116 4554 οὑσίᾳο
3151 4480 3212 4533 τὸ
3240 4480 3369 4552 γὰρ,
3406 4481 3617 4552 Πατὴρ,
3659 4479 3801 4545 Υίὸς

530 4574 714 4639 Pater,
745 4573 913 4628 Filius
944 4583 1000 4628 et
1032 4571 1289 4642 Spiritus.
1318 4572 1584 4627 Caeterum
1614 4570 1891 4625 distinctio
1933 4585 2098 4640 penes

2204 4574 2296 4627 καὶ
2339 4574 2561 4645 Πνεῦμα
2599 4571 2660 4627 τὸ
2690 4573 2864 4642 ἆγιον,
2903 4574 3105 4646 τρόπου
3148 4571 3433 4644 ὑπάρξεως
3462 4573 3625 4644 ῆτουν
3663 4573 3803 4644 σχέ-

529 4680 790 4737 personas
822 4665 1136 4730 attenditur,
1185 4680 1290 4719 non
1336 4677 1502 4734 penes
1542 4663 1920 4717 subsmutiam.
1974 4662 2096 4718 llmc

527 4759 697 4821 enim,
729 4756 910 4822 Pater,
943 4755 1114 4812 Filius
1137 4765 1191 4812 et
1226 4756 1458 4827 Spiritus
1478 4765 1717 4820 sanctus,
1744 4755 1958 4810 nomina
1976 4765 2102 4811 sunt

525 4848 669 4902 modi
712 4848 1041 4903 exsistentia:
1095 4863 1189 4901 seu
1228 4845 1590 4913 Itabitudinis,
1623 4861 1729 4900 non
1782 4846 2101 4902 substantia:

527 4940 795 4994 absolute.
830 4938 982 5005 Quod
1028 4937 1190 5008 igitur
1219 4947 1304 4993 est
1338 4936 1514 4992 Patris
1559 4935 1858 4991 declarabit
1903 4952 2096 4992 nomen

529 5030 703 5096 Deus;
742 5031 882 5095 quod
926 5045 1056 5086 vero
1093 5040 1175 5086 est
1207 5029 1455 5100 alicujus,
1485 5045 1678 5084 nomen
1729 5030 1908 5084 Pater.
1967 5029 2098 5084 Esse

529 5138 690 5190 porro
714 5123 938 5192 alicujus
984 5123 1076 5177 Dei
1101 5163 1114 5183 .
1147 5121 1287 5176 Deus
1313 5133 1391 5176 est
1425 5139 1438 5175 :
1477 5122 1618 5190 quod
1647 5134 1774 5175 vero
1805 5121 1892 5176 Itic
1925 5121 2092 5175 alicu-

523 5214 611 5286 jus
657 5219 758 5283 sit,
799 5215 972 5272 Filius
1000 5235 1014 5273 :
1045 5215 1292 5270 similiter
1341 5214 1506 5270 etiam
1563 5214 1796 5285 Spiritus
1845 5223 2086 5268 sanctus.

2203 4683 2341 4731 σεως
2377 4667 2634 4738 ὀνόματα,
2660 4666 2772 4721 ἀλλ’
2804 4667 2905 4720 οὐκ
2925 4666 3111 4729 οὑσίας
3140 4665 3350 4729 ἁπλῶς.
3386 4663 3647 4735 Δηλώσει,
3672 4666 3702 4718 ό
3724 4667 3804 4720 τὸ

2197 4754 2289 4812 οῦν
2329 4753 2467 4812 εἶναι
2517 4758 2609 4811 τοῦ
2643 4759 2876 4830 Πατρὸς,
2925 4757 3006 4823 τὸ,
3050 4760 3214 4824 Θεός.
3249 4757 3323 4810 Τὸ
3350 4757 3408 4811 δὲ
3439 4757 3582 4819 τινὸς
3621 4752 3795 4822 εἶναι,

2195 4849 2286 4910 τὸ,
2340 4849 2393 4901 '0
2426 4849 2661 4919 Πατήρ·
2696 4852 2789 4904 καὶ
2825 4850 2888 4903 τὸ
2918 4848 2973 4903 δὲ
3013 4850 3163 4914 τινὸς
3202 4847 3340 4904 εἶναι
3373 4848 3468 4903 τοῦ
3512 4848 3670 4914 Θεοῦ,
3699 4848 3801 4915 τὸ,

2199 4940 2360 5006 Θεός.
2398 4941 2504 4994 Τοῦ
2534 4941 2589 4994 δὲ
2613 4943 2754 5007 τινὸς
2783 4939 2920 4997 εἶναι
2953 4945 3068 5008 τοῦ,
3105 4944 3257 5010 Υἱός.
3293 4942 3566 5006 Ὡσαύτως
3601 4943 3696 4995 καὶ
3724 4945 3803 4997 τὸ

2197 5032 2421 5105 Πνεῦμα
2464 5033 2523 5086 τὸ
2555 5035 2728 5103 ἆγιον.
2757 5029 2855 5090 ¹’Ὧν
2897 5037 2953 5090 δὲ
2986 5037 3046 5090 τὸ
3075 5032 3209 5090 εἶναι
3247 5036 3464 5103 ταυτὸν,
3499 5035 3703 5089 τούτων
3757 5039 3804 5108 ἡ

2197 5124 2355 5178 οὐσία
2397 5125 2515 5195 μία.
2556 5127 2741 5180 Ταῦτα
2779 5129 2875 5199 μὲν
2912 5129 3041 5201 περὶ⁷
3085 5129 3185 5200 τῆς
3221 5129 3507 5200 ὁμοουσίου
3553 5128 3802 5198 Τριάδος

2197 5217 2338 5294 κατὰ
2363 5219 2460 5288 τὴν
2486 5221 2624 5291 ἐμὴν
2644 5221 2871 5293 δύναμιν
2892 5221 3163 5294 είρείσθω.

528 5312 767 5378 Quorum
791 5323 972 5368 autem
1000 5319 1084 5367 est
1105 5310 1244 5364 idem
1264 5321 1405 5374 esse,
1431 5308 1622 5364 ltorum
1655 5323 1759 5364 una
1786 5306 2087 5362 substantia
2127 5317 2228 5362 est.
2267 5308 2333 5364 Et
2375 5311 2488 5368 [περ
2567 5314 2828 5371 hactenus
2866 5315 2934 5372 de
2977 5316 3426 5373 consubstantiali
3488 5314 3798 5376 Trinitate.

527 5408 672 5477 quod
695 5421 935 5460 mearum
973 5416 1056 5460 est
1089 5401 1308 5457 virium.

596 5585 641 5615 ⁸⁷
669 5583 830 5639 Joan.
862 5599 958 5648 xx,
983 5582 1068 5635 l7.

597 5743 712 5812 (10)
749 5744 896 5812 A/fer
940 5742 1112 5796 hodie.
1152 5741 1310 5812 Φέρε,
1351 5743 1609 5812 σήμερον,
1640 5749 1747 5812 etc.
1777 5739 2105 5812 V_ertendum

526 5809 723 5877 fuerat,
757 5809 884 5883 Age,
925 5829 1031 5867 non
1067 5809 1244 5883 rA/fer'.
1275 5811 1379 5864 Sed
1403 5809 1735 5883 Q‘cujusmodi
1795 5809 2103 5883 Graecorum

525 5879 863 5939 versionibus
898 5885 970 5936 uti
1001 5879 1172 5936 soleat
1201 5881 1508 5942 Facundos,
1537 5879 1646 5948 jatn
1685 5881 1887 5934 monui.
1936 5879 2106 5948 Hujus

526 5970 689 6016 porro
752 5954 1213 6017 Ampltiloctziana:
1273 5951 1538 6006 orationis
1584 5950 1910 6006 mentionem
1963 5951 2102 6020 apud

2211 5739 2344 5793 alios
2365 5748 2580 5792 exstare
2614 5753 2718 5792 non
2757 5737 2997 5792 memini.
3039 5736 3302 5792 SIRIOND.

2281 5809 2394 5877 (lt)
2435 5807 2575 5861 Deus
2625 5807 2837 5877 dicitur.
2895 5805 3073 5862 Codex
3133 5807 3328 5863 Veron.
3369 5822 3435 5862 ex
3491 5803 3808 5869 eoilatiozte

2210 5876 2596 5934 Blancbiniana
2636 5876 2825 5933 Venet.
2863 5879 2992 5932 edit.
3030 5878 3169 5932 Deus
3201 5877 3379 5944 Deus;
3402 5880 3514 5933 sed.
