4030 6408
293 326 387 382 113

1459 324 1864 381 ΒΕΝΤΕΝΤΙΔΕ
1905 325 1991 380 ΕΤ
2035 323 2420 380 EXCERPTA.

3450 321 3547 374 ιιι

698 438 783 493 Ea:
810 441 990 494 eadem
1017 439 1322 494 Barlaltami
1349 441 1551 496 collect.
1583 459 1688 511 reg.
1722 442 1840 495 cod.
1871 439 2039 495 habet
2066 440 2225 494 etiam
2252 438 2564 492 Anastasius
2590 436 2802 492 Sinaita
2842 437 2893 488 in
2926 435 3160 503 Hodego.

305 550 687 620 Ἀμριλοχίου
707 551 1058 624 ἐπισκόπου
1076 554 1341 614 Ἰκονίου,
1370 556 1437 607 ἐκ
1468 554 1576 623 τῆς
1602 555 1750 624 πρὸς
1779 553 1861 608 Σέι

1983 552 2333 623 Amphilochii
2391 552 2618 619 episcopi
2655 549 2889 624 ‘Icom'i,
2937 562 3001 602 ex
3054 545 3273 615 epistola
3329 547 3397 598 ad
3451 548 3549 602 Se-

782 625 1011 675 λευκον
1036 623 1386 693 ἐπιστολῆς.

365 709 736 779 Ἤληφθεῖσα
771 712 884 783 (12)
928 714 1126 783 πάσχει
1169 715 1362 783 φύσις*
1423 718 1456 787 ἡ
1515 717 1572 769 δὲ
1614 716 1871 783 λαϐοῦσα,

289 800 505 872 ἀπαθὴς
562 802 739 872 μένει.
798 805 1104 858 Οίκειοῦται
1153 806 1210 859 δὲ
1262 808 1291 859 ὁ
1332 807 1463 870 Θεὸς
1515 808 1687 877 Λόγος
1732 810 1874 862 ἀπα-

288 892 395 955 θῶς
431 893 543 962 (15)
576 893 649 946 τά
694 894 790 947 τοῦ
825 896 954 949 ίδίου
986 896 1110 949 ναοῦ
1141 897 1455 969 ἀνθρώπινα
1488 898 1632 969 πάθη
1653 915 1667 929 ⁶
1708 916 1870 952 σταυ-

2647 618 2868 674 leucum.

2051 711 2261 767 Patitur
2291 722 2566 781 assumpta
2598 723 2790 767 natura
2825 730 2840 767 :
2874 726 2997 781 quae
3023 721 3203 765 autem
3232 710 3542 777 assumpsit,

1972 812 2157 859 manet
2190 804 2525 873 impatibilis.
2555 803 2822 860 Caeterum
2849 803 2988 857 Deus
3018 800 3249 856 Verbum
3283 800 3545 853 humanas

1977 895 2078 949 sibi
2135 896 2447 964 passiones,
2510 896 2710 965 templo
2757 896 3036 965 proprias,
3091 892 3238 947 nulla
3293 891 3544 961 passione

292 988 379 1056 ρον
416 1005 559 1057 φημι
590 988 687 1039 καὶ
721 987 969 1048 θάνατον,
1013 989 1106 1042 καὶ
1133 988 1202 1042 τὰ
1232 989 1385 1056 ἄλλα,
1416 990 1516 1043 ὅσα
1555 991 1681 1061 περὶ
1708 990 1861 1044 αὐτὸν

1977 989 2195 1043 asciscit
2221 1008 2234 1043 :
2263 989 2392 1053 sibi,
2458 990 2698 1059 inquam,
2727 1003 2942 1042 crucem
2965 995 3021 1042 et
3045 995 3292 1047 mortem,
3316 994 3369 1038 et
3397 998 3547 1052 qua:—

291 1080 647 1148 οξκονομικῶς
701 1079 1015 1151 θεωρεῖται,
1072 1080 1360 1134 οἰκειοῦται
1415 1081 1578 1145 αὐτὸς
1624 1084 1653 1135 ὁ
1703 1082 1866 1146 Θεὸς,

288 1165 449 1228 αὐτὸς
479 1166 708 1237 πάσχων
729 1166 883 1221 οὐδέν
916 1167 1047 1238 (14).

297 1381 715 1450 Ἀμφιλοχιου,
754 1382 823 1436 ἐκ
857 1382 967 1451 τῆς
1003 1383 1152 1453 πρὸς
1191 1387 1492 1440 Σέλευκον
1513 1388 1861 1459 ἐπιστολῆς.

365 1494 511 1547 Ἀλλ’
541 1496 728 1567 ἐπειδὴ
758 1498 839 1561 είς
874 1497 933 1552 ἒν
973 1499 1261 1570 πρόσωπον
1296 1501 1633 1557 συντελοῦσιν
1679 1506 1735 1560 αἱ
1765 1506 1863 1574 φύ-

281 1604 399 1650 σεις
440 1588 578 1658 (15)·
606 1592 641 1660 ἡ
678 1589 891 1661 ἀπαθὴς
918 1593 987 1645 τὰ
1012 1592 1109 1663 τῆς
1148 1592 1389 1665 παθητοῦ
1414 1596 1726 1650 οἰκειοῦται.

1975 1094 2187 1149 cunque
2228 1080 2330 1133 alia
2364 1081 2510 1135 circa
2537 1081 2713 1149 ipsum
2748 1077 3150 1148 dispensatione
3180 1085 3328 1146 gesta
3363 1074 3544 1128 consi-

1976 1171 2258 1236 derantnr,
2287 1172 2428 1226 Deus
2453 1172 2596 1241 ipse,
2632 1170 2764 1225 nihil
2803 1172 2918 1239 ipse
2944 1169 3154 1240 patiens
3178 1209 3193 1235 ,
3232 1165 3542 1237 appropriat

1970 1274 2024 1316 et
2056 1278 2151 1317 sua
2188 1262 2334 1318 facit.

2177 1398 2525 1469 Amphilocltii
2544 1440 2558 1463 ,
2581 1414 2646 1452 ea:
2683 1395 2903 1467 epistola
2934 1396 3001 1449 ad
3032 1393 3332 1449 Seleucum.

2042 1512 2175 1578 Quia
2202 1527 2332 1566 vero
2360 1522 2563 1565 naturze
2585 1512 2636 1565 in
2663 1526 2822 1564 unam
2844 1522 3127 1578 personam
3157 1516 3382 1562 coeunt:
3407 1520 3536 1559 ven-

1967 1604 2110 1657 dicat
2139 1620 2168 1657 a
2192 1604 2446 1674 passione
2469 1603 2753 1667 immunis,
2787 1617 2904 1670 quae
2925 1608 3173 1670 spectant
3194 1599 3259 1654 ad
3289 1607 3536 1653 naturam

1967 1697 2203 1751 uassioni
2236 1696 2545 1752 obnoxiam.

454 1788 614 1855 Apud
640 1788 700 1844 S.
723 1789 983 1844 Joannem
1009 1793 1411 1861 Damascenum,
1450 1795 1539 1850 lib.
1577 1806 1760 1851 contra
1794 1797 2088 1865 Jacobitas,
2114 1812 2241 1856 tom.
2268 1802 2309 1865 1,
2334 1800 2639 1870 ρα99.·425,
2664 1798 2788 1864 424,
2818 1800 2944 1853 edit.
2973 1796 3151 1852 Paris.
3185 1798 3344 1853 1712.

320 1902 433 1956 Τοῦ
459 1903 642 1984 ἁγίου⁹
689 1907 1064 1985 Ἀμφιλοχίου
1084 1910 1422 1985 ἐπισκόπου
1458 1913 1721 1985 ‘Igcorlov,
1764 1916 1831 1970 ἐκ

1974 1915 2156 1970 Sancti
2190 1916 2541 1985 Amphilochii
2590 1916 2815 1985 episcOpi
2849 1914 3050 1979 Iconii,
3096 1929 3160 1967 ea:
3205 1911 3422 1980 epistola
3463 1915 3533 1966 ad

567 1974 679 2041 τῆς
708 1977 860 2043 πρὸς
895 1974 1197 2032 Σέλευκον
1228 1982 1577 2051 ἐπιστολῆς.

348 2064 511 2119 Οῦτω
545 2065 677 2117 Θεὸν
713 2066 821 2137 (16)
854 2069 947 2121 καὶ
973 2068 1254 2139 ἄνθρωπον
1282 2072 1372 2125 τὸν
1411 2074 1643 2143 Χριστὸν
1670 2075 1861 2143 ὁμολο-

276 2156 381 2222 γῶ.
404 2155 500 2208 τὸν
533 2156 661 2208 Υίὺν
694 2157 786 2209 τοῦ
818 2158 974 2225 Θεοῦ,
1006 2160 1099 2214 ἕνα
1128 2162 1275 2229 Υίὸν,
1304 2162 1395 2215 δύο
1424 2164 1660 2231 φύσεων,
1688 2166 1862 2236 παθη-

275 2248 376 2316 τῆς
409 2264 467 2299 τε
492 2249 589 2301 καὶ
618 2247 883 2313 ἀπαθοῦς,
916 2250 1115 2323 θνητῆς
1145 2270 1204 2305 τε
1236 2257 1330 2308 καὶ
1360 2255 1647 2311 ἀθανάτου.

345 2362 459 2414 Καὶ
509 2362 642 2429 μετ’
683 2363 876 2432 ὀλίγα.
930 2364 1063 2417 Ἕνα
1104 2365 1250 2426 Υίὸν.
1294 2367 1386 2419 δύο
1431 2368 1644 2437 φύσεών
1693 2388 1859 2442 φημι,

276 2452 626 2522 ἀσυγχύτως,
662 2454 966 2525 ἀτρέπτως,
1001 2456 1337 2528 ἀδιαιρέτως.
1378 2459 1581 2530 Πάσχει
1613 2462 1791 2515 τοίνυν
1832 2466 1861 2517 ὁ

278 2546 539 2615 Χριστὸς,
573 2548 604 2598 ὁ
631 2547 757 2610 Υἱὸς
788 2548 881 2601 τοῦ
911 2549 1066 2611 Θεοῦ,
1101 2551 1160 2602 οὐ
1194 2550 1425 2622 θεότητι,
1481 2553 1594 2605 ἀλλ’
1650 2555 1863 2626 ἀνθρωο

279 2639 481 2707 πότητι
500 2638 638 2709 (17).
671 2640 982 2705 Τουτέστιν,
1004 2642 1032 2692 ὁ
1050 2641 1181 2705 Θεὸς
1204 2642 1371 2696 ἔπαθε
1401 2644 1597 2715 σαρκί·
1627 2645 1739 2697 ἀλλ’
1764 2647 1862 2718 οὐχ

277 2734 311 2801 ἡ
333 2733 533 2803 Oed-:11;
559 2735 721 2805 σαρκὶ
748 2734 970 2791 ἔπαθεν.
990 2738 1201 2807 Ἄπαγε
1227 2738 1289 2792 τὸ
1311 2739 1569 2811 δυσμενὲς
1595 2742 1687 2794 καὶ
1699 2742 1862 2811 βλάσ-

278 2842 483 2897 ςημον,
520 2825 743 2881 δείλαιε.

2616 1983 2907 2039 Seleucum.

2040 2076 2131 2131 Sic
2176 2076 2452 2131 Christum
2502 2074 2668 2127 Deum
2712 2082 2766 2127 et
2820 2070 3088 2125 hominem
3129 2068 3405 2135 confiteor,
3439 2068 3532 2122 Dei

1967 2169 2183 2231 Filium,
2213 2166 2405 2221 Filium
2436 2181 2626 2230 nnum,
2655 2165 2880 2218 duarum
2908 2171 3242 2223 naturarum,
3263 2160 3535 2230 passibilis

1967 2262 2170 2316 scilicet
2200 2270 2256 2316 et
2290 2258 2641 2329 impassibilis
2662 2296 2680 2322 ,
2713 2254 2953 2310 mortalis
2989 2263 3043 2308 et
3085 2253 3427 2308 immortalis.

2037 2374 2103 2428 Et
2133 2376 2312 2444 paucis
2350 2370 2660 2440 interfectis.
2705 2369 2881 2425 Unum
2918 2366 3145 2433 Filium,
3179 2369 3407 2422 duarum
3442 2368 3528 2423 in-

1966 2482 2126 2536 quam
2177 2477 2538 2529 naturarum,
2588 2466 2706 2518 sine
2754 2464 3106 2527 confusione,
3161 2462 3532 2523 conversione,

1966 2559 2324 2629 separatione.
2380 2556 2593 2611 Patitur
2645 2558 2826 2623 itaque
2879 2554 3153 2618 Christus,
3205 2554 3297 2607 Dei
3346 2552 3537 2617 Filius,

1969 2668 2073 2705 non
2121 2652 2353 2715 deitate,
2395 2650 2489 2704 sed
2543 2648 2899 2704 humanitate.
2945 2646 3056 2700 Hoc
3092 2655 3209 2710 est,
3244 2645 3380 2699 Deus
3410 2661 3535 2715 pas-
3636 2722 3641 2731 η

1967 2758 2060 2797 sus
2093 2753 2176 2797 est
2199 2756 2362 2797 carne
2388 2759 2402 2795 :
2430 2741 2849 2811 haudquaquam
2882 2753 3009 2791 vero
3043 2752 3197 2808 passa
3249 2748 3331 2792 est
3370 2750 3537 2792 carne

1970 2836 2161 2889 deitas.
2218 2834 2520 2897 Facessat,
2588 2833 2779 2897 miser,
2842 2830 3056 2885 inimica
3117 2830 3534 2900 blasphemaque

1971 2923 2155 2976 istluec
2184 2923 2446 2992 opinatio.

1409 3027 1493 3080 Ea:
1525 3029 1700 3081 eadem
1726 3029 2034 3086 Barlaltami
2059 3033 2261 3086 collect.
2301 3050 2400 3087 ms.

333 3114 721 3183 Ἀμφιλοχίου
746 3115 1086 3195 ἐπισκᾴτου
1118 3120 1382 3189 Ἰκονίου,
1428 3120 1497 3174 ἐκ
1537 3120 1646 3189 τῆς
1680 3123 1830 3191 πρὸς

1967 3125 2308 3193 Amphilochii
2370 3125 2599 3195 episcopi
2654 3123 2869 3187 Iconii,
2922 3139 2986 3178 ex
3029 3120 3249 3191 epistola
3316 3120 3385 3174 ad
3438 3115 3533 3174 Se-

941 3183 1259 3243 Σέλευὶιον.

362 3277 491 3330 Ἐὰν
520 3278 716 3330 εῐπωσι
748 3278 826 3340 ὡς
856 3280 982 3347 μιᾶς
1011 3280 1197 3342 οὐσίας
1225 3276 1384 3345 εἶναι,
1420 3283 1732 3353 ἐρωτήσατε
1759 3285 1859 3338 αὒ-

272 3368 405 3431 τούς
431 3384 447 3397 θ
490 3369 619 3432 Πῶς
655 3365 749 3422 οῦν
775 3370 916 3423 κατὰ
944 3371 1041 3441 μὲν
1069 3372 1168 3443 τὴν
1196 3372 1423 3443 θεότητα
1452 3374 1638 3445 ἀπαθῆ
1671 3375 1858 3445 λέγετε

276 3461 547 3531 Χριστόν·
581 3461 725 3514 κατὰ
744 3462 801 3514 δὲ
823 3461 922 3533 τὴν
947 3463 1144 3532 σάρκα,
1181 3464 1449 3536 παθητόν;
1483 3467 1557 3518 Τὸ
1587 3466 1696 3537 γὰρ
1732 3470 1860 3538 μιᾶς

277 3552 531 3621 ὑπάρχον
566 3553 778 3618 οὐσίας,
807 3553 928 3609 ὅλον
965 3555 1177 3625 ὃμοιονο
1209 3556 1242 3627 ἢ
1278 3556 1386 3629 γὰρ
1405 3556 1613 3622 ἀπαθὲς
1653 3558 1793 3623 ὅλον,
1823 3558 1857 3629 ἢ

278 3643 545 3713 παθητόν.

2648 3196 2874 3251 leucum.

2033 3284 2168 3339 Cum
2203 3283 2295 3338 tibi
2324 3284 2562 3339 dixerint
2586 3298 2706 3338 esse
2732 3283 2890 3337 unius
2929 3281 3269 3346 suostantim,
3304 3292 3534 3349 percun-

1964 3384 2112 3429 ctare
2139 3374 2258 3429 illos
2291 3394 2303 3429 :
2338 3373 2439 3441 Qui
2478 3389 2605 3446 ergo
2643 3373 2918 3429 Christum
2964 3372 3142 3428 dicitis
3182 3370 3531 3441 impatibilem

1964 3468 2261 3520 secundum
2310 3466 2691 3531 divinitatem;
2739 3465 3033 3520 secundum
3059 3477 3191 3518 vero
3230 3461 3533 3517 humanita—

1968 3565 2110 3623 tem,
2154 3558 2464 3627 patibilem?
2510 3558 2661 3625 Quod
2705 3557 2847 3612 enim
2888 3557 3047 3612 unius
3084 3555 3395 3609 substantiae
3427 3564 3530 3616 est,

1967 3658 2136 3701 totum
2193 3649 2369 3703 simile
2412 3658 2688 3705 estznam
2726 3648 2808 3703 vel
2856 3647 3154 3715 impatibile
3210 3657 3410 3711 totum,
3450 3644 3534 3699 vel

1959 3739 2201 3805 patibile.

1267 3839 1354 3896 Ex
1379 3842 1672 3897 Elementis
1701 3843 2011 3906 Damasceni
2056 3851 2508 3922 Rupe/acuminis.

287 3936 399 3990 Τοῦ
417 3936 723 4007 μακαρίου
752 3935 1217 4059 Ἁμφὲιὲχὶωλξκ
1242 3935 1353 4005 τῆς
1378 3937 1530 4006 πρὸς
1553 3935 1857 3993 Σέλευκον

932 4044 948 4056 .
980 4021 1109 4058 toto
1155 4024 1249 4059 nc.

932 4021 1249 4075 πιστολης.

351 4099 527 4166 Λόγος
553 4092 624 4167 ἦν
647 4098 775 4168 περὶ
804 4097 904 4167 τῆς
938 4096 1182 4161 ὲνὼσεως
1208 4113 1221 4125 ⁸
1272 4096 1365 4151 καὶ
1414 4098 1496 4150 ὅτι
1531 4097 1863 4168 άναθεματι-

281 4192 475 4262 σθῆναι
502 4190 610 4262 χρὴ
640 4192 764 4253 τοὺς
794 4190 892 4260 τὴν
923 4191 989 4241 ὲκ
1033 4190 1244 4259 μήτρας
1286 4190 1478 4242 ἕνωσιν
1516 4188 1625 4243 τῶν
1648 4190 1862 4259 φύσεων

279 4280 509 4343 λύοντας
529 4298 543 4311 ·
578 4280 658 4331 ἔτι
693 4279 798 4349 μὴν
826 4279 921 4332 καὶ
953 4278 1091 4331 κατὰ
1116 4278 1428 4348 σύγχυσινῆ
1458 4280 1665 4350 τροπὴν
1686 4280 1865 4333 νοοῦνο

2138 3946 2200 4001 Β.
2231 3947 2584 4015 Amphilochii
2611 3964 2675 4001 ea:
2703 3947 2923 4017 epistola
2955 3948 3023 4001 ad
3056 3944 3357 4001 Seleucum.

2036 4102 2167 4157 Erat
2195 4118 2376 4159 sermo
2418 4105 2484 4159 de
2523 4104 3032 4174 unionezquodque
3071 4104 3106 4157 ii
3162 4103 3271 4159 sint
3309 4100 3532 4155 anathe-

1969 4206 2116 4250 tnate
2147 4196 2502 4264 percellendi;
2530 4197 2619 4265 qui
2645 4198 2892 4250 unionem
2922 4205 3234 4249 naturarum
3272 4208 3338 4246 ex
3375 4202 3529 4246 utero

1969 4286 2215 4354 salvum;
2243 4288 2311 4342 ad
2338 4287 2452 4341 haec
2476 4302 2624 4353 vero,
2658 4287 2693 4340 ii
2729 4288 2890 4340 etiam
2914 4288 3002 4355 qui
3032 4282 3353 4339 ineffabilem
3384 4283 3527 4335 illam

280 4388 379 4434 τας
407 4372 509 4443 τὴν
542 4371 781 4440 ἄρρητον
817 4368 1030 4421 ἕνωσιν.
1071 4369 1279 4438 Ὥσπερ
1312 4367 1421 4437 γὰρ
1461 4368 1520 4420 τὸ
1545 4367 1640 4438 τὴν
1675 4368 1861 4422 ἕνωσιν

1969 4387 2018 4431 et
2052 4394 2308 4433 arcanam
2338 4379 2590 4433 unionem
2615 4378 2931 4432 confusione
2954 4376 3255 4444 intelligunt
3281 4384 3336 4427 et
3362 4383 3531 4427 muta-

281 4463 560 4532 χωρίζειν,
595 4460 697 4529 τῆς
718 4458 1024 4530 ὀρθοδοξίας
1052 4459 1162 4529 (18)
1187 4458 1485 4530 ἀλλότριον,
1520 4459 1612 4511 καὶ
1645 4457 1747 4522 ἔξω
1762 4458 1861 4528 τῆς

1971 4469 2135 4525 tione.
2158 4469 2291 4523 Nam
2316 4471 2456 4524 sicut
2476 4471 2689 4523 unionis
2708 4470 2899 4523 divisio
2915 4468 3148 4521 alienum
3178 4465 3307 4519 facit
3331 4481 3360 4518 a
3384 4474 3527 4519 recta

281 4554 539 4622 ἀληθείας
576 4552 671 4605 καὶ
706 4553 803 4621 τῆς
835 4551 1012 4621 ζωῆς·
1050 4551 1192 4605 οὕτω
1235 4553 1327 4606 καὶ
1368 4551 1430 4603 τὸ
1480 4551 1728 4621 συγχέειν
1764 4550 1861 4613 τὰς

1969 4560 2107 4622 ﬁde,
2152 4570 2411 4629 extraque
2444 4560 2723 4613 veritatem
2774 4566 2828 4614 et
2881 4559 3040 4613 ﬁdem
3099 4555 3419 4611 constituit:
3459 4554 3525 4605 ita

282 4645 499 4712 φύσεις,
534 4646 638 4713 τῆς
679 4642 930 4713 θεότητος
961 4643 1055 4697 καὶ
1100 4639 1203 4713 τῆς
1243 4642 1680 4713 ἀνθρωπότητος,
1709 4640 1861 4693 ἀλλό-

1967 4660 2019 4706 et
2050 4660 2366 4704 naturarum
2392 4649 2662 4714 confusio,
2706 4651 2899 4704 divinae
2935 4652 3150 4719 inquam
3179 4661 3234 4702 et
3263 4648 3529 4704 humanae,

278 4753 429 4806 τριον
455 4732 899 4808 χριστιανισμοῦ.

1967 4739 2200 4795 alienum
2244 4755 2275 4793 a
2318 4740 2721 4796 christianistno
2753 4740 2899 4794 facit.

1859 4852 2017 4913 XVI.

1422 4954 1508 5007 Ex
1535 4971 1660 5008 mu.
1692 4954 1868 5009 codice
1892 4954 1960 5010 Β.
1992 4953 2059 5009 Ρ.
2090 4956 2378 5012 Sirmondi.

292 5048 683 5119 Ἀμφιλοχιου
734 5050 1011 5113 Ἰκονίου,
1041 5049 1109 5102 ἐκ
1162 5047 1273 5117 τῆς
1321 5048 1472 5118 πρὸς
1523 5049 1857 5120 Παγχάριον

1970 5050 2315 5120 Amphilochii
2347 5050 2635 5105 [coniectis
2666 5050 2919 5120 episcopi,
2961 5065 3026 5103 eo:
3049 5050 3267 5117 epistola
3306 5047 3524 5116 dogma-

348 5205 459 5275 (12)
510 5204 775 5275 Ἡληφθ.
812 5202 967 5275 Hunc
988 5212 1041 5258 et
1066 5204 1309 5275 proxime
1331 5214 1641 5275 sequentem
1672 5206 1846 5261 locum

282 5273 466 5330 recitat
519 5274 759 5328 Joannes
807 5274 1163 5328 Damascenus
1200 5274 1292 5328 lib.
1333 5285 1513 5328 contra
1552 5273 1847 5344 Jacobitas,

283 5357 406 5403 tom.
442 5345 481 5409 Ι,
514 5360 637 5412 pag.
670 5344 798 5397 424.

347 5416 455 5485 (15)
508 5414 789 5481 Ἇπαθῶς.
840 5416 963 5471 Haec
990 5429 1088 5468 vox
1105 5415 1254 5468 deest
1278 5414 1414 5482 apud
1440 5416 1846 5474 Damascenum.

348 5484 455 5556 (H)
486 5486 821 5541 Οὶκειοῦται
849 5516 918 5525 —-
948 5484 1145 5556 οὐδέν.
1195 5485 1282 5556 Sit}
1319 5488 1677 5543 Damascenus
1715 5508 1727 5542 :
1769 5492 1850 5541 οἱ-

286 5553 517 5611 κειοῦται
571 5557 737 5619 αὐτὸς
795 5558 1016 5627 πάσχων
1050 5555 1221 5609 οὐδέν.
1264 5553 1585 5627 Intermedia
1632 5560 1853 5614 librario

286 5630 539 5681 excidisse
568 5629 825 5681 videntur
856 5625 940 5681 ob‘
960 5628 1241 5693 repetitum
1262 5625 1444 5687 αὑτός.

349 5699 454 5764 (15)
488 5700 561 5752 Αἱ
587 5698 835 5768 φύσεις.
878 5698 1124 5754 Damasc.
1163 5697 1221 5764 αἱ
1258 5695 1430 5750 διτταὶ
1473 5697 1679 5765 φύσεις.
1710 5697 1853 5753 Beli-

289 5781 381 5835 qua
405 5770 595 5825 desunt
624 5770 758 5826 ibid.

1986 5218 2139 5299 .(16)
2182 5218 2366 5284 Οὕτω,
2408 5236 2462 5273 κ.
2506 5238 2557 5275 τ.
2590 5218 2639 5273 λ.
2674 5218 2801 5274 Haec
2833 5221 3028 5275 desunt
3067 5217 3208 5287 apud
3266 5216 3529 5271 Combcll-

1957 5305 2138 5427 will?)
2176 5357 2405 5426 Πάσκει
2430 5388 2498 5397 —-
2524 5359 2660 5413 ἀλλ’
2694 5360 3120 5427 ἀνθρωπότητι.
3166 5354 3301 5427 Alluc
3358 5369 3528 5421 nsque

1958 5425 2342 5483 Damascenus.
2398 5428 2532 5483 Hinc
2585 5438 2763 5483 autem
2804 5425 2994 5482 rursus
3037 5428 3103 5482 ad
3151 5425 3309 5479 linem
3359 5440 3530 5493 usque

1957 5498 2311 5552 Combetisius
2395 5514 2463 5551 ex
2546 5499 2758 5552 laudata
2836 5496 3143 5553 Barlahatni
3219 5495 3531 5549 collectione

1956 5583 2138 5707 In6(18)
2184 5637 2298 5705 Τῆς
2326 5637 2689 5705 ὀρθοδοξίας.
2730 5638 2823 5693 llis
2854 5638 3095 5692 addenda
3126 5652 3223 5690 vox
3277 5639 3440 5693 ποιεῖ.
3472 5645 3528 5687 nt

1956 5706 2188 5762 advertit
2220 5710 2594 5763 Combclisius.
