4056 6412
540 337 648 398 {i5

1504 331 1561 386 S.
1609 329 2057 387 AMPHILOCHll
2101 331 2489 387 lt‘.(lNlENSIS
2527 329 2836 387 EPISCOPI
3685 330 3776 389 116

609 454 814 530 manu
845 451 1201 530 Panc‘llttrt‘um
1233 447 1840 530 diaconttmﬂidemem.
1876 449 2066 519 Incipit
2092 468 2111 504 :

2287 449 2571 530 όίάκρνςς
2605 444 3191 530 ἒίδηςιδογμιξτικῆς
3230 441 3568 512 ἐπιστολῆς
3589 461 3601 474 ο
3638 463 3708 514 ης
3739 446 3775 516 ἡ

607 524 840 578 Gavisus
865 538 981 577 sum
1008 524 1076 576 de
1117 534 1187 587 te,
1220 521 1301 574 vir
1329 521 1728 589 probatissimo.

613 615 782 670 Plane
815 613 1014 683 impius
1045 623 1129 668 est
1171 624 1225 667 et
1263 612 1471 668 alienus
1501 627 1530 668 a
1566 615 1832 680 veritate,
1883 618 1972 686 qui
2007 633 2111 672 nou

539 707 692 774 dicit,
719 706 994 762 Christum
1025 706 1265 760 omnium
1313 704 1647 761 Salvatorem
1680 715 2113 778 creatoremque,

2285 519 2461 589 ἀρχή·
2490 519 2702 589 ’ἭσΘην
2735 518 2828 570 ἐπὶ
2859 533 2961 580 σοι,
2989 516 3350 584 δοκιμώτατε.

2301 609 2528 682 Ἀσεϐὴς
2564 609 2732 673 ὅντως
2767 608 2904 672 ἐστὶ,
2933 608 3028 660 καὶ
3067 607 3165 678 τῆς
3207 605 3467 674 ἀληθείας
3497 605 3776 677 ἀλλότριος,

2216 702 2246 753 ὁ
2278 702 2352 772 μὴ
2379 701 2556 770 λέγων
2595 699 2684 754 τὸν
2721 699 2954 770 Χριστὸν
2987 697 3098 768 (20)
3137 697 3231 750 τὸν
3257 697 3487 768 Σωτῆρα
3523 696 3629 749 τῶν
3658 697 3778 751 ὅλων

540 799 839 854 secundum
873 797 1061 851 ambas
1091 807 1315 850 naturas
1340 796 1536 864 quibus
1555 798 1828 864 consistit,
1861 795 2116 854 facultate

2237 797 2313 860 ιαὶ
2341 794 2590 866 ποιητὴν,
2621 795 2740 847 κατ’
2769 792 2936 863 ἀμρω
2955 789 3064 844 τῶν
3092 788 3152 854 ἐξ
3179 784 3255 843 ὧν
3285 791 3402 842 ἐστι
3435 787 3578 841 κατὰ
3615 789 3779 858 φύσιν,

541 890 757 946 arbitrii
804 890 1118 960 praeditum,
1163 887 1579 958 ellicacemque,
1631 900 1795 958 atque
1847 892 1916 944 ab
1968 892 2114 945 omni

2237 888 2588 953 ιύτεξούσιον,
2620 887 2714 940 καὶ
2748 885 2968 956 ὲνεργῆ,
3011 884 3106 937 καὶ
3144 883 3325 955 πάσης
3355 881 3604 953 ἀνάγκης
3647 882 3781 936 ἑ.λεὺ-

544 983 874 1036 necessitate
907 981 1159 1036 liberum.

2221 979 2281 1032 θε
2289 997 2398 1050 ρον.

2100 1097 2308 1162 .XVII.

1527 1198 1610 1254 Ea;
1644 1198 1938 1254 Elementis
1978 1197 2289 1251 Damascem'
2340 1195 2796 1264 Rupefucaltlinis.
2910 1205 2912 1208 '

550 1295 830 1364 Ejusdem,
853 1309 918 1348 ex
942 1292 1162 1363 epistola
1184 1308 1344 1364 quam
1371 1293 1576 1364 scripsit
1599 1292 1668 1346 ad
1691 1289 2038 1358 Suadremes,
2059 1293 2123 1345 de

1079 1360 1266 1418 sancta
1302 1360 1585 1416 Trinitate.

630 1521 742 1576 Una
773 1520 1110 1589 potissimum
1141 1519 1192 1572 in
1224 1518 1408 1590 Moyse
1437 1519 1792 1573 amumtiatur
1823 1519 2080 1572 divinitas
2107 1537 2120 1572 :

554 1610 608 1663 in
641 1609 918 1678 prophetis
942 1619 1121 1662 autem
1150 1607 1390 1662 binarius
1426 1606 1716 1676 plurimum
1759 1607 2116 1675 praedicatur;

2233 1289 2582 1364 Toﬁpotoi),
2613 1286 2681 1340 ἐκ
2707 1285 2818 1364 τῇς
2848 1284 3176 1364 γῃαςίείᾳῃς
3211 1282 3312 1336 ὑπ’
3351 1281 3543 1364 αᾷτοιξ
3565 1280 3781 1364 ἐπεστο-

2297 1357 2617 1483 ᾔῆἓὲτρὸς
2658 1353 2800 1422 τοὺς
2849 1353 2918 1410 ἐν
2968 1353 3234 1423 Συέδραν
3282 1354 3418 1422 περὶ
3469 1353 3580 1420 τῆς
3627 1353 3782 1420 ἁγίας

2338 1448 2398 1498 pt
2477 1447 2562 1495 ος.

2299 1521 2501 1590 Θεότης
2549 1518 2647 1590 μία
2685 1518 2742 1570 ἐν
2787 1515 3012 1570 Μωῦσεῖ
3059 1514 3291 1585 μάλιστα
3334 1511 3785 1581 καταγγέλλεταιο

2224 1613 2356 1676 δυάς
2385 1612 2442 1666 δὲ
2472 1613 2529 1664 ἐν
2562 1610 2867 1682 προφήταις
2899 1607 3100 1678 σφόδρα
3140 1604 3478 1676 κηρύσσεται
3498 1622 3512 1636 ·
3553 1603 3711 1674 Τριὰς
3732 1601 3784 1656 δὲ

555 1703 648 1756 sed
691 1702 741 1756 in
774 1701 1078 1771 Evangeliis
1107 1700 1485 1755 manifestatur
1529 1700 1798 1754 Trinitas:
1833 1702 2002 1770 magis
2032 1717 2122 1754 sc-

2237 1708 2284 1760 ὲν
2307 1702 2660 1773 Εὑαγγελίοις
2691 1699 3050 1772 φανεροῦται·
3075 1697 3256 1774 πλεῖον
3287 1696 3434 1750 κατὰ
3460 1696 3677 1766 καιροὺς
3703 1693 3787 1747 καὶ

555 1789 792 1843 cundum
828 1797 1127 1858 temporum
1151 1789 1671 1859 generationumque
1705 1789 2123 1856 successionem,

549 1880 699 1948 justo
726 1895 1029 1949 congruens
1079 1881 1143 1934 ad
1187 1882 1466 1934 scientiam
1498 1891 1551 1935 et
1595 1882 1774 1936 tidem.
1814 1882 1938 1950 Ejus
1963 1898 2125 1953 porro

556 1974 820 2040 scientia,
873 1973 1254 2027 immortalitas
1294 1983 1395 2030 est.
1436 1973 1622 2029 Oritur
1677 1985 1856 2031 autem
1907 1977 2126 2046 adoptio

557 2081 624 2120 ex
661 2067 778 2135 ejus
811 2067 933 2120 ﬁde.
973 2065 1214 2119 Primum
1261 2066 1610 2122 nihilominus
1653 2067 1899 2137 justitias
1947 2071 2126 2122 carnis

558 2157 760 2221 edicit,
791 2155 933 2210 velut
978 2157 1302 2210 exteriorem
1335 2157 1516 2226 templi
1554 2166 1804 2212 ornatum
1843 2157 1897 2211 in
1948 2157 2128 2228 Moyse

559 2248 896 2301 exsuscitet:
921 2259 1042 2318 post
1080 2249 1193 2302 haec
1237 2258 1417 2304 autem
1460 2250 1726 2304 secundas
1765 2261 1985 2304 enarrat
2012 2251 2128 2304 ani-

561 2353 665 2391 maa
709 2337 1158 2408 justiﬁcationcs,
1189 2340 1334 2393 velut
1373 2341 1568 2394 Sancta
1628 2353 1856 2396 exornet
1909 2343 1961 2396 in
2009 2343 2128 2398 aliis

562 2427 860 2495 proplietiis
893 2447 907 2482 :
947 2427 1104 2483 tertio
1161 2429 1392 2498 denique
1433 2430 1655 2499 spiritus
1694 2431 2126 2501 justilicationes,

562 2519 711 2572 velut
741 2521 1173 2590 prepitiatoritun
1195 2560 1210 2582 ,
1255 2519 1563 2591 Sanctaque
1593 2534 1902 2577 sanctorum
1922 2565 1938 2590 ,
1963 2525 2132 2577 domi-

561 2613 749 2667 ciliqu
797 2629 954 2668 suum
977 2653 993 2676 ,
1055 2613 1104 2666 in
1163 2614 1466 2683 Evangeliis
1495 2616 1595 2670 rite
1619 2625 1930 2685 componat.
1963 2615 2130 2670 Porro

563 2705 724 2760 habet
761 2705 1165 2759 tabernaculum
1222 2715 1506 2770 sanctum,
1562 2707 1818 2775 templum
1863 2717 2128 2772 sanctum,

563 2797 737 2867 legem
781 2796 984 2866 justam
1021 2797 1126 2852 illis
1169 2799 1448 2859 comitem.
1489 2796 1702 2852 Habitat
1752 2813 1880 2853 vero
1930 2801 1981 2853 in
2043 2800 2131 2855 illo

565 2885 819 2939 divinitas
857 2899 960 2938 una
1001 2885 1264 2939 immensa
1303 2903 1316 2938 :
1349 2901 1452 2938 una
1511 2885 1764 2941 divinitas
1823 2886 2129 2953 iueﬂabilis,

567 2975 1032 3046 inconceptibilis,
1085 2976 1674 3046 incomprehensibilis,
1730 2979 2128 3043 inenarrabilis,

2229 1799 2422 1868 γενεὰς
2452 1795 2769 1868 ἁρμόζουσα
2795 1791 2874 1863 τῷ
2897 1790 3090 1862 δικαίῳ
3118 1791 3198 1852 είς
3219 1788 3422 1856 γνῶσιν
3455 1787 3551 1840 καὶ
3584 1785 3747 1839 πίστιι
3765 1799 3782 1818 ⁸

2229 1889 2429 1960 γνῶσις
2459 1889 2517 1941 δὲ
2556 1887 2725 1957 αὐτῆς
2765 1884 3053 1938 ἀθανασία.
3099 1881 3194 1935 Ἐκ
3242 1881 3485 1942 πίστεως
3537 1878 3592 1931 δὲ
3634 1876 3785 1945 αὐτῆς

2232 1982 2473 2035 υἱοθεσία
2497 1980 2728 2049 γίνεται.
2773 1975 2932 2030 Ἀλλά
2963 1974 3178 2047 πρῶτον
3224 1971 3574 2042 δικαιώματα
3605 1968 3786 2040 σαρκὸς

2231 2072 2514 2142 ὲκφράζει,
2555 2070 2634 2133 ὠς
2665 2069 3007 2139 περιϐόλαιον
3034 2063 3164 2120 ναοῦ
3200 2063 3290 2117 τὸν
3328 2063 3438 2130 ἔξω
3469 2060 3786 2130 διεγείρουσα

2233 2169 2294 2220 ὲν
2323 2165 2548 2218 Μωῦσεί
2569 2179 2582 2193 ·
2617 2161 2844 2232 δεύτερα
2871 2160 2928 2212 δὲ
2957 2157 3298 2228 δικαιώματα
3325 2155 3510 2226 ψυχῆς
3542 2154 3787 2224 ἐκδιηγεῖ-

2231 2274 2342 2316 ται,
2371 2254 2447 2316 ὡς
2479 2253 2549 2306 τὰ
2575 2252 2740 2320 Ἀγία
2772 2246 3071 2318 κοσμοῦσα,
3102 2249 3158 2300 ὲν
3189 2245 3404 2308 λοιπαῖς
3431 2241 3787 2314 προφητείαις*

2232 2346 2414 2417 τρίτον
2443 2344 2500 2396 δὲ
2537 2342 2880 2412 δικαιώματα
2913 2330 3239 2408 πνεύματος,
3272 2336 3347 2400 ὡς
3389 2335 3448 2388 τὸ
3481 2335 3786 2402 ἱλαστήριον.

2234 2437 2328 2490 καὶ
2359 2435 2426 2489 τά
2460 2437 2625 2504 Ἀγια
2648 2435 2756 2486 τῶν
2783 2432 2951 2501 ἁγίων
2979 2429 3328 2501 ῥυθμίζουσα,
3370 2430 3428 2481 ὲν
3462 2422 3788 2492 Εὐαγγελίοις

2235 2529 2556 2599 κατοίκησιν
2585 2525 2783 2594 ἑαυτῆς
2803 2541 2816 2552 ·
2847 2522 3048 2595 σκηνὴν
3070 2521 3126 2574 δὲ
3150 2520 3330 2590 ἁγίαν,
3356 2519 3488 2573 ναὸν
3515 2518 3682 2585 ἆγιον,
3707 2512 3787 2565 τὸν

2234 2622 2440 2675 δίκαιον
2485 2618 2597 2690 ἔχει
2638 2619 2820 2688 νόμον,
2867 2615 2958 2669 τὸν
3013 2613 3237 2667 συνόντα
3285 2613 3526 2672 τούτοις·
3568 2603 3789 2661 κατοικιί

2235 2715 2316 2769 ἔτι
2345 2714 2402 2766 δὲ
2431 2713 2490 2766 ἒν
2513 2711 2661 2782 αὐτῷ
2687 2711 2784 2781 μία
2807 2709 2995 2780 θεότης
3015 2707 3240 2777 ἄπειρος
3259 2723 3273 2737 ⁸
3301 2705 3401 2776 μία
3431 2703 3620 2770 Θεότης
3639 2699 3789 2767 ἀφρα-

2239 2825 2396 2872 στοςο
2457 2805 2848 2876 ἀπερινόητος·
2918 2800 3298 2870 ἁκατάληπτος
3323 2815 3336 2829 ·
3396 2795 3789 2864 ἀνεκδιήγητος⁹

2237 2899 2466 2970 ἀόρατος
2488 2912 2502 2926 ’
2541 2896 2740 2968 ἑαυτὴν
2771 2893 3114 2964 γινώσκουσα
3157 2890 3291 2962 μόνη
3314 2905 3329 2921 ο
3365 2890 3466 2942 καὶ
3495 2885 3683 2956 ἑαυτὴν
3704 2883 3791 2953 ἐμ-

2240 2991 2538 3062 φανίζουσα
2566 2983 2647 3052 οἷς
2671 2986 2936 3058 βούλεται,
2958 2984 3239 3056 μάρτυρας
3264 2983 3431 3050 ἑαυτῇ
3452 2977 3788 3048 διεγείρουσα,

566 3068 893 3136 invisibilis;
918 3083 1038 3138 quae
1071 3068 1182 3122 sola
1213 3083 1272 3124 se
1297 3069 1410 3138 ipsa
1445 3077 1763 3138 cOgnoscat;
1805 3083 1976 3139 seque
2016 3072 2133 3139 qui-

2240 3083 2631 3155 προορίξουσα·
2689 3077 3022 3132 ὲνωποιοῦσα
3069 3076 3228 3131 πάλιν
3278 3075 3420 3146 πρὸς
3473 3072 3570 3143 τὴν
3616 3066 3790 3134 ἑαυτῆς

568 3161 672 3216 bus
703 3161 852 3225 velit,
879 3169 1042 3216 testes
1071 3161 1171 3216 sibi
1204 3163 1498 3226 suscitans,
1533 3161 1870 3215 manifestam
1910 3164 2134 3231 prodat;

569 3253 956 3321 praedestinans
994 3262 1050 3307 et
1090 3251 1430 3322 prtelinieus:
1473 3254 1536 3306 ad
1585 3267 1734 3306 suam
1781 3269 1993 3310 rursum
2021 3254 2138 3325 glo-

569 3343 707 3398 riam
739 3345 1037 3414 fidemque,
1063 3359 1226 3399 unum
1263 3343 1484 3404 faciens.
1529 3343 1667 3399 Sunt
1707 3344 1808 3398 tria
1850 3344 1998 3407 haec,
2029 3360 2134 3398 cat-

570 3435 742 3500 lestt'a,
777 3438 1042 3492 terrestria
1071 3447 1117 3490 et
1149 3436 1356 3503 inferna
1387 3434 1455 3490 ⁸⁸.

2239 3174 2394 3238 δόξαν
2423 3173 2515 3226 καὶ
2557 3172 2757 3226 πίστιν.
2794 3171 2875 3224 Τὰ
2916 3170 3042 3242 τρία
3083 3167 3281 3222 ταῦτα’
3315 3162 3664 3234 ἐπουράνια,
3679 3157 3790 3212 ἐπί-

2242 3283 2389 3336 γεια,
2424 3264 2520 3318 καὶ
2550 3263 2930 3330 καταχθόνια.

1882 3551 1963 3605 Ea:
1984 3553 2169 3609 iisdem
2200 3555 2506 3612 Elemeutis.

1065 3643 1150 3698 Ex
1182 3646 1360 3699 eadem
1393 3645 1633 3714 epistola.

641 3735 741 3803 Qui
785 3751 889 3790 non
920 3736 1208 3790 confitetur
1248 3748 1358 3791 tres
1387 3739 1705 3807 Itypostases
1756 3745 1810 3793 et
1854 3752 2162 3806 personas,-

572 3828 627 3882 in
663 3845 765 3881 una
795 3828 1118 3882 substantia.
1168 3827 1369 3892 Porro,
1407 3831 1549 3884 haud
1578 3830 1737 3884 aliam
1777 3829 2135 3885 substantiam

571 3919 696 3972 dico
723 3929 918 3988 praeter
951 3918 1241 3984 deitatem;
1279 3920 1420 3976 haud
1457 3921 1616 3974 aliam
1655 3921 1910 3978 deitatem
1941 3933 2139 3990 prater

573 4009 967 4062 substantiam:
1001 4011 1093 4062 sed
1124 4010 1246 4077 quia
1285 4009 1364 4063 sic
1403 4021 1593 4064 exacte
1627 4026 1735 4065 rem
1778 4012 2136 4080 exquirimus,

573 4099 928 4154 substantiam
953 4115 1244 4164 vocamus;
1277 4111 1332 4154 ut
1364 4119 1431 4156 ne
1463 4104 1605 4160 aliud
1625 4114 1680 4158 et
1700 4103 1841 4158 aliud
1877 4104 2141 4173 ejusmodi

575 4191 724 4247 vafer
755 4193 1030 4248 obtendat.
1582 4209 1588 4216 ·

2791 3648 2892 3700 Ἐκ
2925 3645 3035 3714 τῆς
3061 3643 3272 3713 αὐτῆς.
3291 3632 3294 3634 Ὺ
3485 3715 3514 3727 __

2321 3741 2380 3794 '0
2412 3741 2485 3811 μὴ
2521 3738 2799 3810 ὁμολογῶν
2837 3742 2985 3810 τρεῖς
3028 3737 3358 3798 ὑποστάσεις
3402 3737 3468 3788 ὲν
3495 3724 3590 3804 μιᾷ
3619 3724 3792 3798 οὐσίᾳο

2239 3832 2337 3902 οὐχ
2365 3831 2557 3902 ἑτέραν
2599 3829 2657 3884 δὲ
2699 3830 2842 3897 λέγω
2881 3829 3070 3883 οὐσίαν
3113 3827 3264 3898 παρὰ
3300 3827 3398 3898 τὴν
3425 3826 3676 3894 θεότητα·
3705 3818 3793 3886 οὐχ

2241 3925 2431 3994 ἑτέραν
2473 3923 2529 3976 δὲ
2580 3923 2808 3994 θεότητα
2838 3920 2989 3993 παρὰ
3033 3922 3133 3993 τὴν
3177 3919 3384 3973 οὐσίαν.
3431 3916 3589 3971 Ἀλλὰ
3625 3911 3706 3965 διὰ
3739 3908 3792 3960 τὸ

2243 4014 2415 4079 οὕτως
2462 4013 2741 4085 ἀκριϐοῦν,
2775 4013 2960 4066 οὐσίαν
2991 4010 3290 4082 καλοῦμεν·
3327 4009 3413 4062 ἵνα
3453 4007 3526 4080 μὴ
3564 3995 3792 4061 ὀὶλλελκαὶ

2244 4107 2372 4162 ἄλλο
2399 4108 2427 4159 ὁ
2447 4105 2683 4167 τοιοῦτος
2711 4105 3036 4176 ῥᾳδιουργεῖ.

2051 4272 2075 4296 ⁸
2120 4311 2331 4379 xvm.

916 4412 1002 4470 Ea:
1044 4417 1271 4472 concilio
1297 4416 1512 4471 Nicaeuo
1539 4432 1598 4484 ιι,
1629 4417 1747 4472 Act.
1777 4434 1830 4482 ν,
1861 4433 1982 4486 pag.
2007 4415 2133 4471 1014

2237 4430 2321 4466 mt.
2349 4411 2460 4467 Vlll
2515 4411 2805 4465 Conoilior.
2841 4410 2966 4463 edit.
3007 4407 3138 4464 Ven.
3189 4405 3352 4461 Labb.

573 4505 757 4563 Sancti
794 4507 1143 4584 Amphilochii
1175 4510 1400 4584 episcopi
1431 4507 1634 4584 Iconii,
1671 4511 1738 4564 de
1776 4508 1926 4564 falsis
1951 4523 2133 4578 super-

2245 4504 2355 4559 Τοῦ
2391 4503 2575 4584 ἁγίου.
2610 4502 2986 4584 Ἀμφιλοχίου
3021 4500 3373 4584 ἐπισκόπου.
3397 4497 3638 4584 Ἰκονίρν
3673 4486 3795 4559 Περὶ

945 4579 1334 4648 scriptionibus
1367 4581 1766 4636 haereticorum.

647 4665 854 4722 Justum
897 4681 1073 4725 autem
1105 4671 1352 4726 arbitrati
1385 4686 1572 4728 sumus
1593 4689 1810 4729 omnem
1835 4689 2024 4730 eorum
2047 4673 2142 4729 de-

578 4761 782 4814 nudare
806 4760 1169 4831 impietatem,
1196 4775 1252 4820 et
1281 4764 1558 4834 publicare
1592 4776 1838 4834 patenter
1867 4781 2139 4832 errorem;

575 4850 832 4918 quoniam
857 4861 909 4905 et
935 4850 1102 4906 libros
1125 4855 1386 4920 quosdam
1404 4863 1712 4923 proponunt
1731 4854 2144 4924 superscriptio-

578 4953 673 4991 nes
719 4939 978 4996 habentes
1025 4943 1389 5010 apostolorum
1415 4983 1431 5008 ,
1477 4957 1572 5014 per
1609 4958 1744 5012 quos
1781 4943 2142 5012 simpliciores

575 5044 820 5100 quosque
840 5033 1134 5103 decipiunt.
1157 5033 1248 5106 [Et
1271 5046 1561 5105 pestpauca
1595 5037 1710 5108 (l9)
1740 5055 1753 5091 :
1785 5036 2143 5092 Ostendemus

576 5121 720 5176 enim
762 5123 861 5182 hos
891 5123 1091 5191 libros,
1141 5141 1279 5195 quos
1315 5127 1468 5182 nobis
1519 5129 1554 5182 ii
1607 5131 1892 5198 proferunt
1935 5129 2024 5198 qui
2073 5127 2143 5183 ab

581 5212 817 5269 Ecclesia
847 5215 1224 5279 desciverunt,
1276 5233 1383 5271 non
1431 5220 1793 5288 apostolorum
1821 5219 1953 5274 Acta
1997 5235 2142 5286 esse,

579 5306 674 5359 sed
713 5306 1016 5361 daemonum
1052 5308 1300 5381 scripta.]
1331 5308 1397 5368 Et
1431 5321 1544 5380 post
1578 5312 1687 5368 alia
1719 5326 1740 5366 :
1770 5310 1891 5368 Haec
1927 5311 2144 5382 quidem

651 5420 697 5452 ⁸⁸
720 5417 950 5489 Philipp.
981 5395 1038 5486 ll,
1069 5420 1155 5475 10.

654 5535 765 5604 (19)
809 5533 876 5587 Ει
905 5542 1020 5602 post
1047 5551 1234 5602 pauca.
1269 5537 1470 5591 Desunt
1503 5537 1682 5592 clausa
1719 5540 1770 5593 in
1792 5537 1980 5593 Latina
2013 5539 2140 5594 Core

582 5607 827 5660 ciiiorum
858 5605 1114 5660 editione.
1146 5604 1432 5662 Coueerrs.

653 5676 764 5743 (20)
810 5673 919 5743 Τρν
949 5677 1226 5741 Χριστόν.
1263 5675 1386 5731 Haec
1413 5677 1607 5732 desunt
1654 5677 1706 5731 in
1740 5679 1886 5733 edito
1913 5679 2138 5734 Centbe-

587 5741 797 5802 tisiauo.
848 5741 919 5800 Ea
957 5759 1084 5801 vero
1121 5747 1453 5803 restituimus
1489 5765 1552 5803 ex
1598 5748 1712 5817 ipso
1753 5747 2060 5817 Sirmondo,
2108 5768 2138 5808 ει

2420 4570 2529 4626 τῶν
2549 4570 3001 4644 ψευδεπιγράφων
3020 4570 3127 4623 τῶν
3147 4571 3297 4640 παρά
3323 4570 3630 4641 αἱρετικοῖς.

2316 4667 2530 4720 Δίκαιον
2551 4665 2608 4719 δὲ
2629 4663 2954 4736 ἡγησάμεθα
2987 4665 3166 4718 πᾶσαν
3194 4662 3372 4717 αὐτῶν
3402 4659 3676 4734 γυμνῶσαι
3705 4650 3794 4720 τὴν

2245 4759 2521 4817 ἀσέϐειαν.
2553 4757 2647 4810 καὶ
2672 4753 3026 4826 δημοσιεῦσαι
3058 4753 3235 4808 αὐτῶν
3261 4753 3358 4826 τὴν
3379 4753 3600 4822 πλάνην.
3631 4746 3794 4799 Ἐπει-

2247 4852 2342 4904 δάν
2373 4849 2466 4905 καὶ
2498 4849 2677 4921 βιϐλία
2719 4847 2840 4903 τινὰ
2870 4847 3259 4920 προϐάλλονται
3291 4843 3596 4918 ἐπιγραφὰς
3622 4840 3795 4908 ἔχοντα

2247 4943 2356 4996 τῶν
2377 4944 2706 5011 ἀποστόλων,
2733 4945 2798 4997 δι’
2821 4937 2895 4998 ὧν
2923 4940 3321 5010 ἁπλουστέρους
3340 4934 3656 5004 ἐξαπατῶσι»
3677 4925 3794 5000 [Kal

2243 5038 2370 5106 μετ’
2392 5037 2592 5106 ὀλιγαο
2627 5035 2880 5106 Δείξομεν
2913 5035 3021 5108 γὰρ
3058 5035 3127 5090 τά
3171 5034 3351 5106 βιϐλία
3393 5031 3584 5093 ταῦτα,
3615 5026 3650 5080 ἃ
3677 5035 3796 5091 προ-

2247 5126 2470 5198 φέρουσι
2501 5129 2630 5198 ἡμῖν
2661 5129 2709 5180 οἱ
2741 5129 3042 5182 ἀποστάται
3073 5129 3170 5198 τῆς
3202 5127 3545 5198 Ἐκκλησίας,
3565 5119 3678 5190 οὐχὶ
3697 5112 3794 5168 τῶν

2249 5219 2558 5273 ἀποστόλων
2588 5220 2840 5292 Πράξεις.
2878 5219 3012 5274 ἀλλά
3065 5220 3333 5291 δαιμόνων
3365 5199 3792 5288 συγγράμματα]

2251 5311 2360 5374 Καὶ
2393 5312 2522 5381 μεθ’
2553 5311 2722 5381 ἔτερα
2745 5329 2759 5342 ·
2801 5311 2984 5365 Ταῦτα
3027 5313 3124 5384 μὲν
3167 5314 3196 5365 ό
3237 5311 3528 5372 ἀπόστολος
3563 5303 3792 5374 Ἰωάννης

2247 5553 2352 5605 quo
2383 5537 2683 5604 huiusmodi
2722 5547 3030 5604 excerptum
3063 5535 3271 5603 accepit
3297 5517 3792 5605 Corubelisitts.l‘5}-

2245 5602 2388 5662 enim
2420 5602 2502 5661 vir
2522 5607 2608 5661 ille
2633 5602 2973 5661 doctissimus
3000 5602 3262 5676 integrum
3295 5617 3437 5676 nunc
3468 5602 3654 5676 Ιυιιξειιιο
3677 5602 3790 5676 ριξ-

2247 5693 2305 5731 ut
2336 5678 2484 5732 illum
2513 5677 2794 5738 edidimus,
2824 5677 3015 5730 recitat
3053 5665 3138 5732 adv
3171 5673 3484 5729 Facundum
3529 5665 3786 5723 Ηεηηέὶιης

2249 5748 2342 5803 lib.
2375 5763 2451 5814 XI,
2477 5765 2595 5817 cap.
2621 5747 2672 5812 3,
2715 5763 2833 5818 pag.
2865 5747 2988 5802 760.
