4030 6408
286 324 378 381 217
1425 333 1829 388 SENTENTIA}
1868 333 1955 386 ET
1997 332 2378 388 EXCERPTA.

3411 329 3513 386 118

275 446 372 500 οὐκ
397 440 559 507 εἶπεν,
589 445 617 495 6
646 443 863 512 γράψας
892 446 950 499 ἐν
990 446 1068 515 τῷ
1105 447 1437 517 Εὑαγγελίῳ,
1475 448 1602 501 ὅτιὸ
1637 447 1834 518 Κύριος

1941 447 2174 502 Joannes
2205 444 2479 517 apostolus
2510 457 2848 512 nequaquam
2898 439 3141 504 diceret,
3189 442 3433 497 scribens
3458 446 3511 499 in

276 536 378 589 ἀπὸ
405 534 493 586 τοῦ
536 535 772 604 σταυροῦ
826 534 994 604 λέγει,
1041 538 1193 590 Ἰδοὺ
1224 542 1256 591 ὀ
1294 542 1425 603 υἱός
1460 556 1609 592 σου·
1647 539 1721 602 ὡς
1749 540 1843 592 καὶ

272 627 374 679 ἀπὸ
398 625 490 693 τῆς
530 625 743 694 ἡμέρας
790 626 1005 697 ἐκείνης
1040 627 1224 680 λαϐεῖν
1261 629 1351 681 τὸν
1389 628 1543 696 ἆγιον
1585 628 1840 699 Ἰωάννην

268 718 363 787 τὴν
391 718 602 787 Μαρίαν
623 720 701 779 εἰς
731 718 800 769 τὰ
839 717 964 771 ἴδια.
1002 720 1124 782 Πῶς
1154 719 1383 773 ἐνταῦθα
1418 718 1566 787 λέγει
1600 718 1674 789 μὴ
1702 736 1840 789 παρ-

266 811 432 871 ciunt;
469 808 606 860 Ἀλλ’
654 809 807 860 οὐδὲν
856 809 1022 874 ξένον.
1050 811 1258 881 Ὠσπερ
1288 810 1396 883 γὰρ
1422 814 1449 865 6
1475 811 1678 881 Κύριος
1706 811 1838 882 ἀλή-

266 900 381 952 θειά
429 901 609 964 ἐστιν,
668 899 843 963 οὕτως
897 901 927 952 6
972 900 1213 966 διάϐολος
1260 902 1501 974 ψεύστης
1555 903 1835 972 τυγχάνει.

280 989 528 1054 Ἐκεῖνος
576 988 686 1058 τὰρ
740 992 1013 1058 ψεύστης
1054 992 1209 1056 ἐστὶ,
1260 993 1359 1045 καὶ
1390 992 1585 1061 πατὴρ
1609 993 1795 1047 αὑτοῦ
1820 1008 1835 1022 ⁸

273 1082 359 1132 καὶ
386 1081 531 1132 ὅταν
560 1080 725 1148 λαλῇ
770 1082 837 1134 τὸ
877 1082 1100 1150 ψεῦδος
1124 1122 1139 1148 ,
1183 1084 1252 1137 ἐκ
1292 1083 1410 1137 τῶν
1438 1083 1604 1137 ἰδίων
1641 1083 1836 1139 λαλεῖ.

271 1173 368 1224 Καὶ
395 1173 567 1226 ταῦτα
602 1173 700 1243 μὲν
730 1173 973 1245 περὶτοῦ
998 1175 1242 1244 ψεύδους.

1942 538 2253 608 Evangelio,
2280 537 2406 605 quia
2444 535 2699 589 Dominus
2729 533 2781 586 in
2811 546 2973 585 cruce
2996 531 3123 584 dicit
3158 549 3173 585 :
3204 530 3339 585 Ecce
3367 534 3512 600 ﬁlius

1941 642 2062 684 tuus
2092 632 2135 663 ⁸⁸
2174 648 2188 684 :
2223 630 2293 683 ita
2325 640 2441 681 uta
2464 626 2551 680 die
2585 625 2673 677 illa
2720 625 2992 693 acciperet
3018 620 3257 676 Joannes
3284 622 3510 678 Mariam

1944 728 1997 776 in
2056 738 2174 777 sua.
2231 719 2511 787 Quomodo
2569 732 2699 784 ergo
2746 714 2835 768 hic
2896 715 3028 769 dicit
3080 729 3183 768 non
3241 714 3514 769 adfuisse?

1944 811 2049 867 Sed
2098 812 2227 865 nihil
2261 821 2600 864 extraneum.
2636 805 2789 860 Sicut
2838 806 2982 859 enim
3026 804 3284 859 Dominus
3314 807 3512 860 veritas

1944 914 2061 968 est,
2095 905 2166 957 ita
2198 902 2445 958 diabolus
2473 899 2702 955 mendax
2727 908 2829 954 est.
2862 879 2958 950 Ille
2982 898 3117 952 enim
3160 898 3385 951 mendax
3413 908 3512 963 est,

1943 1006 1992 1051 et
2035 1008 2183 1064 pater
2223 998 2337 1063 ejus
2361 1010 2379 1047 :
2409 1002 2455 1047 et
2490 1008 2608 1046 cum
2658 990 2890 1059 loquitur
2920 989 3281 1055 mendacium,
3320 1005 3386 1043 ea:
3416 1005 3513 1043 suo

1946 1088 2179 1156 loquitur
2208 1086 2274 1139 ’°.
2311 1085 2415 1139 Sed
2449 1085 2561 1138 hazc
2588 1082 2805 1151 quidem
2834 1081 2898 1135 de
2926 1080 3228 1135 mendacio.

1815 1289 1971 1349 XIX.

1182 1388 1404 1460 Reliqua
1427 1388 1862 1456 Amphilocliiana
1896 1402 2138 1459 excerpta
2169 1406 2283 1459 qua:
2316 1397 2583 1456 superant.

1530 1479 1608 1533 Ex
1631 1490 1818 1534 catena
1849 1482 1903 1534 in
1930 1482 2209 1536 Joannem.

853 1577 1257 1645 Ἀμφιλοχίου.

323 1666 441 1718 Οῦκ
468 1666 655 1737 ἐπειδὴ
678 1668 708 1720 6
743 1668 871 1731 Υἱὸς
896 1668 987 1720 τοῦ
1015 1668 1300 1745 ἀνθρώπου
1341 1669 1607 1740 κατῆλθεν
1631 1672 1695 1724 ἐκ
1720 1672 1829 1726 τῶν

257 1758 519 1827 οὐρανῶν,
555 1759 669 1811 ἀλλ’
710 1760 898 1830 ἐπειῆ
942 1764 969 1814 6
1006 1761 1277 1815 κατελθὼν
1316 1762 1442 1826 Υἱὸς
1474 1762 1630 1824 Θεοῦ,
1665 1764 1827 1827 αὐτὸς

2535 1582 2901 1650 Amphilochii.

2005 1673 2120 1728 Non
2154 1675 2278 1744 quia
2310 1675 2477 1730 Filius
2519 1678 2753 1733 hominis
2799 1679 3077 1734 descendit
3112 1681 3177 1734 de
3209 1678 3383 1745 ctelo;
3420 1680 3513 1733 sed

1934 1766 2057 1841 quia
2092 1766 2181 1834 qui
2210 1764 2487 1821 descendit
2530 1768 2621 1821 Dei
2664 1768 2830 1823 Filius
2853 1809 2866 1833 ,
2902 1770 2947 1823 is
2995 1770 3109 1839 ipse
3139 1769 3383 1824 ascendit
3433 1767 3515 1822 fa-

255 1849 452 1920 άνῆλϐε
511 1852 803 1922 γενόμενος
854 1854 979 1917 Υἱὸς
1032 1854 1357 1925 ἀνθρώπου,
1404 1855 1829 1925 ἀσφαλιζόμενος

1939 1868 2056 1912 ctus
2081 1856 2249 1911 Filius
2279 1858 2536 1921 hominis,
2556 1874 2874 1914 asseverans
2904 1862 3042 1913 dixit
3074 1878 3087 1913 :
3126 1859 3296 1914 Nemo
3326 1875 3511 1913 acren-

255 1942 474 2010 ἔλεγεν
510 1944 722 2010 Οὐδεὶς
766 1944 947 2012 ἀνέϐη
997 1948 1084 2011 εἰς
1130 1946 1233 1999 τὸν
1276 1949 1555 2013 οὐρανὸν,
1596 1950 1646 2000 εὶ
1687 1947 1771 2016 μὴ
1798 1950 1831 2000 ὁ

1939 1951 2006 2002 dit
2041 1950 2095 2001 in
2127 1949 2332 2012 coelum,
2371 1950 2476 2001 nisi
2505 1950 2593 2018 qui
2619 1950 2886 2002 descendit
2916 1952 2980 2003 de
3009 1952 3136 2005 caelo
3164 1990 3180 2014 ,
3211 1948 3387 2002 Filius
3415 1950 3512 2002 Ito-

253 2031 316 2084 ἐκ
347 2031 461 2085 τοῦ
494 2035 755 2099 οὐρανοῦ
798 2036 1054 2102 καταϐὰς
1098 2040 1130 2090 ό
1186 2037 1316 2103 Υἱὸς
1344 2038 1449 2091 τοῦ
1496 2036 1830 2105 ἀνθρώπου,

255 2122 399 2176 dt?»-
448 2124 522 2176 ἐν
570 2124 650 2189 τῷ
685 2125 938 2193 οὐρανῷ.
988 2128 1227 2200 Ἀπαθὴς
1271 2130 1379 2201 γὰρ
1425 2131 1519 2183 καὶ
1567 2130 1833 2194 ἀθάνατος

256 2213 392 2283 μετὰ
420 2216 522 2285 τῆς
556 2216 905 2280 ἀναστάσεως
936 2220 1200 2291 γενομένη
1236 2223 1267 2291 ἡ
1296 2221 1432 2293 σὰρξ
1458 2221 1546 2274 διὰ
1574 2224 1671 2293 τὴν
1702 2223 1834 2293 πρὸς

252 2303 382 2357 Θεὸν
410 2306 699 2360 κοινωνίαν
722 2323 738 2338 ο
778 2308 1098 2380 ἀδιαιρέτως
1132 2313 1239 2383 γάρ
1267 2314 1413 2365 ἐστιν
1442 2313 1588 2384 αὐτῷ
1616 2315 1713 2385 τῆς
1739 2316 1839 2367 αὺ-

253 2396 345 2465 τῆς
370 2395 656 2467 ἠξιωμένη
688 2398 988 2470 καθέδρας·
1028 2401 1107 2453 διὸ
1150 2403 1243 2455 καί
1288 2403 1499 2467 Παῦλος
1523 2405 1738 2472 ἔλεγενο
1779 2405 1834 2457 '0

254 2489 540 2552 καταϐὰς,
572 2490 757 2554 αὑτός
781 2490 911 2543 ἐστι
956 2493 1053 2546 καὶ
1093 2496 1126 2546 ό
1155 2494 1379 2560 ἀναϐὰς
1416 2496 1688 2565 ὑπεράνω
1719 2494 1838 2549 τῶν

251 2578 551 2648 οὐρανῶν,
584 2581 686 2633 ἵνα
717 2582 1011 2651 πληρώσῃ
1041 2584 1113 2638 τὰ
1141 2585 1357 2640 πάντα.

1931 2043 2087 2093 minis
2123 2040 2212 2109 qui
2243 2051 2314 2093 est
2348 2041 2400 2092 in
2436 2038 2562 2092 caelo
2586 2042 2651 2092 ει.
2685 2039 2883 2093 Christi
2922 2040 3062 2093 enim
3096 2054 3223 2093 caro
3256 2035 3505 2106 postne-

1935 2132 2325 2185 surrectionem
2357 2174 2371 2197 ,
2408 2132 2661 2185 immunis
2717 2148 2744 2183 a
2806 2132 3055 2199 passione
3086 2141 3141 2184 et
3169 2129 3509 2192 immortalis,

1936 2221 2313 2276 communione
2365 2222 2431 2273 ad
2486 2221 2651 2275 Deum
2698 2220 2891 2274 evasit.
2942 2218 3141 2272 Eadem
3192 2216 3337 2270 enim
3389 2230 3511 2268 cum

1938 2312 2056 2381 ipso
2083 2351 2099 2376 ,
2134 2311 2362 2365 indivise
2386 2350 2401 2375 ,
2456 2311 2701 2365 sessione
2745 2311 3008 2364 honorata
3041 2320 3145 2363 est.
3179 2308 3517 2377 Quapropter

1937 2404 2099 2458 etiam
2158 2401 2357 2456 Paulus
2406 2402 2656 2467 aitzﬂui
2696 2404 2987 2467 descendit,
3042 2402 3151 2469 ipse
3207 2410 3282 2454 est
3334 2408 3380 2455 et
3424 2398 3515 2464 qui

1941 2495 2173 2550 ascendit
2200 2512 2356 2565 super
2384 2494 2562 2559 cmlos,
2595 2505 2650 2548 ut
2689 2494 2919 2563 impleret
2952 2496 3128 2548 omnia
3162 2496 3230 2547 ".

1308 2701 1459 2769 Apud
1495 2700 1833 2755 Anastasium
1856 2699 1911 2752 in
1948 2696 2189 2765 llodego,
2219 2711 2338 2764 cap.
2366 2694 2455 2748 10.

854 2790 1257 2858 Ἀμφιλοχίου.

316 2876 418 2938 Ei;
447 2877 507 2930 ἒν
548 2879 660 2949 γάρ
710 2880 1020 2951 πρόσωπον,
1060 2881 1241 2944 καθὼς
1284 2882 1377 2935 καὶ
1423 2882 1659 2954 ὑμετέρα
1690 2882 1832 2935 διδά-

252 2980 371 3017 σκει
402 2966 689 3036 ἁγιοσύνη,
728 2969 1058 3043 συνέδραμον
1086 2972 1141 3023 αἱ
1164 2971 1257 3023 δύο
1290 2972 1479 3039 φύσεις
1497 2989 1509 3001 ·
1536 2973 1711 3044 ἇσπερ
1738 2972 1832 3024 καὶ

250 3050 412 3119 εἶναι,
441 3058 537 3110 καὶ
560 3057 827 3121 σώζεσθαι
855 3062 1137 3132 ἀτρέπτως
1167 3062 1260 3116 καὶ
1286 3063 1602 3133 ἀδιαιρέτως
1626 3066 1681 3117 ὲν
1706 3064 1834 3134 Χρι-

254 3146 364 3220 στῷ
389 3149 787 3221 ὁμολογοῦμεν.

2542 2785 2913 2853 Ampltilocltii.

2011 2881 2069 2934 In
2099 2895 2259 2934 unam
2290 2879 2432 2933 enim
2463 2891 2774 2948 personam,
2800 2877 2940 2931 sicut
2961 2885 3015 2930 et
3046 2882 3225 2929 vestra
3254 2872 3516 2927 sanctitas

1938 2970 2113 3035 docet,
2145 2978 2517 3023 convenerunt
2548 2969 2665 3022 dua:
2695 2977 2933 3031 naturae;
2976 2981 3111 3035 quas
3135 2972 3189 3018 et
3220 2965 3272 3017 in
3297 2962 3513 3017 Christo

1937 3080 2055 3118 esse
2089 3073 2144 3118 et
2181 3062 2495 3117 conservari
2538 3059 2950 3115 immutabiliter
2997 3068 3053 3112 et
3090 3055 3510 3118 indivisihiliter,

1936 3155 2275 3211 confitemur.

1818 3253 1946 3311 XX.

1279 3351 1676 3408 Ex-Elementis
1705 3352 2013 3407 Damasceni
2051 3351 2507 3421 Rupefucaldinis.

852 3440 1257 3507 Ἀμφιλοχίου.

327 3528 544 3598 Ὠσπερ
580 3529 735 3591 τινὰς
767 3530 1143 3599 παιδαγωγοὺς
1185 3532 1217 3603 ἢ
1249 3532 1619 3602 ,παιδονόμους
1648 3534 1830 3586 ἐπιτε-

251 3635 358 3686 ταγ
365 3620 563 3689 μένους
578 3623 692 3682 τοῖς
724 3620 1025 3691 ἀνθρώποις
1049 3624 1173 3687 τοὺς
1197 3624 1458 3693 ἀγγέλους
1486 3624 1607 3678 ἰδὼν
1626 3624 1830 3677 6’Δπό-

257 3710 465 3775 στολος,
496 3713 579 3774 εἰς
618 3712 927 3784 μαρτυρίαν
947 3714 1222 3769 ἐκάλεσεν.

2543 3439 2707 3508 Amph
2716 3438 2913 3493 ilocltii.

2004 3534 2138 3590 Cum
2193 3533 2480 3601 Apostolus
2519 3530 2738 3600 angelos
2786 3545 2881 3583 ceu
2908 3528 3222 3597 paedagogos
3248 3528 3506 3595 quosdam

1935 3634 1989 3678 et
2025 3623 2368 3677 institutores
2416 3618 2726 3673 hominibus
2780 3616 3063 3687 prmfectos
3114 3615 3508 3679 consideraret,

1938 3714 2149 3768 vocavit
2183 3714 2233 3766 in
2268 3721 2428 3766 testes
2457 3709 2523 3763 ”.

1808 3812 1968 3871 X-XI.

1566 3911 1651 3965 Ex
1683 3913 1868 3966 iisdem
1894 3910 2205 3966 Elementis.

344 3995 456 4049 Τοῦ
483 3995 661 4065 ἁγίου
705 3998 1088 4069 Ἀμςειλοχίου
1118 4002 1457 4058 ἐπισκόπού
1496 4004 1760 4059 Ἰκονίου.

331 4087 461 4151 Θεός
491 4089 713 4155 λέγεται
744 4091 877 4161 (21),
910 4092 998 4145 διὰ
1026 4094 1087 4146 τὸ
1129 4094 1428 4149 τεθεικέναι
1461 4095 1529 4148 τὰ
1568 4097 1744 4150 πάντα
1767 4099 1835 4168 τῇ

264 4178 455 4232 ἑαυτοῦ
480 4180 702 4252 ἐξουσίᾳ
734 4182 765 4253 ῆ
801 4185 1099 4256 ἀσφαλείᾳ·
1138 4186 1232 4238 καὶ
1278 4186 1366 4239 διὰ
1403 4187 1464 4240 τὸ
1498 4186 1660 4252 θέειν,
1700 4188 1836 4259 ὅπερ

265 4269 380 4322 ἐστὶ
404 4270 622 4341 τρέχειν
649 4274 742 4327 καὶ
768 4278 936 4329 κινεῖν
972 4277 1066 4329 καὶ
1104 4277 1391 4348 κυϐερνᾷν,
1431 4279 1524 4332 καὶ
1554 4279 1837 4348 ζωογονεῖν

267 4359 335 4413 τὰ
371 4362 567 4413 πάντα.

267 4362 335 4413 τὰ
371 4362 567 4417 πάντα.

2181 4000 2365 4055 Sancti
2402 3996 2749 4066 Amphilochii
2792 3995 3022 4063 episcOpi
3063 3992 3257 4047 Iconii.

2009 4095 2214 4149 Dicitur
2256 4093 2422 4156 Θεός,
2473 4093 2573 4145 hoc
2599 4099 2711 4154 est,
2749 4090 2923 4153 Deus;
2977 4087 3119 4155 quod
3160 4083 3339 4140 omnia
3369 4098 3501 4137 con-

1938 4186 2177 4241 stituerit
2209 4185 2262 4238 in
2294 4199 2389 4237 sua
2418 4168 2717 4250 potestate,
2756 4188 2811 4232 et
2850 4177 3143 4230 constituta
3163 4214 3177 4235 .
3212 4174 3503 4242 protectio-

1938 4293 2006 4332 ne
2028 4276 2294 4332 custodiat
2330 4294 2344 4330 :
2376 4273 2459 4327 vel
2484 4272 2635 4337 Θεός,
2667 4270 2755 4323 διὰ
2793 4270 2855 4321 τό
2894 4268 3066 4333 οέειν,
3100 4265 3240 4333 quod
3267 4272 3352 4317 est
3381 4278 3508 4317 cur-

1940 4384 2099 4433 rere,
2154 4367 2444 4437 omniaque
2484 4379 2731 4431 movere,
2783 4373 2838 4416 et
2868 4363 3171 4431 gubernare
3195 4397 3212 4423 ,
3243 4365 3300 4411 et
3336 4354 3507 4413 viviﬁ-

1939 4475 2001 4513 ca
2009 4474 2085 4516 re.

845 4661 928 4716 Ea:
956 4660 1243 4731 Eupltemio
1269 4666 1609 4730 Antiocheno,
1644 4684 1729 4734 ap.
1766 4665 2031 4732 l'ltotium,
2067 4664 2315 4720 Biblioth.
2351 4664 2469 4717 cod.
2495 4678 2710 4729 ccxnx,
2739 4660 2933 4730 p.790.

334 4755 438 4808 Kal
476 4757 511 4806 ὁ
544 4754 619 4805 ἐν
645 4753 832 4821 ἁγίοις
866 4752 933 4805 δὲ
966 4754 1071 4807 τοῦ
1112 4755 1366 4808 Ἰκονίου
1399 4756 1684 4823 πρόεδρος
1718 4758 1834 4825 Ἀμ-

2016 4757 2243 4812 Sanctus
2272 4770 2472 4825 quoque
2497 4752 2893 4821 Amphilochius
2929 4749 3096 4803 lconii
3137 4750 3407 4816 episcopus
3433 4749 3517 4801 ita,

273 4848 539 4915 thdztoc
559 4844 714 4897 οὕτω
740 4846 933 4913 φησίν
958 4862 971 4874 '
1008 4847 1227 4916 Ὁρᾶται
1257 4848 1542 4917 τοιγαροῦν
1575 4851 1720 4911 ὅπως
1746 4852 1834 4902 καὶ

1939 4849 2012 4903 ait
2045 4866 2060 4903 :
2091 4849 2329 4917 Apparet
2355 4855 2505 4900 certe
2546 4845 2760 4898 divinos
2797 4842 2990 4895 Patres
3028 4852 3243 4895 nostros
3275 4839 3509 4894 consub-

272 4941 317 4987 oi
348 4938 624 4990 Θεσπέσιοι
648 4938 889 5006 Πατέρες
908 4938 1187 5007 ὀμοοῦσιον
1220 4941 1469 5009 εἰρήκασι
1493 4940 1583 4992 τὸν
1615 4940 1740 4992 Υἱὸν
1762 4941 1834 5010 τῷ

1939 4941 2243 4996 stantialem
2272 4951 2519 4995 asserere
2571 4936 2719 4989 Patri
2763 4933 2957 4987 Filium
2997 4934 3291 4987 secundum
3314 4930 3509 4984 divini-

278 5032 435 5100 Πατρὶ
464 5029 609 5083 κατὰ
639 5028 736 5100 τὴν
787 5023 1034 5100 θεότητα,
1082 5031 1175 5082 καὶ
1222 5030 1503 5099 ὁμοούσιον
1545 5034 1611 5102 τῇ
1658 5032 1834 5102 Μητρὶ

1941 5041 2127 5096 tatem,
2158 5039 2213 5087 et
2248 5028 2763 5085 consubstantialem
2793 5024 2949 5080 Matri
2980 5024 3276 5079 secundum
3309 5024 3503 5076 huma—

276 5125 403 5173 κατὰ
457 5122 556 5193 τὴν
603 5121 1029 5192 ἀνθρωπότητα.
1086 5121 1304 5174 διπλοῦν
1353 5121 1451 5191 τὴν
1504 5121 1689 5174 οὐσίαν
1724 5123 1834 5193 ἦτοι

1941 5125 2198 5191 nitatem;
2255 5124 2521 5193 duplicem
2555 5121 2731 5190 quoad
2762 5119 3053 5175 essentiam
3083 5120 3198 5172 sive
3235 5126 3507 5180 naturam,

278 5216 407 5267 κατὰ
438 5215 537 5286 τὴν
571 5215 735 5284 φύσιν
751 5232 765 5244 ·
790 5215 851 5267 οὐ
875 5213 1094 5268 διπλοῦν
1126 5215 1183 5267 δὲ
1207 5215 1304 5284 τὴν
1325 5215 1639 5270 ὑπόστασιν.

340 5330 380 5361 ⁸⁹
402 5328 555 5383 Joan.
591 5347 683 5384 xu
707 5324 809 5395 μὶ.

344 5444 448 5514 (ει)
484 5447 627 5513 Θεὸς
661 5447 921 5516 λέγεται.
963 5447 1273 5514 llnjusmodi
1312 5456 1620 5514 excerptum
1661 5453 1836 5516 exstat

285 5518 476 5581 quidem
508 5520 559 5571 in
594 5514 885 5570 Parallelis
920 5518 1312 5573 Damascenicis
1340 5534 1405 5571 ex
1434 5531 1537 5569 ms.
1573 5517 1691 5569 cod.
1726 5514 1833 5567 Βη-

288 5585 600 5649 pefucaldino
634 5589 891 5655 vulgatis,
918 5597 1045 5640 tom.
1079 5587 1141 5652 ll,
1168 5604 1285 5657 pag.
1316 5588 1436 5651 785,
1472 5586 1556 5639 uhi
1584 5586 1835 5638 tribuitur

288 5657 639 5726 Amphilochia
665 5654 931 5715 Iconiensi
950 5654 1216 5731 episcopo.
1235 5654 1338 5715 Sed
1370 5656 1609 5728 pauculis
1640 5656 1833 5711 immu-

1943 5231 2047 5269 non
2076 5216 2343 5284 duplicem
2384 5213 2561 5282 quoad
2604 5227 2906 5281 personam.

898 5329 944 5361 ’°
977 5328 1128 5386 Joan.
1158 5345 1253 5384 vin
1278 5371 1292 5395 ,
1322 5330 1411 5384 44.
1462 5333 1503 5363 ⁸³
1527 5330 1681 5385 Joan.
1718 5346 1800 5393 nt,

2007 5330 2053 5361 ⁹²
2085 5329 2284 5399 Ephes.
2320 5343 2392 5392 IV,
2429 5328 2514 5380 10.
2589 5327 2635 5359 ⁸³
2668 5325 2833 5381 Hebr.
2862 5341 2903 5389 ι,
2936 5324 3024 5378 Η.

1945 5443 2071 5495 tatis
2104 5442 2242 5495 idem
2276 5440 2515 5494 occurrit
2547 5438 2685 5506 apud
2727 5437 3083 5505 Theophilum
3115 5435 3507 5489 Antiochenum

1943 5512 2037 5563 lih.
2069 5528 2083 5564 ι
2112 5511 2178 5563 ad
2206 5510 2571 5579 Autulycum,§
2596 5509 2650 5572 4,
2678 5512 2823 5579 unde
2838 5522 2935 5579 sua
2960 5508 3093 5560 forte
3114 5507 3367 5579 hauserit
3389 5506 3513 5579 Arn-

1942 5582 2263 5649 philochius.
2308 5572 2485 5635 Adisis
2542 5572 2737 5634 nostra:
2792 5577 3039 5631 Biblioth.
3103 5572 3218 5629 ΙΨ.
3278 5586 3409 5629 tom.
3444 5575 3517 5638 ll,

1942 5667 2064 5722 pag.
2107 5650 2192 5717 79,
2219 5660 2329 5705 not.
2360 5654 2413 5706 6.
