4030 6408
1431 282 1489 336 S.
1526 281 1966 338 AMPHILOCHII
2005 282 2386 340 lCONIENSIS
2429 285 2765 341 EPISCOPI.
3629 286 3646 338 l

3659 284 3708 338 Ξ(

3714 289 3729 335 l

2225 444 2563 456 a_——_

2570 446 2906 455 ———.—

2909 447 2982 454 -ο

1131 645 1851 734 ΑΜΦΙΛΟΧΙΟΥ
1887 647 2556 736 ΕΠΙΣΚΟΠΟΥ
2594 650 3064 736 ΙΚΟΝΙΟΥ

1587 832 1697 884 ΕΙΣ
1729 832 1872 885 ΤΗΝ
1895 833 2606 888 ΜΕΣΟΠΕΝΤΗΚΟΣΤΗΝ

1050 986 1159 1041 Καὶ
1211 989 1296 1052 εἰς
1348 987 1454 1040 τὸν
1497 987 1864 1056 παράλυτον,
1915 987 2016 1042 καὶ
2053 989 2141 1044 sic
2172 989 2259 1054 τὸ,
2296 1009 2314 1040 ι
2365 989 2462 1059 Μὴ
2509 991 2739 1058 κρίνετε
2779 991 2903 1044 κατ’
2946 991 3109 1060 ὄψιν.
3140 1010 3160 1044 ›

1148 1298 1969 1394 AMPHILOCHII
2023 1303 2573 1398 EPISCOPI
2637 1303 3021 1396 ICONll

1623 1495 1693 1551 lN
1731 1496 2416 1556 MESOPENTECOSTEN
2457 1499 2606 1572 (22),

888 1657 958 1716 In
995 1654 1409 1735 paralyticum
1443 1658 1515 1729 “,
1544 1663 1605 1716 et
1629 1657 1697 1718 in
1732 1657 1888 1721 illud
1918 1677 1930 1720 :
1966 1684 1994 1717 «
2027 1660 2232 1724 Nolite
2248 1659 2533 1741 judicare
2561 1667 2908 1728 secundum
2929 1663 3156 1729 faciem
3176 1671 3244 1728 θ’.
3276 1693 3303 1724 ››

547 1821 717 1892 (Edit.
750 1820 955 1876 Christ.
996 1819 1143 1876 Frid.
1184 1820 1421 1900 Matthxi
1451 1789 1572 1875 clum
1605 1817 1843 1900 Gregorii
1878 1790 2350 1900 Thessalonicensis
2392 1825 2548 1900 Orat,
2585 1827 2668 1890 Χ,
2699 1828 2960 1893 Mnsqum,
2983 1831 3140 1900 1776,
3174 1832 3338 1900 in-8°,
3366 1848 3428 1888 ex
3475 1836 3664 1893 codice

1147 1891 1450 1947 membran.
1480 1907 1720 1954 suam,
1742 1893 1833 1962 qui
1853 1904 1936 1948 est
1963 1894 2297 1951 bibliotheca:
2326 1897 2603 1964 synodalis
2626 1916 2777 1955 num.
2805 1891 3060 1972 CCXXI.)

548 2211 604 2265 ln
637 2211 872 2266 Sabbato
912 2212 1046 2266 dixit
1074 2212 1338 2268 Dominus
1365 2213 1431 2268 ad
1479 2214 1830 2284 paralyticum
1865 2233 1877 2267 :
1913 2214 2048 2270 Sur-
2081 2222 2126 2275 Α

478 2318 618 2372 gens.
657 2303 778 2357 tolle
804 2303 1080 2372 grabatum
1109 2313 1277 2368 tuum,
1310 2316 1356 2358 et
1383 2307 1511 2359 vade
1541 2307 1594 2359 in
1624 2307 1834 2360 domum
1869 2316 2050 2368 tuam;

483 2407 540 2451 et
563 2405 848 2466 propterea
887 2397 1104 2452 dicebat
1139 2396 1337 2452 ludatis
1368 2416 1381 2450 :
1420 2399 1539 2452 Mea
1567 2399 1810 2452 doctrina
1843 2415 1943 2452 non
1977 2408 2053 2452 est

479 2505 616 2548 mea.
653 2491 742 2542 sed
780 2490 894 2558 ejus
923 2491 1013 2560 qui
1043 2491 1182 2544 misit
1209 2508 1309 2554 me,
1359 2491 1542 2546 Patris
1574 2492 1641 2544 π.
1682 2491 1833 2558 Quod
1872 2499 2051 2546 autem

477 2579 653 2646 Jesus,
685 2593 901 2652 propter
937 2583 1219 2653 paralytici
1253 2584 1586 2638 curationem
1637 2584 1686 2636 vi
1712 2585 2055 2653 omnipOten-

483 2669 550 2724 tis
577 2671 865 2726 voluntatis
887 2688 997 2726 suze
1023 2671 1294 2735 effectam.
1326 2675 1442 2729 haec
1477 2675 1639 2729 verba
1667 2673 1871 2729 Jiidmis
1906 2676 2056 2728 dixe-

484 2761 569 2823 rit,
588 2776 654 2814 ex
678 2762 744 2815 iis
770 2777 889 2831 qua:
909 2778 1078 2832 nuper
1100 2766 1234 2820 lecta
1254 2773 1401 2831 sunt,
1446 2765 1834 2820 demonstratio
1879 2777 2058 2833 peten-

480 2851 547 2905 da
564 2861 666 2906 est.
696 2853 822 2908 Inde
847 2855 990 2908 enim
1017 2857 1266 2925 probavit
1282 2857 1543 2910 Dominus
1568 2873 1720 2910 suam
1751 2872 1874 2911 cum
1898 2857 2058 2912 Patre

483 2945 1121 3001 consubstantialitatem.
1148 2945 1204 3002 Si
1226 2948 1364 3002 enim
1388 2948 1612 3002 dixisset
1631 2949 1887 3003 Dominus
1907 2965 1920 3001 :
1943 2948 2055 3002 Mea

481 3037 724 3091 doctrina
759 3053 865 3094 non
897 3049 980 3093 est
1011 3040 1207 3103 Patris,
1238 3041 1330 3095 sed
1357 3056 1471 3095 mea
1497 3050 1600 3104 est,
1627 3056 1686 3094 se
1725 3056 1753 3092 ει
1780 3039 1936 3094 Patre
1967 3055 2054 3094 se-

484 3139 750 3198 parasset,
790 3133 857 3186 ab
889 3131 1054 3199 ipsius
1100 3133 1400 3187 substantia
1433 3149 1491 3186 se
1535 3132 1767 3186 alienum
1817 3133 2057 3199 fecisset,

483 3223 672 3278 salutis
700 3224 949 3279 humana:
979 3225 1266 3293 abiecisset
1301 3227 1681 3280 mconomiam.
1711 3227 1845 3282 Cum
1877 3238 2056 3281 autem

485 3317 731 3371 dixerit:
767 3315 885 3370 Mea
924 3318 1168 3370 doctrina
1223 3334 1327 3371 non
1375 3329 1449 3371 est
1499 3335 1634 3386 mea,
1670 3321 1760 3373 sed
1808 3321 1921 3390 ejus
1970 3321 2059 3385 qui

485 3411 626 3464 misit
663 3427 762 3474 me,
793 3407 996 3472 Patris,
1029 3412 1266 3465 ostendit
1290 3426 1348 3466 se
1383 3410 1531 3466 Patri
1561 3427 1681 3467 esse
1705 3415 2061 3468 consubstan-

489 3503 688 3569 tialem,
725 3518 993 3572 unamque
1021 3512 1076 3557 et
1105 3504 1350 3558 eamdem
1382 3518 1504 3560 esse
1534 3505 1831 3560 doetrinam
1860 3506 2058 3573 Patris,

485 3595 605 3651 Filii
634 3605 688 3650 et
713 3595 948 3666 Spiritus
993 3597 1187 3650 sancti.
1252 3597 1537 3652 Enimvero
1581 3615 1718 3654 unus
1764 3609 1848 3654 est
1896 3599 2062 3655 Filius
2098 3573 2137 3626 Β

484 3688 665 3744 Patris
694 3688 964 3754 Verbum;
1022 3699 1076 3744 et
1112 3705 1253 3745 unus
1301 3689 1534 3756 Spiritus
1575 3689 1772 3756 Patris,
1827 3692 2062 3760 Spiritus

495 3790 714 3837 sanctus
741 3780 878 3853 (23).
919 3779 1056 3836 Num
1105 3782 1270 3850 igitur
1325 3783 1442 3837 ﬁeri
1483 3785 1670 3851 possit,
1725 3783 1828 3836 alia
1870 3783 2064 3838 docere

487 3872 747 3934 Verbum.
780 3872 884 3926 alia
919 3873 1184 3940 Spiritum
1214 3874 1498 3928 sanctum?
1539 3873 1776 3939 Minime,
1811 3874 2060 3940 minime;

487 3965 618 4020 dicit
649 3965 793 4018 enim
841 3965 1029 4018 beatus
1059 3965 1346 4033 Apostolus
1379 3983 1393 4018 :
1427 3963 1595 4019 Nemo
1649 3966 1746 4018 scit
1776 3982 1893 4034 qua:
1940 3974 2064 4019 sunt

486 4058 734 4122 hominis,
777 4059 878 4111 nisi
904 4058 1120 4126 spiritus
1149 4057 1373 4110 heminis
1407 4061 1496 4127 qui
1519 4060 1573 4110 in
1603 4059 1716 4123 ipso
1745 4069 1820 4111 est
1849 4075 1869 4111 :
1907 4061 1982 4110 ita
2014 4067 2063 4111 et

487 4168 603 4221 qua:
649 4150 744 4205 Dei
782 4162 900 4205 sunt
947 4167 1095 4204 nemo
1153 4151 1407 4222 cognovit,
1451 4151 1552 4204 nisi
1579 4149 1807 4218 Spiritus
1866 4149 1964 4203 Dei
1993 4149 2060 4202 ³⁷.

489 4247 697 4300 Rursus
723 4255 902 4299 autem
931 4242 1139 4308 Jesum,
1174 4254 1392 4312 propter
1415 4243 1694 4313 paralytici
1726 4242 2064 4297 curationem

489 4337 540 4390 vi
578 4336 961 4406 omnipotentis
993 4334 1286 4389 voluntatis
1307 4348 1418 4388 suae
1456 4333 1726 4398 eﬂectam,
1760 4333 1839 4387 sic
1864 4331 2068 4390 Judmis

490 4428 657 4484 fuisse
693 4429 949 4493 locutum,
983 4443 1050 4483 ex
1085 4428 1175 4482 illo
1225 4427 1388 4483 etiam
1443 4428 1721 4494 probatur,
1777 4427 1918 4494 quod
1963 4426 2068 4480 Do-

493 4520 696 4572 minum
731 4519 890 4574 modo
926 4521 1162 4575 audieris
1213 4519 1480 4573 dicentem
1510 4537 1524 4570 :
1561 4517 1734 4572 Unum
1783 4535 1908 4587 opus
1943 4518 2063 4587 feci,

489 4622 536 4665 et
566 4629 742 4666 omnes
788 4614 1077 4670 miramini.
1134 4611 1417 4680 PrOpterea
1469 4610 1674 4681 Moyses
1731 4612 1875 4665 dedit
1925 4612 2067 4667 vobis

490 4704 937 4758 cirrumcisionem
967 4703 1091 4771 (non
1118 4703 1245 4772 quia
1271 4719 1335 4756 ea:
1369 4701 1552 4773 Moyse
1575 4713 1672 4766 est,
1696 4703 1786 4755 sed
1808 4719 1873 4756 ea:
1905 4703 2069 4767 patri-

488 4794 628 4863 bus).
660 4806 706 4848 et
732 4795 790 4849 in
835 4792 1066 4848 Sabbato
1104 4793 1478 4846 circumciditis
1535 4793 1815 4847 hominem.
1850 4791 1911 4847 Si
1958 4793 2064 4844 cir-

2236 2216 2324 2268 Ἐν
2368 2215 2632 2288 Σαϐϐάτῳ
2676 2215 2812 2287 πρὸς
2842 2215 2932 2269 τὸν
2964 2217 3276 2289 παράλυτον
3311 2221 3339 2272 ὁ
3377 2220 3581 2292 Κύριος
3614 2220 3705 2275 ἕλε

2155 2325 2284 2377 γεν·
2340 2309 2634 2378 Ἐγερθεὶς
2702 2302 2852 2378 ἆρον
2899 2310 3006 2363 τὸν
3060 2310 3391 2379 κράϐὄατόν
3445 2330 3581 2378 σου,
3636 2314 3736 2367 καὶ

2156 2403 2348 2474 ὕπαγε
2387 2407 2474 2470 εὶς
2503 2407 2609 2457 τὸν
2646 2399 2814 2458 οἶκόν
2851 2420 2997 2458 σουο
3030 2406 3124 2456 καὶ
3171 2405 3358 2458 τούτου
3392 2406 3553 2476 χάριν
3600 2407 3739 2476 πρὸς

2155 2495 2282 2558 τούς
2335 2494 2618 2558 Ἰουδαίους
2658 2493 2862 2560 ἔλεγεν,
2902 2494 2976 2547 Ἦ
3007 2494 3119 2562 ἐμὴ
3171 2494 3385 2564 διδαχὴ
3418 2498 3527 2548 οὐκ
3563 2495 3741 2550 ἐστιν

2156 2586 2290 2654 ἐμὴ,
2327 2587 2486 2639 ἀλλὰ
2528 2586 2634 2638 τοῦ
2673 2584 3022 2653 πέμψαντός
3071 2602 3148 2654 με
3202 2588 3448 2654 Πατρός.
3491 2587 3601 2639 Καὶ
3654 2587 3738 2638 ὅτι

2157 2678 2244 2731 διὰ
2270 2679 2366 2749 τὴν
2396 2677 2532 2749 πρὸς
2556 2677 2646 2731 τὸν
2681 2677 2989 2749 παράλυτον
3016 2677 3359 2741 αὐτεξούσιον
3391 2679 3685 2750 θεραπείαν
3712 2681 3744 2731 ὁ

2157 2768 2360 2841 Κύριος
2377 2769 2510 2840 πρὸς
2526 2770 2650 2833 τοὺς
2665 2769 2951 2832 Ἰουδαίους
2971 2769 3192 2832 τούτους
3209 2766 3358 2822 εἶπεν
3379 2771 3504 2833 τοὺς
3523 2770 3738 2837 λόγους,

2160 2864 2222 2914 ἐκ
2269 2861 2376 2914 τῶν
2421 2861 2624 2932 ἀρτίως
2671 2861 3126 2928 ἀναγνωσθέντων
3173 2862 3415 2932 λάμϐανε
3463 2861 3561 2933 τὴν
3603 2862 3743 2915 ἀπό-

2158 2950 2342 3018 δειξιν.
2379 2953 2570 3006 Ἔνθεν
2619 2953 2728 3023 γὰρ
2767 2955 2794 3005 ὁ
2828 2952 3035 3024 Κύριος
3066 2953 3441 3026 φανερώτερον
3471 2955 3745 3025 ἐμήνυσεν

2159 3046 2220 3099 τὸ
2245 3045 2662 3115 ἀπαράλλακτον
2691 3045 2882 3098 ἑαυτοῦ
2914 3046 3008 3099 καὶ
3033 3044 3142 3098 τοῦ
3169 3047 3400 3117 Πατρός.
3434 3047 3496 3099 Εἰ
3535 3041 3602 3117 ἦν
3631 3046 3742 3118 γὰρ

2160 3141 2188 3192 ὁ
2234 3138 2436 3209 Κύριος
2498 3136 2764 3209 εἰρηκὼς,
2801 3138 2866 3190 Ἦ
2918 3137 3025 3209 ἐμὴ
3089 3137 3275 3208 διδαχὴ
3336 3139 3436 3191 οὐκ
3489 3138 3601 3191 ἔστι
3644 3136 3743 3190 τοῦ

2161 3231 2396 3302 Πατρὸς,
2442 3229 2554 3282 ἀλλ’
2599 3231 2706 3300 ὲμή
2748 3232 2926 3284 ἐστιν’
2965 3230 3224 3300 ἐχώριζεν
3266 3231 3458 3284 ἑαυτὸν
3497 3229 3588 3282 τοῦ
3630 3230 3744 3282 Πα-

2159 3323 2307 3393 τρὸς,
2338 3321 2485 3386 ξένον
2525 3321 2696 3374 ὲποίει
2744 3322 2844 3392 τῆς
2885 3321 3093 3385 οὐσίας,
3135 3320 3418 3392 ἠλλοτρίου
3458 3320 3558 3391 τῆς
3594 3321 3743 3373 οἱκο-

2161 3415 2372 3482 νομίας.
2425 3412 2677 3484 Εἱρηκὼς
2726 3414 2816 3478 δὲ,
2856 3415 2917 3468 Ἡ
2961 3413 3074 3483 ἐμὴ
3137 3413 3352 3482 διδαχὴ
3404 3415 3514 3467 οὐκ
3569 3413 3746 3467 ἔστιν

2161 3504 2295 3574 ἐμὴ,
2327 3506 2487 3559 ἀλλὰ
2519 3504 2625 3558 τοῦ
2664 3506 3014 3574 πέμψαντός
3048 3523 3124 3574 με
3171 3506 3432 3573 Πατρός,
3476 3505 3640 3570 ἔδειξε
3683 3505 3748 3558 τὸ

2163 3598 2578 3668 ἀπαράλλακτον
2616 3599 2718 3669 τῆς
2763 3599 2973 3662 οὐσίας,
3011 3599 3106 3651 καὶ
3143 3598 3224 3650 ὅτι
3271 3598 3367 3669 μία
3404 3596 3590 3668 διδαχὴ
3628 3598 3745 3650 Πα-

2162 3687 2288 3758 τρος
2315 3687 2407 3739 καὶ
2446 3687 2574 3740 Υἱοῦ
2605 3689 2700 3740 καὶ
2747 3687 2904 3754 ἁγίου
2952 3686 3286 3755 Πνεύματος.
3332 3681 3425 3750 Εἷς
3450 3686 3558 3758 γὰρ
3585 3687 3613 3738 ὁ
3643 3687 3748 3740 Λό-

2164 3795 2258 3848 γος
2287 3778 2414 3842 Υἱὸς
2463 3778 2556 3831 τοῦ
2597 3780 2830 3849 Πατρὸς,
2868 3779 2960 3832 καὶ
2991 3778 3215 3848 Πνεῦμα
3264 3777 3356 3830 τοῦ
3404 3778 3637 3849 Πατρὸς,
3683 3777 3748 3832 τὺ

2165 3872 2318 3940 ἆγιον
2351 3871 2594 3941 Πνεῦμα.
2633 3871 2756 3934 Πῶς
2786 3871 2949 3942 ἕτερα
2980 3871 3177 3934 διδάξει
3202 3873 3230 3924 ὁ
3262 3871 3454 3938 Λόγος,
3499 3872 3592 3924 καὶ
3624 3870 3745 3935 πῶς

2164 3965 2328 4034 ’ἐτερα
2357 3963 2656 4034 κατηχήσει
2689 3965 2750 4016 τὸ
2787 3964 2941 4031 ἅγιον
2972 3964 3232 4034 Πνεῦμα;
3263 3963 3378 4016 Οὐκ
3408 3962 3521 4016 ἔστι
3560 3962 3744 4030 τοῦτο,

2165 4056 2263 4108 οὐκ
2297 4056 2430 4119 ἔστι,
2472 4055 2611 4108 κατὰ
2643 4055 2735 4108 τὸν
2787 4056 3054 4126 μακάριον
3102 4054 3312 4108 Παῦλον
3341 4056 3433 4107 τὸν
3480 4055 3742 4123 λέγονταο

2169 4147 2376 4212 Οὐδεὶς
2411 4146 2574 4200 οἶδεν
2607 4145 2680 4199 τὰ
2708 4147 2814 4200 τοῦ
2843 4146 3180 4214 ἀνθρώπου,
3212 4149 3263 4200 εἰ
3288 4146 3374 4215 μὴ
3406 4146 3470 4200 τὸ
3508 4146 3750 4214 πνεῦμα

2166 4237 2272 4290 τοῦ
2298 4237 2610 4305 ἀνθρώπου
2639 4239 2704 4291 τὸ
2745 4237 3065 4292 κατοικοῦν
3104 4237 3173 4290 ἐν
3201 4237 3393 4303 αὐτῷ’
3431 4238 3582 4291 οὕτω
3644 4239 3746 4291 καὶ

2163 4329 2238 4382 τὰ
2275 4330 2379 4384 τοῦ
2421 4329 2567 4384 Θεοῦ
2597 4329 2794 4395 οὐδεὶς
2823 4327 3003 4394 οἶδεν,
3031 4331 3082 4383 εὶ
3119 4329 3204 4397 μὴ
3254 4330 3318 4382 τὸ
3363 4330 3603 4398 Πνεῦμα
3640 4331 3751 4384 τοῦ

2169 4420 2316 4473 Θεοῦ
2357 4421 2424 4473 τὸ
2451 4421 2519 4473 ἐν
2546 4419 2726 4486 αὐτῷ.
2756 4421 2866 4474 Καὶ
2894 4421 2974 4473 ὅτι
3008 4419 3097 4472 διὰ
3130 4419 3230 4491 τὴν
3268 4420 3406 4491 πρὸς
3446 4418 3537 4473 τὸν
3568 4421 3750 4492 παρά-

2166 4511 2323 4564 λυτον
2377 4509 2722 4575 αὐτεξούσιον
2771 4511 3086 4580 Θεραπείαν,
3139 4510 3322 4573 καθὼς
3377 4514 3656 4582 προεῖπον,
3720 4513 3752 4566 ὁ

2169 4601 2375 4673 Κύριος
2413 4603 2726 4673 προσήκατο
2767 4601 2990 4664 τούτους
3028 4602 3157 4665 τοὺς
3183 4601 3394 4671 λόγους,
3422 4604 3619 4673 ἤκουες
3649 4603 3743 4676 ἁρ-

2166 4694 2296 4758 τίως
2342 4693 2435 4747 τοῦ
2484 4693 2690 4765 Κυρίου
2753 4692 3034 4761 λέγοντοςο
3091 4694 3202 4746 Ἕν
3235 4692 3412 4762 ἔργον
3450 4694 3746 4762 ἐποίησα,

2168 4785 2266 4839 καὶ
2299 4783 2522 4848 πάντες
2548 4781 2901 4852 θαυμάζετε·
2943 4782 3041 4837 διὰ
3069 4782 3244 4837 τοῦτο
3290 4783 3554 4853 Μωῦσιῆς
3603 4785 3752 4854 ὑμῖν

487 4887 860 4940 ειιηιείιίοηεηι
892 4887 1077 4954 accipit
1118 4886 1272 4939 homo
1312 4887 1365 4938 in
1395 4883 1644 4951 Sabbato,
1674 4896 1730 4938 ut
1763 4901 1864 4938 non
1897 4884 2066 4938 solva-

2171 4875 2353 4930 ἔδωκε
2381 4873 2496 4942 τὴν
2529 4875 2854 4944 περιτομὴν
2901 4877 3033 4944 (οὐχ
3074 4876 3164 4930 ὅτι
3204 4877 3272 4930 ἐκ
3318 4877 3424 4931 τοῦ
3452 4877 3751 4945 Μωῦσέως

489 4990 575 5029 tur
603 4980 687 5033 lea:
713 4978 905 5048 Moysi,
933 4980 1060 5032 mihi
1076 4979 1446 5048 indignemini,
1469 4979 1593 5047 quia
1616 4987 1778 5031 totum
1806 4977 2066 5031 hominem

2173 4969 2364 5030 ἐστὶν,
2398 4969 2535 5021 ἀλλ’
2575 4969 2644 5020 ἐκ
2687 4967 2804 5021 τῶν
2843 4967 3168 5038 πατέρων),
3206 4968 3306 5022 καὶ
3353 4968 3424 5022 ἐν
3471 4968 3752 5034 Σαϐϐάτῳ

489 5071 692 5126 salvum
725 5071 824 5140 feci
860 5073 914 5124 in
970 5071 1252 5127 Sabbato.’
1292 5068 1469 5124 Nolite
1499 5071 1748 5140 judicare
1783 5069 2068 5121 secundum

493 5164 705 5230 faciem,
737 5168 829 5218 sed
850 5163 1055 5234 justum
1083 5164 1340 5230 iudicium
1371 5163 1632 5232 judicate.
1663 5159 1926 5227 Quoniam
1970 5172 2066 5211 au-

497 5266 602 5308 tem
621 5257 699 5309 sic
717 5255 923 5311 locutus
938 5266 1019 5309 est
1038 5255 1292 5309 Dominus
1314 5263 1529 5324 propter
1551 5254 1882 5308 curationem
1905 5265 2064 5321 para-

562 5392 609 5428 "
631 5391 788 5449 Joan.
817 5408 912 5458 rit,
937 5391 1025 5448 16.
1099 5387 1189 5443 πι
1216 5391 1343 5447 Cor.
1374 5407 1432 5455 ιι,
1461 5392 1550 5448 Η.
1623 5392 1668 5422 ’⁸
1699 5387 1860 5444 Joan.
1902 5403 1998 5449 vn.
2035 5387 2123 5440 16.

568 5532 683 5600 (22)
725 5531 1163 5594 Mesoiientecoste
1197 5527 1513 5600 solemnitas
1537 5536 1638 5586 est.
1678 5541 1797 5594 quae
1828 5541 1924 5593 per
1955 5525 2069 5579 dies

493 5614 618 5656 nrtn
645 5603 1031 5664 celebratur,et
1056 5599 1244 5666 incipit
1263 5601 1328 5652 ab
1352 5600 1697 5652 hebdoinadm
1717 5606 1924 5665 quarta:
1950 5604 2072 5663 post

497 5674 704 5728 Pascha
767 5672 898 5725 feria
939 5682 1149 5737 quarta,
1181 5677 1235 5722 et
1259 5670 1458 5722 desinit
1497 5670 1549 5724 iu
1590 5667 1779 5723 feriam
1820 5675 2068 5736 quartam

495 5745 700 5817 quinta:
732 5743 1099 5798 hebdomadi».
1150 5740 1436 5794 Smcenus.

2175 5059 2547 5128 περιτέμνετε
2591 5057 2924 5126 ἄνθρωπον.
2969 5061 3040 5113 El
3085 5059 3412 5128 περιτομὴν
3460 5061 3751 5129 λαμϐάνει

2173 5154 2482 5221 ἄνθρωπος
2535 5152 2605 5204 ἐν
2658 5151 2955 5218 Σαϐϐάτῳ,
2995 5152 3095 5205 ἵνα
3147 5153 3232 5221 μὴ
3279 5150 3440 5221 λυθῇ
3485 5155 3518 5206 ὁ
3563 5154 3754 5222 νόμος

2172 5243 2488 5308 Μωϋσέως,
2515 5243 2644 5312 ἐμοὶ
2683 5243 2921 5313 χολᾶτε,
2954 5244 3042 5298 ὅτι
3079 5244 3227 5299 ὅλον
3259 5244 3572 5313 ἄνθρωπον
3609 5243 3750 5315 ὑγιῆ

2221 5386 2265 5417 θ’
2308 5383 2322 5436 1
2359 5381 2487 5436 Cor.
2524 5398 2585 5446 ιι,
2614 5383 2699 5437 il.

2250 5525 2363 5594 ('25)
2406 5522 2564 5594 Forte
2593 5524 2695 5576 hoc
2733 5539 2967 5584 comma,
2997 5523 3135 5585 quml
3171 5521 3247 5590 τῷ
3298 5521 3534 5594 Filioque
3566 5537 3748 5594 prore:

2177 5591 2448 5663 dit'prinia
2485 5593 2619 5646 facie
2648 5595 2924 5663 adversari
2960 5594 3193 5653 videtur,
3218 5593 3410 5645 edituri
3441 5591 3750 5663 Mosquensi

2179 5662 2451 5734 persuasit
2483 5673 2534 5715 ut
2557 5665 2658 5717 hoc
2691 5662 3050 5731 fragmentum
3082 5678 3126 5716 e-
3167 5663 3429 5734 tenebris,
3467 5664 3518 5717 in
3549 5662 3754 5732 quibus

2180 5733 2284 5790 non
2319 5735 2588 5789 immerito
2627 5734 2863 5804 iacebat,
2892 5742 3128 5788 erueret.
3167 5733 3346 5804 Eni'r._
