4030 6408
317 321 405 372 121
1281 335 1284 338 ‘
1391 318 1646 374 ORATIO
1685 320 1748 374 IN
1787 319 2498 376 MESOPENTECOSTEN.

3452 325 3554 380 ηε

308 432 562 496 ἐποίησα
611 427 681 483 ἐν
729 430 1041 496 Σαϐϐάτῳ;
1093 429 1191 499 Μὴ
1253 433 1484 500 κρίνετε
1541 438 1670 488 κατ’
1711 436 1874 505 ὄψιν,

1980 437 2150 507 Iytici,
2194 436 2408 491 Judmos
2438 452 2503 491 ex
2547 437 2656 502 ipsa
2690 438 2803 506 lege
2856 439 2988 508 legis
3031 439 3558 507 trangressionisar-

307 525 459 578 ἀλλὰ
481 521 599 588 τὴν
621 520 862 574 δικαίαν
889 522 1091 588 κρίσιν
1125 522 1382 589 κρίνατε.
1415 524 1535 578 Ὅτι
1567 526 1624 578 δὲ
1658 527 1745 580 διὰ
1776 526 1872 596 τὴν

305 611 393 664 τοῦ
415 610 726 681 παραλύτου
743 610 1039 679 θεραπείαν
1053 613 1081 663 6
1096 611 1298 680 Κύριος
1313 614 1437 676 τοὺς
1453 613 1641 682 λόγους
1656 613 1873 680 τούτους

304 705 642 773 προσήκατο,
686 703 750 754 ἐκ
797 700 890 753 τοῦ
939 701 1102 772 νόμου
1137 703 1350 766 δεικνὺς
1397 707 1594 770 αὑτοὺς
1635 709 1872 777 παρανό-

305 804 459 858 μους,
496 787 643 854 λέγει
698 786 834 857 πρὸς
871 785 1087 852 αὑτοὺς,
1121 788 1302 852 καθὼς
1346 790 1568 859 ἤκουες·
1609 794 1680 844 El
1716 809 1876 860 περι-

302 879 494 946 τομὴν
528 877 818 947 λαμϐάνει
861 878 1166 947 ἄνθρωπος
1211 881 1282 932 ἐν
1328 882 1631 947 Σαϐϐάτῳ,
1677 884 1770 937 καὶ
1816 886 1874 936 ἐν

301 969 570 1040 Σαὸὁάτῳ
611 970 999 1040 περιτέμνεται
1046 970 1270 1042 βρέφος,
1309 972 1396 1024 ἵνα
1439 972 1512 1042 μὴ
1561 973 1816 1045 άκυρωθῇ
1847 976 1876 1026 6

302 1063 646 1132 ὀκταήμερος
687 1061 870 1132 νόμος,
901 1061 1048 1132 νόμῳ
1080 1063 1242 1132 νόμον
1283 1063 1677 1133 ἀνατρέποντες
1719 1066 1876 1135 ὑμεῖς

299 1153 638 1223 ἀνατρέπετε
681 1153 771 1206 τὸν
812 1154 997 1224 νόμον,
1037 1155 1131 1208 καὶ
1171 1154 1298 1224 ἐμοὶ
1329 1153 1566 1224 χολᾶτε,
1609 1155 1697 1209 ὅτι
1730 1156 1878 1210 ὅλον

297 1244 617 1312 ἄνθρωπον
655 1243 792 1313 ὑγιῆ
836 1245 1094 1313 ἐποίησα
1132 1245 1202 1298 ἐν
1240 1246 1534 1314 Σαϐϐάτῳ.
1571 1249 1668 1318 οὑχ
1719 1248 1874 1321 ἱδρώ-

296 1349 429 1396 σας,
479 1331 620 1385 ἀλλά
678 1333 1206 1404 θαυματουργήσαςῐ
1255 1334 1343 1388 Ἐν
1394 1335 1655 1408 Σαϐϐάτῳ
1687 1338 1748 1390 οὑ
1799 1338 1878 1390 δεῖ

293 1423 663 1494 ἐργάζεσθαι,
733 1423 871 1477 ἀλλὰ
932 1426 1140 1488 πάντας
1198 1426 1430 1496 ἀεργοὺς
1497 1424 1656 1482 εἶναι.
1719 1428 1876 1492 Τίνος

292 1516 486 1567 ἕνεκεν
522 1515 654 1585 παρ’
681 1516 830 1585 ὑμῖν,
865 1515 1125 1579 Ἰουδαῖοι,
1147 1516 1284 1586 γυνὴ
1313 1519 1370 1571 ὲν
1391 1516 1652 1590 Σαϐϐάτῳ
1679 1519 1874 1584 τίκτει,

291 1592 557 1676 καῖ’μαῖα
588 1605 920 1677 θορυϐεῖται,
954 1607 1048 1660 καὶ
1085 1608 1376 1680 σπάργανα
1405 1611 1739 1676 τινάσσεται,
1783 1612 1875 1664 καὶ

291 1698 461 1767 φύσις
495 1695 852 1769 καθαίρεται,
903 1699 996 1751 καὶ
1039 1698 1174 1771 θήλη
1230 1701 1367 1772 πρὸς
1410 1701 1876 1774 γαλακτοτροφίαν

1981 544 2170 597 guens,
2201 528 2333 582 dicit
2358 528 2481 591 illis,
2513 529 2651 582 sicut
2679 530 2926 582 audivisti
2966 547 2980 586 :
3019 527 3076 583 Si
3113 530 3558 582 circumcisionem

1981 616 2168 682 accipit
2203 619 2356 670 homo
2393 619 2446 671 in
2493 617 2748 681 Sabbato,
2783 629 2835 672 et
2873 622 2922 671 in
2961 620 3194 674 Sabbato
3226 621 3566 674 Cll‘ClllIlCltllo-

1985 717 2070 761 tur
2129 707 2324 773 infans,
2371 721 2440 760 ne
2503 708 2587 760 lex
2626 709 2798 761 octavi
2831 710 2932 763 diei
2984 710 3314 778 antiquetur,
3350 727 3460 774 vos,
3488 712 3563 764 le-

1981 813 2100 867 gem
2133 813 2292 851 unam
2349 797 2525 850 altera
2579 797 2693 868 lege
2737 797 3132 864 subvertentes,
3172 811 3334 853 totam
3391 800 3559 870 legem

1982 889 2312 954 subvertitis,
2355 899 2406 944 et
2456 891 2584 944 mihi
2621 891 2994 961 indignamini,
3028 891 3156 959 quia
3200 892 3561 944 lotum/iami—

1983 996 2098 1033 nem
2140 980 2336 1035 salvum
2372 980 2472 1050 feci
2502 982 2556 1034 in
2587 979 2817 1035 Sabbato
2840 1021 2855 1046 ,
2893 997 2994 1035 non
3028 982 3298 1044 laborans,
3329 982 3420 1036 sed
3452 997 3564 1035 om-

1983 1075 2331 1143 nipotentiam
2357 1077 2643 1138 exercens!
2675 1076 2728 1129 ln
2756 1075 2995 1131 Sabbato
3033 1077 3243 1146 quidem
3274 1076 3400 1130 nulli
3436 1075 3564 1130 licet

1982 1168 2214 1234 operari,
2248 1167 2342 1222 sed
2387 1181 2578 1221 omnes
2636 1167 2839 1222 otiosos
2875 1181 2997 1221 esse
3052 1167 3366 1220 mandatum
3413 1175 3496 1220 est
3542 1185 3557 1218 :

1983 1273 2154 1325 quare
2186 1258 2370 1327 igitur,
2401 1259 2566 1312 etiam
2629 1259 2771 1312 inter
2817 1271 2934 1321 vos,
2968 1272 3000 1310 ο
3039 1256 3230 1324 Judaei,
3262 1257 3453 1310 mulier
3505 1255 3558 1310 in

1984 1348 2218 1401 Sabbato
2256 1348 2414 1416 parit,
2442 1347 2704 1402 obstetrix
2747 1355 2956 1411 aestuat,
2994 1361 3305 1416 pannosqne
3331 1347 3557 1413 excutit,

1982 1447 2274 1508 purgantur
2334 1439 2563 1502 viscera,
2629 1440 2695 1492 ad
2763 1438 3110 1494 lactationem
3171 1453 3420 1492 mammze
3463 1453 3560 1506 pa-

1984 1524 2199 1577 rantur!
2240 1523 2384 1577 Parit
2437 1525 2488 1578 in
2518 1524 2752 1580 Sabbato
2803 1526 3016 1592 mulier,
3047 1526 3214 1580 vincit
3252 1537 3440 1580 natura
3493 1527 3564 1579 le-

1990 1628 2133 1683 gem,
2167 1615 2306 1668 Deus
2336 1625 2516 1669 autem
2538 1617 2978 1686 omnipotentiam
2999 1632 3148 1670 suam
3171 1633 3424 1672 exercere
3454 1633 3560 1672 non

1984 1705 2186 1772 potest!
2225 1706 2317 1760 Dic
2351 1707 2519 1771 milii;
2576 1708 2628 1761 in
2669 1707 2908 1762 Sahbato
2932 1710 3337 1762 circumciditur
3377 1709 3559 1777 homo,

289 1787 716 1856 εὑτρεπίζεται;
750 1789 892 1860 Γυνὴ
931 1789 1132 1853 τίκτει,
1181 1792 1276 1844 καὶ
1314 1791 1474 1861 φύσις
1515 1793 1679 1862 νόμου
1719 1810 1874 1864 περι-

1980 1810 2041 1847 ne
2072 1793 2306 1848 solvatur
2343 1794 2450 1861 lex,
2489 1810 2694 1866 vosque
2719 1797 2845 1851 mihi
2891 1797 3261 1864 indignainini,
3305 1799 3430 1867 quia
3482 1809 3561 1851 to-

289 1880 532 1946 γίνεται,
579 1880 674 1933 καὶ
723 1879 854 1944 Θεὸς
890 1881 951 1933 οὑ
1002 1880 1436 1953 θαυματουργεῖ;
1473 1881 1610 1936 Εἰπέ
1660 1900 1781 1954 μοι,
1816 1885 1876 1936 ἐν

289 1971 564 2042 Σαὸϐάτῳ
613 1971 999 2043 περιτέμνεται
1042 1973 1355 2044 ἅνθρωπος,
1407 1976 1494 2028 ἵνα
1548 1975 1623 2047 μὴ
1677 1976 1809 2048 λυθῇ
1847 1980 1876 2031 6

289 2064 485 2133 νόμος,
514 2064 636 2133 ἐμοὶ
662 2065 854 2133 χολᾶτε
884 2066 967 2118 ὅτι
999 2065 1119 2118 ὅλον
1159 2065 1442 2136 ἄνθρωπον
1473 2067 1602 2137 ὑγιῆ
1645 2069 1876 2140 ἐποίησα

291 2157 352 2208 ἐν
402 2156 709 2226 Σαὸϐάτῳ;
760 2156 856 2225 Μὴ
900 2158 1133 2224 κρίνετε
1179 2157 1306 2211 κατ’
1349 2157 1510 2227 ὄψιν,
1559 2159 1719 2214 ἀλλὰ
1763 2161 1877 2229 τὴν

291 2247 540 2299 δικαίαν
587 2246 788 2314 κρίσιν
838 2247 1099 2314 κρίνατε.
1150 2246 1529 2318 Καταδέχομαι
1581 2249 1669 2318 ὑφ’
1722 2251 1875 2321 ὑμῶν

292 2339 402 2391 τῶν
450 2337 665 2409 ἐχθρῶν
712 2337 1046 2402 δικάζεσθαι,
1090 2339 1266 2406 ὅπως,
1310 2342 1366 2392 ἐν
1395 2333 1438 2408 ᾧ
1480 2341 1708 2412 κρίματι
1752 2343 1873 2413 κρί-

291 2445 439 2491 νετε,
491 2427 840 2499 κριθήσεσθε.
891 2427 989 2491 Τίς
1024 2427 1138 2480 λύει
1168 2429 1229 2481 τὸ
1278 2431 1585 2484 Σάϐϐατοψ
1634 2433 1793 2502 ὑμεῖς
1824 2435 1874 2486 οἱ

294 2523 352 2574 ἐν
392 2521 472 2591 τῷ
514 2520 776 2591 Σαϐϐάτῳ
815 2520 1250 2592 περιτέμνοντες,
1280 2522 1372 2575 καὶ
1402 2521 1549 2591 ξίφος
1576 2523 1873 2589 ὀξύνοντες,

293 2615 390 2666 καὶ
434 2613 613 2684 τομὴν
658 2613 984 2682 ἐπάγοντες,
1030 2615 1124 2667 κα)⁵
1173 2613 1330 2684 μέλος
1377 2615 1734 2684 χωρίζοντες,
1783 2599 1876 2670 καὶ

291 2704 386 2757 τὴν
444 2705 613 2757 τόπον
663 2706 946 2776 αἱμάττειν
1005 2705 1553 2776 παρασκευάζοντες,
1606 2707 1639 2778 ἢ
1688 2707 1798 2776 ἐγὼ
1847 2710 1876 2762 6

293 2794 537 2865 εἰρηκὼς
560 2795 721 2866 λόγῳ,
757 2797 1042 2866 Ἐγερθεὶς
1069 2791 1216 2865 ἆρον
1241 2797 1349 2850 τὸν
1379 2796 1708 2864 κριὶϐϐατόν
1737 2815 1873 2862 σου,

294 2889 391 2942 καὶ
431 2888 626 2958 ὕπαγε
657 2891 743 2954 εἰς
767 2888 874 2942 τὸν
905 2886 1071 2943 οἶκόν
1106 2906 1254 2955 σου;
1283 2891 1344 2943 Ei
1389 2890 1464 2962 μὴ
1509 2891 1809 2962 ἐνήργησεν
1847 2893 1876 2945 6

294 2980 474 3049 λόγος,
519 2979 686 3033 ἔλυσα
725 2977 817 3033 οὖν
867 2982 926 3034 τὸ
981 2981 1257 3036 Σάϐϐατον
1315 2982 1788 3054 ματαιολογήσας·
1826 2985 1876 3037 εί

291 3073 349 3126 δὲ
389 3073 706 3143 προέδραμε
747 3074 838 3126 τὸν
884 3073 1040 3142 λόγον
1086 3076 1146 3128 τὸ
1188 3075 1370 3147 ἔργον,
1407 3076 1458 3128 τί
1489 3076 1550 3128 τὸ
1601 3076 1876 3130 Σάϐϐατον

1979 1895 2089 1938 tum
2122 1885 2393 1960 hominem
2431 1887 2638 1941 salvum
2691 1885 2793 1941 feci
2844 1887 2894 1939 in
2941 1885 3210 1941 Salibato?
3257 1888 3431 1942 Nolite
3461 1887 3559 1957 ju-

1976 1980 2151 2031 dicare
2191 1977 2472 2030 secundum
2509 1978 2732 2045 faciem,
2783 1978 2872 2030 sed
2909 1978 3117 2045 justum
3163 1978 3428 2046 judicium
3463 1979 3562 2048 ju-

1976 2067 2166 2120 dicale.
2198 2066 2242 2119 A
2269 2066 2422 2121 vobis
2453 2066 2686 2120 inimicis
2727 2066 2959 2135 judicari
2990 2068 3251 2131 sustineo,
3285 2079 3343 2120 ut
3369 2071 3420 2121 in
3446 2084 3558 2138 quo

1971 2156 2174 2224 judicio
2198 2157 2480 2226 judicatis,
2508 2159 2604 2228 ipsi
2637 2167 2821 2228 postea
2845 2158 3185 2226 judicemini.
3219 2160 3348 2224 Quis
3391 2160 3562 2214 solvit

1978 2246 2268 2302 Sabbatum
2292 2287 2308 2313 ,
2352 2263 2466 2312 vos,
2527 2248 2616 2316 qui
2651 2251 2700 2302 in
2739 2249 2976 2303 Sabbato
3006 2249 3413 2318 circumciditis,
3441 2251 3559 2321 gla-

1977 2340 2118 2393 dium
2153 2350 2426 2401 acuentes,
2455 2341 2748 2396 sectionem
2798 2340 3085 2406 facientes,
3122 2343 3422 2396 membrum
3454 2345 3547 2397 ab-

1975 2431 2302 2495 scindentes,
2350 2431 2626 2501 sanguinis
2674 2431 2992 2486 effusionem
3047 2425 3435 2502 provocantes;
3480 2433 3562 2488 vel

1982 2537 2104 2591 ego,
2139 2522 2228 2590 qui
2255 2537 2386 2576 voce
2420 2532 2626 2576 tantum
2653 2538 2799 2584 usus,
2819 2522 2929 2576 dixi
2964 2539 2978 2576 :
3011 2521 3155 2576 Tolle
3180 2524 3364 2576 lectum
3389 2537 3560 2591 tuum,-

1975 2627 2018 2666 et
2055 2613 2258 2667 vadein
2287 2614 2497 2666 domum
2545 2613 2735 2665 luam?
2791 2612 2848 2666 Si
2892 2627 3073 2667 sermo
3116 2611 3310 2667 effectu
3362 2616 3560 2678 caruit,

1977 2706 2107 2760 solvi
2165 2703 2477 2769 Sabbatum,
2539 2705 2956 2774 vaniloquentia
3016 2720 3198 2759 reus:
3271 2703 3316 2759 si
3379 2717 3561 2760 autan

1977 2799 2140 2852 verbo
2189 2798 2535 2867 praecucurrit
2573 2813 2727 2867 opus,
2774 2809 2832 2853 ut
2863 2799 2992 2868 quid
3045 2799 3343 2852 Sabbatnm
3402 2799 3560 2866 quasi

1981 2889 2241 2942 violatum
2267 2889 2611 2957 ulciscimini,
2639 2901 2692 2945 et
2711 2891 3020 2945 Creatorem
3041 2891 3336 2960 Spernitis?
3367 2889 3557 2946 Nonne

1976 2978 2106 3032 satis
2133 2979 2283 3032 vobis
2318 2978 2418 3031 fuit
2450 2995 2548 3048 per
2597 2981 2818 3050 triginta
2878 2989 3003 3034 octo
3048 2996 3220 3036 annos
3259 2981 3442 3035 videre
3468 2997 3559 3049 pa-

1983 3069 2270 3138 ralyticum
2301 3070 2440 3124 lecto
2473 3067 2709 3136 aiIixum,
2749 3070 3030 3142 ipsumque
3083 3072 3279 3126 lectum
3317 3073 3560 3140 pondere

293 3163 590 3226 ἐκδικεῖτε,
627 3163 838 3216 καὶτὸν
882 3144 1233 3236 Δημιουργὺν
1261 3165 1541 3230 ἀθετεῖτε;
1591 3167 1706 3220 Οὑκ
1752 3168 1874 3220 ἐκο-

1981 3161 2349 3227 laborantem,
2409 3162 2536 3217 dum
2580 3163 2858 3232 paralytici
2914 3178 3130 3232 corpus,
3166 3163 3417 3216 diurnum
3467 3178 3560 3217 no-

299 3255 552 3326 ρέσθητε,
582 3249 628 3306 ὦ
667 3254 933 3308 Ἰουδαίων
968 3259 1174 3319 παῖδες,
1197 3256 1290 3309 ἐπὶ
1317 3257 1758 3327 τριακονταοκτὼ
1783 3257 1878 3328 ἐτη

297 3347 533 3417 ὁρῶντες
559 3345 652 3399 τὸν
696 3347 1002 3417 παράλυτον
1032 3351 1097 3418 τῇ
1139 3347 1295 3421 κλίνῃ
1321 3348 1762 3418 προσηλωμένον,
1787 3349 1881 3403 καὶ

297 3439 390 3510 τὴν
435 3437 630 3508 κλίνην
683 3439 1015 3508 κάμνουσαν,
1058 3440 1152 3494 καὶ
1195 3440 1285 3492 τὸν
1324 3440 1652 3511 παράλυτον,
1682 3440 1880 3510 νυχθή-

299 3545 465 3599 μερον
489 3528 726 3598 pop-Juv,
761 3529 1160 3599 βαστάζουσαν;
1191 3531 1304 3583 Οὑκ
1327 3531 1775 3602 ὴγανακτήσατε;
1816 3532 1877 3582 οὑ

298 3633 420 3669 συνε
430 3616 743 3688 παθήσατες
776 3619 870 3671 καὶ
892 3618 978 3670 ἵνα
1004 3619 1129 3688 μίαν
1152 3618 1300 3689 ὥραν
1318 3620 1347 3670 6
1368 3619 1674 3690 παράλυτος
1695 3620 1878 3690 κλίνην

300 3710 569 3783 βαστάσει,
590 3711 684 3763 καὶ
707 3711 806 3782 τὴν
823 3711 1167 3780 ἀντιμισθίαν
1188 3711 1464 3782 παράσχῃ,
1491 3713 1874 3780 άγανακτεῖτε;

299 3805 406 3855 Οὑκ
438 3803 548 3855 ἔδει
579 3803 672 3855 καὶ
707 3802 882 3873 τούτῳ
913 3802 1124 3874 βοῆσαι,
1157 3805 1491 3871 Ἕστρεψας
1524 3804 1636 3871 τὴν
1661 3805 1878 3870 κλίνην

299 3911 408 3960 μου
435 3894 508 3945 ἐν
533 3891 609 3959 τῇ
639 3893 938 3961 ἀρρωστίᾳ
963 3911 1114 3962 you;
1146 3888 1298 3956 Οἶδα,
1330 3887 1374 3946 ὦ
1399 3895 1702 3965 Φαρισαῖοι,
1733 3891 1875 3957 τίνος

301 3986 454 4054 χάριν
487 3986 879 4052 ἀγανακτεῖτε·
903 3985 1001 4055 οὑχ
1035 3986 1115 4038 ὅτι
1148 3985 1487 4057 ἐθεραπεύθη
1510 3986 1538 4037 ὁ
1574 3985 1876 4056 παράλυτος

301 4077 512 4142 διαπςίε
524 4077 640 4140 σθε,
667 4076 781 4129 ἀλλ’
811 4078 891 4130 ὅτι
916 4079 1014 4129 οὐκ
1041 4076 1292 4146 ἰσχύσατε
1313 4079 1409 4148 τὴν
1433 4078 1619 4147 κλίνην
1644 4076 1872 4148 κρύψαι·

299 4167 384 4222 διὰ
410 4169 598 4233 τοῦτο,
628 4169 726 4240 τὴν
755 4167 980 4240 γνώμην
1015 4167 1167 4238 ὑμῶν
1211 4169 1592 4239 ἐπιστάμενος,
1617 4167 1878 4222 ἐκέλευσα

302 4259 596 4329 βαστάζειν
625 4259 788 4312 αὑτὸν
822 4257 919 4329 τὴν
952 4258 1161 4330 κλίνην,
1205 4259 1310 4323 ἵνα,
1342 4258 1442 4312 κᾶν
1481 4259 1639 4328 ὑμεῖς
1671 4261 1878 4328 σιωπή-

303 4370 458 4423 σητε,
501 4355 536 4422 ἡ
594 4351 749 4421 κλίνη
797 4351 859 4404 τὸ
889 4351 1072 4421 θαῦμα
1127 4351 1318 4424 βοήσῃ.
1355 4351 1419 4403 Τί
1476 4351 1789 4416 διστάζετε,
1832 4345 1877 4406 ὦ

299 4445 614 4516 Φαρισαῖοι;
672 4442 786 4494 Οὑκ
834 4440 981 4494 ἔστιν
1022 4443 1052 4493 6
1117 4443 1422 4512 παράλυτος
1480 4443 1874 4513 παρείσακτος,

299 4538 393 4589 οὑκ
433 4535 588 4587 ἐστιν
636 4533 1022 4604 ὀλιγοχρόνιος,
1067 4533 1360 4603 γνωρίζετε
1401 4533 1562 4586 αὑτὸν
1603 4534 1870 4596 ἅπαντες·

300 4623 737 4698 τριακονταοκτὼ
776 4624 870 4696 ἔτη
924 4627 990 4696 τῇ
1047 4623 1400 4695 κολυμϐήθρᾳ
1444 4627 1509 4696 τῇ
1571 4627 1700 4697 παρ’
1744 4626 1872 4697 ὑμῖν

302 4719 715 4790 παρεσίτευσεν.
767 4717 880 4770 Οὑκ
929 4716 1081 4787 ἔχετε
1143 4717 1342 4786 λέγειν,
1382 4716 1457 4781 ὡς
1511 4719 1606 4770 ἐπὶ
1649 4717 1744 4770 τοῦ
1805 4719 1870 4774 ὲκ

299 4810 521 4880 γενετῆς
567 4807 802 4878 τυφλοῦ,
836 4800 1002 4869 Οὗτός
1039 4810 1204 4871 ἐστιν,
1249 4809 1472 4880 Ὅμοιος
1514 4810 1663 4881 αὑτῷ
1704 4813 1869 4877 ἐστιν,

300 4903 397 4955 οὑκ
441 4901 591 4954 ἐστιν
638 4896 810 4965 οὗτος.
870 4900 934 4952 Ei
981 4899 1053 4971 μὴ
1100 4900 1332 4969 ἥττησεν
1383 4900 1523 4971 ὑμᾶς
1575 4902 1602 4954 6
1644 4900 1869 4968 τυφλὸς,

302 4995 392 5047 καὶ
432 4994 624 5046 τοῦτον
669 4995 1006 5065 κρατήσατε,
1047 4994 1140 5044 καὶ
1201 4994 1281 5055 είς
1322 4992 1670 5064 δικαστήριον
1716 4993 1870 5046 ἐλκύ-

309 5102 463 5147 nte,
513 5086 664 5147 ὅπως
711 5085 798 5138 δια
853 5083 1072 5136 πάντων
1117 5082 1380 5154 αἰσχύνης
1428 5083 1872 5155 πληρωθήσεσθε.

305 5176 393 5243 Μὴ
437 5178 672 5245 κρίνετε
702 5176 829 5230 κατ’
862 5175 1024 5244 ὄψιν,
1053 5175 1214 5229 ἀλλὰ
1259 5173 1374 5243 τὴν
1401 5173 1638 5228 δικαίαν
1675 5175 1876 5242 κρίσιν

310 5270 557 5334 κρίνατε.
1493 5261 1496 5264 ’

377 5468 498 5531 Καὶ,
539 5471 587 5521 εί
621 5469 799 5533 δοκεῖ,
847 5467 936 5521 διὰ
971 5467 1216 5539 βραχέων
1260 5468 1345 5519 ἐπ’
1389 5466 1556 5536 αὑτὴν
1586 5466 1682 5536 τὴν
1719 5482 1873 5536 περι-

317 5560 432 5629 οχὴ-ι
467 5561 560 5614 τοῦ
609 5561 930 5634 παραλὺτου
978 5561 1404 5632 άναδράμωμεν,
1441 5559 1528 5612 διὰ
1556 5559 1614 5612 τὸ
1655 5559 1746 5612 καὶ
1782 5558 1873 5613 τὸν

379 5757 420 5788 ’³
449 5759 580 5819 Psal.
611 5777 703 5828 η,
735 5763 790 5816 4.
867 5763 911 5794 ³³
940 5759 1090 5816 .loan.
1131 5779 1202 5823 ix.
1228 5761 1280 5828 8,
1313 5762 1366 5816 9.

1981 3266 2335 3326 cturnumque
2381 3271 2537 3323 onus,
2573 3256 2836 3310 sustinet?
2865 3255 2978 3310 Hoc
3031 3255 3395 3322 spectaculum
3445 3253 3545 3307 nul-

1982 3346 2088 3401 lam
2115 3348 2268 3402 vobis
2293 3347 2731 3417 indignationem,
2755 3346 2958 3400 nullam
2985 3345 3412 3414 compassionem
3444 3360 3560 3398 mo-

1981 3437 2058 3488 vit
2089 3455 2102 3491 :
2137 3451 2280 3492 nunc
2309 3446 2486 3490 autem
2533 3435 2884 3506 paralyticum
2918 3433 2998 3488 vel
3032 3449 3191 3487 unam
3242 3433 3430 3486 horam
3482 3434 3560 3488 le-

1979 3538 2123 3581 ctum
2152 3543 2309 3583 suum
2368 3526 2721 3598 bajulantem,
2759 3527 3091 3595 dignumque
3128 3526 3391 3580 beneficio
3423 3541 3560 3593 opus

1980 3629 2345 3689 prmstantem,
2375 3635 2478 3672 non
2515 3620 2635 3673 sine
2688 3619 3051 3688 indignatione
3085 3617 3267 3671 videre
3324 3620 3557 3670 sustine-

1981 3708 2079 3763 tis?
2111 3707 2297 3763 Nonne
2324 3720 2378 3763 et
2415 3709 2504 3763 ille
2533 3709 2768 3764 clamare
2805 3710 2990 3764 debuit
3017 3728 3031 3763 :
3081 3707 3311 3763 Versasli
3336 3721 3557 3763 stratum

1979 3816 2152 3854 meum
2186 3802 2242 3854 in
2269 3800 2582 3868 infirmitate
2617 3816 2730 3852 mea
2768 3800 2848 3853 ”?
2888 3799 3147 3870 Equidem
3180 3800 3324 3864 novi,
3353 3815 3386 3853 ο
3417 3800 3558 3854 Pha-

1982 3891 2148 3955 risaei,
2187 3905 2346 3959 quam
2375 3891 2445 3945 ob
2477 3904 2693 3944 causam
2735 3890 3129 3960 indignamini:
3168 3906 3271 3944 non
3313 3891 3430 3944 ideo
3459 3880 3563 3944 an;

1981 3980 2316 4050 gustiamini,
2353 3982 2496 4049 quod
2530 3994 2751 4036 sanatus
2783 3992 2866 4036 est
2911 3981 3256 4052 paralyticos,
3283 3980 3378 4034 sed
3431 3982 3556 4050 quia

1980 4074 2172 4126 lectum
2226 4073 2344 4142 ejus
2415 4072 2686 4128 occultare
2744 4089 2850 4128 non
2920 4075 3175 4143 possibile
3218 4073 3368 4128 vobis
3425 4072 3557 4138 fuit;

1986 4174 2268 4234 prapterea
2311 4179 2432 4234 ego,
2481 4165 2859 4234 cogitationem
2917 4176 3151 4218 vestram
3206 4165 3556 4234 perspiciens.

1990 4259 2066 4311 illi
2100 4257 2300 4312 lectum
2325 4272 2480 4312 suum
2514 4258 2703 4310 tollere
2731 4256 2979 4326 praecepi,
3007 4268 3086 4320 ut,
3116 4258 3278 4308 etiam
3308 4255 3459 4310 vobis
3483 4267 3559 4308 ta-

1981 4351 2247 4415 centibus,
2284 4349 2394 4419 ipse
2424 4349 2596 4403 lectus
2627 4348 2949 4402 miraculum
2976 4347 3355 4417 proclamaret.
3381 4347 3560 4414 Quare

1983 4441 2265 4506 dubitatis,
2305 4457 2337 4494 ο
2371 4440 2668 4495 Ριιιιιίειεὶῖ
2701 4439 2814 4494 Non
2851 4439 3221 4494 fraudulenter
3259 4441 3362 4495 huc
3390 4441 3558 4494 addu-

1985 4544 2105 4588 ctus
2139 4543 2223 4588 est
2252 4533 2608 4604 paralyticos,
2642 4548 2749 4586 non
2781 4546 2970 4586 recens
3024 4532 3341 4597 inﬁrmitas;
3387 4532 3562 4587 nostis

1977 4639 2099 4678 eum
2146 4639 2355 4690 omnes,
2383 4626 2596 4695 triginta
2625 4635 2749 4677 octo
2772 4623 2970 4678 abhinc
2999 4625 3177 4690 annis,
3207 4639 3372 4694 prope
3392 4623 3555 4694 pisci-

1979 4731 2099 4770 nam
2128 4725 2361 4770 vestram
2390 4731 2455 4770 ex
2479 4725 2694 4785 erogata
2724 4715 2863 4783 stipe
2886 4718 3173 4770 viventem.
3229 4717 3300 4769 De
3326 4718 3424 4769 hoc
3452 4731 3557 4770 non

1979 4808 2219 4876 potesds,
2239 4808 2643 4862 sicutdecmcoa
2671 4807 2966 4871 nativitate,
2995 4807 3047 4860 in
3070 4807 3245 4860 varias
3267 4808 3558 4861 sententias

1977 4901 2145 4966 abire,
2171 4902 2408 4955 dicentes
2433 4919 2446 4954 :
2483 4901 2580 4954 llic
2599 4910 2700 4962 est,
2727 4899 2820 4953 Est
2848 4900 3040 4969 aliquis
3085 4900 3161 4955 illi
3197 4900 3407 4962 similis,
3435 4897 3556 4954 Non

1979 5005 2062 5046 est
2084 4993 2185 5046 .hic
2223 4993 2289 5045 ”.
2321 4993 2471 5058 Quod
2501 4992 2601 5046 sia
2632 5008 2772 5047 circo
2805 4992 2892 5047 illo
2924 5008 3028 5047 non
3061 4993 3199 5045 victa
3237 4993 3556 5047 estaudacia

1987 5093 2189 5149 vestra,
2222 5092 2276 5136 et
2306 5084 2447 5137 hunc
2480 5084 2834 5154 paralyticum
2865 5092 3059 5150 tenete,
3091 5084 3158 5138 ad
3187 5084 3420 5137 tribunal
3448 5094 3556 5136 tra-

1983 5172 2116 5238 hite,
2148 5184 2204 5226 ut
2233 5174 2283 5226 in
2321 5174 2568 5228 onmibus
2597 5175 2831 5228 abundet
2869 5175 3159 5244 ignominia
3193 5185 3390 5227 vestra.
3442 5172 3557 5228 No-

1979 5264 2068 5317 lite
2091 5265 2331 5332 judicare
2379 5267 2663 5319 secundum
2703 5267 2914 5335 faciem,
2945 5267 3035 5320 sed
3059 5267 3265 5334 justum
3288 5266 3550 5335 judicium

1969 5355 2228 5425 judicate.

2049 5467 2153 5523 Sed
2184 5469 2386 5537 paucis,
2432 5471 2475 5524 si
2504 5468 2697 5540 placet,
2730 5472 3004 5543 paralytici
3055 5473 3338 5528 historiam
3367 5483 3545 5528 retra-

1981 5569 2215 5628 ctemus,
2243 5561 2506 5631 siquidem
2545 5564 2658 5633 ipsc
2685 5565 2942 5621 Dominus
2968 5565 3110 5620 illam
3144 5567 3416 5622 memoria:
3441 5577 3550 5620 tra-
