4030 6408
420 336 520 392 12?

1379 337 1436 392 s.
1491 333 1933 392 AMPHILOCHII
1975 329 2360 388 iCONlENSlS
2401 319 2756 387 Episcom.‘

3572 319 3679 376 ηδ

419 456 575 512 didit.
597 455 764 522 Quem
790 457 931 510 enim
961 456 1279 510 memoravit
1300 453 1582 522 Dominus,
1609 453 1876 522 quomodo
1900 465 1997 506 nos

2104 445 2303 517 Κύριον
2351 441 2838 515 ἀπομνημονεῦσαι
2893 435 2988 492 τοῦ
3051 433 3396 509 παραλύτου’
3449 434 3500 486 εί
3559 433 3671 500 γάρ

422 546 639 600 silentio
678 548 952 614 prmterire
995 547 1314 617 possumus?
1339 547 1443 598 Aut
1469 545 1593 614 quis
1627 545 1852 598 miretur
1899 556 1996 595 nos

425 637 690 690 mirabilia
749 636 954 689 Domini
1004 635 1295 689 enarrare?
1357 633 1602 688 Praesens
1655 634 1798 687 enim
1841 631 1996 684 festi-

424 729 562 780 vitas
591 727 794 781 Domini
821 739 933 794 est;
969 728 1233 782 mediator
1268 737 1351 781 est
1385 727 1664 788 Dominus,
1701 723 1876 778 media
1912 730 1997 777 est

424 815 688 872 festivitas
717 832 729 869 :
770 833 932 886 porro
955 819 1098 886 quod
1128 829 1210 872 est
1240 818 1498 881 medium,
1533 817 1601 868 ab
1635 808 1994 870 extremitati-

428 909 527 962 bus
560 909 955 963 lirmamentmn
996 910 1210 978 accipit,
1253 907 1483 978 ideoque
1511 922 1747 976 praesens
1783 905 1994 960 festivi-

428 1009 511 1054 tas
556 1000 818 1069 duplicem
867 999 1299 1054 Resurrectionis
1328 1002 1552 1069 gratiam
1598 1001 1806 1053 obtinet
1837 1015 1850 1050 :
1880 1014 1994 1053 me-

426 1090 574 1141 dium
606 1092 745 1142 enim
784 1090 959 1144 locum
1011 1099 1200 1144 tenens
1241 1089 1384 1144 inter
1417 1088 1888 1144 Resnrrectionem
1939 1099 1996 1145 et

427 1179 810 1246 i’entecosten,
893 1182 1362 1236 Resurrectionem
1433 1191 1731 1244 memorat,
1801 1181 1993 1235 Pente-

426 1284 610 1326 costen
662 1272 930 1341 indigitat,
967 1272 1349 1325 Ascensionem
1388 1275 1540 1339 quasi
1597 1271 1718 1326 tuba
1751 1287 1997 1340 praenun-

430 1362 547 1416 tiat.
576 1362 761 1428 Qualia
793 1365 900 1417 sint
928 1362 1090 1431 igitur
1119 1377 1237 1430 qua:
1267 1362 1334 1416 de
1382 1363 1673 1432 paralytico
1707 1377 1992 1432 exponun-

433 1462 540 1517 tur’,
573 1454 765 1508 discite
793 1469 908 1516 vos,
941 1453 1088 1508 verbi
1125 1453 1287 1506 divini
1322 1454 1704 1522 negotiatores,
1730 1465 1787 1509 ut
1834 1457 1994 1524 spiri-

433 1546 655 1598 tualium
707 1546 969 1599 bonorum
1033 1546 1349 1598 thesaurum
1398 1544 1772 1600 Iucril‘aciatis.
1841 1547 1999 1601 Certe

430 1638 685 1691 memoria
743 1646 889 1690 tenes
954 1637 1113 1690 verba
1167 1636 1507 1706 evangelista
1548 1635 1819 1689 dicentis:
1871 1635 1996 1690 Post

429 1733 540 1780 haec
583 1737 690 1780 erat
744 1726 908 1794 festus
948 1725 1056 1779 dies
1096 1725 1424 1790 Judworum,
1461 1733 1508 1777 et
1563 1726 1795 1776 ascendit
1839 1722 1996 1778 Jesus

427 1816 834 1886 .Ierosolymam.
882 1816 1016 1870 Erat
1068 1829 1240 1870 autem
1268 1814 1612 1884 Jerosolymis
1654 1816 1857 1883 piscina
1881 1832 1996 1884 qua:
2031 1803 2069 1855 Β

426 1911 823 1979 cognominatur
857 1907 1110 1962 Hebraice
1139 1907 1456 1970 Betltsaida,
1506 1905 1730 1974 quinque
1764 1907 1996 1973 porticus

427 2001 640 2054 habens.
681 2000 746 2054 In
785 2000 865 2052 Itis
907 2000 1117 2066 jacebat
1168 1998 1452 2050 multitudo
1508 2013 1697 2063 magna
1745 1997 1998 2065 languen-

427 2091 578 2156 tium,
610 2107 884 2152 ca’corum,
937 2089 1264 2152 claudorum,
1311 2087 1618 2150 aridorum;
1668 2097 1777 2139 erat
1826 2096 1998 2139 autem

427 2183 642 2250 quidam
668 2182 820 2234 homo
870 2180 940 2234 ibi
969 2181 1180 2249 triginta
1206 2192 1251 2232 et
1280 2188 1394 2232 octo
1420 2195 1583 2231 annos
1611 2179 1803 2232 habens
1831 2179 1884 2231 in
1916 2181 2000 2232 in-

427 2273 674 2338 firmitate
705 2290 818 2323 sua.
860 2269 1011 2322 Ilunc
1055 2285 1172 2322 cum
1213 2269 1424 2322 vidisset
1469 2267 1622 2321 Jesus
1656 2268 1769 2337 (qui
1817 2268 1998 2322 omnia

429 2364 576 2417 novit
630 2365 936 2431 priusquam
997 2361 1191 2431 ﬁant),
1248 2369 1298 2414 et
1346 2362 1660 2431 cognovisset
1712 2363 1836 2430 quia
1881 2362 1999 2432 jam

431 2455 649 2507 multum
701 2465 898 2524 tempus
939 2455 1169 2520 haberet,
1209 2453 1336 2506 dicit
1383 2455 1473 2508 ei:
1514 2451 1605 2507 Vis
1646 2471 1805 2507 sanus
1845 2453 2002 2521 ﬁeri?

431 2545 475 2598 0
500 2544 831 2597 curationem
865 2544 1073 2597 Domini
1105 2547 1171 2597 ab
1199 2546 1343 2598 omni
1382 2559 1515 2598 vana
1544 2544 1711 2615 gloria
1735 2543 1996 2598 alienam!

431 2631 546 2685 Non
577 2642 849 2701 exspectat
873 2633 1268 2688 invocationem
1301 2644 1646 2704 aegrotorum,
1683 2636 1775 2690 sed
1795 2645 2000 2689 semet-

432 2725 546 2792 ipse
595 2724 959 2778 laborantibus
1025 2725 1242 2778 obvium
1293 2728 1533 2795 praebere
1587 2726 1997 2782 {estinatzcum

429 2815 573 2868 enim
623 2816 703 2870 sol
741 2816 960 2884 justitiae
1005 2817 1096 2880 sit,
1125 2819 1306 2873 radios
1369 2817 1734 2875 beneﬁcentize
1771 2835 1882 2875 sua:
1919 2837 2004 2874 su-

429 2920 526 2974 per
560 2922 744 2960 omnes
776 2907 879 2961 late
924 2907 1170 2962 effundit.
1209 2911 1365 2974 Erat,
1404 2911 1599 2977 inquit,
1639 2911 2000 2982 Jerosolymis,

431 3000 499 3052 ad
562 3009 764 3067 portam
815 2997 1176 3063 Probaticam,
1211 3003 1410 3068 piscina
1459 3019 1574 3070 qua:
1603 3006 2004 3071 cognominatur

434 3089 689 3143 Ilebraice
716 3090 1018 3158 Bethsaida,
1057 3093 1282 3162 quinque
1307 3095 1540 3160 porticus
1573 3094 1784 3148 habens.
1820 3094 1888 3147 In
1922 3096 2002 3148 his

424 3181 632 3251 jacebat
685 3184 966 3236 multitudo
1029 3200 1219 3254 magna
1281 3183 1661 3253 languentium,
1720 3201 1998 3249 caecorum,

432 3272 761 3339 claudorum,
789 3275 1081 3331 aridorum.
1115 3275 1384 3328 Alluditur
1425 3274 1493 3328 ad
1527 3275 1862 3344 spiritualem
1904 3275 2001 3330 Ju-

434 3366 669 3418 dzeorum
703 3365 1090 3420 inﬁrmitatem.
1130 3366 1377 3435 Quinque
1411 3375 1536 3419 sunt
1577 3381 1799 3420 numero
1836 3368 2003 3436 porti-

434 3471 529 3510 cus
554 3457 893 3511 multitudine
921 3457 1257 3512 inﬁrmorum
1293 3457 1544 3525 repletze;
1576 3457 1814 3527 quinque
1861 3460 2002 3513 enim

437 3547 684 3601 sensibus
739 3547 948 3602 laborat
1001 3547 1225 3616 populus
1270 3544 1548 3611 Judaicus,
1584 3547 1735 3615 Ivisu,
1781 3546 2003 3610 olfactu.

437 3647 614 3707 gustu,
665 3638 870 3703 auditu,
931 3649 1121 3692 tactu:
1161 3639 1258 3692 bos
1296 3653 1482 3694 omnes
1525 3653 1717 3693 sensus
1762 3639 2006 3694 inﬁrmos

441 3733 709 3787 habebant
737 3731 1045 3787 Judteorum
1082 3730 1200 3785 lilii.
1238 3727 1352 3784 Non
1385 3745 1575 3784 sanum
1611 3731 1881 3785 habebant
1930 3731 2007 3784 vi-

437 3841 581 3892 sum,
619 3825 882 3895 siquidem
913 3826 1171 3878 miracula
1224 3824 1488 3887 videntes,
1528 3823 1662 3878 nihil
1704 3827 2006 3888 curabant;

436 3933 545 3972 non
611 3916 996 3972 beneﬁciorum
1064 3930 1354 3969 mentorem
1421 3925 1674 3981 gustum,
1740 3918 2006 3987 siquidem

440 4024 634 4064 tuanna
668 4008 1054 4062 manducantes
1079 4022 1425 4061 cucumerutn
1449 4007 1716 4067 desiderio
1749 4012 2010 4064 teneban-

439 4103 600 4166 tur';
630 4116 734 4156 non
786 4101 1057 4154 sincerum
1101 4099 1381 4163 olfactum,
1421 4100 1685 4169 siquidem
1737 4113 2009 4170 unguento

440 4193 722 4248 Dominico
737 4190 1056 4246 diabolicum
1072 4189 1318 4246 latorem
1347 4190 1760 4261 praeponebant;
1792 4208 1895 4248 non
1915 4210 2012 4264 pu-

440 4300 561 4338 rum
589 4285 854 4346 auditum,
889 4282 1154 4352 siquidem
1186 4283 1435 4339 draconis
1473 4284 1666 4338 inferni
1702 4285 1875 4340 sibilis
1918 4301 2012 4355 po-

441 4377 545 4430 tius
573 4391 732 4446 quam
770 4375 1017 4444 gloriosis
1041 4375 1426 4445 prophetarum
1468 4377 1692 4431 vocibus
1723 4393 1782 4432 se
1813 4378 2013 4433 dociles

2094 539 2122 590 ὁ
2173 537 2376 608 Κύριος
2428 534 2594 589 αὑτοῦ
2657 531 3062 604 ἐμνημόνευσε,
3114 527 3230 590 πῶς
3280 527 3440 596 ἡμεῖς
3503 523 3676 592 λήθην

2095 626 2480 696 ποιησώμεθα;
2515 625 2649 677 Τότε
2694 623 2774 684 τίς
2825 619 3130 690 θαυμάζει,
3165 619 3254 671 ὅτε
3295 617 3362 669 τά
3413 615 3506 668 τοῦ
3561 616 3675 665 Κυ-

2098 718 2213 788 ρίου
2271 717 2525 788 Θαύματα
2577 715 2880 784 διηγεῖται;
2935 711 3041 764 T06
3086 711 3196 781 γάρ
3244 709 3450 779 Κυρίου
3501 707 3595 758 καὶ
3633 705 3670 774 ἡ

2094 807 2345 882 παροῦσα
2374 809 2534 879 ἐορτή
2556 824 2570 839 ·
2606 807 2830 878 μεσίτης
2855 807 2882 858 ὁ
2916 803 3140 874 Κύριος,
3175 802 3314 873 μέση
3365 801 3457 855 καὶ
3486 802 3518 870 ή
3555 802 3673 869 ἑορ-

2093 903 2191 972 τή·
2230 901 2316 954 ἀεὶ
2370 900 2425 952 δὲ
2476 900 2537 953 τὸ
2574 899 2739 968 μέσον
2776 901 2888 959 τοῖς
2935 897 3122 966 ἄκροις
3171 893 3536 964 ὴσφάλισται·
3584 895 3674 950 διὰ

2093 992 2252 1045 τοῦτο
2280 992 2374 1044 καὶ
2404 993 2438 1062 ή
2473 989 2722 1061 παροῦσα
2748 989 2908 1060 ἑορτὴ
2941 987 3135 1057 διπλῆν
3166 987 3266 1055 τῆς
3299 986 3676 1052 ’Λναστάσεως

2094 1086 2194 1155 τὴν
2222 1085 2382 1156 χάριν
2413 1085 2699 1153 κέκτηται.
2737 1083 2869 1134 Ὑπὸ
2897 1081 3005 1152 γὰρ
3030 1080 3129 1150 τῆς
3163 1078 3536 1141 Ἀναστάσεως
3577 1079 3672 1132 καὶ

2095 1177 2196 1245 τῆς
2245 1176 2622 1247 Πεντηκοστῆς
2681 1172 3158 1246 μεσολαὸουμένη,
3207 1169 3305 1240 τὴν
3348 1169 3670 1223 Ἀνάστασιν

2097 1267 2372 1334 ὑπέδειξε,
2439 1268 2537 1336 τὴν
2613 1264 2995 1337 Πεντηκοστὴν
3057 1261 3525 1327 δακτυλοδεικτεῖ,
3571 1263 3672 1332 τὴν

2110 1359 2405 1430 Ἀνάληψιν
2439 1357 2709 1422 σαλπίζει.
2738 1356 2833 1421 Τίς
2879 1352 2973 1410 οὖν
3014 1357 3046 1426 ὴ
3078 1354 3330 1425 παροῦσα
3359 1353 3452 1406 τοῦ
3497 1371 3674 1425 παρα-

2095 1453 2255 1505 λύτου
2285 1450 2656 1522 πραγματεία,
2690 1449 3016 1520 γνωρίσατε,
3048 1448 3099 1499 οἱ
3132 1447 3226 1500 τοῦ
3268 1446 3426 1515 λόγου
3471 1447 3671 1517 φιλέμ·

2099 1563 2277 1619 ποροι,
2305 1544 2451 1606 ὅπως
2487 1542 2577 1595 διὰ
2607 1542 2823 1595 πάντων
2852 1541 2952 1612 τῆς
2992 1540 3367 1611 πνευματικῆς
3407 1537 3676 1609 ὠφελείας

2097 1635 2195 1706 τὴν
2237 1633 2470 1705 ὲνθήκην
2524 1631 2908 1705 καρπώσησϐε.
2963 1631 3152 1702 Φέρεις
3202 1633 3419 1702 μνήμην
3459 1629 3675 1692 πάντως

2098 1725 2191 1778 τοῦ
2241 1724 2632 1792 εὐαγγελιστοῦ
2675 1724 2922 1776 Ἰωάννου
2975 1722 3235 1793 βοῶντοςο
3280 1722 3442 1775 Μετὰ
3488 1720 3676 1773 ταῦτα

2097 1815 2172 1887 ἦν
2208 1817 2246 1884 ὴ
2281 1816 2455 1884 ἑορτὴ
2497 1815 2613 1869 τῶν
2658 1815 2972 1878 Ἰουδαίων,
3019 1813 3116 1866 καί
3159 1812 3340 1880 ἀνέϐη
3377 1815 3409 1866 ό
3443 1811 3676 1878 Ἰησοῦς

2098 1912 2182 1974 είς
2220 1909 2624 1977 Ἰεροσόλυμα.
2648 1903 2767 1961 ἾΙν
2824 1905 2892 1959 δὲ
2941 1907 3012 1959 ἐν
3066 1905 3190 1969 τοῖς
3240 1905 3676 1972 Ἰεροσολύμοις

2099 2001 2482 2069 κολυμϐήθρα
2529 2001 2566 2068 ἠ
2612 1999 3000 2068 ἐπιλεγομένη
3036 1997 3323 2066 Ἐϐραϊστὶ
3378 1995 3673 2062 Βηθεσδὰ,

2100 2093 2278 2146 πέντε
2336 2093 2524 2158 στοὰς
2587 2091 2838 2160 ἔχουσα.
2894 2091 2999 2144 Ἐν
3064 2091 3304 2154 ταύταις
3371 2088 3677 2142 κατέκειτο

2100 2184 2329 2250 πλῆθος
2365 2184 2524 2238 πολὺ
2578 2181 2695 2236 τῶν
2747 2183 3190 2242 ἀσθενούντων,
3240 2179 3506 2250 τυφλῶν,
3556 2197 3674 2248 χωο

2099 2276 2245 2339 λῶν,
2299 2275 2520 2343 ξηρῶν.
2562 2270 2682 2329 Ἦν
2723 2273 2789 2326 δέ
2840 2291 2926 2339 τις
2978 2272 3287 2340 ἄνθρωπος
3345 2270 3470 2324 ἐκεῖ
3513 2269 3676 2338 τριάς

2101 2385 2283 2420 κοντα
2317 2366 2414 2420 καί
2455 2364 2606 2418 ὀκτὼ
2644 2364 2749 2432 ἔτη
2771 2365 3015 2433 ἕχωνέν
3039 2363 3113 2432 τῇ
3145 2364 3427 2429 ἀσθενείᾳ
3465 2361 3674 2419 αὐτοῦ.

2107 2457 2324 2512 Τοῦτον
2363 2456 2504 2511 ιδὼν
2545 2459 2578 2510 ό
2613 2456 2874 2522 Ἰησοῦς,
2921 2455 2970 2524 (ό
2989 2454 3059 2508 τὰ
3105 2455 3282 2508 πάντα
3337 2454 3490 2517 εἰδὼς
3548 2453 3677 2525 πρὶν

2102 2549 2364 2618 γενέσεως
2381 2547 2608 2614 αὐτῶν),
2646 2548 2743 2600 καὶ
2778 2547 2982 2616 γνοὺς,
3030 2545 3119 2598 ὅτι
3161 2545 3361 2599 πολὺν
3395 2543 3510 2611 ἤδη
3543 2543 3681 2612 χρό-

2101 2658 2212 2693 νον
2242 2640 2364 2707 ἕχει
2383 2681 2397 2703 ,
2427 2637 2588 2707 λέγει
2618 2635 2796 2701 αὐτῷ,
2831 2635 3034 2701 Θέλεις
3069 2635 3246 2704 ὑγιὴς
3279 2634 3584 2704 γενέσθακ
3615 2633 3679 2685 Ὢ

2101 2732 2200 2802 τῆς
2239 2729 2332 2784 τοῦ
2378 2729 2583 2800 Κυρίου
2626 2727 2940 2793 ἀκενοδόξου
2985 2726 3310 2799 Θεραπείαςί
3355 2727 3468 2779 Οὐκ
3522 2723 3677 2778 ἐκδέ-

2102 2841 2254 2895 χεται
2322 2821 2740 2892 παρακληθῆναι
2805 2819 2911 2872 ὑπὸ
2970 2818 3080 2871 τῶν
3138 2817 3457 2891 ἀρρώστων,
3514 2816 3677 2878 αὐτὸς

2103 2914 2309 2982 ἐπείγει
2352 2913 2542 2967 ἑαυτὸν
2588 2911 2723 2982 πρὸς
2755 2911 2882 2973 τοὺς
2907 2911 3243 2980 πάσχονταςο
3276 2909 3426 2978 ἥλιος
3453 2907 3562 2978 γὰρ
3605 2908 3684 2961 ὢν

2103 3005 2468 3075 δικαιοσύνης,
2495 3006 2586 3058 ἐπὶ
2612 3003 2820 3066 πάντας
2846 3003 3006 3056 ἁπλοῖ
3033 3003 3129 3065 τάς
3160 3005 3380 3064 ἀκτῖνας
3401 3001 3497 3071 τῆς
3528 3001 3685 3070 εὐερ-

2029 3136 2072 3193 C
2104 3098 2309 3168 γεσίας.
2347 3093 2469 3153 Ἦν
2521 3096 2589 3149 δὲ
2645 3097 2714 3148 ἐν
2767 3093 2893 3158 τοῖς
2938 3094 3409 3162 Ἰεροσολύμοις,
3455 3092 3553 3145 ἐπὶ
3607 3091 3690 3160 τῇ

2107 3189 2461 3259 Προϐατικῇ,
2483 3189 2868 3258 κολυμϐήθρα
2899 3188 2937 3254 ἡ
2973 3186 3364 3256 ἐπιλεγομένη
3393 3186 3684 3254 Ἐϐραϊστὶ

2101 3282 2398 3350 Βηθεσδὰ,
2440 3282 2618 3334 πέντε
2658 3281 2843 3346 στοὰς
2880 3279 3134 3349 ἔχουσα·
3181 3279 3250 3332 ἐν
3281 3281 3523 3344 ταύταις
3547 3295 3685 3332 κατα

2102 3374 2291 3429 έκειτο
2319 3373 2552 3442 πλῆθος
2592 3372 2751 3426 πολὺ
2788 3371 2906 3425 τῶν
2933 3372 3375 3432 ἀσθενούντων,
3417 3368 3682 3438 τυφλῶν,

2104 3463 2334 3535 χωλῶν,
2378 3461 2597 3532 ξηρῶν.
2631 3463 2701 3515 Σύ
2711 3461 2909 3532 μὸολον
2941 3461 3099 3514 τοῦτο
3130 3460 3232 3529 τῆς
3277 3458 3570 3527 Ἰουδαϊκῆς
3593 3459 3689 3510 d6-

2109 3557 2361 3628 ρωστίας,
2398 3558 2454 3609 αἱ
2485 3556 2642 3609 πέντε
2702 3556 2874 3618 στοαὶ,
2907 3554 3109 3617 αἵτινες
3146 3551 3549 3624 ὲπεπληροῦντο
3589 3551 3694 3621 ἀρ-

2109 3647 2349 3718 ρώστων.
2394 3647 2504 3702 Καὶ
2545 3648 2652 3716 γάρ
2696 3649 2970 3718 ἀρρωστεῑ
3015 3648 3043 3698 ό
3088 3644 3375 3706 ’ίουδαῖκδς
3419 3643 3549 3707 ’λαὸς
3591 3642 3685 3695 διὰ.

2106 3739 2214 3792 τῶν
2259 3740 2423 3792 πέντε
2475 3738 2802 3809 αἰσθήσεων,
2847 3738 3123 3808 ὁράσεως,
3161 3737 3514 3805 ὀσφρήσεως,
3561 3732 3691 3801 γεύσ

2111 3847 2268 3896 σεως,
2311 3831 2501 3901 ἀκοῆς,
2536 3830 2700 3899 ἁφῆς,
2736 3828 2803 3881 δι’
2838 3829 3092 3881 ἁπάντων
3128 3826 3443 3898 ἡρῤώστουν
3471 3825 3520 3879 οἱ
3560 3826 3692 3879 Ἰου⁴

2108 3921 2272 3975 δαίων
2302 3921 2508 3984 παῖδες.
2539 3921 2652 3974 υύκ
2683 3915 2828 3989 εἶχον
2856 3918 3096 3989 καθαρὸν
3123 3917 3419 3988 ὀφθαλμὸν,
3449 3917 3692 3988 ὁρῶντες

2109 4015 2177 4066 τὰ.
2215 4014 2469 4084 θαύματα
2502 4012 2596 4065 καὶ
2633 4011 3018 4082 παρορῶντες·
3053 4011 3153 4064 οὐκ
3195 4005 3339 4079 εἶχον
3369 4007 3556 4078 γεῦσιν
3596 4009 3689 4062 εὑ-

2112 4107 2389 4177 χάριστον,
2444 4106 2618 4174 μάννα
2694 4102 2999 4174 τρώγοντες
3057 4101 3154 4156 καὶ
3213 4101 3442 4164 συκεοῦς
3500 4100 3694 4172 ἐπιζη-

2111 4197 2357 4260 τοῦντεςο
2392 4197 2491 4250 οὐκ
2537 4191 2681 4266 εἶχον
2716 4195 2985 4266 ὄσφρησιν
3019 4196 3309 4267 εἰλικρινῆ,
3348 4193 3442 4247 τοῦ
3488 4196 3696 4246 Δεσπο-

2111 4289 2263 4342 τικοῦ
2295 4289 2464 4359 μύρου
2492 4289 2588 4358 τὴν
2619 4285 2930 4356 διαϐολικὴν
2954 4285 3218 4340 δυσωδίαν
3248 4287 3646 4355 προκρίναντες
3671 4300 3688 4316 ·

2113 4381 2213 4434 οὐκ
2257 4375 2402 4449 εἶχον
2449 4378 2616 4448 ἀκοὴν
2677 4376 2946 4448 καθαράν,
2990 4377 3100 4429 τῶν
3151 4376 3544 4448 δρακοντιαίων
3596 4391 3696 4426 συ-

439 4466 816 4534 prmbuerunt;
877 4480 980 4518 non
1037 4466 1220 4519 utilem
1277 4473 1502 4529 tactum,
1554 4466 1818 4535 siquidem
1872 4468 2003 4523 idola

2119 4471 2418 4543 ρισμάτων,
2456 4468 2552 4520 καὶ
2588 4467 2648 4518 οὐ
2686 4466 3038 4537 προφητικῶν
3076 4466 3470 4536 καυχημάτων,
3509 4463 3696 4516 πειθό-

440 4556 589 4624 quasi
626 4556 754 4609 deos
796 4554 1052 4619 colentes,
1089 4556 1254 4609 Deum
1298 4556 1566 4610 viventem
1609 4567 2005 4626 contempsere.

443 4647 819 4702 Verumtamen
840 4645 1109 4708 Christus,
1140 4662 1394 4702 sensuum
1430 4648 1743 4714 fabricator,
1770 4659 1824 4703 et
1853 4667 2010 4704 creao

441 4749 680 4792 turarum
712 4739 978 4805 conditor,
1004 4754 1386 4807 corporearum
1422 4740 1581 4794 simul
1603 4751 1658 4794 et
1685 4740 2011 4795 voluntaria-

443 4845 559 4882 rttm
604 4829 978 4882 inﬁrmitatum
1029 4831 1365 4885 sanationem
1413 4832 1683 4898 prmstitit.
1736 4831 1828 4886 llle
1865 4833 2008 4886 enim

440 4922 768 4992 paralyticus
810 4921 1006 4990 duplici
1050 4921 1260 4990 ﬂagello
1313 4922 1619 4992 vapulabat,
1666 4938 1861 4994 corpus
1906 4925 2006 4978 ha-

441 5014 576 5068 bens
611 5013 799 5068 morbo
853 5013 1106 5078 solutum,
1140 5015 1486 5084 animamque
1518 5017 1752 5083 peccatis
1795 5017 2009 5068 mutila-

445 5113 583 5170 tam;
617 5105 844 5173 ideoque
893 5107 1171 5170 Dominus,
1197 5107 1289 5174 qui
1319 5108 1562 5176 corporis
1595 5118 1649 5162 et
1674 5107 1866 5162 animae
1895 5124 2008 5162 me-

443 5199 595 5251 dicus
622 5199 938 5264 exsistebat,
968 5213 1166 5268 corpus
1197 5200 1394 5266 ﬁrmat,
1430 5201 1680 5268 spiritum
1706 5201 2008 5266 illuminat;

443 5291 654 5358 corpori
691 5289 909 5354 lectum,
951 5293 1144 5345 animae
1173 5297 1359 5362 jugum
1391 5295 1604 5349 virtutis
1648 5294 1838 5350 tollere
1871 5309 2010 5362 pric—

444 5381 592 5449 cipit.
618 5382 754 5446 Quid
792 5384 976 5438 enim?
1015 5383 1213 5440 Videns
1260 5385 1515 5442 Dominus
1566 5387 1711 5440 illum
1750 5388 2007 5457 paralyti—

447 5489 591 5540 cum,
619 5475 750 5530 dicit
777 5477 874 5542 illi,
905 5479 1047 5547 quod
1078 5479 1228 5534 scitis
1261 5495 1448 5534 omnes
1482 5497 1496 5534 :
1535 5479 1626 5534 Vis
1659 5497 1819 5534 sanus
1857 5481 2016 5549 ﬁeri?

379 5581 388 5588 ·
447 5558 547 5616 ilic
587 5576 765 5617 autent
817 5564 1122 5624 Jndtcorutn
1191 5569 1284 5626 ﬁlii
1348 5571 1572 5626 Domino
1620 5572 2010 5642 obloqunntur,

527 5763 542 5796 ⁸
572 5761 728 5818 Num.
752 5779 820 5828 ιι,
858 5764 909 5819 3.

2116 4578 2292 4633 μενον
2341 4562 2440 4613 οὐκ
2492 4553 2639 4629 εἶχον
2681 4557 2780 4627 τὴν
2827 4557 2971 4627 ἁφὴν
3031 4558 3450 4628 συνεργητικὴν,
3497 4555 3696 4608 εἴδωλα

2112 4652 2508 4720 Οεολογοῦντες.
2546 4649 2640 4702 καὶ
2676 4648 2771 4702 τοῦ
2806 4649 3006 4714 ζῶντος
3038 4647 3186 4702 Θεοῦ.
3205 4647 3694 4720 καταφρονοῦντες.

2125 4745 2267 4798 Ἀλλ’
2299 4745 2447 4814 ὅμως
2474 4741 2824 4812 ἐπιδημήσας
2851 4745 2916 4812 τῇ
2951 4741 3198 4812 ὲνσάρκῳ
3227 4741 3388 4794 αὐτοῦ
3423 4741 3698 4812 παρουσίᾳ

2111 4839 2139 4889 ὁ
2171 4835 2446 4905 Δεσπότης
2483 4833 2735 4903 Χριστὸς,
2775 4835 2804 4886 ό
2836 4832 2930 4885 καὶ
2960 4831 3068 4884 τῶν
3109 4832 3414 4902 αἰσθήσεων
3464 4830 3697 4900 ποιητὴς

2115 4927 2209 4980 κα)⁹
2245 4925 2352 4979 τῶν
2387 4925 2699 4994 κτισμάτων
2737 4923 3099 4994 δημιουργὸς,
3133 4925 3189 4975 ὲν
3225 4923 3409 4993 ταυτῴ
3457 4922 3552 4975 καὶ
3584 4921 3697 4974 τῶν

2118 5016 2443 5088 σωματικῶν
2522 5014 2708 5068 παθῶν
2760 5015 2859 5067 καὶ
2904 5013 3012 5066 τῶν
3067 5011 3464 5084 προαιρετικῶν
3532 5027 3699 5064 πται-

2118 5107 2340 5176 σμάτων
2381 5105 2480 5176 τὴν
2509 5105 2793 5177 διόρθωσιν
2834 5105 3143 5175 ἐποιήσατο.
3174 5098 3340 5166 Οὗτος
3371 5102 3478 5174 γάρ
3510 5105 3538 5156 ό
3567 5119 3698 5173 προ-

2117 5198 2366 5269 κείμενος
2391 5197 2700 5268 παράλυτος
2728 5197 2923 5266 διπλῆν
2963 5196 3258 5266 ἐπεφέρετο
3283 5195 3380 5266 τὴν
3414 5196 3652 5263 μάστιγα
3676 5211 3690 5223 ’

2116 5289 2195 5358 τῷ
2231 5290 2328 5359 μὲν
2386 5289 2617 5361 σώματι,
2649 5291 2790 5360 νόσῳ
2822 5288 3078 5351 διελύετο,
3112 5289 3210 5358 τῆν
3257 5288 3313 5340 δὲ
3350 5285 3526 5357 ψυχὴν
3571 5287 3696 5349 ταῖς

2122 5382 2415 5454 ἁμαρτίαις
2464 5383 2790 5454 ἐξήρθρωτο.
2821 5383 2910 5434 Διὸ
2953 5383 3048 5435 καὶ
3095 5384 3123 5435 ό
3167 5379 3407 5451 Κύριος,
3450 5378 3525 5442 ὡς
3581 5376 3694 5430 τῶν

2122 5475 2394 5545 ἑκατέρων
2432 5476 2630 5545 ἰατρὸς,
2662 5476 2756 5527 καὶ
2806 5474 2866 5526 τὸ
2915 5473 3075 5544 σῶμα
3129 5473 3442 5542 συσφίγγει,
3478 5472 3573 5524 καὶ
3631 5469 3695 5522 τὸ

2123 5565 2339 5636 πνεῦμα
2386 5564 2637 5635 φωτίζει,
2684 5564 2777 5620 καὶ
2820 5562 2897 5633 τῷ
2933 5562 3032 5634 μὲν
3086 5561 3298 5634 σώματι
3358 5561 3457 5633 τὴν
3501 5558 3701 5631 κλίνην
