4030 6408
290 329 382 386 Ιῖὅ

1329 337 1585 393 ORATIO
1626 337 1699 392 lN’
1729 336 2431 397 MESOPENTECOSTEN.

3421 340 3523 397 126

281 448 459 518 φέρειν
487 447 767 513 ἐκέλευσε,
793 453 861 522 τῇ
897 450 953 504 δὲ
997 452 1141 522 ψυχῇ
1182 453 1281 524 τὴν
1324 456 1522 526 ἀρετὴν
1569 456 1849 525 βαστάζειν

1955 458 2193 513 dicentes
2239 478 2252 513 :
2286 460 2341 513 Si
2396 460 2535 512 Deus
2568 466 2711 512 esset
2742 456 3012 521 Christus,
3053 472 3182 510 num
3222 456 3522 527 interroga-

282 544 555 613 ἐπέτρεπε.
596 543 663 594 Τί
700 544 843 614 γάρ;
882 542 1005 595 ίδὼν
1029 546 1056 595 6
1088 544 1287 616 Κύριος
1326 546 1513 598 τοῦτον
1542 547 1633 598 τὸν
1674 548 1847 618 παρά-

279 628 443 694 λυτον,
478 631 580 701 ἔφη
618 632 758 702 πρὸς
797 632 984 693 αὐτὸν,
1023 633 1205 696 καθὼς
1252 634 1430 687 οἴδατε
1467 637 1700 700 πάντες,
1743 638 1848 691 Θέ-

276 726 397 787 λεις
440 722 616 791 ὑγιὴς
649 722 965 791 γενέσθαυ
1006 725 1140 776 Ἀλλ’
1174 725 1406 779 ἐνταῦθα
1452 727 1845 798 ἐπιλαμϐάνον-

274 830 358 865 ται
410 815 460 865 οἱ
504 813 773 865 Ἰουδαίων
844 814 1033 877 παῖδες
1087 815 1166 884 τῷ
1218 817 1408 885 Κυρίῳ
1466 817 1748 885 λέγοντεςο
1784 820 1847 871 Ei

274 904 397 967 Θεὸς
436 900 507 975 ἦν
534 905 562 955 ὁ
592 905 861 975 Χριστὸς,
894 905 1014 969 πῶς
1065 906 1326 977 ἐπηρώτα
1368 908 1460 960 τὸν
1514 909 1843 980 παράλυτον,

278 996 472 1061 Θέλεις
502 994 678 1063 ὑγιὴς
719 995 1035 1063 γενέσθαι;
1065 997 1141 1067 Τῇ
1190 997 1329 1068 νόσῳ
1370 986 1663 1069 συνείχετο,
1696 1002 1849 1071 τριά-

276 1104 431 1139 κοντα
472 1088 569 1139 καὶ
609 1086 754 1138 ὀκτὼ
779 1086 875 1158 ἐτη
923 1083 1066 1156 εἶχεν
1098 1090 1162 1141 ’ὲν
1206 1092 1272 1159 τῇ
1313 1090 1618 1161 ἀρρωστία,
1662 1094 1727 1160 τῇ
1764 1109 1850 1144 κο-

275 1178 559 1250 λυμϐήθρα
612 1178 947 1251 παρέμενεν,
989 1179 1075 1232 ἵνα
1117 1179 1179 1232 τὸ
1228 1179 1399 1243 πάθος
1450 1182 1844 1253 ἀπορρίψηται,

274 1272 361 1323 καὶ
419 1272 681 1340 ἐπερωτᾷ
747 1270 955 1334 τοῦτον,
1028 1270 1230 1335 Θέλεις
1290 1270 1469 1339 ὑγιὴς
1536 1272 1846 1342 γενέσθαι;

270 1364 423 1423 Ποίος
469 1361 604 1423 Θεὸς
632 1363 660 1414 6
698 1361 951 1432 ἐρωτῶν;
1007 1361 1269 1414 Ἑνταῦοα
1314 1364 1342 1415 6
1381 1361 1584 1433 Κύριος
1632 1366 1729 1433 οὐχ
1770 1365 1845 1428 ὡς

269 1453 479 1521 ἀγνοῶν
520 1456 795 1524 ἐπερωτᾷ,
831 1453 945 1507 ἀλλ’
970 1454 1043 1516 ὡς
1069 1453 1157 1506 διὰ
1194 1454 1411 1507 πάντων
1437 1456 1535 1526 τὴν
1564 1456 1845 1526 διόρθωσιν

268 1544 596 1614 χαρίσασθαι
656 1545 998 1615 βουλόμενος.
1048 1547 1109 1598 Ei
1158 1546 1252 1598 τοῦ
1304 1546 1555 1617 σώματος
1603 1550 1765 1619 μόνου
1810 1550 1841 1620 ή

266 1638 521 1690 ἀσθένεια
565 1633 655 1707 ἦν,
682 1639 783 1690 οὐκ
817 1637 882 1691 ἂν
914 1638 1097 1706 ἔλεγεν
1133 1640 1161 1691 6
1205 1641 1406 1708 Κύριος
1438 1641 1572 1710 πρὸς
1612 1642 1702 1695 τὸν
1746 1660 1845 1695 πα-

269 1728 539 1798 ράλυτον,
562 1729 768 1795 Θέλεις
800 1729 977 1798 ὑγιὴς
1017 1729 1328 1798 γενέσθαι;
1362 1731 1533 1797 εἰδὼς,
1564 1733 1644 1786 ὅτι
1676 1733 1839 1798 θέλει,

1952 558 2031 602 rel
2070 549 2447 619 paralyticum,
2494 546 2587 601 Vis
2624 562 2781 599 sanus
2815 547 2975 614 ﬁeri?
3015 546 3200 599 Morbo
3242 549 3524 600 tenebatur

1948 639 2055 702 ille,
2107 639 2321 708 triginta
2358 647 2411 692 et
2455 648 2579 691 octo
2637 638 2806 690 annos
2849 636 3166 689 habebatin
3202 636 3523 689 inﬁrmitate

1948 740 2062 789 sua,
2112 730 2176 779 :ttl
2207 728 2466 795 piscinam
2498 740 2837 795 permanens,
2865 734 2921 777 ιιι
2954 726 3285 778 curationem
3314 726 3523 792 accipe-

1947 828 2049 883 ret;
2066 828 2119 871 et
2135 818 2425 887 interrogat
2440 817 2609 883 illum,
2636 816 2726 869 Vis
2741 833 2898 869 sanus
2916 816 3031 881 ﬁeri
3047 817 3071 868 Ρ
3088 816 3270 881 Qualis
3284 825 3367 870 est
3386 818 3523 869 Deus

1949 909 2046 962 iste
2076 909 2470 979 interrogator?
2506 908 2621 962 Non
2652 907 2807 976 quasi
2840 907 3040 976 aliquid
3080 908 3325 960 nesciens
3367 922 3523 974 para-

1947 1002 2162 1071 lyticum
2191 1003 2490 1070 interrogat
2517 1000 2814 1064 Dominus;
2850 1000 2966 1052 ideo
2997 1009 3174 1052 autem
3198 998 3513 1066 interrogat,

1947 1093 2089 1160 quod
2127 1092 2491 1147 omnitnodam
2547 1092 2621 1144 illi
2675 1091 3009 1144 sanationem
3059 1090 3240 1159 largiri
3279 1091 3510 1143 volebat.

1948 1182 2003 1236 Si
2028 1182 2266 1250 corporis
2298 1191 2503 1235 tantum
2535 1184 2769 1236 curanda
2798 1192 2938 1235 eSset
2968 1182 3278 1243 inﬁrmitas.
3305 1197 3408 1235 non
3436 1184 3518 1234 di-

1947 1282 2093 1328 ceret
2136 1274 2429 1343 paralytieo
2492 1273 2799 1327 Dominus:
2850 1271 2939 1326 Vis
2996 1290 3154 1326 sanus
3198 1273 3358 1341 ﬁeri?
3405 1274 3520 1327 Scit

1945 1367 2087 1419 enim
2128 1381 2249 1420 eum
2290 1365 2446 1429 velle,
2482 1366 2626 1434 quod
2658 1366 2833 1434 reipsa
2864 1367 2997 1419 vult.
3020 1366 3122 1419 Sed
3155 1367 3278 1434 quia
3310 1382 3338 1419 a
3368 1367 3516 1433 lapsu

1945 1455 2207 1523 Spirituali
2237 1458 2512 1511 sanandus
2540 1466 2676 1522 erat,
2710 1468 2993 1527 propterea
3019 1459 3147 1511 dicit
3186 1476 3199 1511 :
3245 1456 3333 1511 Vis
3359 1475 3519 1510 sanus

1943 1548 2099 1614 ﬁeri?
2150 1548 2250 1601 hoc
2296 1557 2399 1611 est,
2442 1548 2488 1600 Α
2526 1548 2797 1615 peccando
2840 1548 3095 1615 deinceps
3128 1549 3376 1602 cavebis?
3426 1547 3518 1602 Vis

1943 1652 2099 1689 sanus
2133 1636 2293 1702 ﬁeri?
2319 1636 2382 1689 da
2420 1650 2722 1700 assensum,
2755 1648 2808 1691 et
2836 1637 3119 1691 sanitatem
3147 1639 3355 1707 recipe:
3385 1640 3517 1693 nihil

1944 1731 2086 1781 enim
2116 1729 2214 1781 nisi
2247 1742 2274 1780 a
2313 1729 2480 1783 libera
2511 1729 2785 1785 voluntate
2826 1731 3059 1798 requiro.
3093 1730 3203 1799 Ego
3229 1730 3371 1783 enim
3398 1746 3517 1785 sum

265 1820 291 1871 6
330 1819 517 1872 θέλει·
559 1819 675 1871 ἀλλ’
717 1820 906 1890 ἐπειδὴ
945 1820 1191 1890 ψυχικῶν
1234 1823 1593 1893 πταισμάτων
1631 1820 1699 1895 ἦν
1737 1824 1846 1876 ὀλί-

1950 1820 2038 1888 qui
2078 1822 2207 1874 olim
2253 1835 2347 1888 per
2377 1821 2694 1889 prophetam
2731 1821 2957 1875 clamavi
2991 1839 3005 1875 :
3048 1819 3107 1875 Si
3147 1822 3430 1887 volueritis,
3468 1832 3519 1876 et

266 1911 476 1980 σθημα,
522 1911 713 1963 τούτου
760 1912 947 1964 ἕνεκεν
1006 1915 1259 1983 ἐπερωτᾷ
1291 1913 1381 1965 τὸν
1411 1914 1719 1985 παράλυτον
1763 1916 1848 1968 λέ-

264 2020 405 2069 γων·
444 2001 655 2068 Θέλεις
696 2004 873 2072 ὑγιὴς
916 2004 1225 2072 τενέσθαις
1267 2005 1542 2070 τουτέστι,
1588 2007 1847 2075 Παρασυ-

264 2095 431 2163 λάττῃ
464 2096 575 2146 ἀπὸ
602 2095 696 2146 τοῦ
726 2094 911 2147 λοιποῦ
949 2094 1020 2165 μὴ
1045 2096 1405 2166 ἁμαρτάνειν;
1438 2095 1640 2162 Θέλεις
1675 2098 1848 2166 ὑγιὴς

265 2188 589 2257 γενέσθαι,
642 2186 727 2250 δὸς
780 2187 878 2256 τὴν
938 2186 1355 2253 συγκατάθεσιν,
1409 2188 1504 2239 καὶ
1564 2188 1695 2240 λάϐε
1751 2188 1848 2257 τὴν

266 2286 434 2343 ἴασιν,
470 2282 661 2347 ἐπειδὴ
713 2281 864 2333 οὐδὲν
914 2280 1127 2353 ἀνάγκῃ
1181 2282 1549 2351 μετέρχομαι·
1596 2280 1704 2349 ἐγὼ
1740 2282 1848 2352 γάρ

265 2379 378 2446 εἰμι
423 2378 453 2428 6
493 2375 581 2427 διὰ
619 2374 715 2426 τοῦ
769 2375 1047 2443 προφήτου
1107 2374 1310 2442 βοήσας
1359 2373 1424 2424 ἐκ
1480 2371 1689 2424 πολλῶν
1740 2371 1848 2423 τῶν

264 2468 514 2537 χρρςνωνο
555 2467 693 2518 Ἐὰν
736 2463 955 2531 θέλητε.
986 2462 1085 2517 καὶ
1144 2461 1543 2529 εὶσακούσητέ
1590 2480 1733 2531 μου,
1778 2462 1851 2516 τὰ

264 2557 457 2624 ἀγαθὰ
516 2555 629 2622 τῆς
696 2554 809 2624 γῆς
857 2554 1148 2622 φάγεσθε·
1204 2553 1312 2607 ἐὰν
1356 2552 1423 2605 δὲ
1474 2552 1559 2621 μὴ
1614 2554 1846 2618 θέλητε,

260 2646 415 2716 μηδέ
466 2645 872 2712 εἰσακούσητέ
907 2661 1057 2712 μου,
1096 2643 1358 2713 μάχαιρα
1406 2641 1557 2711 ὑμᾶς
1613 2643 1852 2696 κατέδε-

265 2756 378 2791 ται.
419 2738 578 2789 Ἐπεὶ
617 2732 708 2789 οὖν
762 2735 1107 2799 αὐτεξούσιον
1144 2735 1281 2799 ζῶον
1327 2738 1355 2789 6
1390 2735 1705 2807 ἄνθρωπος,
1758 2736 1850 2787 καὶ

263 2830 517 2901 ψυχικῶς
547 2831 576 2882 6
627 2828 935 2899 παράλυτος
973 2824 1039 2899 ἦν
1072 2827 1469 2897 διαλελυμένος,
1519 2827 1705 2880 τούτου
1734 2827 1848 2878 ’ἐνεο

265 2940 359 2974 κεν
396 2924 427 2972 6
462 2920 688 2991 Κύριος,
722 2919 807 2970 ἵνα
845 2917 917 2988 μὴ
960 2917 1189 2987 ἄμισθον
1228 2917 1376 2988 αὐτῷ
1405 2916 1504 2986 τὴν
1555 2916 1850 2987 Θεραπείαν

266 3016 552 3085 παράσχῃ,
582 3010 840 3081 ἐπηρώτα
882 3009 1071 3062 τοῦτον
1104 3009 1297 3077 λέγων,
1328 3008 1495 3062 αἰτῶν
1524 3007 1620 3077 τὴν
1648 3024 1850 3077 συγκα-

265 3104 511 3164 τάθεσιν,
558 3101 763 3165 Θέλεις
795 3099 969 3168 ὑγιὴς
1003 3096 1312 3167 γενέσθαι;
1350 3097 1472 3149 Ἐπὶ
1512 3096 1620 3149 τῶν
1666 3113 1852 3166 σωμα-

1947 1911 2220 1964 audieritis
2243 1927 2343 1973 me,
2369 1914 2500 1964 bona
2544 1922 2694 1965 (erm
2721 1912 3018 1965 comedetis.
3040 1912 3189 1976 Quod
3221 1914 3265 1965 si
3291 1912 3522 1966 nolueri-

1948 2006 2015 2055 tis
2049 2012 2096 2054 et
2123 2019 2222 2054 non
2253 2002 2525 2055 audieritis
2556 2019 2653 2069 me,
2673 2004 2880 2071 gladius
2910 2005 3170 2056 devorabit
3200 2022 3286 2061 vos
3301 2006 3341 2059 ¹.
3375 2005 3520 2068 Quo-

1949 2097 2088 2148 niam
2126 2096 2291 2165 igitur
2330 2096 2529 2149 animal
2585 2073 2808 2151 liberum
2835 2106 2917 2150 est
2948 2097 3134 2161 homo,
3168 2109 3221 2151 et
3265 2099 3521 2168 spiritua-

1948 2185 2051 2238 lem
2104 2187 2395 2256 paralysim
2438 2188 2745 2256 patiebatur
2780 2187 3128 2258 paralyticus,
3166 2190 3368 2244 idcirco
3406 2191 3515 2245 Do-

1948 2275 2144 2341 minus,
2175 2291 2243 2329 ne
2277 2276 2422 2330 illum
2454 2279 2657 2345 absque
2687 2278 2856 2347 ipsius
2883 2280 3076 2332 merito
3107 2290 3342 2344 curaret,
3377 2280 3522 2336 illius

1949 2382 2224 2421 assensum
2268 2368 2357 2422 tali
2400 2370 2823 2439 interrogatione
2867 2372 3202 2438 postulavit:
3241 2371 3331 2425 Vis
3359 2389 3522 2427 sanus

1948 2459 2102 2527 ﬁeri?
2145 2459 2338 2515 Dicens
2367 2470 2546 2515 autem
2589 2461 2866 2525 Dominus,
2910 2459 2996 2514 Vis
3031 2478 3191 2515 sanus
3223 2463 3383 2529 ﬁeri?
3429 2478 3525 2517 ne-

1950 2567 2217 2621 quaquam
2244 2553 2310 2605 de
2337 2552 2584 2621 curporis
2612 2552 2951 2621 passionibus
2976 2553 3522 2623 interrogabatpara-

1950 2643 2191 2714 lyticum,
2218 2645 2358 2697 sicut
2386 2658 2485 2698 nec
2533 2643 3025 2710 ltaztnorrhoissam,
3074 2658 3173 2699 nec
3226 2644 3518 2713 leprosum,

1952 2748 2051 2786 nec
2074 2733 2207 2787 duos
2248 2748 2420 2788 caecos
2454 2733 2520 2787 de
2562 2733 2766 2787 carnali
2808 2733 3119 2788 inﬁrmitate
3146 2734 3520 2804 interrogavit.

1950 2824 2083 2879 Tum
2102 2824 2244 2878 enim
2273 2825 2586 2893 interrogat,
2616 2839 2735 2878 cum
2760 2824 3093 2892 spiritualem
3117 2840 3235 2879 esse
3266 2828 3513 2880 morbum

1950 2916 2246 2984 cognoscit,
2278 2929 2558 2969 assensum
2590 2915 2838 2969 videlicet
2872 2914 3173 2983 requirens,
3218 2931 3318 2969 nec
3364 2917 3515 2984 prius

1951 3006 2283 3059 sanationem
2319 3004 2630 3071 collaturus,
2658 3020 2820 3074 quam
2839 3018 3093 3059 assensus
3122 3004 3513 3061 confessionem

1952 3093 2240 3162 exceperh.

262 3191 431 3243 τικῶν
482 3187 674 3242 παθῶν
719 3186 825 3239 οὐδ’
866 3185 1000 3248 ὅλως
1046 3183 1302 3256 ἐπηρώτα
1341 3185 1369 3234 6
1403 3182 1604 3254 Κύριος
1644 3181 1839 3251 λέγων,
1914 3181 2117 3245 Θέλεις
2158 3180 2335 3250 ὑγιὴς
2376 3180 2686 3251 γενέσθαι;
2747 3181 2821 3245 ὡς
2872 3181 2996 3236 οὔτε
3051 3186 3148 3255 τὴν
3202 3184 3526 3257 αἱμορῤοοῦ⁶

264 3306 386 3350 σαν,
418 3284 547 3337 οὔτε
599 3283 692 3336 τὸν
729 3282 948 3352 λεπρδν,
1003 3280 1125 3333 οὕτε
1170 3282 1296 3343 τοὺς
1364 3278 1456 3332 δύο
1500 3278 1734 3348 τυφλοὺς
1808 3276 2185 3349 ἐπηρώτησεν.
2224 3278 2396 3330 Ὅπου
2440 3277 2549 3349 γάρ
2587 3277 2813 3347 ψυχικὸν
2847 3278 2962 3350 ⁴ᾔδει
3018 3279 3208 3344 πάθος,
3244 3282 3517 3352 ἐπερωτᾷ,

267 3376 679 3444 συγκατάθεσιν
725 3373 1044 3443 βουλόμενος
1088 3371 1371 3437 δέξασθαι’
1408 3372 1458 3422 εἰ
1511 3370 1584 3441 μὴ
1628 3370 1837 3442 δέξηται
1881 3368 2298 3437 συγκατάθεσιν,
2330 3369 2472 3421 ῐασιν
2506 3368 2568 3420 οὐ
2603 3369 2855 3439 παρέχει.

340 3466 501 3517 Ἐστι
530 3462 591 3514 δὲ
630 3459 844 3517 πάντως
874 3460 1044 3510 εἰπεῖν
1088 3472 1243 3511 τινα⁶
1277 3458 1341 3509 Τί
1374 3452 1496 3522 οὗν;
1531 3458 1626 3510 καλΙ
1670 3458 1720 3509 οἱ
1747 3456 1840 3509 δύο

2011 3456 2125 3510 Erit
2153 3472 2281 3511 sane
2307 3459 2397 3526 qui
2424 3458 2565 3512 dicat
2594 3475 2608 3511 :
2642 3460 2777 3525 Quid
2826 3460 3028 3530 igitur?
3058 3461 3108 3513 in
3143 3461 3274 3530 ipsis
3308 3463 3514 3517 duobus

268 3557 457 3624 τυφλοὶ
497 3551 783 3622 ἁμαρτιῶν
828 3548 1021 3618 ἔφερον
1065 3546 1386 3618 γνώρισμα,
1436 3547 1518 3599 ὅτι
1564 3546 1845 3608 κάκείνους

269 3645 602 3717 ἐπηρώτησε
630 3641 801 3710 λέγων
832 3642 860 3692 6
891 3639 1113 3710 Κύριος,
1147 3639 1205 3691 Τί
1230 3637 1452 3702 θέλετε,
1488 3639 1586 3690 ἵνα
1617 3637 1846 3705 ποιήσω

268 3738 447 3805 ὐμῖνς
479 3735 573 3805 Μὴ
606 3734 845 3786 κάκεῖνοι
874 3732 924 3783 οἱ
959 3730 1439 3800 ἀναγεγραμμένοι
1463 3732 1519 3783 ὲν
1546 3732 1657 3792 τοῖς
1684 3729 1848 3791 θείοις

270 3824 631 3895 Εὐαγγελίοις
672 3820 764 3873 δύο
791 3820 980 3888 τυφλοὶ
1012 3819 1432 3887 συνετυφλοῦντο
1457 3821 1569 3881 τοῖς
1612 3834 1850 3888 σωματι-

270 3923 385 3982 κοῖς
425 3915 762 3985 ὀφθαλμοῖς,
811 3913 903 3964 καὶ
938 3913 997 3965 τὸ
1029 3911 1257 3981 ψυχικὸν
1308 3910 1526 3981 βλέμμα
1572 3910 1672 3963 οὐκ
1720 3910 1854 3975 ὠξυ-

270 4012 499 4083 δόρκουν
554 4008 686 4077 περὶ
724 4007 816 4058 τὸν
867 4004 1100 4075 Κύριονς
1138 4004 1251 4056 Οὐκ
1297 3998 1441 4073 εἶχον
1497 4003 1707 4056 τελείαν
1752 4003 1849 4075 τὴν

270 4104 497 4170 γνῶσιν,
546 4097 892 4169 ἀμφέϐαλλον
940 4097 1067 4166 περὶ
1114 4095 1213 4166 τὴν
1260 4094 1580 4165 ὁμολογίαν’
1619 4095 1699 4147 διὸ
1758 4096 1851 4147 καὶ

280 4199 309 4248 6
343 4195 551 4263 Κύριος
604 4189 951 4260 ὑπερτίθεται
996 4188 1094 4256 τὴν
1142 4187 1306 4249 ἴασιν,
1337 4188 1423 4240 ἵνα
1469 4186 1709 4258 κρατύνῃ
1754 4187 1852 4257 τὴν

273 4288 478 4339 πίστιν.
508 4285 668 4336 Ἐστι
700 4281 755 4334 δὲ
790 4280 1005 4342 πάντως
1050 4280 1222 4332 εἰπεῖν
1268 4294 1420 4333 τινα.⁸
1468 4278 1852 4349 Καταψηφίζει

273 4381 382 4433 τῶν
434 4375 677 4445 τυφλῶν,
722 4374 904 4426 πιστοὶ
953 4368 1093 4443 ἦσαν
1137 4375 1184 4425 οἱ
1247 4372 1455 4443 ἄνδρες.
1508 4373 1669 4443 Οὐχὶ,
1719 4371 1855 4426 ἀλλὰ

275 4473 437 4541 μόνον
494 4470 733 4539 ἥκουσαν
786 4466 914 4537 [ὅτι]
953 4466 1011 4518 '0
1061 4464 1265 4536 Κύριος
1310 4463 1639 4536 παροδεύει,
1693 4462 1852 4535 [καὶ]

273 4562 509 4631 ἐϐόησαν
565 4558 852 4624 λέγοντες·
897 4553 1187 4621 Ἐλέησον
1260 4552 1445 4621 ἡμᾶς,
1504 4552 1708 4619 Κύριε,
1764 4549 1856 4603 υἱὲ

273 4651 470 4705 Δαϐἰό.
511 4649 638 4711 Πῶς
674 4648 850 4699 τοίνυν
887 4644 1219 4715 ἁμαρτωλοὶ,
1261 4647 1310 4696 οἱ
1351 4643 1554 4713 ταύτην
1600 4644 1698 4712 τὴν
1746 4659 1858 4710 φω-

273 4744 371 4814 νὴν
406 4743 727 4812 βοήσαντες,
758 4739 919 4791 ἄκουε
962 4739 991 4788 6
1031 4735 1345 4803 ἀντιλέγων.
1382 4733 1481 4787 Διὰ
1525 4732 1726 4802 ταύτην
1758 4733 1856 4803 τὴν

1948 3549 2102 3603 caecis
2117 3549 2319 3618 peccati
2345 3550 2704 3619 deprehendit
2730 3553 3010 3617 indicium,
3037 3555 3301 3622 siquidem
3326 3565 3379 3608 et
3402 3557 3521 3610 illus

1947 3639 2301 3707 interrogavit
2324 3640 2603 3705 Dominus,
2630 3642 2815 3696 dicens
2842 3661 2855 3696 :
2890 3643 3028 3707 Quid
3061 3646 3217 3699 vultis
3244 3658 3296 3697 ut
3322 3646 3522 3714 faciam

1947 3732 2087 3786 vobis
2117 3732 2137 3763 ⁸
2160 3733 2183 3785 ?
2210 3731 2347 3785 Num
2370 3732 2444 3785 illi
2467 3734 2572 3787 duo
2609 3734 2868 3803 (περὶ,ρυὶ
2902 3735 2951 3787 in
2976 3734 3171 3790 divinis
3223 3736 3526 3805 Evangeliis

1948 3834 2333 3889 memorantur,
2352 3835 2545 3894 praeter
2557 3839 2893 3879 communem
2916 3826 3211 3880 carnalium
3230 3828 3509 3881 oculorum

1950 3916 2266 3979 ca-citatem,
2302 3914 2599 3984 spiritualis
2627 3916 2790 3970 etiam
2830 3917 2981 3971 visus
3021 3918 3385 3972 inﬁrmitatem
3420 3934 3519 3986 pa-

1951 4005 2245 4071 tiebantur,
2276 4019 2382 4057 non
2413 4003 2569 4071 plane
2598 4019 2716 4072 qum
2750 4006 2816 4057 ad
2853 4005 3137 4059 Dominum
3175 4007 3527 4074 pertinebant

1951 4096 2365 4166 perspicientes?
2401 4092 2707 4151 Perfectum
2750 4097 3114 4167 cognitionem
3166 4114 3271 4151 non
3318 4098 3522 4152 habue-

1952 4198 2118 4253 runt,
2157 4189 2573 4258 ambiguamque
2615 4189 2833 4243 edidere
2863 4189 3293 4257 confessionem;
3330 4206 3523 4260 quam-

1951 4281 2134 4337 obrem
2158 4281 2487 4337 curationem
2512 4282 2689 4337 diﬂ'ert
2719 4283 3000 4347 Dominus,
3028 4291 3085 4336 ut
3123 4284 3333 4337 illorum
3366 4285 3525 4339 [idem

1953 4371 2189 4426 roboret.
2242 4370 2347 4426 Sed
2395 4372 2539 4426 dicet
2588 4372 2784 4440 aliquis
2830 4393 2842 4427 :
2900 4371 3272 4427 Calumniator
3309 4388 3524 4438 caecos;

1953 4463 2055 4516 viri
2092 4463 2234 4517 enim
2266 4473 2419 4518 erant
2448 4463 2649 4519 ﬁdeles.
2687 4462 2947 4519 Minime:
2988 4465 3084 4519 sed
3136 4465 3509 4519 tantummodo

1956 4555 2231 4610 audientes
2271 4556 2395 4623 quia
2430 4556 2688 4609 Dominus
2723 4556 3015 4621 transiret,
3045 4555 3418 4609 clamaverunt
3445 4557 3527 4609 di-

1957 4659 2140 4701 centes
2171 4666 2185 4701 :
2211 4647 2663 4710 Misererenostri,
2688 4646 2934 4711 Domine,
2963 4648 3043 4715 [ili
3098 4647 3274 4702 David
3300 4647 3342 4700 ⁸.
3370 4646 3525 4712 Quis-

1958 4740 2079 4806 quis
2119 4740 2281 4807 igitur
2326 4740 2655 4793 contradicis
2691 4777 2706 4802 ,
2740 4739 2865 4791 audi
2919 4739 3187 4806 quomodo
3217 4747 3527 4808 peccatores

276 4837 486 4905 φωνὴν,
519 4835 591 4903 ἢν
625 4829 845 4901 πρώτην
893 4825 1149 4899 ἕῤῥηξαν,
1190 4827 1282 4878 καὶ
1310 4826 1408 4895 τὴν
1438 4824 1727 4895 ὑπέρθεσιν
1754 4823 1849 4891 τῆς

1958 4833 2087 4894 sint,
2115 4830 2204 4899 qui
2247 4832 2383 4885 hanc
2427 4845 2611 4884 vocem
2644 4830 2896 4884 emisere.
2935 4828 3059 4883 llaec
3099 4830 3210 4898 ipsa
3251 4830 3526 4897 precatio,

281 4930 476 4991 ἰάσεως
523 4929 839 4997 ἐποιήσατο,
894 4922 1080 4992 ἐπειδὴ
1128 4920 1574 4991 παρακαλοῦντες
1640 4919 1849 4987 ἔλεγον

292 5022 585 5088 Ἐλέησον
624 5015 803 5087 ἡμᾶς,
842 5016 934 5068 υἱὲ
973 5013 1167 5068 Δαϐίὸ.
1212 5014 1367 5075 Ποίος
1398 5011 1510 5074 υίὸς
1562 5010 1724 5063 Δαϐὶδ
1768 5027 1857 5061 το-

288 5115 486 5183 σαύτην
522 5111 753 5180 δύναμιν
786 5108 1034 5179 παρέχει,
1063 5104 1384 5177 ἢτοσαύτας
1417 5100 1856 5174 θαυματουργίας

288 5200 571 5269 ἐποίησεν;
609 5199 825 5267 Ὠραῖος
851 5199 881 5250 6
920 5192 1292 5265 ’Λὸεσσαλὼμ,
1330 5192 1466 5245 ἀλλὰ
1495 5192 1857 5263 πατροκτόνος

293 5292 501 5359 ἐφάνησ·
529 5290 765 5357 ποθητὸς
808 5290 837 5340 6
884 5286 1116 5357 ’Δμνὼν,
1144 5284 1279 5337 ἀλλὰ
1319 5284 1416 5355 τὴν
1455 5283 1589 5336 ἰδίαν
1622 5282 1857 5353 ἀδελφὴν

294 5378 554 5452 διέφθειρε
573 5397 587 5409 ·
636 5379 799 5449 σοφὸς
825 5380 855 5431 ὁ
906 5374 1178 5446 Σολομὼν,
1207 5373 1319 5427 ἀλλ’
1350 5375 1429 5438 εἰς
1460 5375 1521 5426 τὸ
1550 5373 1699 5436 τέλος
1734 5373 1859 5425 ὠλί-

304 5468 499 5539 σθησεν.
538 5472 693 5524 Ἐπεὶ
743 5465 838 5522 οὖν
874 5468 948 5531 ὡς
996 5467 1096 5537 υἱῷ
1163 5465 1326 5518 Δαϐὶδ
1385 5464 1711 5537 προσῆλθον,
1764 5464 1858 5517 καὶ

244 5604 251 5607 .
307 5558 578 5629 cla-£16961,
610 5561 874 5634 κραταιὸν
898 5559 1177 5621 δοκοῦντες
1202 5557 1362 5611 αὐτὸν
1394 5558 1489 5610 καὶ
1519 5557 1856 5627 ἐπιστήμονα

372 5759 802 5829 ιιει.ι,ι9,σ.ιο.
884 5758 1096 5813 “Matth
1152 5755 1357 5823 mss.
1439 5754 1734 5811 ‘-ibid.51.

1960 4937 2117 4991 quam
2150 4922 2379 4990 primum
2410 4920 2657 4983 edidere,
2690 4936 2851 4973 causa
2885 4908 3195 4974 differenda:
3231 4922 3527 4974 curationis

1960 5011 2209 5075 exstitit,
2253 5011 2505 5078 quoniam
2555 5009 2840 5063 Dominum
2882 5011 3197 5063 invocantes
3226 5009 3527 5064 dixerunt:

1962 5099 2206 5155 Miserere
2245 5100 2448 5163 nostri,
2469 5098 2549 5165 [ili
2583 5098 2769 5151 David.
2797 5098 2994 5168 Ecquis
3030 5099 3167 5152 lilius
3192 5097 3358 5151 David
3388 5109 3511 5151 tan-

1964 5202 2072 5246 tam
2104 5191 2307 5246 exserit
2330 5190 2651 5259 potentiam,
2680 5200 2937 5256 tantaque
2972 5190 3131 5245 edere
3165 5190 3522 5259 potuitprodi-

1956 5285 2077 5353 gia?
2110 5283 2519 5339 Pulclterrimus
2553 5284 2809 5349 Absalon,
2843 5287 2933 5338 sed
2965 5282 3257 5352 parricida;
3284 5282 3528 5335 amabilis

1956 5378 2187 5440 Amnon,
2218 5378 2313 5430 sed
2340 5376 2572 5445 prepria:
2598 5377 2805 5431 sororis
2847 5386 3165 5445 corruptor;
3190 5375 3406 5440 sapiens
3430 5372 3527 5427 Sa-

1956 5468 2153 5533 lomon,
2179 5468 2274 5522 sed
2304 5468 2355 5521 in
2393 5468 2496 5522 line
2523 5468 2701 5537 lapsus
2732 5477 2835 5522 est.
2882 5468 3146 5534 Quoniam
3190 5480 3321 5535 ergo
3347 5463 3529 5520 Jesum

1956 5568 2321 5616 convenerunt
2343 5560 2446 5616 duo
2475 5562 2626 5627 caici,
2656 5570 2712 5614 ut
2742 5559 2907 5616 lilium
2938 5560 3125 5627 David,
3151 5558 3374 5613 minitne
3399 5570 3531 5613 vero
