4030 6408
445 313 558 372 ζῖἳ

1407 313 1466 369 S.
1506 315 1950 372 AMPlllLOCHll
1989 311 2371 370 ICONIENSIS
2410 315 2721 374 EPISCOPI

3616 318 3720 386 1'23

448 445 507 487 ut
539 435 708 487 Deum
730 473 745 495 ,
789 433 940 487 illum
975 432 1186 486 scilicet
1234 447 1332 503 pro
1363 435 1742 502 potentissimo
1771 436 2030 505 peritissi-

2134 433 2339 506 ίατρδν,
2379 436 2503 505 οὐχὶ
2543 436 2600 490 δὲ
2635 436 2844 501 ἔνδοξον
2878 437 3031 499 Θεὸν,
3065 436 3315 507 βοώντων
3340 438 3450 493 τῶν
3480 440 3718 508 τυφλῶν,

451 541 648 595 tuoque
677 526 890 578 medico
934 524 1196 578 habentes
1216 564 1232 588 ,
1263 525 1456 577 nedum
1489 540 1588 593 pro
1621 526 1729 580 Deo
1751 526 2030 595 gloriosis-

449 617 622 681 simo;
665 617 784 670 ideo
829 616 1187 669 clamantibus
1223 615 1362 680 illis,
1414 614 1663 670 Miserere
1711 617 1898 680 nostri,
1945 617 2026 684 ﬁli

451 705 645 771 David,
689 719 794 759 non
820 705 969 758 dedit
1005 719 1322 774 responsum
1353 745 1368 769 ,
1413 716 1469 758 ut
1497 705 1617 760 ﬁdei
1665 705 1877 761 illorum
1905 721 2030 776 pro-

453 796 672 851 ﬁciendi
712 798 885 852 locum
918 798 1090 852 daret.
1124 796 1416 852 Curatiune
1445 799 1608 868 igitur
1647 798 1920 868 paulisper
1949 800 2030 853 di-

450 889 584 954 luta,
616 905 884 946 caecorum
915 890 1094 944 anima
1141 890 1444 944 illuminata
1477 901 1593 957 est;
1623 903 1678 945 et
1701 892 1862 957 paulo
1885 903 2025 960 post,

451 981 541 1035 ubi
574 981 716 1045 illos,
746 982 1102 1050 spiritualiter
1145 982 1472 1037 illuminatos
1513 983 1634 1038 ﬁdei
1666 983 1836 1038 lucem
1867 998 2029 1039 acce-

453 1073 597 1143 pisse
618 1074 768 1128 novit
811 1075 1092 1140 Dominus,
1129 1075 1597 1144 iuterrogaviteos
1643 1075 1872 1130 dicens:
1900 1075 2029 1130 Cre-

451 1167 581 1220 ditis
607 1168 731 1236 quia
762 1169 1076 1234 hocpossum
1095 1168 1265 1230 facere
1283 1167 1338 1220 '?
1364 1166 1502 1233 Quid
1525 1167 1854 1236 respondent
1872 1167 2025 1234 caeci,

451 1273 679 1326 quorum
703 1259 812 1326 jam
845 1258 977 1314 ﬁdes
994 1258 1334 1328 profecerat?
1360 1259 1562 1321 Etiam,
1590 1260 1809 1314 Domine
1835 1261 1876 1314 ⁸.
1905 1259 2026 1315 Jam

453 1365 561 1402 non
594 1350 796 1413 dicunt,
828 1349 1022 1414 Etiam,
1065 1349 1136 1402 ﬁli
1174 1349 1362 1413 David,
1388 1349 1504 1412 sed,
1537 1350 1744 1415 Etiam,
1779 1348 2024 1403 Domine.

453 1439 532 1494 Ex
560 1440 856 1495 curationis
885 1440 1144 1494 dilatione
1163 1439 1525 1509 sapientiores
1547 1439 1695 1504 facti,
1729 1438 2026 1506 perfectam

450 1530 844 1587 confessionem
868 1531 1027 1586 edere
1052 1529 1327 1596 festinant,
1357 1531 1634 1585 dicentes:
1670 1529 1883 1596 Etiam,
1918 1529 2028 1582 Do-

451 1626 631 1686 mine;
663 1623 933 1677 credimus
975 1623 1102 1692 quia
1148 1623 1250 1677 hoc
1293 1631 1445 1693 potes
1477 1621 1676 1676 facere.
1720 1620 1872 1676 Tunc
1904 1620 2026 1675 ﬁdei

455 1716 668 1768 illorum
721 1713 1022 1784 profectum
1078 1714 1323 1769 indicans
1364 1712 1659 1779 Dominus,
1704 1713 2023 1780 respondit:

2150 522 2438 590 Ἐλέησον
2489 524 2644 594 ἡμᾶς
2667 565 2682 591 ,
2735 526 2830 580 υἱὲ
2883 526 3090 592 Δαϐὶδ,
3139 529 3241 582 οὑκ
3292 527 3490 582 ἔδωκεν
3534 531 3720 597 αὐτοῖς

2133 611 2446 683 ἀπόκρισιν,
2484 615 2572 668 ἵνα
2617 615 2715 686 τὴν
2761 617 2944 668 πίστιν
2994 617 3174 670 αὐτῶν
3216 619 3488 690 προκόψαι
3542 638 3720 692 παρα.

2135 705 2398 778 σκευάσῃ.
2445 707 2537 760 Διὸ
2586 707 2684 778 τὴν
2743 709 3034 780 ὑπέρθεσιν
3066 711 3116 762 oi
3159 711 3352 780 τυφλοὶ
3407 711 3714 783 δεξάμενοι,

2134 799 2275 849 κατὰ
2304 797 2484 868 ψυχὴν
2511 799 2912 872 ἐφωτίσθησαν,
2949 801 3042 855 καὶ
3089 802 3206 872 μετ’
3233 802 3432 871 ὀλίγον,
3466 803 3543 866 ὡς
3577 801 3717 858 εἶδεν

2131 888 2162 938 6
2212 887 2438 958 Κύριος,
2483 890 2564 944 ὅτι
2613 891 2755 945 κατὰ
2805 891 2984 962 ψυχὴν
3033 893 3436 963 ὲφωτίσθησαν,
3469 896 3562 949 καὶ
3599 897 3717 950 ἐδέ-

2135 976 2295 1042 ξαντο
2323 977 2413 1032 τὸν
2440 981 2703 1051 φωστῆρα
2731 983 2830 1052 τῆς
2866 984 3122 1047 πίστεως,
3165 985 3424 1057 ἐπηρώτα
3451 987 3481 1040 6
3513 989 3718 1059 Κύριος

2132 1068 2307 1138 λέγων
2363 1071 2547 1135 αὐτοῖς
2567 1088 2579 1103 ·
2636 1076 2990 1142 Πιστεύετε,
3059 1076 3148 1129 ὅτι
3215 1077 3472 1148 δύναμαι
3538 1081 3716 1135 τοῦτο

2132 1162 2386 1232 ποιῆσαι
2401 1181 2418 1227 ;
2457 1165 2524 1218 Τί
2563 1160 2658 1219 οὖν
2695 1169 2744 1220 οί
2790 1167 3004 1235 τυφλοὶ,
3053 1171 3463 1240 προκόψαντες,
3517 1175 3712 1243 φασίν;

2137 1252 2276 1320 Ναὶ,
2319 1257 2518 1324 Κύριε.
2553 1257 2749 1311 Οὐκέτι
2784 1254 2959 1325 εἷπον,
3010 1261 3150 1328 Ναὶ,
3185 1265 3270 1316 υἱὲ
3318 1265 3509 1318 Δαὸίδ·
3553 1268 3711 1334 ἀλλὰ,

2132 1346 2243 1400 Ναὶ
2267 1386 2283 1409 ,
2333 1350 2532 1416 Κύριε.
2597 1349 3057 1422 ’Υπεμνήσθησαν
3121 1355 3221 1425 τῆς
3285 1357 3584 1429 ἀναϐολῆς,
3630 1360 3716 1415 διδ

2133 1439 2390 1509 παραυτά
2432 1439 2534 1511 τὴν
2584 1443 2876 1513 ὁμολογίαν
2923 1446 3199 1500 ποιοῦνται
3247 1446 3526 1516 λέγοντες·
3567 1451 3708 1517 Ναὶ,

2133 1526 2328 1597 Κύριε,
2356 1529 2701 1600 πιστεύομεν,
2734 1532 2815 1585 ὃτι
2856 1531 3080 1586 δύνασαι
3117 1532 3276 1586 τοῦτο
3309 1535 3548 1605 ποιῆσαι.
3576 1532 3713 1590 Εἶτα

2132 1617 2345 1682 δεικνὺς
2371 1621 2398 1672 6
2432 1620 2656 1692 Κύριος,
2683 1622 2764 1675 ὅτι
2809 1625 2873 1693 τῇ
2917 1623 3097 1677 πίστει
3126 1624 3455 1696 προέκοψαν,
3486 1627 3715 1698 ἀπεκρί-

2133 1728 2260 1764 νατο
2308 1711 2511 1780 λέγων’
2560 1715 2724 1769 Κατὰ
2772 1714 2888 1784 τὴν
2929 1717 3138 1770 πίστιν
3197 1716 3366 1786 ὑμῶν
3409 1718 3714 1786 γενηθήτω

452 1803 750 1858 Secundum
786 1804 943 1872 ﬁdem
972 1816 1193 1858 vestram
1235 1805 1328 1872 ﬁat
1363 1804 1502 1858 vobis
1532 1805 1586 1858 τε
1621 1805 1853 1858 iuuuens
1881 1804 2028 1858 scili-

2134 1801 2294 1870 ὑμῖν,
2338 1803 2436 1869 ὡς,
2483 1805 2532 1857 εί
2568 1806 2643 1876 μὴ
2688 1805 2997 1878 προέκοψαν
3045 1809 3112 1879 τῇ
3167 1808 3380 1871 πίστει,
3413 1808 3474 1861 τὸ
3517 1808 3713 1878 βλέπον

452 1908 576 1960 cet,
608 1911 736 1960 eos,
786 1897 886 1950 nisi
934 1896 1038 1952 ﬁde
1074 1896 1432 1966 profecissent
1458 1935 1473 1960 ,
1521 1909 1626 1949 non
1663 1894 1826 1950 fuisse
1854 1897 2026 1949 visum

453 2001 885 2055 recuperaturos.
940 1987 1230 2056 Propterea
1279 1987 1536 2040 Dominus
1560 2027 1574 2049 ,
1607 1987 1733 2055 quia
1776 1997 2016 2042 nontam

451 2093 680 2147 corpore
705 2093 864 2146 quam
891 2077 1070 2131 auiuta
1092 2073 1399 2131 debilitatus
1415 2077 1630 2146 jacebal
1662 2077 2015 2145 paralyticus,

451 2181 674 2242 prepter
694 2170 1479 2240 peccatorumcorruptionem,
1511 2169 1866 2238 interrogavit
1893 2185 2019 2224 eum

453 2265 639 2318 dicens
663 2278 678 2316 :
709 2261 797 2316 Vis
818 2279 977 2316 sanus
1001 2261 1117 2329 ﬁeri
1139 2261 1160 2313 .7
1190 2260 1523 2330 Paralyticus
1546 2270 1746 2325 autem,
1775 2263 2030 2331 ignorans

452 2356 576 2424 quis
610 2371 730 2411 eum
785 2354 1171 2422 alloqueretur.
1220 2353 1498 2421 respondit
1527 2353 1752 2408 Domino
1786 2355 1968 2410 dicens
2007 2373 2023 2409 :

452 2446 590 2502 Volo
654 2462 823 2502 sanus
869 2445 1005 2500 ﬁeri.
1070 2443 1215 2515 [Sed
1269 2445 1398 2514 quid
1453 2445 1588 2509 dixi,
1675 2445 1802 2500 Volo
1836 2446 1892 2515 Υ]
1929 2445 2020 2501 Be-

454 2557 521 2596 ne
594 2542 892 2608 interroéas
960 2554 1086 2592 num
1125 2537 1320 2604 velim;
1359 2535 1468 2606 jam
1549 2539 1692 2592 enim
1755 2539 1891 2593 velle
1931 2543 2029 2592 de—

451 2634 608 2697 sino,
663 2631 928 2700 siquidem
983 2627 1095 2696 jam
1140 2629 1231 2683 diu
1274 2638 1362 2684 est
1399 2629 1543 2697 quod
1599 2629 1750 2692 volo,
1803 2639 1857 2684 et
1896 2630 2029 2684 nihil

453 2739 572 2778 sum
608 2728 962 2784 consecutus;
1019 2733 1188 2788 quare
1233 2719 1285 2772 id
1325 2718 1463 2773 velle
1503 2735 1838 2787 perseverem
1886 2719 2028 2788 quod

455 2829 561 2868 non
602 2810 984 2882 apprehende?
1023 2809 1155 2865 Volo
1204 2825 1370 2864 sanus
1419 2811 1570 2874 ﬁeri;
1624 2811 1676 2864 iu
1725 2810 1864 2865 lecto
1895 2828 2029 2865 con-

453 2904 648 2969 senui,
708 2903 958 2972 sepulcro
1021 2900 1230 2970 loquaci
1297 2902 1627 2956 assimilatus
1674 2917 1830 2965 sum,
1885 2918 2030 2956 mor-

454 3007 582 3051 tuus
629 3012 747 3051 sum
805 2996 1033 3059 vivens,
1083 2995 1216 3049 nihil
1254 2994 1382 3048 mihi
1434 2993 1586 3062 pejus
1636 2994 1881 3047 accidere
1933 3009 2030 3062 po-

456 3096 598 3153 test;
633 3087 810 3140 thema
833 3085 1122 3154 jurameuti
1144 3087 1392 3139 omnibus
1422 3085 1594 3139 factus
1614 3101 1767 3148 sum;
1804 3086 2022 3154 triginta

455 3191 511 3236 et
533 3194 656 3234 octo
681 3179 936 3234 ellluxere
955 3179 1082 3232 anni
1105 3221 1120 3245 ,
1145 3193 1209 3232 ex
1242 3193 1349 3249 quo
1377 3178 1500 3231 huic
1535 3178 1756 3243 piscium
1781 3178 1992 3232 assideo
2010 3219 2026 3244 ,
2055 3157 2097 3213 δ

454 3284 512 3326 et
561 3288 718 3326 nemo
761 3271 1104 3338 campatitur.
1152 3269 1414 3324 Venditur
1443 3269 1640 3323 donum
1691 3270 1820 3334 Dei,
1863 3284 2029 3340 nego-

455 3365 660 3420 tiantur
684 3363 811 3416 illud
830 3361 1081 3416 Pharisaei
1105 3377 1118 3424 ;
1142 3377 1278 3416 unus
1304 3361 1530 3428 singulis
1547 3361 1704 3416 annis
1721 3373 1962 3426 sanatur,
1976 3371 2032 3416 et

455 3473 580 3511 cum
620 3457 825 3525 primus
864 3456 1056 3509 ordine
1091 3455 1301 3510 caeteris
1332 3453 1571 3523 praeferri
1616 3453 1866 3518 deberet,
1897 3470 2031 3522 pra:-

457 3549 628 3604 l'ertur
657 3548 896 3602 divitior.
929 3549 1093 3602 Abest
1117 3565 1145 3601 a
1181 3547 1384 3616 piscina
1413 3546 1621 3613 justitia
1643 3588 1658 3612 ,
1690 3548 1898 3602 obtinet
1927 3546 2030 3600 iui-

457 3641 658 3709 quitas.
693 3639 981 3710 Numjusta
1002 3638 1288 3709 aliquando
1316 3639 1666 3706 superveniet
1691 3639 2034 3693 administra-

459 3733 570 3797 tio,
605 3743 664 3786 ιιι
723 3747 859 3802 aqua
898 3731 1110 3786 tandem
1156 3731 1560 3785 mercimonium
1620 3746 1740 3786 esse
1783 3733 2030 3796 desinat,

457 3833 511 3876 ct
544 3823 795 3877 oumibus
834 3821 1129 3876 liberaliter
1154 3822 1424 3876 donetur?
1455 3821 1712 3876 Dominus
1755 3833 1934 3876 autem
1965 3823 2032 3876 ad

457 3914 813 3984 paralyticum
865 3931 880 3968 :
931 3913 1210 3978 Quomodo
1260 3914 1420 3967 homo
1459 3913 1549 3966 uni
1601 3915 1886 3984 eidemque
1917 3915 2034 3969 loco

458 4005 646 4060 :iﬁixus
694 4007 758 4058 de
805 4005 890 4058 his
916 4005 1182 4058 disserere
1205 4004 1419 4058 valeat?
1458 4003 1536 4057 En
1569 4020 1656 4059 me
1687 4016 1744 4057 ut
1778 4007 2034 4074 ignoran-

459 4108 567 4153 tem
601 4096 918 4165 alloquitur!
959 4095 1174 4165 Egone,
1211 4095 1432 4162 piscina:
1485 4095 1746 4149 Dominus
1769 4131 1787 4159 ,
1817 4111 1936 4164 qua:
1966 4096 2033 4150 ad

457 4189 604 4244 illam
631 4195 876 4257 spectant
899 4186 1258 4240 nesciverim?
1285 4185 1426 4240 Bene
1454 4187 1578 4240 novi
1605 4185 1910 4242 Judaeorum
1936 4203 2032 4243 ne-

457 4281 838 4354 gotiationem;
874 4282 1225 4350 quamobrem
1261 4279 1381 4334 veni
1414 4280 1679 4349 piscinam
1729 4292 2032 4335 commuta-

461 4385 636 4428 turus.
664 4373 805 4428 Ecce
833 4388 933 4443 ego
978 4373 1123 4427 illam
1172 4372 1397 4434 aboleo,
1437 4373 1645 4442 ipsique
1697 4373 2034 4443 baptismatis

461 4466 732 4520 lavacrum
783 4464 1071 4518 substituo.
1124 4464 1180 4517 la
1221 4464 1312 4517 illa
1363 4478 1504 4518 unus
1543 4467 1828 4534 quotannis
1874 4482 2030 4521 sana-

461 4567 582 4622 tur;
615 4557 666 4607 in
712 4559 812 4608 hoc
845 4554 1112 4608 innumeri
1163 4554 1404 4623 quotidie
1434 4557 1925 4624 regenerabuntur;
1975 4560 2027 4613 in

460 4646 606 4700 illam
638 4645 885 4715 angelum
929 4646 1255 4700 descendere
1287 4645 1456 4714 iussi,
1489 4646 1547 4700 in
1599 4650 1700 4700 hoc
1740 4662 1840 4717 ego
1873 4649 1987 4718 ipse
2011 4693 2026 4714 ,

460 4737 774 4806 angelorum
802 4748 1038 4801 creator,
1065 4737 1338 4793 descendi.
1367 4736 1654 4808 Responde
1676 4738 1842 4810 igitur
1874 4741 2034 4796 inter-

458 4829 666 4899 roganti
701 4846 716 4884 :
761 4828 852 4884 Vis
879 4847 1040 4884 sanus
1068 4832 1185 4900 ﬁeri
1203 4835 1225 4888 ἵ
1252 4832 1303 4886 id
1333 4842 1416 4886 est
1441 4871 1456 4897 ,
1492 4831 1753 4887 Credisne
1782 4836 1924 4904 quod
1955 4844 2034 4888 ta-

459 4921 532 4976 lia
563 4921 745 4978 facere
773 4925 978 4992 possim
1011 4939 1109 4994 ego
1131 4925 1220 4994 qui
1246 4925 1436 4994 loquor
1465 4927 1681 4982 tecum?
1701 4925 2039 4997 Paralyticus

458 5025 639 5069 autem
663 5054 681 5080 ,
710 5024 872 5085 caput
917 5017 1309 5086 aliquantulum
1359 5020 1646 5074 sublevaus
1672 5062 1686 5086 ,
1730 5034 2039 5088 supremam

456 5108 674 5178 quidem
735 5109 942 5164 Domini
989 5119 1310 5180 potestatem
1338 5113 1618 5168 confessus
1652 5122 1774 5176 est;
1808 5112 1902 5167 sed
1942 5127 2035 5166 ve-

461 5213 628 5255 terem
676 5202 1119 5258 consuetudinem
1162 5214 1412 5270 secutus,
1451 5204 1725 5274 reSpondit
1765 5204 2041 5269 :gEtiam,

457 5291 715 5359 Domine;
755 5292 1034 5347 Hominem
1065 5310 1166 5348 non
1195 5295 1381 5360 habeo,
1410 5308 1463 5350 ut
1492 5313 1611 5350 cum
1637 5296 1850 5350 turbata
1883 5295 2045 5363 fuerit

456 5403 614 5455 aqua,
643 5389 814 5441 mittat
849 5405 930 5442 me
969 5389 1025 5442 in
1062 5389 1352 5457 piscinam;
1383 5393 1507 5441 dum
1554 5391 1700 5444 venio
1742 5389 1880 5441 enim
1916 5403 2041 5456 ego,

529 5543 893 5611 'Matth.1x,
930 5542 1019 5597 28.
1097 5540 1276 5600 “Vl.
1379 5544 1668 5601 ’ibid.‘29.

540 5702 652 5772 (ει)
688 5704 1054 5772 Βαμϐαίνεις.
1082 5703 1324 5758 ιοτὲεοη.
1355 5704 1930 5773 ἱιιριΙὶι.εΒαμ6αἰνει·
1969 5701 2047 5756 διο

463 5776 648 5839 στάζει
675 5816 689 5843 ,
729 5776 918 5847 τρέμει
953 5778 1065 5838 τοῖς
1114 5776 1266 5840 ποσὶ,
1328 5777 1420 5830 καὶ
1463 5779 1526 5846 τῇ
1561 5774 1777 5846 γλώσσῃ
1815 5777 2043 5845 ἀσήμως

2127 1893 2228 1945 οὐκ
2274 1892 2536 1963 ἐδέχοντο.
2589 1895 2688 1948 Διὰ
2737 1895 2896 1948 τοῦτο
2948 1897 3042 1950 καὶ
3116 1897 3351 1950 ἐνταῦθα
3395 1898 3424 1950 6
3470 1899 3710 1969 Κύριος,

2129 1983 2318 2054 ἐπειδὴ
2354 1986 2382 2036 6
2415 1985 2728 2054 παράλυτος
2775 1987 2976 2057 μᾶλλον
3023 1987 3272 2058 ψυχικῶς
3314 1985 3381 2060 ἦν
3430 1989 3713 2061 ὲξηρθρω-

2132 2076 2313 2145 μένος,
2349 2080 2415 2147 τῇ
2449 2079 2558 2130 τῶν
2604 2079 3019 2150 ἁμαρτημάτων
3060 2082 3413 2153 καταφθορᾷ,
3450 2082 3715 2154 ἐπηρώτα

2125 2169 2315 2222 τοῦτον
2357 2172 2386 2222 ὁ
2417 2169 2618 2242 Κύριος
2651 2171 2827 2240 λέγων
2851 2189 2865 2203 ⁸
2918 2172 3123 2239 Θέλεις
3168 2173 3348 2243 ὑγιὴς
3400 2173 3713 2243 γενέσθαι;

2140 2258 2198 2310 '0
2240 2259 2296 2312 δὲ
2343 2261 2670 2331 παράλυτος,
2703 2262 2777 2333 μὴ
2810 2263 2965 2326 εἰδὼς
2996 2263 3094 2326 ἔτι,
3125 2265 3212 2328 τίς
3264 2267 3412 2317 ἐστιν
3454 2267 3482 2317 ὁ
3511 2264 3710 2328 λαλῶν,

2129 2349 2466 2420 ἀπεκρίνατο
2519 2351 2656 2422 πρὸς
2702 2349 2792 2405 τὸν
2856 2352 3059 2424 Κύριον
3108 2353 3312 2421 λέγων’
3353 2354 3504 2407 Θέλω
3551 2355 3712 2424 ὑγιὴς

2127 2440 2412 2509 γενέσθαι’
2462 2441 2644 2504 καλῶς
2702 2442 3065 2514 ἐπηρώτησας
3137 2443 3252 2515 [εί]
3311 2444 3480 2497 θέλω’
3529 2445 3715 2498 οὐκέτι

2128 2534 2238 2604 γὰρ
2286 2535 2456 2587 θέλωο
2495 2533 2787 2587 πολλοστὸν
2839 2537 2950 2604 γὰρ
2997 2535 3262 2606 θελήσας,
3299 2535 3449 2588 οὐδὲν
3503 2536 3710 2605 ᾕνυσαο

2126 2625 2178 2676 τί
2210 2626 2394 2678 λοιπὸν
2428 2625 2586 2689 θέλω,
2619 2626 2648 2678 ὃ
2689 2627 2750 2678 οὑ
2802 2626 3100 2696 λαμϐάνως
3147 2627 3299 2680 Θέλω
3351 2627 3510 2698 ὑγιὴς
3558 2627 3715 2694 γενέ·

2131 2715 2276 2778 σθαι,
2324 2720 2678 2788 κατεγήρασα
2707 2720 2772 2788 τῇ
2822 2718 2998 2790 κλίνῃ,
3031 2719 3201 2788 τάφος
3234 2720 3352 2790 εἰμὶ
3397 2719 3714 2785 πολύλαλος,

2126 2809 2366 2880 τέθνηκα
2426 2809 2556 2874 ζῶν,
2595 2809 2749 2862 οὐδὲν
2792 2811 3108 2882 καινότερον
3166 2811 3455 2880 ὑπομένειν
3510 2811 3717 2882 μέλλω.

2128 2899 2289 2969 ὅρκον
2328 2900 2395 2969 μέ
2429 2899 2630 2962 πάντες
2667 2897 3060 2969 λαμϐάνουσιν·
3097 2898 3391 2969 τριάκοντα
3431 2899 3526 2950 καὶ
3567 2895 3716 2950 ὀκτὼ

2130 2991 2224 3061 ἐτη
2280 2991 2389 3062 ἔχω
2440 2992 2774 3062 παραμένων
2827 2993 2894 3061 τῇ
2947 2990 3334 3061 κολυμϐήθρᾳ,
3398 2990 3490 3042 καὶ
3540 2990 3717 3054 οὐδεὶς

2132 3080 2421 3150 συμπαθεῖ.
2497 3081 2878 3150 Πιπράσκεται
2932 3081 2994 3134 τὸ
3057 3080 3253 3152 δῶρον,
3315 3080 3720 3150 καπηλεύουσιν

2131 3170 2281 3240 αὐτῷ
2311 3170 2622 3241 Φαρισαίων
2657 3172 2877 3235 παῖδες’
2920 3166 3000 3234 εἷς
3049 3171 3126 3242 τῷ
3179 3171 3409 3242 ἐνιαυτῷ
3459 3171 3721 3243 καθαίρει

2130 3280 2241 3324 ται,
2269 3264 2382 3325 καὶ,
2423 3263 2541 3316 δέον
2580 3265 2674 3317 τὸν
2703 3265 2918 3334 πρῶτον
2964 3265 3368 3336 προτιμᾶσθαι,
3411 3267 3440 3318 ὁ
3473 3265 3721 3336 εὐπορώ-

2131 3372 2287 3426 τερος
2322 3355 2501 3408 τοίνυν
2551 3358 2941 3428 προκρίνεταιο
2995 3356 3219 3428 ἄκριτος
3266 3359 3299 3427 ή
3339 3357 3720 3428 κολυμσήθρα,

2131 3448 2291 3502 ἄδικα
2319 3449 2389 3500 τά
2422 3449 2697 3517 παρόντασ
2731 3447 2840 3521 ἆρα
2873 3449 3028 3502 ἔσται
3079 3451 3350 3521 ἐπισκοπή
3398 3467 3480 3512 τις
3509 3449 3719 3515 δικαία,

2135 3542 2220 3594 ἵνα
2253 3541 2327 3612 μὴ
2359 3543 2420 3594 τὸ
2459 3542 2602 3613 ὕδωρ
2647 3543 3047 3614 καπηλεύηται,
3083 3541 3218 3596 ἀλλὰ
3261 3543 3425 3594 πᾶσιν
3471 3541 3722 3609 ἀφθόνως

2132 3634 2379 3700 δίδωται;
2421 3635 2478 3687 '0
2509 3634 2567 3687 δέ
2604 3635 2808 3704 Κύριος
2853 3635 2992 3706 πρὸς
3033 3635 3126 3686 τὸν
3168 3634 3511 3705 παράλυτον·
3548 3633 3612 3687 Τί
3661 3635 3724 3688 ἐν

2133 3728 2214 3780 ἐνὶ
2265 3728 2416 3798 τόπῳ
2472 3726 2872 3797 κατακείμενος
2914 3724 3137 3789 πελάζει
3180 3724 3260 3796 τῷ
3311 3724 3591 3796 λογισμῷ;
3631 3724 3724 3788 '0;

2133 3819 2412 3888 ἁγνοοῦντί
2445 3837 2536 3890 μοι
2576 3819 2841 3887 διαλέγει.
2877 3818 2991 3888 Τῆς
3033 3818 3417 3889 κολυμϐήθρας
3450 3817 3722 3883 δεσπόζω,

2135 3913 2230 3966 καὶ
2279 3913 2380 3966 οὐκ
2428 3909 2547 3966 οἶδα
2581 3912 2651 3966 τὰ
2700 3913 3002 3982 γινόμενα;
3053 3913 3269 3980 Ἔγνων
3313 3912 3414 3982 τὴν
3451 3911 3726 3964 Ἰουδαίων
3765 3901 3773 3922 ³

2142 4006 2559 4078 πραγματείαν;
2601 4003 2702 4058 Διὰ
2743 4004 2904 4058 τοῦτο
2957 4004 3342 4074 παρεγενόμην
3396 3999 3727 4067 ἀνταλλάξαι

2132 4100 2234 4170 τὴν
2275 4098 2682 4170 κολυμϐήθραν,
2712 4099 2809 4151 καὶ
2856 4096 2951 4150 νῦν
3001 4097 3205 4168 ταύτην
3254 4096 3434 4160 παύω,
3489 4096 3585 4148 καὶ
3623 4095 3727 4166 τὴν

2133 4189 2226 4242 τοῦ
2279 4189 2648 4259 βαπτίσματος
2693 4189 2914 4258 ἀνοίγω.
2957 4190 3048 4242 Ἔν
3097 4187 3272 4262 ταύτῃ
3321 4182 3402 4251 εἷς
3446 4189 3565 4240 κατ’
3606 4186 3730 4252 ἔτος

2135 4282 2478 4353 καθαίρεται,
2516 4283 2635 4336 ἐκεῖ
2670 4281 3034 4353 ἀναρίθμητοι
3066 4280 3190 4335 καθ’
3226 4282 3463 4350 ἑκάστην
3495 4280 3730 4347 ἀναγεν-

2134 4375 2458 4446 νηθήσονται
2480 4389 2494 4406 ο
2533 4375 2590 4427 ἐν
2624 4373 2798 4446 ταύτῃ
2835 4373 3065 4441 ἄγγελον
3095 4371 3412 4431 ἀπέστειλα,
3443 4373 3502 4422 ἐν
3541 4370 3730 4442 ἐκείνῃ

2061 4500 2106 4556 D
2138 4467 2248 4536 ἐγὼ
2279 4468 2306 4519 6
2335 4467 2444 4521 τῶν
2476 4467 2726 4536 ἀγγέλων
2758 4465 2987 4535 ποιητὴς
3021 4463 3309 4534 κατῆλθον.
3335 4461 3428 4516 Διὸ
3459 4463 3598 4534 πρὸς
3627 4461 3731 4532 τὴν

2133 4557 2400 4630 ἐρώτησιν
2454 4558 2822 4629 άποκρίθητι·
2885 4555 3089 4621 Θέλεις
3158 4554 3338 4625 ὑγιὴς
3408 4554 3730 4624 γενέσθαις

2131 4645 2408 4711 τουτέστι,
2458 4646 2762 4709 Πιστεύεις,
2794 4646 2877 4698 ὅτι
2907 4647 2964 4697 ἐν
3015 4643 3226 4707 τούτοις
3275 4643 3503 4706 δυνατός
3546 4643 3662 4713 εἰμι
3702 4643 3734 4695 6

2137 4738 2314 4792 λαλῶν
2351 4757 2464 4807 σοι;
2507 4738 2566 4791 '0
2591 4738 2648 4793 δὲ
2687 4737 3020 4810 παράλυτος,
3055 4737 3251 4808 μικρὸν
3280 4734 3604 4797 άνανεύσας,
3635 4736 3734 4787 καὶ

2142 4835 2242 4904 τὴν
2285 4831 2724 4905 δεσποτείαντοῦ
2766 4831 2973 4900 Κυρίου
3017 4830 3312 4899 γνωρίσας.
3345 4831 3410 4899 τῇ
3461 4825 3726 4898 συνηθείᾳ

2147 4927 2227 4978 ἔτι
2266 4923 2640 4994 συνεχόμενος,
2685 4922 3020 4993 ἀπεκρίνατο
3057 4921 3250 4989 λέγων,
3287 4919 3432 4990 άπερ
3474 4919 3588 4970 ῐστε
3635 4934 3733 4971 σα-

2151 5019 2265 5087 φῶς
2327 5015 2720 5084 γινώσκοντες’
2773 5015 2918 5074 Ναὶ.
2978 5013 3186 5083 Κύριε,
3241 5012 3556 5080 ἄνθρωπον
3617 5011 3734 5065 οὐκ

2150 5109 2286 5176 ἔχω,
2315 5108 2435 5169 ἵνα,
2465 5106 2610 5158 ὅταν
2632 5105 2896 5174 ταραχθῇ
2921 5105 2986 5159 τὸ
3011 5105 3187 5172 ὕδωρ,
3218 5103 3382 5171 βάλῃ
3403 5103 3480 5172 μὲ
3503 5105 3592 5167 εἰς
3617 5101 3734 5169 τὴν

2154 5199 2606 5268 κολυμϐήθραν-ο
2640 5200 2711 5252 ἐν
2743 5192 2790 5264 ᾧ
2813 5198 2881 5251 δὲ
2918 5199 3163 5267 ἔρχομαι
3205 5197 3338 5266 ἐγὼ,
3384 5197 3575 5260 ἄλλος
3615 5194 3732 5262 πρὸ

2152 5295 2296 5364 ἐμοῦ
2329 5295 2686 5347 καταϐαίνει.
2724 5293 2782 5346 Ὀ
2813 5291 2870 5344 δέ
2917 5290 3120 5360 Κύριος
3154 5289 3290 5359 πρὸς
3338 5288 3430 5340 τὸν
3484 5285 3731 5358 παράλυ-

2154 5404 2272 5440 τον’
2317 5387 2383 5440 Τί
2415 5386 2735 5458 βαμϐαίνεις
2765 5384 2906 5455 (24),
2955 5381 3268 5454 παράλυτε;
3323 5381 3510 5449 Ἀρκεί
3558 5395 3638 5430 σοι
3668 5375 3734 5430 τὸ

2155 5698 2598 5778 φθέγγεταιο.ὑπδ
2622 5697 2825 5778 ’ἐρόμοὲ
2857 5695 2982 5778 ἢκῆῖ
3011 5691 3153 5778 ῗΡδί,
3172 5685 3738 5778 δδθξῖφςιηὲᾒέἑῗ

2154 5751 2528 5844 ἔάέςὸρἁἑῶὴ
2554 5751 2736 5822 ποδῶν
2754 5765 2862 5818 τῶν
3006 5751 3222 5833 ἑδραίαν
3261 5761 3359 5830 τὴν
3385 5756 3558 5828 φυγὴν
3587 5751 3734 5823 ἐχόνο
