4030 6408
421 386 526 442 155

1597 371 1902 428 DIDYMUS
1939 368 2500 426 ALEXANDRINUS.

3568 369 3674 427 150

418 506 615 562 suisse.
640 503 699 557 In
733 499 1007 556 anitnadv.
1034 515 1068 553 ν
1097 497 1304 566 reliqua
1340 494 1550 566 Didymi
1579 495 1737 548 Alex.
1769 494 1992 563 scripta.
2023 501 2066 553 Α
2093 499 2302 561 dgmus,
2333 491 2486 559 cujus
2515 490 2767 544 amicitiis
2796 505 2962 554 nuper
2991 489 3073 543 usi
3098 503 3304 554 sumus,
3347 488 3412 542 ab
3449 503 3510 542 eo
3557 487 3674 542 loco

419 597 617 668 partim
659 594 826 656 edita,
858 591 1052 658 partim
1104 589 1302 643 inedita
1347 587 1525 641 adhuc
1562 585 1874 656 perlustrat.
1937 583 1993 637 lu

425 688 794 743 additamento
843 681 1130 750 respondet
1195 693 1464 746 anonymo
1521 677 1733 731 cuidam
1794 674 1993 728 Roma-

418 780 596 842 nensi,
630 777 718 846 qui
751 777 802 829 in
837 794 850 829 :
878 773 1096 828 Gazette
1137 770 1395 824 litteraire
1439 768 1503 821 de
1537 767 1806 832 l‘Europe,
1865 780 1994 818 anu.

421 870 582 932 1764,
613 869 863 922 evincere
910 864 1135 928 studuit,
1189 861 1385 915 librum
1427 859 1585 912 istum
1631 857 1771 911 baud
1813 854 1995 925 profe-

421 972 566 1016 ctum
595 972 712 1012 esse
738 974 766 1010 a
794 955 1018 1025 Didymo
1053 954 1230 1008 (ἷωοο.
1255 951 1412 1005 (Jour.
1448 950 1632 1017 longas
1652 961 1912 1001 censuras
1943 947 1995 998 in

424 1047 585 1102 Novis
610 1057 713 1099 act.
745 1044 1019 1107 eruditor.,
1057 1041 1204 1110 Lips.
1241 1056 1385 1094 men.
1414 1037 1536 1092 Jun.
1571 1037 1864 1106 l7ti8,pag.
1892 1035 1997 1089 218

424 1156 572 1208 sqq.;
597 1150 648 1191 et
680 1134 1014 1212 (Scltroeckb
1044 1133 1063 1202 )
1099 1134 1149 1187 in
1178 1131 1331 1185 Nova
1363 1129 1486 1183 bibl.
1517 1129 1696 1194 tlieol.,
1730 1137 1857 1182 tom.
1887 1127 1995 1190 VII,

423 1228 743 1299 Lips.l766,
771 1230 824 1292 8,
850 1235 988 1294 part.
1017 1240 1089 1290 iv,
1111 1240 1161 1292 p.
1190 1222 1458 1286 503-3”;
1488 1231 1649 1288 atque
1673 1218 1995 1275 Schroeckli.

425 1325 477 1376 in
519 1321 662 1374 Hist.
690 1321 818 1371 ἀίει.
849 1316 1069 1380 Clarist.,
1109 1314 1214 1379 Vll,
1240 1329 1294 1383 p.
1326 1314 1418 1368 85.
1439 1311 1721 1366 —-Lucem
1751 1311 2000 1364 viderunt

430 1410 638 1480 Didymi
687 1409 810 1461 libri
862 1418 965 1460 tres
1013 1407 1076 1460 de
1136 1403 1413 1465 Trinitate,
1476 1418 1506 1455 a
1563 1401 1722 1458 Joan.
1781 1399 2001 1470 Aloysio

426 1499 759 1570 Mingarello,
791 1497 885 1553 Gr.
911 1506 963 1550 et
997 1495 1116 1549 Lat.
1147 1495 1378 1555 Bouon.,
1413 1493 1577 1556 1769,
1601 1491 1694 1546 fol.
1739 1491 1803 1546 V.
1827 1490 1998 1544 Mauri

427 1590 556 1642 Boni
595 1587 742 1657 Dein
794 1587 968 1639 autori
1001 1584 1232 1647 classici,
1273 1581 1490 1636 Bibliot.
1543 1580 1808 1649 portatile,
1868 1591 1999 1647 etc.,

423 1689 565 1749 part.
602 1694 640 1741 ι,
671 1679 858 1732 Venet.
891 1677 1046 1739 1793,
1078 1691 1197 1745 pag.
1225 1675 1352 1729 987.
1379 1673 1547 1728 ΙΙΑιιι..

637 1769 796 1823 SCRI
812 1767 943 1820 PTA
1016 1765 1288 1820 DIDYMI
1343 1763 1788 1820 DEPERDITA.

2097 585 2184 636 ubi
2211 583 2468 650 scriptum
2508 593 2584 635 est
2617 583 2834 648 (suis,
2880 581 2966 649 15)
3000 598 3012 632 :
3049 579 3438 641 Consolamini.
3475 593 3673 633 conso-

2101 673 2288 727 latniui
2321 673 2573 743 populum
2600 687 2799 735 meum,
2822 669 3158 735 sacerdotes,
3181 670 3460 739 loquimini
3493 671 3558 724 ad
3581 685 3678 723 cor

2095 763 2414 830 Jerusalem,
2452 779 2613 834 usque
2638 763 2707 816 ad
2743 763 2900 830 ﬁnem
2939 763 3242 825 uoluminis,
3277 763 3451 815 decem
3479 770 3529 815 et
3561 770 3675 813 octo

2096 857 2260 908 edidit
2295 866 2482 909 tomos.
2515 853 2756 908 Meminit
2781 863 2835 907 et
2880 855 3056 922 capite
3087 852 3191 907 109
3222 850 3464 922 Catalogi
3496 861 3551 906 et
3580 849 3674 903 Ni-

2099 949 2363 1016 Ct‘pllOl‘llS
2404 963 2483 1010 is,
2527 947 2614 999 17.
2664 944 2808 1000 Citat
2841 944 3208 999 Damascenus
3253 944 3496 1012 pluribus
3543 943 3675 998 locis

2100 1036 2254 1092 Sacr.
2289 1035 2536 1104 parallel.
2567 1051 2687 1106 pag.
2720 1036 2846 1099 507,
2879 1035 3004 1099 5H,
3033 1035 3156 1099 677,
3191 1033 3313 1100 721,
3351 1035 3476 1090 781.

2170 1128 2236 1182 1η
2287 1126 2573 1181 Jeremiam
2627 1127 2762 1180 citat
2819 1137 3008 1180 catena
3047 1125 3388 1180 Ghisleriana
3445 1134 3576 1180 tom.
3632 1125 3671 1188 1,

2102 1233 2223 1288 pag.
2255 1217 2356 1282 39;
2403 1226 2532 1270 tom.
2567 1216 2631 1280 ll,
2662 1232 2784 1285 pag.
2813 1217 2938 1280 704,
2978 1216 3103 1269 755.

2171 1307 2238 1361 1η
2267 1307 2456 1362 Oscam
2487 1308 2607 1360 libri
2641 1305 2760 1374 ΙΙΙ,
2792 1308 2859 1360 ad
2890 1306 3273 1377 Hieronymum
3297 1307 3504 1376 scripti,
3535 1318 3669 1364 teSIe

2101 1399 2218 1467 ipso
2257 1397 2581 1467 Hieronymo
2618 1412 2736 1465 cap.
2768 1395 2870 1452 109
2905 1396 2978 1450 De
3007 1394 3066 1451 S.
3099 1395 3165 1450 Ε.
3205 1405 3259 1452 et
3291 1398 3542 1466 Apologia
3585 1398 3669 1451 ul-

2101 1493 2228 1543 tima
2253 1491 2304 1542 in
2326 1488 2504 1556 Ruﬁn.
2558 1503 2613 1556 ι).
2647 1487 2770 1552 166,
2811 1496 2867 1542 et
2909 1485 3144 1542 Prooem.
3181 1487 3236 1540 in
3275 1489 3462 1542 Oscam
3492 1499 3540 1542 et
3565 1487 3672 1541 Zao

2101 1582 2359 1635 cltariam.
2404 1581 2548 1636 Citat
2576 1577 2940 1633 Damascenus
2976 1579 3028 1631 in
3065 1576 3367 1644 Parallelis,
3400 1594 3522 1648 pag.
3549 1577 3672 1635 778.

2103 1670 2416 1740 Hieronymi
2457 1671 2622 1723 verba
2655 1683 2722 1722 ex
2762 1667 3036 1723 Promttiio
3071 1670 3125 1722 in
3173 1669 3364 1723 Oscam
3403 1671 3676 1725 ascribere

2102 1762 2277 1832 placet
2300 1779 2313 1815 :
2342 1760 2476 1814 Ante
2504 1776 2670 1813 annos
2701 1759 2911 1812 circiter
2938 1760 3121 1828 uiginti
3149 1760 3281 1814 duos
3302 1801 3317 1826 ,
3363 1777 3481 1814 cum
3511 1778 3673 1816 essem

498 1859 830 1931 Συγγραφέα
857 1869 908 1912 et
945 1874 1223 1913 sacrorum
1248 1859 1611 1927 expositorem
1644 1858 1996 1927 scriptorum.
2025 1840 2074 1900 B
2101 1851 2457 1914 Alexandria,
2489 1851 2592 1904 vidi
2621 1849 2907 1920 Didymum
2931 1860 2976 1904 et
3001 1866 3118 1904 eum
3145 1851 3442 1920 frequenter
3468 1853 3674 1917 audiui,

429 1953 520 2019 qui
555 1955 750 2006 multos
790 1951 849 2006 S.
882 1950 1170 2020 Scriptura:
1202 1949 1369 2004 libros
1407 1949 1775 2018 explicaverit,
1823 1949 2003 2002 laudat

431 2043 697 2096 Palladius
725 2043 776 2096 in
804 2043 1064 2096 Lausiaca
1093 2042 1111 2109 (
1141 2057 1264 2111 pag.
1300 2042 1368 2096 15
1389 2042 1521 2097 edit.
1555 2042 1774 2097 Meursii
1796 2041 1837 2110 ),
1864 2052 1918 2094 et
1948 2040 2000 2094 in

439 2132 576 2186 Vitis
607 2131 827 2185 Patrum
859 2133 1149 2197 Rosweidi,
1192 2146 1313 2200 pag.
1344 2131 1468 2186 751.
1501 2131 1642 2198 Quin
1672 2132 1722 2185 in
1759 2131 2002 2186 Heracli-

431 2227 517 2279 dis
549 2222 806 2276 Paradiso
841 2222 936 2285 (in
973 2222 1161 2276 iisdem
1199 2220 1354 2284 Vitis,
1385 2237 1505 2291 pag.
1553 2221 1693 2282 710)
1734 2221 1877 2292 legas
1903 2221 2004 2276 Te-

433 2323 758 2370 stamentum
791 2311 958 2367 Vetus
997 2327 1061 2367 ac
1094 2311 1298 2367 Novum
1327 2314 1394 2367 ad
1421 2313 1643 2368 verbum
1679 2312 2002 2382 interpreta-

435 2417 546 2460 tum
577 2419 718 2465 esse.
753 2413 928 2458 sectas
960 2413 1138 2458 autem
1174 2417 1362 2458 omnes
1393 2416 1500 2456 tam
1528 2403 1797 2458 subtiliter
1826 2403 1995 2456 ﬁrmi-

439 2507 645 2565 terque,
687 2494 928 2564 exposita
961 2507 1122 2561 super
1154 2493 1297 2561 ipsas
1324 2493 1535 2547 ratione
1568 2492 1916 2554 disseruisse,
1947 2503 2004 2546 ut

427 2587 676 2642 omnium
723 2586 1006 2641 scientiam
1044 2593 1288 2639 veterum
1324 2583 1683 2654 peritiamque
1723 2585 1999 2640 transiret.

435 2678 610 2746 Hujus
641 2677 894 2748 aliquanti
941 2676 1113 2742 dicta,
1167 2677 1340 2744 inquit
1367 2675 1596 2730 Ruﬁnus
1626 2675 1721 2729 lib.
1767 2692 1820 2730 ιι
1857 2675 2000 2732 Hist.

434 2770 639 2830 eccles.,
673 2780 792 2834 cap.
828 2765 884 2827 7,
922 2768 1002 2818 uel
1034 2765 1375 2818 communiter
1407 2765 1675 2832 disputata
1706 2765 1783 2818 vel
1815 2781 2003 2832 propo-

437 2856 674 2911 nentibus
729 2869 1012 2922 responsa,
1069 2855 1318 2908 adhibitis
1365 2855 1592 2908 notariis
1643 2856 2002 2924 descripsere.

434 2965 554 3017 quia
597 2949 752 3002 etiam
788 2961 924 2998 nunc
969 2947 1027 2998 in
1081 2961 1272 3014 magna
1325 2947 1679 2999 admiratione
1727 2947 2004 3002 habentur.

439 3039 552 3093 Nos
590 3050 782 3101 tamen,
819 3039 907 3107 qui
935 3050 982 3090 et
1019 3040 1142 3092 vitia:
1185 3039 1323 3090 vocis
1369 3037 1482 3106 ejus
1525 3053 1590 3092 ea:
1637 3051 1782 3105 parte
1833 3041 2005 3108 aliqua

439 3131 633 3200 fuimus
663 3128 963 3186 auditores.
989 3137 1036 3179 et
1076 3143 1158 3189 ca,
1191 3141 1308 3194 qua:
1337 3143 1368 3179 a
1414 3127 1678 3181 nonnullis
1721 3129 1920 3182 dicente
1946 3145 2004 3181 eo

437 3221 731 3288 descripta,
776 3218 1031 3287 legimus;
1061 3217 1210 3285 longe
1240 3215 1492 3285 majorem
1525 3219 1749 3286 gratiam
1791 3229 1838 3270 et
1872 3219 2006 3271 divi-

441 3329 565 3366 num
614 3312 783 3365 nescio
814 3310 970 3380 quid,
1003 3325 1064 3362 ac
1092 3325 1250 3377 supra
1278 3308 1561 3362 humanam
1587 3325 1760 3362 vocem
1788 3324 2005 3373 sonans,

440 3404 495 3456 in
525 3402 629 3456 illis
661 3403 825 3472 magis
856 3401 1198 3464 sermonibus,
1231 3400 1319 3470 qui
1361 3401 1423 3454 de
1453 3415 1540 3454 ore
1573 3400 1734 3470 ipsius
1773 3401 2008 3470 profere-

442 3493 653 3558 bantur,
685 3492 1040 3561 cognouimus.

510 3585 613 3650 Εἰς
639 3583 745 3636 τὸν
768 3581 898 3637 Λὼτ
925 3583 1021 3636 καὶ
1053 3582 1159 3636 τὸν
1179 3581 1375 3637 Δαϐίδ.
1415 3583 1557 3637 Citat
1605 3581 1761 3639 Joan.
1814 3583 2010 3640 Dama-

443 3693 634 3734 scenus
654 3680 703 3731 in
734 3677 913 3734 Sacris
945 3675 1238 3743 Pat'allclis,
1268 3692 1384 3748 pag.
1409 3678 1677 3742 789,10").
1707 3676 1748 3732 ll
1771 3676 1905 3748 Opp.

515 3769 580 3824 In
609 3769 801 3823 Jobunt
848 3771 1230 3826 commentarii.
1281 3768 1500 3826 Hieron.
1545 3785 1664 3838 cap.
1709 3770 1810 3825 109
1849 3769 2012 3825 Cata-

444 3861 568 3930 logi.
598 3859 918 3928 Fragmenta
953 3859 1177 3926 plurima
1215 3858 1268 3912 in
1315 3867 1502 3912 catena
1532 3857 1751 3912 Patrum
1797 3857 2015 3914 Grch-

446 3967 567 4004 rum
607 3951 672 4003 ad
701 3949 820 4004 Jobi
853 3949 1068 4002 librum.

517 4041 707 4108 Λόγος
733 4041 821 4104 εἰς
867 4037 975 4092 τὸν
1034 4037 1180 4093 Ἰὼϐ.
1233 4039 1590 4095 Damascenus
1629 4041 1683 4095 in
1739 4037 2014 4107 Parallel.,

445 4148 568 4202 pag.
607 4133 730 4188 789.

523 4222 896 4277 Commentarii
927 4221 981 4274 in
1015 4219 1256 4275 Psalmos
1283 4237 1480 4276 omnes.
1509 4219 1729 4276 llieron.
1764 4236 1883 4290 cap.
1919 4221 2019 4276 109

448 4311 785 4380 Catalogi,[et
800 4312 957 4379 epist.
977 4309 1046 4364 89
1064 4311 1128 4364 ad
1143 4312 1452 4381 Augustin.;
1490 4311 1820 4379 Nicepliorus
1841 4327 1914 4376 ix,
1931 4312 2018 4366 17.

448 4400 769 4470 Fragmenta
816 4401 952 4455 bene
999 4400 1168 4454 multa
1202 4400 1255 4454 in
1289 4409 1476 4455 catena
1517 4401 1580 4455 ad
1611 4400 1850 4458 Psalmos
1887 4402 2022 4457 Cor-

450 4493 701 4556 deriana;
729 4499 782 4546 et
815 4493 866 4546 in
891 4493 1049 4548 codd.
1077 4502 1316 4550 catenar.
1343 4494 1393 4546 in
1436 4493 1696 4548 Psalmos.

523 4581 589 4634 In
622 4581 925 4637 Proverbia.
957 4583 1311 4638 Cassiodorus
1335 4598 1457 4652 cap.
1489 4583 1522 4637 5
1560 4583 1803 4638 lnstitut.
1854 4585 2013 4638 divin.

452 4672 558 4734 lit.,
593 4673 648 4725 in
699 4689 798 4746 quo
835 4673 970 4727 libro
1018 4673 1299 4743 Didymum
1341 4675 1682 4742 expositorcm
1731 4677 1788 4727 in
1833 4673 2018 4728 Cra-ca

452 4763 630 4834 lingua
664 4766 944 4834 reperimus
967 4805 982 4830 ,
1031 4768 1118 4834 qui
1145 4767 1209 4818 ab
1237 4766 1407 4818 amico
1443 4776 1619 4819 nostro
1650 4766 1758 4819 viro
1785 4767 2020 4820 disertis-

452 4856 586 4911 simo
617 4856 912 4926 Epiphanio
941 4859 993 4910 in
1019 4857 1263 4911 Latinunt
1287 4874 1572 4912 sermonem
1607 4841 2015 4928 diligentissime,

456 4947 682 5002 Domino
704 4947 942 5016 jurante.
968 4950 1256 5003 translatus
1276 4961 1368 5004 est.
1395 4950 1471 5004 Ex
1504 4951 1604 5004 lioc
1634 4952 2017 5005 commentario

457 5040 755 5107 fragmenta
811 5042 861 5093 in
893 5051 1082 5094 catena
1128 5040 1346 5094 Patrum
1387 5043 1454 5094 ad
1493 5040 1810 5105 Proverbia,
1858 5059 2016 5110 quam

455 5129 646 5184 Latine
667 5129 983 5186 Theodorus
1019 5131 1270 5186 Peltanus
1298 5133 1486 5200 edidit,
1515 5144 1572 5188 et
1598 5132 1650 5188 in
1678 5143 1866 5188 catena
1890 5134 2020 5188 Cor-

454 5223 671 5276 deriana
707 5224 768 5276 ad
795 5221 952 5278 Luca:
979 5240 1104 5288 vni,
1143 5224 1194 5280 5.

529 5310 596 5365 1η
630 5311 1020 5368 Ecclesiastem.
1046 5313 1203 5370 Joau.
1249 5313 1613 5371 Damascenus
1638 5315 1690 5370 in
1720 5314 1895 5370 Sacris
1928 5332 2022 5382 pa-

452 5401 674 5466 rallelis,
705 5420 821 5473 pag.
853 5403 979 5459 685.

526 5493 594 5548 In
649 5495 929 5550 Canticum
979 5498 1230 5552 canticor.
1281 5499 1480 5554 Catena
1527 5514 1556 5553 a
1609 5498 1840 5554 Meursio
1878 5500 2020 5554 edita

457 5601 578 5658 pag.
613 5587 694 5640 l9.

529 5675 594 5730 In
629 5676 790 5730 Isaia:
830 5691 1086 5744 postrema
1119 5697 1150 5732 a
1179 5680 1575 5750 quadragesimo
1611 5696 1770 5749 usque
1805 5679 1980 5746 capita
2004 5714 2022 5738 .

455 5769 582 5824 tanti
624 5767 669 5821 Χ
690 5766 849 5824 1⁷111.
905 5770 1258 5827 llicronvntus
1303 5768 1528 5839 Prologo
1561 5771 1612 5822 in
1652 5768 1872 5822 Isaiam.
1923 5765 2021 5822 Di-

2100 1943 2269 1998 virum
2298 1943 2381 1995 sui
2405 1942 2648 2010 temporis
2669 1941 3104 2006 eruditissimum,
3123 1943 3399 2012 rogavique
3426 1959 3564 2006 eum,
3592 1953 3672 2008 ut,

2099 2035 2236 2104 quod
2271 2032 2522 2102 Origenes
2561 2049 2662 2085 non
2691 2033 2907 2101 fecerat,
2941 2033 3049 2103 ipse
3073 2034 3373 2100 compleret,
3407 2044 3454 2088 et
3478 2035 3678 2088 scribe-

2101 2135 2179 2178 ret
2232 2125 2285 2176 in
2337 2122 2469 2178 Osee
2509 2125 2908 2178 commentarios
2943 2141 2962 2177 :
2994 2125 3083 2193 qui
3135 2136 3238 2178 tres
3277 2125 3435 2179 libros
3475 2141 3557 2179 me
3587 2143 3678 2195 pe-

2102 2223 2240 2268 tente
2266 2213 2509 2279 dictavit,
2535 2215 2762 2284 quinque
2790 2213 2926 2267 alios
2959 2214 3012 2266 in
3037 2211 3378 2267 Zachariam.

2174 2303 2241 2358 In
2271 2302 2586 2357 Zachariam
2609 2303 2732 2356 libri
2772 2303 2832 2368 γ,
2859 2303 3188 2373 Hieronymo
3216 2314 3436 2373 rogante
3465 2305 3671 2376 scripti.

2101 2396 2176 2452 Id.
2201 2397 2472 2451 Procemio
2498 2398 2551 2449 in
2579 2395 2897 2449 Zachariam
2925 2413 2943 2450 :
2973 2395 3228 2464 Didymus
3254 2398 3479 2466 quinque
3499 2399 3681 2463 expla-

2103 2491 2372 2543 nationum
2401 2488 2562 2542 libros
2593 2505 2673 2541 me
2700 2497 2914 2555 rogante
2951 2487 3198 2549 dictavit,
3225 2503 3352 2556 quos
3394 2504 3511 2540 cum
3554 2488 3675 2542 aliis

2104 2582 2267 2634 tribus
2297 2582 2352 2633 in
2381 2579 2512 2634 Osee
2537 2589 2587 2632 et
2617 2579 2743 2632 milii
2768 2577 3211 2649 προσεφώνησεν.
3237 2578 3341 2633 Sed
3363 2590 3470 2632 tota
3496 2596 3676 2633 eorum

2103 2672 2363 2742 ἐξήγησις
2397 2671 2680 2740 allegorica
2714 2671 2838 2740 fuit,
2869 2681 2915 2724 et
2953 2671 3187 2725 historia:
3216 2671 3303 2725 vix
3346 2687 3512 2739 pauca
3561 2672 3682 2725 teti-

2103 2775 2308 2834 gerunt.

2175 2857 2352 2910 Etiam
2375 2856 2427 2909 in
2451 2854 2724 2909 Micha’am
2745 2855 3024 2924 scripsisse
3047 2854 3331 2926 Didymum
3350 2863 3459 2909 tres
3487 2854 3680 2919 libros,

2107 2958 2256 3002 notat
2293 2947 2668 3002 Tillemontius
2701 2954 2834 3000 tom.
2869 2946 2915 3000 Χ
2949 2946 3195 3009 Μεηιοτ.,
3252 2961 3374 3016 pag.
3405 2945 3546 3012 395;
3586 2947 3681 2999 sed

2107 3040 2318 3108 decepit
2365 3055 2488 3094 eum
2529 3050 2816 3108 corruptus
2866 3039 3116 3092 Promn'iii
3176 3037 3580 3107 llieronymiani
3621 3039 3681 3090 in

2108 3132 2419 3187 Zachariam
2467 3133 2615 3188 locus
2650 3151 2665 3187 :
2708 3149 2838 3202 quos
2872 3148 2990 3185 cum
3027 3133 3191 3184 tribus
3224 3131 3343 3184 aliis
3380 3133 3434 3185 in
3471 3129 3601 3186 Osee
3627 3141 3678 3185 et

2110 3224 2336 3278 Miclttca
2367 3225 2808 3295 προσεφώνησεν,
2845 3237 2962 3291 pro,
2995 3231 3042 3276 et
3079 3223 3203 3276 milii
3235 3222 3680 3294 προσεφώνησεν,

2109 3321 2168 3365 ιιι
2195 3326 2225 3366 e
2269 3326 2399 3366 mss.
2429 3313 2548 3366 cod.
2592 3322 2735 3366 recte
2773 3310 3116 3366 Martianteus
3146 3312 3402 3366 restituit.

2173 3405 2236 3457 In
2263 3402 2604 3470 Evangelium
2633 3401 2891 3456 Matt/tari.
2917 3401 3157 3458 Meminit
3188 3403 3409 3459 Hieron.
3435 3420 3554 3474 cap.
3580 3405 3682 3460 l09

2111 3491 2348 3560 Catalogi
2371 3503 2425 3545 et
2449 3493 2686 3545 l‘romm.
2702 3492 2758 3544 in
2785 3491 3092 3546 Matthmum
3115 3492 3474 3562 ;Nicepltorus
3491 3511 3566 3560 lx,
3591 3495 3681 3551 17.

2111 3585 2253 3638 Citat
2303 3583 2664 3638 Damascenus
2721 3599 2842 3653 pag.
2906 3583 3009 3638 676
3066 3583 3322 3638 Parallel.
3385 3586 3442 3640 ln
3492 3598 3683 3641 catena

2111 3674 2254 3727 edita
2281 3674 2345 3728 ad
2375 3673 2708 3739 Malthzeum,
2743 3689 3034 3744 nusquam,
3081 3675 3225 3744 quod
3264 3677 3489 3731 miratus
3537 3693 3682 3740 sum,

2118 3765 2326 3834 Didymi
2358 3780 2549 3819 nomen
2581 3765 2839 3820 occurrit.

2184 3854 2251 3909 In
2281 3853 2620 3925 Euangelium
2657 3855 2906 3910 Joannis.
2938 3854 3162 3911 Hieron.
3196 3871 3246 3913 ο.
3278 3856 3379 3912 109
3405 3857 3682 3928 Catalogi;

2115 3947 2449 4018 Nicephorus
2484 3963 2561 4011 is,
2595 3947 2678 4000 17.
2732 3946 2876 4000 Citat
2909 3949 3271 4004 Damascenus
3306 3963 3426 4018 pag.
3464 3949 3587 4015 754,
3628 3961 3684 4004 et

2117 4039 2311 4108 saepius
2345 4046 2530 4092 auctor
2568 4046 2772 4092 catena
2808 4037 3022 4093 Patrum
3069 4039 3376 4095 Grzecorum
3423 4041 3581 4095 edita:
3628 4042 3682 4096 in

2117 4129 2394 4184 Joannem.

2190 4218 2301 4290 [In
2350 4219 2482 4272 Acta
2528 4217 2900 4287 apostolorum.
2960 4218 3026 4273 γ.
3070 4218 3120 4274 J.
3153 4220 3464 4288 Christopli.
3504 4221 3686 4277 Wollii

2119 4313 2382 4366 Anecdota
2407 4309 2526 4377 Gr.,
2565 4321 2696 4366 tom.
2733 4309 2822 4378 IV,
2857 4327 2978 4380 pag.
3025 4313 3052 4366 1
3093 4327 3236 4383 sqq.,
3282 4314 3370 4367 ubi
3410 4315 3553 4369 inter
3593 4331 3689 4369 ex-

2121 4413 2301 4471 cerpta
2329 4419 2392 4456 ex
2428 4411 2616 4458 catena
2644 4417 2744 4456 ms.
2789 4403 2845 4455 in
2891 4403 3022 4456 Acta
3055 4414 3222 4472 apost.
3253 4414 3300 4456 et
3325 4403 3458 4475 Epp.
3484 4407 3683 4460 catliol.

2051 4513 2095 4566 ι)
2127 4495 2321 4549 multas
2358 4494 2570 4564 Didymi
2617 4494 3109 4563 interpretationes,
3140 4509 3207 4549 ex
3248 4494 3367 4564 ejus
3392 4508 3686 4554 comment.

2121 4585 2176 4638 in
2216 4585 2347 4637 Acta
2373 4593 2540 4651 apost.
2576 4591 2855 4651 sumptas,
2888 4583 2982 4637 Gr.
3025 4583 3223 4646 attulit,
3264 4582 3460 4639 Latine
3504 4588 3690 4650 vertit,

2117 4685 2173 4728 et
2214 4675 2340 4730 hinc
2375 4675 2500 4728 inde
2538 4675 2816 4744 explicuit.
2855 4703 2919 4713 ——
2975 4674 3030 4727 In
3083 4677 3203 4729 cod.
3247 4674 3469 4732 Coislin.
3517 4677 3688 4744 XXV,

2119 4766 2206 4836 qui
2230 4766 2605 4835 complectitur
2625 4766 2757 4818 Acta
2781 4766 3141 4834 apostolorum
3168 4773 3221 4821 et
3244 4766 3376 4836 Epp.
3399 4769 3692 4824 catholicas

2119 4871 2238 4909 cum
2274 4857 2674 4910 commentariis
2707 4871 2772 4910 ex
2807 4857 3222 4926 Cbrysostomo,
3255 4856 3539 4913 Ammonio
3569 4876 3694 4929 pre-

2120 4946 2360 5016 sbytero,
2380 4947 2628 5016 Didymo,
2649 4947 2876 5015 aliisque
2899 4946 3147 5002 Patribus
3172 4957 3226 5002 et
3255 4950 3561 5003 auctoribus
3581 4951 3695 5003 col-

2121 5037 2274 5092 lectis
2307 5048 2362 5091 et
2387 5037 2438 5091 in
2467 5041 2710 5092 ordinem
2743 5040 2964 5109 digestis
2993 5039 3061 5094 ab
3102 5041 3316 5094 Andrea
3346 5042 3688 5112 presbytero.

2122 5128 2242 5183 Vid.
2263 5129 2552 5185 Montfauc.
2577 5129 2718 5184 Bibl.
2752 5128 2993 5197 Coislin.,
3013 5147 3067 5201 p.
3100 5131 3168 5186 75
3184 5145 3272 5203 sq.
3299 5143 3353 5187 et
3379 5147 3433 5201 p.
3473 5133 3596 5195 265,
3626 5134 3696 5186 de

2121 5224 2241 5276 cod.
2287 5221 2437 5286 CCII,
2464 5222 2556 5291 qui
2590 5222 2831 5276 continet
2864 5221 2996 5277 Acta
3032 5225 3322 5293 apostolor.
3367 5239 3489 5278 cum
3515 5224 3692 5294 Chry-

2123 5313 2368 5377 sostumi,
2400 5313 2609 5384 Didymi
2639 5313 2974 5383 aliorumque
3001 5317 3404 5371 commentariis
3424 5359 3439 5382 ,
3475 5328 3530 5371 et
3567 5332 3692 5386 pag.

2121 5401 2250 5463 964,
2286 5403 2339 5455 in
2378 5403 2496 5456 cod.
2532 5402 2708 5466 CCIV,
2742 5421 2791 5458 s.
2819 5413 3007 5458 catena
3039 5407 3092 5460 in
3126 5406 3392 5476 Epistolas
3422 5407 3593 5463 Pauli.
3624 5437 3697 5447 —-

2125 5492 2304 5546 Laida:
2354 5493 2495 5547 inter
2539 5493 2696 5548 codd.
2763 5494 3009 5549 Vossian.
3056 5497 3311 5566 Didymus
3352 5501 3418 5552 ad
3465 5514 3582 5568 cap.
3635 5513 3693 5552 III

2124 5585 2380 5640 Actorum
2434 5587 2700 5656 apostol.,
2747 5601 2890 5644 vers.
2933 5589 2998 5643 19
3038 5599 3091 5645 et
3151 5590 3253 5657 2i,
3306 5589 3400 5645 Gr.
3451 5591 3516 5646 ν.
3573 5588 3692 5644 Cat.

2127 5681 2248 5732 bibl.
2300 5678 2469 5744 Lcid.,
2519 5697 2641 5752 pag.
2671 5682 2794 5749 401,
2845 5699 2900 5738 n.
2935 5681 3422 5739 L—Vindobonte
3475 5684 3526 5736 in
3573 5683 3694 5737 cod.

2126 5770 2262 5826 Caes.
2303 5769 2454 5825 CCLI
2478 5809 2492 5834 ,
2520 5774 2609 5840 qui
2646 5775 2882 5830 continet
2913 5773 3166 5844 anonymi
3195 5773 3343 5830 locos
3385 5787 3700 5830 communes
