4030 6408
321 319 397 376 137
1748 306 2052 362 NOTlTIA.

3414 305 3517 361 BS

314 433 520 489 ascetims
540 432 601 484 de
628 430 1169 498 interpretationibus
1207 428 1509 481 divinorum
1538 436 1836 495 praecepto-
1868 433 1912 486 Α
1943 427 2081 495 logia
2126 425 2313 478 ultima
2341 424 2408 476 ad
2467 421 2671 487 Ruﬁn.,
2709 436 2828 491 pag.
2870 421 2970 475 164
2997 438 3010 473 :
3039 418 3221 474 Exstat
3267 420 3397 473 liber
3431 420 3529 473 Di-

278 568 291 584 .
315 541 405 578 rum
434 522 619 576 Domini
651 537 717 575 ex
754 521 955 574 varior.
997 518 1216 571 Patrum
1242 532 1366 586 opp.
1410 517 1666 571 collectos
1686 554 1701 580 ,
1734 515 1828 571 l'ol.

313 615 391 669 l8?
409 624 559 668 exstat
586 612 798 681 Didymi
826 611 1192 678 fragmentum
1220 607 1577 677 expositionis
1606 607 1664 661 in
1704 608 1841 661 Acta

310 698 1848 776 apostolorum.V.Lambec.Comment.V,p.52lsqq.ll.uu..]

362 796 415 849 In
434 794 713 862 Epistolam
743 794 812 846 ad
840 789 1059 845 Galatas
1085 792 1189 862 (vel
1215 802 1365 846 certe
1401 792 1454 844 in
1487 790 1634 844 illum
1664 792 1839 845 locum

309 888 375 940 ubi
418 886 543 941 Petri
587 901 616 937 a
648 884 818 938 Paulo
872 884 1183 953 reprehensi
1219 883 1279 936 lit
1310 880 1557 951 mentio).
1600 880 1821 937 llieron.

309 982 427 1049 epist.
453 981 535 1043 89,
560 980 627 1034 ad
663 979 959 1048 Augustin.

362 1073 411 1124 In
444 1069 734 1140 Epistolam
768 1070 838 1122 ad
876 1067 1132 1137 Ephesios
1155 1066 1590 1122 commentarioli.
1623 1066 1843 1122 Hieron.

310 1161 394 1217 lin
414 1163 584 1232 Rufin.
612 1172 667 1216 et
697 1161 931 1217 Promm.
969 1160 1025 1213 in
1052 1159 1219 1227 Epist.
1257 1159 1327 1212 ad
1364 1156 1555 1226 Ephes.

358 1254 411 1309 In
440 1253 727 1322 Epistolam
754 1252 822 1306 ad
853 1251 1176 1306 Corinthios.
1215 1251 1441 1305 Hieron.
1471 1251 1629 1320 epist.
1656 1250 1747 1312 5i,
1775 1250 1843 1305 ad

305 1347 667 1401 Pammachium
699 1359 714 1395 :
749 1344 1024 1411 Origenes,
1056 1343 1365 1413 Dionysius,
1402 1340 1639 1406 Pierius,
1672 1342 1844 1397 Euse-

301 1440 391 1492 bius
419 1437 772 1502 Casariensis,
830 1436 1117 1505 Didymus,
1187 1435 1532 1503 Apollinaris,
1593 1436 1846 1490 latissime

299 1532 406 1582 hanc
434 1529 720 1597 Epistolam
745 1526 1076 1592 interpretati
1122 1541 1262 1581 sunt.
1291 1528 1435 1582 Citat
1473 1527 1844 1584 Damascenus

296 1624 339 1676 in
364 1621 652 1683 Parallelis,
688 1635 812 1690 pag.
857 1619 981 1673 τοι.

351 1712 610 1766 Sectanth
636 1712 873 1766 volumen
892 1711 991 1780 (a).
1021 1710 1274 1781 Didymus
1301 1709 1414 1778 ipse
1450 1707 1589 1762 libro
1622 1705 1699 1760 De
1721 1704 1842 1773 Spi-

294 1802 378 1853 ritu
396 1802 474 1866 3.,
497 1810 631 1855 tom.
655 1798 725 1854 IX
745 1799 1136 1870 0pp.llieron.,
1169 1815 1291 1866 pag.
1318 1798 1422 1852 5‘35
1448 1814 1459 1850 :
1488 1797 1640 1862 Quod
1669 1807 1844 1850 autem

298 1893 354 1944 ab
377 1894 484 1947 aliis
528 1894 781 1957 capiatur
829 1889 1060 1959 Spiritus
1097 1891 1159 1946 S.
1187 1901 1236 1943 et
1277 1902 1379 1944 nan
1421 1892 1528 1943 alia
1563 1890 1762 1957 capiat,
1795 1900 1843 1943 et

290 2002 403 2038 nunc
430 1998 473 2038 et
501 1989 553 2039 in
598 1982 884 2039 Sectarum
930 1984 1211 2049 volumine,
1244 1994 1397 2052 prout
1425 1982 1714 2049 potuimus,
1748 1997 1843 2035 ea:-

289 2078 559 2143 pressimus.
602 2076 670 2129 Et
698 2090 821 2144 pag.
846 2073 952 2128 528
978 2092 990 2127 :
1018 2073 1132 2127 Hoc
1174 2075 1368 2143 ipsum,
1421 2074 1561 2144 quod
1604 2074 1845 2128 subsistit

288 2166 509 2234 Spiritus,
543 2169 830 2235 sapientia:
855 2176 954 2231 est,
983 2178 1029 2218 et
1060 2176 1251 2219 natura
1277 2166 1391 2235 ejus
1416 2164 1549 2217 nihil
1568 2176 1639 2219 est
1674 2165 1842 2228 aliud,

285 2261 373 2312 nisi
398 2259 627 2327 Spiritus
661 2261 898 2313 veritatis
929 2269 977 2312 et
1028 2256 1261 2325 Spiritus
1291 2258 1408 2325 Dei,
1444 2258 1508 2310 de
1530 2258 1715 2327 quibus
1726 2258 1846 2325 jam

284 2355 589 2407 abundanter
645 2354 701 2405 in
751 2351 1032 2406 Sectarum
1124 2350 1386 2404 volumine
1443 2353 1841 2420 disputavimus.

286 2443 516 2500 Memorat
550 2456 617 2500 et
648 2444 859 2516 Didymi
892 2447 1143 2497 adversus
1174 2454 1341 2498 sectas
1361 2458 1496 2512 opus
1528 2442 1844 2498 Heraclides

282 2535 325 2587 in
366 2536 648 2603 Paradiso,
682 2556 733 2591 c.
767 2539 816 2600 1,
850 2553 906 2605 p.
937 2538 1062 2591 710.
1095 2537 1176 2589 Ab
1201 2536 1301 2590 hoc
1355 2552 1460 2589 non
1508 2536 1843 2604 distinguen-

280 2626 385 2679 dum
412 2628 723 2697 dogmatum
752 2628 1012 2689 uolumen,
1039 2626 1194 2696 cujus
1228 2625 1497 2690 meminit,
1524 2639 1575 2693 p.
1606 2624 1731 2678 552.
1763 2623 1845 2677 Ea:

279 2719 441 2785 quibus
462 2720 785 2785 Ostenditur,
816 2735 925 2772 esse
952 2717 1207 2785 Spiritum
1232 2716 1289 2772 S.
1321 2728 1629 2783 creatorem,
1656 2727 1708 2768 ut
1724 2716 1844 2785 jam

274 2810 321 2859 in
358 2808 683 2880 Dogmatum
714 2809 1235 2863 voluminebreriter
1262 2809 1603 2862 ostendimus.
1630 2807 1726 2862 Hic
1762 2817 1848 2861 est

276 2896 411 2952 Liber
427 2902 489 2955 de
509 2902 872 2971 dogmatibus,
898 2902 1053 2970 cujus
1076 2912 1129 2955 et
1163 2900 1546 2971 Hieronymus,
1582 2914 1703 2968 cap.
1740 2898 1843 2954 109

272 2990 491 3064 Catalogi
536 2994 877 3049 mentionem
924 2994 1071 3047 facit.
1101 2994 1167 3047 Et
1210 2990 1573 3048 Tlteodori'tns
1631 3007 1705 3057 tv,
1749 2984 1840 3056 29,

1956 517 2099 585 dymi
2145 516 2214 567 ad
2271 526 2341 577 te,
2368 531 2468 582 quo
2498 515 2788 566 sciscitanti
2827 513 2921 565 tibi
2961 515 3245 580 respondit,
3288 529 3390 565 non
3442 529 3530 566 eos

1954 606 2121 659 multa
2148 623 2407 675 peccasse,
2436 616 2483 659 et
2512 606 2627 658 ideo
2647 620 2922 672 corporum
2957 619 3190 656 carceres
3217 612 3419 654 tantum
3455 606 3530 655 eis

1953 697 2178 765 tetigisse
2220 698 2471 765 sufficere.
2507 696 2761 765 Magister
2795 712 2938 748 meus
2967 705 3015 747 et
3065 702 3187 747 tuus
3216 710 3275 747 eo
3303 706 3529 761 tempore

1952 802 2053 856 quo
2082 798 2136 839 tu
2167 788 2230 840 ab
2264 804 2323 840 eo
2352 788 2451 839 ista
2485 787 2773 857 quwrebas.

2023 877 2101 930 De
2127 877 2317 943 impari
2348 894 2585 941 numero,
2614 877 2729 931 sive
2784 876 3109 945 septenario.
3138 874 3358 931 Hieron.
3385 878 3527 945 Apo-

1952 967 2090 1036 logia
2120 984 2212 1032 pro
2240 969 2386 1021 libris
2411 970 2660 1022 adversus
2683 969 3042 1022 Iovinianum.

2024 1062 2159 1131 Περὶ
2190 1061 2503 1131 ἀσωμάτου.
2552 1063 2894 1126 Damascen.,
2923 1077 3045 1131 pag.
3079 1063 3182 1118 780
3216 1062 3470 1119 Parallel.

2032 1152 2427 1223 Ὑπομνήματα
2474 1155 2553 1216 εἰς
2585 1154 2653 1205 τὰ
2674 1154 2811 1221 Περὶ
2838 1154 3043 1223 ἀρχῶν
3088 1156 3421 1228 Ὠριγένους,
3460 1156 3527 1211 1η

1948 1246 2109 1299 libros
2134 1244 2375 1315 Origenis
2425 1246 2497 1301 De
2542 1248 2820 1316 principiis
2852 1252 3225 1304 commentaria
3271 1256 3524 1320 apologe-

1951 1337 2081 1395 tica.
2126 1336 2387 1391 adversus
2428 1337 2544 1407 ejus
2587 1338 2949 1406 adversarios,
3007 1356 3143 1409 quos
3180 1344 3523 1407 calumniari,

1950 1444 2070 1494 utne
2099 1443 2203 1481 non
2247 1429 2629 1499 intelligerent,
2670 1433 2865 1501 arguit,
2900 1442 3033 1487 teste
3059 1433 3301 1498 Socrate,
3340 1450 3410 1498 ιν,
3430 1436 3520 1489 9.5.

1949 1517 2044 1574 His
2091 1520 2357 1587 praecipue
2393 1520 2443 1571 in
2480 1534 2540 1571 se
2575 1520 2755 1574 odium
2804 1521 3093 1575 multorum
3142 1534 3195 1577 et
3235 1526 3526 1580 invectivas

1950 1612 2218 1666 contraxit
2257 1613 2432 1663 bonus
2464 1610 2717 1678 Didymus
2749 1630 2761 1665 :
2799 1622 2961 1681 atque
2995 1622 3214 1682 prapter
3248 1616 3343 1668 hos
3374 1631 3524 1670 com-

1901 1718 1904 1723 '
1947 1703 2244 1758 mentarios
2279 1702 2484 1755 iactant
2532 1712 2635 1768 est,
2672 1703 2921 1756 utetiam
2973 1717 3090 1773 post
3142 1704 3250 1758 fata
3296 1708 3522 1761 sitcum

1873 1775 1916 1830 Β
1947 1794 2181 1866 Origene
2210 1803 2267 1847 et
2295 1792 2528 1861 Evagrio
2550 1794 2889 1862 proscriptus
2921 1811 3023 1849 non
3050 1812 3155 1850 uno
3182 1797 3233 1850 in
3267 1798 3519 1851 concilio.

1948 1887 2083 1942 Vide
2128 1886 2420 1941 cardinalis
2455 1886 2525 1939 Η.
2576 1887 2771 1941 Νοτὶείἰ
2804 1886 2945 1941 Diss.
2998 1891 3057 1942 de
3084 1890 3282 1959 synodo
3314 1893 3519 1961 quinta,

1946 1979 2125 2048 capite
2157 1977 2211 2041 7,
2240 1976 2329 2029 ubi
2362 1987 2550 2031 contra
2580 1975 2891 2031 Haltoisium
2936 1978 3111 2043 docet,
3145 1996 3174 2032 a
3214 1980 3399 2047 quinta
3430 1996 3522 2052 sy-

1948 2070 2089 2124 nodo
2144 2070 2384 2139 generali
2444 2069 2631 2137 utique
2688 2066 2855 2123 fuisse
2910 2068 3195 2124 danmalos
3236 2070 3522 2139 Evagrium

1948 2164 2342 2234 Didymumqne
2374 2177 2427 2215 a.
2469 2160 2596 2226 555,
2642 2175 2814 2230 neque
2858 2161 2909 2214 in
2948 2161 3047 2215 hoc
3092 2177 3306 2217 errasse
3341 2166 3525 2218 conci-

1950 2256 2074 2309 lium
2102 2264 2469 2313 Lateranense
2501 2253 2601 2307 sub
2628 2252 2861 2308 Martinu
2916 2269 3077 2323 papa,
3112 2271 3163 2308 a.
3201 2254 3327 2320 619,
3364 2271 3525 2327 syno-

1948 2350 2181 2419 dumque
2208 2358 2416 2403 sextam
2450 2348 2505 2401 in
2535 2342 2717 2399 Trullo
2760 2362 2809 2399 a.
2847 2345 2970 2410 680,
3012 2357 3067 2400 et
3108 2350 3392 2417 septimam
3419 2347 3520 2403 787

1946 2439 2243 2503 Nicaenam,
2283 2455 2405 2509 qua:
2441 2439 2749 2506 exemplum
2784 2438 2913 2491 illud
2943 2439 3156 2492 concilii
3193 2441 3368 2509 quinti
3399 2450 3526 2494 sunt

1947 2541 2165 2586 secutae.
2193 2531 2525 2600 Argumenta
2554 2527 2748 2581 Norisii
2806 2527 3133 2582 labefactare
3197 2545 3298 2582 non
3351 2532 3525 2599 potuit

1944 2618 2098 2674 Joan.
2130 2620 2427 2673 Garnerius
2470 2619 2524 2672 in
2563 2618 2705 2672 Diss.
2745 2617 2811 2672 de
2854 2619 3041 2673 eadem
3076 2619 3263 2689 quinta
3315 2622 3522 2691 synodo

1946 2726 2107 2781 quam
2148 2710 2383 2765 Lilierati
2410 2709 2681 2764 Breviario
2711 2710 3003 2780 subjunxit.
3040 2711 3401 2784 Hieronymus
3427 2715 3519 2773 lib.

1947 2819 1982 2857 ll
2013 2806 2065 2856 in
2092 2802 2298 2869 Rn/in.,
2337 2818 2456 2873 pag.
2497 2803 2637 2858 148:
2674 2799 2813 2869 Quid
2850 2805 3177 2871 respondebis
3207 2819 3301 2873 pro
3361 2806 3525 2877 Didy-

1946 2913 2052 2959 mo,
2077 2897 2164 2964 qui
2196 2908 2334 2949 certe
2370 2896 2424 2948 in
2469 2894 2727 2949 Trinitate
2763 2897 3055 2950 catholicus
3079 2908 3176 2963 est,
3196 2899 3345 2969 cujus
3366 2903 3525 2954 etiam

1948 3007 2042 3043 nos
2071 2989 2145 3044 De
2168 2990 2369 3058 Spiritu
2408 2987 2467 3043 S.
2512 2989 2704 3042 librum
2734 2990 2785 3042 in
2826 2989 3069 3044 Latinam
3095 2992 3330 3063 linguam
3366 2996 3524 3048 verti-

272 3084 400 3139 Hist.
432 3096 693 3150 testatur,
728 3088 919 3140 eodem
952 3095 1195 3155 tempore
1222 3086 1573 3154 Epliraimum
1606 3084 1840 3147 Edessa,
1870 3119 1913 3177 α
1947 3082 2109 3136 mus?
2147 3082 2298 3136 Certe
2313 3084 2397 3134 hic
2434 3084 2489 3136 in
2521 3083 2603 3135 his
2636 3098 2755 3151 qua:
2778 3084 2843 3136 ab
2879 3084 3138 3138 haereticis
3178 3087 3233 3139 in
3281 3085 3523 3155 Origenis

268 3187 314 3231 et
351 3177 698 3232 Alexandria:
741 3177 1022 3249 Didymum
1063 3176 1205 3229 κατὰ
1246 3174 1355 3227 τῶν
1406 3173 1712 3228 ἀντιπάλων
1745 3172 1843 3243 τῆς

266 3266 507 3339 ἀληθείας
541 3269 843 3340 δογμάτων
893 3268 1092 3337 scripta
1150 3269 1534 3336 composuisse.
1580 3268 1685 3319 Sed
1726 3278 1845 3333 qua

265 3359 496 3417 Stobaeus
544 3363 748 3432 Edog.
796 3362 978 3425 ethic.,
1027 3374 1151 3430 pag.
1194 3359 1283 3424 15,
1318 3376 1383 3413 ex
1423 3359 1645 3429 Didymo
1700 3358 1843 3426 Περὶ

264 3455 533 3524 αἱρέσεως
561 3456 754 3518 alrert,
780 3456 946 3524 petita
988 3464 1115 3508 sunt
1153 3469 1219 3507 ex
1248 3454 1456 3522 Didymi
1497 3452 1716 3506 alterius
1744 3451 1841 3521 (b),

261 3549 447 3604 ethnici
500 3549 821 3619 scriptoris,
862 3547 1001 3600 libro
1044 3546 1182 3613 Περὶ
1244 3545 1612 3614 φιλοσοφίας
1649 3545 1845 3596 Πυθα-

263 3639 512 3707 γορικῆς,
546 3657 723 3710 quem
754 3639 936 3692 laudat
956 3638 1204 3692 Clemens
1233 3639 1383 3691 Alex.
1430 3638 1691 3701 tStrom.,
1716 3651 1841 3705 pag.

260 3728 373 3796 509,
402 3743 457 3787 et
484 3731 651 3799 cujus
692 3729 836 3798 Περὶ
862 3728 981 3782 τῶν
1005 3726 1277 3781 Πλάτωνι
1298 3726 1702 3795 ἀρεσκόντων,
1731 3725 1845 3777 lau-

261 3821 342 3875 dat
372 3824 647 3879 Eusebius
676 3839 757 3889 ιι,
791 3821 885 3884 23,
910 3819 1235 3888 Prwparat.,
1267 3819 1565 3888 Epttonten,
1598 3817 1843 3871 Stobaeus

259 3911 524 3986 Florileg.,
572 3931 749 3970 serui.
776 3914 899 3978 101,
932 3929 1054 3982 pag.
1089 3912 1210 3966 557.
1254 3911 1387 3965 Vide
1407 3910 1565 3964 Joan.
1594 3910 1842 3964 Christo-

260 4008 401 4075 phori
432 4009 627 4064 Wolﬁi
678 4008 1142 4071 dissertationem,
1186 4019 1291 4073 qua
1341 4003 1841 4069 l’hilosOphumena,

260 4113 368 4167 quae
396 4103 500 4156 sub
525 4100 792 4169 Origenis
825 4097 1075 4151 feruntur
1114 4096 1351 4158 nomine,
1384 4111 1478 4164 pro
1508 4096 1599 4149 illo
1632 4094 1842 4164 Didymi

258 4186 521 4244 Sectantur
562 4190 847 4244 volumine
877 4188 1060 4241 haberi
1092 4204 1199 4241 non
1256 4200 1433 4256 posse,
1466 4201 1655 4255 neque
1688 4186 1841 4241 volu-

259 4295 367 4336 men
393 4282 731 4353 Dogrnatnm
761 4281 969 4349 Didymi
1016 4279 1176 4333 Alex.
1208 4293 1238 4332 a
1270 4277 1542 4332 Sectarum
1570 4279 1844 4333 volumine

255 4373 513 4427 diversum
586 4388 719 4428 esse
778 4372 1017 4441 disputat
1071 4372 1332 4424 adversus
1396 4369 1840 4439 Cbristopliorutn

1946 3176 2188 3241 operibus
2225 3176 2314 3244 (ex
2359 3174 2537 3228 Ruﬁni
2580 3175 2788 3229 scilicet
2836 3176 3110 3246 opinione)
3157 3178 3339 3231 addita
3375 3188 3519 3242 sunt,

1943 3279 1991 3323 et
2022 3270 2075 3321 in
2105 3269 2244 3334 ipsos
2280 3268 2418 3338 Περὶ⁹
2467 3266 2671 3339 ἀρχῶν,
2698 3284 2829 3336 quos
2872 3281 2930 3322 tu
2971 3270 3338 3338 interpretatus
3360 3288 3435 3338 es,
3459 3272 3525 3326 li-

1946 3362 2065 3415 bros
2094 3363 2266 3415 breues
2302 3362 2515 3415 dictavit
2544 3362 3023 3423 commentariolos,
3059 3363 3244 3432 quibus
3298 3382 3399 3419 non
3434 3382 3525 3419 ne-

1945 3466 2110 3526 garet,
2141 3457 2204 3508 ab
2230 3453 2453 3523 Origene
2491 3456 2706 3522 scripta,
2731 3473 2849 3525 ante
2895 3460 3094 3523 scripta
3130 3469 3271 3523 sunt,
3309 3460 3398 3512 sed
3428 3476 3522 3513 nos

1945 3551 2206 3615 simplices
2236 3549 2481 3602 homines
2522 3564 2628 3601 non
2663 3565 2812 3617 posse
2852 3549 3165 3619 intelligere,
3191 3565 3307 3618 quw
3340 3554 3524 3606 dicun-

1947 3654 2053 3707 tur,
2082 3654 2128 3696 et
2161 3660 2260 3713 quo
2293 3659 2447 3696 sensu
2489 3643 2545 3695 in
2585 3644 2770 3694 bonam
2807 3654 3007 3709 partem
3054 3644 3221 3708 accipi
3280 3644 3518 3710 debeant,

1944 3737 2258 3805 persuadere
2314 3747 2555 3799 conatur,
2588 3736 2683 3788 hoc
2727 3736 2985 3788 duntaxat
3032 3738 3095 3789 de
3135 3733 3275 3788 Filio
3314 3746 3360 3788 et
3400 3734 3523 3804 Spi-

1947 3831 2050 3880 ritu
2079 3828 2140 3882 S.
2188 3826 2449 3881 Craterum
2488 3829 2541 3880 in
2572 3830 2697 3882 aliis
2734 3828 3067 3895 dogmatibus
3102 3836 3151 3880 et
3188 3826 3447 3881 Eusebius
3475 3840 3524 3881 et

1945 3920 2204 3989 Didymus
2251 3920 2576 3986 apertissime
2616 3921 2669 3972 in
2735 3919 2975 3990 Origenis
3027 3920 3158 3973 scita
3208 3929 3522 3983 concedunt,

1946 4022 1992 4063 et
2017 4012 2157 4080 quod
2196 4027 2371 4065 omnes
2406 4008 2655 4065 Ecclesite
2700 4011 2996 4080 reprobant,
3047 4011 3299 4066 catholice
3355 4025 3402 4066 et
3438 4015 3524 4079 pie

1946 4103 2143 4153 dictum
2195 4118 2307 4154 esse
2362 4103 2663 4170 defendunt.
2726 4102 2868 4156 Idem
2927 4102 3181 4172 Apologia
3234 4113 3521 4170 postrema,

1946 4208 2079 4263 pag.
2100 4195 2123 4246 Ι
2132 4193 2201 4247 65
2227 4209 2239 4245 :
2262 4192 2329 4245 In
2364 4192 2601 4261 Didyme
2627 4194 2930 4247 meritoriam
2961 4197 3334 4262 praedicamus,
3358 4207 3405 4248 et
3426 4212 3521 4247 su-

1946 4302 2038 4353 per
2079 4284 2365 4349 Trinitnte,
2396 4286 2523 4355 ﬁdei
2568 4288 2874 4353 puritatem.
2936 4288 3043 4343 Sed
3077 4290 3129 4340 in
3160 4289 3381 4349 cwteris,
3405 4305 3523 4355 qua:

1950 4374 2166 4445 Origeni
2197 4375 2333 4429 male
2380 4376 2629 4441 credidit,
2667 4394 2760 4430 nos
2799 4377 2865 4430 ab
2892 4394 2952 4431 eo
2985 4377 3325 4429 retrahimus.
3354 4376 3524 4444 Magi-

256 4468 545 4535 Augustum
582 4465 996 4521 Hetnnannum.
1027 4462 1234 4517 Prodiit
1276 4462 1363 4516 illa
1390 4463 1700 4517 dissertatio
1734 4479 1840 4518 uua
1868 4472 1920 4531 ι)
1946 4484 2177 4521 strorum
2220 4470 2358 4521 enim
2395 4486 2499 4523 non
2532 4470 2658 4523 vitia
2695 4471 2950 4524 imitanda
2980 4479 3124 4535 sunt,
3158 4471 3249 4525 sed
3282 4472 3519 4525 virtutes.

256 4574 365 4612 cum
422 4560 701 4614 secundis
738 4557 933 4610 laudati
964 4554 1141 4609 Wolﬁi
1187 4557 1252 4609 ad
1292 4555 1837 4625 Φιλοσοφουμένων

256 4654 571 4721 scriptorem
612 4650 767 4705 curis
800 4649 1092 4719 ll‘amburgi
1126 4649 1284 4715 1714,
1306 4648 1358 4702 8.
1384 4648 1549 4703 ΡΑΒιι.

317 4743 508 4797 Contra
565 4743 808 4796 Arianos
857 4740 982 4793 libri
1023 4740 1104 4793 ΙΙ.
1136 4739 1379 4805 llieron.,
1407 4757 1530 4811 cap.
1590 4740 1712 4806 109,
1765 4740 1842 4796 De

258 4831 308 4887 S.
346 4834 446 4900 ε.;
482 4835 841 4903 Nicepltorus
888 4849 964 4899 ix,
999 4832 1084 4896 l7,
1117 4831 1259 4886 llist.
1302 4831 1527 4886 Videtur
1571 4836 1840 4904 respiCere

256 4926 498 4996 Didymus
530 4930 658 4997 ipse
698 4924 799 4979 sub
820 4935 1122 4979 extremum
1149 4926 1417 4993 explanat.
1460 4927 1511 4978 in
1537 4924 1566 4979 1
1588 4924 1835 4994 Joannis,

256 5019 471 5073 Arianos
505 5019 914 5088 perstringens,
951 5015 1184 5080 Horum,
1212 5018 1407 5086 inquit,
1448 5019 1658 5089 singula
1706 5036 1827 5073 exa-

255 5112 608 5175 nimationem,
650 5122 707 5164 ut
734 5113 829 5178 fuit
854 5110 1120 5179 possibile,
1147 5112 1197 5164 in
1224 5112 1346 5164 aliis
1379 5111 1691 5166 habuerunt.

316 5204 450 5272 Πρὸς
476 5204 809 5273 φιλόσοφον.
843 5202 1235 5267 Damascenus,
1266 5219 1386 5274 pag.
1426 5204 1529 5258 645
1574 5203 1831 5264 Parallel.

318 5294 462 5349 Liber
489 5303 564 5350 ad
593 5296 874 5363 Ruﬁnum,
907 5312 1069 5364 quare
1102 5297 1396 5348 moriantur
1425 5296 1678 5363 infantes,
1707 5314 1826 5352 cum

258 5401 443 5451 propter
464 5402 700 5460 peccata
724 5403 945 5458 corpora
971 5388 1285 5456 acceperint.
1300 5387 1668 5461 llieronymus
1691 5393 1831 5460 Apo-

318 5567 388 5640 (a)
410 5567 475 5622 V.
527 5584 704 5640 supra
740 5570 807 5625 ad
834 5588 891 5626 n.
916 5574 972 5628 4.
1005 5572 1175 5629 HsnL.
1208 5630 1209 5633 η

319 5638 386 5707 (b)
428 5638 734 5717 Incertum,
761 5642 903 5717 sitne
928 5645 1018 5699 hic
1052 5646 1310 5717 Didymus
1336 5645 1636 5702 Heraclidae
1664 5647 1827 5715 (ilius,

256 5715 641 5785 grammaticus
685 5724 735 5763 et
771 5715 1028 5778 musicus,
1060 5715 1271 5769 Nerone
1300 5718 1476 5771 clarus
1504 5720 1826 5785 imperante,

257 5774 423 5833 Suidtr
455 5792 824 5846 memoratus,
857 5774 1026 5851 cujus
1051 5786 1188 5839 libro
1220 5788 1360 5853 Περὶ
1403 5788 1511 5858 τῆς
1540 5774 1835 5858 δὶαφορᾱιξ

568 5876 847 5939 υιτιιοι..
897 5878 1015 5939 Gtt.
1062 5880 1370 5946 XXXIX.

1942 4559 2092 4613 Adde
2118 4574 2238 4630 pag.
2257 4560 2379 4614 159.

2017 4651 2093 4705 De
2117 4652 2451 4720 providentia
2495 4662 2552 4707 et
2575 4651 2780 4720 judicio
2810 4652 2900 4706 Dei
2943 4654 2994 4706 in
3041 4656 3144 4708 hac
3178 4655 3308 4721 vita,
3338 4669 3407 4709 ne
3446 4670 3526 4709 er-

1948 4759 2149 4809 remus,
2177 4742 2342 4813 jussit
2393 4744 2653 4817 Didymus
2677 4746 2749 4816 (c)
2779 4746 3073 4800 observare
3116 4746 3399 4816 diligenter
3433 4763 3529 4800 va-

1949 4836 2197 4891 rietatem
2230 4852 2518 4906 corporum
2554 4853 2866 4906 rerumque,
2891 4838 3091 4907 quibus
3125 4839 3309 4893 mundi
3360 4839 3527 4895 decus

1947 4937 2181 4991 constat,
2198 4940 2251 4982 et
2273 4930 2530 4991 rationes,
2544 4928 2737 4998 quibus
2759 4930 2898 4983 Deus
2912 4944 3211 4999 peraspera
3230 4944 3328 4984 nos
3342 4931 3406 4983 ad
3428 4932 3529 4984 vir-

1947 5030 2112 5074 tutem
2136 5020 2285 5074 ducit
2307 5035 2371 5074 ac
2387 5020 2725 5089 sapientiam.
2750 5020 2889 5082 Τοὺς
2913 5020 3054 5088 Περὶ
3094 5022 3383 5089 προνοίας
3422 5022 3524 5078 καὶ

1945 5114 2197 5180 κρίσεως
2240 5111 2383 5165 κατὰ
2415 5112 2612 5166 σαυτὸν
2656 5113 2744 5164 ἀεὶ
2778 5111 3026 5183 γύμναζε
3058 5112 3273 5182 λόγους,
3304 5114 3470 5184 φησὶν
3498 5117 3526 5167 ὁ

1948 5208 2119 5278 μέγας
2146 5208 2239 5259 καὶ
2282 5206 2587 5275 γνωστικὸς
2628 5205 2942 5269 διδάσκαλος
2979 5206 3231 5277 Δίδυμος,
3275 5207 3368 5260 καὶ
3397 5208 3522 5259 τού-

1943 5318 2048 5353 των
2068 5299 2166 5362 τὰς
2187 5298 2319 5363 ὔλας
2345 5300 2433 5352 διὰ
2460 5300 2681 5369 μνήμης
2712 5300 2900 5372 φέρειν
2927 5299 3239 5371 πειράθητι.
3261 5301 3371 5353 Καὶ
3398 5301 3525 5362 τοὺς

1948 5396 2047 5467 μὲν
2074 5396 2215 5464 Περὶ
2244 5395 2496 5465 κρίσεως
2519 5393 2710 5463 λόγους
2738 5396 2795 5448 ὲν
2821 5396 2890 5467 τῇ
2932 5395 3171 5467 διαφορᾷ
3200 5394 3309 5447 τῶν
3340 5395 3525 5463 σωμά-

1948 5574 2065 5628 τῶν
2106 5577 2580 5649 Ἀριστοξενείων
2602 5596 2667 5633 τε
2704 5580 2802 5634 real
2825 5582 3255 5649 Πυθαγορείων.
3290 5579 3370 5632 usi
3400 5577 3523 5630 Pto-

1936 5647 2155 5769 i‘enneus
2206 5661 2260 5701 et
2304 5648 2652 5720 Porphyrius,
2681 5662 2738 5703 ut
2798 5652 2907 5710 dixi
2944 5647 3129 5720 supra,
3173 5654 3266 5705 li'b.
3301 5666 3360 5711 ιι,
3394 5665 3512 5717 cap.

1970 5732 2024 5769 ο.

2008 5759 2077 5857 ξε)
2111 5787 2264 5858 Apud
2291 5788 2569 5846 Socratem
2630 5808 2680 5845 tv
2719 5790 2887 5863 llist.,
2914 5808 2964 5848 c.
2993 5792 3083 5859 25,
3121 5807 3243 5862 pag.
3278 5790 3407 5843 257.

3208 5902 3245 5943 0
