4030 6408
308 321 378 374 ιιι
1438 319 1858 376 ΟΟῺΜΕΝΤᾹΕ

1963 320 2011 376 5.
2053 354 2119 364 -—
2158 322 2288 377 LIB.
2333 323 2369 375 Ι.

3442 324 3543 376 ii?

302 440 475 494 strandi
503 450 681 491 erant.
713 439 915 492 Verum
944 440 1070 491 illud
1110 455 1217 508 prae
1252 440 1508 493 omnibus
1557 440 1851 495 sollicitum
1886 452 1927 503 Λ
1959 452 2012 495 et
2042 442 2094 496 in
2126 443 2308 497 [multis
2335 453 2605 495 sectator:
2640 451 2868 512 uterque
2914 452 3062 498 certa
3095 442 3386 510 Scriptum
3428 444 3541 495 loca

302 546 369 585 me
394 530 628 595 tenebat,
662 534 807 598 quod
831 531 1117 599 cuiusnam
1189 532 1425 585 auctoris
1457 543 1673 595 essent,
1708 534 1856 603 igno-

304 624 487 676 rabam.
542 622 771 688 Pigebat
822 625 967 677 enim
1024 625 1139 678 sine
1178 624 1417 676 auctoris
1464 624 1681 678 nomine
1709 624 1857 678 evul-

298 726 442 781 gare,
494 714 585 766 sed
637 714 855 781 pigebat
903 714 1070 770 multo
1119 716 1292 785 magis
1345 716 1467 784 ejus
1496 717 1732 769 aut-toris
1762 732 1856 770 no-

298 819 398 858 men
464 804 793 871 inscribere,
848 822 877 860 a
915 823 1021 877 quo
1046 808 1277 876 scriptos
1308 823 1428 862 esse
1482 818 1689 862 certum
1728 808 1857 862 mihi

298 910 503 949 netoum
535 895 851 959 videretur;
898 898 1000 951 etsi
1052 899 1193 951 enim
1249 898 1430 951 nmltis
1477 899 1702 959 dueerer
1731 914 1858 952 con-

296 987 519 1057 iecturis,
553 998 615 1042 ut
643 988 765 1043 illos
792 990 921 1043 huic
948 990 1146 1059 potius,
1178 1004 1337 1058 quam
1368 988 1524 1041 alteri
1563 971 1893 1041 tribueremx

298 1090 485 1134 auctori
516 1119 535 1143 ,
591 1080 745 1135 hisce
793 1092 973 1135 tamen
1028 1080 1357 1151 Coujccturis
1391 1081 1551 1134 nimis
1590 1080 1857 1132 lidendum

294 1188 376 1227 non
431 1172 763 1237 arbitrabar,
800 1174 941 1241 quod
991 1183 1046 1228 et
1105 1174 1362 1227 nonnulla
1424 1174 1666 1243 opinioni
1725 1189 1859 1228 mea:

291 1263 667 1333 aliquantulum
724 1265 943 1321 allicere
1004 1275 1127 1320 tunc
1191 1265 1521 1331 viderentur,
1556 1277 1609 1320 et
1650 1266 1857 1320 nullum

287 1370 382 1413 toto
406 1359 461 1413 in
488 1375 653 1427 opere
687 1359 862 1413 locum
890 1360 1132 1416 invenire
1158 1377 1367 1431 possem
1396 1404 1413 1428 ,
1470 1362 1563 1432 qui
1593 1362 1855 1416 invictum

284 1452 403 1506 mihi
462 1453 621 1506 solus
652 1463 1031 1519 argumentum
1080 1454 1146 1507 ad
1175 1455 1531 1523 detegendum
1581 1453 1860 1521 scriptoris

282 1560 465 1600 nomen
526 1546 899 1615 suppeditaret
952 1565 964 1599 :
1022 1547 1064 1600 si
1115 1548 1244 1616 quid
1299 1550 1441 1601 enim
1500 1548 1862 1609 occurrebat,

280 1637 411 1706 quod
461 1635 772 1706 bujusmodi
810 1638 1103 1705 videretur,
1142 1640 1192 1691 id
1239 1654 1296 1692 re
1347 1637 1612 1691 maturius
1651 1637 1861 1691 exarui-

282 1738 398 1781 nata
437 1728 842 1796 probabilitatis
877 1730 1010 1784 fines
1052 1744 1154 1783 non
1195 1728 1456 1783 excedere
1492 1729 1857 1796 deprehendeo

1961 535 2148 588 eodem
2178 534 2336 588 modo
2375 534 2542 603 legit;
2609 543 2837 602 uterque
2897 535 3112 588 eosdem
3146 534 3439 601 Scriptura:
3472 534 3541 587 li—

1961 627 2109 693 bros,
2158 626 2225 679 de
2264 639 2491 693 quorum
2527 624 2653 679 olim
2693 627 3019 680 auctoritate
3047 642 3075 678 a
3108 625 3290 680 multis
3324 626 3543 680 dubita-

1961 718 2152 783 batur,
2184 725 2240 769 ut
2263 717 2553 771 canonicos
2578 716 2801 782 habuit;
2833 721 3031 772 eaedem
3062 719 3343 787 utriusque
3374 717 3541 772 omis-

1962 808 2164 869 siones,
2200 809 2402 862 eaedem
2442 808 2841 878 Scripturarum
2882 811 3376 880 interpretationes,
3439 824 3545 864 ea:-

1962 898 2083 952 dem
2120 898 2444 968 frigiditates
2466 942 2481 967 ,
2513 901 2651 955 idem
2680 901 2873 972 stylus,
2908 902 3094 957 eadem
3125 901 3542 972 argumentandi

1964 991 2272 1057 methodus,
2328 993 2512 1045 eadem
2542 993 2851 1047 dubitanter
2875 992 3125 1062 loquendi
3161 993 3319 1058 ratio,
3351 996 3542 1047 cadem

1964 1082 2031 1135 ab
2061 1093 2288 1152 utroque
2313 1084 2559 1153 dogmata
2590 1086 2875 1148 inculcata,
2906 1088 3106 1139 eaedem
3141 1086 3422 1155 utriusque
3441 1101 3545 1140 saa-

1965 1172 2083 1239 pius
2116 1171 2379 1239 formultc,
2414 1174 2615 1229 eaedem
2650 1176 3050 1246 Scripturarum
3091 1185 3332 1230 textuum
3369 1175 3543 1231 mnta-

1966 1274 2161 1329 ttones,
2187 1265 2374 1319 eadem
2412 1265 2725 1334 Scripturas
2765 1268 2963 1321 eitandi
3008 1267 3168 1333 ratio,
3209 1248 3369 1320 iidem
3423 1284 3542 1321 mo-

1963 1374 2093 1421 res,
2135 1361 2333 1413 ezedem
2390 1359 2716 1430 opiniones,
2769 1362 2967 1414 eaedem
3026 1374 3214 1428 parum
3274 1372 3544 1416 accuratae

1964 1454 2299 1509 locutiones:
2358 1455 2767 1509 innumerabilia
2826 1456 3039 1509 demum
3112 1455 3164 1508 in
3219 1457 3320 1509 hoc
3378 1472 3544 1525 opere

1965 1554 2109 1607 sunt,
2146 1558 2265 1612 quae
2296 1546 2396 1598 etsi
2438 1545 2555 1598 aliis
2584 1548 2872 1600 convenire
2908 1556 3146 1616 queant,
3202 1546 3428 1620 Didyme
3461 1561 3544 1604 ta-

1966 1645 2085 1682 men
2120 1631 2457 1698 potissimum
2480 1647 2841 1690 consentanea
2876 1646 3037 1700 sunt;
3098 1637 3229 1690 nihil
3269 1650 3454 1693 contra
3489 1643 3540 1694 in

1969 1731 2081 1774 ιοιο
2112 1735 2273 1789 opere
2306 1722 2522 1791 legitur,
2547 1727 2689 1791 quod
2728 1728 2794 1780 ab
2823 1745 2887 1782 eo
2943 1728 2992 1781 di
3031 1744 3221 1783 sonum
3255 1731 3344 1785 sit.
3399 1731 3541 1799 Quid

277 1820 410 1873 bam.
467 1819 669 1873 Fateor
701 1822 881 1889 itaque
930 1822 1111 1875 tandiu
1162 1836 1247 1876 me
1291 1823 1357 1875 de
1406 1822 1586 1888 operis
1631 1832 1853 1875 auctore
1890 1814 1932 1867 Β
1962 1827 2091 1882 ergo
2136 1822 2419 1881 superest,
2474 1816 2574 1869 nisi
2607 1828 2661 1869 ιιι
2694 1816 2977 1887 Didymum
3015 1818 3174 1882 hujus
3222 1822 3402 1889 operis
3441 1838 3540 1876 au-

277 1909 574 1973 dubitasse,
628 1909 863 1978 quandiu
928 1910 1157 1972 scholia,
1211 1910 1323 1963 sive
1373 1909 1748 1963 aduotationes
1798 1911 1849 1964 in

275 2010 436 2055 totum
474 2017 615 2070 opus
662 2018 771 2056 non
802 2002 1024 2056 absolvi.
1080 2000 1176 2053 llis
1205 2015 1333 2055 vero
1388 2000 1453 2054 ad
1487 2001 1692 2054 exitum
1730 2015 1853 2069 per-

278 2093 469 2156 ductis,
531 2108 595 2146 ac
642 2092 868 2163 singulis
898 2093 1136 2146 auctoris
1168 2092 1346 2145 verbis
1404 2092 1690 2160 diligenter
1723 2108 1849 2160 per-

270 2186 472 2253 pensis,
524 2185 577 2238 in
607 2200 669 2239 ea
696 2186 911 2240 tandem
935 2184 1202 2239 sententia
1228 2184 1673 2252 acquiescendum
1703 2184 1849 2249 duxi,

275 2290 329 2331 ut
354 2280 637 2348 genuinus
667 2278 848 2347 operis
891 2287 1086 2332 auctor
1125 2277 1192 2330 sit
1223 2276 1479 2345 Didymus
1527 2275 1849 2331 Alexandri-

281 2384 397 2422 nus.
427 2368 871 2438 Argumentum,
909 2382 1015 2436 quo
1048 2367 1283 2429 innitor,
1326 2364 1598 2433 multiplex
1634 2364 1849 2432 quidem

270 2462 502 2523 videtur,
549 2460 646 2513 sed
691 2460 867 2528 reipsa
917 2459 1133 2512 unicum
1189 2468 1270 2511 est
1305 2477 1316 2510 :
1351 2465 1666 2524 tantamque
1710 2455 1838 2507 mihi

269 2554 369 2605 vim
404 2552 612 2606 habere
647 2550 820 2604 visum
862 2547 1006 2613 fuit,
1039 2558 1099 2601 ut
1128 2558 1240 2601 tuto
1264 2546 1374 2615 jam
1404 2544 1614 2615 Didymi
1655 2558 1853 2596 nomen

266 2646 316 2699 in
362 2644 551 2714 operis
596 2641 775 2695 fronte
827 2640 1131 2695 inscribere
1182 2654 1264 2692 tne
1314 2652 1470 2706 posse
1522 2638 1846 2689 Statuerim:

266 2736 390 2790 illud
425 2746 612 2790 tamen
643 2732 936 2801 proﬁteor,
966 2731 1091 2785 huic
1124 2745 1208 2783 me
1240 2730 1521 2782 sententia:
1551 2738 1677 2782 tunc
1703 2728 1845 2782 dun-

264 2837 415 2881 taxat
468 2825 708 2879 ﬁrmiter
758 2826 1123 2885 adbaesurum,
1174 2836 1293 2874 cum
1329 2835 1389 2872 ea
1431 2820 1605 2873 doctis
1634 2819 1879 2888 sapien--

264 2920 524 2987 tibusque
559 2918 735 2983 viris,
775 2918 971 2987 quibus
1000 2914 1150 2968 ltalia
1175 2956 1190 2980 ,
1234 2923 1287 2968 et
1337 2913 1540 2982 reliqua
1587 2914 1853 2969 redundat

263 3008 510 3082 Europa,
561 3011 901 3081 probabitur,
934 3024 1165 3079 quorum
1202 3017 1256 3060 et
1306 3008 1632 3071 doctrinam,
1659 3016 1713 3060 et
1767 3007 1849 3058 in-

260 3107 482 3175 genium
542 3116 888 3171 summopere
936 3102 1124 3163 miror,
1172 3114 1417 3167 quosque
1472 3109 1529 3151 ut
1565 3097 1851 3166 magistros

1957 1914 2162 1958 ctorem
2199 1920 2318 1959 esse
2356 1920 2453 1974 pro
2484 1917 2635 1961 certo
2674 1910 2993 1963 habeamus?
3020 1910 3235 1965 l‘ossem
3268 1914 3354 1968 hic
3380 1916 3538 1984 equi-

1956 1996 2077 2050 dem
2110 1996 2271 2050 ﬁnem
2314 1996 2565 2065 loquendi
2614 1999 2831 2065 facere;
2874 2000 3065 2054 borum
3102 2004 3244 2055 enim
3283 2004 3540 2074 pleraque

1956 2088 2011 2141 in
2045 2088 2486 2143 adnotationibus
2520 2090 2728 2143 ostendi
2763 2108 2777 2143 :
2812 2084 2996 2145 verum
3036 2108 3157 2145 cum
3197 2093 3376 2162 plures
3408 2097 3539 2159 sint,

1957 2179 2050 2249 qui
2102 2179 2479 2235 adnotationes
2532 2180 2712 2249 legere
2756 2182 3060 2251 negligant,
3107 2199 3339 2256 cumque
3387 2187 3542 2242 labor

1957 2277 2143 2333 lectori
2204 2278 2526 2331 minuendus
2580 2279 2670 2343 sit,
2703 2278 2814 2332 hrcc
2847 2281 2958 2345 ipsa
3003 2281 3167 2335 Veluti
3202 2284 3425 2338 totidem
3478 2286 3542 2337 li-

1958 2378 2242 2423 neamenta
2288 2385 2354 2423 ac
2408 2380 2564 2422 notas
2602 2370 2762 2423 simul
2823 2370 3115 2439 colligens,
3165 2372 3243 2425 sic
3294 2390 3354 2427 ea
3416 2390 3541 2442 per-

1954 2477 2175 2530 sequar,
2210 2477 2277 2515 ne
2306 2462 2462 2516 nimis
2496 2462 2685 2531 longus
2727 2461 2847 2525 sim,
2886 2473 2944 2513 ut
2984 2477 3084 2515 nec
3122 2464 3301 2516 omnia
3348 2481 3539 2519 recen—

1955 2568 2126 2618 seam,
2167 2561 2221 2606 et
2248 2551 2502 2607 lectorem
2540 2552 2828 2606 identidem
2862 2552 2927 2605 ad
2961 2566 3115 2608 notas
3166 2556 3311 2624 ipsas
3350 2571 3539 2609 ainan—

1958 2645 2099 2699 dem.
2135 2644 2338 2712 lncipio
2370 2654 2549 2699 autem
2583 2646 2650 2697 ab
2676 2659 2741 2698 eo
2782 2644 2920 2709 loco,
2950 2661 3055 2715 quo
3084 2647 3317 2716 primum
3350 2658 3530 2702 motus

1957 2753 2101 2803 sum,
2144 2746 2203 2791 ut
2242 2737 2470 2806 Didymo
2515 2752 2651 2806 opus
2705 2740 2805 2793 hoc
2861 2740 3174 2804 tribuerem,
3215 2741 3313 2795 etsi
3355 2751 3538 2810 postea

1957 2828 2312 2895 compererim
2378 2827 2639 2881 rationem
2701 2828 2824 2882 inde
2863 2830 3076 2884 ductam
3124 2847 3228 2885 non
3281 2846 3405 2887 esse
3457 2832 3541 2888 in-

1956 2919 2175 2972 victam.

1957 3012 2083 3066 CAP.
2117 3012 2155 3066 Ι.
2202 3012 2489 3081 Theologus
2539 3024 2710 3064 uoster
2756 3015 2829 3065 bis
2870 3016 2992 3067 citat
3033 3015 3225 3069 librant
3258 3035 3411 3072 suum
3466 3018 3542 3075 De

2518 3081 2720 3149 Spiritu
2757 3096 2964 3138 sancto.

260 3164 527 3269 suspicio.
563 3201 954 3268 Argumentum
992 3193 1332 3265 porro,quod
1354 3192 1499 3256 dixi,
1528 3190 1699 3246 fusius
1730 3205 1849 3243 mox
1886 3164 1933 3224 ο
2038 3175 2205 3229 suum
2243 3189 2372 3244 01⁵80
2406 3174 2599 3269 librum
2744 3174 3147 3244 Spiritusancto
3180 3179 3259 3232 bis
3281 3179 3413 3234 citat
3443 3196 3541 3235 au-

258 3292 315 3345 in
347 3292 453 3348 hoc
490 3292 636 3345 libro
688 3304 1015 3358 persequar;
1068 3284 1318 3355 quamvis
1365 3285 1508 3338 enim
1549 3300 1710 3337 unum
1747 3283 1851 3347 sit,

258 3394 376 3439 tam
411 3383 583 3438 multa
636 3392 760 3436 sunt
798 3392 999 3444 tamen,
1048 3395 1112 3435 ex
1146 3379 1340 3447 quibus
1362 3376 1528 3430 veluti
1562 3375 1849 3437 coalescit,

258 3489 323 3534 ut
389 3480 692 3548 longiorem
742 3475 1009 3531 desideret
1064 3472 1387 3528 orationem.
1427 3468 1694 3523 Caeterum
1745 3470 1850 3521 huc

264 3582 443 3627 totum
479 3569 764 3639 redigitur,
818 3576 875 3620 ut
909 3564 1025 3619 ﬁeri
1053 3564 1274 3618 omnino
1301 3578 1404 3615 non
1438 3560 1640 3626 possit,
1678 3569 1735 3613 ut
1768 3559 1855 3611 Di-

264 3668 465 3735 dymus
499 3663 588 3718 ille
616 3677 721 3716 non
752 3660 845 3726 sit,
896 3660 977 3714 cui
1031 3657 1212 3711 omnia
1256 3670 1377 3709 cum
1426 3652 1652 3723 Didyme
1703 3652 1852 3720 paria

267 3761 401 3811 sint.
465 3754 694 3810 Librum
745 3752 821 3806 De
869 3750 1069 3820 Spiritu
1124 3756 1306 3802 sancto
1351 3745 1519 3801 edidit
1570 3743 1853 3814 Didymus,

271 3852 443 3905 edidit
467 3860 521 3905 et
562 3850 665 3903 iste
711 3854 944 3899 auctor:
983 3845 1090 3895 itno
1147 3840 1344 3910 saepius
1375 3839 1427 3891 in
1458 3838 1542 3891 his
1582 3834 1733 3889 libris
1785 3835 1856 3888 ita

276 3943 537 4012 loquitur,
581 3950 644 3994 ut
674 3955 739 3994 ea
784 3936 1032 4007 supplere
1073 3934 1339 3995 videatur,
1385 3944 1505 3999 quae
1556 3926 1626 3982 ibi
1681 3928 1857 3979 minus

278 4032 401 4087 fuse
426 4042 739 4103 persecutus
771 4040 874 4087 est.
912 4025 1121 4080 Smculo
1154 4034 1348 4093 quarto
1387 4032 1614 4089 uterque
1640 4018 1854 4080 ﬂoruit;

282 4135 507 4195 uterque
580 4122 983 4177 Alexandrinus
1039 4119 1179 4182 fuit;
1239 4127 1469 4184 uterque
1519 4112 1856 4177 eatecbista;

285 4228 506 4287 uterque
537 4216 675 4270 ﬁlios
699 4214 918 4285 genuit;
950 4220 1176 4279 uterque
1222 4218 1329 4262 tres
1373 4206 1447 4259 De
1497 4204 1752 4258 Trinitate
1790 4199 1855 4253 li-

286 4308 413 4363 bros
440 4307 685 4378 scripsit;
720 4316 946 4372 uterque
973 4304 1026 4355 in
1062 4299 1327 4353 'l‘rinitate
1372 4295 1675 4350 eatboticus
1717 4292 1856 4356 fuit;

289 4413 509 4470 uterque
575 4410 796 4453 strenue
867 4405 1053 4448 contra
1106 4391 1337 4447 Arianos
1390 4402 1454 4440 ac
1516 4385 1857 4440 Macedonia-

1958 3279 2078 3325 ctor
2105 3274 2289 3322 noster
2316 3268 2576 3336 :primum
2600 3268 2809 3322 scilicet
2830 3270 3023 3340 pagina
3052 3270 3204 3338 574',
3242 3273 3329 3326 ubi
3361 3277 3439 3327 sic
3471 3275 3544 3330 lo-

1960 3363 2180 3433 quitur:
2217 3381 2235 3413 ι
2274 3361 2482 3416 Anima:
2520 3372 2573 3417 et
2603 3365 2778 3434 angeli
2814 3377 3006 3423 sunt...
3045 3368 3324 3435 mortales,
3353 3379 3542 3440 quate—

1960 3470 2063 3508 nus
2100 3464 2275 3508 mente
2315 3453 2606 3521 aliquando
2640 3469 3061 3528 corrumpuntur
3114 3478 3127 3513 :
3167 3476 3289 3515 nam
3324 3477 3389 3516 ex
3426 3478 3543 3516 inu-

1964 3550 2167 3604 tatione
2202 3557 2285 3601 est
2328 3549 2544 3616 quando
2587 3548 2845 3603 labuntur
2890 3553 2940 3604 in
2991 3564 3291 3620 peccatum,
3342 3568 3408 3607 ex
3434 3570 3541 3622 quo

1962 3640 2271 3709 supervenit
2315 3652 2481 3691 mors.
2522 3636 2683 3692 Juxta
2716 3655 2873 3707 quem
2915 3645 3129 3695 modum
3163 3643 3359 3697 Paulus
3401 3646 3541 3697 scri-

1961 3734 2039 3786 bit
2088 3749 2101 3782 :
2147 3730 2209 3782 Et
2255 3731 2309 3783 in
2359 3729 2560 3783 deliciis
2593 3732 2765 3784 vivens
2795 3732 2972 3795 vidua,
3001 3744 3209 3787 mortua
3242 3735 3351 3787 est‘
3392 3751 3408 3789 :
3441 3736 3541 3787 etsi
3586 3804 3595 3810 ὀ

1962 3841 2025 3877 ea
2054 3826 2288 3879 nondum
2326 3840 2390 3879 ex
2430 3825 2530 3878 hac
2567 3825 2677 3879 vita
2700 3826 3032 3895 migraverit,
3060 3829 3200 3881 sicut
3238 3826 3349 3893 jam
3376 3828 3546 3895 expli-

1963 3930 2140 3973 catum
2198 3930 2282 3975 est
2330 3922 2381 3974 in
2414 3919 2557 3991 λόγῳ
2597 3920 2672 3989 (id
2704 3931 2809 3986 est,
2843 3919 3000 3984 libro,
3036 3927 3128 3972 aut
3163 3921 3437 3987 sermone)
3473 3919 3546 3971 De

1963 4011 2168 4081 Spiritu
2196 4022 2447 4066 sancto...
2476 4032 2495 4065 ι
2539 4012 2739 4067 Deinde
2770 4013 2963 4080 pagina
3004 4011 3124 4078 425,
3158 4013 3242 4066 ubi
3272 4013 3384 4066 haac
3410 4012 3541 4080 legi-

1964 4121 2085 4159 mus
2119 4124 2131 4159 :
2165 4123 2226 4158 ac
2254 4107 2467 4171 insuper
2492 4106 2610 4159 aliis
2643 4107 2801 4159 etiam
2844 4104 3072 4157 oraculis
3104 4119 3219 4173 qua:
3249 4104 3549 4172 aﬂ’eruntur

1936 4197 2016 4247 -in
2051 4195 2195 4266 λόγῳ
2238 4197 2313 4250 De
2354 4195 2560 4266 Spiritu
2605 4206 2809 4258 sancto,
2846 4204 2954 4249 etc.
2989 4195 3119 4261 Qum
3172 4204 3351 4248 autem
3392 4196 3545 4255 citat,

1965 4297 2179 4342 exstant
2219 4290 2269 4341 in
2319 4288 2527 4359 Didymi
2586 4288 2723 4340 libro
2764 4286 2842 4339 De
2894 4285 3097 4354 Spiritu
3140 4294 3344 4349 sancto,
3385 4300 3548 4353 quem

1965 4380 2328 4450 Hieronymus
2365 4380 2557 4433 Latine
2594 4382 2779 4444 vertit,
2816 4388 2874 4431 ut
2916 4378 3095 4430 tnonui
3132 4378 3184 4429 in
3215 4378 3358 4432 notis
3395 4378 3461 4429 ad
3486 4393 3548 4428 ea

288 4509 388 4548 nos
435 4507 644 4562 semper
694 4487 989 4543 decertavit
1020 4503 1033 4538 :
1065 4495 1289 4552 uterque
1362 4480 1574 4547 λόγους,
1640 4493 1734 4532 seu
1791 4476 1859 4529 li-
1897 4509 1940 4562 υ
1972 4474 2105 4527 loca.

285 4586 417 4640 bros
468 4594 655 4637 contra
710 4582 936 4633 Arianos
978 4576 1177 4642 edidit;
1214 4583 1402 4628 neuter
1442 4572 1574 4626 satis
1607 4580 1762 4623 caute
1798 4568 1863 4622 de

284 4680 458 4744 gratia
516 4676 781 4743 loquitur;
834 4682 1059 4736 uterque
1110 4668 1162 4720 iu
1194 4666 1367 4734 poetis
1395 4673 1676 4727 versatus;
1711 4670 1861 4714 uter-

282 4784 396 4837 que
454 4769 617 4823 Deum
686 4773 843 4819 vocat
887 4758 1167 4829 ἀμεγέοη,
1202 4756 1252 4809 id
1306 4765 1385 4809 est
1448 4752 1868 4821 magnitudinis,

282 4875 479 4930 nempe
559 4856 678 4930 [XI]
745 4854 1061 4925 quantitatis
1130 4856 1406 4917 expertem
1471 4856 1757 4912 :uterque
1807 4844 1873 4895 de

286 4951 479 5020 impari
531 4960 759 5003 numero
811 4942 1031 5011 scripsit
1083 4956 1097 4992 :
1154 4950 1447 5005 utrumque
1504 4936 1698 4987 imitati
1748 4942 1874 4987 stitit

286 5044 604 5098 Ambrosius
632 5056 694 5093 ac
721 5036 1108 5103 Hieronymus;
1138 5042 1363 5097 uterque
1395 5031 1458 5082 de
1493 5026 1869 5079 haereticorum

290 5137 449 5188 sectis
501 5133 785 5203 Scripsisse
840 5129 1088 5190 videtur;
1150 5132 1373 5189 uterque
1418 5119 1485 5173 de
1532 5133 1589 5172 se
1638 5116 1872 5170 demisse

292 5231 488 5292 sentit;
518 5239 745 5293 uterque
796 5221 1057 5276 memoria
1097 5214 1353 5284 singulari
1403 5213 1663 5282 praeditus
1725 5210 1867 5273 l'nit;

298 5326 475 5373 eadem
504 5330 680 5372 tamen
715 5316 997 5381 utriusque
1042 5307 1330 5376 σφάλματα
1370 5301 1715 5374 μνημονικά,
1753 5299 1873 5353 sive

312 5414 458 5465 iidem
518 5414 701 5482 lapsus
754 5406 1033 5462 memoria:
1082 5405 1207 5455 vitio
1260 5417 1272 5452 :
1332 5409 1558 5466 uterque
1618 5393 1873 5447 nonnulla

303 5504 424 5555 citat
476 5503 781 5573 apocrypha
809 5517 826 5565 ;
852 5498 1072 5551 eosdem
1125 5504 1352 5561 uterque
1380 5488 1663 5542 hatreticos
1697 5486 1873 5540 obiter

306 5595 562 5661 centum;
593 5593 850 5663 Origenis
896 5599 1121 5657 uterque
1173 5584 1469 5643 studiosus,
1524 5590 1578 5633 et
1631 5580 1872 5632 imitator

379 5714 395 5741 ⁸
429 5711 445 5763 1
470 5713 600 5770 Tim.
631 5730 683 5781 ν,
707 5711 763 5768 θ.

2044 4566 2303 4621 Confecta
2342 4581 2471 4635 ergo
2514 4581 2599 4619 res
2624 4574 2727 4630 est,
2761 4562 2972 4629 inquies
3017 4577 3029 4612 :
3062 4575 3160 4615 nec
3199 4561 3554 4615 dubitandum

1966 4659 2100 4728 jam,
2142 4659 2268 4729 quin
2309 4668 2417 4711 tres
2446 4657 2499 4710 bi
2528 4657 2645 4710 libri
2675 4674 2703 4708 a
2746 4655 2970 4724 Didynio
3002 4654 3184 4705 dictati
3222 4655 3349 4707 sint.
3395 4651 3469 4707 Ita
3501 4665 3557 4705 et

1974 4766 2071 4819 ego
2098 4751 2249 4815 olim,
2282 4750 2473 4812 fateor,
2500 4748 2901 4810 ratiocinabar;
2932 4747 3024 4799 sed
3061 4754 3344 4814 postquam
3369 4745 3554 4798 omnia

1976 4844 2240 4897 maturius
2267 4841 2520 4911 expendi,
2554 4848 2929 4910 argumentum
2971 4839 3072 4890 hoc
3112 4852 3217 4891 non
3268 4836 3558 4890 mediocri-

1975 4937 2075 4988 bus
2105 4934 2504 4989 diﬂicultatibus
2528 4932 2816 4985 obnoxium
2847 4945 2968 4984 esse
3004 4928 3356 4997 deprehendi.
3387 4926 3560 4980 Nimi-

1976 5043 2093 5079 rum
2124 5030 2391 5081 secundus
2428 5026 2564 5079 liber
2588 5024 2790 5093 operis,
2826 5024 2966 5090 quod
2992 5036 3132 5074 nunc
3166 5021 3289 5081 edo,
3328 5019 3404 5072 De
3433 5018 3559 5087 Spi--

1976 5117 2081 5166 ritu
2128 5127 2307 5167 sancto
2360 5124 2414 5167 et
2469 5117 2583 5181 ipse
2632 5112 2975 5166 inscribitur.
3013 5111 3195 5180 Itaque
3243 5109 3562 5165 existimare

1973 5206 2095 5273 quis
2128 5214 2322 5273 potest,
2357 5204 2529 5274 primo
2578 5204 2795 5273 quidem
2846 5205 2897 5255 in
2956 5202 3072 5255 loco
3095 5243 3109 5268 ,
3146 5214 3341 5269 nempe
3367 5200 3561 5269 pagina

1974 5296 2099 5360 574,
2145 5296 2335 5363 respici
2381 5310 2551 5363 segni.
2578 5294 2642 5347 (i7
2682 5312 2695 5349 :
2733 5295 2786 5346 in
2824 5294 2995 5347 altero
3032 5305 3210 5346 autem
3245 5292 3439 5359 respici
3468 5308 3563 5346 ca-

1974 5402 2069 5459 put
2094 5391 2160 5444 15
2186 5390 2407 5445 secundi
2446 5390 2589 5453 libri,
2627 5400 2719 5444 aut
2750 5390 2916 5456 aliud,
2945 5392 2991 5444 si
3013 5390 3155 5458 quod
3183 5400 3287 5453 est,
3319 5397 3484 5456 caput
3509 5388 3562 5440 in

1972 5499 2082 5552 quo
2112 5493 2290 5536 textus
2323 5482 2513 5537 Biblici
2546 5500 2577 5536 a
2617 5482 3017 5538 Maeedonianis
3055 5483 3339 5539 catholica:
3377 5481 3563 5535 Eccle-

1975 5578 2067 5630 sia:
2099 5575 2294 5643 objecti
2326 5573 2642 5630 aﬂ‘erantur.
2696 5574 2809 5630 lluc
2855 5576 3064 5630 accedit
3106 5577 3249 5645 quod
3288 5574 3560 5631 secundus

383 5808 633 5883 Ῥαδίως
666 5809 921 5879 intellige
956 5802 1215 5862 editionis
1249 5796 1547 5870 Mingarelli
1577 5810 1715 5866 quas
1741 5793 1883 5865 typis
1915 5786 2303 5864 grandioribus
2330 5785 2388 5839 in
2418 5794 2568 5840 textu
2605 5781 3000 5852 expressimus.
