  <div class='ocr_page' id='page_1' title='image "/cluster/home/n/w/nwhite01/storage/ocr_20150623/39/hvd.32044037979440/081.png"; bbox 0 0 4030 6408; ppageno 0'>
   <div class='ocr_carea' id='block_1_1' title="bbox 491 360 604 414">
    <p class='ocr_par' dir='ltr' id='par_1_1' title="bbox 491 360 604 414">
     <span class='ocr_line' id='line_1_1' title="bbox 491 360 604 414; baseline 0.018 -2"><span class='ocrx_word' id='word_1_1' title='bbox 491 360 604 414; x_wconf 66' lang='lat'><strong>1.63</strong></span> 
     </span>
    </p>
   </div>
   <div class='ocr_carea' id='block_1_2' title="bbox 1952 352 2345 410">
    <p class='ocr_par' dir='ltr' id='par_1_2' title="bbox 1952 352 2345 410">
     <span class='ocr_line' id='line_1_2' title="bbox 1952 352 2345 410; baseline 0.008 -3"><span class='ocrx_word' id='word_1_2' title='bbox 1952 355 2040 408; x_wconf 83' lang='lat' dir='ltr'><strong>DE</strong></span> <span class='ocrx_word' id='word_1_3' title='bbox 2084 352 2345 410; x_wconf 78' lang='grc' dir='ltr'>01οῩΜο</span> 
     </span>
    </p>
   </div>
   <div class='ocr_carea' id='block_1_3' title="bbox 3668 361 3770 416">
    <p class='ocr_par' dir='ltr' id='par_1_3' title="bbox 3668 361 3770 416">
     <span class='ocr_line' id='line_1_3' title="bbox 3668 361 3770 416; baseline 0 -2"><span class='ocrx_word' id='word_1_4' title='bbox 3668 361 3770 416; x_wconf 69' lang='lat' dir='ltr'><strong>Ml</strong></span> 
     </span>
    </p>
   </div>
   <div class='ocr_carea' id='block_1_4' title="bbox 483 476 3771 548">
    <p class='ocr_par' dir='ltr' id='par_1_4' title="bbox 483 476 3771 548">
     <span class='ocr_line' id='line_1_4' title="bbox 483 476 3771 548; baseline 0 -15"><span class='ocrx_word' id='word_1_5' title='bbox 483 479 641 534; x_wconf 79' lang='lat' dir='ltr'><strong>&#39;liber</strong></span> <span class='ocrx_word' id='word_1_6' title='bbox 671 479 846 534; x_wconf 83' lang='lat' dir='ltr'><strong>tribus</strong></span> <span class='ocrx_word' id='word_1_7' title='bbox 879 479 933 534; x_wconf 91' lang='lat' dir='ltr'><strong>itt</strong></span> <span class='ocrx_word' id='word_1_8' title='bbox 967 479 1102 535; x_wconf 88' lang='lat' dir='ltr'><strong>locis</strong></span> <span class='ocrx_word' id='word_1_9' title='bbox 1137 481 1360 534; x_wconf 89' lang='lat' dir='ltr'><strong>mutilus</strong></span> <span class='ocrx_word' id='word_1_10' title='bbox 1392 488 1496 544; x_wconf 90' lang='lat' dir='ltr'><strong>est,</strong></span> <span class='ocrx_word' id='word_1_11' title='bbox 1525 478 1776 532; x_wconf 84' lang='lat' dir='ltr'><strong>nimirum</strong></span> <span class='ocrx_word' id='word_1_12' title='bbox 1808 493 1930 547; x_wconf 87' lang='lat' dir='ltr'><strong>pag.</strong></span> <span class='ocrx_word' id='word_1_13' title='bbox 1958 476 2084 541; x_wconf 70' lang='lat'><strong>2&#39;25,</strong></span> <span class='ocrx_word' id='word_1_14' title='bbox 2117 478 2163 533; x_wconf 74' lang='grc' dir='ltr'><strong>Δ</strong></span> <span class='ocrx_word' id='word_1_15' title='bbox 2190 477 2306 530; x_wconf 64' lang='lat' dir='ltr'><strong>haec</strong></span> <span class='ocrx_word' id='word_1_16' title='bbox 2340 477 2446 529; x_wconf 85' lang='lat' dir='ltr'><strong>alia</strong></span> <span class='ocrx_word' id='word_1_17' title='bbox 2488 476 2791 530; x_wconf 88' lang='lat' dir='ltr'><strong>testimonia</strong></span> <span class='ocrx_word' id='word_1_18' title='bbox 2841 476 2892 530; x_wconf 92' lang='lat' dir='ltr'><strong>in</strong></span> <span class='ocrx_word' id='word_1_19' title='bbox 2933 477 3170 532; x_wconf 87' lang='lat' dir='ltr'><strong>secundo</strong></span> <span class='ocrx_word' id='word_1_20' title='bbox 3207 476 3366 546; x_wconf 89' lang='lat' dir='ltr'><strong>hujus</strong></span> <span class='ocrx_word' id='word_1_21' title='bbox 3417 480 3596 548; x_wconf 90' lang='lat' dir='ltr'><strong>operis</strong></span> <span class='ocrx_word' id='word_1_22' title='bbox 3632 479 3771 536; x_wconf 82' lang='lat' dir='ltr'><strong>libro</strong></span> 
     </span>
    </p>
   </div>
   <div class='ocr_carea' id='block_1_5' title="bbox 498 570 2088 644">
    <p class='ocr_par' dir='ltr' id='par_1_5' title="bbox 498 570 2088 644">
     <span class='ocr_line' id='line_1_5' title="bbox 498 570 2088 644; baseline -0.001 -20"><span class='ocrx_word' id='word_1_23' title='bbox 498 570 607 631; x_wconf 75' lang='lat'><strong>285</strong></span> <span class='ocrx_word' id='word_1_24' title='bbox 632 580 687 626; x_wconf 90' lang='lat' dir='ltr'><strong>et</strong></span> <span class='ocrx_word' id='word_1_25' title='bbox 706 570 834 627; x_wconf 73' lang='lat'><strong>292.</strong></span> <span class='ocrx_word' id='word_1_26' title='bbox 864 571 1063 640; x_wconf 87' lang='lat' dir='ltr'><strong>Quidni</strong></span> <span class='ocrx_word' id='word_1_27' title='bbox 1105 587 1236 644; x_wconf 86' lang='lat' dir='ltr'><strong>ergo</strong></span> <span class='ocrx_word' id='word_1_28' title='bbox 1259 573 1379 643; x_wconf 91' lang='lat' dir='ltr'><strong>quis</strong></span> <span class='ocrx_word' id='word_1_29' title='bbox 1407 579 1575 641; x_wconf 86' lang='lat' dir='ltr'><strong>putet,</strong></span> <span class='ocrx_word' id='word_1_30' title='bbox 1609 586 1671 624; x_wconf 90' lang='lat' dir='ltr'><strong>ea</strong></span> <span class='ocrx_word' id='word_1_31' title='bbox 1702 579 1976 623; x_wconf 87' lang='lat' dir='ltr'><strong>auctorem</strong></span> <span class='ocrx_word' id='word_1_32' title='bbox 2011 570 2088 623; x_wconf 82' lang='lat' dir='ltr'><strong>lo-</strong></span> 
     </span>
    </p>
   </div>
   <div class='ocr_carea' id='block_1_6' title="bbox 501 660 2089 733">
    <p class='ocr_par' dir='ltr' id='par_1_6' title="bbox 501 660 2089 733">
     <span class='ocr_line' id='line_1_6' title="bbox 501 660 2089 733; baseline -0.004 -17"><span class='ocrx_word' id='word_1_33' title='bbox 501 675 563 716; x_wconf 89' lang='lat' dir='ltr'><strong>ca</strong></span> <span class='ocrx_word' id='word_1_34' title='bbox 622 662 891 733; x_wconf 74' lang='lat' dir='ltr'><strong>respicere</strong></span> <span class='ocrx_word' id='word_1_35' title='bbox 938 661 1165 719; x_wconf 82' lang='lat' dir='ltr'><strong>secundi</strong></span> <span class='ocrx_word' id='word_1_36' title='bbox 1225 662 1367 726; x_wconf 87' lang='lat' dir='ltr'><strong>libri,</strong></span> <span class='ocrx_word' id='word_1_37' title='bbox 1413 675 1533 731; x_wconf 65' lang='lat' dir='ltr'><strong>qua:</strong></span> <span class='ocrx_word' id='word_1_38' title='bbox 1581 661 1740 714; x_wconf 92' lang='lat' dir='ltr'><strong>modo</strong></span> <span class='ocrx_word' id='word_1_39' title='bbox 1775 660 2089 715; x_wconf 85' lang='lat' dir='ltr'><strong>desideran-</strong></span> 
     </span>
    </p>
   </div>
   <div class='ocr_carea' id='block_1_7' title="bbox 503 753 626 807">
    <p class='ocr_par' dir='ltr' id='par_1_7' title="bbox 503 753 626 807">
     <span class='ocr_line' id='line_1_7' title="bbox 503 753 626 807; baseline 0 -1"><span class='ocrx_word' id='word_1_40' title='bbox 503 753 626 807; x_wconf 89' lang='lat' dir='ltr'><strong>tur?</strong></span> 
     </span>
    </p>
   </div>
   <div class='ocr_carea' id='block_1_8' title="bbox 573 844 2084 909">
    <p class='ocr_par' dir='ltr' id='par_1_8' title="bbox 573 844 2084 909">
     <span class='ocr_line' id='line_1_8' title="bbox 573 844 2084 909; baseline 0 -11"><span class='ocrx_word' id='word_1_41' title='bbox 573 845 673 898; x_wconf 81' lang='lat' dir='ltr'><strong>Diti</strong></span> <span class='ocrx_word' id='word_1_42' title='bbox 706 845 840 909; x_wconf 64' lang='lat' dir='ltr'><strong>haec,</strong></span> <span class='ocrx_word' id='word_1_43' title='bbox 874 853 933 899; x_wconf 91' lang='lat' dir='ltr'><strong>ut</strong></span> <span class='ocrx_word' id='word_1_44' title='bbox 979 860 1167 899; x_wconf 85' lang='lat' dir='ltr'><strong>verum</strong></span> <span class='ocrx_word' id='word_1_45' title='bbox 1201 844 1393 907; x_wconf 88' lang='lat' dir='ltr'><strong>fatear,</strong></span> <span class='ocrx_word' id='word_1_46' title='bbox 1423 844 1709 898; x_wconf 91' lang='lat' dir='ltr'><strong>sollicitum</strong></span> <span class='ocrx_word' id='word_1_47' title='bbox 1757 857 1844 896; x_wconf 92' lang='lat' dir='ltr'><strong>me</strong></span> <span class='ocrx_word' id='word_1_48' title='bbox 1880 844 2084 898; x_wconf 82' lang='lat' dir='ltr'><strong>habue-</strong></span> 
     </span>
    </p>
   </div>
   <div class='ocr_carea' id='block_1_9' title="bbox 503 934 2090 997">
    <p class='ocr_par' dir='ltr' id='par_1_9' title="bbox 503 934 2090 997">
     <span class='ocr_line' id='line_1_9' title="bbox 503 934 2090 997; baseline -0.002 -6"><span class='ocrx_word' id='word_1_49' title='bbox 503 950 582 991; x_wconf 88' lang='lat' dir='ltr'><strong>re.</strong></span> <span class='ocrx_word' id='word_1_50' title='bbox 616 935 815 990; x_wconf 79' lang='lat' dir='ltr'><strong>Verum</strong></span> <span class='ocrx_word' id='word_1_51' title='bbox 854 935 907 990; x_wconf 89' lang='lat' dir='ltr'><strong>iu</strong></span> <span class='ocrx_word' id='word_1_52' title='bbox 954 950 1072 991; x_wconf 87' lang='lat' dir='ltr'><strong>eam</strong></span> <span class='ocrx_word' id='word_1_53' title='bbox 1107 939 1322 990; x_wconf 92' lang='lat' dir='ltr'><strong>tandem</strong></span> <span class='ocrx_word' id='word_1_54' title='bbox 1361 934 1612 990; x_wconf 83' lang='lat' dir='ltr'><strong>descendi</strong></span> <span class='ocrx_word' id='word_1_55' title='bbox 1648 934 1994 997; x_wconf 88' lang='lat' dir='ltr'><strong>sententiam,</strong></span> <span class='ocrx_word' id='word_1_56' title='bbox 2030 943 2090 988; x_wconf 89' lang='grc' dir='ltr'>ιιι</span> 
     </span>
    </p>
   </div>
   <div class='ocr_carea' id='block_1_10' title="bbox 499 1025 2084 1098">
    <p class='ocr_par' dir='ltr' id='par_1_10' title="bbox 499 1025 2084 1098">
     <span class='ocr_line' id='line_1_10' title="bbox 499 1025 2084 1098; baseline -0.002 -16"><span class='ocrx_word' id='word_1_57' title='bbox 499 1038 746 1098; x_wconf 88' lang='lat' dir='ltr'><strong>putarem</strong></span> <span class='ocrx_word' id='word_1_58' title='bbox 777 1026 932 1081; x_wconf 87' lang='lat' dir='ltr'><strong>citari</strong></span> <span class='ocrx_word' id='word_1_59' title='bbox 965 1027 1252 1098; x_wconf 74' lang='lat' dir='ltr'><strong>utrobique</strong></span> <span class='ocrx_word' id='word_1_60' title='bbox 1287 1043 1391 1080; x_wconf 89' lang='lat' dir='ltr'><strong>non</strong></span> <span class='ocrx_word' id='word_1_61' title='bbox 1420 1026 1712 1080; x_wconf 88' lang='lat' dir='ltr'><strong>secundum</strong></span> <span class='ocrx_word' id='word_1_62' title='bbox 1747 1025 1906 1094; x_wconf 82' lang='lat' dir='ltr'><strong>hujus</strong></span> <span class='ocrx_word' id='word_1_63' title='bbox 1955 1040 2084 1092; x_wconf 85' lang='lat' dir='ltr'><strong>ope-</strong></span> 
     </span>
    </p>
   </div>
   <div class='ocr_carea' id='block_1_11' title="bbox 497 1117 2089 1189">
    <p class='ocr_par' dir='ltr' id='par_1_11' title="bbox 497 1117 2089 1189">
     <span class='ocr_line' id='line_1_11' title="bbox 497 1117 2089 1189; baseline -0.004 -15"><span class='ocrx_word' id='word_1_64' title='bbox 497 1123 579 1186; x_wconf 74' lang='lat' dir='ltr'><strong>ris</strong></span> <span class='ocrx_word' id='word_1_65' title='bbox 610 1120 842 1180; x_wconf 84' lang='lat' dir='ltr'><strong>librum;</strong></span> <span class='ocrx_word' id='word_1_66' title='bbox 881 1119 975 1175; x_wconf 81' lang='lat' dir='ltr'><strong>sed</strong></span> <span class='ocrx_word' id='word_1_67' title='bbox 1014 1119 1209 1174; x_wconf 89' lang='lat' dir='ltr'><strong>librum</strong></span> <span class='ocrx_word' id='word_1_68' title='bbox 1242 1119 1315 1173; x_wconf 83' lang='lat' dir='ltr'><strong>De</strong></span> <span class='ocrx_word' id='word_1_69' title='bbox 1345 1119 1548 1189; x_wconf 75' lang='lat' dir='ltr'><strong>Spiritu</strong></span> <span class='ocrx_word' id='word_1_70' title='bbox 1579 1127 1760 1171; x_wconf 76' lang='lat' dir='ltr'><strong>sancto</strong></span> <span class='ocrx_word' id='word_1_71' title='bbox 1787 1117 1858 1171; x_wconf 91' lang='lat' dir='ltr'><strong>ab</strong></span> <span class='ocrx_word' id='word_1_72' title='bbox 1897 1117 2089 1172; x_wconf 76' lang='lat' dir='ltr'><strong>Hiero-</strong></span> 
     </span>
    </p>
   </div>
   <div class='ocr_carea' id='block_1_12' title="bbox 503 1210 2087 1284">
    <p class='ocr_par' dir='ltr' id='par_1_12' title="bbox 503 1210 2087 1284">
     <span class='ocr_line' id='line_1_12' title="bbox 503 1210 2087 1284; baseline -0.003 -16"><span class='ocrx_word' id='word_1_73' title='bbox 503 1229 668 1284; x_wconf 84' lang='lat' dir='ltr'><strong>nymo</strong></span> <span class='ocrx_word' id='word_1_74' title='bbox 717 1211 910 1266; x_wconf 87' lang='lat' dir='ltr'><strong>Latine</strong></span> <span class='ocrx_word' id='word_1_75' title='bbox 963 1226 1203 1266; x_wconf 90' lang='lat' dir='ltr'><strong>versum.</strong></span> <span class='ocrx_word' id='word_1_76' title='bbox 1249 1210 1449 1265; x_wconf 83' lang='lat' dir='ltr'><strong>Tribus</strong></span> <span class='ocrx_word' id='word_1_77' title='bbox 1485 1219 1663 1266; x_wconf 87' lang='lat' dir='ltr'><strong>autem</strong></span> <span class='ocrx_word' id='word_1_78' title='bbox 1696 1210 1997 1265; x_wconf 86' lang='lat' dir='ltr'><strong>rationibus</strong></span> <span class='ocrx_word' id='word_1_79' title='bbox 2033 1210 2087 1264; x_wconf 93' lang='lat' dir='ltr'><strong>id</strong></span> 
     </span>
    </p>
   </div>
   <div class='ocr_carea' id='block_1_13' title="bbox 503 1304 787 1360">
    <p class='ocr_par' dir='ltr' id='par_1_13' title="bbox 503 1304 787 1360">
     <span class='ocr_line' id='line_1_13' title="bbox 503 1304 787 1360; baseline 0.007 -4"><span class='ocrx_word' id='word_1_80' title='bbox 503 1304 787 1360; x_wconf 84' lang='lat' dir='ltr'><strong>confirmo.</strong></span> 
     </span>
    </p>
   </div>
   <div class='ocr_carea' id='block_1_14' title="bbox 572 1380 2088 1464">
    <p class='ocr_par' dir='ltr' id='par_1_14' title="bbox 572 1380 2088 1464">
     <span class='ocr_line' id='line_1_14' title="bbox 572 1380 2088 1464; baseline -0.002 -16"><span class='ocrx_word' id='word_1_81' title='bbox 572 1393 707 1448; x_wconf 84' lang='lat' dir='ltr'><strong>Nam</strong></span> <span class='ocrx_word' id='word_1_82' title='bbox 733 1395 907 1464; x_wconf 91' lang='lat' dir='ltr'><strong>primo</strong></span> <span class='ocrx_word' id='word_1_83' title='bbox 941 1394 1160 1449; x_wconf 85' lang='lat' dir='ltr'><strong>dubium</strong></span> <span class='ocrx_word' id='word_1_84' title='bbox 1187 1393 1341 1447; x_wconf 82' lang='lat' dir='ltr'><strong>valde</strong></span> <span class='ocrx_word' id='word_1_85' title='bbox 1375 1403 1479 1456; x_wconf 78' lang='lat' dir='ltr'><strong>est,</strong></span> <span class='ocrx_word' id='word_1_86' title='bbox 1512 1407 1579 1446; x_wconf 91' lang='lat' dir='ltr'><strong>au</strong></span> <span class='ocrx_word' id='word_1_87' title='bbox 1611 1392 1833 1447; x_wconf 83' lang='lat' dir='ltr'><strong>secundi</strong></span> <span class='ocrx_word' id='word_1_88' title='bbox 1867 1380 1987 1446; x_wconf 91' lang='lat' dir='ltr'><strong>libri</strong></span> <span class='ocrx_word' id='word_1_89' title='bbox 2022 1393 2088 1445; x_wconf 90' lang='lat' dir='ltr'><strong>ti-</strong></span> 
     </span>
    </p>
   </div>
   <div class='ocr_carea' id='block_1_15' title="bbox 505 1481 2086 1552">
    <p class='ocr_par' dir='ltr' id='par_1_15' title="bbox 505 1481 2086 1552">
     <span class='ocr_line' id='line_1_15' title="bbox 505 1481 2086 1552; baseline 0 -16"><span class='ocrx_word' id='word_1_90' title='bbox 505 1482 648 1536; x_wconf 91' lang='lat' dir='ltr'><strong>tulus</strong></span> <span class='ocrx_word' id='word_1_91' title='bbox 678 1483 745 1536; x_wconf 87' lang='lat' dir='ltr'><strong>ab</strong></span> <span class='ocrx_word' id='word_1_92' title='bbox 775 1491 996 1536; x_wconf 88' lang='lat' dir='ltr'><strong>auctore</strong></span> <span class='ocrx_word' id='word_1_93' title='bbox 1029 1483 1144 1552; x_wconf 90' lang='lat' dir='ltr'><strong>ipso</strong></span> <span class='ocrx_word' id='word_1_94' title='bbox 1171 1483 1242 1537; x_wconf 85' lang='lat' dir='ltr'><strong>sit</strong></span> <span class='ocrx_word' id='word_1_95' title='bbox 1269 1481 1580 1552; x_wconf 71' lang='lat' dir='ltr'><strong>inscriptus,</strong></span> <span class='ocrx_word' id='word_1_96' title='bbox 1617 1495 1683 1536; x_wconf 90' lang='lat' dir='ltr'><strong>an</strong></span> <span class='ocrx_word' id='word_1_97' title='bbox 1711 1497 1838 1536; x_wconf 89' lang='lat' dir='ltr'><strong>vero</strong></span> <span class='ocrx_word' id='word_1_98' title='bbox 1866 1498 1895 1536; x_wconf 91' lang='lat' dir='ltr'><strong>a</strong></span> <span class='ocrx_word' id='word_1_99' title='bbox 1921 1481 2086 1536; x_wconf 81' lang='lat' dir='ltr'><strong>libra-</strong></span> 
     </span>
    </p>
   </div>
   <div class='ocr_carea' id='block_1_16' title="bbox 503 1571 2090 1645">
    <p class='ocr_par' dir='ltr' id='par_1_16' title="bbox 503 1571 2090 1645">
     <span class='ocr_line' id='line_1_16' title="bbox 503 1571 2090 1645; baseline -0.001 -17"><span class='ocrx_word' id='word_1_100' title='bbox 503 1574 621 1628; x_wconf 86' lang='lat' dir='ltr'><strong>riis.</strong></span> <span class='ocrx_word' id='word_1_101' title='bbox 662 1574 924 1645; x_wconf 85' lang='lat' dir='ltr'><strong>Equidem</strong></span> <span class='ocrx_word' id='word_1_102' title='bbox 965 1588 1072 1627; x_wconf 90' lang='lat' dir='ltr'><strong>non</strong></span> <span class='ocrx_word' id='word_1_103' title='bbox 1111 1588 1234 1626; x_wconf 90' lang='lat' dir='ltr'><strong>eum</strong></span> <span class='ocrx_word' id='word_1_104' title='bbox 1266 1573 1426 1629; x_wconf 92' lang='lat' dir='ltr'><strong>modo</strong></span> <span class='ocrx_word' id='word_1_105' title='bbox 1464 1572 1696 1638; x_wconf 91' lang='lat' dir='ltr'><strong>titulum,</strong></span> <span class='ocrx_word' id='word_1_106' title='bbox 1739 1571 1832 1626; x_wconf 87' lang='lat' dir='ltr'><strong>sed</strong></span> <span class='ocrx_word' id='word_1_107' title='bbox 1863 1582 1917 1626; x_wconf 93' lang='lat' dir='ltr'><strong>et</strong></span> <span class='ocrx_word' id='word_1_108' title='bbox 1949 1573 2090 1628; x_wconf 87' lang='lat' dir='ltr'><strong>indi-</strong></span> 
     </span>
    </p>
   </div>
   <div class='ocr_carea' id='block_1_17' title="bbox 502 1665 2091 1736">
    <p class='ocr_par' dir='ltr' id='par_1_17' title="bbox 502 1665 2091 1736">
     <span class='ocr_line' id='line_1_17' title="bbox 502 1665 2091 1736; baseline 0 -15"><span class='ocrx_word' id='word_1_109' title='bbox 502 1681 618 1721; x_wconf 85' lang='lat' dir='ltr'><strong>cem</strong></span> <span class='ocrx_word' id='word_1_110' title='bbox 653 1667 910 1735; x_wconf 87' lang='lat' dir='ltr'><strong>capitum,</strong></span> <span class='ocrx_word' id='word_1_111' title='bbox 953 1668 1040 1734; x_wconf 87' lang='lat' dir='ltr'><strong>qui</strong></span> <span class='ocrx_word' id='word_1_112' title='bbox 1071 1667 1315 1736; x_wconf 79' lang='lat' dir='ltr'><strong>proxime</strong></span> <span class='ocrx_word' id='word_1_113' title='bbox 1344 1675 1464 1735; x_wconf 83' lang='lat' dir='ltr'><strong>Post</strong></span> <span class='ocrx_word' id='word_1_114' title='bbox 1491 1665 1704 1720; x_wconf 83' lang='lat' dir='ltr'><strong>titulum</strong></span> <span class='ocrx_word' id='word_1_115' title='bbox 1733 1665 1998 1735; x_wconf 88' lang='lat' dir='ltr'><strong>sequitur,</strong></span> <span class='ocrx_word' id='word_1_116' title='bbox 2034 1678 2091 1723; x_wconf 89' lang='lat' dir='ltr'><strong>et</strong></span> 
     </span>
    </p>
   </div>
   <div class='ocr_carea' id='block_1_18' title="bbox 501 1755 2089 1826">
    <p class='ocr_par' dir='ltr' id='par_1_18' title="bbox 501 1755 2089 1826">
     <span class='ocr_line' id='line_1_18' title="bbox 501 1755 2089 1826; baseline 0.004 -18"><span class='ocrx_word' id='word_1_117' title='bbox 501 1755 838 1825; x_wconf 88' lang='lat' dir='ltr'><strong>singulorum</strong></span> <span class='ocrx_word' id='word_1_118' title='bbox 888 1756 1121 1824; x_wconf 88' lang='lat' dir='ltr'><strong>capitum</strong></span> <span class='ocrx_word' id='word_1_119' title='bbox 1165 1764 1481 1826; x_wconf 86' lang='lat' dir='ltr'><strong>argumenta</strong></span> <span class='ocrx_word' id='word_1_120' title='bbox 1525 1756 1592 1811; x_wconf 90' lang='lat' dir='ltr'><strong>ab</strong></span> <span class='ocrx_word' id='word_1_121' title='bbox 1623 1757 1729 1820; x_wconf 89' lang='lat' dir='ltr'><strong>bis,</strong></span> <span class='ocrx_word' id='word_1_122' title='bbox 1760 1773 1864 1810; x_wconf 87' lang='lat' dir='ltr'><strong>non</strong></span> <span class='ocrx_word' id='word_1_123' title='bbox 1891 1760 1961 1814; x_wconf 87' lang='lat' dir='ltr'><strong>ab</strong></span> <span class='ocrx_word' id='word_1_124' title='bbox 1998 1759 2089 1814; x_wconf 93' lang='lat' dir='ltr'><strong>illo</strong></span> 
     </span>
    </p>
   </div>
   <div class='ocr_carea' id='block_1_19' title="bbox 2191 568 3770 640">
    <p class='ocr_par' dir='ltr' id='par_1_19' title="bbox 2191 568 3770 640">
     <span class='ocr_line' id='line_1_19' title="bbox 2191 568 3770 640; baseline 0.006 -21"><span class='ocrx_word' id='word_1_125' title='bbox 2191 568 2394 623; x_wconf 84' lang='lat' dir='ltr'><strong>allata?</strong></span> <span class='ocrx_word' id='word_1_126' title='bbox 2433 569 2488 624; x_wconf 89' lang='lat' dir='ltr'><strong>Si</strong></span> <span class='ocrx_word' id='word_1_127' title='bbox 2516 569 2757 638; x_wconf 79' lang='lat' dir='ltr'><strong>excipias</strong></span> <span class='ocrx_word' id='word_1_128' title='bbox 2791 569 2920 624; x_wconf 87' lang='lat' dir='ltr'><strong>illud</strong></span> <span class='ocrx_word' id='word_1_129' title='bbox 2949 585 2962 623; x_wconf 90' lang='lat'><strong>:</strong></span> <span class='ocrx_word' id='word_1_130' title='bbox 2998 569 3120 624; x_wconf 79' lang='lat' dir='ltr'><strong>Nisi</strong></span> <span class='ocrx_word' id='word_1_131' title='bbox 3141 572 3279 639; x_wconf 72' lang='lat' dir='ltr'><strong>quis,</strong></span> <span class='ocrx_word' id='word_1_132' title='bbox 3310 580 3440 636; x_wconf 89' lang='lat' dir='ltr'><strong>etc.,</strong></span> <span class='ocrx_word' id='word_1_133' title='bbox 3477 573 3618 640; x_wconf 91' lang='lat' dir='ltr'><strong>quod</strong></span> <span class='ocrx_word' id='word_1_134' title='bbox 3652 588 3770 640; x_wconf 85' lang='lat' dir='ltr'><strong>cap.</strong></span> 
     </span>
    </p>
   </div>
   <div class='ocr_carea' id='block_1_20' title="bbox 2191 651 3776 725">
    <p class='ocr_par' dir='ltr' id='par_1_20' title="bbox 2191 651 3776 725">
     <span class='ocr_line' id='line_1_20' title="bbox 2191 651 3776 725; baseline 0.004 -13"><span class='ocrx_word' id='word_1_135' title='bbox 2191 651 2260 712; x_wconf 72' lang='lat' dir='ltr'><strong>l3</strong></span> <span class='ocrx_word' id='word_1_136' title='bbox 2286 658 2532 725; x_wconf 77' lang='lat' dir='ltr'><strong>aﬂ&#39;ertur,</strong></span> <span class='ocrx_word' id='word_1_137' title='bbox 2577 661 2662 714; x_wconf 89' lang='lat' dir='ltr'><strong>vix</strong></span> <span class='ocrx_word' id='word_1_138' title='bbox 2705 660 2870 714; x_wconf 88' lang='lat' dir='ltr'><strong>ullum</strong></span> <span class='ocrx_word' id='word_1_139' title='bbox 2909 661 3054 716; x_wconf 86' lang='lat' dir='ltr'><strong>aliud</strong></span> <span class='ocrx_word' id='word_1_140' title='bbox 3094 662 3148 716; x_wconf 91' lang='lat' dir='ltr'><strong>in</strong></span> <span class='ocrx_word' id='word_1_141' title='bbox 3194 664 3432 719; x_wconf 88' lang='lat' dir='ltr'><strong>secundo</strong></span> <span class='ocrx_word' id='word_1_142' title='bbox 3460 663 3596 718; x_wconf 89' lang='lat' dir='ltr'><strong>libro</strong></span> <span class='ocrx_word' id='word_1_143' title='bbox 3626 665 3776 720; x_wconf 86' lang='lat' dir='ltr'><strong>iuve-</strong></span> 
     </span>
    </p>
   </div>
   <div class='ocr_carea' id='block_1_21' title="bbox 2190 752 3773 824">
    <p class='ocr_par' dir='ltr' id='par_1_21' title="bbox 2190 752 3773 824">
     <span class='ocr_line' id='line_1_21' title="bbox 2190 752 3773 824; baseline 0.004 -20"><span class='ocrx_word' id='word_1_144' title='bbox 2190 752 2306 806; x_wconf 88' lang='lat' dir='ltr'><strong>nies</strong></span> <span class='ocrx_word' id='word_1_145' title='bbox 2359 769 2372 803; x_wconf 94' lang='lat'>:</span> <span class='ocrx_word' id='word_1_146' title='bbox 2422 753 2472 806; x_wconf 90' lang='lat' dir='ltr'><strong>id</strong></span> <span class='ocrx_word' id='word_1_147' title='bbox 2501 753 2644 806; x_wconf 90' lang='lat' dir='ltr'><strong>enim</strong></span> <span class='ocrx_word' id='word_1_148' title='bbox 2681 753 3022 821; x_wconf 88' lang='lat' dir='ltr'><strong>potissimum</strong></span> <span class='ocrx_word' id='word_1_149' title='bbox 3057 753 3112 807; x_wconf 83' lang='lat' dir='ltr'><strong>in</strong></span> <span class='ocrx_word' id='word_1_150' title='bbox 3145 755 3381 809; x_wconf 88' lang='lat' dir='ltr'><strong>secundo</strong></span> <span class='ocrx_word' id='word_1_151' title='bbox 3419 769 3609 810; x_wconf 91' lang='lat' dir='ltr'><strong>auctor</strong></span> <span class='ocrx_word' id='word_1_152' title='bbox 3654 771 3773 824; x_wconf 82' lang='lat' dir='ltr'><strong>spe-</strong></span> 
     </span>
    </p>
   </div>
   <div class='ocr_carea' id='block_1_22' title="bbox 2189 845 3774 918">
    <p class='ocr_par' dir='ltr' id='par_1_22' title="bbox 2189 845 3774 918">
     <span class='ocr_line' id='line_1_22' title="bbox 2189 845 3774 918; baseline 0.004 -20"><span class='ocrx_word' id='word_1_153' title='bbox 2189 855 2322 908; x_wconf 88' lang='lat' dir='ltr'><strong>ctat,</strong></span> <span class='ocrx_word' id='word_1_154' title='bbox 2374 855 2428 898; x_wconf 90' lang='lat' dir='ltr'><strong>ut</strong></span> <span class='ocrx_word' id='word_1_155' title='bbox 2480 857 2797 910; x_wconf 84' lang='lat' dir='ltr'><strong>argumenta</strong></span> <span class='ocrx_word' id='word_1_156' title='bbox 2852 861 2918 900; x_wconf 94' lang='lat' dir='ltr'><strong>ac</strong></span> <span class='ocrx_word' id='word_1_157' title='bbox 2969 845 3280 900; x_wconf 87' lang='lat' dir='ltr'><strong>testimonia</strong></span> <span class='ocrx_word' id='word_1_158' title='bbox 3335 847 3546 913; x_wconf 85' lang='lat' dir='ltr'><strong>aﬂ&#39;erat,</strong></span> <span class='ocrx_word' id='word_1_159' title='bbox 3578 849 3774 918; x_wconf 84' lang='lat' dir='ltr'><strong>quibus</strong></span> 
     </span>
    </p>
   </div>
   <div class='ocr_carea' id='block_1_23' title="bbox 2190 935 3772 1009">
    <p class='ocr_par' dir='ltr' id='par_1_23' title="bbox 2190 935 3772 1009">
     <span class='ocr_line' id='line_1_23' title="bbox 2190 935 3772 1009; baseline 0.004 -20"><span class='ocrx_word' id='word_1_160' title='bbox 2190 935 2424 1004; x_wconf 89' lang='lat' dir='ltr'><strong>Spiritus</strong></span> <span class='ocrx_word' id='word_1_161' title='bbox 2462 938 2632 992; x_wconf 85' lang='lat' dir='ltr'><strong>sancti</strong></span> <span class='ocrx_word' id='word_1_162' title='bbox 2681 938 2937 993; x_wconf 79' lang='lat' dir='ltr'><strong>divinitas</strong></span> <span class='ocrx_word' id='word_1_163' title='bbox 2962 938 3288 1002; x_wconf 77' lang='lat' dir='ltr'><strong>03teuditur,</strong></span> <span class='ocrx_word' id='word_1_164' title='bbox 3315 941 3772 1009; x_wconf 84' lang='lat' dir='ltr'><strong>quemadmodum</strong></span> 
     </span>
    </p>
   </div>
   <div class='ocr_carea' id='block_1_24' title="bbox 2190 1026 3770 1100">
    <p class='ocr_par' dir='ltr' id='par_1_24' title="bbox 2190 1026 3770 1100">
     <span class='ocr_line' id='line_1_24' title="bbox 2190 1026 3770 1100; baseline 0.004 -21"><span class='ocrx_word' id='word_1_165' title='bbox 2190 1026 2243 1079; x_wconf 91' lang='lat' dir='ltr'><strong>in</strong></span> <span class='ocrx_word' id='word_1_166' title='bbox 2279 1027 2444 1081; x_wconf 90' lang='lat' dir='ltr'><strong>tertio</strong></span> <span class='ocrx_word' id='word_1_167' title='bbox 2476 1028 2526 1082; x_wconf 92' lang='lat' dir='ltr'><strong>id</strong></span> <span class='ocrx_word' id='word_1_168' title='bbox 2568 1029 2912 1098; x_wconf 91' lang='lat' dir='ltr'><strong>potissimum</strong></span> <span class='ocrx_word' id='word_1_169' title='bbox 2937 1039 3166 1096; x_wconf 83' lang='lat' dir='ltr'><strong>spectat,</strong></span> <span class='ocrx_word' id='word_1_170' title='bbox 3193 1043 3251 1084; x_wconf 93' lang='lat' dir='ltr'><strong>ut</strong></span> <span class='ocrx_word' id='word_1_171' title='bbox 3277 1045 3339 1084; x_wconf 89' lang='lat' dir='ltr'><strong>ea</strong></span> <span class='ocrx_word' id='word_1_172' title='bbox 3365 1030 3659 1100; x_wconf 77' lang='lat' dir='ltr'><strong>Scriptura:</strong></span> <span class='ocrx_word' id='word_1_173' title='bbox 3691 1031 3770 1085; x_wconf 78' lang='lat' dir='ltr'><strong>Io-</strong></span> 
     </span>
    </p>
   </div>
   <div class='ocr_carea' id='block_1_25' title="bbox 2189 1117 3774 1190">
    <p class='ocr_par' dir='ltr' id='par_1_25' title="bbox 2189 1117 3774 1190">
     <span class='ocr_line' id='line_1_25' title="bbox 2189 1117 3774 1190; baseline 0.005 -19"><span class='ocrx_word' id='word_1_174' title='bbox 2189 1132 2252 1171; x_wconf 90' lang='lat' dir='ltr'><strong>ca</strong></span> <span class='ocrx_word' id='word_1_175' title='bbox 2298 1117 2508 1183; x_wconf 76' lang='lat' dir='ltr'><strong>afferat,</strong></span> <span class='ocrx_word' id='word_1_176' title='bbox 2570 1120 2768 1189; x_wconf 89' lang='lat' dir='ltr'><strong>quibus</strong></span> <span class='ocrx_word' id='word_1_177' title='bbox 2821 1133 3102 1188; x_wconf 86' lang='lat' dir='ltr'><strong>perperam</strong></span> <span class='ocrx_word' id='word_1_178' title='bbox 3156 1120 3440 1190; x_wconf 83' lang='lat' dir='ltr'><strong>explicatis</strong></span> <span class='ocrx_word' id='word_1_179' title='bbox 3495 1123 3774 1179; x_wconf 62' lang='lat' dir='ltr'><strong>catholica</strong></span> 
     </span>
    </p>
   </div>
   <div class='ocr_carea' id='block_1_26' title="bbox 2189 1209 3771 1282">
    <p class='ocr_par' dir='ltr' id='par_1_26' title="bbox 2189 1209 3771 1282">
     <span class='ocr_line' id='line_1_26' title="bbox 2189 1209 3771 1282; baseline 0.001 -14"><span class='ocrx_word' id='word_1_180' title='bbox 2189 1209 2447 1268; x_wconf 71' lang='lat' dir='ltr'><strong>Ecclesiae</strong></span> <span class='ocrx_word' id='word_1_181' title='bbox 2495 1210 2686 1281; x_wconf 84' lang='lat' dir='ltr'><strong>dogma</strong></span> <span class='ocrx_word' id='word_1_182' title='bbox 2738 1212 2978 1269; x_wconf 67' lang='lat' dir='ltr'><strong>haeretici</strong></span> <span class='ocrx_word' id='word_1_183' title='bbox 3021 1214 3430 1282; x_wconf 80' lang='lat' dir='ltr'><strong>impugnabant.</strong></span> <span class='ocrx_word' id='word_1_184' title='bbox 3482 1215 3552 1268; x_wconf 82' lang='lat' dir='ltr'><strong>At</strong></span> <span class='ocrx_word' id='word_1_185' title='bbox 3582 1226 3771 1269; x_wconf 86' lang='lat' dir='ltr'><strong>contra</strong></span> 
     </span>
    </p>
   </div>
   <div class='ocr_carea' id='block_1_27' title="bbox 2190 1300 3771 1376">
    <p class='ocr_par' dir='ltr' id='par_1_27' title="bbox 2190 1300 3771 1376">
     <span class='ocr_line' id='line_1_27' title="bbox 2190 1300 3771 1376; baseline 0.003 -21"><span class='ocrx_word' id='word_1_186' title='bbox 2190 1301 2243 1356; x_wconf 87' lang='lat' dir='ltr'><strong>itt</strong></span> <span class='ocrx_word' id='word_1_187' title='bbox 2281 1301 2420 1358; x_wconf 88' lang='lat' dir='ltr'><strong>libro</strong></span> <span class='ocrx_word' id='word_1_188' title='bbox 2451 1301 2527 1356; x_wconf 85' lang='lat' dir='ltr'><strong>De</strong></span> <span class='ocrx_word' id='word_1_189' title='bbox 2563 1300 2770 1368; x_wconf 80' lang='lat' dir='ltr'><strong>Spiritu</strong></span> <span class='ocrx_word' id='word_1_190' title='bbox 2810 1315 2994 1360; x_wconf 73' lang='lat' dir='ltr'><strong>sancto</strong></span> <span class='ocrx_word' id='word_1_191' title='bbox 3042 1305 3206 1358; x_wconf 91' lang='lat' dir='ltr'><strong>ntulta</strong></span> <span class='ocrx_word' id='word_1_192' title='bbox 3235 1304 3441 1372; x_wconf 78' lang='lat' dir='ltr'><strong>profert</strong></span> <span class='ocrx_word' id='word_1_193' title='bbox 3472 1305 3771 1376; x_wconf 67' lang='lat' dir='ltr'><strong>Scriptura:</strong></span> 
     </span>
    </p>
   </div>
   <div class='ocr_carea' id='block_1_28' title="bbox 2200 1395 3762 1468">
    <p class='ocr_par' dir='ltr' id='par_1_28' title="bbox 2200 1395 3762 1468">
     <span class='ocr_line' id='line_1_28' title="bbox 2200 1395 3762 1468; baseline 0.002 -20"><span class='ocrx_word' id='word_1_194' title='bbox 2200 1395 2315 1452; x_wconf 83' lang='lat' dir='ltr'><strong>loca</strong></span> <span class='ocrx_word' id='word_1_195' title='bbox 2357 1395 2426 1450; x_wconf 90' lang='lat' dir='ltr'><strong>iis</strong></span> <span class='ocrx_word' id='word_1_196' title='bbox 2454 1395 2672 1460; x_wconf 89' lang='lat' dir='ltr'><strong>similia,</strong></span> <span class='ocrx_word' id='word_1_197' title='bbox 2707 1410 2826 1464; x_wconf 70' lang='lat' dir='ltr'><strong>qua:</strong></span> <span class='ocrx_word' id='word_1_198' title='bbox 2852 1411 2976 1468; x_wconf 81' lang='lat' dir='ltr'><strong>pag.</strong></span> <span class='ocrx_word' id='word_1_199' title='bbox 3009 1397 3115 1452; x_wconf 72' lang='grc'><strong>425</strong></span> <span class='ocrx_word' id='word_1_200' title='bbox 3146 1396 3330 1452; x_wconf 89' lang='lat' dir='ltr'><strong>attulit</strong></span> <span class='ocrx_word' id='word_1_201' title='bbox 3356 1397 3408 1450; x_wconf 90' lang='lat' dir='ltr'><strong>in</strong></span> <span class='ocrx_word' id='word_1_202' title='bbox 3447 1397 3549 1452; x_wconf 90' lang='lat' dir='ltr'><strong>hoc</strong></span> <span class='ocrx_word' id='word_1_203' title='bbox 3577 1413 3762 1468; x_wconf 89' lang='lat' dir='ltr'><strong>opere,</strong></span> 
     </span>
    </p>
   </div>
   <div class='ocr_carea' id='block_1_29' title="bbox 2189 1487 2782 1543">
    <p class='ocr_par' dir='ltr' id='par_1_29' title="bbox 2189 1487 2782 1543">
     <span class='ocr_line' id='line_1_29' title="bbox 2189 1487 2782 1543; baseline 0.003 -3"><span class='ocrx_word' id='word_1_204' title='bbox 2189 1497 2248 1542; x_wconf 92' lang='lat' dir='ltr'><strong>ut</strong></span> <span class='ocrx_word' id='word_1_205' title='bbox 2279 1488 2492 1543; x_wconf 85' lang='lat' dir='ltr'><strong>ostendi</strong></span> <span class='ocrx_word' id='word_1_206' title='bbox 2529 1487 2583 1542; x_wconf 92' lang='lat' dir='ltr'><strong>in</strong></span> <span class='ocrx_word' id='word_1_207' title='bbox 2614 1488 2782 1543; x_wconf 88' lang='lat' dir='ltr'><strong>notis.</strong></span> 
     </span>
    </p>
   </div>
   <div class='ocr_carea' id='block_1_30' title="bbox 2259 1577 3774 1644">
    <p class='ocr_par' dir='ltr' id='par_1_30' title="bbox 2259 1577 3774 1644">
     <span class='ocr_line' id='line_1_30' title="bbox 2259 1577 3774 1644; baseline 0.001 -12"><span class='ocrx_word' id='word_1_208' title='bbox 2259 1577 2446 1632; x_wconf 86' lang='lat' dir='ltr'><strong>Tertio</strong></span> <span class='ocrx_word' id='word_1_209' title='bbox 2479 1577 2676 1632; x_wconf 90' lang='lat' dir='ltr'><strong>librum</strong></span> <span class='ocrx_word' id='word_1_210' title='bbox 2723 1594 2879 1633; x_wconf 88' lang='lat' dir='ltr'><strong>suum</strong></span> <span class='ocrx_word' id='word_1_211' title='bbox 2911 1578 2986 1632; x_wconf 81' lang='lat' dir='ltr'><strong>De</strong></span> <span class='ocrx_word' id='word_1_212' title='bbox 3024 1578 3223 1644; x_wconf 89' lang='lat' dir='ltr'><strong>Spiritu</strong></span> <span class='ocrx_word' id='word_1_213' title='bbox 3273 1589 3456 1632; x_wconf 76' lang='lat' dir='ltr'><strong>sancto</strong></span> <span class='ocrx_word' id='word_1_214' title='bbox 3487 1582 3610 1631; x_wconf 88' lang='lat' dir='ltr'><strong>dttut</strong></span> <span class='ocrx_word' id='word_1_215' title='bbox 3643 1580 3774 1634; x_wconf 73' lang='lat' dir='ltr'><strong>cita:</strong></span> 
     </span>
    </p>
   </div>
   <div class='ocr_carea' id='block_1_31' title="bbox 2197 1668 3772 1740">
    <p class='ocr_par' dir='ltr' id='par_1_31' title="bbox 2197 1668 3772 1740">
     <span class='ocr_line' id='line_1_31' title="bbox 2197 1668 3772 1740; baseline -0.001 -17"><span class='ocrx_word' id='word_1_216' title='bbox 2197 1670 2410 1724; x_wconf 90' lang='lat' dir='ltr'><strong>duobus</strong></span> <span class='ocrx_word' id='word_1_217' title='bbox 2446 1668 2498 1723; x_wconf 93' lang='lat' dir='ltr'><strong>in</strong></span> <span class='ocrx_word' id='word_1_218' title='bbox 2531 1668 2665 1723; x_wconf 91' lang='lat' dir='ltr'><strong>locis</strong></span> <span class='ocrx_word' id='word_1_219' title='bbox 2694 1677 2886 1724; x_wconf 89' lang='lat' dir='ltr'><strong>auctor</strong></span> <span class='ocrx_word' id='word_1_220' title='bbox 2919 1681 3126 1734; x_wconf 89' lang='lat' dir='ltr'><strong>noster,</strong></span> <span class='ocrx_word' id='word_1_221' title='bbox 3158 1669 3444 1740; x_wconf 88' lang='lat' dir='ltr'><strong>utrobique</strong></span> <span class='ocrx_word' id='word_1_222' title='bbox 3473 1670 3629 1738; x_wconf 81' lang='grc' dir='ltr'>λόγον</span> <span class='ocrx_word' id='word_1_223' title='bbox 3652 1687 3772 1723; x_wconf 84' lang='lat' dir='ltr'><strong>eum</strong></span> 
     </span>
    </p>
   </div>
   <div class='ocr_carea' id='block_1_32' title="bbox 2187 1758 3774 1832">
    <p class='ocr_par' dir='ltr' id='par_1_32' title="bbox 2187 1758 3774 1832">
     <span class='ocr_line' id='line_1_32' title="bbox 2187 1758 3774 1832; baseline -0.001 -20"><span class='ocrx_word' id='word_1_224' title='bbox 2187 1769 2368 1828; x_wconf 88' lang='lat' dir='ltr'><strong>vocat,</strong></span> <span class='ocrx_word' id='word_1_225' title='bbox 2396 1774 2500 1813; x_wconf 92' lang='lat' dir='ltr'><strong>non</strong></span> <span class='ocrx_word' id='word_1_226' title='bbox 2531 1758 2752 1828; x_wconf 88' lang='grc' dir='ltr'>βιϐλίον.</span> <span class='ocrx_word' id='word_1_227' title='bbox 2777 1758 2904 1813; x_wconf 89' lang='lat' dir='ltr'><strong>lude</strong></span> <span class='ocrx_word' id='word_1_228' title='bbox 2932 1770 3110 1814; x_wconf 86' lang='lat' dir='ltr'><strong>autem</strong></span> <span class='ocrx_word' id='word_1_229' title='bbox 3145 1761 3336 1832; x_wconf 83' lang='lat' dir='ltr'><strong>colligo</strong></span> <span class='ocrx_word' id='word_1_230' title='bbox 3358 1762 3586 1831; x_wconf 81' lang='lat' dir='ltr'><strong>spectari</strong></span> <span class='ocrx_word' id='word_1_231' title='bbox 3621 1762 3688 1816; x_wconf 77' lang='lat' dir='ltr'><strong>ab</strong></span> <span class='ocrx_word' id='word_1_232' title='bbox 3710 1777 3774 1812; x_wconf 75' lang='grc' dir='ltr'>ιιι)</span> 
     </span>
    </p>
   </div>
   <div class='ocr_carea' id='block_1_33' title="bbox 500 1832 3774 1920">
    <p class='ocr_par' dir='ltr' id='par_1_33' title="bbox 500 1832 3774 1920">
     <span class='ocr_line' id='line_1_33' title="bbox 500 1832 3774 1920; baseline 0.002 -22"><span class='ocrx_word' id='word_1_233' title='bbox 500 1832 682 1900; x_wconf 85' lang='lat' dir='ltr'><strong>addita</strong></span> <span class='ocrx_word' id='word_1_234' title='bbox 721 1861 842 1901; x_wconf 84' lang='lat' dir='ltr'><strong>esse</strong></span> <span class='ocrx_word' id='word_1_235' title='bbox 895 1848 1182 1910; x_wconf 77' lang='lat' dir='ltr'><strong>existimo;</strong></span> <span class='ocrx_word' id='word_1_236' title='bbox 1223 1848 1458 1902; x_wconf 85' lang='lat' dir='ltr'><strong>auctoris</strong></span> <span class='ocrx_word' id='word_1_237' title='bbox 1491 1862 1620 1901; x_wconf 89' lang='lat' dir='ltr'><strong>vero</strong></span> <span class='ocrx_word' id='word_1_238' title='bbox 1670 1859 1905 1902; x_wconf 90' lang='lat' dir='ltr'><strong>mentem</strong></span> <span class='ocrx_word' id='word_1_239' title='bbox 1948 1849 2087 1905; x_wconf 86' lang='lat' dir='ltr'><strong>banc</strong></span> <span class='ocrx_word' id='word_1_240' title='bbox 2119 1832 2164 1888; x_wconf 76' lang='grc' dir='ltr'><strong>Β</strong></span> <span class='ocrx_word' id='word_1_241' title='bbox 2191 1867 2295 1904; x_wconf 95' lang='lat' dir='ltr'><strong>non</strong></span> <span class='ocrx_word' id='word_1_242' title='bbox 2327 1850 2630 1906; x_wconf 87' lang='lat' dir='ltr'><strong>secundum</strong></span> <span class='ocrx_word' id='word_1_243' title='bbox 2662 1851 2822 1920; x_wconf 86' lang='lat' dir='ltr'><strong>hujus</strong></span> <span class='ocrx_word' id='word_1_244' title='bbox 2857 1851 3040 1920; x_wconf 90' lang='lat' dir='ltr'><strong>operis</strong></span> <span class='ocrx_word' id='word_1_245' title='bbox 3071 1852 3288 1917; x_wconf 91' lang='lat' dir='ltr'><strong>librum,</strong></span> <span class='ocrx_word' id='word_1_246' title='bbox 3319 1854 3414 1907; x_wconf 91' lang='lat' dir='ltr'><strong>sed</strong></span> <span class='ocrx_word' id='word_1_247' title='bbox 3455 1852 3653 1906; x_wconf 88' lang='lat' dir='ltr'><strong>librttnt</strong></span> <span class='ocrx_word' id='word_1_248' title='bbox 3700 1852 3774 1906; x_wconf 81' lang='lat' dir='ltr'><strong>De</strong></span> 
     </span>
    </p>
   </div>
   <div class='ocr_carea' id='block_1_34' title="bbox 499 1934 2086 1998">
    <p class='ocr_par' dir='ltr' id='par_1_34' title="bbox 499 1934 2086 1998">
     <span class='ocr_line' id='line_1_34' title="bbox 499 1934 2086 1998; baseline 0.002 -8"><span class='ocrx_word' id='word_1_249' title='bbox 499 1934 691 1998; x_wconf 86' lang='lat' dir='ltr'><strong>fuisse.</strong></span> <span class='ocrx_word' id='word_1_250' title='bbox 733 1945 791 1990; x_wconf 91' lang='lat' dir='ltr'><strong>ut</strong></span> <span class='ocrx_word' id='word_1_251' title='bbox 836 1946 946 1990; x_wconf 90' lang='lat' dir='ltr'><strong>tres</strong></span> <span class='ocrx_word' id='word_1_252' title='bbox 992 1937 1046 1990; x_wconf 90' lang='lat' dir='ltr'><strong>bi</strong></span> <span class='ocrx_word' id='word_1_253' title='bbox 1079 1937 1199 1990; x_wconf 85' lang='lat' dir='ltr'><strong>libri</strong></span> <span class='ocrx_word' id='word_1_254' title='bbox 1235 1938 1336 1992; x_wconf 88' lang='lat' dir='ltr'><strong>boc</strong></span> <span class='ocrx_word' id='word_1_255' title='bbox 1365 1939 1448 1992; x_wconf 89' lang='lat' dir='ltr'><strong>vel</strong></span> <span class='ocrx_word' id='word_1_256' title='bbox 1483 1939 1588 1992; x_wconf 90' lang='lat' dir='ltr'><strong>alio</strong></span> <span class='ocrx_word' id='word_1_257' title='bbox 1616 1937 1760 1992; x_wconf 81' lang='lat' dir='ltr'><strong>aﬂini</strong></span> <span class='ocrx_word' id='word_1_258' title='bbox 1809 1939 1969 1994; x_wconf 90' lang='lat' dir='ltr'><strong>modo</strong></span> <span class='ocrx_word' id='word_1_259' title='bbox 2001 1939 2086 1993; x_wconf 83' lang='lat' dir='ltr'><strong>in-</strong></span> 
     </span>
    </p>
   </div>
   <div class='ocr_carea' id='block_1_35' title="bbox 499 2029 2088 2102">
    <p class='ocr_par' dir='ltr' id='par_1_35' title="bbox 499 2029 2088 2102">
     <span class='ocr_line' id='line_1_35' title="bbox 499 2029 2088 2102; baseline 0.003 -20"><span class='ocrx_word' id='word_1_260' title='bbox 499 2029 873 2084; x_wconf 81' lang='lat' dir='ltr'><strong>scriberentur</strong></span> <span class='ocrx_word' id='word_1_261' title='bbox 902 2047 917 2081; x_wconf 89' lang='lat'><strong>:</strong></span> <span class='ocrx_word' id='word_1_262' title='bbox 951 2030 1089 2099; x_wconf 78' lang='grc' dir='ltr'><strong>Περὶ</strong></span> <span class='ocrx_word' id='word_1_263' title='bbox 1122 2033 1432 2102; x_wconf 69' lang='grc' dir='ltr'>θεολογίας</span> <span class='ocrx_word' id='word_1_264' title='bbox 1460 2031 1566 2101; x_wconf 90' lang='lat' dir='ltr'><strong>(vel</strong></span> <span class='ocrx_word' id='word_1_265' title='bbox 1601 2033 1740 2100; x_wconf 83' lang='grc' dir='ltr'><strong>Περὶ</strong></span> <span class='ocrx_word' id='word_1_266' title='bbox 1779 2032 1891 2100; x_wconf 80' lang='grc' dir='ltr'><strong>τῆς</strong></span> <span class='ocrx_word' id='word_1_267' title='bbox 1928 2033 2088 2100; x_wconf 82' lang='grc' dir='ltr'><strong>Τριά-</strong></span> 
     </span>
    </p>
   </div>
   <div class='ocr_carea' id='block_1_36' title="bbox 495 2126 2082 2199">
    <p class='ocr_par' dir='ltr' id='par_1_36' title="bbox 495 2126 2082 2199">
     <span class='ocr_line' id='line_1_36' title="bbox 495 2126 2082 2199; baseline 0.001 -19"><span class='ocrx_word' id='word_1_268' title='bbox 495 2128 625 2199; x_wconf 79' lang='grc' dir='ltr'>δος)</span> <span class='ocrx_word' id='word_1_269' title='bbox 655 2126 856 2196; x_wconf 82' lang='grc' dir='ltr'>βιϐλίον</span> <span class='ocrx_word' id='word_1_270' title='bbox 883 2126 953 2182; x_wconf 84' lang='grc' dir='ltr'><strong>α’.</strong></span> <span class='ocrx_word' id='word_1_271' title='bbox 990 2127 1126 2196; x_wconf 80' lang='grc' dir='ltr'><strong>Περὶ</strong></span> <span class='ocrx_word' id='word_1_272' title='bbox 1177 2126 1288 2196; x_wconf 84' lang='grc' dir='ltr'><em>τῆς</em></span> <span class='ocrx_word' id='word_1_273' title='bbox 1326 2127 1566 2196; x_wconf 79' lang='grc' dir='ltr'><strong>Τριόδος</strong></span> <span class='ocrx_word' id='word_1_274' title='bbox 1599 2128 1800 2198; x_wconf 84' lang='grc' dir='ltr'>βιϐλίον</span> <span class='ocrx_word' id='word_1_275' title='bbox 1843 2128 1909 2198; x_wconf 85' lang='grc' dir='ltr'><strong>β’.</strong></span> <span class='ocrx_word' id='word_1_276' title='bbox 1944 2130 2082 2196; x_wconf 80' lang='grc' dir='ltr'><strong>Περὶ</strong></span> 
     </span>
    </p>
   </div>
   <div class='ocr_carea' id='block_1_37' title="bbox 497 2219 2084 2290">
    <p class='ocr_par' dir='ltr' id='par_1_37' title="bbox 497 2219 2084 2290">
     <span class='ocr_line' id='line_1_37' title="bbox 497 2219 2084 2290; baseline 0 -16"><span class='ocrx_word' id='word_1_277' title='bbox 497 2220 612 2290; x_wconf 80' lang='grc' dir='ltr'><strong>τῆς</strong></span> <span class='ocrx_word' id='word_1_278' title='bbox 649 2220 890 2289; x_wconf 81' lang='grc' dir='ltr'><strong>Τριάδος</strong></span> <span class='ocrx_word' id='word_1_279' title='bbox 917 2220 1118 2290; x_wconf 88' lang='grc' dir='ltr'>βιϐλίον</span> <span class='ocrx_word' id='word_1_280' title='bbox 1149 2221 1220 2288; x_wconf 81' lang='grc' dir='ltr'><strong>γ’,</strong></span> <span class='ocrx_word' id='word_1_281' title='bbox 1250 2221 1300 2274; x_wconf 92' lang='lat' dir='ltr'><strong>id</strong></span> <span class='ocrx_word' id='word_1_282' title='bbox 1331 2231 1436 2286; x_wconf 84' lang='lat' dir='ltr'><strong>est,</strong></span> <span class='ocrx_word' id='word_1_283' title='bbox 1475 2220 1553 2274; x_wconf 87' lang='lat' dir='ltr'><strong>De</strong></span> <span class='ocrx_word' id='word_1_284' title='bbox 1586 2219 1843 2274; x_wconf 80' lang='lat' dir='ltr'><strong>Trim’taIe</strong></span> <span class='ocrx_word' id='word_1_285' title='bbox 1865 2220 2000 2275; x_wconf 87' lang='lat' dir='ltr'><strong>liber</strong></span> <span class='ocrx_word' id='word_1_286' title='bbox 2027 2237 2084 2286; x_wconf 89' lang='lat' dir='ltr'><strong>t;</strong></span> 
     </span>
    </p>
   </div>
   <div class='ocr_carea' id='block_1_38' title="bbox 489 2311 2027 2385">
    <p class='ocr_par' dir='ltr' id='par_1_38' title="bbox 489 2311 2027 2385">
     <span class='ocr_line' id='line_1_38' title="bbox 489 2311 2027 2385; baseline -0.001 -18"><span class='ocrx_word' id='word_1_287' title='bbox 489 2311 643 2385; x_wconf 78' lang='grc' dir='ltr'><strong>ῙΧΙΙ]</strong></span> <span class='ocrx_word' id='word_1_288' title='bbox 676 2315 752 2366; x_wconf 83' lang='lat' dir='ltr'><strong>De</strong></span> <span class='ocrx_word' id='word_1_289' title='bbox 782 2311 1040 2366; x_wconf 85' lang='lat' dir='ltr'><strong>Triuitate</strong></span> <span class='ocrx_word' id='word_1_290' title='bbox 1094 2313 1229 2366; x_wconf 90' lang='lat' dir='ltr'><strong>liber</strong></span> <span class='ocrx_word' id='word_1_291' title='bbox 1257 2329 1293 2366; x_wconf 92' lang='lat' dir='ltr'><strong>tt</strong></span> <span class='ocrx_word' id='word_1_292' title='bbox 1322 2329 1336 2376; x_wconf 91' lang='lat'><strong>;</strong></span> <span class='ocrx_word' id='word_1_293' title='bbox 1378 2311 1457 2365; x_wconf 84' lang='lat' dir='ltr'><strong>De</strong></span> <span class='ocrx_word' id='word_1_294' title='bbox 1487 2311 1744 2364; x_wconf 85' lang='lat' dir='ltr'><strong>Trinitate</strong></span> <span class='ocrx_word' id='word_1_295' title='bbox 1780 2312 1914 2366; x_wconf 88' lang='lat' dir='ltr'><strong>liber</strong></span> <span class='ocrx_word' id='word_1_296' title='bbox 1947 2327 2027 2366; x_wconf 91' lang='grc' dir='ltr'>ιιι.</span> 
     </span>
    </p>
   </div>
   <div class='ocr_carea' id='block_1_39' title="bbox 573 2403 2084 2472">
    <p class='ocr_par' dir='ltr' id='par_1_39' title="bbox 573 2403 2084 2472">
     <span class='ocr_line' id='line_1_39' title="bbox 573 2403 2084 2472; baseline -0.001 -15"><span class='ocrx_word' id='word_1_297' title='bbox 573 2403 729 2471; x_wconf 85' lang='lat' dir='ltr'><strong>Quod</strong></span> <span class='ocrx_word' id='word_1_298' title='bbox 763 2403 906 2456; x_wconf 91' lang='lat' dir='ltr'><strong>enim</strong></span> <span class='ocrx_word' id='word_1_299' title='bbox 943 2413 1156 2471; x_wconf 87' lang='lat' dir='ltr'><strong>spectat</strong></span> <span class='ocrx_word' id='word_1_300' title='bbox 1199 2404 1263 2456; x_wconf 88' lang='lat' dir='ltr'><strong>ad</strong></span> <span class='ocrx_word' id='word_1_301' title='bbox 1300 2413 1612 2472; x_wconf 87' lang='lat' dir='ltr'><strong>argumenta</strong></span> <span class='ocrx_word' id='word_1_302' title='bbox 1669 2403 1822 2457; x_wconf 89' lang='lat' dir='ltr'><strong>initio</strong></span> <span class='ocrx_word' id='word_1_303' title='bbox 1848 2403 2084 2472; x_wconf 89' lang='lat' dir='ltr'><strong>capitum</strong></span> 
     </span>
    </p>
   </div>
   <div class='ocr_carea' id='block_1_40' title="bbox 500 2495 2082 2565">
    <p class='ocr_par' dir='ltr' id='par_1_40' title="bbox 500 2495 2082 2565">
     <span class='ocr_line' id='line_1_40' title="bbox 500 2495 2082 2565; baseline -0.004 -14"><span class='ocrx_word' id='word_1_304' title='bbox 500 2495 781 2565; x_wconf 90' lang='lat' dir='ltr'><strong>inscripta,</strong></span> <span class='ocrx_word' id='word_1_305' title='bbox 837 2510 902 2549; x_wconf 89' lang='lat' dir='ltr'><strong>ea</strong></span> <span class='ocrx_word' id='word_1_306' title='bbox 953 2497 1190 2550; x_wconf 88' lang='lat' dir='ltr'><strong>auctoris</strong></span> <span class='ocrx_word' id='word_1_307' title='bbox 1231 2511 1336 2550; x_wconf 92' lang='lat' dir='ltr'><strong>nou</strong></span> <span class='ocrx_word' id='word_1_308' title='bbox 1377 2510 1519 2558; x_wconf 82' lang='lat' dir='ltr'><strong>esse,</strong></span> <span class='ocrx_word' id='word_1_309' title='bbox 1551 2496 1643 2550; x_wconf 88' lang='lat' dir='ltr'><strong>sed</strong></span> <span class='ocrx_word' id='word_1_310' title='bbox 1679 2495 1904 2549; x_wconf 78' lang='lat' dir='ltr'><strong>studiosi</strong></span> <span class='ocrx_word' id='word_1_311' title='bbox 1931 2510 2082 2547; x_wconf 87' lang='lat' dir='ltr'><strong>ama-</strong></span> 
     </span>
    </p>
   </div>
   <div class='ocr_carea' id='block_1_41' title="bbox 485 2587 2084 2658">
    <p class='ocr_par' dir='ltr' id='par_1_41' title="bbox 485 2587 2084 2658">
     <span class='ocr_line' id='line_1_41' title="bbox 485 2587 2084 2658; baseline -0.003 -14"><span class='ocrx_word' id='word_1_312' title='bbox 485 2589 741 2656; x_wconf 67' lang='lat' dir='ltr'><strong>xtuensis,</strong></span> <span class='ocrx_word' id='word_1_313' title='bbox 766 2589 946 2658; x_wconf 77' lang='lat' dir='ltr'><strong>colligi</strong></span> <span class='ocrx_word' id='word_1_314' title='bbox 988 2589 1200 2643; x_wconf 86' lang='lat' dir='ltr'><strong>videtur</strong></span> <span class='ocrx_word' id='word_1_315' title='bbox 1222 2603 1344 2642; x_wconf 91' lang='lat' dir='ltr'><strong>cum</strong></span> <span class='ocrx_word' id='word_1_316' title='bbox 1373 2603 1437 2642; x_wconf 92' lang='lat' dir='ltr'><strong>ex</strong></span> <span class='ocrx_word' id='word_1_317' title='bbox 1474 2587 1560 2649; x_wconf 89' lang='lat' dir='ltr'><strong>iis,</strong></span> <span class='ocrx_word' id='word_1_318' title='bbox 1593 2603 1711 2657; x_wconf 61' lang='lat' dir='ltr'><strong>qua</strong></span> <span class='ocrx_word' id='word_1_319' title='bbox 1737 2587 1847 2642; x_wconf 90' lang='lat' dir='ltr'><strong>dixi</strong></span> <span class='ocrx_word' id='word_1_320' title='bbox 1880 2602 1999 2657; x_wconf 89' lang='lat' dir='ltr'><strong>pag.</strong></span> <span class='ocrx_word' id='word_1_321' title='bbox 2030 2587 2084 2649; x_wconf 78' lang='grc'><strong>1,</strong></span> 
     </span>
    </p>
   </div>
   <div class='ocr_carea' id='block_1_42' title="bbox 497 2681 2084 2751">
    <p class='ocr_par' dir='ltr' id='par_1_42' title="bbox 497 2681 2084 2751">
     <span class='ocr_line' id='line_1_42' title="bbox 497 2681 2084 2751; baseline 0.001 -16"><span class='ocrx_word' id='word_1_322' title='bbox 497 2691 614 2736; x_wconf 85' lang='lat' dir='ltr'><strong>not.</strong></span> <span class='ocrx_word' id='word_1_323' title='bbox 645 2682 714 2747; x_wconf 69' lang='grc' dir='ltr'><strong>ὃς</strong></span> <span class='ocrx_word' id='word_1_324' title='bbox 747 2689 859 2736; x_wconf 83' lang='grc' dir='ltr'>ιιιιιι</span> <span class='ocrx_word' id='word_1_325' title='bbox 906 2697 973 2737; x_wconf 86' lang='lat' dir='ltr'><strong>ex</strong></span> <span class='ocrx_word' id='word_1_326' title='bbox 1013 2696 1079 2736; x_wconf 89' lang='lat' dir='ltr'><strong>eo</strong></span> <span class='ocrx_word' id='word_1_327' title='bbox 1121 2681 1264 2751; x_wconf 86' lang='lat' dir='ltr'><strong>quod</strong></span> <span class='ocrx_word' id='word_1_328' title='bbox 1307 2682 1350 2735; x_wconf 87' lang='lat' dir='ltr'><strong>is</strong></span> <span class='ocrx_word' id='word_1_329' title='bbox 1378 2682 1468 2750; x_wconf 93' lang='lat' dir='ltr'><strong>qui</strong></span> <span class='ocrx_word' id='word_1_330' title='bbox 1499 2681 1587 2735; x_wconf 89' lang='lat' dir='ltr'><strong>illa</strong></span> <span class='ocrx_word' id='word_1_331' title='bbox 1633 2682 1881 2751; x_wconf 89' lang='lat' dir='ltr'><strong>apposuit</strong></span> <span class='ocrx_word' id='word_1_332' title='bbox 1932 2682 2084 2737; x_wconf 91' lang='lat' dir='ltr'><strong>initio</strong></span> 
     </span>
    </p>
   </div>
   <div class='ocr_carea' id='block_1_43' title="bbox 486 2772 2080 2844">
    <p class='ocr_par' dir='ltr' id='par_1_43' title="bbox 486 2772 2080 2844">
     <span class='ocr_line' id='line_1_43' title="bbox 486 2772 2080 2844; baseline -0.001 -16"><span class='ocrx_word' id='word_1_333' title='bbox 486 2773 701 2844; x_wconf 65' lang='lat' dir='ltr'><strong>aperis,</strong></span> <span class='ocrx_word' id='word_1_334' title='bbox 753 2774 893 2829; x_wconf 90' lang='lat' dir='ltr'><strong>idem</strong></span> <span class='ocrx_word' id='word_1_335' title='bbox 944 2773 1097 2842; x_wconf 89' lang='lat' dir='ltr'><strong>quasi</strong></span> <span class='ocrx_word' id='word_1_336' title='bbox 1142 2772 1467 2842; x_wconf 77' lang='lat' dir='ltr'><strong>defatigatus</strong></span> <span class='ocrx_word' id='word_1_337' title='bbox 1514 2789 1574 2828; x_wconf 89' lang='lat' dir='ltr'><strong>ea</strong></span> <span class='ocrx_word' id='word_1_338' title='bbox 1612 2773 1798 2828; x_wconf 86' lang='lat' dir='ltr'><strong>omisit</strong></span> <span class='ocrx_word' id='word_1_339' title='bbox 1849 2788 1879 2828; x_wconf 89' lang='lat' dir='ltr'><strong>a</strong></span> <span class='ocrx_word' id='word_1_340' title='bbox 1930 2773 2080 2842; x_wconf 89' lang='lat' dir='ltr'><strong>capi-</strong></span> 
     </span>
    </p>
   </div>
   <div class='ocr_carea' id='block_1_44' title="bbox 493 2866 2084 2937">
    <p class='ocr_par' dir='ltr' id='par_1_44' title="bbox 493 2866 2084 2937">
     <span class='ocr_line' id='line_1_44' title="bbox 493 2866 2084 2937; baseline 0.001 -16"><span class='ocrx_word' id='word_1_341' title='bbox 493 2875 555 2922; x_wconf 78' lang='lat' dir='ltr'><strong>te</strong></span> <span class='ocrx_word' id='word_1_342' title='bbox 588 2867 656 2921; x_wconf 81' lang='grc'><strong>15</strong></span> <span class='ocrx_word' id='word_1_343' title='bbox 691 2883 859 2937; x_wconf 88' lang='lat' dir='ltr'><strong>usque</strong></span> <span class='ocrx_word' id='word_1_344' title='bbox 890 2868 956 2919; x_wconf 90' lang='lat' dir='ltr'><strong>ad</strong></span> <span class='ocrx_word' id='word_1_345' title='bbox 987 2875 1317 2936; x_wconf 90' lang='lat' dir='ltr'><strong>postremum</strong></span> <span class='ocrx_word' id='word_1_346' title='bbox 1349 2866 1468 2920; x_wconf 89' lang='lat' dir='ltr'><strong>libri</strong></span> <span class='ocrx_word' id='word_1_347' title='bbox 1499 2867 1682 2935; x_wconf 91' lang='lat' dir='ltr'><strong>primi,</strong></span> <span class='ocrx_word' id='word_1_348' title='bbox 1715 2882 1778 2921; x_wconf 91' lang='lat' dir='ltr'><strong>ac</strong></span> <span class='ocrx_word' id='word_1_349' title='bbox 1814 2874 1923 2921; x_wconf 92' lang='lat' dir='ltr'><strong>toto</strong></span> <span class='ocrx_word' id='word_1_350' title='bbox 1947 2866 2084 2922; x_wconf 91' lang='lat' dir='ltr'><strong>libro</strong></span> 
     </span>
    </p>
   </div>
   <div class='ocr_carea' id='block_1_45' title="bbox 503 2945 2083 3026">
    <p class='ocr_par' dir='ltr' id='par_1_45' title="bbox 503 2945 2083 3026">
     <span class='ocr_line' id='line_1_45' title="bbox 503 2945 2083 3026; baseline -0.001 -13"><span class='ocrx_word' id='word_1_351' title='bbox 503 2961 662 3014; x_wconf 89' lang='lat' dir='ltr'><strong>tertio</strong></span> <span class='ocrx_word' id='word_1_352' title='bbox 706 2945 872 3012; x_wconf 50' lang='lat' dir='ltr'><strong>:‘t&#39;um</strong></span> <span class='ocrx_word' id='word_1_353' title='bbox 905 2959 1119 3011; x_wconf 79' lang='lat' dir='ltr'><strong>demum</strong></span> <span class='ocrx_word' id='word_1_354' title='bbox 1148 2972 1215 3012; x_wconf 89' lang='lat' dir='ltr'><strong>ex</strong></span> <span class='ocrx_word' id='word_1_355' title='bbox 1257 2970 1579 3026; x_wconf 84' lang='lat' dir='ltr'><strong>argumento</strong></span> <span class='ocrx_word' id='word_1_356' title='bbox 1612 2957 1803 3024; x_wconf 87' lang='lat' dir='ltr'><strong>capitis</strong></span> <span class='ocrx_word' id='word_1_357' title='bbox 1845 2957 1910 3011; x_wconf 76' lang='lat' dir='ltr'><strong>i8</strong></span> <span class='ocrx_word' id='word_1_358' title='bbox 1963 2957 2083 3011; x_wconf 89' lang='lat' dir='ltr'><strong>libri</strong></span> 
     </span>
    </p>
   </div>
   <div class='ocr_carea' id='block_1_46' title="bbox 497 3047 2085 3122">
    <p class='ocr_par' dir='ltr' id='par_1_46' title="bbox 497 3047 2085 3122">
     <span class='ocr_line' id='line_1_46' title="bbox 497 3047 2085 3122; baseline -0.003 -16"><span class='ocrx_word' id='word_1_359' title='bbox 497 3052 661 3122; x_wconf 78' lang='lat' dir='ltr'><strong>primi</strong></span> <span class='ocrx_word' id='word_1_360' title='bbox 697 3068 709 3101; x_wconf 89' lang='lat'>:</span> <span class='ocrx_word' id='word_1_361' title='bbox 752 3049 820 3103; x_wconf 88' lang='lat' dir='ltr'><strong>ibi</strong></span> <span class='ocrx_word' id='word_1_362' title='bbox 865 3051 1009 3103; x_wconf 87' lang='lat' dir='ltr'><strong>enim</strong></span> <span class='ocrx_word' id='word_1_363' title='bbox 1053 3049 1267 3117; x_wconf 75' lang='lat' dir='ltr'><strong>legitur,</strong></span> <span class='ocrx_word' id='word_1_364' title='bbox 1294 3049 1532 3120; x_wconf 76' lang='grc' dir='ltr'><strong>ὀνόματα</strong></span> <span class='ocrx_word' id='word_1_365' title='bbox 1565 3047 1832 3116; x_wconf 84' lang='grc' dir='ltr'>λέγονται.</span> <span class='ocrx_word' id='word_1_366' title='bbox 1896 3060 2085 3102; x_wconf 84' lang='lat' dir='ltr'><strong>aurtur</strong></span> 
     </span>
    </p>
   </div>
   <div class='ocr_carea' id='block_1_47' title="bbox 498 3141 2080 3212">
    <p class='ocr_par' dir='ltr' id='par_1_47' title="bbox 498 3141 2080 3212">
     <span class='ocr_line' id='line_1_47' title="bbox 498 3141 2080 3212; baseline -0.002 -15"><span class='ocrx_word' id='word_1_367' title='bbox 498 3159 630 3201; x_wconf 71' lang='lat' dir='ltr'><strong>vero</strong></span> <span class='ocrx_word' id='word_1_368' title='bbox 658 3160 762 3198; x_wconf 92' lang='lat' dir='ltr'><strong>non</strong></span> <span class='ocrx_word' id='word_1_369' title='bbox 797 3144 1046 3212; x_wconf 81' lang='grc' dir='ltr'>λέγονται</span> <span class='ocrx_word' id='word_1_370' title='bbox 1080 3144 1360 3209; x_wconf 87' lang='lat' dir='ltr'><strong>dictasset,</strong></span> <span class='ocrx_word' id='word_1_371' title='bbox 1391 3143 1482 3197; x_wconf 92' lang='lat' dir='ltr'><strong>sed</strong></span> <span class='ocrx_word' id='word_1_372' title='bbox 1511 3141 1752 3212; x_wconf 78' lang='grc' dir='ltr'><strong>λέγεται.</strong></span> <span class='ocrx_word' id='word_1_373' title='bbox 1819 3143 1897 3198; x_wconf 88' lang='lat' dir='ltr'><strong>sic</strong></span> <span class='ocrx_word' id='word_1_374' title='bbox 1935 3143 2080 3197; x_wconf 88' lang='lat' dir='ltr'><strong>enim</strong></span> 
     </span>
    </p>
   </div>
   <div class='ocr_carea' id='block_1_48' title="bbox 495 3235 2083 3305">
    <p class='ocr_par' dir='ltr' id='par_1_48' title="bbox 495 3235 2083 3305">
     <span class='ocr_line' id='line_1_48' title="bbox 495 3235 2083 3305; baseline -0.004 -12"><span class='ocrx_word' id='word_1_375' title='bbox 495 3251 715 3305; x_wconf 82' lang='lat' dir='ltr'><strong>semper</strong></span> <span class='ocrx_word' id='word_1_376' title='bbox 739 3236 884 3304; x_wconf 84' lang='lat' dir='ltr'><strong>loqui</strong></span> <span class='ocrx_word' id='word_1_377' title='bbox 915 3236 1213 3290; x_wconf 79' lang='lat' dir='ltr'><strong>consuevit.</strong></span> <span class='ocrx_word' id='word_1_378' title='bbox 1253 3235 1406 3301; x_wconf 85' lang='lat' dir='ltr'><strong>Quod</strong></span> <span class='ocrx_word' id='word_1_379' title='bbox 1443 3251 1568 3287; x_wconf 88' lang='lat' dir='ltr'><strong>vero</strong></span> <span class='ocrx_word' id='word_1_380' title='bbox 1607 3237 1798 3290; x_wconf 87' lang='lat' dir='ltr'><strong>attinet</strong></span> <span class='ocrx_word' id='word_1_381' title='bbox 1825 3236 1890 3288; x_wconf 85' lang='lat' dir='ltr'><strong>atl</strong></span> <span class='ocrx_word' id='word_1_382' title='bbox 1919 3250 2083 3305; x_wconf 86' lang='lat' dir='ltr'><strong>argu-</strong></span> 
     </span>
    </p>
   </div>
   <div class='ocr_carea' id='block_1_49' title="bbox 499 3327 2084 3396">
    <p class='ocr_par' dir='ltr' id='par_1_49' title="bbox 499 3327 2084 3396">
     <span class='ocr_line' id='line_1_49' title="bbox 499 3327 2084 3396; baseline -0.002 -11"><span class='ocrx_word' id='word_1_383' title='bbox 499 3339 808 3385; x_wconf 83' lang='lat' dir='ltr'><strong>mentorum</strong></span> <span class='ocrx_word' id='word_1_384' title='bbox 842 3330 1035 3394; x_wconf 86' lang='lat' dir='ltr'><strong>series,</strong></span> <span class='ocrx_word' id='word_1_385' title='bbox 1059 3329 1174 3382; x_wconf 89' lang='lat' dir='ltr'><strong>sive</strong></span> <span class='ocrx_word' id='word_1_386' title='bbox 1205 3328 1408 3382; x_wconf 86' lang='lat' dir='ltr'><strong>indices</strong></span> <span class='ocrx_word' id='word_1_387' title='bbox 1437 3327 1695 3396; x_wconf 87' lang='lat' dir='ltr'><strong>capitum,</strong></span> <span class='ocrx_word' id='word_1_388' title='bbox 1731 3329 1820 3393; x_wconf 88' lang='lat' dir='ltr'><strong>qui</strong></span> <span class='ocrx_word' id='word_1_389' title='bbox 1874 3343 2084 3394; x_wconf 53' lang='lat' dir='ltr'><strong>prapo-</strong></span> 
     </span>
    </p>
   </div>
   <div class='ocr_carea' id='block_1_50' title="bbox 495 3419 2080 3486">
    <p class='ocr_par' dir='ltr' id='par_1_50' title="bbox 495 3419 2080 3486">
     <span class='ocr_line' id='line_1_50' title="bbox 495 3419 2080 3486; baseline -0.003 -9"><span class='ocrx_word' id='word_1_390' title='bbox 495 3432 704 3478; x_wconf 78' lang='lat' dir='ltr'><strong>ttuntur</strong></span> <span class='ocrx_word' id='word_1_391' title='bbox 735 3422 874 3476; x_wconf 89' lang='lat' dir='ltr'><strong>libro</strong></span> <span class='ocrx_word' id='word_1_392' title='bbox 906 3421 1164 3486; x_wconf 83' lang='lat' dir='ltr'><strong>secundo,</strong></span> <span class='ocrx_word' id='word_1_393' title='bbox 1192 3437 1255 3475; x_wconf 89' lang='lat' dir='ltr'><strong>ac</strong></span> <span class='ocrx_word' id='word_1_394' title='bbox 1284 3419 1465 3484; x_wconf 85' lang='lat' dir='ltr'><strong>tertio,</strong></span> <span class='ocrx_word' id='word_1_395' title='bbox 1513 3420 1547 3473; x_wconf 91' lang='lat' dir='ltr'><strong>ii</strong></span> <span class='ocrx_word' id='word_1_396' title='bbox 1598 3421 1733 3473; x_wconf 90' lang='lat' dir='ltr'><strong>adeo</strong></span> <span class='ocrx_word' id='word_1_397' title='bbox 1764 3421 2080 3482; x_wconf 89' lang='lat' dir='ltr'><strong>oscitanter,</strong></span> 
     </span>
    </p>
   </div>
   <div class='ocr_carea' id='block_1_51' title="bbox 493 3511 2087 3581">
    <p class='ocr_par' dir='ltr' id='par_1_51' title="bbox 493 3511 2087 3581">
     <span class='ocr_line' id='line_1_51' title="bbox 493 3511 2087 3581; baseline -0.002 -12"><span class='ocrx_word' id='word_1_398' title='bbox 493 3530 566 3572; x_wconf 77' lang='lat' dir='ltr'><strong>ac</strong></span> <span class='ocrx_word' id='word_1_399' title='bbox 589 3515 732 3570; x_wconf 88' lang='lat' dir='ltr'><strong>male</strong></span> <span class='ocrx_word' id='word_1_400' title='bbox 761 3511 1068 3569; x_wconf 89' lang='lat' dir='ltr'><strong>concinuati</strong></span> <span class='ocrx_word' id='word_1_401' title='bbox 1097 3521 1245 3575; x_wconf 90' lang='lat' dir='ltr'><strong>sunt,</strong></span> <span class='ocrx_word' id='word_1_402' title='bbox 1279 3521 1336 3566; x_wconf 83' lang='grc' dir='ltr'><strong>ιιι</strong></span> <span class='ocrx_word' id='word_1_403' title='bbox 1361 3513 1565 3567; x_wconf 85' lang='lat' dir='ltr'><strong>auctori</strong></span> <span class='ocrx_word' id='word_1_404' title='bbox 1617 3512 1775 3565; x_wconf 85' lang='lat' dir='ltr'><strong>tribui</strong></span> <span class='ocrx_word' id='word_1_405' title='bbox 1809 3527 1915 3565; x_wconf 92' lang='lat' dir='ltr'><strong>non</strong></span> <span class='ocrx_word' id='word_1_406' title='bbox 1944 3527 2087 3581; x_wconf 85' lang='lat' dir='ltr'><strong>pos-</strong></span> 
     </span>
    </p>
   </div>
   <div class='ocr_carea' id='block_1_52' title="bbox 499 3600 2079 3675">
    <p class='ocr_par' dir='ltr' id='par_1_52' title="bbox 499 3600 2079 3675">
     <span class='ocr_line' id='line_1_52' title="bbox 499 3600 2079 3675; baseline -0.005 -11"><span class='ocrx_word' id='word_1_407' title='bbox 499 3607 632 3672; x_wconf 77' lang='lat' dir='ltr'><strong>sint,</strong></span> <span class='ocrx_word' id='word_1_408' title='bbox 663 3605 792 3675; x_wconf 89' lang='lat' dir='ltr'><strong>quin</strong></span> <span class='ocrx_word' id='word_1_409' title='bbox 841 3600 1036 3674; x_wconf 87' lang='lat' dir='ltr'><strong>injuria</strong></span> <span class='ocrx_word' id='word_1_410' title='bbox 1079 3603 1178 3671; x_wconf 87' lang='lat' dir='ltr'><strong>ipsi</strong></span> <span class='ocrx_word' id='word_1_411' title='bbox 1208 3603 1496 3658; x_wconf 88' lang='lat' dir='ltr'><strong>inferatur.</strong></span> <span class='ocrx_word' id='word_1_412' title='bbox 1527 3603 1658 3670; x_wconf 74' lang='lat' dir='ltr'><strong>Quae</strong></span> <span class='ocrx_word' id='word_1_413' title='bbox 1697 3618 1819 3657; x_wconf 89' lang='lat' dir='ltr'><strong>cum</strong></span> <span class='ocrx_word' id='word_1_414' title='bbox 1846 3602 1920 3656; x_wconf 85' lang='lat' dir='ltr'><strong>ita</strong></span> <span class='ocrx_word' id='word_1_415' title='bbox 1949 3603 2079 3668; x_wconf 90' lang='lat' dir='ltr'><strong>sint,</strong></span> 
     </span>
    </p>
   </div>
   <div class='ocr_carea' id='block_1_53' title="bbox 497 3695 2083 3766">
    <p class='ocr_par' dir='ltr' id='par_1_53' title="bbox 497 3695 2083 3766">
     <span class='ocr_line' id='line_1_53' title="bbox 497 3695 2083 3766; baseline -0.001 -14"><span class='ocrx_word' id='word_1_416' title='bbox 497 3712 570 3753; x_wconf 86' lang='lat' dir='ltr'><strong>ne</strong></span> <span class='ocrx_word' id='word_1_417' title='bbox 595 3697 807 3752; x_wconf 88' lang='lat' dir='ltr'><strong>titulum</strong></span> <span class='ocrx_word' id='word_1_418' title='bbox 835 3697 1074 3766; x_wconf 89' lang='lat' dir='ltr'><strong>quidem,</strong></span> <span class='ocrx_word' id='word_1_419' title='bbox 1099 3697 1188 3766; x_wconf 86' lang='lat' dir='ltr'><strong>qui</strong></span> <span class='ocrx_word' id='word_1_420' title='bbox 1220 3704 1398 3750; x_wconf 78' lang='lat' dir='ltr'><strong>exstat</strong></span> <span class='ocrx_word' id='word_1_421' title='bbox 1429 3709 1550 3764; x_wconf 88' lang='lat' dir='ltr'><strong>pag.</strong></span> <span class='ocrx_word' id='word_1_422' title='bbox 1589 3695 1713 3757; x_wconf 75' lang='lat'><strong>107,</strong></span> <span class='ocrx_word' id='word_1_423' title='bbox 1751 3695 1959 3750; x_wconf 85' lang='lat' dir='ltr'><strong>auctori</strong></span> <span class='ocrx_word' id='word_1_424' title='bbox 1985 3695 2083 3750; x_wconf 85' lang='lat' dir='ltr'><strong>tri-</strong></span> 
     </span>
    </p>
   </div>
   <div class='ocr_carea' id='block_1_54' title="bbox 497 3787 2081 3855">
    <p class='ocr_par' dir='ltr' id='par_1_54' title="bbox 497 3787 2081 3855">
     <span class='ocr_line' id='line_1_54' title="bbox 497 3787 2081 3855; baseline -0.002 -10"><span class='ocrx_word' id='word_1_425' title='bbox 497 3789 737 3854; x_wconf 82' lang='lat' dir='ltr'><strong>buerim,</strong></span> <span class='ocrx_word' id='word_1_426' title='bbox 771 3791 864 3844; x_wconf 89' lang='lat' dir='ltr'><strong>sed</strong></span> <span class='ocrx_word' id='word_1_427' title='bbox 900 3789 1144 3851; x_wconf 87' lang='lat' dir='ltr'><strong>lib-rario,</strong></span> <span class='ocrx_word' id='word_1_428' title='bbox 1175 3803 1296 3843; x_wconf 91' lang='lat' dir='ltr'><strong>cum</strong></span> <span class='ocrx_word' id='word_1_429' title='bbox 1340 3787 1640 3855; x_wconf 54' lang='lat' dir='ltr'><strong>prasertim</strong></span> <span class='ocrx_word' id='word_1_430' title='bbox 1677 3801 1783 3841; x_wconf 93' lang='lat' dir='ltr'><strong>non</strong></span> <span class='ocrx_word' id='word_1_431' title='bbox 1819 3787 1958 3842; x_wconf 92' lang='lat' dir='ltr'><strong>libro</strong></span> <span class='ocrx_word' id='word_1_432' title='bbox 1991 3803 2081 3842; x_wconf 91' lang='lat' dir='ltr'><strong>se-</strong></span> 
     </span>
    </p>
   </div>
   <div class='ocr_carea' id='block_1_55' title="bbox 496 3879 2084 3950">
    <p class='ocr_par' dir='ltr' id='par_1_55' title="bbox 496 3879 2084 3950">
     <span class='ocr_line' id='line_1_55' title="bbox 496 3879 2084 3950; baseline -0.002 -13"><span class='ocrx_word' id='word_1_433' title='bbox 496 3883 703 3946; x_wconf 88' lang='lat' dir='ltr'><strong>cundo,</strong></span> <span class='ocrx_word' id='word_1_434' title='bbox 729 3883 821 3935; x_wconf 89' lang='lat' dir='ltr'><strong>sed</strong></span> <span class='ocrx_word' id='word_1_435' title='bbox 849 3879 1013 3934; x_wconf 87' lang='lat' dir='ltr'><strong>indici</strong></span> <span class='ocrx_word' id='word_1_436' title='bbox 1040 3881 1276 3950; x_wconf 88' lang='lat' dir='ltr'><strong>capitum</strong></span> <span class='ocrx_word' id='word_1_437' title='bbox 1307 3880 1528 3935; x_wconf 87' lang='lat' dir='ltr'><strong>secundi</strong></span> <span class='ocrx_word' id='word_1_438' title='bbox 1554 3879 1696 3944; x_wconf 90' lang='lat' dir='ltr'><strong>libri,</strong></span> <span class='ocrx_word' id='word_1_439' title='bbox 1731 3881 1976 3950; x_wconf 76' lang='lat' dir='ltr'><strong>proxime</strong></span> <span class='ocrx_word' id='word_1_440' title='bbox 2006 3881 2084 3935; x_wconf 89' lang='lat' dir='ltr'><strong>in-</strong></span> 
     </span>
    </p>
   </div>
   <div class='ocr_carea' id='block_1_56' title="bbox 503 3970 2084 4028">
    <p class='ocr_par' dir='ltr' id='par_1_56' title="bbox 503 3970 2084 4028">
     <span class='ocr_line' id='line_1_56' title="bbox 503 3970 2084 4028; baseline 0 0"><span class='ocrx_word' id='word_1_441' title='bbox 503 3971 790 4028; x_wconf 85' lang='lat' dir='ltr'><strong>scribatur.</strong></span> <span class='ocrx_word' id='word_1_442' title='bbox 823 3972 1090 4026; x_wconf 64' lang='lat' dir='ltr'><strong>Caeterum</strong></span> <span class='ocrx_word' id='word_1_443' title='bbox 1136 3971 1250 4024; x_wconf 88' lang='lat' dir='ltr'><strong>sive</strong></span> <span class='ocrx_word' id='word_1_444' title='bbox 1292 3972 1381 4024; x_wconf 88' lang='lat' dir='ltr'><strong>bic</strong></span> <span class='ocrx_word' id='word_1_445' title='bbox 1413 3970 1603 4026; x_wconf 87' lang='lat' dir='ltr'><strong>titulus</strong></span> <span class='ocrx_word' id='word_1_446' title='bbox 1636 3972 1704 4026; x_wconf 88' lang='lat' dir='ltr'><strong>ab</strong></span> <span class='ocrx_word' id='word_1_447' title='bbox 1729 3981 1951 4026; x_wconf 88' lang='lat' dir='ltr'><strong>auctore</strong></span> <span class='ocrx_word' id='word_1_448' title='bbox 1997 3973 2084 4028; x_wconf 89' lang='lat' dir='ltr'><strong>di-</strong></span> 
     </span>
    </p>
   </div>
   <div class='ocr_carea' id='block_1_57' title="bbox 500 4060 2084 4129">
    <p class='ocr_par' dir='ltr' id='par_1_57' title="bbox 500 4060 2084 4129">
     <span class='ocr_line' id='line_1_57' title="bbox 500 4060 2084 4129; baseline -0.001 -10"><span class='ocrx_word' id='word_1_449' title='bbox 500 4073 680 4120; x_wconf 86' lang='lat' dir='ltr'><strong>ctatus</strong></span> <span class='ocrx_word' id='word_1_450' title='bbox 720 4063 899 4125; x_wconf 91' lang='lat' dir='ltr'><strong>fuerit,</strong></span> <span class='ocrx_word' id='word_1_451' title='bbox 928 4062 1042 4115; x_wconf 88' lang='lat' dir='ltr'><strong>sive</strong></span> <span class='ocrx_word' id='word_1_452' title='bbox 1075 4076 1106 4114; x_wconf 88' lang='lat' dir='ltr'><strong>a</strong></span> <span class='ocrx_word' id='word_1_453' title='bbox 1134 4060 1352 4115; x_wconf 87' lang='lat' dir='ltr'><strong>librario</strong></span> <span class='ocrx_word' id='word_1_454' title='bbox 1383 4062 1644 4129; x_wconf 86' lang='lat' dir='ltr'><strong>adjectus,</strong></span> <span class='ocrx_word' id='word_1_455' title='bbox 1686 4079 1790 4117; x_wconf 87' lang='lat' dir='ltr'><strong>non</strong></span> <span class='ocrx_word' id='word_1_456' title='bbox 1830 4065 1900 4117; x_wconf 88' lang='lat' dir='ltr'><strong>ita</strong></span> <span class='ocrx_word' id='word_1_457' title='bbox 1936 4065 2084 4118; x_wconf 85' lang='lat' dir='ltr'><strong>acci-</strong></span> 
     </span>
    </p>
   </div>
   <div class='ocr_carea' id='block_1_58' title="bbox 503 4141 2082 4224">
    <p class='ocr_par' dir='ltr' id='par_1_58' title="bbox 503 4141 2082 4224">
     <span class='ocr_line' id='line_1_58' title="bbox 503 4141 2082 4224; baseline -0.003 -14"><span class='ocrx_word' id='word_1_458' title='bbox 503 4141 732 4224; x_wconf 85' lang='lat' dir='ltr'><strong>piendus</strong></span> <span class='ocrx_word' id='word_1_459' title='bbox 771 4160 874 4216; x_wconf 85' lang='lat' dir='ltr'><strong>est,</strong></span> <span class='ocrx_word' id='word_1_460' title='bbox 928 4160 988 4206; x_wconf 91' lang='lat' dir='ltr'><strong>ut</strong></span> <span class='ocrx_word' id='word_1_461' title='bbox 1029 4150 1099 4206; x_wconf 89' lang='lat' dir='ltr'><strong>sit</strong></span> <span class='ocrx_word' id='word_1_462' title='bbox 1140 4151 1409 4220; x_wconf 86' lang='lat' dir='ltr'><strong>genuinus</strong></span> <span class='ocrx_word' id='word_1_463' title='bbox 1451 4152 1671 4206; x_wconf 86' lang='lat' dir='ltr'><strong>secundi</strong></span> <span class='ocrx_word' id='word_1_464' title='bbox 1718 4152 1837 4206; x_wconf 91' lang='lat' dir='ltr'><strong>libri</strong></span> <span class='ocrx_word' id='word_1_465' title='bbox 1875 4153 2082 4216; x_wconf 86' lang='lat' dir='ltr'><strong>titulus,</strong></span> 
     </span>
    </p>
   </div>
   <div class='ocr_carea' id='block_1_59' title="bbox 503 4243 2082 4315">
    <p class='ocr_par' dir='ltr' id='par_1_59' title="bbox 503 4243 2082 4315">
     <span class='ocr_line' id='line_1_59' title="bbox 503 4243 2082 4315; baseline -0.001 -14"><span class='ocrx_word' id='word_1_466' title='bbox 503 4245 598 4303; x_wconf 88' lang='lat' dir='ltr'><strong>sed</strong></span> <span class='ocrx_word' id='word_1_467' title='bbox 635 4247 706 4301; x_wconf 87' lang='lat' dir='ltr'><strong>ita</strong></span> <span class='ocrx_word' id='word_1_468' title='bbox 747 4255 805 4300; x_wconf 92' lang='lat' dir='ltr'><strong>ut</strong></span> <span class='ocrx_word' id='word_1_469' title='bbox 836 4246 907 4301; x_wconf 92' lang='lat' dir='ltr'><strong>sit</strong></span> <span class='ocrx_word' id='word_1_470' title='bbox 935 4244 1050 4312; x_wconf 86' lang='lat' dir='ltr'><strong>ejus</strong></span> <span class='ocrx_word' id='word_1_471' title='bbox 1086 4243 1248 4298; x_wconf 91' lang='lat' dir='ltr'><strong>veluti</strong></span> <span class='ocrx_word' id='word_1_472' title='bbox 1292 4254 1666 4313; x_wconf 77' lang='lat' dir='ltr'><strong>argumentum</strong></span> <span class='ocrx_word' id='word_1_473' title='bbox 1716 4262 1730 4297; x_wconf 90' lang='lat'><strong>:</strong></span> <span class='ocrx_word' id='word_1_474' title='bbox 1770 4259 1962 4315; x_wconf 84' lang='lat' dir='ltr'><strong>nempe</strong></span> <span class='ocrx_word' id='word_1_475' title='bbox 1988 4261 2082 4300; x_wconf 89' lang='lat' dir='ltr'><strong>ve-</strong></span> 
     </span>
    </p>
   </div>
   <div class='ocr_carea' id='block_1_60' title="bbox 507 4331 2079 4400">
    <p class='ocr_par' dir='ltr' id='par_1_60' title="bbox 507 4331 2079 4400">
     <span class='ocr_line' id='line_1_60' title="bbox 507 4331 2079 4400; baseline -0.001 -10"><span class='ocrx_word' id='word_1_476' title='bbox 507 4351 618 4400; x_wconf 87' lang='lat' dir='ltr'><strong>rus,</strong></span> <span class='ocrx_word' id='word_1_477' title='bbox 645 4346 702 4390; x_wconf 91' lang='lat' dir='ltr'><strong>ut</strong></span> <span class='ocrx_word' id='word_1_478' title='bbox 729 4335 862 4398; x_wconf 80' lang='lat' dir='ltr'><strong>dixi,</strong></span> <span class='ocrx_word' id='word_1_479' title='bbox 896 4334 1086 4387; x_wconf 86' lang='lat' dir='ltr'><strong>titulus</strong></span> <span class='ocrx_word' id='word_1_480' title='bbox 1111 4340 1193 4385; x_wconf 86' lang='lat' dir='ltr'><strong>cst</strong></span> <span class='ocrx_word' id='word_1_481' title='bbox 1219 4348 1232 4383; x_wconf 90' lang='lat'><strong>:</strong></span> <span class='ocrx_word' id='word_1_482' title='bbox 1265 4331 1338 4386; x_wconf 83' lang='lat' dir='ltr'><strong>De</strong></span> <span class='ocrx_word' id='word_1_483' title='bbox 1367 4331 1623 4387; x_wconf 81' lang='lat' dir='ltr'><strong>Trinitate</strong></span> <span class='ocrx_word' id='word_1_484' title='bbox 1644 4333 1774 4388; x_wconf 83' lang='lat' dir='ltr'><strong>liber</strong></span> <span class='ocrx_word' id='word_1_485' title='bbox 1801 4338 2079 4388; x_wconf 73' lang='lat' dir='ltr'><strong>secundus.</strong></span> 
     </span>
    </p>
   </div>
   <div class='ocr_carea' id='block_1_61' title="bbox 502 4423 2078 4498">
    <p class='ocr_par' dir='ltr' id='par_1_61' title="bbox 502 4423 2078 4498">
     <span class='ocr_line' id='line_1_61' title="bbox 502 4423 2078 4498; baseline -0.003 -14"><span class='ocrx_word' id='word_1_486' title='bbox 502 4429 690 4498; x_wconf 81' lang='lat' dir='ltr'><strong>Itaque</strong></span> <span class='ocrx_word' id='word_1_487' title='bbox 722 4427 883 4480; x_wconf 87' lang='lat' dir='ltr'><strong>verba</strong></span> <span class='ocrx_word' id='word_1_488' title='bbox 921 4425 1033 4490; x_wconf 82' lang='lat' dir='ltr'><strong>illa,</strong></span> <span class='ocrx_word' id='word_1_489' title='bbox 1066 4423 1217 4477; x_wconf 83' lang='lat' dir='ltr'><strong>Liber</strong></span> <span class='ocrx_word' id='word_1_490' title='bbox 1237 4425 1518 4489; x_wconf 74' lang='lat' dir='ltr'><strong>secundus,</strong></span> <span class='ocrx_word' id='word_1_491' title='bbox 1549 4430 1612 4478; x_wconf 82' lang='lat' dir='ltr'><strong>de</strong></span> <span class='ocrx_word' id='word_1_492' title='bbox 1642 4423 1843 4493; x_wconf 87' lang='lat' dir='ltr'><strong>Spiritu</strong></span> <span class='ocrx_word' id='word_1_493' title='bbox 1875 4436 2078 4492; x_wconf 78' lang='lat' dir='ltr'><strong>sancto,</strong></span> 
     </span>
    </p>
   </div>
   <div class='ocr_carea' id='block_1_62' title="bbox 2189 1943 3770 2016">
    <p class='ocr_par' dir='ltr' id='par_1_62' title="bbox 2189 1943 3770 2016">
     <span class='ocr_line' id='line_1_62' title="bbox 2189 1943 3770 2016; baseline -0.001 -17"><span class='ocrx_word' id='word_1_494' title='bbox 2189 1943 2400 2012; x_wconf 87' lang='lat' dir='ltr'><strong>Spiritu</strong></span> <span class='ocrx_word' id='word_1_495' title='bbox 2451 1953 2636 1998; x_wconf 75' lang='lat' dir='ltr'><strong>sancto</strong></span> <span class='ocrx_word' id='word_1_496' title='bbox 2687 1944 2754 1998; x_wconf 86' lang='lat' dir='ltr'><strong>ab</strong></span> <span class='ocrx_word' id='word_1_497' title='bbox 2801 1943 3129 2016; x_wconf 80' lang='lat' dir='ltr'><strong>Ilieroayuto</strong></span> <span class='ocrx_word' id='word_1_498' title='bbox 3173 1943 3365 2000; x_wconf 85' lang='lat' dir='ltr'><strong>Latine</strong></span> <span class='ocrx_word' id='word_1_499' title='bbox 3413 1961 3770 2009; x_wconf 85' lang='lat' dir='ltr'><strong>conversum;</strong></span> 
     </span>
    </p>
   </div>
   <div class='ocr_carea' id='block_1_63' title="bbox 2188 2036 3775 2108">
    <p class='ocr_par' dir='ltr' id='par_1_63' title="bbox 2188 2036 3775 2108">
     <span class='ocr_line' id='line_1_63' title="bbox 2188 2036 3775 2108; baseline 0.001 -18"><span class='ocrx_word' id='word_1_500' title='bbox 2188 2052 2289 2092; x_wconf 90' lang='lat' dir='ltr'><strong>nec</strong></span> <span class='ocrx_word' id='word_1_501' title='bbox 2333 2037 2476 2091; x_wconf 91' lang='lat' dir='ltr'><strong>enim</strong></span> <span class='ocrx_word' id='word_1_502' title='bbox 2513 2036 2585 2090; x_wconf 92' lang='lat' dir='ltr'><strong>ita</strong></span> <span class='ocrx_word' id='word_1_503' title='bbox 2630 2037 2940 2106; x_wconf 90' lang='lat' dir='ltr'><strong>promiscue</strong></span> <span class='ocrx_word' id='word_1_504' title='bbox 2987 2038 3091 2091; x_wconf 92' lang='lat' dir='ltr'><strong>duo</strong></span> <span class='ocrx_word' id='word_1_505' title='bbox 3129 2054 3192 2092; x_wconf 87' lang='lat' dir='ltr'><strong>ea</strong></span> <span class='ocrx_word' id='word_1_506' title='bbox 3243 2039 3461 2092; x_wconf 90' lang='lat' dir='ltr'><strong>nomina</strong></span> <span class='ocrx_word' id='word_1_507' title='bbox 3499 2039 3775 2108; x_wconf 88' lang='lat' dir='ltr'><strong>accipiun-</strong></span> 
     </span>
    </p>
   </div>
   <div class='ocr_carea' id='block_1_64' title="bbox 2189 2127 3774 2200">
    <p class='ocr_par' dir='ltr' id='par_1_64' title="bbox 2189 2127 3774 2200">
     <span class='ocr_line' id='line_1_64' title="bbox 2189 2127 3774 2200; baseline 0.001 -18"><span class='ocrx_word' id='word_1_508' title='bbox 2189 2137 2299 2192; x_wconf 91' lang='lat' dir='ltr'><strong>tur,</strong></span> <span class='ocrx_word' id='word_1_509' title='bbox 2335 2139 2393 2182; x_wconf 93' lang='lat' dir='ltr'><strong>ut</strong></span> <span class='ocrx_word' id='word_1_510' title='bbox 2424 2127 2631 2181; x_wconf 91' lang='lat' dir='ltr'><strong>nulluut</strong></span> <span class='ocrx_word' id='word_1_511' title='bbox 2669 2128 2810 2182; x_wconf 90' lang='lat' dir='ltr'><strong>inter</strong></span> <span class='ocrx_word' id='word_1_512' title='bbox 2839 2129 2950 2196; x_wconf 88' lang='lat' dir='ltr'><strong>ipsa</strong></span> <span class='ocrx_word' id='word_1_513' title='bbox 2978 2129 3273 2184; x_wconf 70' lang='lat' dir='ltr'><strong>discrimen</strong></span> <span class='ocrx_word' id='word_1_514' title='bbox 3303 2131 3394 2184; x_wconf 88' lang='lat' dir='ltr'><strong>sit.</strong></span> <span class='ocrx_word' id='word_1_515' title='bbox 3426 2129 3628 2184; x_wconf 76' lang='lat' dir='ltr'><strong>Nomen</strong></span> <span class='ocrx_word' id='word_1_516' title='bbox 3660 2132 3774 2200; x_wconf 85' lang='lat' dir='ltr'><strong>qui-</strong></span> 
     </span>
    </p>
   </div>
   <div class='ocr_carea' id='block_1_65' title="bbox 2187 2219 3771 2290">
    <p class='ocr_par' dir='ltr' id='par_1_65' title="bbox 2187 2219 3771 2290">
     <span class='ocr_line' id='line_1_65' title="bbox 2187 2219 3771 2290; baseline 0.003 -18"><span class='ocrx_word' id='word_1_517' title='bbox 2187 2219 2310 2275; x_wconf 87' lang='lat' dir='ltr'><strong>dem</strong></span> <span class='ocrx_word' id='word_1_518' title='bbox 2359 2220 2518 2288; x_wconf 87' lang='grc' dir='ltr'>λόγος</span> <span class='ocrx_word' id='word_1_519' title='bbox 2558 2220 2764 2290; x_wconf 89' lang='lat' dir='ltr'><strong>opliute</strong></span> <span class='ocrx_word' id='word_1_520' title='bbox 2790 2220 2926 2274; x_wconf 92' lang='lat' dir='ltr'><strong>libro</strong></span> <span class='ocrx_word' id='word_1_521' title='bbox 2962 2219 3038 2273; x_wconf 85' lang='lat' dir='ltr'><strong>De</strong></span> <span class='ocrx_word' id='word_1_522' title='bbox 3072 2219 3276 2289; x_wconf 83' lang='lat' dir='ltr'><strong>Spiritu</strong></span> <span class='ocrx_word' id='word_1_523' title='bbox 3305 2234 3484 2275; x_wconf 77' lang='lat' dir='ltr'><strong>sancto</strong></span> <span class='ocrx_word' id='word_1_524' title='bbox 3516 2224 3771 2276; x_wconf 79' lang='lat' dir='ltr'><strong>conveni-</strong></span> 
     </span>
    </p>
   </div>
   <div class='ocr_carea' id='block_1_66' title="bbox 2188 2311 3772 2383">
    <p class='ocr_par' dir='ltr' id='par_1_66' title="bbox 2188 2311 3772 2383">
     <span class='ocr_line' id='line_1_66' title="bbox 2188 2311 3772 2383; baseline 0.001 -17"><span class='ocrx_word' id='word_1_525' title='bbox 2188 2328 2270 2377; x_wconf 90' lang='lat' dir='ltr'><strong>re,</strong></span> <span class='ocrx_word' id='word_1_526' title='bbox 2293 2314 2403 2383; x_wconf 91' lang='lat' dir='ltr'><strong>jam</strong></span> <span class='ocrx_word' id='word_1_527' title='bbox 2431 2314 2641 2367; x_wconf 88' lang='lat' dir='ltr'><strong>ostendi</strong></span> <span class='ocrx_word' id='word_1_528' title='bbox 2681 2327 2803 2382; x_wconf 89' lang='lat' dir='ltr'><strong>pag.</strong></span> <span class='ocrx_word' id='word_1_529' title='bbox 2833 2311 2958 2365; x_wconf 64' lang='lat'><strong>374.</strong></span> <span class='ocrx_word' id='word_1_530' title='bbox 2988 2313 3060 2366; x_wconf 86' lang='grc' dir='ltr'><strong>Δι</strong></span> <span class='ocrx_word' id='word_1_531' title='bbox 3099 2315 3366 2368; x_wconf 82' lang='lat' dir='ltr'><strong>secundus</strong></span> <span class='ocrx_word' id='word_1_532' title='bbox 3410 2313 3484 2367; x_wconf 83' lang='lat' dir='ltr'><strong>De</strong></span> <span class='ocrx_word' id='word_1_533' title='bbox 3515 2312 3772 2368; x_wconf 83' lang='lat' dir='ltr'><strong>Trinitute</strong></span> 
     </span>
    </p>
   </div>
   <div class='ocr_carea' id='block_1_67' title="bbox 2189 2403 3770 2476">
    <p class='ocr_par' dir='ltr' id='par_1_67' title="bbox 2189 2403 3770 2476">
     <span class='ocr_line' id='line_1_67' title="bbox 2189 2403 3770 2476; baseline 0 -18"><span class='ocrx_word' id='word_1_534' title='bbox 2189 2406 2323 2460; x_wconf 88' lang='lat' dir='ltr'><strong>liber</strong></span> <span class='ocrx_word' id='word_1_535' title='bbox 2361 2403 2532 2476; x_wconf 85' lang='lat' dir='ltr'><strong>magis</strong></span> <span class='ocrx_word' id='word_1_536' title='bbox 2573 2405 2788 2475; x_wconf 85' lang='lat' dir='ltr'><strong>proprie</strong></span> <span class='ocrx_word' id='word_1_537' title='bbox 2837 2403 3063 2474; x_wconf 77' lang='grc' dir='ltr'>βιϐλίον,</span> <span class='ocrx_word' id='word_1_538' title='bbox 3096 2418 3258 2473; x_wconf 88' lang='lat' dir='ltr'><strong>quam</strong></span> <span class='ocrx_word' id='word_1_539' title='bbox 3306 2403 3462 2473; x_wconf 81' lang='grc' dir='ltr'>λόγος</span> <span class='ocrx_word' id='word_1_540' title='bbox 3491 2421 3770 2475; x_wconf 86' lang='lat' dir='ltr'><strong>nuncupa-</strong></span> 
     </span>
    </p>
   </div>
   <div class='ocr_carea' id='block_1_68' title="bbox 2189 2494 3773 2566">
    <p class='ocr_par' dir='ltr' id='par_1_68' title="bbox 2189 2494 3773 2566">
     <span class='ocr_line' id='line_1_68' title="bbox 2189 2494 3773 2566; baseline -0.001 -15"><span class='ocrx_word' id='word_1_541' title='bbox 2189 2507 2295 2551; x_wconf 90' lang='lat' dir='ltr'><strong>tur.</strong></span> <span class='ocrx_word' id='word_1_542' title='bbox 2347 2494 2482 2550; x_wconf 83' lang='lat' dir='ltr'><strong>Nam</strong></span> <span class='ocrx_word' id='word_1_543' title='bbox 2527 2505 2639 2550; x_wconf 88' lang='lat' dir='ltr'><strong>tres</strong></span> <span class='ocrx_word' id='word_1_544' title='bbox 2684 2495 2735 2549; x_wconf 89' lang='lat' dir='ltr'><strong>lti</strong></span> <span class='ocrx_word' id='word_1_545' title='bbox 2776 2496 2896 2550; x_wconf 91' lang='lat' dir='ltr'><strong>libri</strong></span> <span class='ocrx_word' id='word_1_546' title='bbox 2939 2495 3141 2566; x_wconf 84' lang='grc' dir='ltr'>βιϐλία,</span> <span class='ocrx_word' id='word_1_547' title='bbox 3175 2511 3280 2550; x_wconf 92' lang='lat' dir='ltr'><strong>non</strong></span> <span class='ocrx_word' id='word_1_548' title='bbox 3322 2496 3469 2566; x_wconf 85' lang='grc' dir='ltr'>λόγοι</span> <span class='ocrx_word' id='word_1_549' title='bbox 3512 2509 3773 2551; x_wconf 79' lang='lat' dir='ltr'><strong>vocantur</strong></span> 
     </span>
    </p>
   </div>
   <div class='ocr_carea' id='block_1_69' title="bbox 2188 2585 3766 2656">
    <p class='ocr_par' dir='ltr' id='par_1_69' title="bbox 2188 2585 3766 2656">
     <span class='ocr_line' id='line_1_69' title="bbox 2188 2585 3766 2656; baseline 0.001 -16"><span class='ocrx_word' id='word_1_550' title='bbox 2188 2586 2241 2641; x_wconf 94' lang='lat' dir='ltr'><strong>in</strong></span> <span class='ocrx_word' id='word_1_551' title='bbox 2265 2587 2454 2641; x_wconf 85' lang='lat' dir='ltr'><strong>codice</strong></span> <span class='ocrx_word' id='word_1_552' title='bbox 2476 2585 2857 2640; x_wconf 90' lang='lat' dir='ltr'><strong>Passioueiauo</strong></span> <span class='ocrx_word' id='word_1_553' title='bbox 2887 2603 2900 2637; x_wconf 86' lang='lat'><strong>:</strong></span> <span class='ocrx_word' id='word_1_554' title='bbox 2938 2602 3043 2656; x_wconf 87' lang='lat' dir='ltr'><strong>qua</strong></span> <span class='ocrx_word' id='word_1_555' title='bbox 3073 2587 3138 2640; x_wconf 89' lang='lat' dir='ltr'><strong>de</strong></span> <span class='ocrx_word' id='word_1_556' title='bbox 3169 2602 3331 2641; x_wconf 90' lang='lat' dir='ltr'><strong>causa</strong></span> <span class='ocrx_word' id='word_1_557' title='bbox 3369 2587 3565 2642; x_wconf 89' lang='lat' dir='ltr'><strong>merito</strong></span> <span class='ocrx_word' id='word_1_558' title='bbox 3596 2603 3626 2641; x_wconf 85' lang='lat' dir='ltr'><strong>a</strong></span> <span class='ocrx_word' id='word_1_559' title='bbox 3666 2587 3766 2642; x_wconf 81' lang='lat' dir='ltr'><strong>So-</strong></span> 
     </span>
    </p>
   </div>
   <div class='ocr_carea' id='block_1_70' title="bbox 2187 2675 3768 2748">
    <p class='ocr_par' dir='ltr' id='par_1_70' title="bbox 2187 2675 3768 2748">
     <span class='ocr_line' id='line_1_70' title="bbox 2187 2675 3768 2748; baseline 0.003 -17"><span class='ocrx_word' id='word_1_560' title='bbox 2187 2687 2341 2732; x_wconf 88' lang='lat' dir='ltr'><strong>crate</strong></span> <span class='ocrx_word' id='word_1_561' title='bbox 2371 2691 2589 2747; x_wconf 79' lang='lat' dir='ltr'><strong>quoque</strong></span> <span class='ocrx_word' id='word_1_562' title='bbox 2615 2675 2855 2741; x_wconf 86' lang='lat' dir='ltr'><strong>eosdem,</strong></span> <span class='ocrx_word' id='word_1_563' title='bbox 2892 2688 2950 2730; x_wconf 94' lang='lat' dir='ltr'><strong>ut</strong></span> <span class='ocrx_word' id='word_1_564' title='bbox 2980 2679 3228 2747; x_wconf 88' lang='lat' dir='ltr'><strong>equidem</strong></span> <span class='ocrx_word' id='word_1_565' title='bbox 3257 2681 3468 2748; x_wconf 90' lang='lat' dir='ltr'><strong>opinor,</strong></span> <span class='ocrx_word' id='word_1_566' title='bbox 3496 2680 3768 2736; x_wconf 87' lang='lat' dir='ltr'><strong>indicante</strong></span> 
     </span>
    </p>
   </div>
   <div class='ocr_carea' id='block_1_71' title="bbox 2189 2768 3772 2841">
    <p class='ocr_par' dir='ltr' id='par_1_71' title="bbox 2189 2768 3772 2841">
     <span class='ocr_line' id='line_1_71' title="bbox 2189 2768 3772 2841; baseline 0.004 -18"><span class='ocrx_word' id='word_1_567' title='bbox 2189 2769 2372 2840; x_wconf 76' lang='grc' dir='ltr'><strong>βιϐλία⁴</strong></span> <span class='ocrx_word' id='word_1_568' title='bbox 2399 2768 2841 2824; x_wconf 92' lang='lat' dir='ltr'><strong>deuominantur.</strong></span> <span class='ocrx_word' id='word_1_569' title='bbox 2883 2768 3021 2836; x_wconf 92' lang='lat' dir='ltr'><strong>Quin</strong></span> <span class='ocrx_word' id='word_1_570' title='bbox 3081 2771 3189 2824; x_wconf 88' lang='lat' dir='ltr'><strong>itno</strong></span> <span class='ocrx_word' id='word_1_571' title='bbox 3242 2782 3432 2826; x_wconf 89' lang='lat' dir='ltr'><strong>auctor</strong></span> <span class='ocrx_word' id='word_1_572' title='bbox 3475 2773 3587 2841; x_wconf 75' lang='lat' dir='ltr'><strong>ipse</strong></span> <span class='ocrx_word' id='word_1_573' title='bbox 3633 2773 3772 2829; x_wconf 89' lang='lat' dir='ltr'><strong>libro</strong></span> 
     </span>
    </p>
   </div>
   <div class='ocr_carea' id='block_1_72' title="bbox 2189 2860 3766 2934">
    <p class='ocr_par' dir='ltr' id='par_1_72' title="bbox 2189 2860 3766 2934">
     <span class='ocr_line' id='line_1_72' title="bbox 2189 2860 3766 2934; baseline 0.006 -18"><span class='ocrx_word' id='word_1_574' title='bbox 2189 2877 2268 2926; x_wconf 87' lang='lat' dir='ltr'><strong>tu,</strong></span> <span class='ocrx_word' id='word_1_575' title='bbox 2306 2878 2430 2932; x_wconf 85' lang='lat' dir='ltr'><strong>pag.</strong></span> <span class='ocrx_word' id='word_1_576' title='bbox 2470 2862 2597 2924; x_wconf 66' lang='lat'><strong>515.</strong></span> <span class='ocrx_word' id='word_1_577' title='bbox 2639 2860 2796 2929; x_wconf 80' lang='grc' dir='ltr'>λόγον</span> <span class='ocrx_word' id='word_1_578' title='bbox 2826 2861 3061 2915; x_wconf 82' lang='lat' dir='ltr'><strong>secernit</strong></span> <span class='ocrx_word' id='word_1_579' title='bbox 3092 2877 3120 2914; x_wconf 85' lang='lat' dir='ltr'><strong>a</strong></span> <span class='ocrx_word' id='word_1_580' title='bbox 3167 2861 3378 2934; x_wconf 83' lang='grc' dir='ltr'>βιϐλίῳ.</span> <span class='ocrx_word' id='word_1_581' title='bbox 3417 2880 3537 2918; x_wconf 89' lang='lat' dir='ltr'><strong>cum</strong></span> <span class='ocrx_word' id='word_1_582' title='bbox 3575 2865 3654 2921; x_wconf 91' lang='lat' dir='ltr'><strong>sic</strong></span> <span class='ocrx_word' id='word_1_583' title='bbox 3685 2866 3766 2925; x_wconf 79' lang='lat' dir='ltr'><strong>Iu-</strong></span> 
     </span>
    </p>
   </div>
   <div class='ocr_carea' id='block_1_73' title="bbox 2185 2952 3767 3028">
    <p class='ocr_par' dir='ltr' id='par_1_73' title="bbox 2185 2952 3767 3028">
     <span class='ocr_line' id='line_1_73' title="bbox 2185 2952 3767 3028; baseline 0.005 -22"><span class='ocrx_word' id='word_1_584' title='bbox 2185 2955 2371 3024; x_wconf 90' lang='lat' dir='ltr'><strong>quitur</strong></span> <span class='ocrx_word' id='word_1_585' title='bbox 2397 2971 2410 3006; x_wconf 90' lang='lat'><strong>:</strong></span> <span class='ocrx_word' id='word_1_586' title='bbox 2434 2953 2488 3008; x_wconf 84' lang='lat' dir='ltr'><strong>in</strong></span> <span class='ocrx_word' id='word_1_587' title='bbox 2509 2955 2677 3023; x_wconf 89' lang='lat' dir='ltr'><strong>primo</strong></span> <span class='ocrx_word' id='word_1_588' title='bbox 2708 2953 2851 3024; x_wconf 80' lang='grc' dir='ltr'><strong>λόγῳ</strong></span> <span class='ocrx_word' id='word_1_589' title='bbox 2879 2971 2996 3021; x_wconf 86' lang='lat' dir='ltr'><strong>cap.</strong></span> <span class='ocrx_word' id='word_1_590' title='bbox 3028 2952 3116 3020; x_wconf 78' lang='grc'><strong>10,</strong></span> <span class='ocrx_word' id='word_1_591' title='bbox 3146 2967 3191 3008; x_wconf 87' lang='lat' dir='ltr'><strong>et</strong></span> <span class='ocrx_word' id='word_1_592' title='bbox 3219 2958 3274 3010; x_wconf 84' lang='lat' dir='ltr'><strong>in</strong></span> <span class='ocrx_word' id='word_1_593' title='bbox 3313 2958 3408 3011; x_wconf 66' lang='lat' dir='ltr'><strong>lto-&#39;3</strong></span> <span class='ocrx_word' id='word_1_594' title='bbox 3432 2955 3621 3028; x_wconf 82' lang='grc' dir='ltr'>βιϐλίῳ</span> <span class='ocrx_word' id='word_1_595' title='bbox 3649 2974 3767 3016; x_wconf 73' lang='grc' dir='ltr'><strong>σπι).</strong></span> 
     </span>
    </p>
   </div>
   <div class='ocr_carea' id='block_1_74' title="bbox 2192 3043 3767 3120">
    <p class='ocr_par' dir='ltr' id='par_1_74' title="bbox 2192 3043 3767 3120">
     <span class='ocr_line' id='line_1_74' title="bbox 2192 3043 3767 3120; baseline 0.001 -19"><span class='ocrx_word' id='word_1_596' title='bbox 2192 3047 2275 3101; x_wconf 71' lang='grc'><strong>14.</strong></span> <span class='ocrx_word' id='word_1_597' title='bbox 2301 3043 2528 3100; x_wconf 81' lang='lat' dir='ltr'><strong>Videtur</strong></span> <span class='ocrx_word' id='word_1_598' title='bbox 2553 3061 2682 3116; x_wconf 87' lang='lat' dir='ltr'><strong>ergo</strong></span> <span class='ocrx_word' id='word_1_599' title='bbox 2712 3045 2973 3099; x_wconf 90' lang='lat' dir='ltr'><strong>vocabqu</strong></span> <span class='ocrx_word' id='word_1_600' title='bbox 2996 3045 3154 3115; x_wconf 74' lang='grc' dir='ltr'>λόγος</span> <span class='ocrx_word' id='word_1_601' title='bbox 3177 3051 3492 3117; x_wconf 87' lang='lat' dir='ltr'><strong>opusculum</strong></span> <span class='ocrx_word' id='word_1_602' title='bbox 3521 3053 3767 3120; x_wconf 83' lang='lat' dir='ltr'><strong>designa-</strong></span> 
     </span>
    </p>
   </div>
   <div class='ocr_carea' id='block_1_75' title="bbox 2191 3139 3766 3217">
    <p class='ocr_par' dir='ltr' id='par_1_75' title="bbox 2191 3139 3766 3217">
     <span class='ocr_line' id='line_1_75' title="bbox 2191 3139 3766 3217; baseline -0.002 -18"><span class='ocrx_word' id='word_1_603' title='bbox 2191 3161 2248 3201; x_wconf 90' lang='lat' dir='ltr'><strong>re</strong></span> <span class='ocrx_word' id='word_1_604' title='bbox 2275 3146 2418 3200; x_wconf 88' lang='lat' dir='ltr'><strong>aliud</strong></span> <span class='ocrx_word' id='word_1_605' title='bbox 2450 3163 2478 3200; x_wconf 90' lang='lat' dir='ltr'><strong>a</strong></span> <span class='ocrx_word' id='word_1_606' title='bbox 2511 3148 2687 3217; x_wconf 90' lang='lat' dir='ltr'><strong>primo</strong></span> <span class='ocrx_word' id='word_1_607' title='bbox 2712 3139 2871 3215; x_wconf 84' lang='lat' dir='ltr'><strong>hujus</strong></span> <span class='ocrx_word' id='word_1_608' title='bbox 2897 3148 3078 3217; x_wconf 92' lang='lat' dir='ltr'><strong>operis</strong></span> <span class='ocrx_word' id='word_1_609' title='bbox 3103 3146 3262 3200; x_wconf 92' lang='lat' dir='ltr'><strong>libro.</strong></span> <span class='ocrx_word' id='word_1_610' title='bbox 3297 3143 3450 3210; x_wconf 85' lang='lat' dir='ltr'><strong>Quod</strong></span> <span class='ocrx_word' id='word_1_611' title='bbox 3487 3154 3542 3196; x_wconf 91' lang='grc' dir='ltr'><strong>ιιι</strong></span> <span class='ocrx_word' id='word_1_612' title='bbox 3564 3144 3766 3198; x_wconf 87' lang='lat' dir='ltr'><strong>clarius</strong></span> 
     </span>
    </p>
   </div>
   <div class='ocr_carea' id='block_1_76' title="bbox 2186 3233 3764 3307">
    <p class='ocr_par' dir='ltr' id='par_1_76' title="bbox 2186 3233 3764 3307">
     <span class='ocr_line' id='line_1_76' title="bbox 2186 3233 3764 3307; baseline -0.001 -17"><span class='ocrx_word' id='word_1_613' title='bbox 2186 3238 2360 3292; x_wconf 90' lang='lat' dir='ltr'><strong>adhuc</strong></span> <span class='ocrx_word' id='word_1_614' title='bbox 2390 3246 2668 3307; x_wconf 86' lang='lat' dir='ltr'><strong>appareat,</strong></span> <span class='ocrx_word' id='word_1_615' title='bbox 2697 3237 3239 3291; x_wconf 77' lang='lat' dir='ltr'><strong>animadVertendum</strong></span> <span class='ocrx_word' id='word_1_616' title='bbox 3267 3246 3372 3298; x_wconf 87' lang='lat' dir='ltr'><strong>est,</strong></span> <span class='ocrx_word' id='word_1_617' title='bbox 3404 3233 3665 3289; x_wconf 79' lang='lat' dir='ltr'><strong>terdecies</strong></span> <span class='ocrx_word' id='word_1_618' title='bbox 3707 3233 3764 3288; x_wconf 89' lang='lat' dir='ltr'><strong>in</strong></span> 
     </span>
    </p>
   </div>
   <div class='ocr_carea' id='block_1_77' title="bbox 2186 3323 3766 3398">
    <p class='ocr_par' dir='ltr' id='par_1_77' title="bbox 2186 3323 3766 3398">
     <span class='ocr_line' id='line_1_77' title="bbox 2186 3323 3766 3398; baseline -0.001 -17"><span class='ocrx_word' id='word_1_619' title='bbox 2186 3328 2271 3384; x_wconf 90' lang='lat' dir='ltr'><strong>bis</strong></span> <span class='ocrx_word' id='word_1_620' title='bbox 2308 3327 2459 3383; x_wconf 89' lang='lat' dir='ltr'><strong>libris</strong></span> <span class='ocrx_word' id='word_1_621' title='bbox 2491 3345 2519 3381; x_wconf 91' lang='lat' dir='ltr'><strong>a</strong></span> <span class='ocrx_word' id='word_1_622' title='bbox 2556 3328 2806 3398; x_wconf 84' lang='lat' dir='ltr'><strong>theologo</strong></span> <span class='ocrx_word' id='word_1_623' title='bbox 2848 3340 3035 3382; x_wconf 86' lang='lat' dir='ltr'><strong>nostro</strong></span> <span class='ocrx_word' id='word_1_624' title='bbox 3080 3326 3241 3382; x_wconf 83' lang='lat' dir='ltr'><strong>citari</strong></span> <span class='ocrx_word' id='word_1_625' title='bbox 3294 3327 3524 3396; x_wconf 88' lang='lat' dir='ltr'><strong>primum</strong></span> <span class='ocrx_word' id='word_1_626' title='bbox 3587 3323 3766 3393; x_wconf 80' lang='grc' dir='ltr'>λόγον.</span> 
     </span>
    </p>
   </div>
   <div class='ocr_carea' id='block_1_78' title="bbox 2184 3415 3769 3489">
    <p class='ocr_par' dir='ltr' id='par_1_78' title="bbox 2184 3415 3769 3489">
     <span class='ocr_line' id='line_1_78' title="bbox 2184 3415 3769 3489; baseline -0.004 -16"><span class='ocrx_word' id='word_1_627' title='bbox 2184 3421 2360 3474; x_wconf 89' lang='lat' dir='ltr'><strong>octies</strong></span> <span class='ocrx_word' id='word_1_628' title='bbox 2392 3430 2574 3475; x_wconf 88' lang='lat' dir='ltr'><strong>autem</strong></span> <span class='ocrx_word' id='word_1_629' title='bbox 2620 3419 2874 3489; x_wconf 90' lang='lat' dir='ltr'><strong>primum,</strong></span> <span class='ocrx_word' id='word_1_630' title='bbox 2901 3428 2994 3473; x_wconf 90' lang='lat' dir='ltr'><strong>aut</strong></span> <span class='ocrx_word' id='word_1_631' title='bbox 3019 3419 3313 3474; x_wconf 90' lang='lat' dir='ltr'><strong>secundum</strong></span> <span class='ocrx_word' id='word_1_632' title='bbox 3358 3415 3581 3487; x_wconf 90' lang='grc' dir='ltr'>βιϐλίον.</span> <span class='ocrx_word' id='word_1_633' title='bbox 3612 3419 3769 3482; x_wconf 76' lang='lat' dir='ltr'><strong>Qua:-</strong></span> 
     </span>
    </p>
   </div>
   <div class='ocr_carea' id='block_1_79' title="bbox 2184 3507 3768 3582">
    <p class='ocr_par' dir='ltr' id='par_1_79' title="bbox 2184 3507 3768 3582">
     <span class='ocr_line' id='line_1_79' title="bbox 2184 3507 3768 3582; baseline -0.001 -18"><span class='ocrx_word' id='word_1_634' title='bbox 2184 3526 2396 3581; x_wconf 89' lang='lat' dir='ltr'><strong>cunque</strong></span> <span class='ocrx_word' id='word_1_635' title='bbox 2424 3527 2552 3566; x_wconf 91' lang='lat' dir='ltr'><strong>vero</strong></span> <span class='ocrx_word' id='word_1_636' title='bbox 2585 3511 2719 3566; x_wconf 90' lang='lat' dir='ltr'><strong>citat</strong></span> <span class='ocrx_word' id='word_1_637' title='bbox 2741 3526 2808 3566; x_wconf 90' lang='lat' dir='ltr'><strong>ex</strong></span> <span class='ocrx_word' id='word_1_638' title='bbox 2838 3511 3036 3582; x_wconf 90' lang='lat' dir='ltr'><strong>primo,</strong></span> <span class='ocrx_word' id='word_1_639' title='bbox 3065 3519 3159 3564; x_wconf 91' lang='lat' dir='ltr'><strong>aut</strong></span> <span class='ocrx_word' id='word_1_640' title='bbox 3188 3511 3425 3564; x_wconf 87' lang='lat' dir='ltr'><strong>secundo</strong></span> <span class='ocrx_word' id='word_1_641' title='bbox 3457 3507 3664 3578; x_wconf 80' lang='grc' dir='ltr'>βιϐλίῳ,</span> <span class='ocrx_word' id='word_1_642' title='bbox 3703 3524 3768 3562; x_wconf 87' lang='lat' dir='ltr'><strong>ea</strong></span> 
     </span>
    </p>
   </div>
   <div class='ocr_carea' id='block_1_80' title="bbox 2183 3594 3765 3667">
    <p class='ocr_par' dir='ltr' id='par_1_80' title="bbox 2183 3594 3765 3667">
     <span class='ocr_line' id='line_1_80' title="bbox 2183 3594 3765 3667; baseline -0.007 -13"><span class='ocrx_word' id='word_1_643' title='bbox 2183 3601 2388 3662; x_wconf 88' lang='lat' dir='ltr'><strong>omnia.</strong></span> <span class='ocrx_word' id='word_1_644' title='bbox 2424 3608 2517 3654; x_wconf 89' lang='lat' dir='ltr'><strong>aut</strong></span> <span class='ocrx_word' id='word_1_645' title='bbox 2548 3597 2662 3653; x_wconf 87' lang='lat' dir='ltr'><strong>fere</strong></span> <span class='ocrx_word' id='word_1_646' title='bbox 2703 3599 2884 3654; x_wconf 88' lang='lat' dir='ltr'><strong>omnia</strong></span> <span class='ocrx_word' id='word_1_647' title='bbox 2917 3599 2970 3652; x_wconf 92' lang='lat' dir='ltr'><strong>in</strong></span> <span class='ocrx_word' id='word_1_648' title='bbox 3003 3598 3200 3667; x_wconf 90' lang='lat' dir='ltr'><strong>primo,</strong></span> <span class='ocrx_word' id='word_1_649' title='bbox 3228 3595 3311 3650; x_wconf 87' lang='lat' dir='ltr'><strong>vel</strong></span> <span class='ocrx_word' id='word_1_650' title='bbox 3341 3594 3514 3649; x_wconf 88' lang='lat' dir='ltr'><strong>altero</strong></span> <span class='ocrx_word' id='word_1_651' title='bbox 3557 3610 3621 3646; x_wconf 84' lang='lat' dir='ltr'><strong>ex</strong></span> <span class='ocrx_word' id='word_1_652' title='bbox 3665 3594 3765 3645; x_wconf 51' lang='lat' dir='ltr'><strong>tri-</strong></span> 
     </span>
    </p>
   </div>
   <div class='ocr_carea' id='block_1_81' title="bbox 2186 3685 3769 3758">
    <p class='ocr_par' dir='ltr' id='par_1_81' title="bbox 2186 3685 3769 3758">
     <span class='ocr_line' id='line_1_81' title="bbox 2186 3685 3769 3758; baseline -0.005 -12"><span class='ocrx_word' id='word_1_653' title='bbox 2186 3694 2289 3748; x_wconf 87' lang='lat' dir='ltr'><strong>bus</strong></span> <span class='ocrx_word' id='word_1_654' title='bbox 2333 3691 2483 3747; x_wconf 90' lang='lat' dir='ltr'><strong>bisce</strong></span> <span class='ocrx_word' id='word_1_655' title='bbox 2513 3690 2665 3746; x_wconf 91' lang='lat' dir='ltr'><strong>libris</strong></span> <span class='ocrx_word' id='word_1_656' title='bbox 2694 3690 2948 3756; x_wconf 89' lang='lat' dir='ltr'><strong>inveniri,</strong></span> <span class='ocrx_word' id='word_1_657' title='bbox 2992 3689 3035 3743; x_wconf 85' lang='lat' dir='ltr'><strong>si</strong></span> <span class='ocrx_word' id='word_1_658' title='bbox 3070 3701 3242 3758; x_wconf 85' lang='lat' dir='ltr'><strong>pauca</strong></span> <span class='ocrx_word' id='word_1_659' title='bbox 3268 3686 3530 3753; x_wconf 82' lang='lat' dir='ltr'><strong>excipias,</strong></span> <span class='ocrx_word' id='word_1_660' title='bbox 3558 3700 3679 3754; x_wconf 69' lang='lat' dir='ltr'><strong>qua:</strong></span> <span class='ocrx_word' id='word_1_661' title='bbox 3712 3685 3769 3738; x_wconf 90' lang='lat' dir='ltr'><strong>in</strong></span> 
     </span>
    </p>
   </div>
   <div class='ocr_carea' id='block_1_82' title="bbox 2185 3777 3768 3854">
    <p class='ocr_par' dir='ltr' id='par_1_82' title="bbox 2185 3777 3768 3854">
     <span class='ocr_line' id='line_1_82' title="bbox 2185 3777 3768 3854; baseline -0.004 -16"><span class='ocrx_word' id='word_1_662' title='bbox 2185 3783 2456 3854; x_wconf 87' lang='lat' dir='ltr'><strong>capitibus</strong></span> <span class='ocrx_word' id='word_1_663' title='bbox 2499 3782 2794 3853; x_wconf 87' lang='lat' dir='ltr'><strong>deperditis</strong></span> <span class='ocrx_word' id='word_1_664' title='bbox 2828 3781 3136 3837; x_wconf 86' lang='lat' dir='ltr'><strong>exstabant.</strong></span> <span class='ocrx_word' id='word_1_665' title='bbox 3168 3781 3240 3834; x_wconf 86' lang='lat' dir='ltr'><strong>At</strong></span> <span class='ocrx_word' id='word_1_666' title='bbox 3275 3788 3463 3834; x_wconf 89' lang='lat' dir='ltr'><strong>contra</strong></span> <span class='ocrx_word' id='word_1_667' title='bbox 3507 3777 3768 3832; x_wconf 87' lang='lat' dir='ltr'><strong>tredecim</strong></span> 
     </span>
    </p>
   </div>
   <div class='ocr_carea' id='block_1_83' title="bbox 2185 3865 3773 3941">
    <p class='ocr_par' dir='ltr' id='par_1_83' title="bbox 2185 3865 3773 3941">
     <span class='ocr_line' id='line_1_83' title="bbox 2185 3865 3773 3941; baseline -0.004 -13"><span class='ocrx_word' id='word_1_668' title='bbox 2185 3888 2250 3928; x_wconf 89' lang='lat' dir='ltr'><strong>ea</strong></span> <span class='ocrx_word' id='word_1_669' title='bbox 2282 3874 2421 3938; x_wconf 89' lang='lat' dir='ltr'><strong>loca,</strong></span> <span class='ocrx_word' id='word_1_670' title='bbox 2461 3889 2582 3941; x_wconf 66' lang='lat' dir='ltr'><strong>qua:</strong></span> <span class='ocrx_word' id='word_1_671' title='bbox 2625 3872 2758 3926; x_wconf 90' lang='lat' dir='ltr'><strong>citat</strong></span> <span class='ocrx_word' id='word_1_672' title='bbox 2803 3887 2869 3925; x_wconf 93' lang='lat' dir='ltr'><strong>ex</strong></span> <span class='ocrx_word' id='word_1_673' title='bbox 2899 3871 3074 3939; x_wconf 91' lang='lat' dir='ltr'><strong>primo</strong></span> <span class='ocrx_word' id='word_1_674' title='bbox 3100 3869 3263 3941; x_wconf 81' lang='grc' dir='ltr'>λόγῳ,</span> <span class='ocrx_word' id='word_1_675' title='bbox 3305 3869 3359 3924; x_wconf 82' lang='grc' dir='ltr'>ἱιι</span> <span class='ocrx_word' id='word_1_676' title='bbox 3391 3868 3565 3937; x_wconf 90' lang='lat' dir='ltr'><strong>primo</strong></span> <span class='ocrx_word' id='word_1_677' title='bbox 3608 3865 3773 3934; x_wconf 84' lang='lat' dir='ltr'><strong>ltujus</strong></span> 
     </span>
    </p>
   </div>
   <div class='ocr_carea' id='block_1_84' title="bbox 2184 3960 3771 4034">
    <p class='ocr_par' dir='ltr' id='par_1_84' title="bbox 2184 3960 3771 4034">
     <span class='ocr_line' id='line_1_84' title="bbox 2184 3960 3771 4034; baseline -0.003 -16"><span class='ocrx_word' id='word_1_678' title='bbox 2184 3965 2365 4034; x_wconf 91' lang='lat' dir='ltr'><strong>operis</strong></span> <span class='ocrx_word' id='word_1_679' title='bbox 2399 3965 2533 4018; x_wconf 89' lang='lat' dir='ltr'><strong>libro</strong></span> <span class='ocrx_word' id='word_1_680' title='bbox 2561 3978 2666 4017; x_wconf 92' lang='lat' dir='ltr'><strong>non</strong></span> <span class='ocrx_word' id='word_1_681' title='bbox 2701 3962 2946 4032; x_wconf 87' lang='lat' dir='ltr'><strong>reperiri,</strong></span> <span class='ocrx_word' id='word_1_682' title='bbox 2995 3961 3096 4016; x_wconf 86' lang='lat' dir='ltr'><strong>nisi</strong></span> <span class='ocrx_word' id='word_1_683' title='bbox 3141 3960 3282 4016; x_wconf 81' lang='lat' dir='ltr'><strong>forte</strong></span> <span class='ocrx_word' id='word_1_684' title='bbox 3308 3975 3494 4024; x_wconf 90' lang='lat' dir='ltr'><strong>unum,</strong></span> <span class='ocrx_word' id='word_1_685' title='bbox 3519 3969 3611 4012; x_wconf 92' lang='lat' dir='ltr'><strong>aut</strong></span> <span class='ocrx_word' id='word_1_686' title='bbox 3639 3961 3771 4024; x_wconf 88' lang='lat' dir='ltr'><strong>duo,</strong></span> 
     </span>
    </p>
   </div>
   <div class='ocr_carea' id='block_1_85' title="bbox 2186 4051 3773 4125">
    <p class='ocr_par' dir='ltr' id='par_1_85' title="bbox 2186 4051 3773 4125">
     <span class='ocr_line' id='line_1_85' title="bbox 2186 4051 3773 4125; baseline -0.002 -18"><span class='ocrx_word' id='word_1_687' title='bbox 2186 4055 2252 4108; x_wconf 93' lang='lat' dir='ltr'><strong>de</strong></span> <span class='ocrx_word' id='word_1_688' title='bbox 2272 4055 2468 4125; x_wconf 89' lang='lat' dir='ltr'><strong>quibus</strong></span> <span class='ocrx_word' id='word_1_689' title='bbox 2495 4055 2744 4108; x_wconf 88' lang='lat' dir='ltr'><strong>dubitare</strong></span> <span class='ocrx_word' id='word_1_690' title='bbox 2776 4053 2923 4115; x_wconf 85' lang='lat' dir='ltr'><strong>licet,</strong></span> <span class='ocrx_word' id='word_1_691' title='bbox 2954 4063 3132 4106; x_wconf 88' lang='lat' dir='ltr'><strong>utrum</strong></span> <span class='ocrx_word' id='word_1_692' title='bbox 3169 4053 3221 4105; x_wconf 92' lang='lat' dir='ltr'><strong>in</strong></span> <span class='ocrx_word' id='word_1_693' title='bbox 3251 4053 3424 4121; x_wconf 91' lang='lat' dir='ltr'><strong>primo</strong></span> <span class='ocrx_word' id='word_1_694' title='bbox 3453 4051 3590 4106; x_wconf 90' lang='lat' dir='ltr'><strong>libro</strong></span> <span class='ocrx_word' id='word_1_695' title='bbox 3623 4051 3773 4104; x_wconf 81' lang='lat' dir='ltr'><strong>inve-</strong></span> 
     </span>
    </p>
   </div>
   <div class='ocr_carea' id='block_1_86' title="bbox 2187 4143 3774 4214">
    <p class='ocr_par' dir='ltr' id='par_1_86' title="bbox 2187 4143 3774 4214">
     <span class='ocr_line' id='line_1_86' title="bbox 2187 4143 3774 4214; baseline -0.001 -14"><span class='ocrx_word' id='word_1_696' title='bbox 2187 4146 2426 4203; x_wconf 89' lang='lat' dir='ltr'><strong>ttiantur.</strong></span> <span class='ocrx_word' id='word_1_697' title='bbox 2456 4147 2588 4214; x_wconf 88' lang='lat' dir='ltr'><strong>Quis</strong></span> <span class='ocrx_word' id='word_1_698' title='bbox 2619 4157 2797 4200; x_wconf 87' lang='lat' dir='ltr'><strong>autem</strong></span> <span class='ocrx_word' id='word_1_699' title='bbox 2827 4148 3035 4207; x_wconf 86' lang='lat' dir='ltr'><strong>credat,</strong></span> <span class='ocrx_word' id='word_1_700' title='bbox 3089 4145 3346 4200; x_wconf 87' lang='lat' dir='ltr'><strong>tredecim</strong></span> <span class='ocrx_word' id='word_1_701' title='bbox 3402 4161 3466 4199; x_wconf 90' lang='lat' dir='ltr'><strong>ea</strong></span> <span class='ocrx_word' id='word_1_702' title='bbox 3502 4143 3618 4198; x_wconf 89' lang='lat' dir='ltr'><strong>loca</strong></span> <span class='ocrx_word' id='word_1_703' title='bbox 3649 4158 3774 4198; x_wconf 90' lang='lat' dir='ltr'><strong>om-</strong></span> 
     </span>
    </p>
   </div>
   <div class='ocr_carea' id='block_1_87' title="bbox 2187 4236 3775 4309">
    <p class='ocr_par' dir='ltr' id='par_1_87' title="bbox 2187 4236 3775 4309">
     <span class='ocr_line' id='line_1_87' title="bbox 2187 4236 3775 4309; baseline -0.003 -15"><span class='ocrx_word' id='word_1_704' title='bbox 2187 4243 2296 4307; x_wconf 88' lang='lat' dir='ltr'><strong>nia,</strong></span> <span class='ocrx_word' id='word_1_705' title='bbox 2328 4250 2420 4294; x_wconf 88' lang='lat' dir='ltr'><strong>aut</strong></span> <span class='ocrx_word' id='word_1_706' title='bbox 2444 4239 2558 4295; x_wconf 86' lang='lat' dir='ltr'><strong>fere</strong></span> <span class='ocrx_word' id='word_1_707' title='bbox 2600 4241 2781 4294; x_wconf 81' lang='lat' dir='ltr'><strong>Omnia</strong></span> <span class='ocrx_word' id='word_1_708' title='bbox 2827 4240 2882 4293; x_wconf 90' lang='lat' dir='ltr'><strong>itt</strong></span> <span class='ocrx_word' id='word_1_709' title='bbox 2925 4239 3114 4309; x_wconf 91' lang='lat' dir='ltr'><strong>paucis</strong></span> <span class='ocrx_word' id='word_1_710' title='bbox 3157 4239 3264 4292; x_wconf 88' lang='lat' dir='ltr'><strong>illis</strong></span> <span class='ocrx_word' id='word_1_711' title='bbox 3316 4237 3472 4307; x_wconf 89' lang='lat' dir='ltr'><strong>primi</strong></span> <span class='ocrx_word' id='word_1_712' title='bbox 3521 4236 3639 4290; x_wconf 88' lang='lat' dir='ltr'><strong>libri</strong></span> <span class='ocrx_word' id='word_1_713' title='bbox 3675 4251 3775 4290; x_wconf 89' lang='lat' dir='ltr'><strong>ca-</strong></span> 
     </span>
    </p>
   </div>
   <div class='ocr_carea' id='block_1_88' title="bbox 2184 4330 3775 4404">
    <p class='ocr_par' dir='ltr' id='par_1_88' title="bbox 2184 4330 3775 4404">
     <span class='ocr_line' id='line_1_88' title="bbox 2184 4330 3775 4404; baseline -0.001 -16"><span class='ocrx_word' id='word_1_714' title='bbox 2184 4335 2385 4404; x_wconf 86' lang='lat' dir='ltr'><strong>pitibus</strong></span> <span class='ocrx_word' id='word_1_715' title='bbox 2441 4332 2710 4388; x_wconf 85' lang='lat' dir='ltr'><strong>exstitisse</strong></span> <span class='ocrx_word' id='word_1_716' title='bbox 2760 4347 2881 4402; x_wconf 65' lang='lat' dir='ltr'><strong>quae</strong></span> <span class='ocrx_word' id='word_1_717' title='bbox 2938 4330 3302 4386; x_wconf 88' lang='lat' dir='ltr'><strong>interierunt?</strong></span> <span class='ocrx_word' id='word_1_718' title='bbox 3341 4333 3578 4398; x_wconf 81' lang='lat' dir='ltr'><strong>Apparet</strong></span> <span class='ocrx_word' id='word_1_719' title='bbox 3632 4345 3775 4400; x_wconf 83' lang='lat' dir='ltr'><strong>ergo</strong></span> 
     </span>
    </p>
   </div>
   <div class='ocr_carea' id='block_1_89' title="bbox 2186 4421 3778 4494">
    <p class='ocr_par' dir='ltr' id='par_1_89' title="bbox 2186 4421 3778 4494">
     <span class='ocr_line' id='line_1_89' title="bbox 2186 4421 3778 4494; baseline -0.003 -15"><span class='ocrx_word' id='word_1_720' title='bbox 2186 4440 2291 4480; x_wconf 91' lang='lat' dir='ltr'><strong>non</strong></span> <span class='ocrx_word' id='word_1_721' title='bbox 2324 4433 2526 4478; x_wconf 85' lang='lat' dir='ltr'><strong>temere</strong></span> <span class='ocrx_word' id='word_1_722' title='bbox 2565 4423 2824 4494; x_wconf 84' lang='lat' dir='ltr'><strong>distingui</strong></span> <span class='ocrx_word' id='word_1_723' title='bbox 2861 4440 2892 4478; x_wconf 88' lang='lat' dir='ltr'><strong>a</strong></span> <span class='ocrx_word' id='word_1_724' title='bbox 2938 4423 3189 4493; x_wconf 84' lang='lat' dir='ltr'><strong>tlteologo</strong></span> <span class='ocrx_word' id='word_1_725' title='bbox 3221 4433 3405 4476; x_wconf 91' lang='lat' dir='ltr'><strong>nostro</strong></span> <span class='ocrx_word' id='word_1_726' title='bbox 3429 4421 3586 4490; x_wconf 84' lang='grc' dir='ltr'>λόγον</span> <span class='ocrx_word' id='word_1_727' title='bbox 3622 4436 3652 4473; x_wconf 90' lang='lat' dir='ltr'><strong>a</strong></span> <span class='ocrx_word' id='word_1_728' title='bbox 3688 4421 3778 4492; x_wconf 83' lang='grc' dir='ltr'>βι-</span> 
     </span>
    </p>
   </div>
   <div class='ocr_carea' id='block_1_90' title="bbox 503 4513 3774 4589">
    <p class='ocr_par' dir='ltr' id='par_1_90' title="bbox 503 4513 3774 4589">
     <span class='ocr_line' id='line_1_90' title="bbox 503 4513 3774 4589; baseline -0.004 -13"><span class='ocrx_word' id='word_1_729' title='bbox 503 4522 610 4577; x_wconf 83' lang='lat' dir='ltr'><strong>Itoc</strong></span> <span class='ocrx_word' id='word_1_730' title='bbox 640 4529 844 4574; x_wconf 88' lang='lat' dir='ltr'><strong>tantum</strong></span> <span class='ocrx_word' id='word_1_731' title='bbox 876 4518 1138 4580; x_wconf 89' lang='lat' dir='ltr'><strong>indicant,</strong></span> <span class='ocrx_word' id='word_1_732' title='bbox 1168 4518 1218 4571; x_wconf 94' lang='lat' dir='ltr'><strong>iu</strong></span> <span class='ocrx_word' id='word_1_733' title='bbox 1251 4517 1488 4572; x_wconf 86' lang='lat' dir='ltr'><strong>secundo</strong></span> <span class='ocrx_word' id='word_1_734' title='bbox 1514 4517 1647 4572; x_wconf 87' lang='lat' dir='ltr'><strong>libro</strong></span> <span class='ocrx_word' id='word_1_735' title='bbox 1672 4533 1976 4572; x_wconf 88' lang='lat' dir='ltr'><strong>sermonem</strong></span> <span class='ocrx_word' id='word_1_736' title='bbox 2006 4536 2084 4574; x_wconf 88' lang='lat' dir='ltr'><strong>es-</strong></span> <span class='ocrx_word' id='word_1_737' title='bbox 2114 4533 2158 4589; x_wconf 79' lang='grc' dir='ltr'><strong>ι)</strong></span> <span class='ocrx_word' id='word_1_738' title='bbox 2188 4513 2344 4584; x_wconf 86' lang='grc' dir='ltr'>ϐλίῳ,</span> <span class='ocrx_word' id='word_1_739' title='bbox 2368 4523 2425 4568; x_wconf 91' lang='lat' dir='ltr'><strong>ut</strong></span> <span class='ocrx_word' id='word_1_740' title='bbox 2458 4514 2683 4580; x_wconf 87' lang='lat' dir='ltr'><strong>proinde</strong></span> <span class='ocrx_word' id='word_1_741' title='bbox 2721 4531 2843 4569; x_wconf 88' lang='lat' dir='ltr'><strong>cuttt</strong></span> <span class='ocrx_word' id='word_1_742' title='bbox 2887 4516 3016 4568; x_wconf 88' lang='lat' dir='ltr'><strong>citat</strong></span> <span class='ocrx_word' id='word_1_743' title='bbox 3050 4517 3278 4582; x_wconf 85' lang='lat' dir='ltr'><strong>primum</strong></span> <span class='ocrx_word' id='word_1_744' title='bbox 3307 4513 3486 4581; x_wconf 85' lang='grc' dir='ltr'>λόγον,</span> <span class='ocrx_word' id='word_1_745' title='bbox 3518 4521 3610 4566; x_wconf 90' lang='lat' dir='ltr'><strong>aut</strong></span> <span class='ocrx_word' id='word_1_746' title='bbox 3639 4527 3774 4568; x_wconf 89' lang='lat' dir='ltr'><strong>cum</strong></span> 
     </span>
    </p>
   </div>
   <div class='ocr_carea' id='block_1_91' title="bbox 503 4609 2084 4680">
    <p class='ocr_par' dir='ltr' id='par_1_91' title="bbox 503 4609 2084 4680">
     <span class='ocr_line' id='line_1_91' title="bbox 503 4609 2084 4680; baseline -0.003 -11"><span class='ocrx_word' id='word_1_747' title='bbox 503 4628 564 4669; x_wconf 84' lang='lat' dir='ltr'><strong>se</strong></span> <span class='ocrx_word' id='word_1_748' title='bbox 616 4614 682 4667; x_wconf 88' lang='lat' dir='ltr'><strong>de</strong></span> <span class='ocrx_word' id='word_1_749' title='bbox 716 4611 919 4680; x_wconf 91' lang='lat' dir='ltr'><strong>Spiritu</strong></span> <span class='ocrx_word' id='word_1_750' title='bbox 976 4622 1184 4673; x_wconf 87' lang='lat' dir='ltr'><strong>sancto,</strong></span> <span class='ocrx_word' id='word_1_751' title='bbox 1243 4611 1384 4664; x_wconf 90' lang='lat' dir='ltr'><strong>sicut</strong></span> <span class='ocrx_word' id='word_1_752' title='bbox 1432 4609 1483 4662; x_wconf 91' lang='lat' dir='ltr'><strong>in</strong></span> <span class='ocrx_word' id='word_1_753' title='bbox 1526 4610 1699 4678; x_wconf 88' lang='lat' dir='ltr'><strong>primo</strong></span> <span class='ocrx_word' id='word_1_754' title='bbox 1747 4625 1926 4665; x_wconf 84' lang='lat' dir='ltr'><strong>sermo</strong></span> <span class='ocrx_word' id='word_1_755' title='bbox 1985 4609 2084 4664; x_wconf 88' lang='lat' dir='ltr'><strong>fuit</strong></span> 
     </span>
    </p>
   </div>
   <div class='ocr_carea' id='block_1_92' title="bbox 503 4699 2084 4768">
    <p class='ocr_par' dir='ltr' id='par_1_92' title="bbox 503 4699 2084 4768">
     <span class='ocr_line' id='line_1_92' title="bbox 503 4699 2084 4768; baseline -0.003 -8"><span class='ocrx_word' id='word_1_756' title='bbox 503 4707 570 4762; x_wconf 86' lang='lat' dir='ltr'><strong>de</strong></span> <span class='ocrx_word' id='word_1_757' title='bbox 605 4703 761 4760; x_wconf 87' lang='lat' dir='ltr'><strong>Filio.</strong></span> <span class='ocrx_word' id='word_1_758' title='bbox 790 4701 1043 4768; x_wconf 84' lang='lat' dir='ltr'><strong>Alioquin</strong></span> <span class='ocrx_word' id='word_1_759' title='bbox 1095 4703 1438 4757; x_wconf 82' lang='lat' dir='ltr'><strong>scribendum</strong></span> <span class='ocrx_word' id='word_1_760' title='bbox 1492 4699 1680 4755; x_wconf 83' lang='lat' dir='ltr'><strong>fuisset</strong></span> <span class='ocrx_word' id='word_1_761' title='bbox 1736 4717 1750 4753; x_wconf 87' lang='lat'><strong>:</strong></span> <span class='ocrx_word' id='word_1_762' title='bbox 1804 4701 1942 4767; x_wconf 80' lang='grc' dir='ltr'><strong>Περὶ</strong></span> <span class='ocrx_word' id='word_1_763' title='bbox 1978 4701 2084 4756; x_wconf 87' lang='grc' dir='ltr'><strong>τοῦ</strong></span> 
     </span>
    </p>
   </div>
   <div class='ocr_carea' id='block_1_93' title="bbox 500 4791 2085 4864">
    <p class='ocr_par' dir='ltr' id='par_1_93' title="bbox 500 4791 2085 4864">
     <span class='ocr_line' id='line_1_93' title="bbox 500 4791 2085 4864; baseline -0.003 -16"><span class='ocrx_word' id='word_1_764' title='bbox 500 4795 674 4864; x_wconf 77' lang='grc' dir='ltr'>ἁγίου</span> <span class='ocrx_word' id='word_1_765' title='bbox 705 4792 1050 4861; x_wconf 80' lang='grc' dir='ltr'><strong>Πνεύματος</strong></span> <span class='ocrx_word' id='word_1_766' title='bbox 1077 4809 1089 4822; x_wconf 91' lang='grc'><strong>·</strong></span> <span class='ocrx_word' id='word_1_767' title='bbox 1111 4792 1355 4855; x_wconf 78' lang='grc' dir='ltr'>βιϐλίον</span> <span class='ocrx_word' id='word_1_768' title='bbox 1386 4791 1452 4860; x_wconf 80' lang='grc' dir='ltr'><strong>β’,</strong></span> <span class='ocrx_word' id='word_1_769' title='bbox 1480 4805 1582 4842; x_wconf 87' lang='grc' dir='ltr'>ιιοιι</span> <span class='ocrx_word' id='word_1_770' title='bbox 1633 4805 1760 4844; x_wconf 84' lang='lat' dir='ltr'><strong>vero</strong></span> <span class='ocrx_word' id='word_1_771' title='bbox 1795 4809 1808 4844; x_wconf 75' lang='grc' dir='ltr'>ε</span> <span class='ocrx_word' id='word_1_772' title='bbox 1842 4792 2085 4856; x_wconf 74' lang='grc' dir='ltr'>,βιϐλίον</span> 
     </span>
    </p>
   </div>
   <div class='ocr_carea' id='block_1_94' title="bbox 503 4882 1478 4955">
    <p class='ocr_par' dir='ltr' id='par_1_94' title="bbox 503 4882 1478 4955">
     <span class='ocr_line' id='line_1_94' title="bbox 503 4882 1478 4955; baseline -0.005 -17"><span class='ocrx_word' id='word_1_773' title='bbox 503 4885 551 4955; x_wconf 79' lang='grc' dir='ltr'>β’</span> <span class='ocrx_word' id='word_1_774' title='bbox 569 4903 581 4916; x_wconf 87' lang='grc'><strong>·</strong></span> <span class='ocrx_word' id='word_1_775' title='bbox 610 4883 750 4952; x_wconf 73' lang='grc' dir='ltr'><strong>Περὶ</strong></span> <span class='ocrx_word' id='word_1_776' title='bbox 775 4882 883 4936; x_wconf 80' lang='grc' dir='ltr'><strong>τοῦ</strong></span> <span class='ocrx_word' id='word_1_777' title='bbox 916 4882 1089 4952; x_wconf 78' lang='grc' dir='ltr'>ἁγίου</span> <span class='ocrx_word' id='word_1_778' title='bbox 1113 4882 1478 4950; x_wconf 84' lang='grc' dir='ltr'><strong>Πνεύμιιτος.</strong></span> 
     </span>
    </p>
   </div>
   <div class='ocr_carea' id='block_1_95' title="bbox 575 4976 2084 5045">
    <p class='ocr_par' dir='ltr' id='par_1_95' title="bbox 575 4976 2084 5045">
     <span class='ocr_line' id='line_1_95' title="bbox 575 4976 2084 5045; baseline -0.001 -13"><span class='ocrx_word' id='word_1_779' title='bbox 575 4976 829 5032; x_wconf 85' lang='lat' dir='ltr'><strong>Secundo</strong></span> <span class='ocrx_word' id='word_1_780' title='bbox 857 4976 1242 5040; x_wconf 86' lang='lat' dir='ltr'><strong>concedamus,</strong></span> <span class='ocrx_word' id='word_1_781' title='bbox 1267 4990 1329 5030; x_wconf 89' lang='lat' dir='ltr'><strong>ea</strong></span> <span class='ocrx_word' id='word_1_782' title='bbox 1365 4991 1484 5045; x_wconf 73' lang='lat' dir='ltr'><strong>qua:</strong></span> <span class='ocrx_word' id='word_1_783' title='bbox 1508 4990 1634 5045; x_wconf 85' lang='lat' dir='ltr'><strong>pag.</strong></span> <span class='ocrx_word' id='word_1_784' title='bbox 1663 4976 1770 5030; x_wconf 66' lang='grc'><strong>574</strong></span> <span class='ocrx_word' id='word_1_785' title='bbox 1807 4977 1965 5032; x_wconf 87' lang='lat' dir='ltr'><strong>habet</strong></span> <span class='ocrx_word' id='word_1_786' title='bbox 1990 4992 2084 5031; x_wconf 88' lang='lat' dir='ltr'><strong>au-</strong></span> 
     </span>
    </p>
   </div>
   <div class='ocr_carea' id='block_1_96' title="bbox 499 5065 2086 5139">
    <p class='ocr_par' dir='ltr' id='par_1_96' title="bbox 499 5065 2086 5139">
     <span class='ocr_line' id='line_1_96' title="bbox 499 5065 2086 5139; baseline 0.001 -16"><span class='ocrx_word' id='word_1_787' title='bbox 499 5079 640 5134; x_wconf 85' lang='lat' dir='ltr'><strong>ctor,</strong></span> <span class='ocrx_word' id='word_1_788' title='bbox 668 5065 860 5122; x_wconf 87' lang='lat' dir='ltr'><strong>referri</strong></span> <span class='ocrx_word' id='word_1_789' title='bbox 893 5066 1120 5121; x_wconf 76' lang='lat' dir='ltr'><strong>forsitan</strong></span> <span class='ocrx_word' id='word_1_790' title='bbox 1159 5083 1317 5135; x_wconf 89' lang='lat' dir='ltr'><strong>posse</strong></span> <span class='ocrx_word' id='word_1_791' title='bbox 1342 5083 1464 5122; x_wconf 87' lang='lat' dir='ltr'><strong>cunt</strong></span> <span class='ocrx_word' id='word_1_792' title='bbox 1505 5069 1571 5121; x_wconf 88' lang='lat' dir='ltr'><strong>ad</strong></span> <span class='ocrx_word' id='word_1_793' title='bbox 1597 5069 1894 5123; x_wconf 89' lang='lat' dir='ltr'><strong>secundum</strong></span> <span class='ocrx_word' id='word_1_794' title='bbox 1923 5071 2086 5139; x_wconf 83' lang='lat' dir='ltr'><strong>bujus</strong></span> 
     </span>
    </p>
   </div>
   <div class='ocr_carea' id='block_1_97' title="bbox 501 5156 2086 5228">
    <p class='ocr_par' dir='ltr' id='par_1_97' title="bbox 501 5156 2086 5228">
     <span class='ocr_line' id='line_1_97' title="bbox 501 5156 2086 5228; baseline 0.001 -16"><span class='ocrx_word' id='word_1_795' title='bbox 501 5158 688 5225; x_wconf 87' lang='lat' dir='ltr'><strong>operis</strong></span> <span class='ocrx_word' id='word_1_796' title='bbox 711 5156 934 5223; x_wconf 88' lang='lat' dir='ltr'><strong>librum,</strong></span> <span class='ocrx_word' id='word_1_797' title='bbox 965 5166 1077 5212; x_wconf 92' lang='lat' dir='ltr'><strong>tum</strong></span> <span class='ocrx_word' id='word_1_798' title='bbox 1108 5158 1174 5211; x_wconf 92' lang='lat' dir='ltr'><strong>ad</strong></span> <span class='ocrx_word' id='word_1_799' title='bbox 1214 5157 1410 5211; x_wconf 88' lang='lat' dir='ltr'><strong>librttttt</strong></span> <span class='ocrx_word' id='word_1_800' title='bbox 1447 5158 1520 5212; x_wconf 84' lang='lat' dir='ltr'><strong>De</strong></span> <span class='ocrx_word' id='word_1_801' title='bbox 1549 5157 1750 5228; x_wconf 83' lang='lat' dir='ltr'><strong>Spiritu</strong></span> <span class='ocrx_word' id='word_1_802' title='bbox 1778 5170 1981 5214; x_wconf 76' lang='lat' dir='ltr'><strong>sancto.</strong></span> <span class='ocrx_word' id='word_1_803' title='bbox 2016 5161 2086 5214; x_wconf 84' lang='lat' dir='ltr'><strong>At</strong></span> 
     </span>
    </p>
   </div>
   <div class='ocr_carea' id='block_1_98' title="bbox 502 5246 2084 5318">
    <p class='ocr_par' dir='ltr' id='par_1_98' title="bbox 502 5246 2084 5318">
     <span class='ocr_line' id='line_1_98' title="bbox 502 5246 2084 5318; baseline 0.001 -16"><span class='ocrx_word' id='word_1_804' title='bbox 502 5247 636 5302; x_wconf 89' lang='lat' dir='ltr'><strong>illud</strong></span> <span class='ocrx_word' id='word_1_805' title='bbox 665 5255 834 5309; x_wconf 79' lang='lat' dir='ltr'><strong>certe.</strong></span> <span class='ocrx_word' id='word_1_806' title='bbox 865 5248 1011 5316; x_wconf 88' lang='lat' dir='ltr'><strong>quod</strong></span> <span class='ocrx_word' id='word_1_807' title='bbox 1053 5247 1130 5302; x_wconf 85' lang='lat' dir='ltr'><strong>ait</strong></span> <span class='ocrx_word' id='word_1_808' title='bbox 1178 5263 1298 5316; x_wconf 88' lang='lat' dir='ltr'><strong>pag.</strong></span> <span class='ocrx_word' id='word_1_809' title='bbox 1336 5246 1464 5312; x_wconf 61' lang='grc' dir='ltr'><strong>ηδ,</strong></span> <span class='ocrx_word' id='word_1_810' title='bbox 1504 5249 1588 5300; x_wconf 75' lang='lat' dir='ltr'><strong>vix</strong></span> <span class='ocrx_word' id='word_1_811' title='bbox 1627 5264 1691 5302; x_wconf 91' lang='lat' dir='ltr'><strong>ac</strong></span> <span class='ocrx_word' id='word_1_812' title='bbox 1729 5264 1794 5302; x_wconf 91' lang='lat' dir='ltr'><strong>ne</strong></span> <span class='ocrx_word' id='word_1_813' title='bbox 1840 5248 1927 5302; x_wconf 85' lang='lat' dir='ltr'><strong>vix</strong></span> <span class='ocrx_word' id='word_1_814' title='bbox 1958 5249 2084 5318; x_wconf 87' lang='lat' dir='ltr'><strong>qui-</strong></span> 
     </span>
    </p>
   </div>
   <div class='ocr_carea' id='block_1_99' title="bbox 503 5337 2081 5406">
    <p class='ocr_par' dir='ltr' id='par_1_99' title="bbox 503 5337 2081 5406">
     <span class='ocr_line' id='line_1_99' title="bbox 503 5337 2081 5406; baseline 0.001 -12"><span class='ocrx_word' id='word_1_815' title='bbox 503 5340 624 5394; x_wconf 85' lang='lat' dir='ltr'><strong>dem</strong></span> <span class='ocrx_word' id='word_1_816' title='bbox 659 5338 725 5392; x_wconf 92' lang='lat' dir='ltr'><strong>ad</strong></span> <span class='ocrx_word' id='word_1_817' title='bbox 753 5339 1054 5394; x_wconf 87' lang='lat' dir='ltr'><strong>secundum</strong></span> <span class='ocrx_word' id='word_1_818' title='bbox 1088 5337 1245 5405; x_wconf 90' lang='lat' dir='ltr'><strong>ltujus</strong></span> <span class='ocrx_word' id='word_1_819' title='bbox 1274 5341 1455 5406; x_wconf 80' lang='lat' dir='ltr'><strong>aperis</strong></span> <span class='ocrx_word' id='word_1_820' title='bbox 1479 5339 1674 5393; x_wconf 86' lang='lat' dir='ltr'><strong>librum</strong></span> <span class='ocrx_word' id='word_1_821' title='bbox 1705 5339 1906 5394; x_wconf 87' lang='lat' dir='ltr'><strong>referre</strong></span> <span class='ocrx_word' id='word_1_822' title='bbox 1934 5339 2081 5395; x_wconf 91' lang='lat' dir='ltr'><strong>licet.</strong></span> 
     </span>
    </p>
   </div>
   <div class='ocr_carea' id='block_1_100' title="bbox 503 5429 2086 5502">
    <p class='ocr_par' dir='ltr' id='par_1_100' title="bbox 503 5429 2086 5502">
     <span class='ocr_line' id='line_1_100' title="bbox 503 5429 2086 5502; baseline 0.002 -19"><span class='ocrx_word' id='word_1_823' title='bbox 503 5429 638 5485; x_wconf 76' lang='lat' dir='ltr'><strong>Nam</strong></span> <span class='ocrx_word' id='word_1_824' title='bbox 673 5439 958 5501; x_wconf 88' lang='lat' dir='ltr'><strong>postquam</strong></span> <span class='ocrx_word' id='word_1_825' title='bbox 986 5433 1093 5485; x_wconf 86' lang='lat' dir='ltr'><strong>tria</strong></span> <span class='ocrx_word' id='word_1_826' title='bbox 1124 5432 1194 5485; x_wconf 89' lang='lat' dir='ltr'><strong>ibi</strong></span> <span class='ocrx_word' id='word_1_827' title='bbox 1227 5431 1404 5485; x_wconf 85' lang='lat' dir='ltr'><strong>attulit</strong></span> <span class='ocrx_word' id='word_1_828' title='bbox 1442 5431 1735 5502; x_wconf 77' lang='lat' dir='ltr'><strong>Scriptura:</strong></span> <span class='ocrx_word' id='word_1_829' title='bbox 1781 5431 1916 5494; x_wconf 84' lang='lat' dir='ltr'><strong>loca,</strong></span> <span class='ocrx_word' id='word_1_830' title='bbox 1965 5431 2086 5500; x_wconf 90' lang='lat' dir='ltr'><strong>qui-</strong></span> 
     </span>
    </p>
   </div>
   <div class='ocr_carea' id='block_1_101' title="bbox 502 5521 2085 5593">
    <p class='ocr_par' dir='ltr' id='par_1_101' title="bbox 502 5521 2085 5593">
     <span class='ocr_line' id='line_1_101' title="bbox 502 5521 2085 5593; baseline -0.001 -15"><span class='ocrx_word' id='word_1_831' title='bbox 502 5523 607 5579; x_wconf 84' lang='lat' dir='ltr'><strong>bus</strong></span> <span class='ocrx_word' id='word_1_832' title='bbox 633 5522 876 5578; x_wconf 75' lang='lat' dir='ltr'><strong>ltznretici</strong></span> <span class='ocrx_word' id='word_1_833' title='bbox 916 5521 986 5577; x_wconf 89' lang='lat' dir='ltr'><strong>ad</strong></span> <span class='ocrx_word' id='word_1_834' title='bbox 1016 5521 1425 5592; x_wconf 84' lang='lat' dir='ltr'><strong>deprimeudam</strong></span> <span class='ocrx_word' id='word_1_835' title='bbox 1456 5523 1691 5593; x_wconf 80' lang='lat' dir='ltr'><strong>Spiritus</strong></span> <span class='ocrx_word' id='word_1_836' title='bbox 1721 5523 1892 5578; x_wconf 79' lang='lat' dir='ltr'><strong>sant-ti</strong></span> <span class='ocrx_word' id='word_1_837' title='bbox 1926 5532 2085 5577; x_wconf 87' lang='lat' dir='ltr'><strong>natu-</strong></span> 
     </span>
    </p>
   </div>
   <div class='ocr_carea' id='block_1_102' title="bbox 502 5614 2084 5684">
    <p class='ocr_par' dir='ltr' id='par_1_102' title="bbox 502 5614 2084 5684">
     <span class='ocr_line' id='line_1_102' title="bbox 502 5614 2084 5684; baseline 0.001 -15"><span class='ocrx_word' id='word_1_838' title='bbox 502 5629 622 5669; x_wconf 84' lang='lat' dir='ltr'><strong>ram</strong></span> <span class='ocrx_word' id='word_1_839' title='bbox 659 5615 1044 5681; x_wconf 87' lang='lat' dir='ltr'><strong>abutebantur,</strong></span> <span class='ocrx_word' id='word_1_840' title='bbox 1077 5614 1282 5681; x_wconf 88' lang='lat' dir='ltr'><strong>subdit,</strong></span> <span class='ocrx_word' id='word_1_841' title='bbox 1309 5629 1404 5672; x_wconf 85' lang='lat' dir='ltr'><strong>eos</strong></span> <span class='ocrx_word' id='word_1_842' title='bbox 1433 5614 1556 5670; x_wconf 90' lang='lat' dir='ltr'><strong>aliis</strong></span> <span class='ocrx_word' id='word_1_843' title='bbox 1584 5615 1745 5669; x_wconf 88' lang='lat' dir='ltr'><strong>etiam</strong></span> <span class='ocrx_word' id='word_1_844' title='bbox 1776 5614 2084 5684; x_wconf 87' lang='lat' dir='ltr'><strong>bujusmodi</strong></span> 
     </span>
    </p>
   </div>
   <div class='ocr_carea' id='block_1_103' title="bbox 502 5703 2086 5773">
    <p class='ocr_par' dir='ltr' id='par_1_103' title="bbox 502 5703 2086 5773">
     <span class='ocr_line' id='line_1_103' title="bbox 502 5703 2086 5773; baseline 0.001 -12"><span class='ocrx_word' id='word_1_845' title='bbox 502 5703 831 5761; x_wconf 81' lang='lat' dir='ltr'><strong>testimoniis</strong></span> <span class='ocrx_word' id='word_1_846' title='bbox 888 5706 1086 5761; x_wconf 89' lang='lat' dir='ltr'><strong>abusos</strong></span> <span class='ocrx_word' id='word_1_847' title='bbox 1133 5720 1274 5773; x_wconf 85' lang='lat' dir='ltr'><strong>esse,</strong></span> <span class='ocrx_word' id='word_1_848' title='bbox 1322 5705 1440 5761; x_wconf 75' lang='lat' dir='ltr'><strong>btec</strong></span> <span class='ocrx_word' id='word_1_849' title='bbox 1471 5719 1600 5760; x_wconf 89' lang='lat' dir='ltr'><strong>vero</strong></span> <span class='ocrx_word' id='word_1_850' title='bbox 1646 5719 1705 5759; x_wconf 90' lang='lat' dir='ltr'><strong>se</strong></span> <span class='ocrx_word' id='word_1_851' title='bbox 1741 5706 1795 5761; x_wconf 92' lang='lat' dir='ltr'><strong>in</strong></span> <span class='ocrx_word' id='word_1_852' title='bbox 1840 5706 1979 5762; x_wconf 81' lang='lat' dir='ltr'><strong>libro</strong></span> <span class='ocrx_word' id='word_1_853' title='bbox 2007 5705 2086 5762; x_wconf 82' lang='lat' dir='ltr'><strong>De</strong></span> 
     </span>
    </p>
   </div>
   <div class='ocr_carea' id='block_1_104' title="bbox 496 5788 2084 5868">
    <p class='ocr_par' dir='ltr' id='par_1_104' title="bbox 496 5788 2084 5868">
     <span class='ocr_line' id='line_1_104' title="bbox 496 5788 2084 5868; baseline -0.004 -12"><span class='ocrx_word' id='word_1_854' title='bbox 496 5797 708 5867; x_wconf 58' lang='lat' dir='ltr'><strong>Spiritu</strong></span> <span class='ocrx_word' id='word_1_855' title='bbox 763 5807 946 5855; x_wconf 75' lang='lat' dir='ltr'><strong>sancto</strong></span> <span class='ocrx_word' id='word_1_856' title='bbox 980 5797 1250 5855; x_wconf 85' lang='lat' dir='ltr'><strong>attulisse.</strong></span> <span class='ocrx_word' id='word_1_857' title='bbox 1285 5798 1355 5853; x_wconf 82' lang='lat' dir='ltr'><strong>At</strong></span> <span class='ocrx_word' id='word_1_858' title='bbox 1383 5788 1652 5868; x_wconf 77' lang='lat' dir='ltr'><strong>quamam,</strong></span> <span class='ocrx_word' id='word_1_859' title='bbox 1697 5809 1912 5868; x_wconf 74' lang='lat' dir='ltr'><strong>quaeso,</strong></span> <span class='ocrx_word' id='word_1_860' title='bbox 1955 5805 2084 5852; x_wconf 88' lang='lat' dir='ltr'><strong>sunt</strong></span> 
     </span>
    </p>
   </div>
   <div class='ocr_carea' id='block_1_105' title="bbox 2185 4602 3780 4676">
    <p class='ocr_par' dir='ltr' id='par_1_105' title="bbox 2185 4602 3780 4676">
     <span class='ocr_line' id='line_1_105' title="bbox 2185 4602 3780 4676; baseline -0.002 -13"><span class='ocrx_word' id='word_1_861' title='bbox 2185 4609 2318 4663; x_wconf 86' lang='lat' dir='ltr'><strong>citat</strong></span> <span class='ocrx_word' id='word_1_862' title='bbox 2341 4605 2496 4675; x_wconf 82' lang='grc' dir='ltr'>λόγον</span> <span class='ocrx_word' id='word_1_863' title='bbox 2527 4605 2598 4660; x_wconf 86' lang='lat' dir='ltr'><strong>De</strong></span> <span class='ocrx_word' id='word_1_864' title='bbox 2619 4605 2821 4671; x_wconf 88' lang='lat' dir='ltr'><strong>Spiritu</strong></span> <span class='ocrx_word' id='word_1_865' title='bbox 2852 4616 3054 4670; x_wconf 78' lang='lat' dir='ltr'><strong>sancto,</strong></span> <span class='ocrx_word' id='word_1_866' title='bbox 3079 4621 3183 4660; x_wconf 86' lang='lat' dir='ltr'><strong>non</strong></span> <span class='ocrx_word' id='word_1_867' title='bbox 3210 4606 3462 4676; x_wconf 87' lang='lat' dir='ltr'><strong>primum,</strong></span> <span class='ocrx_word' id='word_1_868' title='bbox 3489 4602 3654 4676; x_wconf 76' lang='lat' dir='ltr'>[XIII]</span> <span class='ocrx_word' id='word_1_869' title='bbox 3677 4614 3780 4660; x_wconf 84' lang='lat' dir='ltr'><strong>aut.</strong></span> 
     </span>
    </p>
   </div>
   <div class='ocr_carea' id='block_1_106' title="bbox 2185 4694 3776 4765">
    <p class='ocr_par' dir='ltr' id='par_1_106' title="bbox 2185 4694 3776 4765">
     <span class='ocr_line' id='line_1_106' title="bbox 2185 4694 3776 4765; baseline -0.003 -13"><span class='ocrx_word' id='word_1_870' title='bbox 2185 4695 2478 4752; x_wconf 88' lang='lat' dir='ltr'><strong>secundum</strong></span> <span class='ocrx_word' id='word_1_871' title='bbox 2509 4695 2669 4765; x_wconf 88' lang='lat' dir='ltr'><strong>bujus</strong></span> <span class='ocrx_word' id='word_1_872' title='bbox 2694 4696 2874 4763; x_wconf 81' lang='lat' dir='ltr'><strong>Operis</strong></span> <span class='ocrx_word' id='word_1_873' title='bbox 2899 4695 3091 4748; x_wconf 89' lang='lat' dir='ltr'><strong>librum</strong></span> <span class='ocrx_word' id='word_1_874' title='bbox 3115 4694 3346 4764; x_wconf 85' lang='lat' dir='ltr'><strong>allegare</strong></span> <span class='ocrx_word' id='word_1_875' title='bbox 3371 4696 3644 4764; x_wconf 86' lang='lat' dir='ltr'><strong>putandus</strong></span> <span class='ocrx_word' id='word_1_876' title='bbox 3672 4695 3776 4760; x_wconf 89' lang='lat' dir='ltr'><strong>sit,</strong></span> 
     </span>
    </p>
   </div>
   <div class='ocr_carea' id='block_1_107' title="bbox 2184 4788 2714 4859">
    <p class='ocr_par' dir='ltr' id='par_1_107' title="bbox 2184 4788 2714 4859">
     <span class='ocr_line' id='line_1_107' title="bbox 2184 4788 2714 4859; baseline 0 -15"><span class='ocrx_word' id='word_1_877' title='bbox 2184 4790 2279 4844; x_wconf 91' lang='lat' dir='ltr'><strong>sed</strong></span> <span class='ocrx_word' id='word_1_878' title='bbox 2307 4788 2408 4842; x_wconf 87' lang='lat' dir='ltr'><strong>alia</strong></span> <span class='ocrx_word' id='word_1_879' title='bbox 2434 4789 2714 4859; x_wconf 85' lang='lat' dir='ltr'><strong>opuscula.</strong></span> 
     </span>
    </p>
   </div>
   <div class='ocr_carea' id='block_1_108' title="bbox 2183 4898 3775 4970">
    <p class='ocr_par' dir='ltr' id='par_1_108' title="bbox 2183 4898 3775 4970">
     <span class='ocr_line' id='line_1_108' title="bbox 2183 4898 3775 4970; baseline -0.003 -12"><span class='ocrx_word' id='word_1_880' title='bbox 2183 4904 2315 4958; x_wconf 77' lang='lat' dir='ltr'><strong>CAP.</strong></span> <span class='ocrx_word' id='word_1_881' title='bbox 2353 4901 2417 4957; x_wconf 88' lang='lat' dir='ltr'><strong>ll.</strong></span> <span class='ocrx_word' id='word_1_882' title='bbox 2445 4900 2584 4956; x_wconf 85' lang='lat' dir='ltr'><strong>Citat</strong></span> <span class='ocrx_word' id='word_1_883' title='bbox 2617 4912 2801 4957; x_wconf 81' lang='lat' dir='ltr'><strong>auctor</strong></span> <span class='ocrx_word' id='word_1_884' title='bbox 2847 4912 3022 4956; x_wconf 78' lang='lat' dir='ltr'><strong>noster</strong></span> <span class='ocrx_word' id='word_1_885' title='bbox 3073 4903 3328 4970; x_wconf 75' lang='grc' dir='ltr'><strong>λόγους,</strong></span> <span class='ocrx_word' id='word_1_886' title='bbox 3379 4915 3508 4968; x_wconf 74' lang='lat' dir='ltr'><strong>quos</strong></span> <span class='ocrx_word' id='word_1_887' title='bbox 3549 4898 3775 4968; x_wconf 70' lang='lat' dir='ltr'><strong>scripsit</strong></span> 
     </span>
    </p>
   </div>
   <div class='ocr_carea' id='block_1_109' title="bbox 2741 4973 3201 5025">
    <p class='ocr_par' dir='ltr' id='par_1_109' title="bbox 2741 4973 3201 5025">
     <span class='ocr_line' id='line_1_109' title="bbox 2741 4973 3201 5025; baseline 0 0"><span class='ocrx_word' id='word_1_888' title='bbox 2741 4984 2920 5025; x_wconf 86' lang='lat' dir='ltr'><strong>contra</strong></span> <span class='ocrx_word' id='word_1_889' title='bbox 2950 4973 3201 5025; x_wconf 78' lang='lat' dir='ltr'><strong>Ariauos.</strong></span> 
     </span>
    </p>
   </div>
   <div class='ocr_carea' id='block_1_110' title="bbox 2256 5063 3770 5134">
    <p class='ocr_par' dir='ltr' id='par_1_110' title="bbox 2256 5063 3770 5134">
     <span class='ocr_line' id='line_1_110' title="bbox 2256 5063 3770 5134; baseline -0.002 -16"><span class='ocrx_word' id='word_1_890' title='bbox 2256 5063 2398 5118; x_wconf 89' lang='lat' dir='ltr'><strong>Duos</strong></span> <span class='ocrx_word' id='word_1_891' title='bbox 2431 5063 2713 5134; x_wconf 84' lang='lat' dir='ltr'><strong>Didymum</strong></span> <span class='ocrx_word' id='word_1_892' title='bbox 2747 5063 2962 5132; x_wconf 80' lang='grc' dir='ltr'>λόγους,</span> <span class='ocrx_word' id='word_1_893' title='bbox 2989 5063 3042 5116; x_wconf 92' lang='lat' dir='ltr'><strong>id</strong></span> <span class='ocrx_word' id='word_1_894' title='bbox 3091 5072 3193 5128; x_wconf 87' lang='lat' dir='ltr'><strong>est,</strong></span> <span class='ocrx_word' id='word_1_895' title='bbox 3257 5076 3537 5117; x_wconf 88' lang='lat' dir='ltr'><strong>sermones</strong></span> <span class='ocrx_word' id='word_1_896' title='bbox 3565 5071 3770 5117; x_wconf 86' lang='lat' dir='ltr'><strong>contra</strong></span> 
     </span>
    </p>
   </div>
   <div class='ocr_carea' id='block_1_111' title="bbox 2185 5153 3778 5224">
    <p class='ocr_par' dir='ltr' id='par_1_111' title="bbox 2185 5153 3778 5224">
     <span class='ocr_line' id='line_1_111' title="bbox 2185 5153 3778 5224; baseline -0.004 -11"><span class='ocrx_word' id='word_1_897' title='bbox 2185 5158 2420 5213; x_wconf 83' lang='lat' dir='ltr'><strong>Arianos</strong></span> <span class='ocrx_word' id='word_1_898' title='bbox 2447 5157 2684 5212; x_wconf 89' lang='lat' dir='ltr'><strong>edidisse</strong></span> <span class='ocrx_word' id='word_1_899' title='bbox 2713 5166 2985 5212; x_wconf 88' lang='lat' dir='ltr'><strong>testantur</strong></span> <span class='ocrx_word' id='word_1_900' title='bbox 3017 5154 3216 5209; x_wconf 84' lang='lat' dir='ltr'><strong>vetusti</strong></span> <span class='ocrx_word' id='word_1_901' title='bbox 3253 5153 3569 5224; x_wconf 86' lang='lat' dir='ltr'><strong>scriptorcs,</strong></span> <span class='ocrx_word' id='word_1_902' title='bbox 3625 5168 3778 5224; x_wconf 88' lang='lat' dir='ltr'><strong>quo-</strong></span> 
     </span>
    </p>
   </div>
   <div class='ocr_carea' id='block_1_112' title="bbox 2187 5247 3779 5318">
    <p class='ocr_par' dir='ltr' id='par_1_112' title="bbox 2187 5247 3779 5318">
     <span class='ocr_line' id='line_1_112' title="bbox 2187 5247 3779 5318; baseline 0 -14"><span class='ocrx_word' id='word_1_903' title='bbox 2187 5266 2304 5304; x_wconf 92' lang='lat' dir='ltr'><strong>rum</strong></span> <span class='ocrx_word' id='word_1_904' title='bbox 2339 5249 2645 5305; x_wconf 89' lang='lat' dir='ltr'><strong>testimonia</strong></span> <span class='ocrx_word' id='word_1_905' title='bbox 2675 5249 2833 5306; x_wconf 91' lang='lat' dir='ltr'><strong>simul</strong></span> <span class='ocrx_word' id='word_1_906' title='bbox 2867 5257 3121 5317; x_wconf 81' lang='lat' dir='ltr'><strong>congesta</strong></span> <span class='ocrx_word' id='word_1_907' title='bbox 3150 5248 3201 5302; x_wconf 90' lang='lat' dir='ltr'><strong>in</strong></span> <span class='ocrx_word' id='word_1_908' title='bbox 3239 5247 3542 5318; x_wconf 76' lang='lat' dir='ltr'><strong>Appendice</strong></span> <span class='ocrx_word' id='word_1_909' title='bbox 3571 5247 3779 5304; x_wconf 77' lang='lat' dir='ltr'><strong>lectori</strong></span> 
     </span>
    </p>
   </div>
   <div class='ocr_carea' id='block_1_113' title="bbox 2185 5335 3778 5410">
    <p class='ocr_par' dir='ltr' id='par_1_113' title="bbox 2185 5335 3778 5410">
     <span class='ocr_line' id='line_1_113' title="bbox 2185 5335 3778 5410; baseline -0.004 -12"><span class='ocrx_word' id='word_1_910' title='bbox 2185 5341 2426 5398; x_wconf 82' lang='lat' dir='ltr'><strong>exhibui.</strong></span> <span class='ocrx_word' id='word_1_911' title='bbox 2461 5339 2518 5396; x_wconf 63' lang='grc' dir='ltr'><strong>ιιι</strong></span> <span class='ocrx_word' id='word_1_912' title='bbox 2562 5351 2742 5396; x_wconf 88' lang='lat' dir='ltr'><strong>autem</strong></span> <span class='ocrx_word' id='word_1_913' title='bbox 2792 5341 2844 5396; x_wconf 91' lang='lat' dir='ltr'><strong>in</strong></span> <span class='ocrx_word' id='word_1_914' title='bbox 2874 5339 3178 5410; x_wconf 84' lang='lat' dir='ltr'><strong>theologum</strong></span> <span class='ocrx_word' id='word_1_915' title='bbox 3217 5349 3461 5392; x_wconf 85' lang='lat' dir='ltr'><strong>nostrum</strong></span> <span class='ocrx_word' id='word_1_916' title='bbox 3493 5335 3778 5405; x_wconf 88' lang='lat' dir='ltr'><strong>quadrare</strong></span> 
     </span>
    </p>
   </div>
   <div class='ocr_carea' id='block_1_114' title="bbox 2187 5427 3775 5504">
    <p class='ocr_par' dir='ltr' id='par_1_114' title="bbox 2187 5427 3775 5504">
     <span class='ocr_line' id='line_1_114' title="bbox 2187 5427 3775 5504; baseline -0.003 -18"><span class='ocrx_word' id='word_1_917' title='bbox 2187 5432 2356 5502; x_wconf 90' lang='lat' dir='ltr'><strong>liquet</strong></span> <span class='ocrx_word' id='word_1_918' title='bbox 2385 5447 2509 5488; x_wconf 91' lang='lat' dir='ltr'><strong>cum</strong></span> <span class='ocrx_word' id='word_1_919' title='bbox 2532 5448 2599 5489; x_wconf 89' lang='lat' dir='ltr'><strong>ex</strong></span> <span class='ocrx_word' id='word_1_920' title='bbox 2647 5434 2733 5498; x_wconf 91' lang='lat' dir='ltr'><strong>iis,</strong></span> <span class='ocrx_word' id='word_1_921' title='bbox 2768 5449 2888 5504; x_wconf 67' lang='lat' dir='ltr'><strong>quae</strong></span> <span class='ocrx_word' id='word_1_922' title='bbox 2943 5434 3052 5488; x_wconf 82' lang='lat' dir='ltr'><strong>dixi</strong></span> <span class='ocrx_word' id='word_1_923' title='bbox 3080 5447 3200 5502; x_wconf 86' lang='lat' dir='ltr'><strong>pag.</strong></span> <span class='ocrx_word' id='word_1_924' title='bbox 3249 5431 3375 5495; x_wconf 75' lang='grc'><strong>455.</strong></span> <span class='ocrx_word' id='word_1_925' title='bbox 3405 5440 3569 5500; x_wconf 90' lang='lat' dir='ltr'><strong>atque</strong></span> <span class='ocrx_word' id='word_1_926' title='bbox 3600 5427 3775 5497; x_wconf 87' lang='lat' dir='ltr'><strong>alibi,</strong></span> 
     </span>
    </p>
   </div>
   <div class='ocr_carea' id='block_1_115' title="bbox 2187 5525 3225 5596">
    <p class='ocr_par' dir='ltr' id='par_1_115' title="bbox 2187 5525 3225 5596">
     <span class='ocr_line' id='line_1_115' title="bbox 2187 5525 3225 5596; baseline 0 -16"><span class='ocrx_word' id='word_1_927' title='bbox 2187 5535 2300 5580; x_wconf 90' lang='lat' dir='ltr'><strong>tum</strong></span> <span class='ocrx_word' id='word_1_928' title='bbox 2327 5526 2491 5581; x_wconf 85' lang='lat' dir='ltr'><strong>etiam</strong></span> <span class='ocrx_word' id='word_1_929' title='bbox 2523 5542 2586 5583; x_wconf 91' lang='lat' dir='ltr'><strong>ex</strong></span> <span class='ocrx_word' id='word_1_930' title='bbox 2613 5527 2697 5584; x_wconf 85' lang='lat' dir='ltr'><strong>bis</strong></span> <span class='ocrx_word' id='word_1_931' title='bbox 2723 5542 2842 5596; x_wconf 77' lang='lat' dir='ltr'><strong>qua:</strong></span> <span class='ocrx_word' id='word_1_932' title='bbox 2875 5541 2996 5581; x_wconf 88' lang='lat' dir='ltr'><strong>mox</strong></span> <span class='ocrx_word' id='word_1_933' title='bbox 3030 5525 3225 5580; x_wconf 77' lang='lat' dir='ltr'><strong>dicam.</strong></span> 
     </span>
    </p>
   </div>
   <div class='ocr_carea' id='block_1_116' title="bbox 2184 5633 3778 5709">
    <p class='ocr_par' dir='ltr' id='par_1_116' title="bbox 2184 5633 3778 5709">
     <span class='ocr_line' id='line_1_116' title="bbox 2184 5633 3778 5709; baseline -0.001 -16"><span class='ocrx_word' id='word_1_934' title='bbox 2184 5638 2312 5694; x_wconf 66' lang='lat' dir='ltr'><strong>Car.</strong></span> <span class='ocrx_word' id='word_1_935' title='bbox 2356 5638 2443 5696; x_wconf 93' lang='lat' dir='ltr'><strong>Ill.</strong></span> <span class='ocrx_word' id='word_1_936' title='bbox 2481 5639 2548 5695; x_wconf 80' lang='lat' dir='ltr'><strong>Se</strong></span> <span class='ocrx_word' id='word_1_937' title='bbox 2577 5649 2758 5694; x_wconf 84' lang='lat' dir='ltr'><strong>contra</strong></span> <span class='ocrx_word' id='word_1_938' title='bbox 2791 5641 3015 5694; x_wconf 81' lang='lat' dir='ltr'><strong>Arianox</strong></span> <span class='ocrx_word' id='word_1_939' title='bbox 3037 5655 3236 5708; x_wconf 75' lang='lat' dir='ltr'><strong>semper</strong></span> <span class='ocrx_word' id='word_1_940' title='bbox 3258 5654 3514 5709; x_wconf 73' lang='lat' dir='ltr'><strong>pugnasse</strong></span> <span class='ocrx_word' id='word_1_941' title='bbox 3531 5633 3778 5706; x_wconf 65' lang='lat' dir='ltr'><strong>afﬁrmat</strong></span> 
     </span>
    </p>
   </div>
   <div class='ocr_carea' id='block_1_117' title="bbox 2725 5712 3211 5779">
    <p class='ocr_par' dir='ltr' id='par_1_117' title="bbox 2725 5712 3211 5779">
     <span class='ocr_line' id='line_1_117' title="bbox 2725 5712 3211 5779; baseline -0.004 -14"><span class='ocrx_word' id='word_1_942' title='bbox 2725 5712 2988 5779; x_wconf 77' lang='lat' dir='ltr'><strong>theologus</strong></span> <span class='ocrx_word' id='word_1_943' title='bbox 3019 5722 3211 5763; x_wconf 78' lang='lat' dir='ltr'><strong>noster.</strong></span> 
     </span>
    </p>
   </div>
   <div class='ocr_carea' id='block_1_118' title="bbox 2257 5795 3776 5864">
    <p class='ocr_par' dir='ltr' id='par_1_118' title="bbox 2257 5795 3776 5864">
     <span class='ocr_line' id='line_1_118' title="bbox 2257 5795 3776 5864; baseline -0.002 -8"><span class='ocrx_word' id='word_1_944' title='bbox 2257 5800 2527 5857; x_wconf 81' lang='lat' dir='ltr'><strong>Praeterea</strong></span> <span class='ocrx_word' id='word_1_945' title='bbox 2580 5811 2770 5855; x_wconf 80' lang='lat' dir='ltr'><strong>auctor</strong></span> <span class='ocrx_word' id='word_1_946' title='bbox 2824 5811 3009 5853; x_wconf 76' lang='lat' dir='ltr'><strong>ttustet‘</strong></span> <span class='ocrx_word' id='word_1_947' title='bbox 3040 5815 3158 5864; x_wconf 75' lang='grc' dir='ltr'>ριιιν.</span> <span class='ocrx_word' id='word_1_948' title='bbox 3195 5798 3321 5858; x_wconf 70' lang='lat'><strong>202.</strong></span> <span class='ocrx_word' id='word_1_949' title='bbox 3371 5813 3424 5854; x_wconf 77' lang='lat' dir='ltr'><strong>se</strong></span> <span class='ocrx_word' id='word_1_950' title='bbox 3449 5795 3671 5852; x_wconf 80' lang='lat' dir='ltr'><strong>Ariauis</strong></span> <span class='ocrx_word' id='word_1_951' title='bbox 3701 5810 3776 5853; x_wconf 84' lang='lat' dir='ltr'><strong>ac</strong></span> 
     </span>
    </p>
   </div>
  </div>
