4030 6408
318 336 404 392 ns
1310 308 1313 311 ’
1481 334 2048 395 COMMENTARIUS.
2091 368 2159 377 —
2197 337 2325 391 LlB.
2371 334 2412 390 ι.

3464 331 3577 391 116

315 455 698 511 llacedonianis
719 471 813 524 pro
850 456 993 509 virili
1014 467 1160 521 parte
1176 475 1377 523 semper
1406 459 1670 511 obstitisse
1698 458 1796 521 ait,
1818 474 1881 512 ac
1911 466 1956 520 Α
1988 457 2211 527 pendice
2242 455 2435 507 allatis.
2464 451 2780 520 Huiusmodi
2819 466 2953 506 vero
2990 466 3137 521 opus-
3185 450 3453 520 respicere
3484 450 3569 506 vi-

318 564 401 616 pro
428 546 690 600 catholica
730 549 796 599 de
836 544 1107 598 Triuitate
1142 548 1387 601 doctrina
1414 548 1467 600 in
1494 548 1724 599 medium
1749 562 1884 599 sem-

310 655 389 707 per
418 639 675 704 prodiisse
712 638 783 690 ad
838 638 981 690 litem
1018 652 1111 690 aut
1165 640 1547 701 iutentandam,
1588 648 1679 691 aut
1729 638 1886 690 susti-

313 730 542 784 nendam.
568 728 639 780 At
677 728 932 797 quisnam
957 740 1037 782 est
1056 740 1175 797 post
1196 730 1475 784 Athanasii
1503 729 1881 785 :etatemGrte-

308 836 393 872 cus
420 818 606 873 πουιί
658 819 838 887 quarti
897 821 1172 889 scriptor,
1227 821 1292 873 ad
1352 836 1511 888 quem
1559 821 1738 887 aptius
1774 821 1885 874 haec

308 912 501 964 referte
555 910 867 980 possimus,
921 926 1081 980 quant
1139 912 1399 982 Didymus
1449 911 1885 965 Alexandrinus?

308 1014 453 1069 quem
494 1001 748 1064 Ruﬁnus,
794 1001 1071 1066 Socrates,
1102 1002 1463 1066 Sozomenus,
1494 1002 1881 1073 Hieronymus,

308 1094 671 1150 Theodoretus
728 1106 787 1149 ut
842 1095 1121 1151 catholicae
1173 1097 1242 1151 de
1286 1096 1548 1151 Trinitate
1622 1097 1882 1150 doctrina:

307 1197 582 1239 Strenuum
614 1196 1068 1256 propugnatorem
1116 1187 1447 1256 przedicant;
1500 1186 1703 1255 quique
1740 1195 1795 1239 et
1826 1185 1881 1239 in

300 1277 430 1331 libro
484 1278 560 1331 De
616 1277 819 1344 Spiritu
856 1290 1057 1341 sancto,
1105 1288 1161 1333 et
1215 1280 1267 1332 iu
1311 1280 1651 1333 sermonibus
1694 1288 1881 1331 contra

305 1368 555 1431 Arianas,
590 1380 643 1423 et
673 1371 728 1423 in
764 1370 924 1435 libro,
956 1384 1049 1424 seu
1082 1370 1234 1425 libris
1266 1370 1342 1424 De
1390 1372 1563 1436 sectis,
1610 1380 1663 1424 et
1694 1372 1766 1424 De
1788 1372 1885 1425 do-

296 1464 558 1531 gmatibus
592 1473 781 1517 contra
812 1478 907 1517 eos
940 1465 1223 1517 haereticos
1247 1479 1312 1516 ex
1334 1462 1583 1531 professo
1615 1463 1875 1532 scripsit:

298 1555 383 1621 qui
416 1555 657 1624 denique
708 1555 761 1608 in
812 1554 1247 1608 enarrationibus
1277 1555 1330 1607 in
1360 1552 1629 1622 Epistolas
1654 1552 1876 1609 catholi-

295 1662 405 1711 cas,
434 1657 604 1714 atque
640 1648 693 1699 in
732 1645 1137 1700 commentariis
1172 1658 1343 1699 sacrm
1402 1644 1721 1713 Scriptum,
1745 1659 1881 1713 quo-

296 1752 412 1791 rum
456 1738 763 1807 fragmenta
785 1738 837 1792 in
865 1738 1069 1792 catenis
1090 1746 1327 1803 exstant,
1353 1736 1553 1790 nullam
1586 1736 1722 1790 elabi
1749 1737 1880 1791 sinit

300 1826 669 1892 occasionem,
729 1829 859 1897 quin
922 1828 1185 1884 catholica
1223 1831 1289 1883 de
1320 1827 1590 1882 'l‘rinitate
1624 1828 1877 1896 dogmata
1910 1824 1953 1880 B

300 1921 556 1985 inculcet,
584 1929 679 1973 aut
705 1922 959 1984 Ariauos,
1016 1919 1451 1985 Macedonianos,
1496 1921 1737 1990 aliosque
1771 1922 1881 1975 lue-

299 2011 499 2066 reticos
529 2028 811 2081 perperam
841 2012 908 2066 de
931 2014 1015 2065 illa
1046 2014 1345 2069 siintientes
1377 2012 1618 2069 refellat?
1649 2013 1781 2067 lieni
1810 2015 1883 2069 ita

297 2104 611 2166 scitabere,
657 2103 967 2157 observabit
1014 2103 1240 2173 diligens
1294 2104 1464 2159 lector
1521 2105 1571 2159 in
1604 2116 1792 2158 catena
1829 2106 1884 2159 in

296 2192 543 2247 Psalmos
579 2196 647 2246 ad
687 2194 951 2263 psalmum
982 2211 1077 2261 cn,
1116 2212 1259 2251 vers.
1311 2196 1402 2259 20,
1433 2207 1487 2251 et
1528 2196 1676 2258 alibi,
1710 2198 1762 2251 iu
1789 2212 1883 2251 ca-

291 2296 409 2339 tena
443 2290 500 2339 in
537 2287 673 2339 Acta
712 2297 841 2341 tom.
874 2284 939 2341 IV
971 2286 1448 2355 Anecdot.Wo|lii,
1484 2305 1604 2360 pag.
1637 2290 1689 2353 6,
1720 2290 1880 2354 9,14,

292 2374 378 2437 l9,
406 2385 577 2445 atque
609 2377 661 2430 in
706 2376 827 2437 aliis
862 2379 1067 2439 catenis
1102 2394 1221 2455 qua;
1268 2381 1379 2454 jam
1435 2380 1709 2456 impressit:
1738 2395 1880 2438 sunt.

294 2463 403 2542 Ego
431 2476 581 2527 enim
621 2490 687 2528 ne
739 2474 942 2528 nulloin
999 2492 1065 2530 ex
1099 2478 1588 2531 iunmneraltilibus
1622 2478 1883 2547 exemplis

290 2582 408 2633 qua:
441 2564 628 2618 all'erri
687 2578 915 2635 quettut,
978 2569 1263 2638 protulisse
1321 2571 1537 2632 videar,
1572 2571 1787 2623 omissis
1817 2569 1883 2621 iis

287 2675 403 2729 qur
430 2660 579 2711 edita
608 2658 724 2727 jam
767 2668 913 2722 sunt,
952 2677 1115 2715 unum
1174 2664 1440 2717 duntaxat
1514 2661 1761 2715 exscrilm
1816 2678 1883 2714 ex

288 2761 479 2805 catena
517 2766 622 2805 ms.
682 2755 735 2804 in
783 2754 938 2807 libros
986 2752 1200 2822 Regum,
1245 2771 1365 2824 qua:
1420 2756 1669 2809 cxstatin
1701 2753 1886 2809 codice

284 2846 480 2898 Graeco
540 2862 635 2898 ινι
670 2846 1009 2901 bibliotheta:
1036 2846 1249 2901 Veneta:
1290 2850 1347 2900 δ.
1401 2847 1587 2901 Marci.
1634 2848 1710 2901 tbi
1738 2847 1883 2901 enim

284 2939 351 2989 ad
383 2937 719 2991 versiculum
750 2938 819 2990 22
855 2937 1048 3006 capitis
1101 2954 1213 2992 χιιι
1273 2938 1401 2991 libri
1444 2938 1482 2991 ll
1535 2939 1759 3007 Regum,
1792 2940 1883 3008 qui

285 3029 503 3093 incipit,
534 3030 663 3081 Ὀτι
692 3028 929 3098 ἐερύλαξα
958 3029 1057 3093 τὰς
1088 3031 1239 3094 ὀδοὺς
1276 3031 1507 3103 Κυρίου,
1550 3033 1661 3085 luet:
1700 3033 1886 3102 legun-

286 3133 371 3174 tttr
414 3139 541 3192 pag.
588 3124 693 3177 H9
727 3141 739 3176 :
783 3124 1037 3194 Διδύμου.
1076 3125 1205 3177 Ὅτι
1237 3125 1532 3193 ἐφύλαξα,
1581 3126 1733 3195 φησι,
1767 3126 1874 3190 τὰς

283 3215 469 3281 (τεοὺς
526 3218 774 3282 Kt'pt'ov.
825 3216 1010 3270 Ταῦτα.
1058 3218 1158 3270 οὐκ
1204 3217 1538 3281 ἁλαζονικὼς
1596 3234 1782 3288 φησιν,
1807 3216 1883 3281 ὣς

281 3325 429 3371 τινες
466 3308 672 3360 οἴονται
693 3327 705 3338 ·
740 3308 853 3361 ἀλλ’
883 3310 1156 3372 ἀνατιθεὶς
1187 3310 1266 3379 τῷ
1291 3310 1411 3379 Θεῳ
1435 3312 1535 3380 τὴν
1566 3310 1749 3363 αἰτίαν
1777 3308 1887 3363 τῶν

284 3401 759 3471 κατορθωμάτων.
802 3402 1066 3455 deﬁciatis:
1104 3402 1160 3455 δὲ
1203 3403 1303 3464 τὰς
1345 3405 1496 3465 ὀὸοὺς
1526 3404 1733 3471 Κυρίου
1765 3404 1886 3466 ταῖς

286 3493 535 3554 ἐντολαῖς
592 3493 756 3545 αὑτοῦ
798 3495 1199 3567 πορευόμενοςο
1252 3495 1346 3548 καὶ
1393 3496 1495 3547 οὐκ
1539 3494 1728 3547 ἀσεϐεῖ
1778 3494 1887 3547 ἀπὸ

284 3584 379 3635 τοῦ
415 3580 557 3637 ε)εοῦ
615 3584 801 3649 αὑτοῦ,
838 3587 866 3638 ὁ
901 3586 1077 3657 ὀρθῶς
1138 3587 1269 3659 περὶ
1316 3586 1423 3639 τῶν
1475 3586 1573 3656 τῆς
1624 3586 1884 3658 ἀληθείας

283 3676 577 3745 δογμάτων
637 3674 952 3747 διειληφώς·
994 3678 1295 3749 ἀμέμπτως
1341 3681 1468 3752 περὶ
1518 3680 1651 3732 Θεοῦ
1690 3680 1885 3733 ἐννοῶν

289 3767 386 3817 καὶ
423 3768 597 3834 agnito;
639 3769 767 3836 περὶ
795 3768 1033 3838 Χριστοῦ
1070 3769 1485 3839 διαλαμϐάνωνο
1516 3772 1609 3823 καὶ
1642 3770 1885 3835 εὐσεϐῶς

289 3859 421 3926 περὶ
460 3858 554 3909 τοῦ
606 3856 762 3925 ἁγίου
811 3856 1123 3929 Πνεύματος
1151 3857 1571 3931 ἐνθυμούμενος·
1608 3861 1703 3914 καὶ
1744 3864 1873 3932 περὶ

292 3948 401 3999 τῶν
434 3948 613 4000 ἆὶλων
660 3947 947 4018 δογμάτων
990 3948 1047 4000 ὃν
1089 3949 1171 4002 δεῖ
1211 3951 1413 4021 τρόπον
1454 3948 1711 4015 δοξάζων.
1756 3954 1885 4017 Qua:

302 4046 383 4095 sic
418 4054 600 4096 verto:
629 4063 645 4093 ι
682 4043 908 4113 Didymi.
947 4042 1083 4108 Quia
1113 4043 1391 4109 custodiri,
1422 4044 1612 4113 inquit,
1640 4047 1747 4098 vias
1773 4044 1882 4098 Do-

302 4136 502 4190 mini’.
548 4132 677 4189 llaec
719 4150 821 4189 non
854 4146 1170 4207 arroganter
1224 4137 1376 4203 dicit,
1428 4146 1485 4191 ut
1536 4139 1756 4206 quidam
1788 4154 1885 4207 pu—

302 4238 450 4295 tant;
487 4231 580 4282 sed
610 4230 776 4282 Deum
806 4230 1105 4299 agnoscens
1148 4239 1205 4281 ιιι
1238 4244 1458 4284 causam
1497 4245 1684 4284 eorum
1714 4247 1834 4298 qua:
1854 4246 1883 4285 a

308 4334 368 4369 se
396 4333 544 4387 gesta
580 4329 729 4385 sunt,
766 4337 828 4373 ac
856 4336 917 4374 ea
965 4319 1042 4373 illi
1088 4320 1353 4375 tribuens.
1400 4322 1649 4376 Cusmdit
1702 4334 1884 4377 autem

308 4412 420 4464 vias
450 4414 661 4466 Domini
718 4414 762 4467 is
810 4412 900 4481 qui
938 4414 989 4466 in
1051 4414 1320 4469 mandatis
1354 4415 1471 4485 ejus
1517 4416 1792 4469 ambulat:
1828 4426 1883 4470 et

312 4502 470 4569 impie
502 4521 609 4557 non
640 4505 749 4574 agit
784 4519 813 4557 a
852 4504 960 4559 Deo
991 4520 1088 4559 suo
1109 4505 1129 4535 ³
1170 4507 1214 4559 is
1243 4508 1331 4575 qui
1367 4520 1511 4561 reete
1551 4513 1616 4561 de
1642 4508 1884 4562 veritatis
1915 4525 1960 4579 ι)

307 4595 645 4663 ἀτιειιιξιιίιως
678 4595 919 4659 disserit,
972 4597 1348 4666 irreprehense
1380 4598 1448 4653 de
1489 4598 1596 4652 Deo
1614 4599 1879 4662 sentiens.

308 4698 359 4737 et
386 4700 569 4741 sancte
597 4688 664 4741 de
719 4688 932 4742 Christo
970 4688 1268 4752 disserens,
1328 4702 1381 4745 et
1441 4691 1526 4758 pie
1571 4691 1637 4745 de
1676 4690 1881 4760 Spiritu

307 4790 494 4833 s:mcto
521 4782 789 4848 cngitans,
814 4790 867 4833 et
900 4781 965 4833 de
985 4781 1106 4833 aliis
1130 4782 1473 4851 dogmatibus
1515 4782 1585 4835 ita
1630 4792 1689 4835 ut
1719 4798 1881 4852 opor-

316 4883 386 4923 tet
414 4873 674 4927 sentiens.
708 4892 726 4923 ι
768 4872 898 4938 Quis
950 4874 1221 4927 hominem
1280 4872 1361 4925 vel
1418 4876 1603 4939 paucis
1640 4875 1787 4928 hisce
1828 4876 1880 4928 itt

313 4967 482 5017 wrlns
512 4982 618 5018 non
682 4965 923 5035 agnoscit
961 4965 1281 5019 catholicam
1339 4964 1407 5019 de
1468 4966 1734 5020 Trinitate
1768 4968 1861 5019 do-

323 5059 509 5110 trinam
542 5058 851 5111 inculcaudi
879 5057 1357 5126 percupidum?At
1391 5068 1593 5126 quanto
1627 5059 1796 5128 magis
1828 5060 1879 5112 in

313 5150 511 5203 ca-teris
546 5163 666 5217 qua:
701 5158 914 5202 esstant
948 5150 1185 5213 ejusdem
1242 5149 1495 5217 operibus
1541 5159 1702 5217 atque
1748 5151 1884 5218 l't'ag-

312 5241 540 5296 tuentis?

311 5352 429 5407 Car.
453 5352 540 5408 IV.
572 5353 698 5407 Tres
719 5354 784 5406 de
809 5352 1063 5405 Trinitate
1078 5354 1234 5405 libros
1254 5352 1469 5404 dictavit
1489 5364 1674 5406 auctor
1690 5365 1883 5416 noster,

909 5436 960 5475 ut
990 5424 1263 5492 Didymus.

386 5515 518 5583 Quin
550 5530 662 5572 tres
686 5532 713 5568 a
754 5515 982 5584 Didymo
1025 5516 1188 5569 libros
1244 5514 1320 5569 De
1360 5514 1618 5568 Trinitate
1650 5514 1883 5568 dictatus

317 5621 430 5663 esse
469 5621 739 5665 testantur
768 5617 955 5677 aperte
986 5608 1257 5673 Socrates,
1280 5608 1663 5673 Cassiodorus,
1691 5617 1744 5661 et
1767 5610 1881 5661 An-

312 5702 502 5759 schnus
534 5701 992 5770 Havelbergensis
1027 5702 1077 5753 in
1106 5702 1424 5757 testimoniis
1451 5718 1479 5754 a
1539 5715 1623 5755 me
1663 5700 1714 5753 iu
1770 5701 1879 5768 Ap-

379 5815 401 5847 ⁸
434 5819 565 5874 l'sal.
600 5835 728 5884 xm,
758 5818 850 5871 ‘22.
932 5819 950 5847 ³
995 5820 1120 5872 ibid.

1990 550 2145 604 detur
2168 559 2221 604 et
2249 547 2605 617 Hieronymus
2632 546 2685 599 itt
2736 544 2870 599 libro
2898 544 2973 598 De
3010 545 3193 612 script.
3231 546 3413 598 srcles.
3443 558 3564 613 cap.

1990 640 2112 703 120,
2142 655 2265 695 cum
2317 636 2852 705 ait:Responderunt
2904 639 2953 689 ei
3018 635 3233 706 (nempe
3284 634 3575 704 Eunomio)

1987 733 2364 799 Apollinarius,
2396 730 2674 798 Didymus,
2738 738 2844 783 etc.
2900 726 2955 780 Μ
2991 740 3171 780 autem
3223 740 3383 795 quam
3431 726 3570 781 belle

1990 828 2198 880 auctori
2235 834 2419 879 nostro
2445 823 2751 886 conveniat,
2779 838 2864 876 me
2888 822 2971 875 vel
3022 830 3234 877 tacente
3275 835 3463 874 omnes
3486 819 3570 874 vi-

1987 918 2133 971 dent.
2169 917 2355 987 Itaque
2388 915 2454 970 ad
2491 915 2591 968 alia
2619 914 2805 970 statim
2839 914 3175 983 progredior.

1989 1050 2157 1123 [XIV]
2198 1052 2325 1107 CAP.
2351 1050 2507 1104 V.De
2537 1050 2724 1117 impari
2772 1066 2983 1102 numero
3039 1051 3248 1116 scripsit
3291 1059 3345 1101 ut
3395 1047 3567 1118 οἰόθι

2702 1136 2838 1173 mus.

2058 1236 2319 1293 Uudecim
2352 1234 2559 1291 scilicet
2616 1233 2909 1303 scriptores
2931 1275 2946 1299 ,
2995 1233 3086 1302 qui
3138 1234 3205 1286 de
3238 1232 3431 1302 impari
3467 1249 3567 1287 nn-

1984 1343 2136 1381 mero
2166 1328 2523 1396 scripserant,
2550 1332 2801 1379 numerat
2835 1322 3197 1395 Hieronymus
3225 1324 3278 1377 in
3331 1324 3563 1394 epistola

1984 1418 2049 1472 ad
2077 1406 2501 1479 Pammachiuin,
2534 1427 2590 1470 ut
2624 1416 2731 1470 dixi
2763 1430 2886 1485 pag.
2918 1415 3044 1479 ‘268,
3084 1425 3195 1473 not.
3229 1416 3283 1478 5,
3332 1432 3564 1483 quorum

1981 1520 2167 1565 sextus
2206 1517 2287 1562 est
2321 1508 2598 1578 Didymus.
2640 1507 2753 1576 Ego
2804 1523 2933 1561 vero
2981 1509 3239 1560 rationem
3279 1509 3399 1561 hinc
3428 1509 3566 1561 duco

1984 1618 2087 1653 non
2124 1602 2596 1661 contemnendam,
2651 1615 2753 1667 qua
2802 1600 3114 1654 confirmem
3154 1608 3263 1653 tres
3311 1599 3477 1653 hosce
3509 1599 3568 1651 li-

1982 1694 2109 1748 bros
2136 1707 2257 1747 esse
2295 1692 2522 1762 Didyuti.
2553 1691 2698 1746 Fuse
2735 1694 2877 1746 enim
2904 1694 2969 1747 de
3000 1694 3189 1759 impari
3226 1709 3473 1757 numero,
3506 1694 3554 1746 id

1980 1797 2061 1841 est
2085 1790 2151 1840 de
2191 1786 2520 1854 septenario,
2550 1786 2659 1853 agit
2686 1784 2963 1854 theologus
2992 1796 3174 1839 noster
3212 1785 3302 1839 lib.
3339 1800 3401 1847 tt,
3440 1799 3559 1851 cap.

1985 1876 2073 1929 M.
2111 1875 2298 1946 Itaque
2332 1890 2453 1930 cum
2482 1874 2569 1928 illa
2598 1873 2903 1945 Hieronymi
2955 1876 3179 1945 epistola
3233 1887 3353 1943 post
3385 1876 3562 1931 editos

1986 1970 2150 2023 hosce
2174 1968 2342 2022 libros
2369 1968 2570 2036 scripta
2604 1967 2790 2030 fuerit,
2821 1968 2972 2023 valde
3003 1968 3277 2037 probabile
3305 1980 3409 2033 est,
3439 1984 3565 2025 eos-

1986 2058 2105 2111 dem
2144 2057 2212 2111 ab
2244 2057 2365 2127 ipso
2397 2058 2587 2125 respici
2614 2074 2628 2122 ;
2656 2058 2825 2110 multo
2851 2059 2994 2113 enim
3056 2058 3225 2113 iusius
3254 2060 3320 2113 de
3372 2061 3566 2130 impari

1987 2165 2211 2203 numero
2247 2151 2331 2204 hic
2362 2151 2471 2218 agit
2520 2160 2709 2203 auctor
2762 2160 2980 2213 noster,
3023 2166 3185 2219 quam
3228 2152 3471 2221 plerique
3499 2168 3569 2207 ex

1987 2243 2106 2295 aliis
2134 2243 2407 2306 Patribus,
2438 2256 2576 2312 quos
2598 2239 2959 2314 llieronytuus
2988 2246 3229 2299 nominat
3255 2261 3268 2296 :
3309 2247 3567 2301 nimirum

1988 2338 2234 2395 undatim
2272 2338 2343 2396 illi
2397 2349 2523 2395 sunt
2554 2339 2830 2407 Clemens,
2893 2337 3233 2412 Hippolytus,
3283 2338 3566 2415 Origenes,

1990 2436 2297 2505 Dionysius,
2325 2434 2608 2497 Eusebius,
2670 2434 2965 2504 Didymus,
3022 2431 3409 2498 Tertullianus,
3464 2436 3572 2506 Cy-

1988 2526 2229 2593 prianus,
2264 2525 2595 2588 Victorinus,
2632 2523 2971 2585 Lactantius,
3024 2522 3291 2577 Hilarius:
3334 2539 3569 2593 quorum

1987 2616 2165 2670 nullus
2224 2631 2337 2668 mea
2376 2617 2589 2686 quidem
2655 2615 2930 2670 sententia
2978 2630 3113 2685 opus
3183 2616 3373 2678 edidit,
3422 2617 3567 2686 quod

1987 2709 2049 2761 de
2070 2709 2257 2775 impari
2293 2724 2506 2761 numero
2532 2708 2885 2773 inscripsi-rit,
2936 2708 3026 2761 sed
3075 2706 3254 2761 obiter
3283 2722 3471 2762 omnes
3503 2708 3570 2763 de

1986 2801 2174 2854 eodem
2213 2800 2402 2853 iusuls
2454 2799 2709 2867 operibus
2762 2800 2928 2852 locuti
2978 2808 3127 2853 sunt.
3179 2799 3388 2853 Nullius
3440 2814 3570 2855 vero

1986 2909 2122 2961 opus
2169 2892 2301 2944 citat
2364 2891 2726 2963 Hieronymus
2771 2893 2873 2946 nisi
2920 2891 3223 2963 Cypriani;
3270 2894 3344 2946 ait
3377 2893 3561 2947 enim:

1990 2985 2223 3048 Quorum
2269 2982 2567 3053 Cyprianus
2601 2985 2665 3035 de
2711 2986 3029 3051 septenario,
3080 2986 3137 3037 id
3185 2985 3353 3039 estde
3381 2985 3571 3055 impari

1988 3093 2202 3128 munero
2231 3077 2489 3127 disserens
2515 3091 2631 3135 autc
2653 3084 2702 3127 et
2725 3087 2922 3142 quanta
2948 3075 3160 3135 dixerit,
3191 3078 3259 3127 ad
3294 3072 3567 3129 Fortuna-

1913 3184 1955 3241 ς
1988 3181 2093 3222 tum
2121 3168 2251 3222 liber
2304 3168 2448 3221 illius
2499 3167 2793 3220 testimonio
2826 3177 2923 3219 est.
2976 3166 3093 3222 Jam
3144 3182 3273 3221 vero
3302 3183 3423 3237 qua:
3462 3166 3572 3238 Cy-

1991 3260 2217 3328 prianus
2256 3260 2307 3313 in
2342 3259 2503 3323 libro,
2553 3259 2667 3314 sive
2712 3259 2944 3329 epistola
2996 3262 3062 3312 ad
3119 3259 3473 3313 Fortunatam
3506 3263 3572 3315 de

1988 3352 2293 3421 septenario
2315 3353 2531 3422 scripsit
2583 3366 2705 3420 pag.
2754 3349 2861 3405 3'22
2918 3350 3169 3406 editionis
3204 3350 3418 3406 Veneta:
3442 3354 3569 3407 anni

1990 3445 2150 3511 i728,
2180 3445 2349 3498 multo
2374 3448 2549 3500 minus
2574 3446 2789 3515 eopiosa
2824 3456 2971 3509 sunt,
3002 3460 3163 3515 quam
3212 3461 3332 3514 quze
3367 3445 3431 3501 de
3473 3460 3569 3500 eo-

1989 3540 2107 3591 dem
2132 3553 2356 3591 numero
2384 3538 2621 3606 disputat
2661 3548 2853 3593 auctor
2890 3546 3097 3591 noster.
3157 3537 3308 3604 Quod
3348 3538 3391 3593 si
3448 3538 3572 3592 reli-

1988 3646 2217 3699 quorum
2252 3644 2416 3697 opera
2452 3644 2572 3699 qua:
2593 3641 2807 3684 exstant
2837 3629 3125 3694 evolveris,
3162 3630 3404 3685 invenies
3433 3629 3568 3684 Ter-

1998 3722 2283 3775 tulliauum
2313 3736 2550 3790 quoque,
2574 3722 2908 3775 Clementem
2937 3720 3381 3784 Alexandrinum,
3409 3729 3571 3789 atque

1990 3813 2277 3883 ()rigenetn
2306 3814 2473 3867 variis
2509 3815 2559 3866 in
2592 3813 2745 3878 locis,
2784 3813 3044 3867 Hilarium
3086 3822 3315 3867 tractatu
3344 3813 3400 3866 in
3434 3814 3571 3880 psal~

1988 3923 2129 3959 mum
2158 3918 2344 3971 ctvttt,
2386 3916 2517 3960 tom.
2552 3906 2593 3972 I,
2616 3923 2738 3977 pag.
2762 3906 2889 3973 409,
2908 3918 2962 3960 et
2993 3907 3335 3960 Lactantium
3371 3903 3462 3958 lib.
3493 3919 3566 3959 vn

1988 3996 2171 4051 Instit.
2198 4012 2318 4067 cap.
2359 3997 2448 4061 'lri,
2474 3998 2650 4051 minus
2685 4000 2801 4053 inse
2838 3998 2903 4053 de
2946 3997 3047 4053 hac
3095 4012 3152 4051 re
3197 4000 3402 4051 locutos
3427 4011 3568 4062 esse,

1987 4104 2151 4158 quam
2205 4090 2511 4160 theologum
2574 4100 2841 4146 nostrum.
2914 4089 2988 4146 De
3052 4088 3339 4160 Hippolyto
3363 4098 3567 4152 autem,

1990 4184 2266 4255 Dionysio,
2296 4182 2554 4249 Eusebio,
2582 4183 2864 4239 Victorino
2887 4184 3020 4238 nihil
3054 4183 3176 4237 dico
3199 4223 3214 4246 ,
3246 4181 3388 4253 quod
3420 4183 3571 4247 dun-

1988 4277 2347 4344 rum‘quidetu
2378 4291 2539 4345 opera
2560 4276 2895 4339 interierint,
2929 4275 3017 4329 alii
3070 4291 3198 4329 vero
3250 4276 3300 4328 in
3339 4274 3424 4328 his
3449 4288 3570 4343 qua:

1987 4375 2276 4433 supersunt
2308 4370 2565 4436 operibus
2588 4377 2679 4420 aut
2711 4383 2925 4436 parum,
2956 4377 3049 4420 aut
3079 4366 3211 4420 nihil
3268 4370 3333 4420 de
3377 4366 3568 4435 impari

1990 4474 2215 4513 numero
2248 4460 2539 4525 disserant,
2574 4459 2617 4514 si
2657 4460 2949 4514 Eusebium
3002 4459 3397 4515 Caesariensem
3423 4459 3570 4511 exci-

1989 4552 2126 4620 pias,
2155 4552 2246 4621 qui
2284 4553 2501 4605 ubinam
2546 4555 2611 4607 de
2654 4553 2744 4607 illo
2769 4568 3075 4607 sermonem
3109 4552 3326 4613 habeat,
3357 4553 3565 4619 ignoro,

1985 4642 2079 4698 sed
2113 4644 2287 4697 loc.qu
2316 4643 2360 4696 is
2396 4644 2572 4707 facile,
2610 4644 2822 4713 opinor,
2858 4642 3095 4696 inveniet
3150 4642 3239 4710 qui
3290 4641 3408 4710 cjus
3429 4655 3570 4693 cotu-

1986 4736 2278 4786 mentarlos
2310 4732 2361 4785 in
2389 4732 2655 4797 Psalmos,
2709 4743 2870 4801 atque
2922 4734 2977 4785 in
3011 4731 3209 4786 Isaiam
3241 4749 3269 4784 a
3301 4731 3570 4785 Montfau.

1987 4827 2146 4878 conio
2170 4825 2367 4887 editos,
2405 4832 2497 4877 aut
2548 4823 2651 4877 alia
2706 4824 2945 4893 ejusdem
2984 4824 3127 4877 tnodi
3157 4839 3318 4892 opera
3352 4822 3565 4877 Eusebii

1989 4917 2338 4985 percurrerit.
2372 4915 2501 4971 Mihi
2536 4916 2676 4971 enim
2730 4915 2859 4970 illud
2906 4916 2957 4970 iu
2985 4930 3224 4987 prtesens
3249 4914 3467 4978 suilicit,
3510 4926 3567 4967 ιιι

1987 5008 2142 5063 valde
2171 5007 2460 5061 verisimile
2486 5008 2557 5063 sit
2589 5010 2749 5063 hosce
2801 5010 3039 5063 auctoris
3074 5007 3241 5061 nostri
3292 5006 3465 5061 libros
3496 5007 3573 5062 ab

1988 5098 2316 5169 "iel'mtytuo
2346 5100 2594 5153 indicari.

1985 5236 2114 5290 CAP.
2155 5236 2238 5291 VI.
2289 5234 2519 5287 Perbelle
2570 5234 2774 5286 auctori
2819 5242 2994 5285 nostro
3022 5242 3313 5299 congruunt
3350 5247 3469 5300 qua!
3498 5232 3563 5285 de

2067 5308 2288 5374 Didymo
2321 5314 2580 5356 testantur
2606 5318 2817 5364 veteres,
2848 5318 2962 5374 eum
2999 5317 3176 5369 nempe
3190 5315 3243 5374 et
3283 5302 3351 5355 de
3384 5304 3561 5374 sectis,

2065 5386 2112 5427 et
2143 5370 2324 5428 contra
2371 5374 2685 5427 Munichwos
2713 5373 3002 5437 scripsisse,
3032 5382 3078 5423 et
3118 5373 3341 5438 primaut
3381 5372 3450 5425 ad
3474 5370 3567 5424 Co-

2067 5445 2285 5498 rinthios
2338 5442 2494 5496 I‘auli
2545 5445 2837 5511 lt'pistolam
2878 5442 3129 5493 latissime
3167 5443 3567 5507 interpretatum

2064 5532 2191 5580 esse,
2226 5527 2273 5568 et
2304 5518 2475 5581 plures
2519 5518 2651 5567 alios
2710 5530 2735 5565 e
2778 5514 2941 5565 sacris
2979 5512 3126 5565 libris
3148 5513 3563 5579 commentariis,

2065 5599 2151 5637 aut
2180 5585 2617 5638 commentariolis
2647 5586 2956 5635 illustrasse.

2061 5695 2330 5750 Hactenus
2364 5695 2598 5749 rationes
2648 5694 2778 5748 satis
2804 5691 3050 5750 cllicaces
3104 5694 3404 5762 attulimus,
3439 5706 3564 5749 mox
