4030 6408
510 321 619 384 M7

1961 329 2047 381 DE
2088 327 2344 386 DIDYMO

3656 331 3760 385 I43

519 443 654 496 alias
684 442 858 494 adhuc
886 441 1173 494 validiores
1216 441 1497 511 prolaturi.
1558 443 1662 498 Sed
1696 458 1982 514 antequam
2013 447 2080 499 ad
2111 454 2153 507 Α
2186 451 2352 501 rimos
2385 450 2676 516 Scriptura:
2713 450 2881 502 libros
2909 449 3337 510 comineutariis,
3364 457 3452 502 aut
3482 463 3762 500 commen-

513 537 612 593 has
654 537 952 596 veniamus,
1018 534 1303 588 nonnullas
1362 535 1451 588 bic
1500 540 1700 591 addere
1749 540 2086 601 conjecturas

511 630 710 701 placet.
743 626 909 680 Suum
945 624 1219 680 Sectarum
1258 625 1510 678 volumen
1546 628 1628 678 bis
1685 642 1949 681 memorat
2000 627 2090 680 Di-

514 722 703 791 dymus
733 718 786 770 in
842 717 976 770 libro
1030 715 1106 767 De
1170 713 1260 781 Sp.
1299 712 1387 778 S.,
1421 731 1569 768 num.
1614 717 1648 769 5
1673 727 1725 769 ct
1755 716 1841 770 2|.
1869 716 2083 784 Opinati

513 825 691 866 autem
725 822 851 867 sunt
879 811 1064 879 aliqui,
1095 810 1145 862 id
1175 825 1366 876 magna
1399 810 1589 862 saltem
1623 829 1684 863 ex
1736 823 1888 880 parte
1918 813 2093 865 adhuc

513 917 753 966 exstare,
816 904 960 957 idem
1003 914 1191 968 nempe
1243 915 1364 952 esse
1408 916 1529 953 cum
1564 916 1631 954 eo
1669 903 1810 970 quod
1845 900 2092 955 Philoso-

517 999 777 1063 rltumena
836 992 1174 1046 inscribitur.
1231 989 1486 1042 Nonnulli
1528 991 1690 1043 etiam
1720 992 1989 1045 diversum
2024 991 2094 1045 ab

516 1090 608 1141 illo
645 1103 746 1140 non
775 1099 890 1139 esse
918 1090 1268 1143 censuerunt,
1305 1083 1449 1150 quod
1489 1082 1799 1147 Dogmatum
1842 1083 2092 1135 Volumen

517 1179 775 1248 Didymus
805 1177 917 1245 ipse
953 1184 1108 1228 vocat
1164 1173 1217 1226 in
1271 1172 1409 1226 libro
1445 1172 1518 1226 De
1566 1172 1657 1239 Sp.
1697 1172 1780 1235 8.,
1822 1190 1966 1226 num.
2002 1172 2091 1225 39..

516 1272 756 1336 Quarum
799 1266 1111 1336 opiniomtm
1138 1266 1366 1334 primam
1397 1266 1650 1333 gravibus
1673 1265 1961 1319 obnoxiam
1977 1281 2096 1319 csse

517 1360 915 1414 difﬁcultatibus
946 1358 1093 1410 multi
1127 1357 1504 1419 ostenderunt,
1535 1356 1702 1410 altera
1735 1357 1938 1409 levibus
1965 1371 2095 1410 con-

515 1453 741 1521 iecturis
768 1452 1031 1506 duntaxat
1077 1449 1350 1504 innititur.
1386 1447 1540 1512 Quod
1562 1447 1604 1498 si
1649 1447 1847 1500 talibus
1882 1461 1982 1515 ego
2011 1462 2097 1498 ra-

517 1543 758 1598 tionibus
789 1541 1206 1611 acquiescerent.
1255 1540 1584 1592 contendere
1619 1537 1839 1590 forsitan
1893 1547 1948 1590 et
1988 1539 2098 1606 ipse

523 1651 760 1704 possem,
780 1634 877 1687 bos
903 1632 977 1684 De
998 1629 1434 1684 Trinitatelibros
1462 1629 1748 1682 nibilalind
1779 1644 1918 1690 esse,
1937 1644 2098 1696 quam

521 1724 800 1782 Sectarum
844 1724 1138 1777 volumen:
1195 1720 1501 1788 lmjnsmodi
1555 1722 1698 1772 cnim
1753 1719 1989 1788 suspicio
2033 1733 2099 1772 rx

523 1818 733 1872 duobus
761 1815 1046 1885 postremis
1071 1815 1215 1869 tertii
1264 1813 1384 1866 libri
1425 1811 1692 1880 capitibus
1733 1811 1862 1864 oriri
1896 1820 2096 1881 posset.
2133 1789 2173 1844 Β

521 1909 658 1964 Nam
710 1909 890 1978 capite
934 1908 1150 1977 quidem
1179 1906 1241 1959 41
1300 1915 1519 1974 repente
1587 1915 1776 1958 auctor
1828 1915 2008 1958 noster
2033 1905 2099 1957 ad

520 2000 974 2055 Montanistarum
1006 1997 1254 2052 haeresim
1279 1995 1576 2050 orationem
1597 1996 1883 2057 convertit,
1909 2011 1970 2048 ac
1995 2011 2100 2049 non

524 2091 687 2144 modo
722 2106 784 2143 ea
819 2088 1037 2151 refellit,
1079 2101 1198 2155 qua:
1233 2096 1424 2138 contra
1455 2084 1775 2138 catholicam
1821 2087 1886 2139 de
1921 2085 2095 2139 Trini-

526 2191 638 2236 tate
668 2181 970 2236 doctrinam
1005 2178 1296 2241 docebant,
1331 2182 1424 2230 sed
1459 2188 1512 2229 et
1543 2175 1645 2228 alia
1689 2191 1874 2230 eorum
1909 2178 2103 2232 delira—

525 2281 713 2327 menta
739 2291 752 2325 :
786 2283 894 2325 tum
919 2271 1099 2325 subdit
1125 2287 1138 2320 :
1167 2269 1254 2322 Ita
1276 2272 1524 2322 adversus
1573 2267 1708 2320 alias
1742 2269 1962 2322 luci-eses
1995 2287 2103 2320 nm-

524 2367 674 2418 deste
701 2381 763 2418 ac
785 2366 1064 2432 sapienter,
1090 2371 1145 2415 ut
1182 2377 1478 2431 possumus.
1530 2376 1840 2429 pugnamus.
1881 2360 1958 2413 Ac
1995 2371 2104 2414 sta-

528 2455 627 2508 tim
651 2464 835 2523 postea
872 2452 1198 2507 Manichacus
1231 2451 1511 2506 confutare
1547 2455 1853 2521 aggreditur
1880 2470 1996 2522 cap.
2012 2453 2102 2516 4‘2,

525 2547 686 2615 cujus
716 2548 920 2600 utinam
952 2555 1276 2615 postremam
1302 2554 1504 2612 partem
1530 2543 1684 2597 nobis
1715 2552 1846 2598 aetas
1874 2560 1976 2598 non
2018 2545 2102 2598 iu-

529 2637 778 2692 vidisset.
819 2635 1138 2705 Ilujusmodi
1173 2644 1350 2688 tamen
1379 2650 1479 2702 ego
1509 2634 1815 2702 suspicione
1861 2650 1964 2688 non
1993 2651 2107 2690 mo-

533 2743 686 2792 veor,
714 2728 808 2781 sed
847 2737 956 2780 tres
989 2727 1149 2780 hosce
1177 2725 1254 2778 De
1281 2727 1534 2778 Trinitate
1568 2725 1730 2779 libros
1776 2742 1804 2779 a
1833 2725 2107 2781 Sectarum

533 2820 810 2873 volumine
838 2818 1058 2872 omnino
1081 2816 1214 2870 alios
1237 2831 1356 2870 esse
1388 2817 1637 2872 existimo
1662 2834 1676 2870 :
1709 2828 1820 2872 tum
1843 2820 1964 2886 quia
1989 2835 2108 2888 quae

535 2913 604 2966 de
636 2911 1104 2972 Montanistarum,
1147 2909 1558 2963 Manicbzeorum
1589 2953 1603 2977 ,
1642 2910 1976 2982 aliorumque
2009 2917 2110 2967 luc-

536 3003 835 3056 relicortnn
893 3002 1054 3055 sectis
1100 3001 1231 3054 dicit
1286 3011 1490 3064 auctor,
1538 3003 1715 3057 obiter
1743 3006 2108 3068 duntaxal,ac

540 3091 681 3166 [XV]
738 3092 898 3148 veluti
951 3093 1260 3162 appendieis
1299 3093 1414 3149 loco
1465 3095 1569 3149 dici
1636 3096 1883 3150 videntur

539 3187 700 3238 etiam
729 3185 851 3254 quia
889 3182 1159 3252 Sectarun;
1180 3184 1424 3240 volumen
1455 3186 1786 3241 antelibrum
1816 3187 1892 3241 De
1908 3187 2107 3255 Spiritu

540 3286 738 3338 sancto,
775 3285 882 3328 tres
919 3289 1045 3328 vero
1069 3275 1120 3328 bi
1153 3275 1272 3327 libri
1313 3285 1430 3343 post
1474 3279 1720 3332 eumdem
1751 3294 1870 3332 meo
1893 3279 2108 3347 quidem

539 3366 743 3436 judicio
767 3367 946 3419 dictati
977 3377 1120 3420 sunt.
1150 3365 1279 3420 Illud
1326 3367 1506 3438 itaque
1557 3378 1761 3422 tantum
1796 3371 1901 3434 aio,
1941 3372 1988 3422 ei
2017 3372 2108 3440 qui

488 3531 508 3548 κ
543 3457 620 3513 De
644 3458 923 3511 Ita'resibus
948 3458 1028 3511 vel
1063 3461 1549 3528 sectis,scripseril,
1585 3451 1782 3532 eplinte
1802 3465 2108 3526 convenire,

546 3561 605 3605 ut
636 3561 902 3620 postrema
938 3553 1024 3605 illa
1059 3553 1164 3607 duo
1195 3554 1368 3624 capita
1402 3555 1707 3608 dictaverit.
1744 3555 1796 3608 Id
1845 3555 1986 3608 enim
2019 3556 2108 3610 Di-

543 3645 707 3714 dymo
732 3644 782 3696 in
817 3658 966 3696 more
998 3645 1226 3713 positum
1267 3660 1385 3698 esse
1421 3647 1794 3714 animadverti,
1825 3657 1880 3701 ut
1919 3648 1982 3700 ad
2015 3664 2110 3702 ea-

547 3733 667 3788 dem
703 3733 896 3802 saepius
919 3736 1054 3788 sicut
1091 3736 1143 3790 in
1168 3753 1274 3792 uno
1302 3738 1597 3806 eodemque
1629 3753 1813 3808 opere,
1853 3740 1920 3793 ita
1947 3741 2110 3793 etiam

549 3825 600 3877 in
633 3825 859 3880 diversis
889 3828 1090 3882 redeat.
1125 3829 1276 3895 Quod
1305 3845 1430 3883 vere
1452 3845 1480 3882 a
1515 3846 1600 3884 me
1625 3831 1727 3885 dici
1757 3831 1801 3886 is
1834 3833 2110 3894 fatebitur,

545 3919 638 3985 qui
663 3927 865 3970 attente
903 3919 1110 3985 singula
1171 3936 1290 3991 qua:
1339 3930 1553 3975 exstant
1609 3921 1749 3977 illius
1811 3937 1970 3991 Opera
2023 3931 2116 3976 aut

547 4009 849 4078 fragmenta
877 4013 1219 4079 expenderit,
1251 4023 1414 4083 atque
1444 4015 1584 4068 inter
1611 4030 1669 4069 se
1703 4014 2009 4068 contulerit.

621 4099 890 4152 Adversus
950 4099 1272 4155 Manicharos
1334 4117 1464 4157 sane
1497 4103 1766 4170 peculiare
1811 4118 1944 4172 opus
1994 4104 2107 4171 ipse

547 4191 737 4254 edidit,
777 4191 917 4260 quod
946 4202 1037 4244 aut
1069 4201 1260 4256 totum,
1308 4203 1399 4246 aut
1445 4193 1582 4247 bona
1633 4193 1827 4248 saltem
1863 4209 1927 4247 ex
1965 4204 2117 4262 parte

551 4283 844 4337 etiamnmn
879 4293 1076 4337 exstat.
1103 4283 1207 4337 Sed
1250 4287 1510 4339 adversus
1539 4289 1755 4339 eosdem
1786 4287 1982 4354 passim
2011 4288 2117 4340 dis-

551 4385 699 4444 putat
730 4377 891 4429 etiam
934 4377 984 4427 in
1030 4375 1467 4431 Enarrationibus
1514 4378 1566 4432 in
1606 4378 1870 4447 Epistolas
1905 4379 2119 4432 cat/toli-

1993 3108 2103 3151 tutn
2135 3130 2177 3188 Ο

2193 541 2398 593 tariolis
2435 540 2687 609 Didymus
2730 539 3124 608 cxplanaverit,
3171 551 3230 590 nt
3262 549 3472 592 constat
3516 552 3640 591 cum
3690 551 3761 592 ex

2188 631 2534 702 Hieronymo.
2569 644 2678 685 tmn
2717 648 2782 685 ex
2814 632 3020 684 catenis
3059 642 3150 683 aut
3200 631 3494 696 impressis,
3537 638 3632 682 aut
3663 643 3760 682 ca-

2191 724 2331 776 lamo
2359 725 2594 777 exaratis
2619 742 2630 776 :
2662 723 2705 776 si
2736 724 2968 775 Iudicem
2997 722 3228 774 locorum
3260 736 3426 773 sacra:
3456 719 3752 788 Scriptura:

2193 817 2363 869 tribus
2398 815 2544 869 hisce
2576 815 2626 867 in
2671 814 2823 866 libris
2854 813 3201 880 allegatorum
3254 810 3599 877 expenderis,
3658 809 3760 860 tria

2192 904 2307 959 haec
2338 920 2461 958 vera
2484 919 2601 959 esse
2623 903 2923 970 comperies
2955 918 2969 954 :
3003 902 3196 968 primo,
3225 915 3291 953 ex
3325 900 3389 952 iis
3415 898 3587 961 libris,
3618 913 3756 964 quos

2194 995 2600 1050 connuentariis
2657 995 2914 1063 Didymus
2979 991 3356 1059 interpretatus
3411 999 3527 1050 est,
3585 986 3765 1052 cujus-

2195 1084 2335 1136 modi
2388 1093 2514 1137 sunt
2563 1082 2799 1150 Epistula
2855 1081 3023 1148 prima
3072 1081 3138 1132 ad
3186 1079 3513 1140 Corinthios,
3568 1076 3762 1134 Isaias.

2196 1174 2392 1229 Psaltni
2420 1217 2435 1239 ,
2459 1185 2589 1234 etc...
2624 1175 2882 1244 plurimos
2913 1176 2980 1228 ab
3009 1185 3228 1227 auctore
3253 1182 3437 1224 nostro
3475 1179 3655 1222 textus
3686 1167 3766 1220 af-

2197 1268 2322 1321 ferri
2349 1285 2364 1333 ;
2393 1267 2649 1330 secundo,
2678 1282 2744 1319 ex
2773 1267 2836 1318 iis
2865 1265 3034 1326 libris,
3065 1278 3197 1331 quos
3223 1261 3473 1314 brevibus
3489 1275 3770 1314 commen-

2199 1358 2735 1418 tariolisillnstravit,
2781 1358 3100 1422 pauciores:
3159 1369 3220 1407 ex
3269 1353 3331 1405 iis
3362 1352 3578 1405 demum
3629 1366 3768 1420 quos

2199 1452 2340 1506 nullo
2369 1451 2525 1504 modo
2553 1452 2935 1517 interpretatus
2962 1461 3064 1509 εει.
3104 1457 3196 1500 aut
3219 1445 3420 1498 nullum
3446 1453 3647 1498 textum
3678 1452 3773 1498 aut.

2200 1559 2317 1612 pani
2340 1543 2551 1594 issimos
2574 1540 2810 1607 allegari.
2840 1540 2954 1603 Qua
2990 1539 3055 1591 de
3086 1552 3247 1591 causa
3281 1534 3481 1588 nullum
3515 1535 3568 1586 in
3602 1548 3666 1586 eo
3688 1534 3774 1586 iu-

2201 1637 2320 1687 dice
2343 1632 2515 1686 locnm
2549 1633 2784 1699 reperies
2827 1645 2891 1683 ex
2922 1628 3351 1682 Maebabwornm
3382 1625 3531 1678 libris
3553 1625 3775 1688 desum-

2203 1735 2372 1794 ptum,
2404 1722 2602 1775 nullum
2627 1738 2689 1773 ex
2715 1723 2848 1773 libro
2875 1719 3079 1784 Juditb,
3102 1719 3299 1771 nullum
3318 1732 3382 1770 ex
3402 1717 3535 1770 libro
3553 1716 3771 1777 Esther,

2202 1814 2404 1869 nullum
2452 1830 2516 1867 ex
2561 1814 2696 1867 libro
2743 1813 2924 1877 Itntb;
2958 1812 3042 1865 vix
3079 1826 3239 1863 numn
3272 1817 3359 1862 aut
3396 1809 3646 1874 alterum,
3681 1816 3776 1862 aut

2202 1908 2392 1962 saltem
2441 1923 2703 1976 perpauca
2755 1921 2818 1959 ex
2869 1905 3018 1958 libris
3048 1902 3232 1968 Josue,
3260 1900 3530 1963 Judicutn,
3564 1899 3776 1954 Parali‘

2203 2015 2492 2069 pomeuon,
2536 2001 2736 2062 Esdrac,
2768 2014 2849 2061 ac,
2885 2008 2948 2073 ut.
2969 1997 3033 2050 de
3067 1995 3188 2048 aliis
3225 2004 3449 2056 taceam,
3474 1992 3778 2062 plet-orum—

2204 2107 2310 2160 que
2335 2109 2402 2146 ex
2431 2092 2728 2160 prophetis,
2754 2102 2891 2157 quos
2919 2088 3155 2141 minores
3180 2095 3392 2140 vocant.

2277 2183 2522 2243 Demum,
2561 2198 2627 2234 ue
2678 2181 2727 2234 io
2778 2177 3001 2249 singulis
3049 2178 3324 2239 immorer,
3383 2174 3508 2230 illud
3559 2189 3778 2246 quoque

2207 2276 2606 2330 animadvertas
2643 2273 2828 2335 velim,
2873 2271 3045 2324 tribus
3091 2269 3241 2322 hisce
3275 2267 3423 2322 libris
3469 2266 3781 2337 Scriptura-

2206 2384 2324 2422 rutn
2357 2367 2471 2420 loca
2527 2381 2646 2434 qua:
2675 2363 2989 2428 afferuntur,
3043 2361 3116 2414 ita
3163 2361 3356 2430 passim
3393 2359 3676 2429 explicari,
3720 2369 3781 2412 ut

2210 2458 2365 2512 facile
2415 2469 2692 2511 anetorcm
2727 2468 2989 2522 agnoscas
3043 2453 3094 2505 in
3134 2451 3534 2520 Seripturarum
3587 2466 3782 2518 campo

2209 2565 2552 2620 summopere
2599 2549 2991 2602 exercitatum:
3038 2541 3340 2611 cuiusmodi
3387 2541 3627 2610 profecto
3674 2541 3778 2594 fuit

2209 2643 2500 2714 Didymus;
2536 2641 2692 2696 talem
2728 2641 2870 2694 enim
2917 2654 2974 2693 se
3008 2638 3182 2707 prodit
3212 2653 3312 2690 non
3345 2637 3502 2690 modo
3541 2636 3593 2688 in
3629 2651 3783 2689 com-

2211 2734 2489 2790 mentariis
2518 2735 2569 2787 in
2603 2732 2956 2802 Scripturam,
3002 2731 3095 2784 sed
3130 2729 3211 2784 vel
3258 2729 3310 2782 in
3358 2729 3472 2797 ipso
3529 2727 3668 2784 libro
3703 2728 3786 2782 De

2213 2829 2418 2897 Spiritu
2459 2837 2661 2878 sancto.

2213 2943 2342 2998 CAP.
2406 2939 2515 2993 VII.
2578 2942 2856 2993 Auctorem
2927 2948 3157 2990 nostrum
3211 2935 3331 2987 item
3379 2944 3434 2986 ut
3496 2931 3784 3002 Didymum

2287 3012 2482 3064 imitati
2547 3020 2664 3062 sunt
2731 3009 3071 3074 Ambrosius,
3148 3003 3526 3076 Hieronymus,
3588 3004 3788 3069 alitque

2288 3081 2508 3150 fortasse
2546 3081 2806 3133 nonnulli.

2283 3197 2387 3254 Sed
2422 3197 2533 3267 jam
2584 3197 2648 3249 ad
2691 3195 2927 3265 potiores
2979 3190 3187 3261 Didymi
3233 3187 3583 3244 Alexandrini
3629 3194 3788 3242 notas

2213 3305 2572 3349 transeamus.
2603 3290 2802 3344 IIarum
2833 3297 3100 3357 postrema
3137 3284 3378 3354 profecto
3417 3298 3480 3338 ca
3529 3297 3633 3337 non
3677 3293 3785 3345 est,

2212 3384 2352 3455 quod
2384 3382 2555 3439 sancti
2585 3380 2838 3434 Ecclesiae
2868 3378 3055 3431 Patres
3095 3375 3414 3430 Ambrosius
3476 3389 3540 3428 ac
3589 3371 3787 3427 Hiero-

2214 3490 2406 3545 nymus
2440 3471 2584 3527 haud
2613 3486 2778 3542 pauca
2819 3485 2885 3523 ex
2933 3470 3050 3534 ejus
3081 3467 3233 3521 libris
3260 3464 3486 3520 mutuati
3527 3463 3659 3521 sint.
3694 3471 3791 3515 aut

2215 3565 2426 3620 imitati.
2464 3560 2596 3616 Nam
2629 3561 2771 3631 quod
2806 3557 3000 3613 attinet
3036 3556 3250 3625 quidem
3302 3553 3368 3606 ad
3416 3552 3788 3615 Ambrosium,

2213 3652 2266 3707 id
2295 3659 2480 3718 aperte
2525 3649 2726 3702 fatetur
2759 3645 2986 3701 Rufinus
3023 3643 3408 3714 Aquileiensis,
3441 3641 3594 3710 cujus
3623 3641 3788 3694 verba

2213 3742 2408 3812 protuli
2443 3756 2562 3809 pag.
2596 3741 2683 3803 5|,
2714 3747 2825 3793 not.
2858 3737 2912 3792 5.
2944 3736 3000 3790 Id
3038 3736 3211 3804 ipsum
3261 3749 3385 3785 vero
3416 3733 3640 3800 probant
3672 3749 3792 3783 mo-

2215 3834 2372 3887 nacbi
2410 3831 2469 3886 S.
2513 3830 2682 3884 Mauri
2721 3838 2850 3882 tom.
2881 3826 2924 3881 Il
2961 3841 3183 3894 operum
3215 3823 3480 3878 Ambrosii
3523 3837 3642 3891 pag.
3684 3821 3792 3876 597

2216 3923 2268 3977 in
2324 3921 2705 3976 Admonitione
2759 3921 2810 3972 in
2872 3918 3110 3987 ejusdem
3162 3915 3430 3970 Ambrosii
3487 3915 3650 3968 libros
3715 3912 3796 3967 De

2215 4013 2419 4081 Spiritu
2453 4022 2632 4066 sancto
2665 4009 2976 4078 inscriptos.
3025 4007 3100 4062 Ibi
3137 4008 3280 4062 enim
3335 4007 3448 4061 loc:t
3503 4007 3615 4074 ipsa
3650 4005 3792 4058 imii-

2214 4110 2339 4157 cant
2381 4116 2501 4171 qua:
2557 4098 2871 4152 Ambrosius
2915 4112 2982 4151 ex
3035 4096 3246 4167 Didymi
3295 4095 3432 4150 libro
3481 4093 3554 4148 De
3588 4093 3793 4156 Spiritu

2216 4201 2394 4246 sancto
2425 4197 2695 4244 mutuatus
2723 4188 2839 4242 fuit.
2870 4187 3020 4253 Quod
3049 4202 3173 4241 vero
3215 4187 3446 4257 pertinet
3491 4185 3556 4239 ad
3601 4184 3794 4238 IIiero.

2219 4297 2463 4354 nymum,
2494 4280 2687 4333 fatetur
2720 4280 2945 4346 ipsemet
2970 4279 3182 4346 saepius,
3218 4277 3381 4329 multa
3426 4291 3484 4330 se
3531 4290 3595 4330 ex
3629 4275 3795 4346 Didy-

2223 4390 2331 4440 mo,
2368 4389 2526 4442 quem
2570 4385 2725 4424 suum
2767 4370 3082 4439 magistrum
3108 4377 3282 4432 vocat,
3314 4367 3698 4435 desumpsisse.
3739 4366 3794 4418 |.l

548 4483 659 4521 cas.
694 4465 1029 4536 Eosdemque
1065 4476 1121 4520 ut
1163 4467 1391 4530 refellat,
1434 4485 1461 4521 a
1517 4471 1789 4538 proposito
1833 4485 2118 4538 parumper
2151 4470 2194 4526 D
2226 4467 2298 4518 ita
2347 4479 2466 4517 esse
2520 4462 2810 4530 comperiet
2865 4461 3052 4522 lector,
3118 4459 3160 4513 si
3219 4459 3524 4528 Hieronymi
3567 4458 3681 4512 loca
3741 4459 3794 4511 in

551 4557 762 4610 aberrat
801 4557 850 4610 in
887 4558 1022 4610 libro
1055 4558 1127 4610 De
1161 4556 1361 4623 Spiritu
1391 4571 1591 4623 sancto,
1639 4577 1786 4613 nutu.
1839 4559 1926 4621 45.
1960 4577 2121 4615 occa-

550 4647 704 4702 sione
737 4659 952 4716 arrepta
997 4664 1059 4701 ex
1107 4648 1207 4702 illis
1241 4648 1386 4702 Isaia:
1432 4649 1646 4703 verbis:
1703 4648 1946 4718 Inferens
1975 4651 2122 4704 nobis

553 4739 703 4798 iuxta
762 4738 1175 4791 misericordiam
1230 4739 1435 4792 sitam“.
1469 4738 1691 4794 Cuinam
1742 4756 1871 4811 ergo
1929 4744 2122 4811 magis,

554 4844 713 4898 quam
780 4829 1006 4900 Didymo
1059 4831 1348 4885 convenire
1418 4833 1800 4886 arbitrabimur
1865 4835 2006 4902 quod
2069 4834 2121 4887 in

556 4922 716 4974 trium
746 4919 936 4974 horum
972 4920 1228 4974 librorum
1273 4932 1494 4977 auctore
1524 4924 1892 4987 observamus,
1919 4934 1978 4978 ut
2010 4924 2121 4978 Ma-

556 5012 793 5066 nicbzcos
821 5026 926 5064 non
965 5013 1123 5065 modo
1149 5013 1346 5076 obiter,
1374 5009 1664 5083 paucisque
1697 5017 1876 5069 verbis
1913 5016 2122 5070 refellat

556 5101 762 5167 paginis
797 5099 923 5163 385,
956 5098 1080 5163 588,
1115 5111 1169 5152 et
1201 5100 1339 5166 396;
1393 5117 1575 5155 verum
1621 5104 1782 5157 etiam
1827 5103 2002 5170 capite
2053 5104 2122 5157 l2

557 5189 699 5243 tertii
757 5190 874 5243 libri
905 5190 1094 5253 fusius,
1131 5203 1188 5243 ut
1213 5194 1369 5245 modo
1398 5192 1740 5256 dicebamus,
1791 5204 1977 5245 contra
2031 5208 2124 5248 eos

558 5282 777 5336 scribat.
811 5290 973 5350 atque
1004 5297 1032 5333 a
1075 5285 1346 5350 proposito
1380 5295 1698 5354 argumento
1738 5285 1802 5336 ad
1841 5285 1958 5337 illos
1991 5301 2124 5338 cou-

557 5371 806 5427 futandos
832 5374 1192 5439 digredietur?

629 5463 893 5530 Quoniam
919 5481 1046 5520 vero
1071 5466 1396 5534 coniecturis
1431 5484 1568 5522 ntmc
1599 5468 1956 5538 indulgemus,
1996 5469 2121 5520 illud

560 5553 722 5614 etiam
753 5557 1219 5612 animadversione
1246 5562 1464 5627 dignum
1497 5577 1636 5623 reor,
1671 5561 1810 5628 quod
1841 5575 1962 5613 cum
1999 5560 2120 5628 pln-

626 5735 653 5769 ⁸
684 5732 790 5789 Isa.
829 5751 959 5789 ant
983 5779 996 5800 ,
1028 5738 1079 5792 7.

2232 4553 2472 4608 Veterum
2518 4553 2847 4606 Testimoniis
2885 4569 2913 4603 a
2952 4566 3034 4604 me
3064 4551 3222 4604 allata
3259 4559 3554 4618 percurrat.
3593 4548 3646 4602 Id
3688 4551 3798 4602 sci-

2224 4649 2349 4701 licet
2385 4647 2634 4715 prarstitit.
2671 4645 3022 4712 Hieronymus
3051 4644 3100 4695 in
3132 4643 3534 4695 commentariis
3576 4643 3797 4710 potissi-

2226 4754 2370 4792 mum
2401 4739 2453 4790 in
2503 4737 2791 4799 Epistulam
2851 4737 2918 4786 ad
2966 4733 3205 4795 Galatas,
3252 4735 3304 4785 iu
3365 4732 3651 4798 Epistolnm
3724 4736 3796 4784 ml

2226 4829 2499 4899 Ephesios,
2547 4830 2598 4880 in
2647 4826 2975 4889 Matt/mum,
3029 4830 3081 4878 in
3131 4825 3282 4894 Osee,
3332 4829 3384 4879 in
3431 4824 3748 4879 Zachariam
3783 4879 3795 4891 ,

2224 4923 2278 4976 in
2303 4921 2522 4980 Isaiam,
2563 4931 2667 4972 etc.

2296 5013 2477 5082 Itaque
2503 5013 2546 5066 si
2579 5027 2643 5064 ex
2670 5018 2890 5064 auctore
2927 5009 3089 5062 etiam
3126 5021 3310 5064 nostro
3336 5009 3484 5078 plura
3521 5019 3797 5062 mutuatos

2225 5118 2344 5158 esse
2388 5101 2753 5165 Ambrosium,
2807 5114 2870 5153 ac
2916 5097 3300 5169 Hieronymum
3343 5108 3570 5160 constet,
3619 5113 3798 5151 nonne

2229 5195 2279 5248 id
2313 5206 2524 5260 quoque
2561 5191 2757 5244 iudicio
2785 5190 2908 5250 erit.
2946 5198 3054 5243 tres
3081 5191 3240 5244 bosce
3287 5191 3450 5244 libros
3485 5205 3513 5241 a
3564 5189 3796 5258 Didymo

2227 5285 2454 5338 dictatos
2475 5281 2634 5335 esse?
2669 5280 2828 5350 Atqui
2856 5280 3004 5348 plura
3039 5279 3162 5333 hinc
3198 5291 3515 5341 mutuatum,
3550 5289 3642 5330 aut
3672 5280 3796 5332 imi-

2226 5383 2395 5428 tatum
2426 5388 2544 5427 esse
2567 5372 2911 5426 Ambrosium
2941 5371 3148 5424 ostendi
3178 5371 3288 5438 jam
3337 5373 3386 5423 in
3423 5371 3586 5424 notis.
3631 5369 3796 5437 Lege,

2227 5480 2427 5534 quaeso,
2476 5479 2593 5532 quae
2643 5463 2751 5516 dixi
2791 5478 2911 5532 pag.
2945 5461 3070 5522 275,
3117 5474 3228 5515 not.
3263 5465 3342 5517 9:
3389 5462 3596 5515 videbis
3649 5462 3795 5513 enim

2227 5566 2394 5612 totum
2444 5539 2556 5609 fcre
2612 5555 2875 5609 Ambrosii
2931 5554 3120 5610 librmn
3189 5555 3264 5609 De
3299 5555 3584 5625 mysteriis,
3653 5569 3800 5608 anno
