4030 6408
279 345 355 401 H9
1411 339 1982 398 COMMENTARIUS.
2023 371 2092 381 ——
2131 339 2256 396 LIB.
2297 341 2338 395 I.

3397 301 3504 394 rso

276 463 408 541 [XVI]
453 460 660 517 Christi
721 464 828 518 ’587
874 466 1154 534 scripturn,
1211 479 1240 519 e
1272 465 1449 536 capite
1479 465 1548 519 Μ
1601 463 1822 518 secundi
1856 469 1900 524 Α
1931 462 2204 525 adhibitis,
2239 471 2293 516 et
2331 459 2694 514 Alexandrino
2733 459 2980 529 scriptori
3025 473 3348 530 magnopere
3376 476 3503 516 con-

273 574 319 610 ex
353 556 434 610 his
465 556 619 610 libris
668 571 990 625 expressum
1023 573 1161 611 esse.
1196 555 1337 626 Lege
1371 557 1556 621 etiam,
1590 557 1632 610 si
1674 557 1826 621 libet,

272 664 364 717 quae
397 646 535 698 dicta
571 661 600 698 a
629 663 716 700 me
745 657 871 701 sunt
904 663 1023 716 pag.
1059 649 1145 712 51,
1177 659 1289 701 not.
1316 648 1370 712 5,
1404 663 1524 717 pag.
1559 647 1686 714 9.55,
1713 657 1825 703 not.

271 738 308 800 l,
337 752 456 806 pag.
489 735 620 800 246,
659 747 776 788 not.
805 735 859 798 4,
888 748 938 790 et
967 753 1088 805 pag.
1119 737 1243 804 357,
1275 747 1386 789 not.
1420 738 1472 790 5.

318 829 468 893 Quod
503 829 547 881 si
591 843 729 897 quas
764 840 1030 897 praeterea
1067 830 1303 883 locorum
1339 829 1636 899 Scriptura:
1667 830 1831 884 inter-

270 918 582 986 pretationes
609 920 662 971 in
693 928 918 973 anctore
948 930 1133 974 nostro
1179 923 1515 976 inveniamus
1546 922 1612 976 iis
1654 921 1828 991 persi«

271 1009 420 1074 miles,
459 1024 599 1079 quas
627 1009 680 1062 in
723 1013 1038 1066 memoratis
1071 1014 1381 1086 Hieronymi
1427 1015 1830 1069 commentariis

271 1097 497 1166 legimus,
539 1116 718 1156 nonne
754 1103 803 1155 id
851 1118 1065 1172 quoque
1095 1116 1412 1174 argumento
1463 1108 1584 1173 erit,
1620 1123 1688 1159 ex
1728 1107 1830 1161 illis

267 1205 336 1243 eas
373 1206 526 1256 esse,
569 1210 702 1262 quas
737 1199 897 1251 tacito
933 1199 1168 1252 auctoris
1213 1201 1448 1264 nomine,
1489 1209 1544 1253 ιιι
1601 1201 1828 1263 solebat,

265 1295 306 1332 ex
343 1281 582 1353 Didymo
629 1288 823 1356 sarpius
879 1291 1209 1358 deprompsit
1266 1291 1379 1360 ipse
1430 1291 1836 1361 Ilierooymus?

267 1391 354 1427 non
381 1377 532 1444 quod
572 1394 639 1431 ex
675 1381 774 1432 hoc
813 1396 978 1448 opere
1007 1397 1099 1434 eas
1157 1383 1508 1445 hanserit,_nt
1551 1394 1696 1450 puto,
1742 1385 1834 1436 sed

261 1469 388 1534 quod
454 1468 609 1521 valde
649 1471 905 1523 credibile
957 1477 1046 1530 sit.
1087 1487 1250 1524 untnn
1302 1476 1655 1542 eniudemquc
1691 1473 1836 1526 Scri-

260 1571 420 1626 ptura:
449 1558 630 1614 locum
662 1570 848 1616 eodem
885 1563 995 1618 fere
1024 1567 1180 1618 modo
1208 1565 1522 1635 plerumque
1546 1581 1573 1617 a
1612 1565 1836 1632 Didymo

258 1649 583 1716 explicatum
628 1667 747 1704 esse
777 1653 827 1706 in
862 1656 965 1710 hoc
1002 1670 1184 1725 opere,
1219 1654 1462 1723 atquein
1503 1665 1838 1708 commenta-

258 1739 345 1793 riis
394 1740 452 1792 in
492 1740 856 1811 Scripturam.
895 1744 1112 1800 Utvero
1161 1744 1474 1814 perspicias,
1512 1760 1671 1812 quam
1713 1759 1837 1797 vere

1930 556 2275 626 gruentibus;
2316 552 2447 609 nihil
2489 552 2557 608 de
2596 553 2797 616 studio,
2848 551 2991 620 quod
3040 549 3093 604 in
3149 562 3338 620 pietas
3376 565 3503 607 eum

1931 647 2256 715 impendisse
2293 655 2561 714 apparet:
2619 645 2751 698 nihil
2812 644 3026 697 demum
3087 643 3152 697 de
3205 643 3505 698 dialecticis

1931 740 2250 808 quibusdam
2283 742 2399 803 ejus
2429 737 2839 800 subtilitatibus,
2869 752 3004 805 quas
3041 735 3381 789 Alexandriae
3409 750 3506 803 po-

1935 831 2200 882 tissimum
2263 831 2496 898 viguisse
2551 829 2760 898 Didymi
2801 840 2978 889 aetate,
3036 843 3194 882 nemo
3245 829 3503 896 ignorat:

1932 920 2048 974 IIIBC
2076 921 2217 973 enim
2249 922 2424 973 munia
2479 931 2731 989 quantam
2781 919 2887 971 vim
2926 919 3176 981 habeant,
3225 918 3382 972 facile
3413 934 3508 987 per

1935 1028 1993 1065 se
2021 1013 2275 1081 intelliget
2331 1013 2498 1066 lector
2547 1014 2812 1066 ermlitus.
2869 1012 2938 1064 At
2987 1011 3242 1064 vocabula
3294 1027 3507 1080 quoque

1937 1103 2069 1172 ipsa,
2103 1106 2297 1174 quibus
2330 1107 2606 1173 theologus
2638 1116 2820 1158 noster
2865 1109 3055 1165 utitur,
3085 1104 3506 1156 Alexandrinqu

1936 1196 2254 1263 scriptorem
2309 1196 2648 1249 subindicant
2699 1209 3093 1262 saepenumero.
3143 1193 3509 1247 Alexandrina

1939 1288 2148 1339 videtur
2176 1300 2276 1338 vox
2305 1285 2566 1356 περιοδία,
2599 1285 2668 1338 ab
2696 1285 2992 1340 Athanasio
3015 1301 3232 1354 quoque
3265 1284 3506 1338 adhibita

1937 1378 2002 1430 ad
2037 1379 2364 1430 curationem
2410 1377 2794 1440 denotandam,
2837 1386 2894 1431 ut
2931 1379 3038 1429 dixi
3072 1395 3190 1446 pag.
3224 1376 3349 1442 268,
3397 1379 3512 1429 not.

1935 1471 1970 1523 2
2003 1488 2016 1522 :
2054 1486 2172 1524 eam
2208 1481 2352 1524 certe
2393 1471 2530 1538 apud
2585 1472 2785 1524 nullum
2815 1471 2976 1523 alium
3014 1472 3331 1538 scriptorem
3382 1470 3513 1524 hac-

1942 1569 2095 1613 tenus
2138 1574 2236 1626 ego
2262 1560 2438 1612 inveni
2465 1599 2480 1623 ,
2523 1561 2612 1629 qui
2644 1560 3047 1615 Alexandrinus
3081 1564 3186 1614 Dun
3229 1560 3382 1613 foret.
3411 1560 3512 1613 Ita-

1938 1668 2045 1719 que
2086 1654 2265 1705 tandiu
2312 1651 2730 1705 Achandrinam
2779 1668 2899 1706 esse
2945 1655 3228 1721 opinabor,
3272 1655 3511 1722 quandiu

1941 1759 2002 1797 ea
2029 1745 2081 1796 in
2113 1743 2232 1797 aliis
2263 1744 2637 1813 scriptoribus,
2683 1744 2857 1812 iisque
2890 1759 2986 1798 nec
3016 1744 3307 1814 ιΕεΥριίἰε,
3342 1759 3516 1812 neque

257 1829 510 1899 dixerim,
552 1847 658 1886 non
699 1850 921 1903 parvam
949 1831 1002 1888 in
1036 1834 1387 1905 Hieronymo,
1414 1845 1468 1889 et
1498 1843 1720 1888 auctore
1745 1843 1834 1886 nut-
1873 1814 1910 1865 Β
1942 1835 2324 1889 Alexandrina:
2373 1832 2574 1889 schola:
2629 1835 2862 1888 alumnis
2889 1878 2903 1897 .
2960 1852 3131 1905 neque
3175 1837 3516 1890 Alexandriae

256 1933 363 1977 stro
397 1923 912 1992 interpretationmn
945 1927 1354 1981 similitudinem
1393 1927 1690 1991 observari,
1722 1927 1838 1995 lego

255 2028 369 2082 quae
396 2013 656 2066 adnotavi
697 2023 817 2085 pag.
857 2017 982 2082 255,
1032 2028 1147 2072 not.
1192 2019 1244 2080 5,
1299 2034 1417 2088 pag.
1464 2019 1584 2083 I77,
1635 2029 1746 2072 not.
1783 2020 1837 2084 4,

254 2123 371 2176 pag.
405 2106 501 2169 98,
546 2117 662 2162 not.
695 2111 749 2175 9,
785 2125 907 2180 pag.
937 2109 1062 2176 270,
1093 2125 1202 2164 not.
1238 2111 1294 2176 ε’»,
1332 2128 1452 2182 pag.
1487 2112 1614 2181 9.71,
1643 2122 1754 2168 not.
1783 2111 1837 2179 5,

253 2211 306 2253 et
329 2201 485 2254 alibi.

324 2321 436 2376 Sed
466 2327 668 2390 praeter
688 2318 1032 2372 Ambrosium
1061 2333 1123 2370 ac
1151 2315 1538 2386 Hieronymum
1563 2317 1653 2370 alii
1677 2317 1839 2371 etiam

252 2413 492 2467 fortasse
522 2421 802 2465 auctorem
838 2420 1078 2464 nostrum
1113 2409 1305 2462 imitati
1340 2419 1466 2463 sunt
1495 2423 1510 2462 :
1540 2424 1638 2478 ego
1662 2419 1839 2463 tamen

253 2520 419 2557 unum
460 2506 728 2556 duntaxat
759 2501 844 2554 hic
874 2501 1184 2565 nominabo,
1221 2500 1376 2568 cujus
1405 2516 1598 2554 nomen
1633 2503 1842 2568 pondus

254 2595 476 2664 aiiquod
511 2594 667 2647 addit
701 2592 984 2647 sententia:
1017 2608 1172 2657 mete,
1200 2593 1341 2660 quod
1367 2601 1421 2646 et
1444 2591 1843 2646 Alexandrinus

255 2685 443 2750 fuerit,
485 2694 552 2738 ut
589 2684 871 2753 Didymus,
900 2693 954 2737 et
986 2683 1124 2737 haud
1158 2685 1340 2737 multis
1381 2693 1494 2752 post
1528 2682 1687 2752 hujus
1728 2684 1844 2736 obi-

258 2789 368 2831 tum
397 2778 564 2831 annis
613 2777 957 2830 Alexandriae
1006 2777 1310 2847 scripserit,
1347 2776 1606 2846 Cyrillum
1654 2792 1844 2845 nempe

255 2870 646 2925 Alexandrina:
679 2868 931 2923 Ecclesiae
967 2869 1345 2938 patriarcham.
1398 2867 1586 2923 Utrum
1617 2867 1660 2921 is
1685 2883 1844 2937 porro

257 2975 542 3018 auctorem
591 2972 834 3015 nostrum
880 2976 1067 3014 revera
1113 2961 1353 3015 imitatus
1396 2962 1485 3027 sit,
1525 2961 1728 3029 judicet
1767 2961 1846 3017 Ie-

258 3068 398 3120 ctor,
433 3065 726 3124 postquam
761 3069 824 3108 ea
851 3054 1042 3123 legerit
1076 3069 1194 3121 qum
1225 3055 1334 3107 dixi
1367 3071 1487 3124 pag.
1517 3054 1606 3120 59,
1640 3064 1749 3108 not.
1791 3056 1842 3120 2,

259 3151 324 3203 de
355 3163 496 3202 Voce
532 3145 833 3217 ἀμεγέθης,
857 3156 910 3199 et
941 3162 1060 3215 pag.
1088 3146 1216 3210 501,
1250 3158 1360 3198 not.
1390 3147 1442 3208 8,
1470 3163 1532 3199 ac
1566 3164 1685 3216 pag.
1717 3148 1842 3213 505,
1876 3157 1920 3218 C

260 3240 314 3292 in
345 3238 596 3307 pluribus
626 3238 789 3291 notis.
822 3235 914 3290 Illa
956 3249 1236 3305 pra-terea,
1290 3254 1408 3307 qua:
1443 3237 1721 3306 theologus
1753 3255 1846 3294 no-

259 3339 372 3382 ster
403 3329 572 3381 habet
623 3343 745 3397 pag.
800 3327 855 3391 8,
906 3328 1000 3381 lin.
1036 3329 1088 3394 I,
1132 3338 1186 3382 et
1219 3330 1589 3397 sequentibus,
1624 3347 1743 3383 cum
1785 3333 1850 3386 iis

262 3420 514 3472 conferat
546 3433 667 3487 qua:
716 3417 950 3488 Cyrillus
998 3420 1212 3487 scripsit
1283 3421 1373 3473 lih.
1414 3437 1427 3474 l
1478 3422 1532 3474 in
1572 3421 1849 3476 lulianum

264 3525 390 3579 pag.
429 3510 495 3562 51
535 3511 667 3561 edit.
727 3507 1022 3574 Lipsiensis
1059 3511 1184 3562 antri
1235 3509 1391 3573 1696,
1430 3527 1654 3582 qua-que
1685 3515 1753 3566 ila
1793 3529 1851 3568 se

268 3602 508 3653 habent:
558 3597 764 3668 Ὀρθῶς
790 3597 853 3668 δὴ
891 3597 1034 3668 μάλα
1058 3615 1070 3626 ·
1098 3599 1225 3664 δόξα
1245 3599 1352 3671 γὰρ
1387 3601 1588 3672 Κυρίου
1622 3602 1850 3672 κρύπτει

265 3694 447 3760 λόγον,
487 3692 630 3743 κατὰ
678 3693 738 3744 τὸ
779 3693 1181 3762 γεγραμμένον,
1235 3693 1328 3745 καὶ
1369 3694 1473 3754 πᾶς
1516 3695 1640 3764 περὶ
1684 3695 1849 3750 αὑτοῦ

268 3786 426 3852 λόγος
456 3785 707 3838 ἀσθενεῖ·
743 3785 836 3837 καὶ
869 3785 968 3853 τῆς
998 3785 1152 3852 ἀξίας
1193 3786 1417 3837 κατόπιν
1455 3785 1702 3856 ἔρχεται·
1736 3786 1849 3839 ἔστι

269 3883 379 3951 γὰρ
415 3881 634 3949 ἁπάσης
660 3879 868 3941 ἐννοίας
897 3880 1180 3932 ἐπέκειναο
1233 3878 1499 3949 βλέπομεν
1539 3879 1593 3930 δὲ
1639 3879 1706 3931 δι’
1762 3881 1851 3931 ἐσ-

275 3975 604 4044 ὀπτῳυριαὶ
626 3975 682 4025 ἐν
712 3972 1012 4043 αἰνίγματι,
1038 3971 1106 4024 τὰ
1145 3972 1270 4043 περὶ
1303 3970 1488 4037 αὐτοῦ,
1522 3971 1664 4024 καθὰ
1688 3989 1849 4043 φησιν

280 4067 308 4114 ὁ
337 4066 606 4131 πάνσοφος
635 4062 866 4124 Παῦλος.
899 4062 1012 4115 Non
1064 4077 1281 4131 parvam
1312 4063 1453 4115 enim
1490 4062 1631 4114 inter
1663 4061 1849 4129 hujus-

285 4157 419 4208 modi
455 4157 570 4209 loca
594 4155 1044 4224 ‘similitudinem,
1075 4153 1165 4224 qui
1211 4168 1273 4206 ea
1308 4154 1617 4216 contulerit,
1654 4153 1849 4222 depre-

286 4247 493 4301 hendet.

286 4339 406 4394 Car.
451 4338 588 4393 VIII.
622 4340 822 4392 Auctor
860 4348 1035 4460 ’ποιεῖν
1082 4338 1181 4405 fuit
1217 4337 1604 4393 Alexandrinus
1647 4351 1700 4394 ut
1749 4339 1848 4394 Di-

1000 4426 1167 4460 omum

999 4426 1167 4478 gmut

355 4503 652 4557 Videndum
694 4517 853 4563 nunc,
889 4501 1038 4568 cujas
1082 4500 1243 4554 fuerit
1295 4500 1569 4570 theologus
1617 4511 1799 4556 noster
1833 4519 1845 4555 :
1883 4517 1927 4572 ι)
1957 4509 2042 4563 die
2094 4505 2508 4558 Alexandrinam
2546 4507 2814 4573 regionem
2862 4504 3010 4556 alluit

291 4597 332 4647 si
374 4596 518 4648 enim
573 4597 744 4662 ipsum
804 4593 1230 4647 Alexandrinum
1291 4594 1456 4646 l'uiSse
1513 4604 1848 4661 compertum

291 4683 463 4746 fuerit,
500 4683 671 4735 multo
706 4697 826 4735 eum
866 4682 1431 4749 fidentiuspoterimus
1459 4682 1556 4735 hac
1590 4684 1655 4735 de
1687 4697 1851 4736 causa

292 4776 568 4846 Didymum
604 4775 898 4844 appellare.
936 4775 1001 4826 At
1036 4774 1195 4826 talem
1243 4774 1417 4840 reipsa
1453 4773 1621 4826 fuisse.
1665 4785 1854 4826 aucto-

293 4881 396 4918 rem
432 4877 699 4928 nostrum,
734 4866 870 4918 satis
898 4866 1030 4919 mihi
1072 4865 1298 4918 indicari
1331 4867 1540 4918 videtur
1578 4865 1856 4934 coojcctu-

297 4955 386 5016 ris,
427 4971 566 5024 quas
608 4955 836 5021 subjicio
866 4971 882 5017 ;
916 4955 1002 5006 vix
1038 4953 1181 5006 enim
1212 4951 1324 5004 ﬁeri
1364 4960 1559 5018 p0test,
1608 4962 1664 5003 ut
1699 4952 1857 5003 simul

294 5063 472 5100 omnes
493 5047 650 5100 alteri
675 5054 989 5114 congruant,
1008 5058 1170 5113 quam
1194 5041 1445 5111 scriptori
1470 5041 1856 5095 Alexandrino.

359 5142 434 5194 Ac
457 5144 692 5208 primum
730 5137 948 5206 quidem
981 5136 1220 5190 auctoris
1263 5135 1474 5204 loquela
1513 5134 1860 5186 manifestum

301 5249 411 5285 eum
451 5235 579 5289 facit
606 5236 651 5288 '.
680 5233 824 5287 Nihil
854 5247 994 5286 nunc
1022 5231 1210 5298 loquar
1241 5231 1307 5283 de
1352 5226 1470 5296 ejus
1499 5229 1660 5297 stylo,
1703 5245 1864 5297 quem

303 5326 638 5382 Alexandrini
671 5327 906 5380 hominis
938 5339 1058 5380 esse
1107 5337 1347 5377 censeo:
1386 5320 1516 5373 nihil
1557 5321 1625 5374 de
1665 5319 1865 5387 allego-

309 5419 439 5484 ricis,
473 5437 608 5490 quas
650 5419 944 5472 identidem
989 5416 1166 5481 aIIert,
1207 5414 1502 5481 Scriptura!
1540 5413 1855 5480 interpreta-

309 5513 547 5577 tionibus,
576 5511 778 5583 quibus
809 5509 1169 5562 Alexandrina
1223 5506 1461 5560 maxime
1491 5503 1675 5558 schola
1710 5501 1864 5556 oble-

309 5605 570 5668 ctabatur;
625 5603 760 5656 nihil
800 5601 867 5655 de
913 5597 1257 5668 Origenianis
1300 5593 1660 5650 locationibus
1689 5594 1756 5648 ab
1798 5607 1868 5647 eo

419 5803 597 5859 Matth.
646 5818 767 5858 xxv:
789 5843 800 5864 ,
840 5799 925 5853 75.

1939 1929 2199 1998 proximis
2233 1929 2571 1996 reperiatur:
2613 1928 2755 1998 quod
2803 1928 2916 1981 fieri
2966 1938 3143 1980 tamen
3199 1944 3355 1996 posse
3409 1943 3514 1981 non

1939 2021 2173 2074 iulicior.
2205 2020 2570 2073 Alexandrina
2599 2020 2759 2073 simili
2806 2021 2968 2073 modo
2999 2029 3102 2083 est,
3141 2033 3198 2073 ut
3227 2031 3379 2087 puto,
3414 2035 3516 2072 vox

1939 2113 2261 2184 ἀμεγέθης·
2300 2113 2607 2182 huiusmodi
2667 2114 2813 2166 enim
2862 2114 3158 2183 epithetutn
3211 2113 3351 2166 haud
3404 2114 3518 2168 scio

1941 2221 2008 2257 an
2057 2206 2162 2258 Deo
2217 2205 2356 2258 ullus
2392 2205 2530 2258 alius
2583 2205 2858 2271 tribuerit,
2899 2220 3061 2274 quam
3120 2205 3399 2276 Didymus,
3453 2214 3520 2259 ac

1941 2307 2063 2366 post
2097 2299 2268 2366 ipsam
2301 2297 2538 2368 Cyrillus
2570 2298 2992 2358 Alexandrinus.
3030 2311 3087 2350 ut
3120 2299 3230 2351 dixi
3269 2314 3392 2368 pag.
3426 2297 3516 2361 59,

1943 2399 2056 2442 ηοι.
2109 2389 2164 2442 2.
2200 2389 2565 2443 Alexandrina
2602 2388 2833 2443 fortasse
2888 2401 2972 2444 est
3023 2405 3124 2443 vox
3175 2377 3516 2461 ἀνεθελησία..

1941 2483 2008 2533 ab
2041 2491 2260 2534 auctore
2295 2491 2480 2534 nostro
2526 2493 2800 2548 usurpata,
2843 2492 3003 2550 atque
3053 2485 3116 2533 ab
3169 2480 3355 2534 eodem
3411 2481 3520 2550 Cy-

1945 2573 2065 2627 rillo
2097 2574 2148 2626 in
2173 2573 2304 2628 locis
2335 2589 2363 2626 a
2401 2573 2627 2628 Suicero
2653 2573 2917 2638 allegatis.
2947 2574 3369 2627 Alexandrinam
3397 2588 3521 2628 esse

1945 2665 2235 2718 verisimile
2275 2674 2360 2719 est
2405 2680 2590 2719 vocem
2642 2665 2862 2737 οὐρανοὶ
2895 2681 2960 2719 eo
3009 2681 3170 2721 sensu
3220 2676 3518 2736 acceptam,

1949 2772 2057 2826 quo
2080 2759 2316 2810 occurrit
2353 2773 2474 2827 pag.
2520 2755 2648 2820 20L
2697 2769 2753 2810 ut
2809 2759 3002 2810 ibidem
3041 2759 3291 2810 iudicavi.
3330 2755 3518 2828 [ςινιι]

1947 2845 2364 2899 Alexandrinam
2414 2847 2598 2900 itidem
2648 2863 2770 2902 esse
2821 2849 3052 2916 i-onjicio
3102 2864 3288 2902 vocem
3339 2847 3518 2910 ἁδεῖα.

1949 2950 2067 3003 qua:
2107 2935 2299 3005 legitur
2328 2951 2449 3005 pag.
2507 2933 2596 3006 ὅθι,
2653 2953 2921 3006 quamque
2976 2939 3043 2992 ab
3106 2940 3402 2993 Athanasio
3469 2942 3526 2992 in

1949 3028 2262 3096 fragmentis
2296 3033 2804 3082 comruentariorum
2839 3031 2890 3082 in
2916 3028 3225 3084 Matthwum
3258 3047 3378 3100 pag.
3416 3031 3525 3086 510

1962 3130 2091 3172 tom.
2128 3118 2171 3172 II
2198 3119 2530 3176 Collectionis
2560 3138 2699 3173 novre
2715 3121 3199 3175 llIotfauroniaum
3231 3124 3524 3176 adhibitam

1960 3212 2193 3267 invenio.
2230 3213 2492 3282 Denique,
2525 3229 2590 3268 ne
2614 3213 2818 3283 singula
2861 3230 3173 3284 persequar,
3208 3216 3529 3270 Alexandri-

1958 3323 2080 3359 nam
2112 3305 2532 3375 quodammodo,
2571 3323 2756 3376 parum
2803 3309 3012 3362 scilicet
3044 3309 3367 3376 elegantem,
3417 3309 3530 3363 dia-

1957 3399 2153 3452 lectunt
2196 3399 2437 3454 redolent
2467 3400 2616 3467 plura
2654 3414 2716 3452 ex
2748 3400 3041 3464 vocabulis,
3073 3416 3192 3469 quae
3222 3399 3274 3453 in
3312 3397 3525 3455 συνίεσα-

1959 3508 2073 3543 rum
2103 3509 2285 3544 cocum
2320 3490 2499 3545 Indice
2547 3509 2574 3544 a
2608 3508 2689 3544 me
2719 3494 2970 3545 adnotata
3016 3503 3161 3552 sunt.
3202 3509 3262 3548 ei
3309 3495 3526 3561 potissi-

1960 3599 2105 3637 mum
2153 3583 2428 3649 videlicet,
2479 3599 2600 3654 quae
2646 3583 2940 3637 fastidiosae
2992 3599 3172 3647 aures,
3222 3586 3526 3640 Atticorum

1957 3676 2450 3744 elegantiorumque
2485 3675 2713 3729 aliorum
2751 3675 3074 3743 scriptorum
3125 3677 3262 3748 stylo
3297 3689 3527 3734 assueta:

1957 3767 2100 3820 ferre
2124 3767 2210 3819 vix
2243 3778 2482 3836 possunt.

2030 3858 2396 3912 Alexandrino
2466 3867 2723 3927 praeterea
2796 3861 3044 3929 scriptori
3109 3862 3340 3915 maxime
3399 3878 3528 3916 con-

1958 3962 2157 4020 gruunt
2191 3967 2310 4020 qua:
2364 3950 2588 4021 legimus
2632 3967 2752 4019 pag.
2790 3950 2888 4004 201
2929 3973 2942 4005 ;
2977 3951 3087 4006 Nec
3139 3970 3224 4007 eos
3249 3954 3409 4022 piget,
3447 3955 3528 4007 in-

1959 4043 2096 4113 quit,
2231 4042 2443 4112 pelagus
2493 4043 2772 4113 (πὲλαγος)
2825 4044 3087 4113 trajicere,
3137 4063 3198 4098 ac
3247 4048 3527 4100 multorum

1958 4138 2197 4202 deinceps
2225 4137 2427 4187 dierum
2484 4135 2584 4187 iter
2735 4136 2996 4203 perﬁcere.
3031 4134 3101 4190 Ut
3124 4137 3264 4190 enim
3301 4146 3530 4192 testatur

1960 4227 2177 4290 Strabo,
2208 4226 2302 4282 lib.
2333 4242 2464 4289 xvu,
2498 4243 2551 4295 p.
2588 4226 2714 4291 545,
2767 4228 3022 4294 πέλαγος.
3065 4243 3157 4282 seu
3191 4229 3405 4299 pelagus
3433 4247 3528 4285 vo-

1959 4322 2183 4375 cabatur
2221 4335 2340 4373 cum
2376 4319 2747 4390 [Egyptiacunt
2790 4337 2956 4385 mare,
2996 4330 3104 4372 tum
3142 4323 3291 4389 palus
3320 4322 3528 4378 Mareo-

1962 4417 2051 4478 tis,
2109 4429 2334 4483 quorum
2397 4412 2524 4465 illud
2573 4427 2602 4465 a
2672 4412 3068 4480 Septentrioue,
3125 4416 3235 4468 haec
3280 4432 3307 4468 a
3354 4419 3530 4471 meri-

3064 4520 3078 4556 :
3132 4519 3232 4571 qua
3263 4505 3328 4557 de
3366 4521 3527 4561 causa

1957 4598 2198 4653 eamdem
2262 4596 2532 4663 regionem
2582 4596 2775 4648 ibidem
2838 4595 2969 4647 dicit
3011 4594 3380 4664 ἀμφίκλυστον
3411 4597 3530 4650 δυσὶ

1960 4690 2256 4757 πελάγεσι,
2317 4688 2366 4740 id
2415 4695 2527 4748 est,
2585 4702 2700 4754 qua:
2745 4686 2945 4737 duobus
3007 4685 3204 4755 pelagis
3258 4689 3480 4739 alluitur
3511 4703 3532 4740 :

1961 4782 2335 4837 Alexandriam
2366 4793 2493 4831 vero
2535 4777 2682 4828 urbis
2709 4776 2771 4827 τὸ
2823 4776 3082 4846 παράλιον
3120 4777 3306 4849 μέρος,
3369 4779 3417 4829 id
3450 4785 3532 4830 est

1963 4885 2163 4939 partem
2196 4871 2248 4920 in
2277 4883 2368 4920 ora
2403 4866 2670 4918 maritima
2721 4864 2897 4928 sitam,
2935 4865 3030 4920 lib.
3084 4881 3117 4918 ll
3158 4879 3338 4919 contra
3368 4867 3530 4933 Apio-

1963 4979 2097 5028 nem,
2124 4977 2289 5028 segni.
2315 4958 2366 5022 4,
2399 4956 2661 5025 Josephus
2684 4965 2962 5010 memorat.
2985 4956 3122 5023 Qniu
3150 4959 3310 5011 etiam
3333 4961 3534 5024 optime

1964 5053 2016 5106 in
2053 5051 2472 5104 Alexandrinum
2501 5049 2805 5118 theologum
2845 5052 3111 5118 quadraut
3143 5065 3262 5102 cum
3294 5066 3378 5112 ea,
3413 5062 3534 5118 quae

1967 5158 2082 5212 pag.
2112 5142 2215 5195 598
2241 5142 2394 5194 docet
2432 5152 2621 5193 auctor
2647 5151 2834 5195 noster
2857 5141 2922 5194 de
2947 5141 3255 5209 quotidiana
3293 5141 3534 5205 corporis

1969 5245 2022 5286 et
2049 5232 2324 5300 sanguinis
2353 5231 2561 5284 Domini
2609 5232 3006 5296 communione,
3039 5241 3096 5285 ut
3152 5232 3221 5286 ibi
3250 5233 3532 5300 adnotavi,

1972 5333 2084 5378 tum
2119 5324 2226 5388 illa,
2279 5339 2396 5392 qua:
2437 5323 2504 5378 de
2531 5323 2840 5391 quotidiana
2890 5323 3141 5394 baptismi
3191 5324 3532 5379 administra-

1974 5415 2116 5467 tione
2141 5415 2349 5476 scribit,
2386 5412 2643 5466 ntvidere
2676 5411 2820 5477 licet,
2863 5429 2985 5482 pag.
3011 5411 3138 5476 273,
3167 5423 3279 5466 not.
3313 5412 3380 5478 I;
3423 5422 3534 5467 tum

1970 5506 2131 5558 etiam
2157 5519 2276 5572 quae
2306 5504 2370 5556 de
2416 5504 2824 5557 ambitiosorum
2878 5505 3113 5558 dissidiis
3145 5504 3379 5574 attingit,
3411 5519 3533 5574 pag.

1970 5595 2094 5659 508,
2131 5609 2357 5666 quaeque
2382 5595 2447 5650 dc
2474 5596 2718 5650 oratione
2755 5596 3017 5652 Manassis
3050 5598 3238 5661 sensit,
3279 5611 3441 5667 quam
3479 5603 3539 5648 ut
