4030 6408
425 262 523 324 151
1922 269 2012 324 DE
2051 293 2053 325 ι

2160 270 2310 328 ιΥΜΟ
3647 264 3753 323 152

427 397 598 440 sacrae
631 378 930 451 Scriptura:
992 396 1238 452 partem
1290 393 1424 446 citat
1493 405 1614 460 pag.
1647 389 1786 454 599;
1823 397 1933 444 tum
1965 391 2058 443 de-
2087 398 2132 451 Α
2164 391 2310 442 vium
2379 398 2434 443 et
2468 387 2868 455 Alexandrum,
2923 389 3172 458 sequitur
3220 384 3507 440 lectionem
3550 385 3752 435 codicis

434 490 606 537 ιιιιιηι,
634 475 776 544 quod
815 489 943 541 pag.
984 476 1109 533 184
1137 484 1578 553 cosmographum
1613 490 1768 534 vocet
1794 479 2054 549 Moysem,
2163 477 2548 532 Alexandrini.
2590 475 2724 531 Nam
2761 495 2884 532 cum
2940 478 2992 532 itt
3024 475 3259 546 Epistula
3293 475 3311 530 l
3375 478 3440 526 ad
3469 473 3594 527 Cor.
3629 490 3746 540 cap.

434 567 633 622 librum
666 565 881 620 scilicet
937 567 1262 640 Genescos,
1301 586 1359 630 ut
1414 584 1561 643 pttto,
1612 573 1924 642 respiciens,
1966 573 2057 639 qui
2165 584 2254 633 xv,
2291 582 2438 622 vers.
2467 569 2558 633 51,
2619 553 2807 624 Grmca
2847 569 3017 624 Biblia
3073 570 3306 623 habeant
3345 585 3357 620 :
3413 565 3604 620 Omnes
3634 567 3753 630 qui-

436 655 492 708 in
551 655 740 707 Codice
787 655 1213 727 Alexandrino,
1266 673 1321 718 et
1360 681 1386 717 a
1419 663 1663 725 Philone,
1721 674 1884 729 atquc.
1932 661 2058 716 Cle-
2161 660 2279 712 dem
2308 675 2416 712 non
2457 660 2802 724 dormiemus,
2846 663 2936 714 sed
2965 676 3141 714 omnes
3170 657 3600 717 intmutabimnr;
3655 670 3748 709 co-

438 755 620 798 mente
666 745 1079 806 Alexandrinis
1130 754 1449 808 inscribitur
1477 754 1688 822 γένεσις
1714 751 1944 822 κόσμου.
2007 753 2058 807 id
2162 753 2266 808 dex
2299 768 2432 807 vero
2478 753 2904 819 Alexandrinus,
2939 753 3024 807 cui
3057 749 3326 806 consentit
3359 749 3568 822 vulgata
3604 747 3752 802 Lati-

439 847 544 900 cst,
574 836 721 905 origo
754 841 975 906 mundi,
1035 854 1096 898 ut
1124 856 1308 900 monet
1355 847 1437 899 vir
1483 845 1696 900 clariss.
1747 843 2059 901 hlazochius
2162 861 2230 900 na
2267 845 2574 909 translatio,
2631 845 2826 902 habeat
2863 864 2878 900 :
2917 844 3110 900 Omnes
3146 845 3354 914 quidem
3403 842 3747 901 dormiemns,

442 929 601 984 initio
635 928 948 1003 Spicilegii.

513 1021 785 1076 Omnibus
846 1026 1004 1080 hisce
1063 1026 1395 1098 coniecturis
1421 1027 1549 1080 illud
1595 1027 1823 1096 insuper
1856 1027 2058 1098 adjun-

443 1113 682 1184 gendtnn
739 1126 846 1178 est,
905 1120 1054 1187 quod
1103 1137 1133 1172 a
1191 1119 1440 1188 theologo
1503 1130 1690 1174 nostro
1723 1120 1795 1174 ita
1855 1121 2057 1189 passim

448 1204 775 1274 Scripturas
810 1209 1041 1282 allegari
1075 1212 1504 1275 observaverim,
1549 1223 1602 1265 ιιι
1627 1213 2056 1268 Alexandrinum

447 1310 511 1352 se
537 1298 760 1365 prodat.
819 1299 875 1353 ld
920 1311 1102 1354 autem
1145 1301 1388 1371 pluribus
1431 1303 1605 1357 modis
1636 1301 1888 1357 ostendo.
1921 1302 2057 1358 Nam

455 1391 639 1459 primo
663 1392 756 1446 ttbi
783 1391 948 1447 lectio
972 1392 1174 1448 Graecm
1203 1393 1462 1448 editionis
1504 1394 1607 1447 alia
1645 1408 1729 1449 est
1762 1411 1791 1447 a
1827 1395 2059 1448 lcctiolte

453 1481 693 1548 vulgatae
731 1483 944 1572 Latitpe
976 1483 1369 1547 translationis,
1415 1486 1716 1552 saepissime
1748 1498 1937 1540 auctor
1971 1501 2061 1540 no-

457 1585 574 1629 ster
626 1591 748 1628 eam
789 1577 1041 1645 sequitur
1104 1576 1412 1638 lcetionem,
1472 1593 1635 1645 quam
1705 1588 1925 1632 secutus
1975 1589 2059 1634 est

458 1667 717 1736 vulgatus
748 1669 1043 1738 interpres.
1080 1670 1149 1724 At
1197 1686 1322 1725 vero
1359 1669 1784 1724 Alexandrinum
1817 1673 2056 1725 codicem

2160 939 2252 993 sed
2280 955 2384 993 non
2415 955 2593 993 omnes
2645 939 3041 994 immntabimnr
3097 955 3116 993 :
3159 939 3414 1008 Didymus
3461 946 3751 1004 utramque

2163 1029 2238 1086 ibi
2273 1031 2495 1100 quidem
2525 1030 2809 1084 lectionem
2841 1039 3129 1094 memorat,
3152 1029 3245 1083 sed
3270 1026 3562 1081 secundam
3591 1021 3750 1076 alteri

2162 1121 2465 1190 anteponit,
2519 1135 2583 1174 ac
2620 1119 2889 1190 sequitur.
2935 1120 3069 1174 Cum
3126 1120 3306 1187 itaque
3351 1124 3538 1172 noster
3585 1114 3749 1166 etiam

2169 1210 2453 1279 theologus
2490 1207 2786 1279 Scriptura:
2850 1210 2964 1264 loca
3021 1211 3091 1266 ita
3124 1207 3347 1278 alleget,
3398 1214 3456 1258 ut
3516 1204 3569 1260 in
3607 1203 3752 1256 illius

2161 1302 2579 1374 allegationibus
2625 1312 2678 1354 et
2710 1301 3073 1357 additamenta
3113 1309 3406 1355 occurrant
3439 1295 3752 1364 aliquando,

2161 1404 2215 1447 et
2239 1394 2439 1464 passim
2475 1392 2958 1446 Alcxamlrinarum
2995 1391 3430 1446 membranarum
3478 1387 3748 1442 lectiones

2162 1496 2444 1554 sequatur,
2477 1485 2902 1541 Alexandrinum
2935 1487 3036 1542 hac
3056 1486 3222 1540 etiam
3259 1483 3311 1539 in
3339 1497 3395 1537 re
3427 1481 3750 1551 scriptorem

2162 1581 2529 1650 agnoscimus.

2235 1669 2306 1724 Et
2347 1672 2493 1739 quod
2525 1681 2737 1742 spectat
2787 1669 3005 1740 quidem
3059 1666 3124 1720 ad
3159 1666 3545 1729 additamenta,
3589 1666 3656 1718 de
3685 1661 3753 1719 iis

459 1761 767 1828 smpissime
798 1776 921 1816 cum
961 1762 1177 1830 vulgato
1217 1763 1571 1827 concordare,
1625 1771 1851 1816 testatur
1882 1763 2057 1816 Situo-
2092 1785 2134 1840 Β
2161 1776 2284 1816 cum
2311 1762 2363 1818 in
2396 1765 2560 1827 notis,
2599 1775 2709 1819 tum
2746 1764 2797 1818 in
2827 1777 3000 1816 rerum
3034 1759 3218 1812 Indice
3251 1758 3317 1812 ad
3351 1771 3539 1812 vocem
3577 1757 3750 1810 Addi-

463 1853 588 1908 nius
644 1854 697 1907 in
737 1853 1130 1907 Dissertatione
1179 1855 1244 1907 de
1283 1855 1666 1923 manuscriptis
1714 1853 1847 1907 Novi
1874 1853 2059 1908 Testa-

465 1947 634 2000 menti
667 1946 967 2009 codicibus,
1029 1960 1152 2013 pag.
1191 1945 1280 2001 6|.
1335 1945 1541 2002 Deinde
1584 1946 1946 2001 Alexandrina
1973 1963 2060 2000 sa-

466 2053 688 2092 crorum
749 2037 1046 2090 Bibliorum
1098 2037 1426 2107 exemplaria
1467 2054 1572 2092 non
1616 2038 1838 2092 omnino
1875 2052 2061 2092 emen-

465 2130 616 2189 data,
649 2130 746 2183 sed
778 2129 1164 2184 additamentis
1189 2130 1511 2200 quibusdam
1544 2141 1698 2184 aucta
1735 2130 1905 2184 fuisse
1934 2147 2060 2184 con-

468 2233 580 2277 stat
626 2238 692 2275 ex
732 2221 1046 2292 HierOnymi
1099 2223 1236 2279 libro
1276 2240 1362 2278 xw
1417 2224 1473 2277 in
1526 2221 1749 2286 Isaiam,
1807 2233 1936 2278 ιοιιι.
1970 2221 2056 2286 IV,

467 2331 595 2387 pag.
631 2315 736 2371 696
763 2315 1019 2370 editionis
1065 2315 1415 2372 Veronensis.
1481 2317 1554 2372 lbi
1591 2319 1734 2372 enim
1772 2327 2056 2387 postquam

465 2409 794 2464 versiculum
836 2410 1180 2465 undecimum
1215 2412 1407 2482 capitis
1434 2427 1566 2465 Lvm
1617 2413 1696 2466 sic
1735 2412 1938 2475 attulit,
2003 2419 2058 2476 qt

469 2501 524 2554 in
559 2501 867 2556 emendatis
894 2499 1037 2555 LXX
1097 2501 1452 2570 lnterpretum
1479 2504 1880 2572 exemplaribus
1911 2509 2058 2572 lege.

470 2591 653 2657 batur,
693 2596 806 2646 haec
835 2590 1052 2659 subjieit
1081 2607 1096 2646 :
1137 2610 1155 2642 ι
1179 2592 1330 2659 Quod
1377 2593 1428 2645 in
1459 2592 1846 2648 Alexandrinis
1875 2607 2059 2646 exem-

471 2683 714 2753 plarihus
774 2682 826 2736 in
883 2682 1152 2752 principio
1201 2683 1360 2752 hujus
1389 2683 1606 2752 capituli
1637 2685 1877 2737 additum
1928 2693 2054 2738 est:

474 2773 545 2828 Et
586 2775 760 2829 adhuc
789 2775 841 2828 in
866 2786 919 2830 te
944 2775 1042 2828 erit
1076 2775 1193 2829 laus
1230 2792 1344 2829 mea
1370 2783 1606 2845 semper;
1635 2786 1690 2831 et
1725 2778 1776 2830 in
1803 2776 1908 2832 line
1935 2793 1948 2830 :
1992 2776 2056 2828 Et

467 2885 588 2923 ossa
612 2879 702 2920 tua
725 2869 878 2937 quasi
900 2868 1061 2920 herba
1102 2869 1336 2922 orientur
1453 2869 1504 2923 in
1538 2868 1808 2924 llebraico
1833 2887 1938 2924 non
1971 2870 2057 2923 ha-

466 2961 689 3023 bentur,
724 2961 907 3015 sedne
933 2960 986 3014 in
1014 2961 1363 3030 Septuaginta
1393 2961 1616 3030 quidem
1641 2962 1965 3027 emendatis,
2003 2971 2058 3017 et

466 3052 614 3106 veris
672 3051 1141 3121 exemplaribus.»
1217 3051 1482 3106 Nimirum
1537 3063 1650 3108 tres
1710 3053 2052 3123 potissimum

2163 1864 2416 1921 lamenta,
2446 1857 2703 1912 lectorem
2732 1857 2936 1911 monui.
2967 1855 3122 1922 Quod
3151 1868 3281 1908 vero
3303 1852 3368 1904 ad
3395 1850 3594 1907 codicis
3626 1850 3753 1906 Alo-

2161 1949 2418 2003 xandrini
2471 1949 2734 2010 lectiones
2767 1950 2984 2012 attinet,
3042 1947 3288 2018 pluribus
3315 1943 3577 2012 exemplis
3605 1941 3752 2012 quod

2162 2040 2271 2095 dixi
2325 2042 2758 2097 conﬁrmandum
2791 2053 2874 2096 est
2910 2059 2924 2094 :
2961 2041 3005 2096 si
3069 2040 3154 2094 cui
3187 2054 3318 2092 vero
3369 2038 3420 2092 id
3464 2036 3748 2091 molestum

2164 2131 2406 2186 futurum
2435 2135 2530 2202 sit,
2594 2136 2636 2188 is
2669 2135 2857 2188 eadem
2896 2133 3237 2202 prmteriens,
3271 2133 3336 2184 ad
3376 2140 3596 2194 cretera,
3629 2142 3753 2196 qua:

2161 2225 2468 2294 subjiciam,
2540 2227 2830 2282 transiliat.
2892 2224 3079 2294 Itaque
3115 2225 3308 2294 primo,
3369 2221 3422 2274 in
3454 2220 3624 2290 Epist.
3683 2219 3752 2274 ad

2159 2319 2392 2389 Philipp.
2431 2336 2516 2382 ιιι.
2554 2321 2608 2383 8,
2638 2320 2825 2374 Graeca
2876 2319 3046 2374 Biblia
3110 2317 3330 2381 habent,
3364 2313 3600 2388 Χριστοῦ
3647 2315 3754 2385 Ἰη-

2162 2411 2257 2464 σοῦ
2283 2411 2378 2466 τοῦ
2411 2411 2618 2483 Κυρίου
2649 2429 2749 2483 μου
2777 2428 2789 2439 ο
2845 2413 3010 2465 codex
3068 2407 3463 2463 Alexandrinus
3511 2422 3608 2474 pro
3647 2421 3749 2476 μου

2162 2507 2323 2560 habet
2345 2505 2505 2576 ἡμῶν
2549 2522 2562 2534 ·
2596 2514 2778 2558 noster
2837 2518 2967 2557 vero
3000 2500 3282 2568 theologus
3314 2499 3456 2552 hunc
3481 2497 3748 2566 sequitur,

2160 2613 2284 2669 pag.
2309 2599 2364 2652 5.
2399 2595 2670 2661 Secundo,
2705 2595 2756 2648 in
2783 2594 2878 2662 Ep.
2913 2595 2977 2644 ad
3000 2591 3121 2647 Gal.
3159 2608 3220 2656 It,
3247 2590 3334 2655 16,
3363 2589 3533 2642 Biblia
3559 2587 3749 2644 Graeca

2160 2689 2383 2756 habent,
2417 2688 2554 2742 διότι
2587 2689 2648 2741 οὐ
2702 2685 3161 2756 δικαιωθήσεται·
3211 2682 3590 2738 Alexandrinae
3620 2697 3752 2736 vero

2161 2781 2491 2834 membrana:
2553 2796 2650 2848 pro
2699 2778 2831 2831 διότι
2865 2777 3064 2831 habent
3093 2778 3196 2840 ὅτι,
3252 2786 3310 2830 ιιι
3361 2775 3489 2845 legit
3534 2781 3746 2838 auctor,

2160 2871 2353 2941 pag.4.
2391 2871 2595 2936 Tertio,
2618 2869 2921 2938 inead.Ep.
2944 2885 3002 2932 ιι,
3032 2867 3115 2932 14,
3137 2867 3321 2922 Graeca
3342 2867 3510 2920 Biblia
3547 2863 3751 2920 habent

2160 2964 2353 3034 Πέτρῳ
2380 3005 2394 3028 ,
2432 2965 2600 3017 codex
2636 2962 2788 3015 Alex.
2853 2961 3018 3032 κηφᾷ,
3079 2971 3135 3014 ιιι
3168 2971 3358 3014 auctor
3384 2967 3588 3026 noster,
3622 2973 3746 3030 pag.

2162 3054 2265 3109 168
2294 3065 2347 3110 et
2377 3055 2501 3110 587.
2535 3055 2761 3120 Quarto,
2819 3054 2870 3110 in
2903 3053 3000 3122 Ep.
3035 3051 3100 3106 ad
3143 3049 3312 3106 llebr.
3342 3067 3461 3118 ιιιι,
3491 3052 3545 3116 9,
3575 3050 3750 3104 Biblia

466 3153 628 3199 erant
678 3143 883 3215 Didymi
929 3151 1092 3199 aetate
1149 3145 1416 3199 versionis
1464 3142 1608 3198 LXX
1686 3144 2050 3213 lnterpretum
2079 3130 2120 3186 (ἶ
2156 3146 2341 3203 Graeca
2374 3147 2573 3202 habent
2603 3145 3000 3219 περιφέρεσθε,
3055 3155 3247 3200 auctor
3297 3155 3498 3205 noster,
3533 3158 3654 3215 pag.
3690 3145 3748 3208 6,

466 3237 756 3300 editiones,
785 3247 840 3290 ut
882 3251 978 3290 nos
1012 3239 1170 3291 docet
1199 3237 1311 3305 ipse
1345 3235 1703 3307 Hieronymus
1743 3235 1969 3306 Prologo
1998 3238 2053 3289 in

471 3327 899 3398 Paralipomena,
955 3345 1048 3384 seu
1090 3329 1227 3383 libro
1270 3344 1309 3382 ιι
1339 3329 1394 3381 in
1446 3327 1720 3398 Ruﬁnum,
1761 3342 1928 3398 segm.
1962 3327 2051 3391 27,

467 3431 600 3474 tom.
636 3420 699 3488 ll,
725 3436 844 3490 pag.
881 3421 1006 3484 521,
1043 3422 1129 3476 ubi
1164 3422 1277 3475 haec
1299 3420 1487 3476 scribit
1520 3438 1534 3474 :
1584 3420 1645 3475 Si
1677 3418 1825 3474 LXX
1876 3419 2055 3474 lnter-

465 3522 673 3581 pretum
693 3530 851 3582 pura,
880 3527 927 3568 et
975 3527 1028 3567 ut
1059 3517 1122 3567 ab
1149 3517 1222 3568 eis
1273 3515 1330 3567 in
1357 3510 1598 3568 Cracum
1621 3529 1768 3566 versa
1791 3522 1864 3566 est
1892 3511 2054 3564 editio

464 3618 811 3674 permaneret,
837 3608 1096 3677 super/lue
1122 3623 1266 3660 me...
1289 3605 1601 3675 impelleres,
1627 3614 1680 3658 ut
1705 3605 1797 3656 tibi
1833 3603 2053 3658 llebrtea

465 3701 732 3752 volumina
760 3697 948 3752 Latino
980 3715 1215 3752 sermone
1262 3698 1602 3765 transferrem
1748 3695 1907 3750 Nunc
1935 3713 2053 3750 vero

465 3807 584 3843 cum
611 3806 706 3857 pro
734 3791 984 3844 varietate
1007 3792 1275 3860 regionum
1299 3791 1505 3844 diversa
1531 3790 1772 3858 ferantur
1791 3789 2049 3856 exempla-

466 3883 640 3946 ria,...
675 3883 1018 3944 Alexandria,
1061 3894 1107 3935 et
1158 3880 1424 3952 ngyptus
1464 3881 1520 3934 in
1572 3879 1920 3951 Septuaginta
1942 3881 2053 3934 suis

469 3974 792 4045 llesychium
826 3973 1010 4024 laudat
1042 3981 1332 4038 auctorem,
1378 3970 1860 4040 Constantinopolis
1894 3988 2053 4039 usque

469 4071 537 4120 ad
570 4069 903 4122 Antiochiam
941 4065 1163 4120 Luciani
1213 4067 1460 4134 martyris
1497 4065 1819 4133 exemplaria
1843 4065 2049 4131 probat.

469 4159 664 4228 Media:
691 4161 827 4214 inter
855 4161 947 4212 llas
973 4159 1255 4224 provincia:
1288 4156 1602 4209 Palwstinos
1624 4155 1824 4208 codices
1852 4154 2050 4222 legunt,

465 4267 594 4319 quos
625 4256 689 4302 ab
718 4249 943 4320 Origene
980 4247 1276 4302 elaboratos
1309 4245 1587 4310 Eusebius,
1643 4257 1693 4298 et
1741 4244 2050 4314 Pamphilus

466 4343 880 4414 vulgaverant;
930 4353 1162 4412 totusque
1211 4341 1349 4394 orbis
1392 4341 1489 4392 hac
1548 4339 1686 4393 inter
1734 4354 1789 4392 se
1833 4339 2048 4406 trifaria

467 4440 717 4491 uarietate
766 4445 1102 4505 compugnat.
1163 4433 1237 4489 Ita
1270 4432 1650 4501 Hieronymus.
1707 4436 1786 4486 Ac
1858 4447 2044 4487 revera

466 4534 522 4587 in
554 4530 744 4586 codice
794 4529 1186 4591 Alexandrino,
1232 4528 1324 4596 qui
1373 4535 1590 4596 quarto,
1645 4535 1702 4578 ιιι
1741 4525 1928 4593 aliqui,
1959 4535 2054 4587 aut,

466 4621 656 4678 saltem
699 4629 853 4675 sexto
911 4618 1108 4672 saeculo
1169 4628 1422 4672 exaratos
1470 4625 1575 4681 est,
1618 4625 1676 4668 ut
1715 4615 1806 4669 alii
1845 4614 2050 4681 volunt,

467 4713 701 4770 inveniri
731 4712 936 4766 scholia
983 4712 1039 4766 in
1085 4719 1285 4764 textum
1330 4707 1655 4773 introducta,
1695 4725 1816 4762 rara
1841 4709 2052 4775 quidem

464 4807 603 4877 ipsa,
663 4817 936 4876 textusque
985 4821 1099 4859 vere
1125 4802 1450 4876 ἐξηγητικά,
1503 4812 1730 4858 testatur
1769 4802 1963 4856 Millius
1998 4803 2052 4856 in

465 4899 900 4970 Prolegomenis,
929 4913 982 4968 p.
1023 4897 1166 4963 M5;
1231 4897 1515 4965 Didymum
1543 4909 1674 4948 vero
1704 4909 1807 4948 non
1840 4909 2053 4964 semper

465 4995 706 5063 quidem,
759 4992 856 5048 sed
898 4993 1214 5062 plerumque
1249 5000 1430 5044 tamen
1476 4989 1838 5042 Alexandrina
1868 5003 2052 5043 exem-

464 5086 637 5156 plaria
669 5095 916 5138 secutum
967 5097 1088 5137 esse
1119 5096 1226 5135 non
1257 5081 1465 5133 dubito.
1513 5079 1586 5132 lta
1618 5079 1851 5148 exetnpli
1880 5079 2051 5148 gratia

466 5179 520 5231 in
555 5175 1000 5231 Enarrationibus
1057 5175 1124 5228 ad
1155 5185 1318 5243 caput
1364 5191 1380 5229 ι
1412 5173 1663 5244 Epistolas
1691 5173 1878 5241 prima:
1907 5171 2051 5228 Petri

465 5269 599 5324 citat
636 5270 904 5347 psalmum
947 5283 1156 5323 xxxvm
1197 5268 1296 5321 hoc
1340 5269 1498 5324 modo
1539 5266 1894 5336 :Peregrinus
1956 5282 2049 5334 ego

469 5363 753 5431 (mendosa
788 5363 932 5416 enim
963 5372 1047 5416 est
1092 5361 1351 5416 editionis
1385 5360 1566 5426 lectio,
1618 5363 1762 5429 ergo)
1790 5360 1845 5412 in
1885 5369 2046 5412 terra.

465 5455 644 5508 Voces
669 5470 820 5520 vero,
882 5455 938 5507 iu
985 5465 1148 5520 terra,
1194 5453 1444 5522 leguntur
1487 5452 1703 5520 quidem
1767 5451 1819 5505 in
1864 5453 2050 5505 codice

463 5547 860 5610 Alexandrino,
879 5547 973 5601 sed
1006 5548 1202 5600 desunt
1225 5545 1277 5598 in
1305 5543 1492 5599 Graeca
1511 5542 1807 5596 Bibliorum
1839 5540 2054 5614 [XVIIII

465 5637 725 5688 editione.
772 5637 946 5690 Simili
983 5637 1143 5690 modo
1175 5636 1292 5704 ipse
1343 5633 1604 5702 Didymus
1637 5632 1690 5685 in
1720 5633 2045 5702 fragmento,

465 5725 609 5795 quod
640 5724 795 5780 all'crt
848 5725 1209 5796 Hieronymus
1238 5726 1292 5781 in
1326 5724 1552 5795 cpistola
1591 5723 1693 5778 119
1743 5723 1808 5778 ad
1851 5723 2044 5780 Miner-

2160 3248 2215 3293 et
2256 3239 2426 3292 codex
2483 3239 2889 3293 AleXandrinus
2939 3237 3348 3310 παραφέρεσθε.
3404 3236 3624 3303 Quinto,
3693 3236 3748 3289 in

2160 3330 2258 3398 Ep.
2293 3328 2312 3381 l
2341 3333 2408 3386 ad
2435 3331 2559 3386 C0r.
2584 3345 2703 3393 vtlt,
2736 3330 2792 3396 2,
2821 3331 3006 3386 (ἐι-αισι
3041 3330 3209 3384 Biblia
3255 3331 3475 3393 habent,
3529 3327 3744 3380 οὐδέπω

2158 3421 2314 3474 οὐδὲν
2347 3421 2590 3489 ἔγνωκε,
2648 3434 2834 3476 auctor
2885 3433 3071 3476 noster
3127 3435 3250 3491 pag.
3284 3419 3338 3486 8,
3381 3421 3580 3474 omissa
3616 3434 3752 3474 voce

2159 3511 2333 3577 οὐδέν,
2361 3512 2508 3584 legit,
2533 3511 2688 3566 οὔπω
2709 3513 2948 3582 ἔγνωκεν
2982 3531 2994 3543 ο
3027 3512 3192 3567 simili
3227 3522 3405 3566 autem
3431 3512 3590 3566 modo
3618 3509 3752 3578 legi-

2161 3612 2249 3658 tur
2272 3604 2325 3658 in
2357 3606 2546 3660 codice
2562 3605 2953 3669 Alexandrino,
2982 3618 3174 3672 nempe
3195 3601 3348 3655 οὔπω
3373 3601 3532 3671 ἔγνω.
3555 3601 3747 3665 Sexto,

2159 3695 2213 3750 in
2255 3696 2354 3770 Ep.
2385 3697 2406 3752 l
2433 3696 2590 3754 Joau.
2626 3714 2663 3763 ι,
2697 3698 2752 3764 5,
2779 3697 2951 3752 Biblia
2977 3696 3162 3753 Graeca
3198 3695 3420 3760 habent,
3465 3693 3750 3763 ἀπαγγέλ-

2158 3787 2323 3859 λομεν
2361 3789 2490 3861 ὑμίν
2516 3833 2530 3854 ,
2579 3801 2769 3845 auctor
2830 3799 3016 3845 noster
3056 3803 3177 3858 pag.
3205 3791 3296 3853 21,
3337 3797 3392 3843 et
3433 3789 3599 3842 codex
3622 3788 3746 3842 Ale-

2158 3883 2483 3948 xandrinus,
2506 3882 2922 3953 ἀπαγγέλλομεν
2970 3882 3065 3935 καὶ
3099 3883 3250 3952 ὑμῖν.
3301 3881 3562 3952 Septimo,
3596 3882 3741 3953 apud

2163 3973 2427 4030 Joannem
2463 3993 2503 4043 t,
2540 3976 2628 4040 18,
2691 3976 2876 4031 Graeca
2909 3975 3076 4029 Biblia
3111 3973 3332 4040 habent,
3389 3975 3418 4026 ὁ
3452 3974 3746 4047 μονογενὴς

2161 4068 2325 4133 Υἱός,
2357 4078 2546 4123 auctor
2595 4079 2780 4123 noster
2813 4084 2934 4139 pag.
2973 4066 3040 4122 76
3091 4077 3147 4122 et
3177 4067 3302 4122 alibi
3335 4069 3480 4138 legit,
3516 4068 3546 4120 ὁ
3586 4084 3748 4139 μονο-

2155 4158 2318 4231 γενὴς
2344 4159 2496 4224 Θεός,
2562 4175 2666 4227 quo
2696 4162 2854 4214 modo
2881 4160 3008 4228 legit
3035 4161 3295 4232 Origenes
3322 4161 3744 4229 Alexandrinus,

2161 4263 2222 4308 ut
2256 4255 2440 4308 monui
2493 4269 2615 4324 pag.
2658 4252 2746 4318 76,
2783 4263 2895 4310 not.
2927 4253 2979 4307 5.
3033 4255 3260 4318 Octavo,
3293 4255 3346 4308 in
3390 4255 3485 4324 Ep.
3517 4252 3632 4308 Jac.
3668 4270 3743 4321 Iv,

2165 4345 2254 4412 12,
2282 4345 2469 4402 Graeca
2509 4346 2676 4400 Biblia
2713 4356 2902 4400 carent
2933 4347 3156 4402 vocibus
3183 4348 3279 4400 καὶ
3306 4351 3528 4418 scpis-1);;
3565 4359 3618 4399 at
3645 4363 3742 4400 no-

2155 4445 2268 4490 ster
2293 4447 2485 4490 auctor
2513 4435 2603 4489 illa
2640 4435 2768 4506 legit
2794 4451 2914 4505 pag.
2942 4435 3034 4501 27,
3063 4446 3120 4490 ιιι
3144 4446 3201 4490 et
3224 4437 3392 4490 codex
3425 4438 3748 4490 Alexandri-

2160 4543 2281 4584 nus.
2315 4526 2488 4591 Nono,
2523 4528 2574 4581 in
2607 4529 2702 4596 Ep.
2731 4531 2797 4582 ad
2843 4529 3008 4584 llebr.
3038 4546 3074 4594 ι.
3114 4532 3168 4594 1,
3221 4529 3408 4584 Graeca
3440 4530 3614 4584 Biblia
3645 4532 3746 4584 ha-

2157 4619 2284 4676 bent
2311 4620 2398 4671 ἐπ’
2429 4619 2700 4689 ἐσχάτων,
2766 4631 2957 4674 auctor
2989 4637 3118 4676 vero
3172 4633 3356 4676 noster
3399 4639 3517 4692 pag.
3550 4622 3643 4683 55,
3691 4634 3748 4678 et

2156 4712 2276 4768 cod.
2307 4711 2460 4764 Alex.
2521 4713 2606 4762 ἐπ’
2637 4711 2890 4781 ἐσχάτου.
2933 4713 3171 4776 Decimo,
3232 4714 3284 4766 in
3319 4713 3416 4783 Ep.
3449 4714 3515 4769 ad
3542 4713 3741 4781 Ephes.

2159 4817 2242 4865 tu,
2279 4802 2366 4866 14,
2403 4801 2573 4856 Biblia
2605 4804 2792 4858 Graeca
2854 4805 3075 4869 habent,
3130 4805 3350 4876 Πατέρα
3382 4804 3476 4858 τοῦ
3531 4805 3745 4876 Κυρίου

2155 4894 2312 4966 ἡμῶν
2341 4894 2519 4966 Ἰησοῦ
2547 4896 2782 4967 Χριστοῦ
2809 4938 2824 4960 ,
2893 4898 3068 4952 codex
3113 4898 3436 4961 Alexandr.,
3467 4907 3522 4950 et
3552 4909 3746 4952 auctor

2154 5000 2361 5051 noster,
2386 5003 2510 5058 pag.
2545 4986 2631 5051 l9,
2657 4989 2908 5042 omittunt
2939 4989 3120 5042 omnia
3147 4989 3258 5042 haec
3287 4989 3472 5051 verba,
3503 4987 3600 5043 τοῦ
3630 4989 3745 5042 Κυ-

2157 5080 2272 5150 ρίου
2307 5080 2464 5151 ήμῶν
2497 5079 2669 5151 Ἰησοῦ
2723 5079 2980 5151 Χριστοῦ.
3045 5079 3362 5144 Undecimo,
3423 5080 3476 5134 in
3526 5079 3650 5135 Act.
3685 5096 3740 5139 v.

2153 5175 2250 5240 5‘2,
2280 5173 2470 5228 Graeca
2504 5173 2672 5226 Biblia
2703 5175 2901 5229 habent
2956 5171 3124 5226 αὐτοῦ
3181 5173 3458 5243 μάρτυρες
3479 5187 3491 5199 ·
3548 5182 3745 5226 auctor

2153 5277 2338 5320 noster
2377 5281 2498 5336 pag.
2533 5266 2602 5320 55
2643 5266 2848 5319 omittit.
2893 5280 3082 5318 vocem
3126 5263 3313 5327 αὑτοῦ,
3348 5276 3406 5316 ιιι
3461 5263 3584 5318 cod.
3614 5262 3740 5318 Αισ

2151 5359 2471 5414 xaudrinus.
2515 5357 2867 5422 Duodecimn,
2923 5357 2976 5410 in
3037 5358 3132 5426 Ep.
3164 5358 3229 5409 ad
3284 5355 3519 5425 Philipp.
3554 5371 3639 5420 tu,
3680 5355 3738 5422 5,

2151 5450 2320 5505 Biblia
2346 5449 2532 5505 Graeca
2561 5453 2780 5512 habent,
2838 5449 3114 5518 Πνεύματι
3149 5447 3297 5518 Θεῷ·
3331 5459 3522 5506 auctor
3550 5458 3742 5504 noster

2150 5543 2293 5599 hanc
2322 5543 2608 5598 lectionem
2634 5544 2882 5597 vitiosam
2908 5559 3025 5598 esse
3053 5543 3333 5598 contendit
3363 5558 3486 5613 pag.
3510 5541 3638 5608 246,
3673 5559 3743 5599 ac

2151 5635 2281 5705 legit
2307 5634 2586 5706 Πνεῦματι
2625 5635 2760 5687 Θεοῦ
2792 5676 2807 5702 ,
2867 5651 2972 5704 quo
3004 5636 3164 5690 modo
3227 5635 3426 5702 legitur
3472 5643 3527 5688 et
3555 5633 3609 5688 in
3647 5650 3744 5688 co-

2151 5728 2269 5782 dice
2295 5727 2677 5780 Alcxandrino.
2712 5727 2854 5789 Ilscc,
2908 5728 2958 5780 ni
3005 5727 3177 5791 i‘tllOl‘,
3222 5725 3516 5789 sulliciunl,
3550 5735 3607 5779 ιιι
3636 5743 3738 5796 ap-
