  <div class='ocr_page' id='page_1' title='image "/cluster/home/n/w/nwhite01/storage/ocr_20150623/39/hvd.32044037979440/086.png"; bbox 0 0 4030 6408; ppageno 0'>
   <div class='ocr_carea' id='block_1_1' title="bbox 302 332 407 389">
    <p class='ocr_par' dir='ltr' id='par_1_1' title="bbox 302 332 407 389">
     <span class='ocr_line' id='line_1_1' title="bbox 302 332 407 389; baseline 0 0"><span class='ocrx_word' id='word_1_1' title='bbox 302 332 407 389; x_wconf 66' lang='grc'><strong>153</strong></span> 
     </span>
    </p>
   </div>
   <div class='ocr_carea' id='block_1_2' title="bbox 289 548 1058 617">
    <p class='ocr_par' dir='ltr' id='par_1_2' title="bbox 289 548 1058 617">
     <span class='ocr_line' id='line_1_2' title="bbox 289 548 1058 617; baseline 0.014 -16"><span class='ocrx_word' id='word_1_2' title='bbox 289 548 693 617; x_wconf 79' lang='lat' dir='ltr'><strong>exemplaribus</strong></span> <span class='ocrx_word' id='word_1_3' title='bbox 728 568 887 607; x_wconf 90' lang='lat' dir='ltr'><strong>usum</strong></span> <span class='ocrx_word' id='word_1_4' title='bbox 914 571 1058 613; x_wconf 88' lang='lat' dir='ltr'><strong>esse.</strong></span> 
     </span>
    </p>
   </div>
   <div class='ocr_carea' id='block_1_3' title="bbox 361 637 1871 725">
    <p class='ocr_par' dir='ltr' id='par_1_3' title="bbox 361 637 1871 725">
     <span class='ocr_line' id='line_1_3' title="bbox 361 637 1871 725; baseline 0.019 -35"><span class='ocrx_word' id='word_1_5' title='bbox 361 637 614 707; x_wconf 77' lang='lat' dir='ltr'><strong>Domum,</strong></span> <span class='ocrx_word' id='word_1_6' title='bbox 645 651 701 695; x_wconf 88' lang='lat' dir='ltr'><strong>ut</strong></span> <span class='ocrx_word' id='word_1_7' title='bbox 737 644 875 698; x_wconf 86' lang='lat' dir='ltr'><strong>alias</strong></span> <span class='ocrx_word' id='word_1_8' title='bbox 909 648 1115 703; x_wconf 87' lang='lat' dir='ltr'><strong>mittam</strong></span> <span class='ocrx_word' id='word_1_9' title='bbox 1143 652 1503 720; x_wconf 86' lang='lat' dir='ltr'><strong>conjecturas,</strong></span> <span class='ocrx_word' id='word_1_10' title='bbox 1528 674 1648 725; x_wconf 72' lang='lat' dir='ltr'><strong>quae</strong></span> <span class='ocrx_word' id='word_1_11' title='bbox 1685 659 1871 718; x_wconf 76' lang='lat' dir='ltr'><strong>lectori</strong></span> 
     </span>
    </p>
   </div>
   <div class='ocr_carea' id='block_1_4' title="bbox 282 734 1874 811">
    <p class='ocr_par' dir='ltr' id='par_1_4' title="bbox 282 734 1874 811">
     <span class='ocr_line' id='line_1_4' title="bbox 282 734 1874 811; baseline 0.016 -27"><span class='ocrx_word' id='word_1_12' title='bbox 282 734 501 787; x_wconf 90' lang='lat' dir='ltr'><strong>erudito</strong></span> <span class='ocrx_word' id='word_1_13' title='bbox 545 750 682 802; x_wconf 79' lang='lat' dir='ltr'><strong>Opus</strong></span> <span class='ocrx_word' id='word_1_14' title='bbox 717 736 822 789; x_wconf 79' lang='lat' dir='ltr'><strong>hoc.</strong></span> <span class='ocrx_word' id='word_1_15' title='bbox 883 738 1079 811; x_wconf 87' lang='lat' dir='ltr'><strong>legenti</strong></span> <span class='ocrx_word' id='word_1_16' title='bbox 1141 742 1296 801; x_wconf 78' lang='lat' dir='ltr'><strong>facile</strong></span> <span class='ocrx_word' id='word_1_17' title='bbox 1325 746 1378 801; x_wconf 87' lang='lat' dir='ltr'><strong>itt</strong></span> <span class='ocrx_word' id='word_1_18' title='bbox 1422 761 1654 804; x_wconf 87' lang='lat' dir='ltr'><strong>mentem</strong></span> <span class='ocrx_word' id='word_1_19' title='bbox 1688 758 1874 811; x_wconf 86' lang='lat' dir='ltr'><strong>venire</strong></span> 
     </span>
    </p>
   </div>
   <div class='ocr_carea' id='block_1_5' title="bbox 278 832 1869 914">
    <p class='ocr_par' dir='ltr' id='par_1_5' title="bbox 278 832 1869 914">
     <span class='ocr_line' id='line_1_5' title="bbox 278 832 1869 914; baseline 0.018 -39"><span class='ocrx_word' id='word_1_20' title='bbox 278 832 530 890; x_wconf 80' lang='lat' dir='ltr'><strong>possunt,</strong></span> <span class='ocrx_word' id='word_1_21' title='bbox 568 843 735 881; x_wconf 92' lang='lat' dir='ltr'><strong>unum</strong></span> <span class='ocrx_word' id='word_1_22' title='bbox 766 838 975 885; x_wconf 84' lang='lat' dir='ltr'><strong>tantum</strong></span> <span class='ocrx_word' id='word_1_23' title='bbox 999 832 1116 901; x_wconf 88' lang='lat' dir='ltr'><strong>ejus</strong></span> <span class='ocrx_word' id='word_1_24' title='bbox 1138 836 1317 892; x_wconf 91' lang='lat' dir='ltr'><strong>locum</strong></span> <span class='ocrx_word' id='word_1_25' title='bbox 1355 840 1573 907; x_wconf 84' lang='lat' dir='ltr'><strong>addam,</strong></span> <span class='ocrx_word' id='word_1_26' title='bbox 1608 861 1716 914; x_wconf 91' lang='lat' dir='ltr'><strong>quo</strong></span> <span class='ocrx_word' id='word_1_27' title='bbox 1752 863 1869 901; x_wconf 92' lang='lat' dir='ltr'><strong>ma-</strong></span> 
     </span>
    </p>
   </div>
   <div class='ocr_carea' id='block_1_6' title="bbox 277 915 1870 1001">
    <p class='ocr_par' dir='ltr' id='par_1_6' title="bbox 277 915 1870 1001">
     <span class='ocr_line' id='line_1_6' title="bbox 277 915 1870 1001; baseline 0.016 -37"><span class='ocrx_word' id='word_1_28' title='bbox 277 915 357 983; x_wconf 87' lang='lat' dir='ltr'><strong>gis</strong></span> <span class='ocrx_word' id='word_1_29' title='bbox 392 916 683 985; x_wconf 82' lang='lat' dir='ltr'><strong>magisque</strong></span> <span class='ocrx_word' id='word_1_30' title='bbox 742 921 1029 977; x_wconf 90' lang='lat' dir='ltr'><strong>roboratur</strong></span> <span class='ocrx_word' id='word_1_31' title='bbox 1057 925 1238 994; x_wconf 87' lang='lat' dir='ltr'><strong>opinio</strong></span> <span class='ocrx_word' id='word_1_32' title='bbox 1288 944 1407 985; x_wconf 89' lang='lat' dir='ltr'><strong>mea</strong></span> <span class='ocrx_word' id='word_1_33' title='bbox 1446 930 1512 985; x_wconf 90' lang='lat' dir='ltr'><strong>de</strong></span> <span class='ocrx_word' id='word_1_34' title='bbox 1546 936 1743 1001; x_wconf 84' lang='lat' dir='ltr'><strong>patria,</strong></span> <span class='ocrx_word' id='word_1_35' title='bbox 1775 948 1870 991; x_wconf 87' lang='lat' dir='ltr'><strong>aut</strong></span> 
     </span>
    </p>
   </div>
   <div class='ocr_carea' id='block_1_7' title="bbox 278 1006 1863 1094">
    <p class='ocr_par' dir='ltr' id='par_1_7' title="bbox 278 1006 1863 1094">
     <span class='ocr_line' id='line_1_7' title="bbox 278 1006 1863 1094; baseline 0.016 -37"><span class='ocrx_word' id='word_1_36' title='bbox 278 1006 469 1059; x_wconf 79' lang='lat' dir='ltr'><strong>Saltem</strong></span> <span class='ocrx_word' id='word_1_37' title='bbox 501 1007 785 1063; x_wconf 89' lang='lat' dir='ltr'><strong>domicilio</strong></span> <span class='ocrx_word' id='word_1_38' title='bbox 808 1014 1049 1068; x_wconf 91' lang='lat' dir='ltr'><strong>auctoris</strong></span> <span class='ocrx_word' id='word_1_39' title='bbox 1074 1018 1266 1072; x_wconf 85' lang='lat' dir='ltr'><strong>nostri.</strong></span> <span class='ocrx_word' id='word_1_40' title='bbox 1302 1018 1491 1076; x_wconf 79' lang='lat' dir='ltr'><strong>Exstat</strong></span> <span class='ocrx_word' id='word_1_41' title='bbox 1515 1022 1561 1078; x_wconf 88' lang='lat' dir='ltr'><strong>is</strong></span> <span class='ocrx_word' id='word_1_42' title='bbox 1587 1040 1708 1093; x_wconf 89' lang='lat' dir='ltr'><strong>pag.</strong></span> <span class='ocrx_word' id='word_1_43' title='bbox 1738 1026 1863 1094; x_wconf 76' lang='lat'><strong>508,</strong></span> 
     </span>
    </p>
   </div>
   <div class='ocr_carea' id='block_1_8' title="bbox 281 1096 1866 1176">
    <p class='ocr_par' dir='ltr' id='par_1_8' title="bbox 281 1096 1866 1176">
     <span class='ocr_line' id='line_1_8' title="bbox 281 1096 1866 1176; baseline 0.016 -28"><span class='ocrx_word' id='word_1_44' title='bbox 281 1096 330 1148; x_wconf 88' lang='lat' dir='ltr'><strong>in</strong></span> <span class='ocrx_word' id='word_1_45' title='bbox 362 1112 468 1165; x_wconf 87' lang='lat' dir='ltr'><strong>qua</strong></span> <span class='ocrx_word' id='word_1_46' title='bbox 504 1112 633 1152; x_wconf 89' lang='lat' dir='ltr'><strong>cum</strong></span> <span class='ocrx_word' id='word_1_47' title='bbox 668 1100 803 1155; x_wconf 79' lang='lat' dir='ltr'><strong>nihil</strong></span> <span class='ocrx_word' id='word_1_48' title='bbox 834 1100 1061 1173; x_wconf 90' lang='lat' dir='ltr'><strong>legatur,</strong></span> <span class='ocrx_word' id='word_1_49' title='bbox 1087 1108 1226 1176; x_wconf 91' lang='lat' dir='ltr'><strong>quod</strong></span> <span class='ocrx_word' id='word_1_50' title='bbox 1256 1109 1625 1169; x_wconf 84' lang='lat' dir='ltr'><strong>Alexandrino</strong></span> <span class='ocrx_word' id='word_1_51' title='bbox 1660 1118 1866 1175; x_wconf 84' lang='lat' dir='ltr'><strong>homini</strong></span> 
     </span>
    </p>
   </div>
   <div class='ocr_carea' id='block_1_9' title="bbox 277 1192 1864 1273">
    <p class='ocr_par' dir='ltr' id='par_1_9' title="bbox 277 1192 1864 1273">
     <span class='ocr_line' id='line_1_9' title="bbox 277 1192 1864 1273; baseline 0.015 -32"><span class='ocrx_word' id='word_1_52' title='bbox 277 1204 374 1242; x_wconf 81' lang='lat' dir='ltr'><strong>non</strong></span> <span class='ocrx_word' id='word_1_53' title='bbox 412 1192 739 1258; x_wconf 74' lang='lat' dir='ltr'><strong>Conveniat,</strong></span> <span class='ocrx_word' id='word_1_54' title='bbox 788 1202 897 1247; x_wconf 91' lang='lat' dir='ltr'><strong>tum</strong></span> <span class='ocrx_word' id='word_1_55' title='bbox 928 1195 1055 1251; x_wconf 91' lang='lat' dir='ltr'><strong>illud</strong></span> <span class='ocrx_word' id='word_1_56' title='bbox 1100 1200 1335 1256; x_wconf 81' lang='lat' dir='ltr'><strong>maxime</strong></span> <span class='ocrx_word' id='word_1_57' title='bbox 1383 1205 1732 1263; x_wconf 85' lang='lat' dir='ltr'><strong>Alexandrini</strong></span> <span class='ocrx_word' id='word_1_58' title='bbox 1758 1221 1864 1273; x_wconf 88' lang='lat' dir='ltr'><strong>est,</strong></span> 
     </span>
    </p>
   </div>
   <div class='ocr_carea' id='block_1_10' title="bbox 274 1284 1867 1368">
    <p class='ocr_par' dir='ltr' id='par_1_10' title="bbox 274 1284 1867 1368">
     <span class='ocr_line' id='line_1_10' title="bbox 274 1284 1867 1368; baseline 0.018 -36"><span class='ocrx_word' id='word_1_59' title='bbox 274 1284 407 1351; x_wconf 87' lang='lat' dir='ltr'><strong>quod</strong></span> <span class='ocrx_word' id='word_1_60' title='bbox 447 1284 624 1336; x_wconf 90' lang='lat' dir='ltr'><strong>Deum</strong></span> <span class='ocrx_word' id='word_1_61' title='bbox 662 1284 788 1354; x_wconf 88' lang='lat' dir='ltr'><strong>Opt.</strong></span> <span class='ocrx_word' id='word_1_62' title='bbox 836 1286 980 1343; x_wconf 79' lang='lat' dir='ltr'><strong>Max.</strong></span> <span class='ocrx_word' id='word_1_63' title='bbox 1036 1306 1200 1346; x_wconf 84' lang='lat' dir='ltr'><strong>unum</strong></span> <span class='ocrx_word' id='word_1_64' title='bbox 1245 1308 1309 1349; x_wconf 89' lang='lat' dir='ltr'><strong>ac</strong></span> <span class='ocrx_word' id='word_1_65' title='bbox 1361 1297 1561 1352; x_wconf 90' lang='lat' dir='ltr'><strong>trinum</strong></span> <span class='ocrx_word' id='word_1_66' title='bbox 1614 1312 1759 1368; x_wconf 90' lang='lat' dir='ltr'><strong>orat,</strong></span> <span class='ocrx_word' id='word_1_67' title='bbox 1806 1314 1867 1360; x_wconf 89' lang='lat' dir='ltr'><strong>ut</strong></span> 
     </span>
    </p>
   </div>
   <div class='ocr_carea' id='block_1_11' title="bbox 272 1371 1859 1452">
    <p class='ocr_par' dir='ltr' id='par_1_11' title="bbox 272 1371 1859 1452">
     <span class='ocr_line' id='line_1_11' title="bbox 272 1371 1859 1452; baseline 0.016 -27"><span class='ocrx_word' id='word_1_68' title='bbox 272 1371 381 1426; x_wconf 77' lang='lat' dir='ltr'><strong>Nili</strong></span> <span class='ocrx_word' id='word_1_69' title='bbox 408 1376 620 1444; x_wconf 79' lang='lat' dir='ltr'><strong>ﬂuenta</strong></span> <span class='ocrx_word' id='word_1_70' title='bbox 647 1379 755 1434; x_wconf 85' lang='lat' dir='ltr'><strong>sint</strong></span> <span class='ocrx_word' id='word_1_71' title='bbox 786 1381 961 1449; x_wconf 86' lang='lat' dir='ltr'><strong>plena,</strong></span> <span class='ocrx_word' id='word_1_72' title='bbox 986 1393 1037 1437; x_wconf 85' lang='lat' dir='ltr'><strong>et</strong></span> <span class='ocrx_word' id='word_1_73' title='bbox 1077 1387 1310 1441; x_wconf 76' lang='lat' dir='ltr'><strong>maxima</strong></span> <span class='ocrx_word' id='word_1_74' title='bbox 1356 1406 1581 1447; x_wconf 75' lang='lat' dir='ltr'><strong>annona:</strong></span> <span class='ocrx_word' id='word_1_75' title='bbox 1630 1396 1859 1452; x_wconf 76' lang='lat' dir='ltr'><strong>ubertas.</strong></span> 
     </span>
    </p>
   </div>
   <div class='ocr_carea' id='block_1_12' title="bbox 267 1464 1859 1555">
    <p class='ocr_par' dir='ltr' id='par_1_12' title="bbox 267 1464 1859 1555">
     <span class='ocr_line' id='line_1_12' title="bbox 267 1464 1859 1555; baseline 0.016 -36"><span class='ocrx_word' id='word_1_76' title='bbox 267 1464 341 1521; x_wconf 74' lang='lat' dir='ltr'><strong>Ne</strong></span> <span class='ocrx_word' id='word_1_77' title='bbox 373 1484 516 1523; x_wconf 82' lang='lat' dir='ltr'><strong>vero</strong></span> <span class='ocrx_word' id='word_1_78' title='bbox 545 1486 717 1542; x_wconf 88' lang='lat' dir='ltr'><strong>cogar</strong></span> <span class='ocrx_word' id='word_1_79' title='bbox 755 1487 819 1529; x_wconf 91' lang='lat' dir='ltr'><strong>ea</strong></span> <span class='ocrx_word' id='word_1_80' title='bbox 870 1488 1142 1544; x_wconf 84' lang='lat' dir='ltr'><strong>repetere,</strong></span> <span class='ocrx_word' id='word_1_81' title='bbox 1197 1496 1317 1549; x_wconf 70' lang='lat' dir='ltr'><strong>quae</strong></span> <span class='ocrx_word' id='word_1_82' title='bbox 1360 1483 1489 1539; x_wconf 88' lang='lat' dir='ltr'><strong>alibi</strong></span> <span class='ocrx_word' id='word_1_83' title='bbox 1537 1487 1678 1541; x_wconf 89' lang='lat' dir='ltr'><strong>dicta</strong></span> <span class='ocrx_word' id='word_1_84' title='bbox 1706 1500 1859 1555; x_wconf 88' lang='lat' dir='ltr'><strong>sunt,</strong></span> 
     </span>
    </p>
   </div>
   <div class='ocr_carea' id='block_1_13' title="bbox 264 1562 1859 1653">
    <p class='ocr_par' dir='ltr' id='par_1_13' title="bbox 264 1562 1859 1653">
     <span class='ocr_line' id='line_1_13' title="bbox 264 1562 1859 1653; baseline 0.016 -38"><span class='ocrx_word' id='word_1_85' title='bbox 264 1562 399 1633; x_wconf 83' lang='lat' dir='ltr'><strong>lege,</strong></span> <span class='ocrx_word' id='word_1_86' title='bbox 433 1580 648 1635; x_wconf 60' lang='lat' dir='ltr'><strong>quaeso,</strong></span> <span class='ocrx_word' id='word_1_87' title='bbox 685 1578 841 1625; x_wconf 85' lang='lat' dir='ltr'><strong>notas</strong></span> <span class='ocrx_word' id='word_1_88' title='bbox 875 1586 1024 1626; x_wconf 86' lang='lat' dir='ltr'><strong>meas</strong></span> <span class='ocrx_word' id='word_1_89' title='bbox 1047 1575 1116 1631; x_wconf 91' lang='lat' dir='ltr'><strong>ad</strong></span> <span class='ocrx_word' id='word_1_90' title='bbox 1164 1574 1311 1631; x_wconf 92' lang='lat' dir='ltr'><strong>illum</strong></span> <span class='ocrx_word' id='word_1_91' title='bbox 1344 1577 1540 1634; x_wconf 90' lang='lat' dir='ltr'><strong>locum.</strong></span> <span class='ocrx_word' id='word_1_92' title='bbox 1574 1582 1686 1653; x_wconf 87' lang='lat' dir='ltr'><strong>Ego</strong></span> <span class='ocrx_word' id='word_1_93' title='bbox 1714 1586 1859 1640; x_wconf 91' lang='lat' dir='ltr'><strong>enim</strong></span> 
     </span>
    </p>
   </div>
   <div class='ocr_carea' id='block_1_14' title="bbox 262 1657 1056 1733">
    <p class='ocr_par' dir='ltr' id='par_1_14' title="bbox 262 1657 1056 1733">
     <span class='ocr_line' id='line_1_14' title="bbox 262 1657 1056 1733; baseline 0.014 -24"><span class='ocrx_word' id='word_1_94' title='bbox 262 1658 325 1709; x_wconf 84' lang='lat' dir='ltr'><strong>ad</strong></span> <span class='ocrx_word' id='word_1_95' title='bbox 348 1657 457 1712; x_wconf 86' lang='lat' dir='ltr'><strong>alia</strong></span> <span class='ocrx_word' id='word_1_96' title='bbox 488 1660 683 1716; x_wconf 84' lang='lat' dir='ltr'><strong>statim</strong></span> <span class='ocrx_word' id='word_1_97' title='bbox 718 1666 1056 1733; x_wconf 87' lang='lat' dir='ltr'><strong>progredior.</strong></span> 
     </span>
    </p>
   </div>
   <div class='ocr_carea' id='block_1_15' title="bbox 261 1771 1852 1861">
    <p class='ocr_par' dir='ltr' id='par_1_15' title="bbox 261 1771 1852 1861">
     <span class='ocr_line' id='line_1_15' title="bbox 261 1771 1852 1861; baseline 0.014 -37"><span class='ocrx_word' id='word_1_98' title='bbox 261 1772 383 1825; x_wconf 73' lang='lat' dir='ltr'><strong>CAP.</strong></span> <span class='ocrx_word' id='word_1_99' title='bbox 418 1771 521 1828; x_wconf 79' lang='lat' dir='ltr'><strong>IX.</strong></span> <span class='ocrx_word' id='word_1_100' title='bbox 571 1774 830 1861; x_wconf 61' lang='lat' dir='ltr'><strong>Ecclesia?</strong></span> <span class='ocrx_word' id='word_1_101' title='bbox 876 1781 1249 1861; x_wconf 57' lang='lat' dir='ltr'><strong>Alexandriam</strong></span> <span class='ocrx_word' id='word_1_102' title='bbox 1298 1790 1585 1843; x_wconf 84' lang='lat' dir='ltr'><strong>cateclu&#39;sta</strong></span> <span class='ocrx_word' id='word_1_103' title='bbox 1622 1790 1725 1861; x_wconf 79' lang='lat' dir='ltr'><strong>fuit</strong></span> <span class='ocrx_word' id='word_1_104' title='bbox 1754 1809 1852 1845; x_wconf 89' lang='lat' dir='ltr'><strong>au-</strong></span> 
     </span>
    </p>
   </div>
   <div class='ocr_carea' id='block_1_16' title="bbox 719 1855 1405 1925">
    <p class='ocr_par' dir='ltr' id='par_1_16' title="bbox 719 1855 1405 1925">
     <span class='ocr_line' id='line_1_16' title="bbox 719 1855 1405 1925; baseline 0.016 -25"><span class='ocrx_word' id='word_1_105' title='bbox 719 1859 832 1902; x_wconf 89' lang='lat' dir='ltr'><strong>ctor</strong></span> <span class='ocrx_word' id='word_1_106' title='bbox 851 1863 1027 1906; x_wconf 85' lang='lat' dir='ltr'><strong>noster</strong></span> <span class='ocrx_word' id='word_1_107' title='bbox 1052 1866 1106 1907; x_wconf 86' lang='lat' dir='ltr'><strong>ut</strong></span> <span class='ocrx_word' id='word_1_108' title='bbox 1133 1855 1405 1925; x_wconf 83' lang='lat' dir='ltr'><strong>Didymus.</strong></span> 
     </span>
    </p>
   </div>
   <div class='ocr_carea' id='block_1_17' title="bbox 323 1937 1851 2009">
    <p class='ocr_par' dir='ltr' id='par_1_17' title="bbox 323 1937 1851 2009">
     <span class='ocr_line' id='line_1_17' title="bbox 323 1937 1851 2009; baseline 0.014 -21"><span class='ocrx_word' id='word_1_109' title='bbox 323 1937 727 1993; x_wconf 63' lang='lat' dir='ltr'><strong>Alexandrina:</strong></span> <span class='ocrx_word' id='word_1_110' title='bbox 761 1940 1019 1999; x_wconf 77' lang='lat' dir='ltr'><strong>Ecclesia:</strong></span> <span class='ocrx_word' id='word_1_111' title='bbox 1046 1948 1396 2003; x_wconf 85' lang='lat' dir='ltr'><strong>catechistam</strong></span> <span class='ocrx_word' id='word_1_112' title='bbox 1444 1966 1473 2003; x_wconf 86' lang='lat' dir='ltr'><strong>a</strong></span> <span class='ocrx_word' id='word_1_113' title='bbox 1510 1950 1567 2006; x_wconf 99' lang='grc'><strong>8.</strong></span> <span class='ocrx_word' id='word_1_114' title='bbox 1607 1952 1851 2009; x_wconf 83' lang='lat' dir='ltr'><strong>Athana-</strong></span> 
     </span>
    </p>
   </div>
   <div class='ocr_carea' id='block_1_18' title="bbox 258 2027 1853 2115">
    <p class='ocr_par' dir='ltr' id='par_1_18' title="bbox 258 2027 1853 2115">
     <span class='ocr_line' id='line_1_18' title="bbox 258 2027 1853 2115; baseline 0.013 -33"><span class='ocrx_word' id='word_1_115' title='bbox 258 2029 335 2082; x_wconf 88' lang='lat' dir='ltr'><strong>sio</strong></span> <span class='ocrx_word' id='word_1_116' title='bbox 360 2027 573 2084; x_wconf 83' lang='lat' dir='ltr'><strong>factum</strong></span> <span class='ocrx_word' id='word_1_117' title='bbox 605 2031 776 2086; x_wconf 87' lang='lat' dir='ltr'><strong>fuisse</strong></span> <span class='ocrx_word' id='word_1_118' title='bbox 804 2033 1110 2105; x_wconf 90' lang='lat' dir='ltr'><strong>Didymunt,</strong></span> <span class='ocrx_word' id='word_1_119' title='bbox 1145 2039 1303 2107; x_wconf 90' lang='lat' dir='ltr'><strong>pauci</strong></span> <span class='ocrx_word' id='word_1_120' title='bbox 1354 2040 1622 2111; x_wconf 90' lang='lat' dir='ltr'><strong>ignorant,</strong></span> <span class='ocrx_word' id='word_1_121' title='bbox 1662 2046 1853 2115; x_wconf 64' lang='lat' dir='ltr'><strong>prtefeo</strong></span> 
     </span>
    </p>
   </div>
   <div class='ocr_carea' id='block_1_19' title="bbox 258 2122 1853 2195">
    <p class='ocr_par' dir='ltr' id='par_1_19' title="bbox 258 2122 1853 2195">
     <span class='ocr_line' id='line_1_19' title="bbox 258 2122 1853 2195; baseline 0.014 -23"><span class='ocrx_word' id='word_1_122' title='bbox 258 2130 402 2174; x_wconf 83' lang='lat' dir='ltr'><strong>ctum</strong></span> <span class='ocrx_word' id='word_1_123' title='bbox 440 2122 663 2177; x_wconf 86' lang='lat' dir='ltr'><strong>scilicet</strong></span> <span class='ocrx_word' id='word_1_124' title='bbox 688 2138 814 2178; x_wconf 90' lang='lat' dir='ltr'><strong>eum</strong></span> <span class='ocrx_word' id='word_1_125' title='bbox 852 2125 1023 2182; x_wconf 86' lang='lat' dir='ltr'><strong>fuisse</strong></span> <span class='ocrx_word' id='word_1_126' title='bbox 1056 2129 1255 2185; x_wconf 86' lang='lat' dir='ltr'><strong>celebri</strong></span> <span class='ocrx_word' id='word_1_127' title='bbox 1291 2133 1490 2187; x_wconf 68' lang='lat' dir='ltr'><strong>scholae</strong></span> <span class='ocrx_word' id='word_1_128' title='bbox 1514 2150 1544 2188; x_wconf 91' lang='lat' dir='ltr'><strong>a</strong></span> <span class='ocrx_word' id='word_1_129' title='bbox 1578 2136 1637 2190; x_wconf 88' lang='grc'>8.</span> <span class='ocrx_word' id='word_1_130' title='bbox 1669 2137 1853 2195; x_wconf 79' lang='lat' dir='ltr'><strong>Marco</strong></span> 
     </span>
    </p>
   </div>
   <div class='ocr_carea' id='block_1_20' title="bbox 256 2214 1851 2295">
    <p class='ocr_par' dir='ltr' id='par_1_20' title="bbox 256 2214 1851 2295">
     <span class='ocr_line' id='line_1_20' title="bbox 256 2214 1851 2295; baseline 0.011 -28"><span class='ocrx_word' id='word_1_131' title='bbox 256 2214 629 2281; x_wconf 80' lang='lat' dir='ltr'><strong>evangelista,</strong></span> <span class='ocrx_word' id='word_1_132' title='bbox 664 2223 726 2270; x_wconf 88' lang='lat' dir='ltr'><strong>ut</strong></span> <span class='ocrx_word' id='word_1_133' title='bbox 760 2225 991 2273; x_wconf 83' lang='lat' dir='ltr'><strong>testatur</strong></span> <span class='ocrx_word' id='word_1_134' title='bbox 1016 2218 1400 2293; x_wconf 86' lang='lat' dir='ltr'><strong>Hieronymus,</strong></span> <span class='ocrx_word' id='word_1_135' title='bbox 1450 2223 1709 2295; x_wconf 69' lang='lat' dir='ltr'><strong>fundatae,</strong></span> <span class='ocrx_word' id='word_1_136' title='bbox 1764 2230 1851 2285; x_wconf 90' lang='lat' dir='ltr'><strong>cui</strong></span> 
     </span>
    </p>
   </div>
   <div class='ocr_carea' id='block_1_21' title="bbox 256 2305 1850 2377">
    <p class='ocr_par' dir='ltr' id='par_1_21' title="bbox 256 2305 1850 2377">
     <span class='ocr_line' id='line_1_21' title="bbox 256 2305 1850 2377; baseline 0.011 -20"><span class='ocrx_word' id='word_1_137' title='bbox 256 2305 455 2359; x_wconf 74' lang='lat' dir='ltr'><strong>schola:</strong></span> <span class='ocrx_word' id='word_1_138' title='bbox 520 2306 628 2358; x_wconf 89' lang='lat' dir='ltr'><strong>viri</strong></span> <span class='ocrx_word' id='word_1_139' title='bbox 681 2307 860 2377; x_wconf 89' lang='lat' dir='ltr'><strong>magni</strong></span> <span class='ocrx_word' id='word_1_140' title='bbox 911 2307 1222 2375; x_wconf 54' lang='lat' dir='ltr'><strong>Pantaenus,</strong></span> <span class='ocrx_word' id='word_1_141' title='bbox 1298 2312 1550 2371; x_wconf 84' lang='lat' dir='ltr'><strong>Clemens</strong></span> <span class='ocrx_word' id='word_1_142' title='bbox 1611 2318 1850 2374; x_wconf 80' lang='lat' dir='ltr'><strong>Alexan-</strong></span> 
     </span>
    </p>
   </div>
   <div class='ocr_carea' id='block_1_22' title="bbox 254 2396 1852 2476">
    <p class='ocr_par' dir='ltr' id='par_1_22' title="bbox 254 2396 1852 2476">
     <span class='ocr_line' id='line_1_22' title="bbox 254 2396 1852 2476; baseline 0.012 -30"><span class='ocrx_word' id='word_1_143' title='bbox 254 2396 468 2463; x_wconf 71' lang='lat' dir='ltr'><strong>drinus,</strong></span> <span class='ocrx_word' id='word_1_144' title='bbox 501 2396 798 2468; x_wconf 74' lang='lat' dir='ltr'><strong>Origenes,</strong></span> <span class='ocrx_word' id='word_1_145' title='bbox 845 2398 1121 2467; x_wconf 87' lang='lat' dir='ltr'><strong>lleraclas,</strong></span> <span class='ocrx_word' id='word_1_146' title='bbox 1178 2402 1238 2457; x_wconf 90' lang='lat' dir='ltr'><strong>S.</strong></span> <span class='ocrx_word' id='word_1_147' title='bbox 1270 2404 1581 2476; x_wconf 79' lang='lat' dir='ltr'><strong>Dionysius,</strong></span> <span class='ocrx_word' id='word_1_148' title='bbox 1612 2409 1852 2464; x_wconf 84' lang='lat' dir='ltr'><strong>Atheno-</strong></span> 
     </span>
    </p>
   </div>
   <div class='ocr_carea' id='block_1_23' title="bbox 254 2486 1851 2566">
    <p class='ocr_par' dir='ltr' id='par_1_23' title="bbox 254 2486 1851 2566">
     <span class='ocr_line' id='line_1_23' title="bbox 254 2486 1851 2566; baseline 0.011 -27"><span class='ocrx_word' id='word_1_149' title='bbox 254 2489 441 2551; x_wconf 84' lang='lat' dir='ltr'><strong>dorus,</strong></span> <span class='ocrx_word' id='word_1_150' title='bbox 479 2486 722 2554; x_wconf 87' lang='lat' dir='ltr'><strong>Pierius,</strong></span> <span class='ocrx_word' id='word_1_151' title='bbox 750 2489 811 2544; x_wconf 91' lang='lat' dir='ltr'><strong>S.</strong></span> <span class='ocrx_word' id='word_1_152' title='bbox 837 2489 1031 2546; x_wconf 86' lang='lat' dir='ltr'><strong>Petrus</strong></span> <span class='ocrx_word' id='word_1_153' title='bbox 1061 2491 1287 2564; x_wconf 85' lang='lat' dir='ltr'><strong>Martyr,</strong></span> <span class='ocrx_word' id='word_1_154' title='bbox 1322 2495 1382 2550; x_wconf 89' lang='grc'>8.</span> <span class='ocrx_word' id='word_1_155' title='bbox 1413 2496 1699 2566; x_wconf 83' lang='lat' dir='ltr'><strong>Macarius,</strong></span> <span class='ocrx_word' id='word_1_156' title='bbox 1728 2500 1851 2556; x_wconf 87' lang='lat' dir='ltr'><strong>alii-</strong></span> 
     </span>
    </p>
   </div>
   <div class='ocr_carea' id='block_1_24' title="bbox 253 2578 1850 2649">
    <p class='ocr_par' dir='ltr' id='par_1_24' title="bbox 253 2578 1850 2649">
     <span class='ocr_line' id='line_1_24' title="bbox 253 2578 1850 2649; baseline 0.012 -19"><span class='ocrx_word' id='word_1_157' title='bbox 253 2593 354 2645; x_wconf 86' lang='lat' dir='ltr'><strong>que</strong></span> <span class='ocrx_word' id='word_1_158' title='bbox 384 2578 747 2647; x_wconf 64' lang='lat' dir='ltr'><strong>praefuerant.</strong></span> <span class='ocrx_word' id='word_1_159' title='bbox 806 2581 1086 2647; x_wconf 87' lang='lat' dir='ltr'><strong>Quodnam</strong></span> <span class='ocrx_word' id='word_1_160' title='bbox 1142 2600 1272 2641; x_wconf 89' lang='lat' dir='ltr'><strong>vero</strong></span> <span class='ocrx_word' id='word_1_161' title='bbox 1304 2599 1456 2644; x_wconf 86' lang='lat' dir='ltr'><strong>esset</strong></span> <span class='ocrx_word' id='word_1_162' title='bbox 1500 2590 1850 2649; x_wconf 80' lang='lat' dir='ltr'><strong>Alexandrini</strong></span> 
     </span>
    </p>
   </div>
   <div class='ocr_carea' id='block_1_25' title="bbox 252 2673 1851 2749">
    <p class='ocr_par' dir='ltr' id='par_1_25' title="bbox 252 2673 1851 2749">
     <span class='ocr_line' id='line_1_25' title="bbox 252 2673 1851 2749; baseline 0.011 -25"><span class='ocrx_word' id='word_1_163' title='bbox 252 2673 571 2726; x_wconf 74' lang='lat' dir='ltr'><strong>cstechistze</strong></span> <span class='ocrx_word' id='word_1_164' title='bbox 604 2688 822 2739; x_wconf 90' lang='lat' dir='ltr'><strong>munus,</strong></span> <span class='ocrx_word' id='word_1_165' title='bbox 853 2673 1021 2749; x_wconf 76' lang='lat' dir='ltr'><strong>[XIX]</strong></span> <span class='ocrx_word' id='word_1_166' title='bbox 1060 2691 1124 2733; x_wconf 86' lang='lat' dir='ltr'><strong>ex</strong></span> <span class='ocrx_word' id='word_1_167' title='bbox 1156 2677 1372 2735; x_wconf 83' lang='lat' dir='ltr'><strong>Eusebii</strong></span> <span class='ocrx_word' id='word_1_168' title='bbox 1425 2680 1663 2737; x_wconf 82' lang='lat' dir='ltr'><strong>Historia</strong></span> <span class='ocrx_word' id='word_1_169' title='bbox 1687 2685 1851 2740; x_wconf 84' lang='lat' dir='ltr'><strong>eccle-</strong></span> 
     </span>
    </p>
   </div>
   <div class='ocr_carea' id='block_1_26' title="bbox 259 2763 1851 2835">
    <p class='ocr_par' dir='ltr' id='par_1_26' title="bbox 259 2763 1851 2835">
     <span class='ocr_line' id='line_1_26' title="bbox 259 2763 1851 2835; baseline 0.012 -21"><span class='ocrx_word' id='word_1_170' title='bbox 259 2764 481 2816; x_wconf 78' lang='lat' dir='ltr'><strong>siastica</strong></span> <span class='ocrx_word' id='word_1_171' title='bbox 514 2763 619 2820; x_wconf 87' lang='lat' dir='ltr'><strong>lib.</strong></span> <span class='ocrx_word' id='word_1_172' title='bbox 656 2780 731 2828; x_wconf 83' lang='lat' dir='ltr'><strong>vt,</strong></span> <span class='ocrx_word' id='word_1_173' title='bbox 765 2782 886 2835; x_wconf 88' lang='lat' dir='ltr'><strong>cap.</strong></span> <span class='ocrx_word' id='word_1_174' title='bbox 916 2768 1005 2835; x_wconf 93' lang='grc'>10,</span> <span class='ocrx_word' id='word_1_175' title='bbox 1055 2770 1339 2826; x_wconf 86' lang='lat' dir='ltr'><strong>discimus.</strong></span> <span class='ocrx_word' id='word_1_176' title='bbox 1374 2773 1454 2827; x_wconf 89' lang='lat' dir='ltr'><strong>Ad</strong></span> <span class='ocrx_word' id='word_1_177' title='bbox 1495 2791 1617 2829; x_wconf 89' lang='lat' dir='ltr'><strong>eum</strong></span> <span class='ocrx_word' id='word_1_178' title='bbox 1644 2776 1851 2833; x_wconf 86' lang='lat' dir='ltr'><strong>scilicet</strong></span> 
     </span>
    </p>
   </div>
   <div class='ocr_carea' id='block_1_27' title="bbox 251 2855 1849 2931">
    <p class='ocr_par' dir='ltr' id='par_1_27' title="bbox 251 2855 1849 2931">
     <span class='ocr_line' id='line_1_27' title="bbox 251 2855 1849 2931; baseline 0.009 -25"><span class='ocrx_word' id='word_1_179' title='bbox 251 2855 539 2921; x_wconf 80' lang='lat' dir='ltr'><strong>spectabat</strong></span> <span class='ocrx_word' id='word_1_180' title='bbox 573 2872 683 2910; x_wconf 90' lang='lat' dir='ltr'><strong>non</strong></span> <span class='ocrx_word' id='word_1_181' title='bbox 726 2860 887 2913; x_wconf 89' lang='lat' dir='ltr'><strong>modo</strong></span> <span class='ocrx_word' id='word_1_182' title='bbox 930 2861 1173 2917; x_wconf 91' lang='lat' dir='ltr'><strong>rudiores</strong></span> <span class='ocrx_word' id='word_1_183' title='bbox 1218 2863 1407 2931; x_wconf 90' lang='lat' dir='ltr'><strong>primis</strong></span> <span class='ocrx_word' id='word_1_184' title='bbox 1452 2866 1575 2920; x_wconf 88' lang='lat' dir='ltr'><strong>ﬁdei</strong></span> <span class='ocrx_word' id='word_1_185' title='bbox 1614 2866 1849 2921; x_wconf 88' lang='lat' dir='ltr'><strong>elemen-</strong></span> 
     </span>
    </p>
   </div>
   <div class='ocr_carea' id='block_1_28' title="bbox 253 2945 1851 3022">
    <p class='ocr_par' dir='ltr' id='par_1_28' title="bbox 253 2945 1851 3022">
     <span class='ocr_line' id='line_1_28' title="bbox 253 2945 1851 3022; baseline 0.01 -27"><span class='ocrx_word' id='word_1_186' title='bbox 253 2946 319 2999; x_wconf 86' lang='lat' dir='ltr'><strong>tis</strong></span> <span class='ocrx_word' id='word_1_187' title='bbox 351 2945 633 3012; x_wconf 87' lang='lat' dir='ltr'><strong>imbuere,</strong></span> <span class='ocrx_word' id='word_1_188' title='bbox 664 2956 722 3001; x_wconf 91' lang='lat' dir='ltr'><strong>ut</strong></span> <span class='ocrx_word' id='word_1_189' title='bbox 753 2963 950 3003; x_wconf 88' lang='lat' dir='ltr'><strong>nomen</strong></span> <span class='ocrx_word' id='word_1_190' title='bbox 985 2950 1163 3019; x_wconf 80' lang='lat' dir='ltr'><strong>ipsum</strong></span> <span class='ocrx_word' id='word_1_191' title='bbox 1203 2954 1513 3009; x_wconf 74' lang='lat' dir='ltr'><strong>catecltisue</strong></span> <span class='ocrx_word' id='word_1_192' title='bbox 1546 2965 1727 3022; x_wconf 89' lang='lat' dir='ltr'><strong>sonat,</strong></span> <span class='ocrx_word' id='word_1_193' title='bbox 1757 2971 1851 3012; x_wconf 89' lang='lat' dir='ltr'><strong>ve-</strong></span> 
     </span>
    </p>
   </div>
   <div class='ocr_carea' id='block_1_29' title="bbox 252 3040 1844 3117">
    <p class='ocr_par' dir='ltr' id='par_1_29' title="bbox 252 3040 1844 3117">
     <span class='ocr_line' id='line_1_29' title="bbox 252 3040 1844 3117; baseline 0.007 -26"><span class='ocrx_word' id='word_1_194' title='bbox 252 3053 368 3091; x_wconf 87' lang='lat' dir='ltr'><strong>rum</strong></span> <span class='ocrx_word' id='word_1_195' title='bbox 396 3040 569 3093; x_wconf 85' lang='lat' dir='ltr'><strong>etiam</strong></span> <span class='ocrx_word' id='word_1_196' title='bbox 604 3040 779 3109; x_wconf 90' lang='lat' dir='ltr'><strong>primo</strong></span> <span class='ocrx_word' id='word_1_197' title='bbox 812 3057 998 3098; x_wconf 87' lang='lat' dir='ltr'><strong>sacras</strong></span> <span class='ocrx_word' id='word_1_198' title='bbox 1038 3043 1246 3100; x_wconf 81' lang='lat' dir='ltr'><strong>litteras</strong></span> <span class='ocrx_word' id='word_1_199' title='bbox 1277 3046 1671 3117; x_wconf 83' lang='lat' dir='ltr'><strong>interpretari;</strong></span> <span class='ocrx_word' id='word_1_200' title='bbox 1724 3064 1844 3103; x_wconf 87' lang='lat' dir='ltr'><strong>eam</strong></span> 
     </span>
    </p>
   </div>
   <div class='ocr_carea' id='block_1_30' title="bbox 248 3136 1847 3197">
    <p class='ocr_par' dir='ltr' id='par_1_30' title="bbox 248 3136 1847 3197">
     <span class='ocr_line' id='line_1_30' title="bbox 248 3136 1847 3197; baseline 0.008 -12"><span class='ocrx_word' id='word_1_201' title='bbox 248 3136 395 3188; x_wconf 83' lang='lat' dir='ltr'><strong>enim</strong></span> <span class='ocrx_word' id='word_1_202' title='bbox 420 3136 669 3190; x_wconf 84' lang='lat' dir='ltr'><strong>scho!am</strong></span> <span class='ocrx_word' id='word_1_203' title='bbox 712 3147 874 3193; x_wconf 80' lang='lat' dir='ltr'><strong>vocat</strong></span> <span class='ocrx_word' id='word_1_204' title='bbox 923 3138 1119 3195; x_wconf 88' lang='lat' dir='ltr'><strong>ibidem</strong></span> <span class='ocrx_word' id='word_1_205' title='bbox 1161 3142 1423 3197; x_wconf 89' lang='lat' dir='ltr'><strong>Eusebius</strong></span> <span class='ocrx_word' id='word_1_206' title='bbox 1478 3142 1847 3197; x_wconf 81' lang='grc' dir='ltr'><strong>διδασκαλεῖον</strong></span> 
     </span>
    </p>
   </div>
   <div class='ocr_carea' id='block_1_31' title="bbox 251 3229 1843 3306">
    <p class='ocr_par' dir='ltr' id='par_1_31' title="bbox 251 3229 1843 3306">
     <span class='ocr_line' id='line_1_31' title="bbox 251 3229 1843 3306; baseline 0.004 -23"><span class='ocrx_word' id='word_1_207' title='bbox 251 3229 355 3283; x_wconf 77' lang='grc' dir='ltr'><strong>τῶν</strong></span> <span class='ocrx_word' id='word_1_208' title='bbox 385 3230 554 3302; x_wconf 75' lang='grc' dir='ltr'>ἱερῶν</span> <span class='ocrx_word' id='word_1_209' title='bbox 586 3230 764 3299; x_wconf 82' lang='grc' dir='ltr'>λόγων</span> <span class='ocrx_word' id='word_1_210' title='bbox 785 3248 797 3259; x_wconf 92' lang='grc'><strong>·</strong></span> <span class='ocrx_word' id='word_1_211' title='bbox 833 3234 1026 3287; x_wconf 89' lang='lat' dir='ltr'><strong>deinde</strong></span> <span class='ocrx_word' id='word_1_212' title='bbox 1075 3235 1371 3289; x_wconf 87' lang='lat' dir='ltr'><strong>divinorum</strong></span> <span class='ocrx_word' id='word_1_213' title='bbox 1407 3236 1710 3306; x_wconf 88' lang='lat' dir='ltr'><strong>dogmatum</strong></span> <span class='ocrx_word' id='word_1_214' title='bbox 1733 3239 1843 3290; x_wconf 82' lang='lat' dir='ltr'><strong>tlte-</strong></span> 
     </span>
    </p>
   </div>
   <div class='ocr_carea' id='block_1_32' title="bbox 253 3321 1842 3396">
    <p class='ocr_par' dir='ltr' id='par_1_32' title="bbox 253 3321 1842 3396">
     <span class='ocr_line' id='line_1_32' title="bbox 253 3321 1842 3396; baseline 0.005 -23"><span class='ocrx_word' id='word_1_215' title='bbox 253 3339 461 3385; x_wconf 82' lang='lat' dir='ltr'><strong>sauros,</strong></span> <span class='ocrx_word' id='word_1_216' title='bbox 498 3331 559 3375; x_wconf 91' lang='lat' dir='ltr'><strong>ut</strong></span> <span class='ocrx_word' id='word_1_217' title='bbox 611 3321 831 3377; x_wconf 89' lang='lat' dir='ltr'><strong>Eusebii</strong></span> <span class='ocrx_word' id='word_1_218' title='bbox 861 3324 1047 3379; x_wconf 84' lang='lat' dir='ltr'><strong>verbis</strong></span> <span class='ocrx_word' id='word_1_219' title='bbox 1092 3334 1236 3388; x_wconf 92' lang='lat' dir='ltr'><strong>utar,</strong></span> <span class='ocrx_word' id='word_1_220' title='bbox 1286 3327 1480 3393; x_wconf 79' lang='lat' dir='ltr'><strong>partim</strong></span> <span class='ocrx_word' id='word_1_221' title='bbox 1537 3328 1649 3381; x_wconf 85' lang='lat' dir='ltr'><strong>viva</strong></span> <span class='ocrx_word' id='word_1_222' title='bbox 1700 3343 1842 3396; x_wconf 78' lang='lat' dir='ltr'><strong>voce,</strong></span> 
     </span>
    </p>
   </div>
   <div class='ocr_carea' id='block_1_33' title="bbox 254 3414 1840 3483">
    <p class='ocr_par' dir='ltr' id='par_1_33' title="bbox 254 3414 1840 3483">
     <span class='ocr_line' id='line_1_33' title="bbox 254 3414 1840 3483; baseline 0.006 -20"><span class='ocrx_word' id='word_1_223' title='bbox 254 3414 441 3477; x_wconf 82' lang='lat' dir='ltr'><strong>partim</strong></span> <span class='ocrx_word' id='word_1_224' title='bbox 465 3414 681 3478; x_wconf 77' lang='lat' dir='ltr'><strong>scriptis</strong></span> <span class='ocrx_word' id='word_1_225' title='bbox 728 3430 980 3483; x_wconf 71' lang='lat' dir='ltr'><strong>exponere</strong></span> <span class='ocrx_word' id='word_1_226' title='bbox 1003 3416 1333 3470; x_wconf 79' lang='lat' dir='ltr'><strong>auditoribus</strong></span> <span class='ocrx_word' id='word_1_227' title='bbox 1366 3433 1385 3471; x_wconf 89' lang='lat'><strong><em>:</em></strong></span> <span class='ocrx_word' id='word_1_228' title='bbox 1418 3419 1631 3472; x_wconf 90' lang='lat' dir='ltr'><strong>demum</strong></span> <span class='ocrx_word' id='word_1_229' title='bbox 1668 3419 1840 3473; x_wconf 67' lang='lat' dir='ltr'><strong>haere-</strong></span> 
     </span>
    </p>
   </div>
   <div class='ocr_carea' id='block_1_34' title="bbox 256 3503 1841 3578">
    <p class='ocr_par' dir='ltr' id='par_1_34' title="bbox 256 3503 1841 3578">
     <span class='ocr_line' id='line_1_34' title="bbox 256 3503 1841 3578; baseline 0.004 -21"><span class='ocrx_word' id='word_1_230' title='bbox 256 3505 487 3559; x_wconf 87' lang='lat' dir='ltr'><strong>ticorum</strong></span> <span class='ocrx_word' id='word_1_231' title='bbox 518 3503 857 3573; x_wconf 83' lang='lat' dir='ltr'><strong>scphismata</strong></span> <span class='ocrx_word' id='word_1_232' title='bbox 894 3505 1175 3561; x_wconf 77' lang='lat' dir='ltr'><strong>refellere:</strong></span> <span class='ocrx_word' id='word_1_233' title='bbox 1200 3507 1302 3561; x_wconf 82' lang='lat' dir='ltr'><strong>etsi</strong></span> <span class='ocrx_word' id='word_1_234' title='bbox 1354 3507 1500 3563; x_wconf 90' lang='lat' dir='ltr'><strong>enim</strong></span> <span class='ocrx_word' id='word_1_235' title='bbox 1530 3508 1631 3563; x_wconf 90' lang='lat' dir='ltr'><strong>hoc</strong></span> <span class='ocrx_word' id='word_1_236' title='bbox 1656 3520 1841 3578; x_wconf 87' lang='lat' dir='ltr'><strong>aperte</strong></span> 
     </span>
    </p>
   </div>
   <div class='ocr_carea' id='block_1_35' title="bbox 256 3596 1837 3667">
    <p class='ocr_par' dir='ltr' id='par_1_35' title="bbox 256 3596 1837 3667">
     <span class='ocr_line' id='line_1_35' title="bbox 256 3596 1837 3667; baseline 0.006 -22"><span class='ocrx_word' id='word_1_237' title='bbox 256 3611 357 3649; x_wconf 83' lang='lat' dir='ltr'><strong>non</strong></span> <span class='ocrx_word' id='word_1_238' title='bbox 395 3606 667 3650; x_wconf 87' lang='lat' dir='ltr'><strong>memoret</strong></span> <span class='ocrx_word' id='word_1_239' title='bbox 704 3596 984 3658; x_wconf 85' lang='lat' dir='ltr'><strong>Eusebius.</strong></span> <span class='ocrx_word' id='word_1_240' title='bbox 1010 3598 1361 3653; x_wconf 90' lang='lat' dir='ltr'><strong>dubitandum</strong></span> <span class='ocrx_word' id='word_1_241' title='bbox 1395 3607 1701 3655; x_wconf 89' lang='lat' dir='ltr'><strong>tamennon</strong></span> <span class='ocrx_word' id='word_1_242' title='bbox 1732 3610 1837 3667; x_wconf 89' lang='lat' dir='ltr'><strong>est,</strong></span> 
     </span>
    </p>
   </div>
   <div class='ocr_carea' id='block_1_36' title="bbox 253 3690 1837 3761">
    <p class='ocr_par' dir='ltr' id='par_1_36' title="bbox 253 3690 1837 3761">
     <span class='ocr_line' id='line_1_36' title="bbox 253 3690 1837 3761; baseline 0.006 -21"><span class='ocrx_word' id='word_1_243' title='bbox 253 3690 378 3757; x_wconf 80' lang='lat' dir='ltr'><strong>quin</strong></span> <span class='ocrx_word' id='word_1_244' title='bbox 403 3704 575 3743; x_wconf 89' lang='lat' dir='ltr'><strong>unum</strong></span> <span class='ocrx_word' id='word_1_245' title='bbox 628 3704 693 3743; x_wconf 87' lang='lat' dir='ltr'><strong>ex</strong></span> <span class='ocrx_word' id='word_1_246' title='bbox 731 3691 1017 3761; x_wconf 66' lang='lat' dir='ltr'><strong>praecipuis</strong></span> <span class='ocrx_word' id='word_1_247' title='bbox 1067 3690 1211 3746; x_wconf 91' lang='lat' dir='ltr'><strong>illius</strong></span> <span class='ocrx_word' id='word_1_248' title='bbox 1249 3692 1562 3748; x_wconf 69' lang='lat' dir='ltr'><strong>catechistaa</strong></span> <span class='ocrx_word' id='word_1_249' title='bbox 1596 3695 1837 3749; x_wconf 88' lang='lat' dir='ltr'><strong>muneri-</strong></span> 
     </span>
    </p>
   </div>
   <div class='ocr_carea' id='block_1_37' title="bbox 258 3778 1834 3853">
    <p class='ocr_par' dir='ltr' id='par_1_37' title="bbox 258 3778 1834 3853">
     <span class='ocr_line' id='line_1_37' title="bbox 258 3778 1834 3853; baseline 0.006 -22"><span class='ocrx_word' id='word_1_250' title='bbox 258 3780 353 3833; x_wconf 84' lang='lat' dir='ltr'><strong>bus</strong></span> <span class='ocrx_word' id='word_1_251' title='bbox 391 3781 582 3834; x_wconf 88' lang='lat' dir='ltr'><strong>fuerit.</strong></span> <span class='ocrx_word' id='word_1_252' title='bbox 633 3778 690 3833; x_wconf 90' lang='lat' dir='ltr'><strong>ld</strong></span> <span class='ocrx_word' id='word_1_253' title='bbox 723 3791 930 3836; x_wconf 89' lang='lat' dir='ltr'><strong>certea</strong></span> <span class='ocrx_word' id='word_1_254' title='bbox 989 3782 1216 3852; x_wconf 84' lang='lat' dir='ltr'><strong>Didyme</strong></span> <span class='ocrx_word' id='word_1_255' title='bbox 1269 3784 1485 3853; x_wconf 79' lang='lat' dir='ltr'><strong>egregie</strong></span> <span class='ocrx_word' id='word_1_256' title='bbox 1537 3786 1834 3853; x_wconf 62' lang='lat' dir='ltr'><strong>praestitum</strong></span> 
     </span>
    </p>
   </div>
   <div class='ocr_carea' id='block_1_38' title="bbox 252 3881 643 3927">
    <p class='ocr_par' dir='ltr' id='par_1_38' title="bbox 252 3881 643 3927">
     <span class='ocr_line' id='line_1_38' title="bbox 252 3881 643 3927; baseline 0.008 -3"><span class='ocrx_word' id='word_1_257' title='bbox 252 3887 373 3926; x_wconf 72' lang='lat' dir='ltr'><strong>esse</strong></span> <span class='ocrx_word' id='word_1_258' title='bbox 403 3881 643 3927; x_wconf 83' lang='lat' dir='ltr'><strong>constat.</strong></span> 
     </span>
    </p>
   </div>
   <div class='ocr_carea' id='block_1_39' title="bbox 317 3962 1834 4043">
    <p class='ocr_par' dir='ltr' id='par_1_39' title="bbox 317 3962 1834 4043">
     <span class='ocr_line' id='line_1_39' title="bbox 317 3962 1834 4043; baseline 0.005 -26"><span class='ocrx_word' id='word_1_259' title='bbox 317 3962 437 4017; x_wconf 70' lang='lat' dir='ltr'><strong>Jan:</strong></span> <span class='ocrx_word' id='word_1_260' title='bbox 470 3977 605 4019; x_wconf 82' lang='lat' dir='ltr'><strong>vero</strong></span> <span class='ocrx_word' id='word_1_261' title='bbox 635 3964 748 4017; x_wconf 65' lang='lat' dir='ltr'><strong>hare</strong></span> <span class='ocrx_word' id='word_1_262' title='bbox 795 3964 976 4019; x_wconf 86' lang='lat' dir='ltr'><strong>omnia</strong></span> <span class='ocrx_word' id='word_1_263' title='bbox 1020 3966 1074 4021; x_wconf 93' lang='lat' dir='ltr'><strong>in</strong></span> <span class='ocrx_word' id='word_1_264' title='bbox 1115 3966 1417 4038; x_wconf 85' lang='lat' dir='ltr'><strong>theologum</strong></span> <span class='ocrx_word' id='word_1_265' title='bbox 1463 3980 1702 4025; x_wconf 90' lang='lat' dir='ltr'><strong>nostrum</strong></span> <span class='ocrx_word' id='word_1_266' title='bbox 1734 3986 1834 4043; x_wconf 90' lang='lat' dir='ltr'><strong>ap-</strong></span> 
     </span>
    </p>
   </div>
   <div class='ocr_carea' id='block_1_40' title="bbox 252 4057 1835 4134">
    <p class='ocr_par' dir='ltr' id='par_1_40' title="bbox 252 4057 1835 4134">
     <span class='ocr_line' id='line_1_40' title="bbox 252 4057 1835 4134; baseline 0.008 -27"><span class='ocrx_word' id='word_1_267' title='bbox 252 4059 424 4125; x_wconf 85' lang='lat' dir='ltr'><strong>prime</strong></span> <span class='ocrx_word' id='word_1_268' title='bbox 488 4057 763 4126; x_wconf 86' lang='lat' dir='ltr'><strong>quadrare</strong></span> <span class='ocrx_word' id='word_1_269' title='bbox 819 4059 942 4127; x_wconf 89' lang='lat' dir='ltr'><strong>quis</strong></span> <span class='ocrx_word' id='word_1_270' title='bbox 996 4074 1101 4113; x_wconf 92' lang='lat' dir='ltr'><strong>non</strong></span> <span class='ocrx_word' id='word_1_271' title='bbox 1159 4060 1346 4114; x_wconf 87' lang='lat' dir='ltr'><strong>videt?</strong></span> <span class='ocrx_word' id='word_1_272' title='bbox 1402 4060 1538 4115; x_wconf 82' lang='lat' dir='ltr'><strong>Illud</strong></span> <span class='ocrx_word' id='word_1_273' title='bbox 1565 4064 1616 4116; x_wconf 93' lang='lat' dir='ltr'><strong>in</strong></span> <span class='ocrx_word' id='word_1_274' title='bbox 1645 4064 1835 4134; x_wconf 86' lang='lat' dir='ltr'><strong>primis</strong></span> 
     </span>
    </p>
   </div>
   <div class='ocr_carea' id='block_1_41' title="bbox 255 4151 1833 4219">
    <p class='ocr_par' dir='ltr' id='par_1_41' title="bbox 255 4151 1833 4219">
     <span class='ocr_line' id='line_1_41' title="bbox 255 4151 1833 4219; baseline 0.006 -18"><span class='ocrx_word' id='word_1_275' title='bbox 255 4152 511 4219; x_wconf 80' lang='lat' dir='ltr'><strong>quadrat,</strong></span> <span class='ocrx_word' id='word_1_276' title='bbox 550 4151 695 4218; x_wconf 87' lang='lat' dir='ltr'><strong>quod</strong></span> <span class='ocrx_word' id='word_1_277' title='bbox 759 4151 805 4206; x_wconf 87' lang='lat' dir='ltr'><strong>is</strong></span> <span class='ocrx_word' id='word_1_278' title='bbox 842 4152 1220 4207; x_wconf 63' lang='lat' dir='ltr'><strong>Alexandrinae</strong></span> <span class='ocrx_word' id='word_1_279' title='bbox 1253 4152 1509 4209; x_wconf 77' lang='lat' dir='ltr'><strong>Ecclesia:</strong></span> <span class='ocrx_word' id='word_1_280' title='bbox 1544 4156 1708 4211; x_wconf 88' lang='lat' dir='ltr'><strong>fuerit</strong></span> <span class='ocrx_word' id='word_1_281' title='bbox 1740 4172 1833 4211; x_wconf 84' lang='lat' dir='ltr'><strong>ca-</strong></span> 
     </span>
    </p>
   </div>
   <div class='ocr_carea' id='block_1_42' title="bbox 255 4243 1833 4314">
    <p class='ocr_par' dir='ltr' id='par_1_42' title="bbox 255 4243 1833 4314">
     <span class='ocr_line' id='line_1_42' title="bbox 255 4243 1833 4314; baseline 0.004 -17"><span class='ocrx_word' id='word_1_282' title='bbox 255 4246 513 4300; x_wconf 80' lang='lat' dir='ltr'><strong>techista.</strong></span> <span class='ocrx_word' id='word_1_283' title='bbox 544 4243 688 4310; x_wconf 88' lang='lat' dir='ltr'><strong>Quid</strong></span> <span class='ocrx_word' id='word_1_284' title='bbox 727 4244 896 4309; x_wconf 92' lang='lat' dir='ltr'><strong>enim,</strong></span> <span class='ocrx_word' id='word_1_285' title='bbox 928 4260 1138 4314; x_wconf 64' lang='lat' dir='ltr'><strong>quaso,</strong></span> <span class='ocrx_word' id='word_1_286' title='bbox 1168 4246 1312 4299; x_wconf 87' lang='lat' dir='ltr'><strong>aliud</strong></span> <span class='ocrx_word' id='word_1_287' title='bbox 1348 4259 1473 4301; x_wconf 91' lang='lat' dir='ltr'><strong>sunt</strong></span> <span class='ocrx_word' id='word_1_288' title='bbox 1508 4248 1580 4302; x_wconf 92' lang='lat' dir='ltr'><strong>illi</strong></span> <span class='ocrx_word' id='word_1_289' title='bbox 1603 4250 1833 4303; x_wconf 88' lang='lat' dir='ltr'><strong>alterno-</strong></span> 
     </span>
    </p>
   </div>
   <div class='ocr_carea' id='block_1_43' title="bbox 252 4338 1824 4408">
    <p class='ocr_par' dir='ltr' id='par_1_43' title="bbox 252 4338 1824 4408">
     <span class='ocr_line' id='line_1_43' title="bbox 252 4338 1824 4408; baseline 0.003 -20"><span class='ocrx_word' id='word_1_290' title='bbox 252 4352 362 4389; x_wconf 73' lang='lat' dir='ltr'><strong>&#39;ttll&#39;l</strong></span> <span class='ocrx_word' id='word_1_291' title='bbox 389 4338 601 4390; x_wconf 78' lang='lat' dir='ltr'><strong>dierum</strong></span> <span class='ocrx_word' id='word_1_292' title='bbox 630 4348 930 4401; x_wconf 79' lang='lat' dir='ltr'><strong>conventus,</strong></span> <span class='ocrx_word' id='word_1_293' title='bbox 959 4352 1096 4404; x_wconf 88' lang='lat' dir='ltr'><strong>quos</strong></span> <span class='ocrx_word' id='word_1_294' title='bbox 1140 4352 1261 4408; x_wconf 89' lang='lat' dir='ltr'><strong>pag.</strong></span> <span class='ocrx_word' id='word_1_295' title='bbox 1298 4338 1403 4392; x_wconf 74' lang='grc'><strong>504</strong></span> <span class='ocrx_word' id='word_1_296' title='bbox 1427 4340 1652 4408; x_wconf 83' lang='lat' dir='ltr'><strong>ipsemet</strong></span> <span class='ocrx_word' id='word_1_297' title='bbox 1674 4356 1824 4394; x_wconf 89' lang='lat' dir='ltr'><strong>com-</strong></span> 
     </span>
    </p>
   </div>
   <div class='ocr_carea' id='block_1_44' title="bbox 257 4428 1830 4499">
    <p class='ocr_par' dir='ltr' id='par_1_44' title="bbox 257 4428 1830 4499">
     <span class='ocr_line' id='line_1_44' title="bbox 257 4428 1830 4499; baseline 0.004 -19"><span class='ocrx_word' id='word_1_298' title='bbox 257 4440 550 4493; x_wconf 82' lang='lat' dir='ltr'><strong>memorat,</strong></span> <span class='ocrx_word' id='word_1_299' title='bbox 586 4428 688 4481; x_wconf 89' lang='lat' dir='ltr'><strong>nisi</strong></span> <span class='ocrx_word' id='word_1_300' title='bbox 734 4438 1053 4493; x_wconf 83' lang='lat' dir='ltr'><strong>conventus,</strong></span> <span class='ocrx_word' id='word_1_301' title='bbox 1089 4430 1143 4482; x_wconf 92' lang='lat' dir='ltr'><strong>in</strong></span> <span class='ocrx_word' id='word_1_302' title='bbox 1185 4430 1384 4499; x_wconf 86' lang='lat' dir='ltr'><strong>quibus</strong></span> <span class='ocrx_word' id='word_1_303' title='bbox 1424 4446 1550 4486; x_wconf 83' lang='lat' dir='ltr'><strong>suas</strong></span> <span class='ocrx_word' id='word_1_304' title='bbox 1601 4432 1830 4486; x_wconf 83' lang='lat' dir='ltr'><strong>habebat</strong></span> 
     </span>
    </p>
   </div>
   <div class='ocr_carea' id='block_1_45' title="bbox 1470 351 2401 423">
    <p class='ocr_par' dir='ltr' id='par_1_45' title="bbox 1470 351 2401 423">
     <span class='ocr_line' id='line_1_45' title="bbox 1470 351 2401 423; baseline 0.018 -18"><span class='ocrx_word' id='word_1_305' title='bbox 1470 351 2039 416; x_wconf 76' lang='lat' dir='ltr'><strong>COMMENTARIUS.</strong></span> <span class='ocrx_word' id='word_1_306' title='bbox 2080 393 2145 402; x_wconf 94' lang='lat'><strong>--</strong></span> <span class='ocrx_word' id='word_1_307' title='bbox 2188 365 2319 423; x_wconf 82' lang='lat' dir='ltr'><strong>LIB.</strong></span> <span class='ocrx_word' id='word_1_308' title='bbox 2361 368 2401 422; x_wconf 93' lang='lat' dir='ltr'><strong>l.</strong></span> 
     </span>
    </p>
   </div>
   <div class='ocr_carea' id='block_1_46' title="bbox 294 465 3381 569">
    <p class='ocr_par' dir='ltr' id='par_1_46' title="bbox 294 465 3381 569">
     <span class='ocr_line' id='line_1_46' title="bbox 294 465 3381 569; baseline 0.017 -63"><span class='ocrx_word' id='word_1_309' title='bbox 294 465 483 527; x_wconf 73' lang='lat' dir='ltr'><strong>pareat</strong></span> <span class='ocrx_word' id='word_1_310' title='bbox 518 468 798 515; x_wconf 82' lang='lat' dir='ltr'><strong>auctorem</strong></span> <span class='ocrx_word' id='word_1_311' title='bbox 863 472 1109 520; x_wconf 87' lang='lat' dir='ltr'><strong>nostrum</strong></span> <span class='ocrx_word' id='word_1_312' title='bbox 1162 468 1542 531; x_wconf 75' lang='lat' dir='ltr'><strong>Alexandrinis</strong></span> <span class='ocrx_word' id='word_1_313' title='bbox 1588 477 1881 535; x_wconf 89' lang='lat' dir='ltr'><strong>Bibliorum</strong></span> <span class='ocrx_word' id='word_1_314' title='bbox 1917 489 1958 543; x_wconf 77' lang='grc' dir='ltr'>Α</span> <span class='ocrx_word' id='word_1_315' title='bbox 1988 494 2123 549; x_wconf 85' lang='lat' dir='ltr'><strong>ster,</strong></span> <span class='ocrx_word' id='word_1_316' title='bbox 2163 504 2324 557; x_wconf 85' lang='lat' dir='ltr'><strong>quant</strong></span> <span class='ocrx_word' id='word_1_317' title='bbox 2382 504 2634 558; x_wconf 80' lang='lat' dir='ltr'><strong>synaxes,</strong></span> <span class='ocrx_word' id='word_1_318' title='bbox 2673 493 2724 546; x_wconf 87' lang='lat' dir='ltr'><strong>id</strong></span> <span class='ocrx_word' id='word_1_319' title='bbox 2771 509 2837 548; x_wconf 91' lang='lat' dir='ltr'><strong>ex</strong></span> <span class='ocrx_word' id='word_1_320' title='bbox 2880 508 2945 550; x_wconf 89' lang='lat' dir='ltr'><strong>eo</strong></span> <span class='ocrx_word' id='word_1_321' title='bbox 2988 496 3105 553; x_wconf 86' lang='lat' dir='ltr'><strong>ﬁeri</strong></span> <span class='ocrx_word' id='word_1_322' title='bbox 3149 501 3381 569; x_wconf 81' lang='lat' dir='ltr'><strong>videtur,</strong></span> 
     </span>
     <span class='ocr_line' id='line_1_47' title="bbox 294 548 755 569; baseline 0.017 -8"><span class='ocrx_word' id='word_1_323' title='bbox 294 548 657 569; x_wconf 39' lang='grc' dir='ltr'><strong>,ηψπ-..η</strong></span> <span class='ocrx_word' id='word_1_324' title='bbox 730 568 755 569; x_wconf 47' lang='grc' dir='ltr'>η</span> 
     </span>
    </p>
   </div>
   <div class='ocr_carea' id='block_1_47' title="bbox 3462 385 3557 444">
    <p class='ocr_par' dir='ltr' id='par_1_47' title="bbox 3462 385 3557 444">
     <span class='ocr_line' id='line_1_48' title="bbox 3462 385 3557 444; baseline 0.021 -2"><span class='ocrx_word' id='word_1_325' title='bbox 3462 385 3557 444; x_wconf 65' lang='grc'><strong>151</strong></span> 
     </span>
    </p>
   </div>
   <div class='ocr_carea' id='block_1_48' title="bbox 3456 505 3557 558">
    <p class='ocr_par' dir='ltr' id='par_1_48' title="bbox 3456 505 3557 558">
     <span class='ocr_line' id='line_1_49' title="bbox 3456 505 3557 558; baseline 0 -1"><span class='ocrx_word' id='word_1_326' title='bbox 3456 505 3557 558; x_wconf 72' lang='grc' dir='ltr'><strong>ιιο(1</strong></span> 
     </span>
    </p>
   </div>
   <div class='ocr_carea' id='block_1_49' title="bbox 1978 517 3555 649">
    <p class='ocr_par' dir='ltr' id='par_1_49' title="bbox 1978 517 3555 649">
     <span class='ocr_line' id='line_1_50' title="bbox 1988 517 3555 573; baseline 0.014 -36"><span class='ocrx_word' id='word_1_327' title='bbox 1988 517 2123 549; x_wconf 58' lang='grc' dir='ltr'>εισι,</span> <span class='ocrx_word' id='word_1_328' title='bbox 2163 517 2324 557; x_wconf 71' lang='lat' dir='ltr'><strong>quam</strong></span> <span class='ocrx_word' id='word_1_329' title='bbox 2382 517 2634 558; x_wconf 71' lang='lat' dir='ltr'><strong>ayuiuca,</strong></span> <span class='ocrx_word' id='word_1_330' title='bbox 2673 517 2724 546; x_wconf 90' lang='lat' dir='ltr'><strong>tu</strong></span> <span class='ocrx_word' id='word_1_331' title='bbox 2771 517 2837 548; x_wconf 72' lang='lat' dir='ltr'><strong>ex</strong></span> <span class='ocrx_word' id='word_1_332' title='bbox 2880 517 2945 550; x_wconf 69' lang='lat' dir='ltr'><strong>I30</strong></span> <span class='ocrx_word' id='word_1_333' title='bbox 2988 517 3105 553; x_wconf 68' lang='lat' dir='ltr'><strong>ltP-l&#39;l</strong></span> <span class='ocrx_word' id='word_1_334' title='bbox 3149 517 3381 569; x_wconf 71' lang='lat' dir='ltr'><strong>Vlaeuﬂ‘,</strong></span> <span class='ocrx_word' id='word_1_335' title='bbox 3420 517 3555 573; x_wconf 78' lang='lat' dir='ltr'><strong>q“0(‘</strong></span> 
     </span>
     <span class='ocr_line' id='line_1_51' title="bbox 1978 577 3555 649; baseline 0.013 -19"><span class='ocrx_word' id='word_1_336' title='bbox 1978 577 2283 644; x_wconf 86' lang='lat' dir='ltr'><strong>hujusutodi</strong></span> <span class='ocrx_word' id='word_1_337' title='bbox 2316 582 2680 637; x_wconf 90' lang='lat' dir='ltr'><strong>denominatin</strong></span> <span class='ocrx_word' id='word_1_338' title='bbox 2713 585 2783 640; x_wconf 90' lang='lat' dir='ltr'><strong>iis</strong></span> <span class='ocrx_word' id='word_1_339' title='bbox 2823 588 3055 643; x_wconf 76' lang='lat' dir='ltr'><strong>cmtibus</strong></span> <span class='ocrx_word' id='word_1_340' title='bbox 3086 591 3321 647; x_wconf 84' lang='lat' dir='ltr'><strong>maxime</strong></span> <span class='ocrx_word' id='word_1_341' title='bbox 3353 607 3555 649; x_wconf 86' lang='lat' dir='ltr'><strong>conve-</strong></span> 
     </span>
    </p>
   </div>
   <div class='ocr_carea' id='block_1_50' title="bbox 1974 668 3557 756">
    <p class='ocr_par' dir='ltr' id='par_1_50' title="bbox 1974 668 3557 756">
     <span class='ocr_line' id='line_1_52' title="bbox 1974 668 3557 756; baseline 0.013 -35"><span class='ocrx_word' id='word_1_342' title='bbox 1974 668 2109 732; x_wconf 88' lang='lat' dir='ltr'><strong>niat,</strong></span> <span class='ocrx_word' id='word_1_343' title='bbox 2141 671 2334 738; x_wconf 89' lang='lat' dir='ltr'><strong>quibus</strong></span> <span class='ocrx_word' id='word_1_344' title='bbox 2363 688 2469 726; x_wconf 87' lang='lat' dir='ltr'><strong>non</strong></span> <span class='ocrx_word' id='word_1_345' title='bbox 2499 674 2808 743; x_wconf 87' lang='lat' dir='ltr'><strong>episcopus,</strong></span> <span class='ocrx_word' id='word_1_346' title='bbox 2850 692 2954 732; x_wconf 91' lang='lat' dir='ltr'><strong>non</strong></span> <span class='ocrx_word' id='word_1_347' title='bbox 2986 681 3268 751; x_wconf 85' lang='lat' dir='ltr'><strong>presbyter</strong></span> <span class='ocrx_word' id='word_1_348' title='bbox 3301 695 3557 756; x_wconf 54' lang='lat' dir='ltr'><strong>praeerat,</strong></span> 
     </span>
    </p>
   </div>
   <div class='ocr_carea' id='block_1_51' title="bbox 1972 761 3550 833">
    <p class='ocr_par' dir='ltr' id='par_1_51' title="bbox 1972 761 3550 833">
     <span class='ocr_line' id='line_1_53' title="bbox 1972 761 3550 833; baseline 0.012 -19"><span class='ocrx_word' id='word_1_349' title='bbox 1972 761 2066 815; x_wconf 86' lang='lat' dir='ltr'><strong>sed</strong></span> <span class='ocrx_word' id='word_1_350' title='bbox 2121 762 2413 817; x_wconf 80' lang='lat' dir='ltr'><strong>catccltista</strong></span> <span class='ocrx_word' id='word_1_351' title='bbox 2441 766 2613 819; x_wconf 88' lang='lat' dir='ltr'><strong>sacris</strong></span> <span class='ocrx_word' id='word_1_352' title='bbox 2645 767 2927 824; x_wconf 90' lang='lat' dir='ltr'><strong>ordinibus</strong></span> <span class='ocrx_word' id='word_1_353' title='bbox 2961 786 3065 825; x_wconf 92' lang='lat' dir='ltr'><strong>non</strong></span> <span class='ocrx_word' id='word_1_354' title='bbox 3090 772 3354 829; x_wconf 88' lang='lat' dir='ltr'><strong>initiatus.</strong></span> <span class='ocrx_word' id='word_1_355' title='bbox 3384 776 3550 833; x_wconf 82' lang='lat' dir='ltr'><strong>Aliud</strong></span> 
     </span>
    </p>
   </div>
   <div class='ocr_carea' id='block_1_52' title="bbox 1974 851 3549 926">
    <p class='ocr_par' dir='ltr' id='par_1_52' title="bbox 1974 851 3549 926">
     <span class='ocr_line' id='line_1_54' title="bbox 1974 851 3549 926; baseline 0.013 -24"><span class='ocrx_word' id='word_1_356' title='bbox 1974 851 2120 904; x_wconf 88' lang='lat' dir='ltr'><strong>enim</strong></span> <span class='ocrx_word' id='word_1_357' title='bbox 2148 862 2235 906; x_wconf 88' lang='lat' dir='ltr'><strong>est</strong></span> <span class='ocrx_word' id='word_1_358' title='bbox 2264 853 2448 907; x_wconf 87' lang='lat' dir='ltr'><strong>docere</strong></span> <span class='ocrx_word' id='word_1_359' title='bbox 2494 856 2549 909; x_wconf 87' lang='lat' dir='ltr'><strong>in</strong></span> <span class='ocrx_word' id='word_1_360' title='bbox 2580 858 2824 926; x_wconf 72' lang='lat' dir='ltr'><strong>ecclesia,</strong></span> <span class='ocrx_word' id='word_1_361' title='bbox 2864 859 3007 916; x_wconf 92' lang='lat' dir='ltr'><strong>aliud</strong></span> <span class='ocrx_word' id='word_1_362' title='bbox 3032 878 3161 918; x_wconf 89' lang='lat' dir='ltr'><strong>vero</strong></span> <span class='ocrx_word' id='word_1_363' title='bbox 3182 866 3363 919; x_wconf 84' lang='lat' dir='ltr'><strong>docere</strong></span> <span class='ocrx_word' id='word_1_364' title='bbox 3387 868 3442 921; x_wconf 82' lang='lat' dir='ltr'><strong>in</strong></span> <span class='ocrx_word' id='word_1_365' title='bbox 3467 885 3549 922; x_wconf 84' lang='lat' dir='ltr'><strong>ca-</strong></span> 
     </span>
    </p>
   </div>
   <div class='ocr_carea' id='block_1_53' title="bbox 1970 942 3555 1027">
    <p class='ocr_par' dir='ltr' id='par_1_53' title="bbox 1970 942 3555 1027">
     <span class='ocr_line' id='line_1_55' title="bbox 1970 942 3555 1027; baseline 0.011 -33"><span class='ocrx_word' id='word_1_366' title='bbox 1970 942 2284 1006; x_wconf 80' lang='lat' dir='ltr'><strong>tecltesibus,</strong></span> <span class='ocrx_word' id='word_1_367' title='bbox 2324 954 2381 997; x_wconf 92' lang='lat' dir='ltr'><strong>ut</strong></span> <span class='ocrx_word' id='word_1_368' title='bbox 2412 945 2608 1015; x_wconf 89' lang='lat' dir='ltr'><strong>colligo</strong></span> <span class='ocrx_word' id='word_1_369' title='bbox 2637 963 2701 1002; x_wconf 89' lang='lat' dir='ltr'><strong>ex</strong></span> <span class='ocrx_word' id='word_1_370' title='bbox 2734 950 2887 1004; x_wconf 81' lang='lat' dir='ltr'><strong>hisce</strong></span> <span class='ocrx_word' id='word_1_371' title='bbox 2941 951 3167 1007; x_wconf 80' lang='lat' dir='ltr'><strong>Joannis</strong></span> <span class='ocrx_word' id='word_1_372' title='bbox 3202 953 3555 1027; x_wconf 83' lang='lat' dir='ltr'><strong>Jerosolymi-</strong></span> 
     </span>
    </p>
   </div>
   <div class='ocr_carea' id='block_1_54' title="bbox 1971 1034 3554 1114">
    <p class='ocr_par' dir='ltr' id='par_1_54' title="bbox 1971 1034 3554 1114">
     <span class='ocr_line' id='line_1_56' title="bbox 1971 1034 3554 1114; baseline 0.011 -29"><span class='ocrx_word' id='word_1_373' title='bbox 1971 1034 2080 1087; x_wconf 89' lang='lat' dir='ltr'><strong>tani</strong></span> <span class='ocrx_word' id='word_1_374' title='bbox 2108 1036 2344 1106; x_wconf 90' lang='lat' dir='ltr'><strong>episcopi</strong></span> <span class='ocrx_word' id='word_1_375' title='bbox 2372 1041 2552 1094; x_wconf 85' lang='lat' dir='ltr'><strong>verbis</strong></span> <span class='ocrx_word' id='word_1_376' title='bbox 2577 1043 2717 1109; x_wconf 90' lang='lat' dir='ltr'><strong>apud</strong></span> <span class='ocrx_word' id='word_1_377' title='bbox 2752 1041 3141 1114; x_wconf 89' lang='lat' dir='ltr'><strong>llieronymum</strong></span> <span class='ocrx_word' id='word_1_378' title='bbox 3179 1047 3231 1100; x_wconf 91' lang='lat' dir='ltr'><strong>in</strong></span> <span class='ocrx_word' id='word_1_379' title='bbox 3278 1048 3415 1103; x_wconf 87' lang='lat' dir='ltr'><strong>libro</strong></span> <span class='ocrx_word' id='word_1_380' title='bbox 3456 1050 3554 1103; x_wconf 85' lang='lat' dir='ltr'><strong>ad-</strong></span> 
     </span>
    </p>
   </div>
   <div class='ocr_carea' id='block_1_55' title="bbox 1966 1126 3551 1207">
    <p class='ocr_par' dir='ltr' id='par_1_55' title="bbox 1966 1126 3551 1207">
     <span class='ocr_line' id='line_1_57' title="bbox 1966 1126 3551 1207; baseline 0.014 -35"><span class='ocrx_word' id='word_1_381' title='bbox 1966 1136 2156 1177; x_wconf 87' lang='lat' dir='ltr'><strong>versus</strong></span> <span class='ocrx_word' id='word_1_382' title='bbox 2174 1126 2418 1179; x_wconf 89' lang='lat' dir='ltr'><strong>eumdem</strong></span> <span class='ocrx_word' id='word_1_383' title='bbox 2436 1126 2721 1195; x_wconf 82' lang='lat' dir='ltr'><strong>Joannem,</strong></span> <span class='ocrx_word' id='word_1_384' title='bbox 2737 1147 2908 1201; x_wconf 84' lang='lat' dir='ltr'><strong>segm.</strong></span> <span class='ocrx_word' id='word_1_385' title='bbox 2930 1135 3019 1198; x_wconf 88' lang='grc'><strong>11,</strong></span> <span class='ocrx_word' id='word_1_386' title='bbox 3048 1150 3167 1207; x_wconf 87' lang='lat' dir='ltr'><strong>pag.</strong></span> <span class='ocrx_word' id='word_1_387' title='bbox 3188 1138 3291 1191; x_wconf 72' lang='lat' dir='ltr'><strong>M9</strong></span> <span class='ocrx_word' id='word_1_388' title='bbox 3318 1139 3551 1204; x_wconf 74' lang='lat' dir='ltr'><strong>:Qutr...</strong></span> 
     </span>
    </p>
   </div>
   <div class='ocr_carea' id='block_1_56' title="bbox 1964 1214 3551 1285">
    <p class='ocr_par' dir='ltr' id='par_1_56' title="bbox 1964 1214 3551 1285">
     <span class='ocr_line' id='line_1_58' title="bbox 1964 1214 3551 1285; baseline 0.012 -19"><span class='ocrx_word' id='word_1_389' title='bbox 1964 1214 2019 1266; x_wconf 86' lang='lat' dir='ltr'><strong>in</strong></span> <span class='ocrx_word' id='word_1_390' title='bbox 2050 1216 2265 1270; x_wconf 81' lang='lat' dir='ltr'><strong>ecclesia</strong></span> <span class='ocrx_word' id='word_1_391' title='bbox 2293 1220 2557 1285; x_wconf 81' lang='lat' dir='ltr'><strong>docemus,</strong></span> <span class='ocrx_word' id='word_1_392' title='bbox 2596 1232 2643 1275; x_wconf 88' lang='lat' dir='ltr'><strong>et</strong></span> <span class='ocrx_word' id='word_1_393' title='bbox 2677 1225 2729 1276; x_wconf 86' lang='lat' dir='ltr'><strong>iu</strong></span> <span class='ocrx_word' id='word_1_394' title='bbox 2778 1228 3154 1282; x_wconf 85' lang='lat' dir='ltr'><strong>catechesibus.</strong></span> <span class='ocrx_word' id='word_1_395' title='bbox 3204 1230 3443 1285; x_wconf 87' lang='lat' dir='ltr'><strong>Primum</strong></span> <span class='ocrx_word' id='word_1_396' title='bbox 3486 1233 3551 1284; x_wconf 85' lang='lat' dir='ltr'><strong>il-</strong></span> 
     </span>
    </p>
   </div>
   <div class='ocr_carea' id='block_1_57' title="bbox 1964 1304 3540 1393">
    <p class='ocr_par' dir='ltr' id='par_1_57' title="bbox 1964 1304 3540 1393">
     <span class='ocr_line' id='line_1_59' title="bbox 1964 1304 3540 1393; baseline 0.012 -35"><span class='ocrx_word' id='word_1_397' title='bbox 1964 1304 2055 1359; x_wconf 89' lang='lat' dir='ltr'><strong>lud</strong></span> <span class='ocrx_word' id='word_1_398' title='bbox 2086 1306 2139 1360; x_wconf 90' lang='lat' dir='ltr'><strong>in</strong></span> <span class='ocrx_word' id='word_1_399' title='bbox 2169 1309 2399 1365; x_wconf 87' lang='lat' dir='ltr'><strong>ecclesia</strong></span> <span class='ocrx_word' id='word_1_400' title='bbox 2429 1313 2792 1368; x_wconf 88' lang='lat' dir='ltr'><strong>Alexandrina</strong></span> <span class='ocrx_word' id='word_1_401' title='bbox 2831 1326 2951 1386; x_wconf 88' lang='lat' dir='ltr'><strong>post</strong></span> <span class='ocrx_word' id='word_1_402' title='bbox 2979 1320 3091 1373; x_wconf 88' lang='lat' dir='ltr'><strong>Arii</strong></span> <span class='ocrx_word' id='word_1_403' title='bbox 3140 1333 3379 1391; x_wconf 82' lang='lat' dir='ltr'><strong>tempora</strong></span> <span class='ocrx_word' id='word_1_404' title='bbox 3426 1326 3540 1393; x_wconf 89' lang='lat' dir='ltr'><strong>epi-</strong></span> 
     </span>
    </p>
   </div>
   <div class='ocr_carea' id='block_1_58' title="bbox 1963 1408 3550 1471">
    <p class='ocr_par' dir='ltr' id='par_1_58' title="bbox 1963 1408 3550 1471">
     <span class='ocr_line' id='line_1_60' title="bbox 1963 1408 3550 1471; baseline 0.01 -17"><span class='ocrx_word' id='word_1_405' title='bbox 1963 1414 2127 1469; x_wconf 88' lang='lat' dir='ltr'><strong>scopo</strong></span> <span class='ocrx_word' id='word_1_406' title='bbox 2165 1414 2500 1459; x_wconf 85' lang='lat' dir='ltr'><strong>reservatum</strong></span> <span class='ocrx_word' id='word_1_407' title='bbox 2532 1416 2672 1471; x_wconf 88' lang='lat' dir='ltr'><strong>erat,</strong></span> <span class='ocrx_word' id='word_1_408' title='bbox 2729 1408 2773 1461; x_wconf 90' lang='lat' dir='ltr'><strong>si</strong></span> <span class='ocrx_word' id='word_1_409' title='bbox 2798 1410 2930 1464; x_wconf 84' lang='lat' dir='ltr'><strong>ﬁdes</strong></span> <span class='ocrx_word' id='word_1_410' title='bbox 2971 1411 3209 1467; x_wconf 83' lang='lat' dir='ltr'><strong>habenda</strong></span> <span class='ocrx_word' id='word_1_411' title='bbox 3250 1426 3332 1468; x_wconf 91' lang='lat' dir='ltr'><strong>est</strong></span> <span class='ocrx_word' id='word_1_412' title='bbox 3376 1414 3550 1470; x_wconf 85' lang='lat' dir='ltr'><strong>Sozo-</strong></span> 
     </span>
    </p>
   </div>
   <div class='ocr_carea' id='block_1_59' title="bbox 1963 1496 3549 1574">
    <p class='ocr_par' dir='ltr' id='par_1_59' title="bbox 1963 1496 3549 1574">
     <span class='ocr_line' id='line_1_61' title="bbox 1963 1496 3549 1574; baseline 0.01 -27"><span class='ocrx_word' id='word_1_413' title='bbox 1963 1509 2141 1558; x_wconf 85' lang='lat' dir='ltr'><strong>meno,</strong></span> <span class='ocrx_word' id='word_1_414' title='bbox 2175 1497 2267 1564; x_wconf 90' lang='lat' dir='ltr'><strong>qui</strong></span> <span class='ocrx_word' id='word_1_415' title='bbox 2300 1496 2394 1551; x_wconf 92' lang='lat' dir='ltr'><strong>lib.</strong></span> <span class='ocrx_word' id='word_1_416' title='bbox 2430 1514 2528 1564; x_wconf 84' lang='lat' dir='ltr'><strong>vn,</strong></span> <span class='ocrx_word' id='word_1_417' title='bbox 2561 1516 2682 1570; x_wconf 91' lang='lat' dir='ltr'><strong>cap.</strong></span> <span class='ocrx_word' id='word_1_418' title='bbox 2718 1503 2805 1565; x_wconf 88' lang='grc'><strong>19,</strong></span> <span class='ocrx_word' id='word_1_419' title='bbox 2834 1504 3044 1567; x_wconf 90' lang='lat' dir='ltr'><strong>scribit,</strong></span> <span class='ocrx_word' id='word_1_420' title='bbox 3069 1509 3209 1574; x_wconf 84' lang='lat' dir='ltr'><strong>apud</strong></span> <span class='ocrx_word' id='word_1_421' title='bbox 3232 1508 3549 1563; x_wconf 76' lang='lat' dir='ltr'><strong>Alexandri-</strong></span> 
     </span>
    </p>
   </div>
   <div class='ocr_carea' id='block_1_60' title="bbox 1960 1590 3548 1666">
    <p class='ocr_par' dir='ltr' id='par_1_60' title="bbox 1960 1590 3548 1666">
     <span class='ocr_line' id='line_1_62' title="bbox 1960 1590 3548 1666; baseline 0.011 -27"><span class='ocrx_word' id='word_1_422' title='bbox 1960 1602 2053 1641; x_wconf 85' lang='lat' dir='ltr'><strong>nos</strong></span> <span class='ocrx_word' id='word_1_423' title='bbox 2101 1590 2270 1642; x_wconf 87' lang='lat' dir='ltr'><strong>solum</strong></span> <span class='ocrx_word' id='word_1_424' title='bbox 2317 1591 2542 1644; x_wconf 84' lang='lat' dir='ltr'><strong>civitatis</strong></span> <span class='ocrx_word' id='word_1_425' title='bbox 2583 1593 2959 1650; x_wconf 69' lang='lat' dir='ltr'><strong>Alexandrinae</strong></span> <span class='ocrx_word' id='word_1_426' title='bbox 3004 1601 3301 1666; x_wconf 72' lang='lat' dir='ltr'><strong>episcopum</strong></span> <span class='ocrx_word' id='word_1_427' title='bbox 3332 1602 3418 1652; x_wconf 80' lang='grc' dir='ltr'><strong>ἐπ’</strong></span> <span class='ocrx_word' id='word_1_428' title='bbox 3454 1604 3548 1656; x_wconf 83' lang='grc' dir='ltr'><strong>ὲκ-</strong></span> 
     </span>
    </p>
   </div>
   <div class='ocr_carea' id='block_1_61' title="bbox 1959 1679 3532 1757">
    <p class='ocr_par' dir='ltr' id='par_1_61' title="bbox 1959 1679 3532 1757">
     <span class='ocr_line' id='line_1_63' title="bbox 1959 1679 3532 1757; baseline 0.01 -26"><span class='ocrx_word' id='word_1_429' title='bbox 1959 1679 2187 1751; x_wconf 83' lang='grc' dir='ltr'>κλησίας</span> <span class='ocrx_word' id='word_1_430' title='bbox 2216 1682 2291 1750; x_wconf 92' lang='lat' dir='ltr'><strong>(id</strong></span> <span class='ocrx_word' id='word_1_431' title='bbox 2321 1695 2403 1737; x_wconf 85' lang='lat' dir='ltr'><strong>est</strong></span> <span class='ocrx_word' id='word_1_432' title='bbox 2436 1685 2488 1737; x_wconf 86' lang='lat' dir='ltr'><strong>iu</strong></span> <span class='ocrx_word' id='word_1_433' title='bbox 2513 1684 2752 1756; x_wconf 83' lang='lat' dir='ltr'><strong>ecclesia)</strong></span> <span class='ocrx_word' id='word_1_434' title='bbox 2788 1690 2976 1741; x_wconf 83' lang='lat' dir='ltr'><strong>docere</strong></span> <span class='ocrx_word' id='word_1_435' title='bbox 2998 1704 3015 1739; x_wconf 90' lang='lat'><strong><em>:</em></strong></span> <span class='ocrx_word' id='word_1_436' title='bbox 3037 1684 3196 1757; x_wconf 80' lang='lat' dir='ltr'><strong>quam</strong></span> <span class='ocrx_word' id='word_1_437' title='bbox 3243 1703 3532 1746; x_wconf 88' lang='lat' dir='ltr'><strong>consuetu-</strong></span> 
     </span>
    </p>
   </div>
   <div class='ocr_carea' id='block_1_62' title="bbox 1957 1770 3541 1847">
    <p class='ocr_par' dir='ltr' id='par_1_62' title="bbox 1957 1770 3541 1847">
     <span class='ocr_line' id='line_1_64' title="bbox 1957 1770 3541 1847; baseline 0.01 -26"><span class='ocrx_word' id='word_1_438' title='bbox 1957 1770 2152 1834; x_wconf 86' lang='lat' dir='ltr'><strong>dinem,</strong></span> <span class='ocrx_word' id='word_1_439' title='bbox 2200 1773 2396 1841; x_wconf 90' lang='lat' dir='ltr'><strong>inquit,</strong></span> <span class='ocrx_word' id='word_1_440' title='bbox 2454 1789 2573 1827; x_wconf 89' lang='lat' dir='ltr'><strong>cum</strong></span> <span class='ocrx_word' id='word_1_441' title='bbox 2614 1784 2768 1830; x_wconf 84' lang='lat' dir='ltr'><strong>antea</strong></span> <span class='ocrx_word' id='word_1_442' title='bbox 2802 1795 2904 1832; x_wconf 86' lang='lat' dir='ltr'><strong>non</strong></span> <span class='ocrx_word' id='word_1_443' title='bbox 2938 1779 3143 1847; x_wconf 78' lang='lat' dir='ltr'><strong>fuisset,</strong></span> <span class='ocrx_word' id='word_1_444' title='bbox 3185 1781 3541 1837; x_wconf 84' lang='lat' dir='ltr'><strong>introductam</strong></span> 
     </span>
    </p>
   </div>
   <div class='ocr_carea' id='block_1_63' title="bbox 1953 1862 3546 1974">
    <p class='ocr_par' dir='ltr' id='par_1_63' title="bbox 1953 1862 3546 1974">
     <span class='ocr_line' id='line_1_65' title="bbox 1953 1862 3546 1974; baseline 0.009 -60"><span class='ocrx_word' id='word_1_445' title='bbox 1953 1878 2062 1915; x_wconf 77' lang='lat' dir='ltr'><strong>esse</strong></span> <span class='ocrx_word' id='word_1_446' title='bbox 2090 1862 2283 1930; x_wconf 82' lang='lat' dir='ltr'><strong>ferunt,</strong></span> <span class='ocrx_word' id='word_1_447' title='bbox 2313 1881 2378 1920; x_wconf 77' lang='lat' dir='ltr'><strong>ea:</strong></span> <span class='ocrx_word' id='word_1_448' title='bbox 2414 1883 2516 1937; x_wconf 86' lang='lat' dir='ltr'><strong>quo</strong></span> <span class='ocrx_word' id='word_1_449' title='bbox 2549 1867 2707 1923; x_wconf 82' lang='lat' dir='ltr'><strong>Arius</strong></span> <span class='ocrx_word' id='word_1_450' title='bbox 2744 1875 3008 1940; x_wconf 81' lang='lat' dir='ltr'><strong>presbyter</strong></span> <span class='ocrx_word' id='word_1_451' title='bbox 3031 1875 3094 1926; x_wconf 87' lang='lat' dir='ltr'><strong>de</strong></span> <span class='ocrx_word' id='word_1_452' title='bbox 3123 1874 3366 1928; x_wconf 77' lang='lat' dir='ltr'><strong>doetrina</strong></span> <span class='ocrx_word' id='word_1_453' title='bbox 3420 1877 3546 1974; x_wconf 53' lang='lat' dir='ltr'><strong>ﬁdei</strong></span> 
     </span>
    </p>
   </div>
   <div class='ocr_carea' id='block_1_64' title="bbox 1953 1957 3540 2045">
    <p class='ocr_par' dir='ltr' id='par_1_64' title="bbox 1953 1957 3540 2045">
     <span class='ocr_line' id='line_1_66' title="bbox 1953 1957 3540 2045; baseline 0.011 -39"><span class='ocrx_word' id='word_1_454' title='bbox 1953 1957 2236 2021; x_wconf 77' lang='lat' dir='ltr'><strong>disserens,</strong></span> <span class='ocrx_word' id='word_1_455' title='bbox 2287 1975 2419 2012; x_wconf 86' lang='lat' dir='ltr'><strong>nova</strong></span> <span class='ocrx_word' id='word_1_456' title='bbox 2486 1961 2734 2031; x_wconf 87' lang='lat' dir='ltr'><strong>dogmata</strong></span> <span class='ocrx_word' id='word_1_457' title='bbox 2776 1965 2986 2018; x_wconf 75' lang='lat' dir='ltr'><strong>invexit.</strong></span> <span class='ocrx_word' id='word_1_458' title='bbox 3035 1964 3165 2032; x_wconf 70' lang='lat' dir='ltr'><strong>Quae</strong></span> <span class='ocrx_word' id='word_1_459' title='bbox 3217 1971 3380 2022; x_wconf 86' lang='lat' dir='ltr'><strong>verba</strong></span> <span class='ocrx_word' id='word_1_460' title='bbox 3435 1957 3540 2045; x_wconf 58' lang='lat' dir='ltr'><strong>ets;</strong></span> 
     </span>
    </p>
   </div>
   <div class='ocr_carea' id='block_1_65' title="bbox 1953 2051 3541 2125">
    <p class='ocr_par' dir='ltr' id='par_1_65' title="bbox 1953 2051 3541 2125">
     <span class='ocr_line' id='line_1_67' title="bbox 1953 2051 3541 2125; baseline 0.008 -22"><span class='ocrx_word' id='word_1_461' title='bbox 1953 2051 2141 2104; x_wconf 89' lang='lat' dir='ltr'><strong>stricto</strong></span> <span class='ocrx_word' id='word_1_462' title='bbox 2167 2067 2326 2106; x_wconf 76' lang='lat' dir='ltr'><strong>sensu</strong></span> <span class='ocrx_word' id='word_1_463' title='bbox 2357 2053 2585 2110; x_wconf 88' lang='lat' dir='ltr'><strong>fortasse</strong></span> <span class='ocrx_word' id='word_1_464' title='bbox 2613 2057 2923 2124; x_wconf 81' lang='lat' dir='ltr'><strong>accipienda</strong></span> <span class='ocrx_word' id='word_1_465' title='bbox 2961 2075 3061 2112; x_wconf 78' lang='lat' dir='ltr'><strong>non</strong></span> <span class='ocrx_word' id='word_1_466' title='bbox 3090 2061 3220 2125; x_wconf 82' lang='lat' dir='ltr'><strong>sint,</strong></span> <span class='ocrx_word' id='word_1_467' title='bbox 3250 2076 3315 2116; x_wconf 86' lang='lat' dir='ltr'><strong>ex</strong></span> <span class='ocrx_word' id='word_1_468' title='bbox 3348 2062 3412 2116; x_wconf 84' lang='lat' dir='ltr'><strong>iis</strong></span> <span class='ocrx_word' id='word_1_469' title='bbox 3461 2072 3541 2116; x_wconf 87' lang='lat' dir='ltr'><strong>ta-</strong></span> 
     </span>
    </p>
   </div>
   <div class='ocr_carea' id='block_1_66' title="bbox 1954 2142 3540 2219">
    <p class='ocr_par' dir='ltr' id='par_1_66' title="bbox 1954 2142 3540 2219">
     <span class='ocr_line' id='line_1_68' title="bbox 1954 2142 3540 2219; baseline 0.009 -26"><span class='ocrx_word' id='word_1_470' title='bbox 1954 2155 2077 2195; x_wconf 85' lang='lat' dir='ltr'><strong>men</strong></span> <span class='ocrx_word' id='word_1_471' title='bbox 2142 2142 2417 2211; x_wconf 85' lang='lat' dir='ltr'><strong>conjicere</strong></span> <span class='ocrx_word' id='word_1_472' title='bbox 2458 2160 2615 2214; x_wconf 89' lang='lat' dir='ltr'><strong>posse</strong></span> <span class='ocrx_word' id='word_1_473' title='bbox 2672 2148 2947 2213; x_wconf 89' lang='lat' dir='ltr'><strong>videmur,</strong></span> <span class='ocrx_word' id='word_1_474' title='bbox 3011 2149 3290 2219; x_wconf 89' lang='lat' dir='ltr'><strong>Didymmn</strong></span> <span class='ocrx_word' id='word_1_475' title='bbox 3341 2168 3443 2205; x_wconf 87' lang='lat' dir='ltr'><strong>non</strong></span> <span class='ocrx_word' id='word_1_476' title='bbox 3486 2153 3540 2207; x_wconf 92' lang='lat' dir='ltr'><strong>in</strong></span> 
     </span>
    </p>
   </div>
   <div class='ocr_carea' id='block_1_67' title="bbox 1952 2230 3542 2305">
    <p class='ocr_par' dir='ltr' id='par_1_67' title="bbox 1952 2230 3542 2305">
     <span class='ocr_line' id='line_1_69' title="bbox 1952 2230 3542 2305; baseline 0.007 -20"><span class='ocrx_word' id='word_1_477' title='bbox 1952 2230 2206 2294; x_wconf 88' lang='lat' dir='ltr'><strong>ecclesia,</strong></span> <span class='ocrx_word' id='word_1_478' title='bbox 2246 2234 2339 2287; x_wconf 88' lang='lat' dir='ltr'><strong>sed</strong></span> <span class='ocrx_word' id='word_1_479' title='bbox 2363 2232 2516 2302; x_wconf 92' lang='lat' dir='ltr'><strong>alibi,</strong></span> <span class='ocrx_word' id='word_1_480' title='bbox 2546 2235 2831 2305; x_wconf 86' lang='lat' dir='ltr'><strong>synaxium</strong></span> <span class='ocrx_word' id='word_1_481' title='bbox 2855 2237 3044 2291; x_wconf 90' lang='lat' dir='ltr'><strong>diebus</strong></span> <span class='ocrx_word' id='word_1_482' title='bbox 3073 2241 3385 2296; x_wconf 85' lang='lat' dir='ltr'><strong>catecheses</strong></span> <span class='ocrx_word' id='word_1_483' title='bbox 3414 2258 3542 2297; x_wconf 85' lang='lat' dir='ltr'><strong>suas</strong></span> 
     </span>
    </p>
   </div>
   <div class='ocr_carea' id='block_1_68' title="bbox 1954 2320 3541 2394">
    <p class='ocr_par' dir='ltr' id='par_1_68' title="bbox 1954 2320 3541 2394">
     <span class='ocr_line' id='line_1_70' title="bbox 1954 2320 3541 2394; baseline 0.007 -19"><span class='ocrx_word' id='word_1_484' title='bbox 1954 2320 2213 2376; x_wconf 78' lang='lat' dir='ltr'><strong>habuisse</strong></span> <span class='ocrx_word' id='word_1_485' title='bbox 2262 2340 2277 2376; x_wconf 90' lang='lat'><strong>:</strong></span> <span class='ocrx_word' id='word_1_486' title='bbox 2315 2323 2545 2394; x_wconf 91' lang='lat' dir='ltr'><strong>ideoque</strong></span> <span class='ocrx_word' id='word_1_487' title='bbox 2570 2325 2671 2381; x_wconf 92' lang='lat' dir='ltr'><strong>hac</strong></span> <span class='ocrx_word' id='word_1_488' title='bbox 2716 2326 2879 2380; x_wconf 89' lang='lat' dir='ltr'><strong>etiam</strong></span> <span class='ocrx_word' id='word_1_489' title='bbox 2911 2328 2978 2382; x_wconf 94' lang='lat' dir='ltr'><strong>de</strong></span> <span class='ocrx_word' id='word_1_490' title='bbox 2997 2343 3157 2383; x_wconf 85' lang='lat' dir='ltr'><strong>causa</strong></span> <span class='ocrx_word' id='word_1_491' title='bbox 3189 2345 3282 2385; x_wconf 90' lang='lat' dir='ltr'><strong>eos</strong></span> <span class='ocrx_word' id='word_1_492' title='bbox 3306 2347 3541 2386; x_wconf 89' lang='lat' dir='ltr'><strong>conven-</strong></span> 
     </span>
    </p>
   </div>
   <div class='ocr_carea' id='block_1_69' title="bbox 1952 2414 3540 2493">
    <p class='ocr_par' dir='ltr' id='par_1_69' title="bbox 1952 2414 3540 2493">
     <span class='ocr_line' id='line_1_71' title="bbox 1952 2414 3540 2493; baseline 0.008 -27"><span class='ocrx_word' id='word_1_493' title='bbox 1952 2421 2040 2467; x_wconf 91' lang='lat' dir='ltr'><strong>tus</strong></span> <span class='ocrx_word' id='word_1_494' title='bbox 2069 2414 2241 2482; x_wconf 80' lang='lat' dir='ltr'><strong>magis</strong></span> <span class='ocrx_word' id='word_1_495' title='bbox 2274 2416 2497 2486; x_wconf 91' lang='lat' dir='ltr'><strong>proprie</strong></span> <span class='ocrx_word' id='word_1_496' title='bbox 2537 2417 2843 2484; x_wconf 83' lang='grc' dir='ltr'><strong>συνουσίας,</strong></span> <span class='ocrx_word' id='word_1_497' title='bbox 2880 2434 3038 2488; x_wconf 84' lang='lat' dir='ltr'><strong>quam</strong></span> <span class='ocrx_word' id='word_1_498' title='bbox 3069 2436 3302 2493; x_wconf 84' lang='lat' dir='ltr'><strong>synaxes</strong></span> <span class='ocrx_word' id='word_1_499' title='bbox 3331 2439 3540 2479; x_wconf 88' lang='lat' dir='ltr'><strong>nuncu-</strong></span> 
     </span>
    </p>
   </div>
   <div class='ocr_carea' id='block_1_70' title="bbox 1957 2506 2096 2575">
    <p class='ocr_par' dir='ltr' id='par_1_70' title="bbox 1957 2506 2096 2575">
     <span class='ocr_line' id='line_1_72' title="bbox 1957 2506 2096 2575; baseline 0.007 -16"><span class='ocrx_word' id='word_1_500' title='bbox 1957 2506 2096 2575; x_wconf 85' lang='lat' dir='ltr'><strong>pari.</strong></span> 
     </span>
    </p>
   </div>
   <div class='ocr_carea' id='block_1_71' title="bbox 2024 2599 3530 2678">
    <p class='ocr_par' dir='ltr' id='par_1_71' title="bbox 2024 2599 3530 2678">
     <span class='ocr_line' id='line_1_73' title="bbox 2024 2599 3530 2678; baseline 0.006 -24"><span class='ocrx_word' id='word_1_501' title='bbox 2024 2599 2130 2654; x_wconf 90' lang='lat' dir='ltr'><strong>Sed</strong></span> <span class='ocrx_word' id='word_1_502' title='bbox 2162 2599 2266 2653; x_wconf 83' lang='lat' dir='ltr'><strong>alia</strong></span> <span class='ocrx_word' id='word_1_503' title='bbox 2296 2599 2474 2656; x_wconf 86' lang='lat' dir='ltr'><strong>adhuc</strong></span> <span class='ocrx_word' id='word_1_504' title='bbox 2502 2612 2625 2657; x_wconf 87' lang='lat' dir='ltr'><strong>sunt</strong></span> <span class='ocrx_word' id='word_1_505' title='bbox 2652 2602 2703 2656; x_wconf 92' lang='lat' dir='ltr'><strong>in</strong></span> <span class='ocrx_word' id='word_1_506' title='bbox 2733 2615 2954 2659; x_wconf 82' lang='lat' dir='ltr'><strong>auctore</strong></span> <span class='ocrx_word' id='word_1_507' title='bbox 2985 2616 3173 2660; x_wconf 86' lang='lat' dir='ltr'><strong>nostro</strong></span> <span class='ocrx_word' id='word_1_508' title='bbox 3218 2607 3357 2671; x_wconf 82' lang='lat' dir='ltr'><strong>inca,</strong></span> <span class='ocrx_word' id='word_1_509' title='bbox 3408 2622 3530 2678; x_wconf 73' lang='lat' dir='ltr'><strong>quae</strong></span> 
     </span>
    </p>
   </div>
   <div class='ocr_carea' id='block_1_72' title="bbox 1951 2690 3534 2765">
    <p class='ocr_par' dir='ltr' id='par_1_72' title="bbox 1951 2690 3534 2765">
     <span class='ocr_line' id='line_1_74' title="bbox 1951 2690 3534 2765; baseline 0.008 -19"><span class='ocrx_word' id='word_1_510' title='bbox 1951 2690 2125 2762; x_wconf 88' lang='lat' dir='ltr'><strong>ipsum</strong></span> <span class='ocrx_word' id='word_1_511' title='bbox 2138 2693 2487 2748; x_wconf 87' lang='lat' dir='ltr'><strong>catechistatu</strong></span> <span class='ocrx_word' id='word_1_512' title='bbox 2504 2694 2665 2749; x_wconf 87' lang='lat' dir='ltr'><strong>fuisse</strong></span> <span class='ocrx_word' id='word_1_513' title='bbox 2680 2696 2934 2751; x_wconf 85' lang='lat' dir='ltr'><strong>indicant.</strong></span> <span class='ocrx_word' id='word_1_514' title='bbox 2954 2697 3159 2765; x_wconf 66' lang='lat' dir='ltr'><strong>Saepius</strong></span> <span class='ocrx_word' id='word_1_515' title='bbox 3172 2700 3313 2752; x_wconf 82' lang='lat' dir='ltr'><strong>enim</strong></span> <span class='ocrx_word' id='word_1_516' title='bbox 3332 2701 3376 2753; x_wconf 90' lang='lat' dir='ltr'><strong>is</strong></span> <span class='ocrx_word' id='word_1_517' title='bbox 3396 2702 3534 2758; x_wconf 77' lang='lat' dir='ltr'><strong>ﬁlias</strong></span> 
     </span>
    </p>
   </div>
   <div class='ocr_carea' id='block_1_73' title="bbox 1950 2784 3529 2863">
    <p class='ocr_par' dir='ltr' id='par_1_73' title="bbox 1950 2784 3529 2863">
     <span class='ocr_line' id='line_1_75' title="bbox 1950 2784 3529 2863; baseline 0.005 -26"><span class='ocrx_word' id='word_1_518' title='bbox 1950 2798 2103 2849; x_wconf 88' lang='lat' dir='ltr'><strong>suos,</strong></span> <span class='ocrx_word' id='word_1_519' title='bbox 2119 2800 2183 2839; x_wconf 90' lang='lat' dir='ltr'><strong>ac</strong></span> <span class='ocrx_word' id='word_1_520' title='bbox 2205 2784 2439 2839; x_wconf 89' lang='lat' dir='ltr'><strong>ﬁliorum</strong></span> <span class='ocrx_word' id='word_1_521' title='bbox 2455 2802 2679 2841; x_wconf 89' lang='lat' dir='ltr'><strong>suorum</strong></span> <span class='ocrx_word' id='word_1_522' title='bbox 2695 2789 2835 2843; x_wconf 88' lang='lat' dir='ltr'><strong>lilios</strong></span> <span class='ocrx_word' id='word_1_523' title='bbox 2851 2799 3131 2854; x_wconf 89' lang='lat' dir='ltr'><strong>memorat,</strong></span> <span class='ocrx_word' id='word_1_524' title='bbox 3151 2803 3360 2858; x_wconf 82' lang='lat' dir='ltr'><strong>propter</strong></span> <span class='ocrx_word' id='word_1_525' title='bbox 3379 2809 3529 2863; x_wconf 85' lang='lat' dir='ltr'><strong>quos,</strong></span> 
     </span>
    </p>
   </div>
   <div class='ocr_carea' id='block_1_74' title="bbox 1950 2875 3535 2947">
    <p class='ocr_par' dir='ltr' id='par_1_74' title="bbox 1950 2875 3535 2947">
     <span class='ocr_line' id='line_1_76' title="bbox 1950 2875 3535 2947; baseline 0.006 -18"><span class='ocrx_word' id='word_1_526' title='bbox 1950 2875 2145 2945; x_wconf 90' lang='lat' dir='ltr'><strong>inquit,</strong></span> <span class='ocrx_word' id='word_1_527' title='bbox 2169 2894 2223 2930; x_wconf 89' lang='lat' dir='ltr'><strong>se</strong></span> <span class='ocrx_word' id='word_1_528' title='bbox 2260 2878 2795 2943; x_wconf 86' lang='lat' dir='ltr'><strong>viventemlaborare;</strong></span> <span class='ocrx_word' id='word_1_529' title='bbox 2820 2880 3015 2947; x_wconf 67' lang='lat' dir='ltr'><strong>smpius</strong></span> <span class='ocrx_word' id='word_1_530' title='bbox 3034 2880 3197 2935; x_wconf 85' lang='lat' dir='ltr'><strong>etiam</strong></span> <span class='ocrx_word' id='word_1_531' title='bbox 3232 2886 3298 2939; x_wconf 88' lang='lat' dir='ltr'><strong>de</strong></span> <span class='ocrx_word' id='word_1_532' title='bbox 3323 2885 3388 2937; x_wconf 91' lang='lat' dir='ltr'><strong>iis</strong></span> <span class='ocrx_word' id='word_1_533' title='bbox 3426 2900 3535 2938; x_wconf 78' lang='lat' dir='ltr'><strong>tne-</strong></span> 
     </span>
    </p>
   </div>
   <div class='ocr_carea' id='block_1_75' title="bbox 1950 2966 3533 3041">
    <p class='ocr_par' dir='ltr' id='par_1_75' title="bbox 1950 2966 3533 3041">
     <span class='ocr_line' id='line_1_77' title="bbox 1950 2966 3533 3041; baseline 0.006 -23"><span class='ocrx_word' id='word_1_534' title='bbox 1950 2966 2126 3028; x_wconf 91' lang='lat' dir='ltr'><strong>ntinit,</strong></span> <span class='ocrx_word' id='word_1_535' title='bbox 2151 2967 2240 3035; x_wconf 87' lang='lat' dir='ltr'><strong>qui</strong></span> <span class='ocrx_word' id='word_1_536' title='bbox 2267 2984 2374 3021; x_wconf 90' lang='lat' dir='ltr'><strong>una</strong></span> <span class='ocrx_word' id='word_1_537' title='bbox 2402 2985 2520 3021; x_wconf 89' lang='lat' dir='ltr'><strong>cum</strong></span> <span class='ocrx_word' id='word_1_538' title='bbox 2543 2969 2654 3036; x_wconf 87' lang='lat' dir='ltr'><strong>ipso</strong></span> <span class='ocrx_word' id='word_1_539' title='bbox 2684 2971 3089 3024; x_wconf 87' lang='lat' dir='ltr'><strong>conveniebant.</strong></span> <span class='ocrx_word' id='word_1_540' title='bbox 3121 2972 3195 3026; x_wconf 88' lang='lat' dir='ltr'><strong>De</strong></span> <span class='ocrx_word' id='word_1_541' title='bbox 3239 2974 3427 3041; x_wconf 88' lang='lat' dir='ltr'><strong>primis</strong></span> <span class='ocrx_word' id='word_1_542' title='bbox 3453 2975 3533 3027; x_wconf 86' lang='lat' dir='ltr'><strong>lo-</strong></span> 
     </span>
    </p>
   </div>
   <div class='ocr_carea' id='block_1_76' title="bbox 1949 3058 3532 3133">
    <p class='ocr_par' dir='ltr' id='par_1_76' title="bbox 1949 3058 3532 3133">
     <span class='ocr_line' id='line_1_78' title="bbox 1949 3058 3532 3133; baseline 0.006 -25"><span class='ocrx_word' id='word_1_543' title='bbox 1949 3071 2119 3126; x_wconf 90' lang='lat' dir='ltr'><strong>qttens</strong></span> <span class='ocrx_word' id='word_1_544' title='bbox 2152 3058 2227 3110; x_wconf 87' lang='lat' dir='ltr'><strong>ait</strong></span> <span class='ocrx_word' id='word_1_545' title='bbox 2254 3077 2267 3112; x_wconf 91' lang='lat'><strong>:</strong></span> <span class='ocrx_word' id='word_1_546' title='bbox 2290 3059 2353 3112; x_wconf 84' lang='grc' dir='ltr'><strong>Οί</strong></span> <span class='ocrx_word' id='word_1_547' title='bbox 2375 3058 2435 3123; x_wconf 79' lang='grc' dir='ltr'>ἐξ</span> <span class='ocrx_word' id='word_1_548' title='bbox 2461 3058 2615 3130; x_wconf 78' lang='grc' dir='ltr'>ἐμοῦ,</span> <span class='ocrx_word' id='word_1_549' title='bbox 2653 3071 2706 3113; x_wconf 92' lang='lat' dir='ltr'><strong>et</strong></span> <span class='ocrx_word' id='word_1_550' title='bbox 2737 3060 2923 3114; x_wconf 85' lang='grc' dir='ltr'>παιδία</span> <span class='ocrx_word' id='word_1_551' title='bbox 2954 3060 2990 3115; x_wconf 82' lang='grc' dir='ltr'>ἂ</span> <span class='ocrx_word' id='word_1_552' title='bbox 3018 3062 3219 3116; x_wconf 78' lang='grc' dir='ltr'><strong>ἔδωκέν</strong></span> <span class='ocrx_word' id='word_1_553' title='bbox 3250 3081 3338 3133; x_wconf 86' lang='grc' dir='ltr'><strong>μοι</strong></span> <span class='ocrx_word' id='word_1_554' title='bbox 3366 3065 3532 3128; x_wconf 68' lang='lat'><strong>856;-</strong></span> 
     </span>
    </p>
   </div>
   <div class='ocr_carea' id='block_1_77' title="bbox 1949 3146 3526 3226">
    <p class='ocr_par' dir='ltr' id='par_1_77' title="bbox 1949 3146 3526 3226">
     <span class='ocr_line' id='line_1_79' title="bbox 1949 3146 3526 3226; baseline 0.008 -30"><span class='ocrx_word' id='word_1_555' title='bbox 1949 3147 2015 3200; x_wconf 88' lang='lat' dir='ltr'><strong>de</strong></span> <span class='ocrx_word' id='word_1_556' title='bbox 2038 3146 2159 3199; x_wconf 89' lang='lat' dir='ltr'><strong>aliis</strong></span> <span class='ocrx_word' id='word_1_557' title='bbox 2176 3157 2353 3202; x_wconf 87' lang='lat' dir='ltr'><strong>autem</strong></span> <span class='ocrx_word' id='word_1_558' title='bbox 2370 3151 2447 3202; x_wconf 91' lang='lat' dir='ltr'><strong>sic</strong></span> <span class='ocrx_word' id='word_1_559' title='bbox 2466 3149 2730 3217; x_wconf 87' lang='lat' dir='ltr'><strong>loquitur:</strong></span> <span class='ocrx_word' id='word_1_560' title='bbox 2758 3152 2821 3203; x_wconf 83' lang='lat' dir='ltr'><strong>0i</strong></span> <span class='ocrx_word' id='word_1_561' title='bbox 2838 3151 2933 3203; x_wconf 82' lang='grc' dir='ltr'>σὺν</span> <span class='ocrx_word' id='word_1_562' title='bbox 2952 3152 3105 3221; x_wconf 80' lang='grc' dir='ltr'>ἡμῖν,</span> <span class='ocrx_word' id='word_1_563' title='bbox 3132 3164 3184 3206; x_wconf 85' lang='lat' dir='ltr'><strong>et</strong></span> <span class='ocrx_word' id='word_1_564' title='bbox 3201 3156 3247 3205; x_wconf 76' lang='grc' dir='ltr'><strong>οὶ</strong></span> <span class='ocrx_word' id='word_1_565' title='bbox 3264 3155 3359 3207; x_wconf 79' lang='grc' dir='ltr'>σὺν</span> <span class='ocrx_word' id='word_1_566' title='bbox 3381 3156 3526 3226; x_wconf 74' lang='grc' dir='ltr'>ἐμοί.</span> 
     </span>
    </p>
   </div>
   <div class='ocr_carea' id='block_1_78' title="bbox 1947 3238 3529 3312">
    <p class='ocr_par' dir='ltr' id='par_1_78' title="bbox 1947 3238 3529 3312">
     <span class='ocr_line' id='line_1_80' title="bbox 1947 3238 3529 3312; baseline 0.005 -19"><span class='ocrx_word' id='word_1_567' title='bbox 1947 3238 2060 3294; x_wconf 86' lang='lat' dir='ltr'><strong>Etsi</strong></span> <span class='ocrx_word' id='word_1_568' title='bbox 2088 3254 2214 3293; x_wconf 90' lang='lat' dir='ltr'><strong>vero</strong></span> <span class='ocrx_word' id='word_1_569' title='bbox 2252 3241 2454 3309; x_wconf 91' lang='lat' dir='ltr'><strong>primos</strong></span> <span class='ocrx_word' id='word_1_570' title='bbox 2484 3242 2601 3295; x_wconf 89' lang='lat' dir='ltr'><strong>illos</strong></span> <span class='ocrx_word' id='word_1_571' title='bbox 2619 3244 3026 3312; x_wconf 84' lang='lat' dir='ltr'><strong>nonspiritalcs,</strong></span> <span class='ocrx_word' id='word_1_572' title='bbox 3043 3247 3135 3299; x_wconf 89' lang='lat' dir='ltr'><strong>sed</strong></span> <span class='ocrx_word' id='word_1_573' title='bbox 3154 3248 3398 3301; x_wconf 84' lang='lat' dir='ltr'><strong>carnales</strong></span> <span class='ocrx_word' id='word_1_574' title='bbox 3430 3263 3529 3301; x_wconf 87' lang='lat' dir='ltr'><strong>au-</strong></span> 
     </span>
    </p>
   </div>
   <div class='ocr_carea' id='block_1_79' title="bbox 1946 3331 3524 3409">
    <p class='ocr_par' dir='ltr' id='par_1_79' title="bbox 1946 3331 3524 3409">
     <span class='ocr_line' id='line_1_81' title="bbox 1946 3331 3524 3409; baseline 0.006 -23"><span class='ocrx_word' id='word_1_575' title='bbox 1946 3332 2117 3387; x_wconf 89' lang='lat' dir='ltr'><strong>ctoris</strong></span> <span class='ocrx_word' id='word_1_576' title='bbox 2151 3331 2291 3387; x_wconf 88' lang='lat' dir='ltr'><strong>ﬁlios</strong></span> <span class='ocrx_word' id='word_1_577' title='bbox 2321 3334 2483 3389; x_wconf 85' lang='lat' dir='ltr'><strong>luisse</strong></span> <span class='ocrx_word' id='word_1_578' title='bbox 2517 3333 2819 3401; x_wconf 89' lang='lat' dir='ltr'><strong>conjiciam,</strong></span> <span class='ocrx_word' id='word_1_579' title='bbox 2851 3337 3117 3392; x_wconf 87' lang='lat' dir='ltr'><strong>secundos</strong></span> <span class='ocrx_word' id='word_1_580' title='bbox 3141 3346 3341 3403; x_wconf 88' lang='lat' dir='ltr'><strong>tamen,</strong></span> <span class='ocrx_word' id='word_1_581' title='bbox 3388 3355 3524 3409; x_wconf 88' lang='lat' dir='ltr'><strong>quos</strong></span> 
     </span>
    </p>
   </div>
   <div class='ocr_carea' id='block_1_80' title="bbox 1945 3426 3522 3497">
    <p class='ocr_par' dir='ltr' id='par_1_80' title="bbox 1945 3426 3522 3497">
     <span class='ocr_line' id='line_1_82' title="bbox 1945 3426 3522 3497; baseline 0.006 -21"><span class='ocrx_word' id='word_1_582' title='bbox 1945 3434 2099 3479; x_wconf 87' lang='lat' dir='ltr'><strong>vocat</strong></span> <span class='ocrx_word' id='word_1_583' title='bbox 2131 3426 2257 3489; x_wconf 79' lang='grc' dir='ltr'><strong>τοὺς</strong></span> <span class='ocrx_word' id='word_1_584' title='bbox 2286 3426 2382 3479; x_wconf 80' lang='grc' dir='ltr'>σὺν</span> <span class='ocrx_word' id='word_1_585' title='bbox 2415 3426 2566 3497; x_wconf 81' lang='grc' dir='ltr'>ἐμοί,</span> <span class='ocrx_word' id='word_1_586' title='bbox 2606 3443 2698 3481; x_wconf 89' lang='lat' dir='ltr'><strong>eos</strong></span> <span class='ocrx_word' id='word_1_587' title='bbox 2731 3427 2873 3495; x_wconf 88' lang='lat' dir='ltr'><strong>ipsos</strong></span> <span class='ocrx_word' id='word_1_588' title='bbox 2910 3427 3072 3482; x_wconf 87' lang='lat' dir='ltr'><strong>fuisse</strong></span> <span class='ocrx_word' id='word_1_589' title='bbox 3101 3430 3390 3483; x_wconf 82' lang='lat' dir='ltr'><strong>verisimile</strong></span> <span class='ocrx_word' id='word_1_590' title='bbox 3417 3442 3522 3494; x_wconf 88' lang='lat' dir='ltr'><strong>est,</strong></span> 
     </span>
    </p>
   </div>
   <div class='ocr_carea' id='block_1_81' title="bbox 1939 3517 3523 3592">
    <p class='ocr_par' dir='ltr' id='par_1_81' title="bbox 1939 3517 3523 3592">
     <span class='ocr_line' id='line_1_83' title="bbox 1939 3517 3523 3592; baseline 0.006 -24"><span class='ocrx_word' id='word_1_591' title='bbox 1939 3517 2033 3585; x_wconf 91' lang='lat' dir='ltr'><strong>qui</strong></span> <span class='ocrx_word' id='word_1_592' title='bbox 2066 3532 2173 3570; x_wconf 88' lang='lat' dir='ltr'><strong>una</strong></span> <span class='ocrx_word' id='word_1_593' title='bbox 2218 3533 2334 3570; x_wconf 86' lang='lat' dir='ltr'><strong>cum</strong></span> <span class='ocrx_word' id='word_1_594' title='bbox 2378 3518 2490 3586; x_wconf 84' lang='lat' dir='ltr'><strong>ipso</strong></span> <span class='ocrx_word' id='word_1_595' title='bbox 2542 3519 2597 3571; x_wconf 91' lang='lat' dir='ltr'><strong>in</strong></span> <span class='ocrx_word' id='word_1_596' title='bbox 2641 3520 3013 3583; x_wconf 87' lang='lat' dir='ltr'><strong>conventibus,</strong></span> <span class='ocrx_word' id='word_1_597' title='bbox 3064 3531 3157 3573; x_wconf 89' lang='lat' dir='ltr'><strong>aut</strong></span> <span class='ocrx_word' id='word_1_598' title='bbox 3187 3522 3523 3592; x_wconf 77' lang='grc' dir='ltr'><strong>συνουσίαις,</strong></span> 
     </span>
    </p>
   </div>
   <div class='ocr_carea' id='block_1_82' title="bbox 1948 3609 3250 3677">
    <p class='ocr_par' dir='ltr' id='par_1_82' title="bbox 1948 3609 3250 3677">
     <span class='ocr_line' id='line_1_84' title="bbox 1948 3609 3250 3677; baseline 0.003 -18"><span class='ocrx_word' id='word_1_599' title='bbox 1948 3622 2086 3677; x_wconf 88' lang='lat' dir='ltr'><strong>quas</strong></span> <span class='ocrx_word' id='word_1_600' title='bbox 2118 3609 2249 3671; x_wconf 89' lang='lat' dir='ltr'><strong>dixi,</strong></span> <span class='ocrx_word' id='word_1_601' title='bbox 2286 3610 2352 3663; x_wconf 90' lang='lat' dir='ltr'><strong>ad</strong></span> <span class='ocrx_word' id='word_1_602' title='bbox 2378 3624 2501 3663; x_wconf 86' lang='lat' dir='ltr'><strong>eum</strong></span> <span class='ocrx_word' id='word_1_603' title='bbox 2532 3610 2855 3665; x_wconf 90' lang='lat' dir='ltr'><strong>audiendum</strong></span> <span class='ocrx_word' id='word_1_604' title='bbox 2892 3611 3250 3666; x_wconf 80' lang='lat' dir='ltr'><strong>conﬂuebant.</strong></span> 
     </span>
    </p>
   </div>
   <div class='ocr_carea' id='block_1_83' title="bbox 2009 3698 3513 3772">
    <p class='ocr_par' dir='ltr' id='par_1_83' title="bbox 2009 3698 3513 3772">
     <span class='ocr_line' id='line_1_85' title="bbox 2009 3698 3513 3772; baseline 0.006 -21"><span class='ocrx_word' id='word_1_605' title='bbox 2009 3698 2160 3765; x_wconf 89' lang='lat' dir='ltr'><strong>Quod</strong></span> <span class='ocrx_word' id='word_1_606' title='bbox 2198 3700 2414 3754; x_wconf 89' lang='lat' dir='ltr'><strong>demum</strong></span> <span class='ocrx_word' id='word_1_607' title='bbox 2445 3710 2656 3771; x_wconf 84' lang='lat' dir='ltr'><strong>spectat</strong></span> <span class='ocrx_word' id='word_1_608' title='bbox 2683 3703 2748 3755; x_wconf 88' lang='lat' dir='ltr'><strong>ad</strong></span> <span class='ocrx_word' id='word_1_609' title='bbox 2777 3704 3086 3756; x_wconf 72' lang='lat' dir='ltr'><strong>catechistat</strong></span> <span class='ocrx_word' id='word_1_610' title='bbox 3109 3703 3312 3767; x_wconf 81' lang='lat' dir='ltr'><strong>munia,</strong></span> <span class='ocrx_word' id='word_1_611' title='bbox 3351 3719 3513 3772; x_wconf 87' lang='lat' dir='ltr'><strong>quam</strong></span> 
     </span>
    </p>
   </div>
   <div class='ocr_carea' id='block_1_84' title="bbox 1940 3791 3521 3863">
    <p class='ocr_par' dir='ltr' id='par_1_84' title="bbox 1940 3791 3521 3863">
     <span class='ocr_line' id='line_1_86' title="bbox 1940 3791 3521 3863; baseline 0.004 -18"><span class='ocrx_word' id='word_1_612' title='bbox 1940 3791 2201 3862; x_wconf 83' lang='lat' dir='ltr'><strong>praeclare</strong></span> <span class='ocrx_word' id='word_1_613' title='bbox 2227 3792 2296 3847; x_wconf 88' lang='lat' dir='ltr'><strong>iis</strong></span> <span class='ocrx_word' id='word_1_614' title='bbox 2335 3792 2551 3848; x_wconf 79' lang='lat' dir='ltr'><strong>functus</strong></span> <span class='ocrx_word' id='word_1_615' title='bbox 2574 3793 2737 3847; x_wconf 81' lang='lat' dir='ltr'><strong>fuerit</strong></span> <span class='ocrx_word' id='word_1_616' title='bbox 2774 3792 3060 3863; x_wconf 88' lang='lat' dir='ltr'><strong>theologus</strong></span> <span class='ocrx_word' id='word_1_617' title='bbox 3101 3804 3303 3860; x_wconf 89' lang='lat' dir='ltr'><strong>noster,</strong></span> <span class='ocrx_word' id='word_1_618' title='bbox 3341 3798 3521 3853; x_wconf 88' lang='lat' dir='ltr'><strong>dicere</strong></span> 
     </span>
    </p>
   </div>
   <div class='ocr_carea' id='block_1_85' title="bbox 1936 3884 3515 3955">
    <p class='ocr_par' dir='ltr' id='par_1_85' title="bbox 1936 3884 3515 3955">
     <span class='ocr_line' id='line_1_87' title="bbox 1936 3884 3515 3955; baseline 0.004 -17"><span class='ocrx_word' id='word_1_619' title='bbox 1936 3898 2397 3952; x_wconf 86' lang='lat' dir='ltr'><strong>supervacaneum</strong></span> <span class='ocrx_word' id='word_1_620' title='bbox 2448 3892 2552 3939; x_wconf 90' lang='lat' dir='ltr'><strong>est.</strong></span> <span class='ocrx_word' id='word_1_621' title='bbox 2607 3884 2686 3938; x_wconf 87' lang='lat' dir='ltr'><strong>Ex</strong></span> <span class='ocrx_word' id='word_1_622' title='bbox 2732 3884 2801 3940; x_wconf 87' lang='lat' dir='ltr'><strong>iis</strong></span> <span class='ocrx_word' id='word_1_623' title='bbox 2859 3885 3026 3948; x_wconf 92' lang='lat' dir='ltr'><strong>enim,</strong></span> <span class='ocrx_word' id='word_1_624' title='bbox 3076 3900 3197 3955; x_wconf 61' lang='lat' dir='ltr'><strong>qua:</strong></span> <span class='ocrx_word' id='word_1_625' title='bbox 3248 3887 3515 3944; x_wconf 90' lang='lat' dir='ltr'><strong>hactenus</strong></span> 
     </span>
    </p>
   </div>
   <div class='ocr_carea' id='block_1_86' title="bbox 1934 3974 3516 4049">
    <p class='ocr_par' dir='ltr' id='par_1_86' title="bbox 1934 3974 3516 4049">
     <span class='ocr_line' id='line_1_88' title="bbox 1934 3974 3516 4049; baseline 0.003 -20"><span class='ocrx_word' id='word_1_626' title='bbox 1934 3974 2068 4039; x_wconf 86' lang='lat' dir='ltr'><strong>dixi,</strong></span> <span class='ocrx_word' id='word_1_627' title='bbox 2107 3984 2329 4043; x_wconf 89' lang='lat' dir='ltr'><strong>apparet</strong></span> <span class='ocrx_word' id='word_1_628' title='bbox 2349 3990 2471 4030; x_wconf 92' lang='lat' dir='ltr'><strong>eum</strong></span> <span class='ocrx_word' id='word_1_629' title='bbox 2501 3983 2555 4030; x_wconf 90' lang='lat' dir='ltr'><strong>et</strong></span> <span class='ocrx_word' id='word_1_630' title='bbox 2584 3976 2636 4030; x_wconf 91' lang='lat' dir='ltr'><strong>in</strong></span> <span class='ocrx_word' id='word_1_631' title='bbox 2666 3990 2969 4037; x_wconf 87' lang='lat' dir='ltr'><strong>sacrarum._</strong></span> <span class='ocrx_word' id='word_1_632' title='bbox 2995 3976 3294 4032; x_wconf 90' lang='lat' dir='ltr'><strong>litterarum</strong></span> <span class='ocrx_word' id='word_1_633' title='bbox 3317 3979 3516 4049; x_wconf 89' lang='lat' dir='ltr'><strong>studio,</strong></span> 
     </span>
    </p>
   </div>
   <div class='ocr_carea' id='block_1_87' title="bbox 1933 4065 3516 4162">
    <p class='ocr_par' dir='ltr' id='par_1_87' title="bbox 1933 4065 3516 4162">
     <span class='ocr_line' id='line_1_89' title="bbox 1933 4065 3516 4162; baseline 0.005 -45"><span class='ocrx_word' id='word_1_634' title='bbox 1933 4074 2095 4133; x_wconf 90' lang='lat' dir='ltr'><strong>atque</strong></span> <span class='ocrx_word' id='word_1_635' title='bbox 2129 4065 2572 4135; x_wconf 87' lang='lat' dir='ltr'><strong>interpretatione</strong></span> <span class='ocrx_word' id='word_1_636' title='bbox 2603 4068 3303 4162; x_wconf 51' lang='lat' dir='ltr'><strong>quammaxime&#39;versatum</strong></span> <span class='ocrx_word' id='word_1_637' title='bbox 3328 4070 3516 4137; x_wconf 84' lang='lat' dir='ltr'><strong>fuisse,</strong></span> 
     </span>
    </p>
   </div>
   <div class='ocr_carea' id='block_1_88' title="bbox 1931 4157 3520 4231">
    <p class='ocr_par' dir='ltr' id='par_1_88' title="bbox 1931 4157 3520 4231">
     <span class='ocr_line' id='line_1_90' title="bbox 1931 4157 3520 4231; baseline 0.004 -19"><span class='ocrx_word' id='word_1_638' title='bbox 1931 4167 1987 4212; x_wconf 90' lang='lat' dir='ltr'><strong>et</strong></span> <span class='ocrx_word' id='word_1_639' title='bbox 2015 4157 2195 4211; x_wconf 85' lang='lat' dir='ltr'><strong>divina</strong></span> <span class='ocrx_word' id='word_1_640' title='bbox 2225 4159 2474 4227; x_wconf 80' lang='lat' dir='ltr'><strong>dogmata</strong></span> <span class='ocrx_word' id='word_1_641' title='bbox 2496 4173 2619 4212; x_wconf 90' lang='lat' dir='ltr'><strong>cum</strong></span> <span class='ocrx_word' id='word_1_642' title='bbox 2650 4159 2769 4212; x_wconf 88' lang='lat' dir='ltr'><strong>viva</strong></span> <span class='ocrx_word' id='word_1_643' title='bbox 2795 4174 2945 4224; x_wconf 83' lang='lat' dir='ltr'><strong>voce,</strong></span> <span class='ocrx_word' id='word_1_644' title='bbox 2973 4157 3085 4213; x_wconf 82' lang='lat' dir='ltr'><strong>tum</strong></span> <span class='ocrx_word' id='word_1_645' title='bbox 3136 4162 3354 4231; x_wconf 85' lang='lat' dir='ltr'><strong>scriptis</strong></span> <span class='ocrx_word' id='word_1_646' title='bbox 3379 4173 3520 4217; x_wconf 82' lang='lat' dir='ltr'><strong>stre-</strong></span> 
     </span>
    </p>
   </div>
   <div class='ocr_carea' id='block_1_89' title="bbox 1931 4252 3515 4320">
    <p class='ocr_par' dir='ltr' id='par_1_89' title="bbox 1931 4252 3515 4320">
     <span class='ocr_line' id='line_1_91' title="bbox 1931 4252 3515 4320; baseline 0.003 -16"><span class='ocrx_word' id='word_1_647' title='bbox 1931 4266 2037 4304; x_wconf 89' lang='lat' dir='ltr'><strong>nue</strong></span> <span class='ocrx_word' id='word_1_648' title='bbox 2071 4265 2457 4319; x_wconf 82' lang='lat' dir='ltr'><strong>propugnasse,</strong></span> <span class='ocrx_word' id='word_1_649' title='bbox 2489 4265 2665 4320; x_wconf 86' lang='lat' dir='ltr'><strong>eaque</strong></span> <span class='ocrx_word' id='word_1_650' title='bbox 2710 4252 2777 4305; x_wconf 88' lang='lat' dir='ltr'><strong>ab</strong></span> <span class='ocrx_word' id='word_1_651' title='bbox 2834 4252 3207 4306; x_wconf 68' lang='lat' dir='ltr'><strong>haereticorum</strong></span> <span class='ocrx_word' id='word_1_652' title='bbox 3252 4253 3515 4320; x_wconf 88' lang='lat' dir='ltr'><strong>dicteriis,</strong></span> 
     </span>
    </p>
   </div>
   <div class='ocr_carea' id='block_1_90' title="bbox 1929 4341 3514 4413">
    <p class='ocr_par' dir='ltr' id='par_1_90' title="bbox 1929 4341 3514 4413">
     <span class='ocr_line' id='line_1_92' title="bbox 1929 4341 3514 4413; baseline 0.001 -17"><span class='ocrx_word' id='word_1_653' title='bbox 1929 4341 2261 4411; x_wconf 86' lang='lat' dir='ltr'><strong>objectisque</strong></span> <span class='ocrx_word' id='word_1_654' title='bbox 2288 4342 2613 4398; x_wconf 78' lang='lat' dir='ltr'><strong>vindicasse.</strong></span> <span class='ocrx_word' id='word_1_655' title='bbox 2650 4342 2704 4396; x_wconf 90' lang='lat' dir='ltr'><strong>In</strong></span> <span class='ocrx_word' id='word_1_656' title='bbox 2738 4342 2804 4397; x_wconf 91' lang='lat' dir='ltr'><strong>iis</strong></span> <span class='ocrx_word' id='word_1_657' title='bbox 2833 4343 2999 4411; x_wconf 87' lang='lat' dir='ltr'><strong>igitur</strong></span> <span class='ocrx_word' id='word_1_658' title='bbox 3026 4344 3271 4399; x_wconf 80' lang='lat' dir='ltr'><strong>formulis</strong></span> <span class='ocrx_word' id='word_1_659' title='bbox 3304 4346 3479 4413; x_wconf 80' lang='lat' dir='ltr'><strong>potius</strong></span> <span class='ocrx_word' id='word_1_660' title='bbox 3498 4385 3514 4408; x_wconf 93' lang='lat'><strong>,</strong></span> 
     </span>
    </p>
   </div>
   <div class='ocr_carea' id='block_1_91' title="bbox 1932 4433 3511 4503">
    <p class='ocr_par' dir='ltr' id='par_1_91' title="bbox 1932 4433 3511 4503">
     <span class='ocr_line' id='line_1_93' title="bbox 1932 4433 3511 4503; baseline 0.003 -17"><span class='ocrx_word' id='word_1_661' title='bbox 1932 4449 2069 4502; x_wconf 87' lang='lat' dir='ltr'><strong>quas</strong></span> <span class='ocrx_word' id='word_1_662' title='bbox 2110 4433 2271 4487; x_wconf 85' lang='lat' dir='ltr'><strong>modo</strong></span> <span class='ocrx_word' id='word_1_663' title='bbox 2321 4434 2636 4497; x_wconf 88' lang='lat' dir='ltr'><strong>memoravi,</strong></span> <span class='ocrx_word' id='word_1_664' title='bbox 2694 4434 2962 4503; x_wconf 88' lang='lat' dir='ltr'><strong>paulisper</strong></span> <span class='ocrx_word' id='word_1_665' title='bbox 3008 4436 3399 4491; x_wconf 78' lang='lat' dir='ltr'><strong>immorentur:</strong></span> <span class='ocrx_word' id='word_1_666' title='bbox 3450 4448 3511 4491; x_wconf 88' lang='lat' dir='ltr'><strong>ut</strong></span> 
     </span>
    </p>
   </div>
   <div class='ocr_carea' id='block_1_92' title="bbox 248 4515 3514 4601">
    <p class='ocr_par' dir='ltr' id='par_1_92' title="bbox 248 4515 3514 4601">
     <span class='ocr_line' id='line_1_94' title="bbox 248 4515 3514 4601; baseline 0.004 -30"><span class='ocrx_word' id='word_1_667' title='bbox 248 4517 606 4573; x_wconf 78' lang='lat' dir='ltr'><strong>catecheses?</strong></span> <span class='ocrx_word' id='word_1_668' title='bbox 636 4515 694 4571; x_wconf 95' lang='lat' dir='ltr'><strong>ln</strong></span> <span class='ocrx_word' id='word_1_669' title='bbox 741 4518 808 4572; x_wconf 88' lang='lat' dir='ltr'><strong>iis</strong></span> <span class='ocrx_word' id='word_1_670' title='bbox 844 4518 991 4572; x_wconf 85' lang='lat' dir='ltr'><strong>enim</strong></span> <span class='ocrx_word' id='word_1_671' title='bbox 1033 4520 1388 4574; x_wconf 89' lang='lat' dir='ltr'><strong>conventibus</strong></span> <span class='ocrx_word' id='word_1_672' title='bbox 1437 4534 1498 4574; x_wconf 89' lang='lat' dir='ltr'><strong>se</strong></span> <span class='ocrx_word' id='word_1_673' title='bbox 1550 4536 1655 4574; x_wconf 83' lang='lat' dir='ltr'><strong>ana</strong></span> <span class='ocrx_word' id='word_1_674' title='bbox 1706 4538 1826 4574; x_wconf 82' lang='lat' dir='ltr'><strong>cum</strong></span> <span class='ocrx_word' id='word_1_675' title='bbox 1858 4546 1902 4601; x_wconf 80' lang='grc' dir='ltr'>ι)</span> <span class='ocrx_word' id='word_1_676' title='bbox 1931 4527 2105 4595; x_wconf 86' lang='lat' dir='ltr'><strong>majus</strong></span> <span class='ocrx_word' id='word_1_677' title='bbox 2134 4526 2279 4593; x_wconf 86' lang='lat' dir='ltr'><strong>inde,</strong></span> <span class='ocrx_word' id='word_1_678' title='bbox 2310 4527 2357 4583; x_wconf 89' lang='lat' dir='ltr'><strong>si</strong></span> <span class='ocrx_word' id='word_1_679' title='bbox 2384 4527 2526 4581; x_wconf 88' lang='lat' dir='ltr'><strong>ﬁerit</strong></span> <span class='ocrx_word' id='word_1_680' title='bbox 2558 4536 2758 4596; x_wconf 89' lang='lat' dir='ltr'><strong>potest,</strong></span> <span class='ocrx_word' id='word_1_681' title='bbox 2781 4528 3018 4596; x_wconf 87' lang='lat' dir='ltr'><strong>opinioni</strong></span> <span class='ocrx_word' id='word_1_682' title='bbox 3064 4545 3195 4583; x_wconf 70' lang='lat' dir='ltr'><strong>meae</strong></span> <span class='ocrx_word' id='word_1_683' title='bbox 3227 4531 3393 4585; x_wconf 86' lang='lat' dir='ltr'><strong>robur</strong></span> <span class='ocrx_word' id='word_1_684' title='bbox 3419 4547 3514 4583; x_wconf 88' lang='lat' dir='ltr'><strong>ac-</strong></span> 
     </span>
    </p>
   </div>
   <div class='ocr_carea' id='block_1_93' title="bbox 249 4610 1825 4679">
    <p class='ocr_par' dir='ltr' id='par_1_93' title="bbox 249 4610 1825 4679">
     <span class='ocr_line' id='line_1_95' title="bbox 249 4610 1825 4679; baseline 0.004 -17"><span class='ocrx_word' id='word_1_685' title='bbox 249 4612 379 4670; x_wconf 73' lang='lat' dir='ltr'><strong>seis,</strong></span> <span class='ocrx_word' id='word_1_686' title='bbox 411 4612 467 4665; x_wconf 82' lang='lat' dir='ltr'><strong>id</strong></span> <span class='ocrx_word' id='word_1_687' title='bbox 494 4622 583 4665; x_wconf 83' lang='lat' dir='ltr'><strong>est</strong></span> <span class='ocrx_word' id='word_1_688' title='bbox 608 4625 732 4664; x_wconf 89' lang='lat' dir='ltr'><strong>cum</strong></span> <span class='ocrx_word' id='word_1_689' title='bbox 758 4610 1061 4679; x_wconf 88' lang='lat' dir='ltr'><strong>discipulis,</strong></span> <span class='ocrx_word' id='word_1_690' title='bbox 1106 4623 1311 4667; x_wconf 80' lang='lat' dir='ltr'><strong>sancta:</strong></span> <span class='ocrx_word' id='word_1_691' title='bbox 1351 4611 1633 4668; x_wconf 88' lang='lat' dir='ltr'><strong>Trinitatis</strong></span> <span class='ocrx_word' id='word_1_692' title='bbox 1684 4632 1825 4668; x_wconf 85' lang='lat' dir='ltr'><strong>com-</strong></span> 
     </span>
    </p>
   </div>
   <div class='ocr_carea' id='block_1_94' title="bbox 248 4702 1827 4775">
    <p class='ocr_par' dir='ltr' id='par_1_94' title="bbox 248 4702 1827 4775">
     <span class='ocr_line' id='line_1_96' title="bbox 248 4702 1827 4775; baseline 0.005 -22"><span class='ocrx_word' id='word_1_693' title='bbox 248 4705 685 4756; x_wconf 71' lang='lat' dir='ltr'><strong>memorationem</strong></span> <span class='ocrx_word' id='word_1_694' title='bbox 717 4702 967 4769; x_wconf 79' lang='lat' dir='ltr'><strong>factitare</strong></span> <span class='ocrx_word' id='word_1_695' title='bbox 1005 4705 1356 4759; x_wconf 84' lang='lat' dir='ltr'><strong>consuevisse</strong></span> <span class='ocrx_word' id='word_1_696' title='bbox 1396 4707 1491 4767; x_wconf 89' lang='lat' dir='ltr'><strong>ait,</strong></span> <span class='ocrx_word' id='word_1_697' title='bbox 1537 4723 1599 4759; x_wconf 83' lang='lat' dir='ltr'><strong>ac</strong></span> <span class='ocrx_word' id='word_1_698' title='bbox 1628 4723 1827 4775; x_wconf 85' lang='lat' dir='ltr'><strong>semper</strong></span> 
     </span>
    </p>
   </div>
   <div class='ocr_carea' id='block_1_95' title="bbox 250 4793 1826 4861">
    <p class='ocr_par' dir='ltr' id='par_1_95' title="bbox 250 4793 1826 4861">
     <span class='ocr_line' id='line_1_97' title="bbox 250 4793 1826 4861; baseline 0.003 -14"><span class='ocrx_word' id='word_1_699' title='bbox 250 4793 567 4848; x_wconf 71' lang='lat' dir='ltr'><strong>Trinitatem</strong></span> <span class='ocrx_word' id='word_1_700' title='bbox 588 4795 757 4857; x_wconf 68' lang='lat' dir='ltr'><strong>ipsum</strong></span> <span class='ocrx_word' id='word_1_701' title='bbox 784 4810 881 4861; x_wconf 87' lang='lat' dir='ltr'><strong>pro</strong></span> <span class='ocrx_word' id='word_1_702' title='bbox 907 4796 1103 4848; x_wconf 84' lang='lat' dir='ltr'><strong>viribus</strong></span> <span class='ocrx_word' id='word_1_703' title='bbox 1133 4794 1437 4859; x_wconf 77' lang='lat' dir='ltr'><strong>celebrasse,</strong></span> <span class='ocrx_word' id='word_1_704' title='bbox 1471 4814 1562 4850; x_wconf 87' lang='lat' dir='ltr'><strong>nec</strong></span> <span class='ocrx_word' id='word_1_705' title='bbox 1590 4798 1698 4851; x_wconf 87' lang='lat' dir='ltr'><strong>ulla</strong></span> <span class='ocrx_word' id='word_1_706' title='bbox 1730 4816 1826 4852; x_wconf 83' lang='lat' dir='ltr'><strong>un-</strong></span> 
     </span>
    </p>
   </div>
   <div class='ocr_carea' id='block_1_96' title="bbox 255 4887 1826 4958">
    <p class='ocr_par' dir='ltr' id='par_1_96' title="bbox 255 4887 1826 4958">
     <span class='ocr_line' id='line_1_98' title="bbox 255 4887 1826 4958; baseline 0.003 -20"><span class='ocrx_word' id='word_1_707' title='bbox 255 4904 408 4951; x_wconf 71' lang='lat' dir='ltr'><strong>quam</strong></span> <span class='ocrx_word' id='word_1_708' title='bbox 445 4898 681 4951; x_wconf 84' lang='lat' dir='ltr'><strong>tempore</strong></span> <span class='ocrx_word' id='word_1_709' title='bbox 708 4901 813 4939; x_wconf 83' lang='lat' dir='ltr'><strong>non</strong></span> <span class='ocrx_word' id='word_1_710' title='bbox 840 4887 1177 4953; x_wconf 70' lang='lat' dir='ltr'><strong>praedicasse,</strong></span> <span class='ocrx_word' id='word_1_711' title='bbox 1202 4904 1288 4941; x_wconf 83' lang='lat' dir='ltr'><strong>eos</strong></span> <span class='ocrx_word' id='word_1_712' title='bbox 1319 4889 1465 4942; x_wconf 77' lang='lat' dir='ltr'><strong>valde</strong></span> <span class='ocrx_word' id='word_1_713' title='bbox 1494 4891 1546 4943; x_wconf 87' lang='lat' dir='ltr'><strong>in</strong></span> <span class='ocrx_word' id='word_1_714' title='bbox 1567 4907 1719 4944; x_wconf 85' lang='lat' dir='ltr'><strong>suam</strong></span> <span class='ocrx_word' id='word_1_715' title='bbox 1745 4892 1826 4958; x_wconf 83' lang='lat' dir='ltr'><strong>ip-</strong></span> 
     </span>
    </p>
   </div>
   <div class='ocr_carea' id='block_1_97' title="bbox 252 4978 1825 5053">
    <p class='ocr_par' dir='ltr' id='par_1_97' title="bbox 252 4978 1825 5053">
     <span class='ocr_line' id='line_1_99' title="bbox 252 4978 1825 5053; baseline 0.004 -23"><span class='ocrx_word' id='word_1_716' title='bbox 252 4996 423 5031; x_wconf 77' lang='lat' dir='ltr'><strong>sorum</strong></span> <span class='ocrx_word' id='word_1_717' title='bbox 465 4978 751 5045; x_wconf 83' lang='lat' dir='ltr'><strong>perniciem</strong></span> <span class='ocrx_word' id='word_1_718' title='bbox 796 4994 1027 5044; x_wconf 79' lang='lat' dir='ltr'><strong>peccare,</strong></span> <span class='ocrx_word' id='word_1_719' title='bbox 1068 4980 1493 5049; x_wconf 69' lang='lat' dir='ltr'><strong>quiprarclarum</strong></span> <span class='ocrx_word' id='word_1_720' title='bbox 1528 4983 1731 5053; x_wconf 83' lang='lat' dir='ltr'><strong>aliquid</strong></span> <span class='ocrx_word' id='word_1_721' title='bbox 1760 4986 1825 5037; x_wconf 90' lang='lat' dir='ltr'><strong>ad</strong></span> 
     </span>
    </p>
   </div>
   <div class='ocr_carea' id='block_1_98' title="bbox 254 5067 1826 5142">
    <p class='ocr_par' dir='ltr' id='par_1_98' title="bbox 254 5067 1826 5142">
     <span class='ocr_line' id='line_1_100' title="bbox 254 5067 1826 5142; baseline 0.006 -21"><span class='ocrx_word' id='word_1_722' title='bbox 254 5070 571 5123; x_wconf 63' lang='lat' dir='ltr'><strong>mtholicam</strong></span> <span class='ocrx_word' id='word_1_723' title='bbox 596 5069 665 5122; x_wconf 91' lang='lat' dir='ltr'><strong>de</strong></span> <span class='ocrx_word' id='word_1_724' title='bbox 694 5067 960 5124; x_wconf 89' lang='lat' dir='ltr'><strong>Trinitate</strong></span> <span class='ocrx_word' id='word_1_725' title='bbox 1001 5071 1161 5125; x_wconf 87' lang='lat' dir='ltr'><strong>ﬁdem</strong></span> <span class='ocrx_word' id='word_1_726' title='bbox 1204 5085 1461 5142; x_wconf 86' lang='lat' dir='ltr'><strong>spectans</strong></span> <span class='ocrx_word' id='word_1_727' title='bbox 1503 5079 1579 5130; x_wconf 79' lang='lat' dir='ltr'><strong>rel</strong></span> <span class='ocrx_word' id='word_1_728' title='bbox 1630 5077 1826 5131; x_wconf 84' lang='lat' dir='ltr'><strong>discere</strong></span> 
     </span>
    </p>
   </div>
   <div class='ocr_carea' id='block_1_99' title="bbox 260 5160 1827 5233">
    <p class='ocr_par' dir='ltr' id='par_1_99' title="bbox 260 5160 1827 5233">
     <span class='ocr_line' id='line_1_101' title="bbox 260 5160 1827 5233; baseline 0.01 -24"><span class='ocrx_word' id='word_1_729' title='bbox 260 5160 538 5231; x_wconf 72' lang='lat' dir='ltr'><strong>negligant,</strong></span> <span class='ocrx_word' id='word_1_730' title='bbox 572 5160 651 5214; x_wconf 75' lang='lat' dir='ltr'><strong>vel</strong></span> <span class='ocrx_word' id='word_1_731' title='bbox 684 5161 890 5218; x_wconf 86' lang='lat' dir='ltr'><strong>docere.</strong></span> <span class='ocrx_word' id='word_1_732' title='bbox 926 5164 1220 5233; x_wconf 82' lang='lat' dir='ltr'><strong>Aptissime</strong></span> <span class='ocrx_word' id='word_1_733' title='bbox 1250 5180 1383 5220; x_wconf 86' lang='lat' dir='ltr'><strong>sane</strong></span> <span class='ocrx_word' id='word_1_734' title='bbox 1424 5168 1535 5220; x_wconf 67' lang='lat' dir='ltr'><strong>haec</strong></span> <span class='ocrx_word' id='word_1_735' title='bbox 1582 5168 1636 5223; x_wconf 90' lang='lat' dir='ltr'><strong>in</strong></span> <span class='ocrx_word' id='word_1_736' title='bbox 1676 5180 1827 5224; x_wconf 89' lang='lat' dir='ltr'><strong>cate-</strong></span> 
     </span>
    </p>
   </div>
   <div class='ocr_carea' id='block_1_100' title="bbox 260 5252 1824 5331">
    <p class='ocr_par' dir='ltr' id='par_1_100' title="bbox 260 5252 1824 5331">
     <span class='ocr_line' id='line_1_102' title="bbox 260 5252 1824 5331; baseline 0.008 -28"><span class='ocrx_word' id='word_1_737' title='bbox 260 5252 477 5308; x_wconf 82' lang='lat' dir='ltr'><strong>chistam</strong></span> <span class='ocrx_word' id='word_1_738' title='bbox 535 5253 967 5308; x_wconf 78' lang='lat' dir='ltr'><strong>Alexandrinum</strong></span> <span class='ocrx_word' id='word_1_739' title='bbox 1016 5258 1327 5324; x_wconf 88' lang='lat' dir='ltr'><strong>convenire,</strong></span> <span class='ocrx_word' id='word_1_740' title='bbox 1370 5260 1578 5314; x_wconf 89' lang='lat' dir='ltr'><strong>ostendi</strong></span> <span class='ocrx_word' id='word_1_741' title='bbox 1616 5261 1726 5331; x_wconf 84' lang='lat' dir='ltr'><strong>jam</strong></span> <span class='ocrx_word' id='word_1_742' title='bbox 1773 5262 1824 5316; x_wconf 92' lang='lat' dir='ltr'><strong>in</strong></span> 
     </span>
    </p>
   </div>
   <div class='ocr_carea' id='block_1_101' title="bbox 262 5346 1825 5420">
    <p class='ocr_par' dir='ltr' id='par_1_101' title="bbox 262 5346 1825 5420">
     <span class='ocr_line' id='line_1_103' title="bbox 262 5346 1825 5420; baseline 0.007 -23"><span class='ocrx_word' id='word_1_743' title='bbox 262 5347 390 5400; x_wconf 81' lang='lat' dir='ltr'><strong>notis</strong></span> <span class='ocrx_word' id='word_1_744' title='bbox 422 5347 489 5400; x_wconf 85' lang='lat' dir='ltr'><strong>ad</strong></span> <span class='ocrx_word' id='word_1_745' title='bbox 531 5360 656 5400; x_wconf 87' lang='lat' dir='ltr'><strong>eum</strong></span> <span class='ocrx_word' id='word_1_746' title='bbox 702 5346 900 5400; x_wconf 92' lang='lat' dir='ltr'><strong>locum.</strong></span> <span class='ocrx_word' id='word_1_747' title='bbox 946 5346 1079 5403; x_wconf 86' lang='lat' dir='ltr'><strong>Cum</strong></span> <span class='ocrx_word' id='word_1_748' title='bbox 1127 5351 1270 5405; x_wconf 91' lang='lat' dir='ltr'><strong>enim</strong></span> <span class='ocrx_word' id='word_1_749' title='bbox 1316 5352 1676 5420; x_wconf 65' lang='lat' dir='ltr'><strong>Alexandriae,</strong></span> <span class='ocrx_word' id='word_1_750' title='bbox 1721 5370 1825 5408; x_wconf 90' lang='lat' dir='ltr'><strong>non</strong></span> 
     </span>
    </p>
   </div>
   <div class='ocr_carea' id='block_1_102' title="bbox 263 5439 1827 5513">
    <p class='ocr_par' dir='ltr' id='par_1_102' title="bbox 263 5439 1827 5513">
     <span class='ocr_line' id='line_1_104' title="bbox 263 5439 1827 5513; baseline 0.01 -28"><span class='ocrx_word' id='word_1_751' title='bbox 263 5448 377 5491; x_wconf 81' lang='lat' dir='ltr'><strong>vero</strong></span> <span class='ocrx_word' id='word_1_752' title='bbox 402 5439 455 5491; x_wconf 92' lang='lat' dir='ltr'><strong>in</strong></span> <span class='ocrx_word' id='word_1_753' title='bbox 508 5440 720 5509; x_wconf 88' lang='lat' dir='ltr'><strong>reliqua</strong></span> <span class='ocrx_word' id='word_1_754' title='bbox 768 5439 1025 5513; x_wconf 67' lang='lat' dir='ltr'><strong>Egypto,</strong></span> <span class='ocrx_word' id='word_1_755' title='bbox 1069 5457 1302 5513; x_wconf 87' lang='lat' dir='ltr'><strong>synaxes</strong></span> <span class='ocrx_word' id='word_1_756' title='bbox 1364 5444 1589 5500; x_wconf 85' lang='lat' dir='ltr'><strong>alternis</strong></span> <span class='ocrx_word' id='word_1_757' title='bbox 1637 5446 1827 5501; x_wconf 87' lang='lat' dir='ltr'><strong>diebus</strong></span> 
     </span>
    </p>
   </div>
   <div class='ocr_carea' id='block_1_103' title="bbox 266 5530 1825 5610">
    <p class='ocr_par' dir='ltr' id='par_1_103' title="bbox 266 5530 1825 5610">
     <span class='ocr_line' id='line_1_105' title="bbox 266 5530 1825 5610; baseline 0.012 -31"><span class='ocrx_word' id='word_1_758' title='bbox 266 5530 425 5599; x_wconf 83' lang='lat' dir='ltr'><strong>reipsa</strong></span> <span class='ocrx_word' id='word_1_759' title='bbox 478 5534 836 5599; x_wconf 88' lang='lat' dir='ltr'><strong>haberentur,</strong></span> <span class='ocrx_word' id='word_1_760' title='bbox 866 5538 955 5591; x_wconf 89' lang='lat' dir='ltr'><strong>vix</strong></span> <span class='ocrx_word' id='word_1_761' title='bbox 1004 5537 1358 5593; x_wconf 89' lang='lat' dir='ltr'><strong>dubitandum</strong></span> <span class='ocrx_word' id='word_1_762' title='bbox 1404 5541 1633 5606; x_wconf 86' lang='lat' dir='ltr'><strong>videtur,</strong></span> <span class='ocrx_word' id='word_1_763' title='bbox 1696 5542 1825 5610; x_wconf 90' lang='lat' dir='ltr'><strong>quin</strong></span> 
     </span>
    </p>
   </div>
   <div class='ocr_carea' id='block_1_104' title="bbox 270 5619 1826 5697">
    <p class='ocr_par' dir='ltr' id='par_1_104' title="bbox 270 5619 1826 5697">
     <span class='ocr_line' id='line_1_106' title="bbox 270 5619 1826 5697; baseline 0.011 -26"><span class='ocrx_word' id='word_1_764' title='bbox 270 5619 502 5691; x_wconf 77' lang='lat' dir='ltr'><strong>Didymus</strong></span> <span class='ocrx_word' id='word_1_765' title='bbox 527 5642 745 5697; x_wconf 87' lang='lat' dir='ltr'><strong>quoque</strong></span> <span class='ocrx_word' id='word_1_766' title='bbox 772 5626 998 5683; x_wconf 88' lang='lat' dir='ltr'><strong>alternis</strong></span> <span class='ocrx_word' id='word_1_767' title='bbox 1026 5629 1217 5683; x_wconf 86' lang='lat' dir='ltr'><strong>diebus</strong></span> <span class='ocrx_word' id='word_1_768' title='bbox 1253 5645 1379 5684; x_wconf 88' lang='lat' dir='ltr'><strong>suas</strong></span> <span class='ocrx_word' id='word_1_769' title='bbox 1426 5631 1727 5697; x_wconf 79' lang='grc' dir='ltr'>συνουσίας,</span> <span class='ocrx_word' id='word_1_770' title='bbox 1774 5634 1826 5688; x_wconf 89' lang='lat' dir='ltr'><strong>id</strong></span> 
     </span>
    </p>
   </div>
   <div class='ocr_carea' id='block_1_105' title="bbox 271 5721 1825 5789">
    <p class='ocr_par' dir='ltr' id='par_1_105' title="bbox 271 5721 1825 5789">
     <span class='ocr_line' id='line_1_107' title="bbox 271 5721 1825 5789; baseline 0.006 -22"><span class='ocrx_word' id='word_1_771' title='bbox 271 5724 344 5763; x_wconf 76' lang='lat' dir='ltr'><strong>est</strong></span> <span class='ocrx_word' id='word_1_772' title='bbox 370 5731 487 5770; x_wconf 80' lang='lat' dir='ltr'><strong>suos</strong></span> <span class='ocrx_word' id='word_1_773' title='bbox 515 5732 867 5788; x_wconf 81' lang='lat' dir='ltr'><strong>congressus,</strong></span> <span class='ocrx_word' id='word_1_774' title='bbox 904 5729 994 5772; x_wconf 87' lang='lat' dir='ltr'><strong>aut</strong></span> <span class='ocrx_word' id='word_1_775' title='bbox 1029 5729 1327 5775; x_wconf 87' lang='lat' dir='ltr'><strong>conventus</strong></span> <span class='ocrx_word' id='word_1_776' title='bbox 1374 5721 1639 5777; x_wconf 88' lang='lat' dir='ltr'><strong>habuerit.</strong></span> <span class='ocrx_word' id='word_1_777' title='bbox 1674 5724 1825 5789; x_wconf 91' lang='lat' dir='ltr'><strong>Quod</strong></span> 
     </span>
    </p>
   </div>
   <div class='ocr_carea' id='block_1_106' title="bbox 274 5809 1804 5882">
    <p class='ocr_par' dir='ltr' id='par_1_106' title="bbox 274 5809 1804 5882">
     <span class='ocr_line' id='line_1_108' title="bbox 274 5809 1804 5882; baseline 0.011 -28"><span class='ocrx_word' id='word_1_778' title='bbox 274 5816 385 5861; x_wconf 73' lang='lat' dir='ltr'><strong>rere</strong></span> <span class='ocrx_word' id='word_1_779' title='bbox 414 5809 539 5866; x_wconf 83' lang='lat' dir='ltr'><strong>istos</strong></span> <span class='ocrx_word' id='word_1_780' title='bbox 570 5821 753 5866; x_wconf 65' lang='lat' dir='ltr'><strong>cattus</strong></span> <span class='ocrx_word' id='word_1_781' title='bbox 786 5812 1073 5876; x_wconf 82' lang='grc' dir='ltr'>συνουσίας</span> <span class='ocrx_word' id='word_1_782' title='bbox 1096 5814 1275 5882; x_wconf 82' lang='lat' dir='ltr'><strong>potius</strong></span> <span class='ocrx_word' id='word_1_783' title='bbox 1306 5824 1459 5870; x_wconf 81' lang='lat' dir='ltr'><strong>vocet</strong></span> <span class='ocrx_word' id='word_1_784' title='bbox 1509 5824 1698 5871; x_wconf 86' lang='lat' dir='ltr'><strong>auctor</strong></span> <span class='ocrx_word' id='word_1_785' title='bbox 1733 5832 1804 5871; x_wconf 90' lang='lat' dir='ltr'><strong>no</strong></span> 
     </span>
    </p>
   </div>
   <div class='ocr_carea' id='block_1_107' title="bbox 1935 4619 2115 4673">
    <p class='ocr_par' dir='ltr' id='par_1_107' title="bbox 1935 4619 2115 4673">
     <span class='ocr_line' id='line_1_109' title="bbox 1935 4619 2115 4673; baseline -0.011 0"><span class='ocrx_word' id='word_1_786' title='bbox 1935 4619 2115 4673; x_wconf 86' lang='lat' dir='ltr'><strong>cedat.</strong></span> 
     </span>
    </p>
   </div>
   <div class='ocr_carea' id='block_1_108' title="bbox 1932 4707 3501 4783">
    <p class='ocr_par' dir='ltr' id='par_1_108' title="bbox 1932 4707 3501 4783">
     <span class='ocr_line' id='line_1_110' title="bbox 1932 4707 3501 4783; baseline 0.002 -18"><span class='ocrx_word' id='word_1_787' title='bbox 1932 4709 2060 4765; x_wconf 77' lang='lat' dir='ltr'><strong>CAP.</strong></span> <span class='ocrx_word' id='word_1_788' title='bbox 2099 4708 2168 4765; x_wconf 81' lang='grc' dir='ltr'>Χ.</span> <span class='ocrx_word' id='word_1_789' title='bbox 2200 4707 2369 4762; x_wconf 81' lang='lat' dir='ltr'><strong>Filios</strong></span> <span class='ocrx_word' id='word_1_790' title='bbox 2394 4710 2570 4778; x_wconf 77' lang='lat' dir='ltr'><strong>genuit</strong></span> <span class='ocrx_word' id='word_1_791' title='bbox 2607 4721 2656 4764; x_wconf 89' lang='lat' dir='ltr'><strong>et</strong></span> <span class='ocrx_word' id='word_1_792' title='bbox 2690 4722 2874 4763; x_wconf 82' lang='lat' dir='ltr'><strong>auctor</strong></span> <span class='ocrx_word' id='word_1_793' title='bbox 2914 4722 3087 4764; x_wconf 83' lang='lat' dir='ltr'><strong>noster</strong></span> <span class='ocrx_word' id='word_1_794' title='bbox 3129 4722 3177 4764; x_wconf 87' lang='lat' dir='ltr'><strong>et</strong></span> <span class='ocrx_word' id='word_1_795' title='bbox 3225 4712 3501 4783; x_wconf 79' lang='lat' dir='ltr'><strong>Didymus.</strong></span> 
     </span>
    </p>
   </div>
   <div class='ocr_carea' id='block_1_109' title="bbox 2022 4797 3515 4870">
    <p class='ocr_par' dir='ltr' id='par_1_109' title="bbox 2022 4797 3515 4870">
     <span class='ocr_line' id='line_1_111' title="bbox 2022 4797 3515 4870; baseline 0.003 -19"><span class='ocrx_word' id='word_1_796' title='bbox 2022 4797 2168 4852; x_wconf 79' lang='lat' dir='ltr'><strong>Nihil</strong></span> <span class='ocrx_word' id='word_1_797' title='bbox 2204 4799 2387 4867; x_wconf 86' lang='lat' dir='ltr'><strong>itaque</strong></span> <span class='ocrx_word' id='word_1_798' title='bbox 2425 4799 2669 4854; x_wconf 84' lang='lat' dir='ltr'><strong>crebrius</strong></span> <span class='ocrx_word' id='word_1_799' title='bbox 2703 4803 2755 4852; x_wconf 87' lang='lat' dir='ltr'><strong>in</strong></span> <span class='ocrx_word' id='word_1_800' title='bbox 2784 4801 3184 4868; x_wconf 86' lang='lat' dir='ltr'><strong>precationibus</strong></span> <span class='ocrx_word' id='word_1_801' title='bbox 3214 4804 3337 4855; x_wconf 87' lang='lat' dir='ltr'><strong>huic</strong></span> <span class='ocrx_word' id='word_1_802' title='bbox 3367 4803 3515 4870; x_wconf 81' lang='lat' dir='ltr'><strong>Operi</strong></span> 
     </span>
    </p>
   </div>
   <div class='ocr_carea' id='block_1_110' title="bbox 1935 4894 3524 4962">
    <p class='ocr_par' dir='ltr' id='par_1_110' title="bbox 1935 4894 3524 4962">
     <span class='ocr_line' id='line_1_112' title="bbox 1935 4894 3524 4962; baseline 0.001 -16"><span class='ocrx_word' id='word_1_803' title='bbox 1935 4894 2150 4947; x_wconf 88' lang='lat' dir='ltr'><strong>insertis</strong></span> <span class='ocrx_word' id='word_1_804' title='bbox 2188 4902 2452 4947; x_wconf 84' lang='lat' dir='ltr'><strong>memorat</strong></span> <span class='ocrx_word' id='word_1_805' title='bbox 2491 4900 2680 4945; x_wconf 88' lang='lat' dir='ltr'><strong>auctor</strong></span> <span class='ocrx_word' id='word_1_806' title='bbox 2726 4903 2929 4957; x_wconf 83' lang='lat' dir='ltr'><strong>noster,</strong></span> <span class='ocrx_word' id='word_1_807' title='bbox 2976 4908 3136 4962; x_wconf 87' lang='lat' dir='ltr'><strong>quam</strong></span> <span class='ocrx_word' id='word_1_808' title='bbox 3182 4894 3323 4947; x_wconf 88' lang='lat' dir='ltr'><strong>ﬁlios</strong></span> <span class='ocrx_word' id='word_1_809' title='bbox 3368 4910 3524 4957; x_wconf 69' lang='lat' dir='ltr'><strong>suos,</strong></span> 
     </span>
    </p>
   </div>
   <div class='ocr_carea' id='block_1_111' title="bbox 1934 4982 3513 5056">
    <p class='ocr_par' dir='ltr' id='par_1_111' title="bbox 1934 4982 3513 5056">
     <span class='ocr_line' id='line_1_113' title="bbox 1934 4982 3513 5056; baseline 0.003 -19"><span class='ocrx_word' id='word_1_810' title='bbox 1934 4994 1995 5038; x_wconf 86' lang='lat' dir='ltr'><strong>ut</strong></span> <span class='ocrx_word' id='word_1_811' title='bbox 2020 4984 2133 5051; x_wconf 85' lang='lat' dir='ltr'><strong>jam</strong></span> <span class='ocrx_word' id='word_1_812' title='bbox 2167 4985 2303 5038; x_wconf 84' lang='lat' dir='ltr'><strong>dixi.</strong></span> <span class='ocrx_word' id='word_1_813' title='bbox 2343 4982 2487 5055; x_wconf 74' lang='lat' dir='ltr'><strong>[XX]</strong></span> <span class='ocrx_word' id='word_1_814' title='bbox 2518 4983 2715 5038; x_wconf 78' lang='lat' dir='ltr'><strong>Eorum</strong></span> <span class='ocrx_word' id='word_1_815' title='bbox 2742 4986 2987 5038; x_wconf 88' lang='lat' dir='ltr'><strong>meminit</strong></span> <span class='ocrx_word' id='word_1_816' title='bbox 3023 5002 3178 5056; x_wconf 84' lang='lat' dir='ltr'><strong>pagg.</strong></span> <span class='ocrx_word' id='word_1_817' title='bbox 3214 4987 3341 5053; x_wconf 72' lang='grc'>202,</span> <span class='ocrx_word' id='word_1_818' title='bbox 3387 4987 3513 5053; x_wconf 73' lang='grc'>205,</span> 
     </span>
    </p>
   </div>
   <div class='ocr_carea' id='block_1_112' title="bbox 1932 5076 3516 5149">
    <p class='ocr_par' dir='ltr' id='par_1_112' title="bbox 1932 5076 3516 5149">
     <span class='ocr_line' id='line_1_114' title="bbox 1932 5076 3516 5149; baseline 0.003 -18"><span class='ocrx_word' id='word_1_819' title='bbox 1932 5076 2059 5142; x_wconf 75' lang='grc'>505,</span> <span class='ocrx_word' id='word_1_820' title='bbox 2094 5076 2219 5141; x_wconf 79' lang='grc'>507,</span> <span class='ocrx_word' id='word_1_821' title='bbox 2253 5076 2378 5143; x_wconf 80' lang='grc'>508,</span> <span class='ocrx_word' id='word_1_822' title='bbox 2408 5092 2473 5131; x_wconf 90' lang='lat' dir='ltr'><strong>ac</strong></span> <span class='ocrx_word' id='word_1_823' title='bbox 2499 5078 2715 5131; x_wconf 88' lang='lat' dir='ltr'><strong>demum</strong></span> <span class='ocrx_word' id='word_1_824' title='bbox 2750 5077 2878 5133; x_wconf 76' lang='grc'><strong>519.</strong></span> <span class='ocrx_word' id='word_1_825' title='bbox 2931 5079 3117 5144; x_wconf 72' lang='lat' dir='ltr'><strong>Quaeri</strong></span> <span class='ocrx_word' id='word_1_826' title='bbox 3150 5095 3278 5148; x_wconf 87' lang='lat' dir='ltr'><strong>ergo</strong></span> <span class='ocrx_word' id='word_1_827' title='bbox 3330 5088 3516 5149; x_wconf 81' lang='lat' dir='ltr'><strong>posset</strong></span> 
     </span>
    </p>
   </div>
   <div class='ocr_carea' id='block_1_113' title="bbox 1934 5170 3514 5241">
    <p class='ocr_par' dir='ltr' id='par_1_113' title="bbox 1934 5170 3514 5241">
     <span class='ocr_line' id='line_1_115' title="bbox 1934 5170 3514 5241; baseline 0.002 -19"><span class='ocrx_word' id='word_1_828' title='bbox 1934 5170 2135 5238; x_wconf 88' lang='lat' dir='ltr'><strong>primo,</strong></span> <span class='ocrx_word' id='word_1_829' title='bbox 2165 5180 2344 5223; x_wconf 90' lang='lat' dir='ltr'><strong>utrum</strong></span> <span class='ocrx_word' id='word_1_830' title='bbox 2374 5178 2563 5224; x_wconf 89' lang='lat' dir='ltr'><strong>auctor</strong></span> <span class='ocrx_word' id='word_1_831' title='bbox 2610 5181 2817 5238; x_wconf 88' lang='lat' dir='ltr'><strong>noster,</strong></span> <span class='ocrx_word' id='word_1_832' title='bbox 2867 5180 2959 5224; x_wconf 90' lang='lat' dir='ltr'><strong>aut</strong></span> <span class='ocrx_word' id='word_1_833' title='bbox 3016 5171 3281 5241; x_wconf 86' lang='lat' dir='ltr'><strong>Didymus</strong></span> <span class='ocrx_word' id='word_1_834' title='bbox 3325 5188 3514 5227; x_wconf 87' lang='lat' dir='ltr'><strong>mona-</strong></span> 
     </span>
    </p>
   </div>
   <div class='ocr_carea' id='block_1_114' title="bbox 1933 5261 3513 5333">
    <p class='ocr_par' dir='ltr' id='par_1_114' title="bbox 1933 5261 3513 5333">
     <span class='ocr_line' id='line_1_116' title="bbox 1933 5261 3513 5333; baseline 0.003 -17"><span class='ocrx_word' id='word_1_835' title='bbox 1933 5261 2066 5317; x_wconf 84' lang='lat' dir='ltr'><strong>chus</strong></span> <span class='ocrx_word' id='word_1_836' title='bbox 2097 5262 2300 5317; x_wconf 89' lang='lat' dir='ltr'><strong>fuerit:</strong></span> <span class='ocrx_word' id='word_1_837' title='bbox 2329 5263 2522 5316; x_wconf 87' lang='lat' dir='ltr'><strong>deinde</strong></span> <span class='ocrx_word' id='word_1_838' title='bbox 2564 5272 2745 5317; x_wconf 91' lang='lat' dir='ltr'><strong>utrum</strong></span> <span class='ocrx_word' id='word_1_839' title='bbox 2776 5265 2841 5318; x_wconf 85' lang='lat' dir='ltr'><strong>de</strong></span> <span class='ocrx_word' id='word_1_840' title='bbox 2876 5263 3000 5318; x_wconf 88' lang='lat' dir='ltr'><strong>ﬁliis</strong></span> <span class='ocrx_word' id='word_1_841' title='bbox 3038 5264 3388 5333; x_wconf 84' lang='lat' dir='ltr'><strong>spiritalibus,</strong></span> <span class='ocrx_word' id='word_1_842' title='bbox 3442 5281 3513 5320; x_wconf 88' lang='lat' dir='ltr'><strong>an</strong></span> 
     </span>
    </p>
   </div>
   <div class='ocr_carea' id='block_1_115' title="bbox 1933 5353 3506 5426">
    <p class='ocr_par' dir='ltr' id='par_1_115' title="bbox 1933 5353 3506 5426">
     <span class='ocr_line' id='line_1_117' title="bbox 1933 5353 3506 5426; baseline 0.003 -18"><span class='ocrx_word' id='word_1_843' title='bbox 1933 5354 2000 5408; x_wconf 88' lang='lat' dir='ltr'><strong>de</strong></span> <span class='ocrx_word' id='word_1_844' title='bbox 2029 5354 2332 5407; x_wconf 88' lang='lat' dir='ltr'><strong>carnalibus</strong></span> <span class='ocrx_word' id='word_1_845' title='bbox 2354 5368 2416 5407; x_wconf 89' lang='lat' dir='ltr'><strong>ea</strong></span> <span class='ocrx_word' id='word_1_846' title='bbox 2438 5353 2549 5408; x_wconf 91' lang='lat' dir='ltr'><strong>loca</strong></span> <span class='ocrx_word' id='word_1_847' title='bbox 2577 5354 2920 5424; x_wconf 87' lang='lat' dir='ltr'><strong>intelligenda</strong></span> <span class='ocrx_word' id='word_1_848' title='bbox 2943 5356 3072 5410; x_wconf 89' lang='lat' dir='ltr'><strong>sint.</strong></span> <span class='ocrx_word' id='word_1_849' title='bbox 3103 5354 3300 5410; x_wconf 85' lang='lat' dir='ltr'><strong>Verum</strong></span> <span class='ocrx_word' id='word_1_850' title='bbox 3328 5357 3506 5426; x_wconf 90' lang='lat' dir='ltr'><strong>prima</strong></span> 
     </span>
    </p>
   </div>
   <div class='ocr_carea' id='block_1_116' title="bbox 1934 5443 3513 5516">
    <p class='ocr_par' dir='ltr' id='par_1_116' title="bbox 1934 5443 3513 5516">
     <span class='ocr_line' id='line_1_118' title="bbox 1934 5443 3513 5516; baseline 0.006 -22"><span class='ocrx_word' id='word_1_851' title='bbox 1934 5443 2160 5512; x_wconf 64' lang='lat' dir='ltr'><strong>quaestio</strong></span> <span class='ocrx_word' id='word_1_852' title='bbox 2195 5452 2249 5498; x_wconf 84' lang='lat' dir='ltr'><strong>et</strong></span> <span class='ocrx_word' id='word_1_853' title='bbox 2277 5460 2304 5495; x_wconf 90' lang='lat' dir='ltr'><strong>a</strong></span> <span class='ocrx_word' id='word_1_854' title='bbox 2340 5447 2616 5514; x_wconf 91' lang='lat' dir='ltr'><strong>proposito</strong></span> <span class='ocrx_word' id='word_1_855' title='bbox 2664 5461 2785 5499; x_wconf 86' lang='lat' dir='ltr'><strong>meo</strong></span> <span class='ocrx_word' id='word_1_856' title='bbox 2844 5445 3016 5499; x_wconf 84' lang='lat' dir='ltr'><strong>aliena</strong></span> <span class='ocrx_word' id='word_1_857' title='bbox 3060 5457 3163 5512; x_wconf 89' lang='lat' dir='ltr'><strong>est,</strong></span> <span class='ocrx_word' id='word_1_858' title='bbox 3220 5463 3391 5516; x_wconf 88' lang='lat' dir='ltr'><strong>neque</strong></span> <span class='ocrx_word' id='word_1_859' title='bbox 3445 5451 3513 5504; x_wconf 89' lang='lat' dir='ltr'><strong>ad</strong></span> 
     </span>
    </p>
   </div>
   <div class='ocr_carea' id='block_1_117' title="bbox 1934 5532 3509 5594">
    <p class='ocr_par' dir='ltr' id='par_1_117' title="bbox 1934 5532 3509 5594">
     <span class='ocr_line' id='line_1_119' title="bbox 1934 5532 3509 5594; baseline 0.004 -7"><span class='ocrx_word' id='word_1_860' title='bbox 1934 5532 2246 5587; x_wconf 85' lang='lat' dir='ltr'><strong>solvendam</strong></span> <span class='ocrx_word' id='word_1_861' title='bbox 2287 5533 2510 5586; x_wconf 86' lang='lat' dir='ltr'><strong>alteram</strong></span> <span class='ocrx_word' id='word_1_862' title='bbox 2536 5535 2756 5588; x_wconf 89' lang='lat' dir='ltr'><strong>omnino</strong></span> <span class='ocrx_word' id='word_1_863' title='bbox 2788 5536 3117 5591; x_wconf 88' lang='lat' dir='ltr'><strong>necessaria.</strong></span> <span class='ocrx_word' id='word_1_864' title='bbox 3170 5536 3312 5592; x_wconf 81' lang='lat' dir='ltr'><strong>Fieri</strong></span> <span class='ocrx_word' id='word_1_865' title='bbox 3364 5540 3509 5594; x_wconf 90' lang='lat' dir='ltr'><strong>enim</strong></span> 
     </span>
    </p>
   </div>
   <div class='ocr_carea' id='block_1_118' title="bbox 1935 5625 3513 5701">
    <p class='ocr_par' dir='ltr' id='par_1_118' title="bbox 1935 5625 3513 5701">
     <span class='ocr_line' id='line_1_120' title="bbox 1935 5625 3513 5701; baseline 0.003 -21"><span class='ocrx_word' id='word_1_866' title='bbox 1935 5634 2135 5694; x_wconf 90' lang='lat' dir='ltr'><strong>potest,</strong></span> <span class='ocrx_word' id='word_1_867' title='bbox 2169 5636 2226 5679; x_wconf 92' lang='lat' dir='ltr'><strong>ut</strong></span> <span class='ocrx_word' id='word_1_868' title='bbox 2256 5625 2440 5680; x_wconf 87' lang='lat' dir='ltr'><strong>liberis</strong></span> <span class='ocrx_word' id='word_1_869' title='bbox 2469 5641 2689 5698; x_wconf 88' lang='lat' dir='ltr'><strong>operam</strong></span> <span class='ocrx_word' id='word_1_870' title='bbox 2730 5628 2880 5695; x_wconf 89' lang='lat' dir='ltr'><strong>prius</strong></span> <span class='ocrx_word' id='word_1_871' title='bbox 2905 5629 3113 5682; x_wconf 85' lang='lat' dir='ltr'><strong>dederit</strong></span> <span class='ocrx_word' id='word_1_872' title='bbox 3139 5631 3417 5701; x_wconf 75' lang='lat' dir='ltr'><strong>Didymus,</strong></span> <span class='ocrx_word' id='word_1_873' title='bbox 3447 5646 3513 5685; x_wconf 87' lang='lat' dir='ltr'><strong>ac</strong></span> 
     </span>
    </p>
   </div>
   <div class='ocr_carea' id='block_1_119' title="bbox 1935 5718 3512 5787">
    <p class='ocr_par' dir='ltr' id='par_1_119' title="bbox 1935 5718 3512 5787">
     <span class='ocr_line' id='line_1_121' title="bbox 1935 5718 3512 5787; baseline 0.006 -18"><span class='ocrx_word' id='word_1_874' title='bbox 1935 5718 2149 5783; x_wconf 89' lang='lat' dir='ltr'><strong>deinde,</strong></span> <span class='ocrx_word' id='word_1_875' title='bbox 2183 5734 2351 5772; x_wconf 87' lang='lat' dir='ltr'><strong>uxore</strong></span> <span class='ocrx_word' id='word_1_876' title='bbox 2384 5728 2476 5772; x_wconf 88' lang='lat' dir='ltr'><strong>aut.</strong></span> <span class='ocrx_word' id='word_1_877' title='bbox 2507 5718 2777 5783; x_wconf 86' lang='lat' dir='ltr'><strong>defuncta,</strong></span> <span class='ocrx_word' id='word_1_878' title='bbox 2825 5730 2918 5773; x_wconf 87' lang='lat' dir='ltr'><strong>attt</strong></span> <span class='ocrx_word' id='word_1_879' title='bbox 2975 5725 3365 5787; x_wconf 84' lang='lat' dir='ltr'><strong>consentiente,</strong></span> <span class='ocrx_word' id='word_1_880' title='bbox 3417 5734 3512 5779; x_wconf 84' lang='lat' dir='ltr'><strong>aut</strong></span> 
     </span>
    </p>
   </div>
   <div class='ocr_carea' id='block_1_120' title="bbox 1934 5809 3509 5883">
    <p class='ocr_par' dir='ltr' id='par_1_120' title="bbox 1934 5809 3509 5883">
     <span class='ocr_line' id='line_1_122' title="bbox 1934 5809 3509 5883; baseline 0.004 -19"><span class='ocrx_word' id='word_1_881' title='bbox 1934 5810 2116 5876; x_wconf 85' lang='lat' dir='ltr'><strong>etiam,</strong></span> <span class='ocrx_word' id='word_1_882' title='bbox 2152 5822 2207 5867; x_wconf 91' lang='lat' dir='ltr'><strong>ut</strong></span> <span class='ocrx_word' id='word_1_883' title='bbox 2237 5809 2642 5883; x_wconf 74' lang='lat' dir='ltr'><strong>&#39;l‘hconas_fecit</strong></span> <span class='ocrx_word' id='word_1_884' title='bbox 2674 5828 2702 5865; x_wconf 87' lang='lat' dir='ltr'><strong>a</strong></span> <span class='ocrx_word' id='word_1_885' title='bbox 2730 5812 2989 5869; x_wconf 82' lang='lat' dir='ltr'><strong>Cassiano</strong></span> <span class='ocrx_word' id='word_1_886' title='bbox 3020 5826 3354 5874; x_wconf 80' lang='lat' dir='ltr'><strong>memoratus</strong></span> <span class='ocrx_word' id='word_1_887' title='bbox 3395 5817 3509 5872; x_wconf 87' lang='lat' dir='ltr'><strong>col-</strong></span> 
     </span>
    </p>
   </div>
  </div>
