4030 6408
486 377 592 434 155

1932 367 2023 421 DE
2064 365 2326 421 DlDYMU

3637 356 3739 414 156

488 492 688 546 latione
721 503 835 555 χιιι,
865 503 984 558 cap.
1026 488 1078 554 l,
1108 487 1294 542 eadem
1343 485 1532 550 invita,
1575 486 1628 541 in
1676 488 2062 540 monasterium
2097 492 2142 548 Α
2241 485 2511 553 Secundo,
2545 487 2598 540 in
2630 483 2806 539 citatis
2839 481 2971 538 locis
3002 488 3187 535 auctor
3216 484 3397 532 naster
3429 490 3536 531 non
3563 476 3734 532 solum

484 597 548 638 se
581 583 869 652 receperit.
910 581 1036 635 Sive
1063 596 1192 649 ergo
1242 578 1538 634 monachus
1583 578 1746 632 fuerit
1786 579 2060 648 Didymus,

489 687 546 728 ut
572 691 692 730 eum
725 673 957 743 appellat
986 673 1170 727 Victor
1195 671 1564 734 Tununensis,
1604 671 1717 725 sive
1739 687 1841 725 non
1876 671 2061 738 fuerit,

487 765 745 820 solvenda
772 766 950 819 adhuc
986 775 1157 818 restat
1197 764 1366 818 altera
1395 781 1460 820 ex
1485 765 1772 836 prepositis
1809 765 2063 834 qumstio-

495 858 674 912 nibus.
704 856 896 912 Verum
928 858 1070 911 haud
1092 857 1204 910 scio
1238 873 1305 910 an
1333 872 1396 911 ea
1427 857 1581 912 nobis
1622 856 1895 926 supersint
1945 871 2063 911 mo-

493 960 771 1013 numenta,
803 950 1000 1020 quibus
1029 950 1102 1003 ita
1131 949 1259 1002 dilui
1293 950 1482 1017 possit,
1516 957 1575 1002 ut
1610 949 1798 1003 lectori
1843 948 2064 1002 omnino

491 1042 912 1104 satisfaciamus,
939 1044 1029 1110 qui
1065 1041 1431 1112 probabilibus
1466 1041 1794 1110 conjecturis
1839 1051 2059 1094 conten-

505 1145 589 1189 tus
619 1151 740 1190 esse
775 1135 924 1189 nolit.
955 1135 1068 1188 Duo
1097 1144 1274 1188 tamen
1308 1134 1420 1188 haec
1454 1143 1692 1187 statuere
1732 1148 1888 1202 posse
1934 1133 2061 1186 mihi

489 1225 677 1279 videor
709 1243 722 1278 :
758 1225 988 1292 primum
1018 1225 1129 1276 sive
1160 1224 1296 1289 loca,
1334 1240 1452 1291 quae
1485 1225 1738 1286 iudicavi,
1793 1227 1860 1278 de
1903 1224 2064 1292 spiri-

491 1317 686 1370 talibus
711 1316 833 1372 ﬁliis
863 1316 1224 1386 accipiantur,
1255 1318 1370 1372 sive
1412 1316 1479 1370 de
1508 1315 1834 1380 carnalibus,
1861 1319 2064 1386 Optime

491 1411 718 1481 Didymo
745 1426 807 1465 ea
831 1411 1122 1466 convenire
1153 1453 1167 1464 .
1201 1411 1518 1475 secundum,
1548 1411 1892 1466 verisimilius
1943 1427 2063 1466 esse

489 1513 766 1557 auctorem
799 1515 1038 1557 nostrmn
1068 1505 1132 1557 de
1160 1503 1471 1557 carnalibus
1502 1503 1625 1557 ﬁliis
1657 1503 1822 1568 loqui.

570 1592 637 1647 Ut
673 1605 850 1648 autem
883 1612 910 1646 a
941 1596 1113 1663 primo
1137 1594 1413 1659 exordiar,
1442 1595 1486 1648 si
1517 1610 1579 1649 ea
1603 1595 1717 1650 loca
1748 1597 1812 1650 de
1841 1597 2062 1664 spirita-

491 1685 632 1738 libus
666 1685 790 1739 ﬁliis
827 1703 918 1754 per
947 1688 1278 1752 catechesim,
1307 1696 1363 1738 nt
1395 1685 1629 1756 Cyrillus
1658 1686 2064 1758 Jcrosolymita-

491 1787 606 1830 nus'
630 1776 885 1844 loquitur,
923 1778 1119 1844 genitis
1170 1778 1554 1846 intelligantur,
1609 1793 1768 1845 quant
1813 1778 1949 1832 bene
1997 1794 2059 1832 ea

493 1865 719 1935 Didymo
747 1876 1068 1933 coogruant,
1102 1881 1261 1920 nemo
1298 1881 1401 1918 nou
1453 1866 1638 1921 videt:
1675 1867 1773 1920 fuit
1819 1869 1961 1920 enim
2019 1869 2063 1922 is

489 1958 868 2012 Alexandrina:
901 1959 1154 2012 Ecclesiae
1184 1959 1504 2022 catechista,
1541 1969 1599 2012 ut
1634 1976 1764 2015 vero
1813 1963 1890 2014 ait
1939 1961 2064 2015 Cle-

491 2064 642 2102 mens
672 2049 823 2104 inilio
849 2050 1005 2118 primi
1036 2050 1346 2116 Stromatis,
1387 2051 1638 2123 Πατέρας
1669 2053 1793 2116 τοὺς
1823 2055 2066 2125 κατηχή-

491 2135 690 2198 caveai;
719 2153 918 2206 φαμεν.
957 2137 1049 2190 Sin
1082 2147 1260 2192 autem
1290 2139 1354 2194 de
1384 2141 1505 2195 liliis
1556 2143 1864 2197 carnalibus
1905 2146 2065 2198 theoo

490 2227 594 2294 logi
635 2231 802 2282 nostri
835 2230 992 2283 verba
1027 2231 1462 2299 interpretemur,
1497 2234 1730 2301 cuinam,
1759 2253 1964 2307 quaeso,
1996 2255 2063 2292 ex

488 2321 742 2374 mnnihus
770 2322 947 2389 quarti
981 2324 1161 2376 szcculi
1187 2324 1434 2379 Patrihns
1463 2327 1850 2385 Alexandrinis
1885 2333 2062 2401 aptius

489 2411 780 2465 convenire
813 2424 1058 2479 possunt,
1089 2431 1250 2484 quam
1287 2418 1557 2487 Didymo?
1593 2421 1715 2490 qui,
1739 2439 1858 2476 cum
1890 2441 2064 2480 caecus

493 2500 657 2565 foret,
689 2503 847 2557 nullis
877 2505 1158 2560 ordinibus
1192 2509 1363 2563 sacris
1395 2510 1638 2566 initiatus
1663 2529 1782 2567 esse
1815 2517 2064 2584 poterat?

490 2591 604 2646 Etsi
665 2594 810 2649 enim
869 2598 1107 2650 nonnulli
1159 2610 1284 2652 tunc
1341 2602 1667 2673 presbyteri,
1715 2615 1772 2660 et
1827 2608 2062 2678 episc0pi

489 2701 659 2740 uxore
694 2703 798 2741 non
831 2691 1070 2744 destituti
1125 2691 1290 2745 fuisse
1331 2696 1736 2761 perhibeantur,
1790 2709 1846 2753 ιιι
1893 2699 2064 2771 Syne-

490 2779 604 2832 sius
636 2777 1002 2843 Ptolentaidis,
1031 2791 1090 2835 ut
1117 2782 1176 2837 S.
1227 2783 1465 2840 Hilarius
1512 2785 1949 2854 Pictaviensinm,
2007 2801 2064 2846 ut

493 2866 556 2924 S.
589 2868 854 2925 Pacianus
886 2869 1365 2928 Barciuoneusium
1399 2878 1658 2946 episcopi,
1702 2881 1834 2934 nulli
1881 2889 2061 2937 tamen

489 2977 556 3014 ex
590 2961 738 3016 hisce
774 2963 934 3016 tribui
967 2974 1142 3032 potest
1175 2967 1276 3020 hoc
1309 2984 1478 3035 opus;
1511 2987 1609 3024 nec
1637 2971 1801 3025 ullum
1844 2985 2063 3042 praeter-

490 3065 555 3104 ea
583 3065 646 3105 ex
677 3053 822 3105 oumi
856 3055 1176 3123 antiquitate
1216 3055 1430 3112 Patrem
1463 3059 1608 3122 novi,
1659 3069 1751 3115 aut
1782 3063 2062 3133 presbyte-

493 3157 634 3207 rum,
687 3152 779 3196 aut
832 3144 1164 3214 episcopum,
1207 3149 1296 3216 qui
1349 3149 1415 3201 de
1453 3149 1576 3204 tiliis
1614 3153 1728 3206 Suis
1753 3155 2062 3210 carnalibus
2091 3177 2132 3232 ρ

495 3240 604 3285 tam
632 3248 772 3302 sa‘pe
801 3237 1126 3290 mentionem
1159 3237 1366 3301 fecerit,
1393 3257 1455 3294 ac
1479 3257 1572 3294 eos
1617 3242 1781 3297 veluti
1825 3257 2068 3301 ostenta-

497 3321 586 3383 rit,
623 3333 682 3375 nt
711 3333 901 3378 auctor
941 3337 1125 3380 noster
1157 3327 1286 3382 facit
1312 3343 1326 3381 :
1357 3329 1620 3386 dedecere
1642 3333 1850 3387 scilicet
1879 3336 2067 3391 existi-

495 3414 737 3480 mabant,
771 3426 829 3471 ut
859 3418 1074 3487 Opinor,
1102 3420 1171 3474 ita
1198 3435 1256 3475 se
1309 3437 1503 3490 gerere
1553 3439 1697 3489 eum,
1757 3429 1845 3493 qui
1900 3431 2071 3485 sacris

492 3508 776 3564 ordinibus
812 3509 1056 3566 initiatus
1087 3513 1178 3566 sit.
1209 3512 1322 3569 Hoc
1347 3515 1558 3569 accedit
1591 3520 1731 3584 quod
1762 3534 1866 3572 non
1914 3521 2072 3576 modo

497 3598 635 3653 ﬁlios
661 3615 788 3654 suos
814 3613 1203 3657 commemorat
1237 3613 1428 3658 auctor
1455 3617 1660 3672 noster,
1694 3622 1881 3662 verum
1908 3611 2069 3665 etiam

496 3700 748 3760 nepotes,
775 3707 867 3747 seu
898 3693 1130 3760 ﬁliorum
1159 3712 1376 3749 suorum
1420 3697 1583 3763 ﬁlios.
1634 3698 1704 3752 At
1756 3701 1806 3755 id
1858 3718 2072 3772 quoque

495 3785 824 3838 adamussim
871 3787 1104 3855 quadrat
1152 3787 1206 3840 in
1254 3787 1560 3859 Didymum,
1604 3793 1744 3858 quod
1790 3803 1844 3846 et
1885 3795 2076 3849 diutis-

502 3875 640 3930 sime
668 3877 886 3940 vixerit,
919 3889 971 3930 ct
1001 3880 1098 3932 hos
1139 3879 1304 3936 libros
1339 3892 1461 3951 post
1501 3883 1716 3936 tertium
1756 3901 1819 3939 ac
1859 3898 2073 3955 septua-

494 3968 759 4038 gesimum
793 3968 1012 4023 circiter
1047 3970 1168 4024 vitte
1208 3988 1408 4026 annum
1455 3974 1686 4030 dictasse
1729 3978 1994 4044 videatur,
2026 3981 2072 4035 si

493 4075 589 4114 eos
622 4075 809 4114 revera
851 4059 1098 4126 dictavit,
1124 4073 1182 4115 ut
1214 4075 1364 4133 puto.

566 4153 719 4220 Quod
750 4169 882 4208 vero
917 4169 978 4208 ea
1009 4170 1130 4224 quas
1156 4157 1457 4224 numeravi,
1480 4160 1717 4214 auctoris
1747 4163 1917 4217 nostri
1954 4164 2071 4219 loca

495 4246 560 4298 de
586 4247 894 4301 earnalibus
931 4247 1100 4300 multo
1133 4248 1500 4314 verisimilius,
1544 4265 1705 4320 quam
1747 4253 1812 4308 de
1845 4256 2065 4324 Spirita-

495 4337 791 4400 libus,ﬁliis
813 4338 1168 4407 accipiantur,
1190 4340 1378 4396 multis
1409 4341 1735 4410 coniecturis
1761 4347 2070 4402 conﬁrmari

497 4439 704 4499 potest,
749 4446 868 4499 qua:
895 4447 998 4484 non
1023 4448 1210 4486 omnes
1241 4441 1416 4487 tamen
1451 4433 1692 4502 ejusdem
1743 4449 1866 4492 sunt
1915 4439 2073 4492 robo-

2165 579 2299 633 nibil
2331 579 2555 633 omnino
2587 578 2768 641 habet,
2805 577 2948 646 quod
2986 576 3181 629 indicet
3212 587 3333 625 eum
3365 570 3510 639 loqui
3562 571 3629 625 de
3665 572 3731 622 li-

2164 668 2249 725 liis
2277 670 2627 740 spiritalibus,
2660 668 2755 721 sed
2811 668 2882 720 ita
2938 681 2969 720 e
3008 665 3282 720 contrario
3330 663 3592 730 loquitur,
3652 671 3734 725 ut,

2164 777 2285 814 meo
2312 762 2523 830 quidem
2549 760 2774 828 judicio,
2808 759 3055 814 carnales
3079 757 3257 828 potius
3293 755 3431 809 ﬁlios
3465 753 3727 824 designet.

2165 851 2275 905 Etsi
2313 852 2455 904 enim
2490 851 2582 904 ﬁlii
2616 851 2905 920 spiritales,
2954 860 3048 904 aut
3097 847 3343 915 discipuli
3389 847 3584 916 saepius
3637 861 3737 900 vo-

2164 953 2353 997 centur
2377 962 2403 996 a
2434 943 2682 998 Patribus
2709 945 2919 1007 παιδία,
2945 943 3074 1004 υἱοὶ,
3100 952 3192 995 aut
3223 939 3410 1002 τέκνα,
3435 953 3626 1006 nempe
3667 939 3738 1005 ﬁ-

2165 1037 2257 1098 lii;
2288 1038 2426 1089 haud
2461 1037 2572 1090 scio
2613 1047 2788 1092 tamen
2821 1053 2887 1090 an
2929 1051 3116 1089 eorum
3159 1033 3300 1087 ullus
3349 1034 3413 1086 de
3456 1032 3738 1098 discipulis

2164 1130 2276 1182 suis
2307 1129 2532 1196 loquens
2562 1129 2665 1183 hac
2699 1129 2968 1182 locutione
3001 1142 3128 1180 usus
3168 1139 3400 1194 unquam
3456 1123 3612 1177 fuerit
3642 1140 3655 1175 :
3688 1124 3738 1175 oi

2167 1219 2225 1284 ἐξ
2256 1220 2411 1291 ἐμοῦ,
2440 1222 2615 1284 idest,
2641 1221 2702 1285 ii,
2736 1221 2822 1287 qui
2857 1218 3022 1286 (sunt)
3050 1233 3113 1271 ea:
3143 1232 3246 1278 me,
3278 1228 3485 1282 nempe.
3512 1213 3601 1281 qui
3637 1214 3740 1266 orti

2165 1322 2372 1364 suntex
2400 1327 2500 1364 me.
2535 1309 2603 1364 At
2633 1319 2819 1363 auctor
2869 1319 3052 1361 noster
3094 1305 3290 1374 smpius
3319 1319 3439 1356 eam
3494 1314 3737 1372 usurpat,

2167 1412 2224 1455 ut
2255 1403 2438 1456 videre
2466 1403 2591 1455 licet
2626 1402 2677 1454 in
2709 1399 2838 1453 locis
2870 1399 3118 1467 superius
3151 1397 3415 1467 allegatis.

2237 1494 2438 1555 Tertio,
2491 1509 2593 1546 nun
2641 1492 2869 1545 ﬁliorum
2914 1491 3181 1545 duntaxat
3231 1491 3276 1545 is
3320 1492 3586 1570 meminit,
3651 1496 3735 1549 in-

2165 1584 2354 1652 quiens
2386 1599 2480 1638 eos
2509 1598 2699 1636 esseea:
2739 1583 2852 1648 ipso
2906 1582 3124 1650 (nempe
3166 1591 3321 1637 natos
3372 1599 3437 1637 ex
3490 1585 3628 1653 ipso)
3677 1602 3741 1640 ac

2165 1678 2263 1732 sibi
2292 1695 2322 1730 a
2355 1676 2576 1728 Domino
2607 1677 2780 1737 datos,
2811 1674 2905 1728 sed
2944 1675 3168 1728 istorum
3196 1690 3409 1744 quoque
3459 1677 3596 1731 ﬁlios
3629 1693 3742 1731 me-

2166 1777 2361 1830 morat,
2393 1782 2592 1835 eosque
2629 1775 2782 1820 vocat
2804 1765 2998 1819 alicubi
3025 1766 3241 1834 quidem
3269 1768 3395 1831 τοὺς
3434 1769 3528 1822 ἀπ’
3558 1769 3739 1823 αὐτῶν

2167 1861 2345 1925 ὂντας,
2377 1861 2425 1913 id
2455 1870 2558 1920 est,
2592 1859 2679 1924 qui
2707 1859 2768 1910 ab
2810 1859 2936 1926 ipsis
2961 1869 3116 1922 sunt,
3173 1875 3386 1928 nempe,
3445 1863 3533 1930 qui
3557 1862 3621 1915 ab
3668 1865 3744 1917 eis

2164 1952 2323 2017 geniti
2346 1961 2503 2011 sunt;
2540 1949 2664 2002 alibi
2709 1962 2833 2001 vero
2874 1949 3065 2002 παιδία
3103 1949 3212 2005 τῶν
3248 1951 3499 2018 παιδίων,
3551 1954 3601 2006 id
3636 1967 3744 2018 est,

2165 2042 2306 2111 ﬁlios
2330 2041 2582 2104 ﬁliorum.
2630 2040 2769 2106 Quin
2825 2050 3088 2110 praeterea
3141 2058 3237 2111 pro
3288 2047 3571 2113 nepotibus
3623 2059 3746 2102 orat

2169 2136 2405 2188 nondum
2442 2134 2607 2197 natis,
2637 2134 2728 2186 sed
2762 2134 2812 2185 in
2843 2141 3115 2202 posterqu
3147 2131 3387 2197 oriluris,
3419 2137 3584 2209 [XXI]
3613 2142 3739 2192 dum

2165 2227 2256 2289 ait,
2295 2227 2420 2288 τοὺς
2443 2227 2540 2278 ἀπ’
2565 2224 2744 2278 αὐτῶν
2771 2224 3080 2295 ἐσομένους.
3124 2225 3230 2279 Deo
3260 2229 3309 2280 in
3342 2245 3549 2282 summa
3591 2248 3744 2284 com-

2166 2317 2385 2370 mendat
2415 2331 2518 2369 non
2558 2326 2764 2368 tantmn
2798 2331 2876 2381 se,
2916 2332 2980 2371 ac
3017 2318 3157 2371 ﬁlios
3185 2335 3333 2384 suos,
3366 2323 3458 2374 sed
3504 2332 3551 2374 et
3590 2333 3745 2376 natos

2166 2420 2413 2462 natorum
2443 2420 2490 2461 et
2524 2409 2614 2470 qui
2640 2421 2922 2462 nascentur
2946 2417 3009 2462 ab
3038 2409 3166 2466 illis.
3190 2412 3260 2464 Αι
3304 2412 3347 2464 si
3401 2413 3512 2466 lucc
3561 2415 3744 2467 omnia

2166 2503 2232 2557 de
2264 2503 2406 2565 liliis,
2439 2519 2500 2555 ac
2535 2503 2816 2570 nepotibus
2862 2502 3220 2572 spiritalibus,
3255 2504 3370 2558 sive
3404 2507 3467 2558 de
3500 2505 3748 2573 discipu-

2166 2595 2251 2662 lis,
2285 2596 2432 2649 etde
2481 2592 2862 2663 discipulorum
2925 2593 3226 2662 discipulis,
3277 2611 3340 2649 ac
3406 2597 3622 2649 demmn
3681 2600 3748 2651 de

2165 2687 2258 2748 iis,
2290 2703 2425 2751 quos
2451 2687 2831 2753 discipulorum
2863 2685 3107 2753 discipuli
3145 2685 3386 2739 edocturi
3435 2697 3614 2749 erant,
3643 2688 3731 2742 iu-

2167 2778 2555 2847 telligerentur,
2595 2775 2754 2829 nimis
2781 2776 3090 2828 continuata
3123 2787 3288 2842 esset,
3336 2793 3456 2831 meo
3502 2778 3734 2847 judicio,

2167 2872 2283 2927 sine
2309 2871 2415 2923 ulla
2451 2869 2792 2927 necessitate,
2828 2867 3108 2936 allegoria.
3150 2870 3230 2923 Ac
3261 2884 3392 2923 sane
3439 2870 3560 2938 quis
3609 2871 3748 2926 alius

2170 2961 2658 3028 scriptoruuquam
2699 2958 3084 3027 discipttlorum
3108 2975 3327 3014 suorum
3347 2961 3655 3030 d.seipu|os,
3687 2964 3749 3032 ﬁ-

2165 3055 2265 3108 lios
2293 3054 2525 3122 ﬁliorum
2553 3069 2768 3106 suorum
2791 3055 3139 3121 nuncupavit,
3174 3055 3239 3108 iis
3263 3057 3557 3124 praesertim
3588 3057 3636 3110 in
3671 3059 3749 3111 lo-

2167 3148 2266 3206 cis,
2285 3146 2370 3199 ubi
2391 3146 2564 3199 oratio
2581 3145 2802 3212 simplex
2823 3147 2917 3210 sit,
2941 3162 3037 3201 nec
3064 3148 3505 3204 translationibus
3526 3151 3749 3206 rcl'erta?

2243 3235 2470 3302 Quarto,
2496 3248 2755 3290 memorat
2787 3237 3070 3307 theologus
3099 3248 3284 3292 noster
3306 3256 3425 3292 cum
3471 3257 3587 3305 eos,
3615 3256 3750 3309 quos

2174 3336 2329 3378 vocat
2375 3326 2502 3388 τοὺς
2552 3322 2613 3388 ἐξ
2665 3324 2824 3394 ἐμοῦ.
2863 3334 2971 3376 ιιιηι
3011 3341 3124 3385 eos.
3160 3342 3293 3394 quos
3341 3329 3572 3397 appellat.
3621 3331 3749 3391 τοὺς

2175 3419 2270 3470 σὺν
2297 3419 2447 3488 ἡμῖν.
2488 3427 2538 3470 et
2567 3418 2691 3480 τοὺς
2746 3417 2841 3469 σὺν
2896 3418 3039 3487 ἐμοί,
3084 3433 3274 3486 nempe
3324 3431 3588 3473 memorat
3623 3439 3746 3476 cum

2176 3511 2314 3564 ﬁlios
2350 3525 2497 3573 suos,
2525 3520 2634 3562 tum
2671 3526 2783 3570 eos,
2815 3526 2951 3578 quos
2983 3527 3087 3563 una
3127 3529 3244 3564 cum
3277 3529 3331 3564 se
3356 3514 3467 3578 ipso
3490 3530 3610 3568 esse
3650 3516 3746 3569 ait.

2175 3602 2435 3656 Videntur
2482 3612 2660 3656 autem
2700 3603 2811 3656 haec
2853 3603 2984 3656 satis
3032 3605 3314 3659 commode
3363 3605 3657 3673 explicari,
3705 3609 3750 3660 si

2180 3693 2504 3755 dixerimus,
2541 3702 2632 3744 aut
2674 3692 2856 3759 priore
2897 3691 3127 3745 formula
3175 3694 3416 3748 carnales
3451 3695 3658 3765 Didymi
3687 3695 3751 3750 ﬁ-

2174 3786 2295 3848 lios,
2333 3788 2566 3840 secunda
2598 3800 2726 3839 vero
2753 3784 2892 3846 illos,
2925 3785 3014 3853 qui
3066 3801 3170 3838 una
3203 3802 3320 3838 cum
3361 3787 3470 3854 ipso
3504 3789 3569 3840 ad
3603 3798 3758 3842 cate-

2173 3879 2365 3932 cheses
2424 3879 2834 3941 conveniebant,
2885 3880 3195 3947 designari;
3240 3891 3331 3933 aut
3382 3882 3584 3950 primos
3630 3898 3754 3937 eos-

2175 3972 2302 4023 dem
2347 3985 2466 4023 esse
2513 3986 2633 4022 cum
2665 3971 2937 4036 secundis,
2972 3973 3110 4038 quod
3140 3973 3346 4027 scilicet
3396 3975 3604 4044 Didymi
3658 3976 3752 4031 lilii

2175 4076 2276 4114 una
2313 4075 2434 4114 cum
2459 4061 2683 4130 Didymo
2709 4062 2827 4128 ipso
2849 4063 3012 4114 vitam
3047 4061 3323 4132 degerent.

2242 4151 2460 4218 Quinto,
2490 4163 2678 4205 auctor
2720 4163 2906 4208 noster
2941 4171 3062 4223 pag.
3099 4154 3203 4208 5l9
3230 4156 3302 4208 ait
3337 4175 3349 4209 :
3407 4155 3581 4208 Simul
3633 4173 3755 4211 cum

2173 4243 2321 4311 liliis,
2372 4261 2501 4312 quos
2550 4245 2690 4296 dedit
2756 4245 2886 4297 mihi
2952 4244 3163 4316 (Dens),
3219 4257 3264 4299 et
3317 4247 3545 4315 ﬁliorum
3599 4249 3752 4315 ﬁliis,

2173 4343 2381 4403 promer
2431 4351 2560 4403 quos
2617 4335 2778 4388 etiam
2859 4338 3078 4389 virentes
3150 4337 3472 4391 laboramus.
3551 4337 3750 4407 Pagina

2175 4442 2302 4480 vero
2337 4427 2438 4480 507
2469 4427 2595 4480 illud
2636 4441 2665 4478 a
2704 4437 2891 4480 sancta
2945 4427 3211 4482 Trinitate
3254 4432 3407 4497 petit,
3453 4440 3511 4484 ut
3544 4433 3756 4500 possint

498 4521 593 4574 ris.
627 4519 864 4575 Aﬁeram
890 4522 1042 4590 prius
1063 4523 1318 4588 leviores,
1350 4531 1466 4578 tum
1500 4526 1712 4581 veniam
1753 4528 1822 4582 ad
1860 4531 2068 4599 gravio—
2102 4524 2146 4578 D
2176 4519 2411 4572 "Ilivel'Si
2459 4520 2524 4572 ίίδ
2558 4521 2647 4588 qi“
2696 4520 2949 4588 ίηάίθθηῖν
2995 4520 3179 4589 ίθνθίνί
3223 4537 3316 4588 Pro
3347 4523 3560 4586 υίνίῢαε,
3613 4524 3753 4579 ἱεισί-

497 4628 583 4667 I'CS

571 4701 836 4757 Nimirum
866 4703 1039 4772 primo
1069 4704 1121 4758 in
1153 4704 1558 4760 commentariis
1601 4707 1654 4760 in
1711 4705 1952 4762 Psalmas
2003 4709 2071 4764 ad

497 4797 689 4851 versic.
723 4796 843 4868 157,
877 4797 1064 4866 psalmi
1092 4813 1283 4861 cxvm,
1320 4813 1438 4867 pag.
1475 4797 1582 4852 502
1630 4809 1831 4854 catenae
1870 4802 2073 4856 Corde-

501 4892 668 4944 riaua:
699 4891 922 4959 perinde
951 4890 1092 4959 loqui
1148 4891 1358 4945 videtur
1405 4891 1681 4961 Didymus,
1737 4895 1888 4962 quasi
1937 4911 2074 4951 uxor

495 4981 595 5049 ipsi
631 4982 809 5046 fuerit,
839 4998 901 5036 ac
932 4982 1084 5036 liberi
1114 5000 1127 5036 :
1163 4984 1233 5036 ita
1271 4985 1414 5037 enim
1447 4985 1526 5037 ait
1554 5003 1567 5038 :
1603 4985 1930 5040 Adversariw
1979 5007 2073 5056 po-

495 5083 703 5126 testates
733 5091 824 5142 per
863 5075 1197 5135 domesticos.
1245 5090 1337 5143 per
1391 5092 1608 5129 uxorem
1657 5077 1966 5146 litigiosam,
2021 5091 2072 5134 et

493 5167 787 5232 garrulam,
813 5177 860 5220 et
891 5167 1202 5218 iracundum
1234 5182 1327 5219 nos
1375 5176 1594 5229 tentant,
1619 5179 1673 5220 ut
1712 5186 2071 5234 πείθωμεν..

494 5256 575 5308 Τὰ
596 5257 705 5329 γὰρ
732 5258 954 5329 κρυπτὰ
984 5258 1175 5330 Κυρίῳ
1201 5257 1278 5327 τῷ
1307 5257 1426 5328 Θεῴ
1451 5258 1608 5330 ἡμῶν
1627 5276 1642 5290 ·
1667 5260 1735 5313 τὰ
1768 5261 1823 5314 δὲ
1865 5265 2074 5335 φανερὰ

491 5349 626 5420 ἡμῖν
661 5349 893 5414 καὶτοῖς
916 5349 1128 5413 τέκνοις
1156 5349 1339 5421 ἡμῶν.
1373 5349 1654 5419 Similique
1689 5354 1844 5407 modo
1895 5356 1947 5408 in
2012 5357 2074 5410 li-

493 5440 594 5495 bro
621 5445 870 5496 adversus
900 5442 1240 5506 Manichmos,
1266 5460 1391 5514 pag.
1418 5444 1542 5496 ‘2l3.
1579 5444 1846 5509 Videmus,
1879 5449 2073 5517 inquit,

495 5531 608 5586 lucc
639 5549 844 5602 semper
869 5535 922 5587 in
946 5537 1092 5589 nobis
1128 5537 1258 5603 ipsis
1286 5537 1563 5588 accidere:
1607 5553 1724 5603 qua:
1755 5538 1892 5589 enim
1933 5538 2072 5606 ﬁlios

496 5625 766 5691 docemus,
813 5643 935 5682 cum
979 5629 1222 5683 volumus
1267 5645 1353 5681 eos
1408 5628 1692 5681 secundum
1740 5628 2074 5697 disciplinam

496 5720 788 5783 instituere,
815 5727 872 5771 ut
901 5717 1180 5787 disciplina
1207 5727 1447 5782 utantur,
1480 5733 1582 5770 non
1611 5716 1687 5770 sic
1720 5728 1893 5772 tamen
1919 5730 2072 5771 utun-

495 5821 602 5878 tur,
635 5823 688 5865 ut
719 5811 942 5865 instituti
973 5830 1004 5866 α
1039 5812 1184 5866 nobis
1219 5823 1358 5865 sunt.

2176 4614 2386 4682 pientes
2417 4627 2444 4664 a
2477 4611 2814 4679 propinquis,
2851 4622 2906 4664 et
2956 4612 3396 4680 consanguineis,
3439 4623 3601 4682 atque
3650 4616 3753 4667 do-

2176 4706 2438 4760 mesticis.
2495 4703 2619 4758 llaec
2666 4713 2847 4757 autem
2899 4712 2950 4758 et
3007 4705 3287 4773 aptissime
3345 4707 3392 4760 ei
3443 4709 3760 4764 tribuuntur

2173 4798 2377 4861 omnia,
2411 4796 2495 4850 cui
2531 4795 2626 4849 ﬁlii
2682 4795 2930 4850 carnales
2961 4795 3093 4860 sint,
3145 4812 3244 4851 nec
3284 4808 3510 4866 possunt
3559 4812 3754 4855 cuncta

2174 4889 2239 4940 de
2268 4885 2545 4954 discipulis
2579 4885 2935 4955 probabiliter
2994 4885 3214 4955 intelligi
3244 4903 3258 4938 :
3301 4886 3351 4940 si
3385 4889 3527 4942 enim
3565 4889 3632 4942 de
3671 4891 3758 4943 bis

2173 4979 2347 5049 primo
2376 4979 2427 5032 in
2456 4978 2573 5032 loco
2601 4977 2938 5048 loqueretur,
2967 4976 3107 5031 ﬁlios
3137 4979 3400 5033 duntaxat
3421 4996 3755 5035 commemo-

2176 5077 2367 5130 rasset,
2415 5083 2520 5123 non
2551 5083 2679 5122 vero
2707 5067 2937 5122 ﬁliorum
2977 5069 3140 5120 etiam
3165 5069 3302 5122 lilios
3330 5089 3342 5124 :
3379 5087 3501 5123 nam
3534 5081 3756 5140 propter

2175 5161 2314 5215 ﬁlios
2338 5162 2552 5228 quidem
2586 5161 2766 5214 dicere
2797 5170 3028 5229 poterat,
3078 5177 3138 5216 se
3181 5163 3447 5217 viventem
3486 5163 3754 5230 laborare,

2175 5269 2280 5306 non
2321 5268 2448 5306 vero
2485 5262 2706 5320 propter
2752 5252 2870 5307 illos
2895 5253 2986 5322 qui
3023 5269 3126 5308 non
3171 5264 3332 5309 erant
3357 5255 3474 5325 ejus
3510 5257 3755 5326 discipu—

2172 5344 2231 5406 li,
2267 5349 2359 5399 sed
2391 5344 2775 5414 discipulorum
2827 5360 3047 5399 suorum
3088 5347 3356 5414 discipuli,
3407 5363 3506 5418 pro
3561 5351 3759 5417 quibus

2173 5439 2396 5506 proinde
2427 5454 2533 5493 non
2571 5437 2832 5508 Didymus
2882 5440 2995 5508 ipse
3041 5437 3339 5506 laborabat,
3385 5442 3478 5496 sed
3527 5441 3628 5511 ipsi
3677 5443 3758 5497 di—

2175 5530 2384 5598 scipuli.

2249 5621 2434 5688 Sexto,
2461 5624 2912 5692 quemadmodum
2947 5639 3011 5678 ex
3052 5623 3244 5679 lsidori
3296 5625 3584 5682 Pelusiotae
3640 5631 3758 5696 epi-

2176 5715 2328 5771 stolis
2353 5732 2539 5783 uuam,
2565 5733 2683 5786 qua:
2712 5717 2944 5788 Evagrio
2969 5717 3229 5786 inscripta
3253 5729 3356 5781 est,
3386 5721 3584 5774 celebri
3609 5719 3755 5776 Eva-

2177 5810 2293 5880 grio
2335 5811 2543 5880 Didymi
2590 5810 2853 5878 discipulo
2905 5811 3163 5874 scriptam
3213 5812 3324 5866 vult
3381 5811 3758 5872 Tillemontius
