4030 6408
287 365 382 419 157

1453 362 2025 418 COMMENTARIUS.
2068 392 2138 401 —
2179 360 2308 412 [ΑΒ.
2348 361 2387 411 l.

3447 352 3555 412 158

289 495 427 537 toi-uo
460 479 529 544 Χ,
568 480 621 533 in
651 478 922 546 Evagrio;
963 489 1020 534 et
1061 478 1344 549 epistolam
1383 478 1485 532 125
1518 479 1637 533 libri
1688 495 1706 532 t
1749 478 1884 533 Gre—
1909 494 1952 547 Α
1988 492 2093 530 non
2148 475 2492 542 ignorarent;
2551 470 2693 540 quod
2741 469 3029 540 Egyptins
3065 467 3363 533 exstiterit;
3411 466 3555 530 quuul

287 575 434 643 gnrio
491 577 736 644 Nyssano
793 575 1016 626 missam
1065 573 1206 627 idem
1254 571 1550 626 arbitratur
1591 583 1725 626 tom.
1759 571 1874 638 XV,

287 667 370 718 ubi
396 665 509 730 agit
541 667 606 716 de
637 664 694 717 S.
719 663 928 717 Isidoro
955 663 1225 717 Pelusiota
1259 680 1276 724 ;
1319 678 1382 716 ac
1415 663 1629 716 denuuu
1653 663 1875 730 epistola

289 757 386 812 109
437 757 560 809 libri
600 772 641 820 ι,
682 756 1020 810 Marathonio
1056 759 1320 810 monacho
1352 756 1718 823 inscripta,:ul
1751 771 1873 808 eum

283 849 690 902 Marathonium
743 847 868 900 data
911 848 1122 901 videtur
1167 849 1256 916 qui
1299 850 1582 917 episc0pns
1631 848 1878 903 Nicome—

284 941 475 992 ihenns
514 948 734 991 creatus
762 937 864 992 fuit
893 957 908 992 :
944 939 1014 993 ita
1039 954 1158 994 cum
1187 951 1294 994 tres
1315 941 1477 995 etiam
1509 942 1616 994 sint
1636 941 1874 1008 ejusdem

287 1028 340 1080 ὃ.
376 1025 567 1079 lsidori
594 1028 856 1092 epistolae,
877 1038 934 1080 ttt
962 1030 1140 1081 monui
1173 1046 1294 1098 pag.
1328 1031 1456 1096 477,
1487 1047 1717 1100 quarum
1760 1033 1876 1086 dua:

288 1118 653 1172 inscribuntur
687 1120 933 1188 Didymo,
967 1134 1154 1189 nempe
1185 1121 1291 1175 550
1328 1131 1383 1176 ct
1410 1123 1532 1176 -551
1592 1123 1712 1177 libri
1763 1125 1877 1193 pri—

285 1211 374 1270 mi,
424 1210 584 1262 tertia
626 1222 803 1262 autem
858 1209 1083 1280 Didymo
1113 1211 1459 1277 scholastica,
1526 1228 1718 1283 nempe
1769 1216 1875 1270 9.06

284 1299 398 1352 libri
433 1300 606 1362 sexti,
633 1301 885 1354 videntur
911 1301 994 1355 hie
1018 1317 1236 1371 quoque
1259 1304 1480 1373 Didymo
1513 1315 1701 1360 nostro
1732 1307 1875 1362 scri-

287 1399 410 1459 ptae.
444 1388 586 1443 Nam
625 1392 768 1457 quod
802 1392 996 1446 attinet
1020 1395 1085 1446 ad
1114 1393 1271 1448 binas
1299 1411 1527 1464 priores,
1559 1397 1610 1450 in
1644 1409 1876 1467 utraque

279 1485 344 1534 de
371 1481 702 1549 quibusdam
767 1482 988 1539 Davidis
1023 1485 1202 1540 verbis
1257 1487 1368 1556 agit
1416 1487 1472 1541 S.
1527 1488 1782 1555 Isidorus,
1819 1490 1872 1544 in

281 1575 523 1628 secunda
567 1589 698 1629 vero
747 1574 1057 1646 Didymum,
1107 1577 1172 1630 ad
1213 1592 1371 1646 quem
1422 1579 1634 1642 scribit,
1692 1595 1759 1636 ex
1807 1596 1874 1635 eo

280 1665 690 1735 laud:=t,quod,
744 1683 862 1720 cum
922 1677 972 1721 et
1026 1669 1222 1737 ingenii
1263 1671 1504 1724 acumine
1555 1672 1768 1740 polleat,
1817 1683 1869 1726 et

279 1756 690 1824 Scripturarum
713 1773 918 1810 sensum
945 1760 1206 1827 sagaciter
1227 1770 1601 1825 perscrutetur,
1633 1761 1764 1814 nihil
1796 1772 1872 1816 est

1976 568 2240 622 doctrinm
2270 581 2381 619 sua:
2410 566 2622 633 copiam
2651 563 2772 616 aliis
2823 563 3051 625 iecerit;
3101 561 3242 628 quod
3294 570 3454 615 noctu
3499 568 3556 614 et

1977 659 2213 714 interdiu
2250 657 2528 720 docuerit;
2579 655 2718 723 quod
2755 653 2920 706 lilium
2953 653 3201 705 habuerit
3227 666 3331 704 non
3385 665 3554 719 pecu-

1979 751 2215 804 niosum.
2254 748 2438 815 Itaque
2472 747 2654 798 tandiu
2681 747 2745 797 de
2787 743 3013 812 Didymo
3033 751 3220 795 nostro
3248 757 3551 795 sermonem

1979 856 2006 892 a
2049 840 2270 892 Libanio
2307 839 2492 892 haberi
2550 838 2769 889 credere
2809 836 2955 896 licet,
2985 833 3221 902 quaruliu
3275 843 3366 887 aut
3420 833 3556 888 alius

1982 932 2238 1001 Didymus
2261 929 2626 996 deprehensus
2654 929 2742 989 sit,
2770 933 2861 996 qui
2901 926 3108 980 Libauii
3135 936 3294 979 uitale
3320 925 3555 980 Alexan—

1979 1023 2110 1077 dria:
2144 1023 2411 1084 lloruerit,
2439 1038 2500 1074 ac
2541 1022 2762 1091 Didymo
2794 1030 2979 1073 nostro
3009 1019 3207 1082 notior,
3240 1019 3319 1072 vel
3360 1021 3551 1072 saltem

1983 1125 2324 1184 atquenotns
2357 1114 2539 1178 fuerit,
2596 1122 2687 1164 aut
2745 1111 2881 1164 ratio
2933 1111 3110 1178 aliqua
3152 1108 3430 1174 offeratur,
3485 1111 3554 1164 ob

1975 1221 2140 1277 quam
2183 1208 2246 1260 de
2280 1207 2503 1276 Didymo
2538 1215 2724 1259 nostro
2757 1203 3013 1258 Libauius
3040 1212 3270 1268 nequeat
3306 1200 3552 1270 intelligi.

1975 1301 2046 1352 At
2075 1299 2310 1367 inquies,
2341 1298 2628 1368 Didymum
2678 1296 2829 1349 illum
2883 1294 3142 1348 Libanius
3174 1303 3330 1347 vocat
3381 1294 3554 1362 magi-

1979 1399 2172 1453 strurn,
2205 1404 2269 1444 ac
2325 1400 2713 1459 praeceptorem
2757 1403 2960 1442 suum:
3004 1386 3054 1438 id
3091 1397 3269 1438 autem
3330 1384 3556 1455 Ditlytno

1978 1491 2168 1536 nostro
2207 1480 2296 1533 vix
2324 1495 2388 1534 ac
2423 1495 2490 1534 ne
2525 1480 2614 1532 vix
2647 1478 2864 1547 quidem
2909 1477 3155 1546 congruit
3200 1494 3212 1529 :
3264 1491 3361 1530 nec
3409 1476 3552 1530 enim

1977 1569 2240 1625 Libanins
2273 1569 2658 1624 Alexandriam
2689 1567 2963 1636 profectus
2993 1583 3229 1636 unquam
3255 1582 3374 1622 esse
3407 1569 3557 1621 vide-

1979 1672 2083 1727 tur,
2114 1677 2212 1715 nec
2251 1661 2536 1732 Didymum
2594 1671 2836 1713 nostrum
2889 1668 3069 1729 utpote
3122 1675 3322 1712 mecum
3365 1661 3555 1714 Antio-

1975 1753 2178 1814 chiam,
2214 1751 2586 1815 aulAthenas,
2618 1760 2710 1803 aut
2741 1749 3129 1811 Nicomediam,
3160 1759 3251 1801 aut
3285 1748 3554 1803 Constan-

278 1850 419 1914 quod
445 1863 569 1900 eum
608 1848 772 1900 latere
803 1851 963 1914 possit
998 1864 1016 1900 :
1047 1865 1166 1901 nam
1199 1867 1314 1901 cum
1345 1855 1542 1912 omnia,
1595 1853 1784 1919 iuqttit,
1814 1854 1868 1906 in

1976 1843 2275 1912 tinopolim,
2313 1854 2406 1896 aut
2447 1841 2681 1896 Nicaeam
2715 1841 3020 1910 porrexisse
3062 1841 3352 1894 verisimile
3426 1851 3552 1896 est:

275 1939 512 2007 juvenili
554 1949 713 1992 (etate
738 1941 991 2006 pra’clare
1018 1940 1307 2010 collegeris,
1343 1943 1620 2010 requietem
1651 1943 1704 1996 in
1727 1960 1875 1997 seue-

283 2046 425 2086 ci'ute
458 2034 646 2087 habes.
680 2031 805 2087 llaec
844 2048 972 2088 vero
1017 2035 1194 2088 omnia
1244 2035 1466 2105 Didymo
1498 2046 1682 2089 nostro
1729 2036 1876 2091 miri-

289 2120 389 2174 tice
425 2121 783 2174 conveniunt.
824 2121 1018 2188 Quidni
1081 2139 1210 2191 ergo
1268 2125 1608 2193 suspicemur
1663 2128 1874 2182 tertiam

282 2226 505 2279 quoque
532 2211 711 2265 eidem
739 2211 959 2282 Didymo
980 2214 1237 2284 scriptam
1267 2216 1428 2270 esse?
1463 2215 1577 2270 Non
1609 2220 1778 2273 ausim
1822 2219 1876 2274 id

280 2305 538 2373 equidem
583 2319 921 2360 asseverare.
965 2306 1286 2362 Scholastici
1349 2319 1523 2363 tamen
1571 2310 1775 2375 titulus,
1810 2312 1876 2366 de

279 2411 387 2463 quo
437 2395 728 2464 legendum
787 2396 971 2467 Cangii
1015 2395 1370 2465 Glossarium,
1407 2412 1552 2472 recte
1604 2403 1653 2457 ei
1712 2405 1873 2460 tribui

281 2487 481 2553 potuit,
517 2488 611 2556 qui
648 2499 703 2544 et
732 2489 929 2544 schola:
951 2490 1326 2546 Alexandrinae
1357 2503 1609 2563 praeerat,
1637 2504 1691 2551 et
1717 2496 1876 2566 pluri-

283 2578 383 2633 bus
412 2580 666 2634 scientiis
694 2581 939 2636 eruditus
972 2593 1112 2638 erat.
1156 2582 1307 2650 Quod
1341 2585 1384 2639 si
1431 2585 1502 2640 ad
1541 2573 1708 2655 ipsum
1764 2587 1877 2657 epi-

285 2671 422 2724 stola
463 2673 656 2727 istluec
688 2673 850 2728 missa
881 2684 986 2740 est,
1019 2674 1235 2729 fuerunt
1267 2677 1318 2730 ei
1347 2677 1466 2731 sine
1507 2679 1667 2733 dubio
1697 2678 1872 2746 liberi,

284 2763 434 2830 iique
473 2761 680 2831 plures,
719 2773 776 2819 ut
811 2765 969 2819 allata
1015 2767 1174 2820 etiam
1233 2767 1466 2838 theologi
1508 2770 1675 2823 nostri
1712 2770 1872 2824 verba

287 2857 554 2911 iudicant.
590 2855 682 2911 Sic
719 2858 864 2913 enim
917 2858 1102 2926 incipit
1149 2859 1420 2930 epistula:
1475 2857 1675 2914 Filium
1728 2873 1874 2914 tuum

287 2949 583 3002 niaximum
620 2965 653 3002 a
705 2961 829 3003 natu
869 2950 1087 3004 minimo
1121 2951 1408 3015 dissidere,
1455 2963 1602 3022 teque
1635 2952 1748 3022 ejus
1798 2955 1874 3006 rei

285 3040 465 3108 [erant
496 3040 788 3104 conscium,
829 3041 1023 3110 ﬁngere
1047 3051 1219 3096 tamen
1265 3044 1418 3113 quasi
1469 3045 1688 3100 nescias.
1745 3044 1874 3112 Qua:

284 3132 482 3184 mirum
529 3133 583 3184 in
616 3131 830 3184 modum
865 3133 1219 3205 conveniunt,
1240 3135 1448 3189 auctori
1483 3146 1669 3191 nostro
1702 3152 1715 3190 :
1748 3155 1868 3190 eum

285 3225 426 3274 cnim
465 3223 669 3290 quietis
700 3223 1126 3276 amantissimum
1164 3225 1357 3292 fuisse,
1389 3242 1453 3282 ac
1502 3240 1864 3294 mansuetum,

284 3325 446 3382 atque
471 3314 540 3365 ab
573 3315 835 3378 ejusmodi
863 3316 1295 3370 contentionibus
1331 3317 1588 3382 alienum,
1643 3320 1868 3388 plurima

284 3402 441 3470 hujus
477 3406 543 3458 de
572 3404 839 3458 Trinitale
870 3408 1046 3474 operis
1094 3407 1207 3462 loca
1259 3409 1626 3464 manifeslattt.

354 3499 613 3560 Detnum,
647 3499 913 3555 Libauius
941 3502 993 3554 in
1029 3500 1250 3570 epistola
1272 3503 1369 3556 59.1
1401 3501 1730 3566 Sebastiano
1759 3502 1872 3558 Ma-

287 3583 771 3658 nichaco,’1Egypti
799 3591 944 3652 duci,
977 3590 1294 3643 llhetoriuni
1327 3586 1688 3656 commendat,
1711 3609 1870 3661 quem

283 3689 338 3732 et
367 3679 697 3748 discipulum
723 3695 879 3733 suum
911 3681 1061 3742 dicit,
1094 3690 1147 3734 et
1179 3681 1448 3736 hominem
1482 3698 1586 3734 nou
1618 3684 1872 3752 pecunio-

284 3787 423 3839 sum,
453 3785 507 3826 et
543 3773 597 3826 in
642 3773 950 3827 oratoribus
999 3788 1061 3828 ac
1111 3774 1282 3843 poetis
1312 3784 1605 3839 versatum,
1663 3776 1870 3845 Didymi

288 3876 472 3917 autem
505 3863 675 3916 ﬁlium
709 3884 720 3919 :
758 3862 900 3927 Duo,
937 3864 1130 3930 inquit,
1161 3865 1216 3917 in
1245 3865 1430 3933 primis
1462 3882 1540 3920 me
1570 3866 1668 3930 ipsi
1700 3865 1870 3936 (lihe-

283 3958 444 4029 torio)
480 3955 785 4010 benevolum
823 3959 1063 4010 reddunt.
1093 3955 1224 4010 Cum
1251 3959 1385 4010 enim
1419 3974 1563 4011 meus
1604 3959 1671 4010 sit
1713 3958 1871 4010 disci-

281 4051 459 4117 pulus,
489 4051 636 4119 ﬁlius
671 4057 921 4116 praeterea
959 4060 1031 4101 est
1054 4047 1396 4109 διδασκάλου,
1437 4050 1490 4102 id
1520 4057 1594 4103 est
1622 4049 1867 4111 doctoris,

283 4157 372 4194 seu
409 4141 678 4211 magistri.
727 4139 1010 4210 Didymum
1043 4157 1171 4194 sane
1200 4152 1254 4192 tu
1285 4158 1384 4208 non
1419 4141 1649 4211 ignoras,
1683 4141 1784 4194 nisi
1821 4151 1871 4195 et

286 4250 534 4302 magnam
567 4233 832 4285 civitatem
866 4233 1095 4300 ignores,
1128 4235 1184 4285 in
1225 4249 1328 4302 qua
1359 4233 1612 4286 doctrina!
1645 4250 1756 4287 tute
1785 4250 1872 4288 co-

277 4329 418 4396 piam
458 4328 587 4378 aliis
623 4325 733 4391 ipse
779 4323 927 4392 fecit,
960 4337 1112 4378 noctu
1147 4337 1194 4380 et
1235 4327 1467 4379 interdiu
1494 4328 1686 4396 ﬂuens.
1717 4328 1780 4380 Et
1815 4329 1868 4380 itt

279 4416 506 4484 epistola
544 4414 678 4479 520,
737 4412 1016 4468 Illictorius
1052 4417 1148 4468 iste
1191 4417 1454 4469 nobiscum
1498 4428 1726 4470 uersatus
1765 4428 1870 4478 est;

1978 1935 2175 2002 quibus
2210 1933 2263 1987 in
2295 1933 2519 1988 urbibus
2556 1943 2819 1986 moratum
2849 1949 2966 1987 esse
2998 1943 3209 1986 constat
3240 1931 3554 1986 Libanittm.

1977 2023 2094 2077 lluc
2128 2036 2306 2076 autem
2341 2024 2568 2086 accedit,
2606 2026 2747 2092 quod
2784 2024 2992 2094 Didymi
3033 2025 3200 2078 nostri
3231 2025 3452 2094 aequalis
3479 2026 3556 2080 l0-

1978 2129 2060 2173 ret
2105 2118 2361 2172 Libanius
2413 2135 2429 2172 :
2479 2118 2568 2171 hic
2615 2117 2759 2169 enim
2815 2131 2956 2168 anno
3007 2116 3208 2170 Christi
3251 2117 3354 2170 514
3397 2128 3556 2172 natus

1932 2197 1935 2200 ’
1977 2220 2081 2272 est,
2121 2211 2376 2279 Didymus
2426 2218 2606 2262 autem
2645 2222 2787 2262 anno
2831 2209 3048 2262 circiter
3096 2208 3201 2261 510
3240 2221 3394 2264 ortus
3437 2210 3554 2265 iuit.

1975 2299 2080 2354 Sed
2139 2300 2404 2368 ejusmodi
2456 2301 2571 2355 haec
2618 2316 2723 2354 non
2775 2310 2922 2366 sunt,
2958 2310 3015 2353 ut
3061 2302 3273 2355 inanem
3334 2303 3555 2355 reddant

1978 2393 2343 2460 conjecturam
2391 2408 2588 2448 meam.
2643 2391 2904 2447 Libanius
2964 2395 3107 2447 enim
3151 2404 3333 2457 utpote
3398 2395 3558 2463 paulo

1973 2485 2174 2554 junior,
2209 2486 2417 2556 Didymi
2447 2486 2615 2538 nostri
2648 2486 2944 2554 discipulus
2978 2501 3100 2542 esse
3150 2487 3343 2555 potuit,
3394 2498 3557 2557 atque

1973 2577 2315 2634 Alexandriae
2371 2578 2589 2630 forsitan
2626 2577 2916 2645 aliquando
2986 2578 3107 2639 fuit,
3161 2593 3282 2631 cum
3327 2580 3380 2632 in
3443 2596 3536 2634 ora

1979 2669 2122 2722 tione
2157 2671 2209 2722 in
2242 2686 2329 2722 eos
2363 2669 2453 2737 qui
2484 2667 2760 2721 molestum
2791 2669 2960 2735 ipsum
2989 2669 3343 2738 appellabant,
3385 2686 3554 2737 segni.

1975 2758 2007 2809 7
2043 2761 2120 2814 sic
2147 2759 2427 2827 loquatur:
2457 2757 2521 2811 In
2548 2757 2782 2828 /Egypto
2807 2758 3225 2828 quampluribus,
3249 2761 3386 2828 apud
3402 2762 3554 2814 Athe-

1976 2869 2072 2906 nas
2103 2852 2266 2903 tribus
2302 2860 2495 2902 metum
2548 2849 2727 2917 injeci,
2764 2866 2797 2903 a
2841 2851 2991 2902 curia
3025 2850 3297 2920 utrobique
3337 2853 3556 2905 advoca-

1975 2955 2081 2998 tus.
2132 2945 2269 3009 Quin
2309 2943 2415 2997 imo
2454 2943 2498 2996 si
2532 2959 2739 3012 magna:
2797 2945 3024 2997 civitatis
3079 2945 3296 2998 nomine
3330 2945 3553 2999 Alexano

1977 3037 2142 3090 driam
2171 3037 2421 3102 superius
2457 3036 2762 3104 designavit
2793 3033 3071 3098 Libauius,
3104 3045 3164 3088 ut
3200 3036 3432 3100 videtur,
3469 3037 3555 3090 vix

1981 3127 2034 3179 in
2091 3127 2308 3178 dubium
2367 3127 2607 3181 revocari
2659 3133 2857 3194 potest,
2901 3127 3031 3195 quin
3080 3127 3267 3180 eadem
3318 3127 3368 3180 iu
3428 3127 3556 3180 urbe

1983 3217 2153 3285 poetis
2189 3217 2238 3268 in
2289 3215 2494 3285 Didymi
2533 3213 2814 3286 gymnasio
2857 3230 3074 3285 Operam
3123 3217 3332 3270 dederit
3374 3217 3544 3269 adole-

1973 3323 2147 3362 scens.
2185 3308 2291 3360 Sed
2322 3307 2433 3376 jam
2486 3310 2553 3360 ad
2593 3305 2898 3376 theologum
2947 3316 3192 3360 nostrum
3251 3308 3556 3371 redeamus,

1973 3409 2026 3452 et
2056 3416 2163 3469 quo
2206 3397 2404 3452 SIBCttln
2450 3399 2752 3466 scripserit,
2790 3398 3198 3467 investigemns.

2079 3511 2209 3568 CAP.
2259 3509 2351 3564 ΧΙ.
2390 3512 2588 3565 Auctor
2620 3518 2795 3562 noster
2833 3508 3024 3562 sicculo
3071 3525 3121 3562 tv
3163 3511 3343 3578 ﬂoruit
3393 3517 3451 3562 ut

2625 3579 2904 3647 Didymus.

2047 3674 2157 3728 llos
2188 3675 2255 3728 de
2283 3673 2552 3728 Trinitate
2582 3671 2750 3726 libros
2805 3682 2924 3739 post
2963 3686 3162 3725 annum
3212 3671 3420 3725 Domini
3453 3669 3558 3728 579

1981 3769 2214 3835 scriptos
2246 3765 2415 3819 fuisse
2445 3774 2630 3834 aperte
2669 3773 2820 3833 patet
2851 3777 2917 3817 ex
2955 3777 3077 3831 pag.
3108 3761 3214 3816 406
3245 3779 3259 3818 :
3295 3763 3364 3815 ibi
3411 3764 3555 3817 enim

1972 3855 2232 3909 Basilium
2299 3854 2554 3925 Magnum
2595 3854 2726 3908 citat
2752 3862 2941 3908 auctor
2970 3863 3030 3907 ut
3061 3853 3171 3924 jam
3223 3851 3552 3908 defunctum.

1975 3950 2081 4004 Sed
2131 3959 2340 4020 tempus
2367 3951 2568 4018 ipsum,
2597 3963 2705 4020 quo
2742 3950 2853 4003 haec
2878 3948 3083 4002 dictata
3117 3947 3245 4011 sint,
3283 3963 3550 4018 nusquam

1974 4043 2026 4096 in
2055 4043 2157 4098 hoc
2183 4058 2350 4111 Opere
2379 4051 2566 4112 aperte
2601 4041 2936 4111 designatur.
2972 4041 3103 4094 'l‘am
3153 4040 3333 4094 multa:
3371 4050 3549 4094 tamen

1973 4147 2100 4192 sunt
2148 4137 2495 4206 conjecturae,
2526 4150 2646 4205 qua:
2682 4135 2831 4188 illum
2863 4143 3057 4202 quarto
3103 4134 3299 4188 szecnlo
3351 4133 3552 4188 vixisse

1974 4232 2261 4298 denotant,
2289 4241 2348 4286 ut
2369 4231 2722 4286 dubitandum
2751 4245 2855 4284 non
2884 4231 3152 4296 videatur,
3182 4219 3308 4298 quin
3360 4239 3556 4298 quarto

1981 4323 2184 4378 saeculo
2220 4324 2395 4393 rcipsa
2451 4323 2726 4392 scripserit
2765 4333 2822 4376 ut
2855 4322 3142 4392 Didymus;
3186 4336 3307 4375 nam
3356 4321 3554 4390 primo,

1980 4415 2080 4468 etsi
2119 4415 2184 4468 de
2222 4413 2361 4469 Filio
2407 4431 2471 4469 ex
2507 4413 2750 4482 professo
2772 4423 2920 4482 agat,
2953 4429 3216 4482 nusquam
3254 4424 3430 4468 tamen
3463 4424 3555 4467 aut

278 4525 371 4577 ego
408 4525 528 4561 rero
565 4510 732 4577 patris
761 4508 877 4576 ejus
925 4507 1202 4578 disciplina
1255 4524 1380 4561 usus
1433 4524 1582 4572 sum;
1637 4518 1684 4562 et
1737 4510 1866 4561 mihi
1902 4531 1948 4589 ι)
1975 4507 2373 4569 Nestorianam,
2420 4518 2513 4562 aut
2549 4507 2935 4578 Eutychiauam
2987 4506 3233 4560 haeresim
3270 4515 3552 4571 memorat,

279 4602 490 4666 quidem
528 4615 623 4668 per
663 4600 812 4651 illum
855 4610 1058 4667 poetas.
1097 4600 1176 4652 illi
1219 4616 1335 4653 rero
1389 4617 1480 4668 per
1517 4617 1597 4654 me
1633 4601 1871 4655 rhetoras

279 4689 475 4762 [XXII]
505 4707 657 4744 nosse
685 4692 968 4760 contigit...
1004 4691 1106 4746 Ille
1145 4693 1364 4746 nuncin
1405 4691 1695 4762 ngyptum
1734 4696 1873 4747 venit

284 4786 510 4848 {uadum
543 4794 820 4851 paternum
848 4799 951 4836 non
979 4785 1212 4848 amplum
1255 4795 1606 4854 occupaturus
1632 4802 1650 4839 :
1672 4797 1873 4854 patrem

282 4877 421 4927 enim
456 4877 529 4927 ibi
565 4874 739 4929 habet.
778 4874 1048 4930 Hactenus
1088 4876 1360 4930 Libanius.
1420 4877 1607 4932 Utrum
1665 4897 1790 4935 vero
1827 4883 1873 4938 is

289 4969 349 5020 de
394 4967 625 5035 Didyme
689 4975 880 5019 nostro
915 4981 1220 5021 sermonem
1263 4968 1476 5032 habeat,
1509 4983 1674 5038 penes
1709 4971 1874 5025 lecto-

294 5074 397 5110 rem
431 5057 689 5124 judicium
721 5057 815 5111 sit.
845 5057 906 5111 Ei
934 5072 1087 5123 sane,
1116 5059 1181 5112 de
1203 5074 1311 5128 quo
1363 5059 1643 5128 Libanius,
1689 5065 1873 5119 omnia

297 5170 407 5204 t'lllll
449 5151 680 5222 Didymo
709 5165 898 5204 nostro
933 5154 1262 5208 conveniunt
1289 5153 1616 5209 adamussim
1647 5171 1661 5208 :
1687 5155 1741 5210 in
1773 5154 1868 5224 Di-

295 5246 500 5310 dyuium
532 5243 676 5298 enim
700 5251 946 5296 nostrum
980 5244 1216 5312 perbelle
1249 5247 1499 5314 quadrat,
1535 5249 1678 5316 quod
1707 5231 1870 5304 voce-

298 5346 374 5388 tur
399 5335 745 5402 διδάσκαλος,
779 5335 830 5389 id
865 5344 952 5389 est
981 5337 1198 5400 doctor;
1241 5338 1382 5407 quod
1410 5338 1572 5391 lilium
1615 5340 1666 5394 in
1689 5349 1872 5394 orato-

300 5442 404 5481 rum
436 5446 498 5486 ac
562 5439 849 5500 poetarum
901 5427 1129 5484 lectione
1183 5430 1410 5496 versari,
1467 5444 1626 5500 atque
1664 5431 1868 5486 erudiri

300 5524 590 5592 curaverit;
639 5522 786 5592 quod
816 5519 982 5575 fuerit
1022 5521 1071 5573 in
1101 5523 1273 5590 poetis
1301 5533 1354 5574 et
1387 5524 1499 5591 ipse
1530 5539 1873 5593 summopere

302 5626 556 5681 versatus;
599 5613 749 5684 quod
789 5611 1115 5667 Sebastiano
1173 5622 1331 5667 notus
1371 5629 1471 5667 non
1511 5628 1629 5667 esse
1683 5615 1873 5685 nequi-

300 5704 450 5766 verit;
495 5709 639 5774 quod
696 5705 768 5757 ab
822 5703 892 5758 iis
944 5703 1194 5757 omniluts
1245 5705 1493 5773 cognitus
1543 5705 1726 5771 luerit,
1779 5707 1871 5774 qui

293 5810 523 5866 ι;;;ιεη;ιηι
561 5798 790 5869 Algypti
829 5796 1133 5860 civitatem,
1170 5796 1412 5851 videlicet
1467 5796 1867 5868 Alexandriam,

1975 4617 2094 4656 cum
2125 4600 2504 4670 plerarumque
2544 4615 2611 4654 ex
2641 4598 3036 4668 antiquioribus
3070 4598 3364 4652 haeresibus
3395 4613 3545 4653 meu-

1977 4693 2172 4747 tionetn
2233 4693 2414 4746 iaciat.
2478 4692 2746 4756 Secundo,
2798 4691 3013 4743 Ariauis
3067 4691 3386 4759 exprobrat,
3427 4705 3550 4759 pag.

1972 4783 2100 4846 227,
2133 4785 2275 4854 quod
2336 4784 2729 4837 Marathoniam
2787 4781 3277 4836 Nicomediensium
3336 4782 3549 4850 episco-

1974 4891 2100 4944 pum
2153 4877 2443 4929 creandum
2471 4878 2712 4928 cnrarint
2739 4892 2752 4928 :
2785 4875 2835 4926 id
2866 4884 3046 4927 autem
3076 4889 3196 4927 cum
3231 4882 3423 4941 quarto
3457 4888 3553 4926 ste-

1977 4967 2101 5020 culo
2159 4969 2466 5036 contigerit,
2510 4967 2826 5034 scriptorem
2876 4966 3076 5019 iudicat
3109 4967 3284 5034 quarti
3340 4965 3549 5028 smculi;

1975 5059 2302 5114 Marathonii
2333 5061 2478 5114 enim
2517 5074 2712 5112 nomen
2745 5057 2885 5111 haud
2917 5057 3115 5112 multos
3144 5067 3263 5126 post
3284 5055 3400 5123 ejus
3419 5065 3550 5110 tcta-

1975 5162 2081 5207 tem
2111 5166 2284 5206 annos
2313 5152 2402 5205 vix
2440 5151 2693 5219 cuiquam
2733 5159 2916 5204 notum
2952 5150 3123 5203 fuisse
3155 5149 3387 5202 videtur.
3420 5147 3553 5203 Ter-

1974 5245 2070 5309 tio,
2134 5242 2473 5314 Origenianis
2527 5242 2849 5312 quibusdam
2915 5239 3278 5295 locutionibus
3333 5238 3544 5304 utitur,

1975 5352 2114 5406 quas
2167 5343 2287 5405 post
2341 5333 2556 5406 Didymi
2606 5335 2810 5388 obitum
2856 5336 3054 5389 saeculo
3106 5331 3294 5402 quinto
3338 5331 3554 5386 circiter

1974 5426 2197 5481 inetmte
2227 5433 2509 5494 suspectas
2539 5425 2776 5478 evasisse
2812 5431 3023 5477 constat
3062 5440 3074 5476 :
3112 5423 3176 5476 iis
3212 5430 3392 5474 autem
3426 5437 3555 5476 usus

1974 5535 2079 5573 non
2111 5529 2256 5572 esset
2282 5528 2470 5570 auctor
2497 5525 2700 5580 noster,
2738 5515 2784 5570 si
2815 5523 2925 5568 tum
2958 5513 3284 5582 scripsisset,
3327 5527 3452 5566 cum
3485 5514 3552 5566 ab

1974 5611 2308 5680 Hieronymo
2343 5610 2453 5680 jam
2499 5610 2784 5679 exagitata:
2819 5608 3052 5671 fuerant,
3105 5616 3265 5675 atque
3309 5621 3338 5659 a
3379 5605 3553 5658 Theo-

1972 5704 2119 5775 philo
2153 5702 2517 5758 Alexandrino
2565 5701 2968 5766 condemnatus;
3013 5703 3154 5770 quod
3187 5699 3411 5767 contigit
3438 5697 3552 5764 ipso

1975 5797 2143 5868 quinti
2179 5795 2362 5852 saeculi
2403 5794 2578 5852 initio.
2614 5793 2838 5861 Quarto,
2876 5793 2938 5849 de
2995 5789 3387 5846 \lacedonianis
3433 5784 3552 5841 ubi-
