4030 6408
483 341 588 400 159

1873 354 1962 409 DE
2002 355 2261 414 DlDYMO

3654 355 3758 420 160

482 484 589 538 que
616 465 696 522 sic
737 464 997 537 loquitur,
1053 475 1114 522 ut
1141 484 1328 523 eorum
1366 468 1615 526 haeresim
1671 486 1773 525 non
1817 481 1876 526 ut
1922 484 2062 527 vetu-
2104 477 2149 533 A
2180 478 2386 529 tuatu'm
2431 491 2556 532 esse
2605 475 2874 545 conjicere
2924 473 3081 538 licet,
3123 487 3246 528 cum
3287 481 3342 526 et
3381 469 3503 527 aliis
3540 473 3593 526 in
3629 469 3758 530 locis

485 569 647 619 stam,
679 558 774 612 sed
803 566 863 610 ιιι
916 567 1186 614 recentem
1220 560 1505 617 confutare
1543 564 1811 630 videnlur,
1862 581 1927 619 ac
1959 566 2068 632 pri-

485 663 605 703 mos
635 647 754 716 ejus
781 648 1097 705 defensores
1137 652 1474 722 impugnare.
1535 652 1760 710 Demnm
1817 656 1930 712 sive
1974 656 2070 711 do-

487 749 671 812 gmata
701 747 1038 811 spectentur,
1066 757 1187 812 qua:
1234 744 1280 800 is
1321 746 1576 812 inculcat,
1603 749 1716 803 sive
1748 749 2068 817 peculiares,

487 834 688 902 quibus
711 835 957 898 adhaesit,
1005 837 1309 906 opiniones,
1343 839 1459 893 sive
1495 841 1776 910 disciplina
1807 842 2072 895 ecclesia-

489 927 651 990 Stica,
679 942 842 997 quam
885 927 1080 983 alicubi
1110 929 1348 999 attingit,
1377 931 1677 1000 cujusmodi
1716 941 1798 986 est
1834 930 2072 1000 discipli—

491 1032 559 1072 na
590 1020 797 1082 arcani,
827 1021 1099 1074 orantium
1148 1021 1431 1076 conversio
1459 1023 1524 1075 ad
1552 1022 1842 1083 orientem.
1893 1031 2074 1075 orato-

490 1110 699 1166 riorum
741 1125 870 1165 usus
901 1123 1065 1180 atque
1116 1113 1471 1178 constructio,
1513 1113 1865 1167 ecclesiarum
1915 1127 2076 1166 orna-

493 1212 581 1257 tus
604 1216 670 1255 ex
699 1213 851 1262 auro.
882 1211 1124 1270 argento,
1154 1203 1320 1258 ebore
1358 1205 1427 1258 ab
1468 1203 1796 1274 Hieronymo
1825 1203 1988 1256 etiam
2022 1204 2073 1255 iu

493 1295 654 1363 epist.
690 1295 814 1360 130,
850 1311 1020 1363 segm.
1056 1296 1145 1359 N,
1201 1305 1554 1359 memoratus,
1600 1296 1852 1350 continua
1907 1293 2078 1364 bapti-

494 1387 596 1440 smi
630 1387 1047 1452 administratio,
1071 1389 1404 1442 creberrima
1429 1387 1783 1442 Eucharistiae
1821 1388 2074 1456 sumptio,

493 1487 550 1531 et
573 1478 678 1532 alia
715 1479 798 1533 his
845 1477 1044 1544 aliinia,
1093 1480 1224 1534 nihil
1281 1480 1332 1534 in
1396 1481 1496 1536 hoc
1543 1497 1705 1550 opere
1750 1479 2076 1545 invenietur,

495 1572 641 1639 quod
675 1574 880 1626 auctori
920 1571 1136 1644 [XXIII]
1177 1573 1357 1642 quarti
1412 1572 1593 1629 smculi
1637 1585 1744 1627 non
1797 1580 2076 1641 congruat.

498 1663 631 1730 Quae
663 1680 784 1718 cum
828 1665 898 1717 ita
942 1663 1073 1727 sint,
1110 1665 1299 1719 cadent
1335 1666 1509 1732 ipsum
1557 1674 1718 1720 aetate
1759 1679 1864 1734 qua
1913 1663 2078 1736 Didyb

496 1769 648 1810 mum
681 1753 926 1811 ﬂoruisse
959 1772 1063 1809 non
1097 1757 1303 1813 dubito.

496 1870 625 1927 CAP.
660 1869 774 1926 Xll.
813 1873 1012 1926 Auctor
1044 1882 1220 1994 nostri;
1251 1872 1414 1926 Deum
1443 1883 1591 1926 vocat
1625 1871 1875 1944 ἀμεγὲθη
1909 1882 1962 1926 ιιι
1993 1871 2082 1926 Di-

1217 1957 1387 1994 mnus.

1214 1957 1387 2012 ymus.

573 2031 678 2087 Sed
716 2031 863 2087 aliud
910 2033 999 2090 hic
1039 2043 1414 2100 argumentum
1462 2032 1662 2088 addere
1695 2033 1906 2104 placet,
1940 2033 2080 2102 quod

499 2138 608 2178 non
639 2125 788 2194 parvi
821 2125 1077 2194 ponderis
1106 2139 1225 2178 esse
1254 2124 1524 2180 existimo.
1562 2126 1690 2180 Illud
1717 2138 1897 2180 autem
1927 2143 1990 2179 es
2016 2140 2083 2180 eo

505 2216 669 2276 duco,
700 2216 843 2282 quod
877 2223 1069 2267 auctor
1097 2216 1281 2268 noster
1306 2212 1473 2268 Deum
1498 2214 1692 2284 sacpius
1717 2215 1768 2269 in
1799 2217 1899 2270 hoc
1921 2227 2083 2284 opere

502 2306 647 2358 dicat
679 2320 801 2359 esse
831 2304 1079 2376 ἀμεγέθη
1127 2321 1141 2336 ο
1181 2320 1343 2373 quam
1388 2319 1574 2360 vocem
1610 2321 1729 2359 cum
1766 2305 1816 2359 in
1857 2305 2080 2374 epistola

425 2407 433 2420 '
500 2397 567 2451 ad
602 2396 972 2452 clarissimum
1006 2397 1293 2466 praesulem
1328 2396 1593 2452 Joannem
1621 2395 1943 2451 Archintutn
1975 2397 2080 2451 Bo-

503 2489 679 2544 noniae
717 2502 846 2544 tunc
901 2489 1236 2560 prolegatum
1275 2505 1786 2545 commemorassetn
1810 2531 1825 2554 ,
1865 2506 1927 2545 ac
1957 2505 2082 2544 ver-

503 2583 716 2647 tissem,
751 2585 1046 2652 quantitate
1074 2593 1369 2646 carentem,
1402 2582 1642 2637 Gallictts
1684 2583 1902 2650 quidam
1943 2581 2082 2637 scri-

503 2683 629 2742 ptor
673 2687 735 2726 ea
787 2673 853 2726 de
895 2674 995 2727 hoc
1047 2672 1309 2726 vocabulo
1350 2672 1751 2742 pronuntiavit,
1793 2687 1912 2740 qua:
1951 2671 2079 2726 mihi

503 2764 722 2835 probari
769 2774 1066 2833 nequeunt.
1113 2762 1311 2818 Verum
1357 2764 1405 2818 ei
1442 2766 1574 2818 satis
1619 2778 1891 2834 superque
1934 2779 1962 2816 a
1997 2779 2083 2818 me

495 2855 610 2926 jam
661 2869 979 2924 responsum
1025 2865 1108 2910 est
1151 2872 1272 2926 pag.
1324 2855 1424 2918 '59,
1454 2865 1567 2910 not.
1600 2856 1674 2919 2,
1715 2866 1768 2910 et
1799 2872 1918 2928 pag.
1956 2855 2081 2920 “2,

505 2955 622 3000 not.
676 2944 728 2998 1.
778 2943 930 2998 Nunc
971 2945 1153 3012 itaque
1203 2945 1334 2999 nihil
1385 2945 1528 2999 aliud
1563 2955 1842 3014 superest,
1881 2948 1980 3001 nisi
2025 2958 2084 3003 ut

500 3046 884 3107 argumentum
964 3051 1142 3091 meum
1220 3037 1406 3106 paucis
1465 3047 1752 3106 exponam.
1818 3037 2082 3094 Nimirum

506 3137 724 3182 constat
749 3129 950 3198 primo,
983 3129 1091 3183 Deo
1119 3129 1543 3196 magnitudinem
1572 3145 1601 3182 a
1622 3127 1872 3184 Patrihus
1897 3131 2080 3199 tribui,

505 3231 565 3274 ut
598 3221 783 3274 citatis
813 3221 944 3276 locis
981 3222 1222 3276 diximus
1255 3238 1268 3275 :
1305 3236 1480 3292 neque
1510 3238 1637 3277 vero
1667 3239 1785 3278 eam
1821 3224 2085 3279 duntaxat

502 3316 956 3384 magnitudinem,
985 3331 1104 3384 quae
1133 3316 1321 3372 Graace
1350 3316 1710 3390 μεγαλωσύνη
1741 3317 1959 3380 dicitur,
1993 3327 2082 3371 aut

506 3407 896 3479 μεγαλειότης,
931 3411 1024 3464 sed
1056 3409 1220 3463 etiam
1258 3409 1510 3480 μέγεθος.
1543 3408 1622 3463 Ita
1663 3409 2083 3480 Chrysostomus

503 3509 636 3552 tom.
658 3499 673 3552 Ι
693 3500 945 3554 editionis
975 3499 1486 3566 Montl‘aucouianm,
1524 3516 1645 3570 pag.
1669 3501 1796 3562 457,
1822 3506 1898 3556 ait
1930 3521 1943 3557 :
1977 3503 2083 3556 Τοῦ

507 3590 773 3660 μεγέθους
818 3590 913 3645 καὶ
964 3591 1063 3662 τῆς
1118 3591 1301 3662 ἰσχύος
1351 3591 1444 3646 τοῦ
1492 3593 1854 3662 πεποιηκότος
1910 3595 2082 3648 αὐτόν

502 3689 558 3733 et
592 3679 826 3734 Basilius
860 3680 1023 3733 Deum
1061 3691 1218 3736 vocat
1252 3681 1506 3753 ἀόριστον
1545 3681 1774 3754 μέγεθος
1804 3687 1943 3753 apud
1978 3683 2084 3737 Fa-

504 3771 737 3825 bricium
764 3773 816 3826 in
842 3770 982 3825 Bibl.
1006 3770 1180 3828 ϐιαιο.
1203 3775 1310 3828 vol.
1344 3771 1472 3839 VIII,
1499 3791 1620 3845 pag.
1640 3774 1772 3840 100;
1799 3792 1825 3828 a
1853 3775 2086 3845 Josepho

504 3871 686 3916 autem
731 3863 823 3918 lib.
865 3880 902 3917 ιι
935 3875 1117 3917 Contra
1147 3867 1424 3934 Apionent,
1463 3879 1633 3935 segni.
1671 3867 1772 3933 22,
1805 3865 1943 3922 Dens
1974 3869 2086 3935 ipse

507 3954 814 4023 appellatur
857 3954 954 4025 τὴν
1002 3955 1218 4028 μορφὴν
1267 3955 1360 4010 καὶ
1409 3957 1638 4028 μέγεθος
1663 3959 1815 4029 ιὴμϊν
1853 3961 2087 4028 ἀφανέσ-

501 4063 689 4110 τατος,
714 4047 850 4109 sive,
875 4058 934 4099 ut
966 4048 1058 4101 alii
1089 4049 1292 4116 legunt,
1319 4049 1547 4118 ἄφατος.
1579 4050 2083 4114 Constatsccundo.

509 4139 564 4193 in
603 4155 759 4194 sacra
803 4139 1107 4208 Scriptura,
1142 4137 1236 4194 Dei
1273 4141 1492 4209 quidem
1539 4135 1957 4216 μεγαλωσύνης),
1995 4154 2086 4199 aut

513 4232 916 4304 μεγαλειότητα
945 4235 1252 4298 memorari,
1284 4248 1550 4302 nusquam
1583 4243 1783 4298 tamen,
1819 4235 1871 4288 ni
1903 4234 2084 4300 fallor,

508 4324 605 4379 Dci
642 4326 874 4397 μέγεθος
910 4335 1005 4380 aut
1036 4326 1274 4397 μέγαθος
1311 4325 1604 4382 nominari.
1640 4322 1845 4391 Tertio,
1883 4328 2084 4381 nullum

516 4419 786 4473 hactenus
819 4419 996 4473 inveni
1033 4420 1255 4489 Didymo
1282 4418 1632 4472 vetustiorem
1665 4419 1898 4482 Patrem,
1927 4435 1956 4471 a
1981 4434 2087 4488 quo

513 4509 657 4564 Deus
691 4511 872 4565 dictus
903 4512 972 4565 sit
1005 4511 1307 4580 ἀμεγέθης.
1341 4509 1564 4564 Constat
1597 4511 1826 4579 denique
1860 4511 2023 4564 Deum
2057 4528 2084 4563 a

515 4602 748 4671 Didymo
799 4603 1169 4658 Alexandrino
1215 4605 1266 4658 in
1309 4605 1717 4660 commentariis
1759 4606 1812 4658 in
1845 4604 2084 4658 Psalmos

515 4695 719 4746 dictum
752 4707 872 4748 esse
903 4695 1176 4766 ἀμεγέθη,
1211 4706 1267 4748 ιιι
1299 4697 1481 4749 monui
1512 4706 1621 4752 not.
1653 4696 1702 4760 1,
1734 4711 1851 4765 pag.
1883 4695 2004 4749 ΗΞ.
2037 4695 2090 4750 Id

519 4794 698 4838 autem
743 4801 809 4840 ex
859 4801 923 4840 eo
969 4787 1202 4841 fortasse
1245 4788 1443 4842 factum
1488 4797 1588 4851 est,
1630 4788 1770 4856 quod
1807 4788 1872 4850 is,
1909 4795 2092 4857 utpote

523 4877 974 4946 diligentissimus
1010 4879 1413 4945 Scripturarum
1452 4878 1753 4944 interpres.
1791 4888 2088 4940 scrutator,

516 4975 681 5033 atque
718 4967 1020 5035 indagator,
1061 4969 1384 5033 obset'varit,
1424 4967 1651 5039 μέγεθος
1687 4985 1949 5038 nttsqttatu
1983 4969 2090 5023 Deo

513 5057 677 5108 tribui
725 5057 778 5109 in
819 5056 1137 5126 Scripturis.
1185 5059 1279 5111 llis
1315 5060 1608 5127 prartttissis
1644 5075 1764 5113 cum
1814 5069 1868 5113 et
1909 5069 2097 5113 auctor

519 5162 710 5203 noster
749 5145 914 5203 Deum
963 5153 1162 5218 strpi-us
1193 5152 1244 5204 in
1295 5156 1394 5206 hoc
1429 5167 1592 5221 opere
1626 5154 1769 5208 dicat
1800 5165 1919 5206 esse
1960 5153 2096 5221 ἁμε-

515 5239 673 5309 γὲθη,
713 5254 817 5293 non
857 5240 1136 5294 immerito
1176 5241 1306 5296 mihi
1339 5243 1527 5297 videor
1554 5243 1678 5298 hinc
1705 5258 1918 5311 quoque
1940 5242 2092 5296 colli-

515 5348 643 5398 gere
695 5347 886 5403 posse,
930 5333 1106 5402 ipsum
1151 5348 1354 5397 unum,
1404 5334 1761 5403 eamdemque
1805 5349 1926 5386 esse
1969 5343 2092 5385 cum

527 5425 755 5494 Didyme
783 5423 1169 5479 Alexandrino.
1198 5423 1396 5477 Fateor
1427 5425 1587 5477 alium
1618 5439 1829 5494 quoque
1859 5424 2093 5478 Alexan-

523 5517 739 5571 drinum
799 5517 1152 5585 scriptorem,
1211 5532 1398 5585 nempe
1451 5517 1508 5571 S.
1565 5517 1857 5586 Cyrillum,
1907 5515 2093 5568 eodem

526 5607 688 5661 modo
717 5609 782 5661 de
814 5607 922 5660 Deo
954 5608 1190 5662 locutum
1223 5620 1407 5678 postea
1431 5624 1572 5671 esse,
1597 5619 1656 5661 ut
1683 5609 1862 5662 monui
1895 5617 2009 5661 not.
2039 5597 2093 5671 Ξ,

526 5714 655 5768 pag.
683 5699 773 5763 59,
809 5715 930 5752 cum
963 5699 1128 5754 Demn
1156 5711 1210 5755 et
1240 5702 1352 5771 ipse
1383 5711 1570 5771 aperte
1601 5701 1794 5753 dixerit
1825 5699 2093 5771 ἀμεγέθη,

524 5794 620 5846 sed
651 5793 955 5863 hujusmodi
994 5794 1318 5850 locutionem
1347 5811 1410 5849 ex
1448 5796 1670 5865 Didynto
1697 5795 1953 5865 Cyrillum
1980 5809 2095 5848 mu-

2179 569 2469 640 liidymum
2503 569 2678 639 ipsum
2711 569 2952 623 imitatus
2980 579 3101 622 esse
3129 567 3396 630 videatur,
3425 575 3486 620 ut
3511 567 3757 635 superius

2180 660 2444 730 suspicari
2487 675 2576 714 me
2605 660 2740 714 dixi.
2782 659 2848 714 Et
2876 661 2940 713 de
2981 661 3080 712 hac
3113 657 3330 726 quidem
3371 672 3429 712 re
3470 657 3604 712 satis
3637 674 3651 710 :
3693 662 3757 712 ad

2179 753 2341 807 aliaat
2382 754 2562 821 itaque
2590 753 2854 807 rationem
2885 761 3243 804 transeamus.

2179 911 2310 967 CAP.
2369 907 2507 964 XIII.
2551 907 2616 961 In
2647 907 2806 976 poetis
2828 915 3090 1028 gedrsatus
3125 913 3239 958 enat
3286 914 3473 957 auctor
3503 912 3682 958 noster
3705 915 3760 959 ut

2878 993 2892 1027 ι
2939 991 3106 1028 umus.

2878 991 3106 1044 taymus.

2253 1114 2386 1169 Cum
2413 1111 2630 1180 plurimi
2654 1126 2718 1165 ex
2748 1109 2954 1165 Grtccis
2974 1106 3226 1161 Patrihus
3244 1105 3470 1178 Didyme
3495 1107 3753 1163 vetustiov

2185 1202 2333 1257 ribus
2370 1211 2465 1256 attt
2499 1200 2844 1270 snpparihus,
2880 1195 3137 1266 profanos
3165 1196 3460 1266 scriptores
3481 1237 3495 1262 ,
3529 1207 3594 1249 ac.
3618 1210 3758 1265 pm-

2189 1295 2378 1349 sertim
2405 1304 2596 1362 poetas
2625 1291 2812 1353 citent,
2843 1300 2901 1342 ut
2929 1302 2993 1343 ex
3025 1302 3214 1342 eorum
3239 1287 3496 1356 operibus
3519 1278 3763 1356 apparet,

2185 1387 2380 1438 mirum
2414 1398 2518 1436 non
2547 1391 2654 1447 est,
2674 1383 2717 1435 si
2746 1384 2996 1434 auctores
3022 1388 3287 1440 externos,
3321 1378 3373 1432 id
3402 1387 3484 1433 est
3511 1379 3768 1448 profanos

2189 1475 2474 1544 theol0gus
2522 1487 2738 1542 quoque
2786 1482 2972 1525 noster
3018 1461 3158 1524 haud
3202 1484 3328 1523 raro
3371 1469 3587 1540 allegat.
3633 1467 3768 1525 Illud

2190 1568 2370 1637 potius
2415 1567 2614 1619 mirum
2664 1565 2835 1617 videri
2880 1563 3071 1626 debet,
3128 1562 3372 1632 potuisse
3418 1563 3543 1617 hinc
3584 1563 3770 1618 nescio

2184 1665 2347 1728 quem
2393 1657 2690 1726 colligere,
2739 1670 2875 1724 opus
2924 1655 3094 1709 hocce
3138 1654 3349 1724 Didymi
3393 1661 3554 1708 a>tate
3599 1652 3771 1707 multo

2190 1751 2465 1806 recentius
2503 1765 2625 1804 esse
2669 1767 2682 1804 :
2729 1749 2815 1802 cui
2848 1762 2972 1801 cum
3017 1747 3152 1802 satis
3186 1747 3297 1816 jam
3337 1746 3672 1802 occurrerim
3715 1747 3769 1800 iu

2111 1831 2152 1898 Β
2182 1843 2346 1906 notis,
2383 1841 2512 1895 mihi
2547 1857 2692 1895 nunc
2742 1839 2984 1894 vicissim
3013 1839 3200 1893 videor
3237 1853 3304 1893 ex
3341 1837 3444 1893 hoc
3472 1838 3590 1908 ipso
3629 1853 3766 1893 con-

2186 1934 2412 1989 trariam
2444 1931 2814 2001 conjecturam
2839 1932 3040 1986 ducere
3069 1945 3254 2000 posse,
3283 1939 3341 1983 ut
3369 1932 3550 2000 operis
3577 1939 3768 1984 aucto-

2188 2037 2303 2082 rem
2358 2026 2644 2095 Dldytnum
2695 2039 2817 2080 esse
2863 2025 3034 2094 magis
3083 2025 3368 2094 magisque
3419 2023 3765 2078 conﬁrmem.

2187 2118 2473 2187 Didymum
2507 2118 2652 2172 enim
2698 2117 2749 2172 in
2783 2127 3066 2187 poetarum
3094 2117 3350 2179 maxime,
3393 2131 3458 2169 ac
3487 2116 3773 2170 rhetorum

2194 2227 2414 2282 quoque
2449 2211 2706 2280 operibus
2754 2217 3028 2264 versatum
3073 2209 3241 2263 fuisse
3281 2217 3553 2264 testantur
3598 2205 3772 2262 Soza-

2185 2317 2405 2368 menus,
2436 2301 2836 2368 Theodoretus,
2866 2316 2930 2354 ac
2954 2300 3291 2370 Nicephorus
3323 2299 3378 2354 in
3407 2297 3770 2364 Testintoniis,

2183 2411 2306 2467 qua:
2366 2398 2419 2450 in
2474 2395 2788 2465 Appendice
2831 2393 3004 2450 attuli.
3048 2392 3166 2463 Ipse
3215 2407 3342 2448 vero
3399 2391 3656 2462 Didymus
3716 2390 3773 2443 in

2183 2485 2589 2542 commentariis
2664 2483 2723 2537 in
2768 2484 2902 2536 Acta
2952 2481 3307 2552 apostolorum
3353 2482 3419 2536 ad
3463 2489 3626 2549 caput
3673 2493 3772 2542 vti,

2185 2589 2332 2632 torno
2360 2575 2427 2630 IV
2461 2575 2713 2629 Anecdot.
2749 2573 2949 2638 Wollii,
2979 2587 3102 2642 pag.
3132 2571 3230 2638 25,
3267 2572 3446 2635 docet,
3472 2571 3774 2623 doctrinam

2185 2681 2457 2724 externam
2491 2685 2594 2722 non
2629 2667 2840 2720 omnino
2881 2669 3308 2718 contemnendam
3341 2678 3485 2729 esse;
3516 2665 3570 2716 in
3611 2661 3774 2715 laude

2181 2765 2320 2817 enim
2346 2762 2576 2828 ponitur,
2618 2760 2758 2827 quod
2791 2757 2965 2812 Moses
2996 2757 3140 2810 omni
3177 2757 3435 2826 sapientia
3485 2747 3776 2825 :Egyptio-

2183 2870 2300 2908 rum
2342 2853 2496 2923 fuerit
2536 2854 2851 2914 instructus,
2896 2850 3030 2904 sicut
3062 2858 3112 2902 et
3152 2851 3216 2903 de
3250 2848 3489 2911 Daniele,
3525 2859 3570 2900 et
3610 2848 3775 2900 sociis

2185 2946 2302 3013 ejus
2328 2942 2539 2997 Judtcis
2568 2944 2911 3009 praedicatur,
2942 2942 3081 3010 quod
3113 2957 3289 2994 omnes
3315 2943 3372 2992 in
3395 2937 3779 2992 Chaldaeorum

2183 3035 2549 3106 philosophia,
2597 3036 2936 3105 amnibusque
2987 3034 3216 3087 scientiis
3261 3032 3581 3101 superarint.
3627 3030 3774 3096 Quin
3823 3039 3825 3042 ‘

2193 3131 2529 3185 catechistas
2545 3143 2736 3184 omnes
2756 3127 3154 3182 Alexandrinos
3181 3127 3389 3196 Didymi
3410 3129 3775 3195 praecessores

2111 3197 2158 3260 c
2193 3221 2549 3283 Pantaeaum,
2601 3219 2970 3297 Clementem,
3035 3215 3362 3287 Origenem,
3423 3215 3772 3285 Dionysium,

2189 3313 2581 3375 Ammonium,
2642 3310 2886 3377 aliosque
2949 3319 3177 3362 externa:
3229 3322 3446 3377 quoque
3493 3307 3778 3376 sapientia:

2189 3421 2411 3476 operam
2454 3404 2786 3473 impendisse
2828 3411 3040 3456 constat
3079 3417 3093 3453 :
3146 3400 3290 3454 inter
3328 3413 3464 3468 quos
3521 3397 3780 3454 Clemens

2199 3507 2363 3566 atque
2389 3495 2652 3566 Origenes
2675 3501 2936 3563 quantum
2965 3509 3069 3546 nou
3104 3495 3262 3545 modo
3291 3492 3342 3544 in
3374 3505 3552 3556 sacra,
3578 3505 3772 3543 verum

2191 3589 2355 3644 etiam
2421 3589 2477 3641 in
2531 3587 2756 3657 profana
2811 3585 3116 3640 eruditione
3164 3583 3554 3643 exeelluerint,
3613 3596 3780 3637 nemo

2195 3679 2414 3754 [XXIV]
2481 3679 2714 3750 ignorat.
2771 3677 2903 3732 Nam
2965 3675 3262 3731 Clementis
3326 3675 3546 3744 quidem
3604 3689 3779 3744 opera

2194 3774 2546 3844 profanorum
2591 3780 2870 3840 poetarum
2908 3782 2970 3822 ac
3006 3767 3449 3836 philosophorum
3484 3765 3779 3837 allegatio-

2201 3865 2358 3919 nibus
2390 3865 2588 3933 ubique
2626 3862 2828 3916 referta
2866 3869 3013 3912 sunt.
3050 3859 3203 3914 Alter
3229 3873 3358 3914 vero
3389 3863 3493 3912 non
3526 3857 3688 3930 modo
3722 3859 3779 3912 itt

2196 3957 2348 4010 libris
2384 3968 2567 4010 contra
2598 3953 2806 4008 Celsum
2840 3969 2936 4023 pro
2961 3953 3272 4007 Christiana
3318 3952 3578 4022 religione
3630 3953 3778 4008 scri-

2197 4049 2308 4116 ptis
2340 4045 2655 4116 Enripidem
2677 4085 2692 4111 ,
2727 4045 3043 4110 llomcrum,
3080 4044 3320 4113 aliosque
3346 4045 3508 4111 citat,
3543 4055 3601 4097 ut
3629 4053 3782 4112 patet

2190 4159 2257 4198 ex
2286 4140 2463 4197 tom.l
2510 4155 2634 4211 pag.
2691 4138 2816 4202 549,
2867 4137 2993 4202 59⁵5,
3033 4140 3110 4190 et'
3140 4137 3265 4203 730,
3315 4137 3567 4193 editionis
3621 4137 3780 4193 Pari-

2193 4234 2387 4290 siensis
2423 4233 2547 4286 anni
2597 4231 2773 4292 1755;
2821 4243 3007 4284 verum
3053 4228 3216 4283 etiam
3262 4229 3579 4299 discipulum
3615 4243 3779 4284 suum

2193 4325 2251 4383 S.
2268 4327 2582 4396 Gregorium
2604 4321 3325 4392 Titanmaturgumlhortatur
3339 4337 3459 4391 pag.
3478 4320 3512 4374 3
3529 4320 3779 4388 ejusdem

2193 4420 2343 4484 tomi,
2393 4428 2451 4471 ut
2484 4416 2814 4486 geometrias,
2853 4426 3016 4483 atque
3045 4415 3389 4468 astronomiae
3421 4425 3642 4482 operam
3682 4428 3780 4464 na-

2195 4519 2304 4572 vet,
2340 4508 2489 4577 quod
2521 4507 2826 4574 hujnsmodi
2859 4508 3099 4561 scientia:
3131 4506 3443 4561 Christiano
3474 4503 3680 4558 homini
3707 4507 3780 4559 ad

2194 4602 2586 4671 intelligendas,
2607 4600 3063 4668 explicandasque
3084 4612 3269 4654 sacras
3293 4598 3609 4667 Scripturas
3637 4613 3780 4651 con-

2197 4692 2337 4748 l‘erre
2391 4702 2610 4762 queant.
2648 4692 2778 4760 Quae
2823 4707 2945 4746 cum
2983 4693 3059 4746 ita
3114 4692 3254 4756 sint,
3308 4690 3575 4744 rationem
3628 4689 3781 4745 hanc

2200 4784 2388 4853 paucis
2412 4785 2482 4838 ita
2503 4783 2897 4839 concludimus.
2923 4781 3228 4852 Theologus
3253 4792 3438 4836 noster
3456 4777 3782 4849 Pindarum,

2196 4875 2494 4929 Homerum
2519 4915 2535 4941 ,
2573 4875 2936 4944 Sophoclem,
2969 4874 3241 4944 Orpheum
3262 4913 3278 4939 ,
3311 4873 3616 4943 Diagoram,
3655 4871 3782 4926 Pla-

2203 4977 2383 5020 tonem
2431 4965 2750 5030 Comicum,
2799 4967 3062 5038 Sibyllina
3113 4966 3388 5027 carmina,
3437 4965 3784 5035 aliorumque

2205 5069 2523 5131 poetarum,
2560 5073 2788 5128 quorum
2827 5059 3044 5112 nomina
3090 5057 3317 5121 reticet,
3352 5072 3538 5112 versus
3579 5059 3784 5126 saepius

2204 5156 2369 5218 citat;
2407 5151 2684 5206 Platonem
2715 5165 2931 5222 quoque
2958 5151 3187 5219 allegat,
3219 5150 3598 5217 Aristotelem,
3634 5149 3774 5204 Por-

2199 5245 2478 5314 phyrium,
2521 5257 2586 5296 ac
2618 5241 2944 5294 Mercurium
2997 5236 3446 5310 Trisntegistum,
3482 5239 3640 5302 cuius
3675 5258 3783 5296 tto-

2197 5334 2345 5386 mine
2380 5332 2629 5402 inscripti
2680 5331 2806 5386 libri
2856 5337 2913 5384 ut
2962 5330 3182 5398 genuini
3225 5341 3354 5384 tunc
3399 5328 3776 5386 habebantur.

2192 5425 2355 5494 Atqui
2398 5425 2501 5478 hoc
2550 5424 2598 5479 ei
2646 5424 2879 5477 maxime
2920 5423 3206 5487 convenit,
3251 5436 3412 5491 quem
3457 5424 3509 5476 in
3552 5425 3728 5493 poetis
3755 5467 3774 5488 ,

2193 5518 2424 5585 aliisque
2507 5515 2865 5582 scriptoribus
2929 5515 3165 5567 ethnicis
3248 5516 3523 5567 versatum
3603 5512 3780 5568 fuisse

2193 5616 2446 5672 constat,
2502 5606 2804 5675 cujusmodi
2873 5604 2974 5658 fuit
3029 5604 3305 5674 Didymus.
3365 5603 3507 5672 Ergo
3559 5611 3777 5657 tantum

2197 5702 2376 5763 abest,
2407 5706 2464 5751 ut
2494 5700 2597 5751 hoc
2628 5697 2868 5767 opinioni
2903 5706 3103 5750 nostrae
3132 5696 3426 5764 quidquam
3460 5693 3686 5760 ofﬁciat,
3711 5706 3781 5750 ut

2199 5793 2387 5864 potius
2417 5791 2531 5846 haec
2568 5792 2705 5844 ratio
2745 5807 2850 5845 non
2885 5805 3127 5844 seorsum
3161 5789 3375 5857 quidem
3410 5799 3648 5857 sumpta,
3671 5787 3779 5842 sed
