4030 6408
289 364 384 421 161

1447 380 2015 438 COMMENTARIUS.
2058 416 2129 428 -—-
2164 385 2290 444 LIB.
2334 387 2375 442 l.

3430 402 3539 458 162

285 482 403 535 aliis
438 478 799 549 conjecturis,
835 499 900 539 ac
944 486 1249 544 rationibus
1278 488 1464 556 juncta
1518 495 1848 548 sententiam
1881 510 1929 558 Α
1959 510 2063 548 non
2107 512 2232 551 raro
2270 508 2582 568 utrumque,
2632 502 2762 558 dum
2812 506 3106 578 Scriptura:
3145 511 3260 569 loca
3310 514 3539 587 allegat.

285 583 519 627 nostram
550 574 980 641 probabiliorem
1014 579 1227 633 reddat.

279 685 404 741 ΕΑΡ.
447 683 582 739 XIV.
632 686 1333 770 Origenianas_l_ocntiones
1377 696 1529 751 habet
1583 699 1854 770 theologus

660 772 839 813 noster
876 773 930 813 ut
966 763 1243 833 Didymus.

343 851 743 914 Apertissimum
771 851 1020 923 Origenis
1045 868 1487 927 propugnatorem
1513 871 1670 915 vocat
1698 860 1855 932 Didy-

276 955 417 993 mum
465 938 854 1011 Hieronymus.
900 943 1022 1010 Quo
1052 956 1232 1000 autem
1280 964 1443 1003 sensu
1480 951 1533 1004 id
1581 950 1853 1020 accipien-

280 1032 397 1085 dum
423 1033 521 1095 sit,
553 1049 745 1100 quaeve
766 1036 901 1100 sint,
930 1048 1023 1091 aut
1051 1040 1240 1108 quales
1266 1040 1518 1113 Origenis
1544 1045 1845 1112 opiniones,

278 1124 459 1189 quibus
512 1126 807 1180 adbmserit
856 1127 1154 1200 Didymus,
1193 1149 1298 1187 non
1346 1134 1617 1204 inquiram
1667 1140 1843 1191 modo.

280 1216 401 1268 Illud
441 1217 576 1269 mihi
610 1219 661 1269 in
695 1234 937 1287 prmsens
973 1222 1196 1289 suﬁicit,
1230 1235 1288 1278 ut
1311 1230 1764 1294 quemadmodum
1794 1231 1844 1283 iu

274 1310 519 1381 Didymo,
556 1313 628 1365 ita
655 1323 708 1367 et
750 1315 803 1368 in
843 1315 1093 1386 theologo
1125 1330 1313 1373 nostro
1343 1321 1519 1374 multis
1554 1332 1847 1377 occurrant

269 1418 325 1455 ex
364 1405 431 1456 iis
462 1405 849 1469 locationibus,
897 1423 1032 1476 quas
1080 1410 1130 1462 in
1169 1411 1361 1465 llulino
1402 1414 1756 1481 Aquileiensi,
1791 1416 1842 1469 in

263 1493 468 1549 Joanne
514 1498 769 1566 episcopo
816 1497 1329 1570 ll.erosolymitano,
1377 1506 1605 1575 aliisque
1634 1516 1690 1558 ιιι
1720 1506 1842 1560 Ori-

266 1589 531 1654 gcnianas
566 1591 865 1645 insectatus
894 1602 980 1646 est
1010 1591 1373 1664 Hieronymus
1400 1597 1535 1664 ipse,
1570 1598 1843 1667 TlteOphi-

261 1676 339 1730 lus
392 1678 828 1747 Alexandrinus,
892 1693 947 1737 et
1000 1686 1088 1738 alii
1140 1685 1347 1740 Patres.
1402 1692 1473 1741 At
1526 1690 1834 1758 hujusmodi

260 1772 440 1839 reipsa
470 1782 600 1825 sunt
644 1776 819 1841 primo
850 1792 970 1844 qua:
995 1779 1061 1832 de
1097 1781 1328 1850 imagine
1368 1780 1461 1835 Dei
1508 1784 1575 1835 ab
1621 1784 1840 1839 homine

256 1878 353 1930 per
388 1873 674 1931 peccatum
699 1870 899 1921 amissa
931 1870 1088 1923 docet
1115 1884 1305 1925 auctor
1328 1882 1513 1925 noster
1540 1889 1661 1942 pag.
1690 1872 1834 1940 255;
1870 1856 1915 1913 Β
1942 1873 2085 1924 enim
2134 1890 2149 1926 :

255 1958 454 2010 deinde
503 1974 626 2028 qua:
673 1959 871 2027 sa-pius
916 1962 1105 2015 scribit
1165 1965 1231 2016 de
1279 1964 1561 2032 apatlteia,
1619 1967 1670 2019 id
1726 1977 1831 2027 est.

254 2049 756 2117 imperturbatione,
786 2062 879 2106 aut
905 2054 1246 2109 immunitate
1272 2074 1300 2107 a
1337 2059 1840 2123 perturbationibus

252 2144 463 2206 animi,
519 2159 657 2211 quas
708 2146 867 2213 vulgo
920 2146 1185 2213 passiones
1237 2148 1459 2213 dicunt;
1512 2165 1576 2204 ac
1624 2150 1839 2205 demum

250 2235 395 2302 quod
446 2251 607 2304 pagg.
640 2236 710 2289 5‘2
737 2248 794 2290 et
834 2238 924 2291 l5!
963 2238 1223 2305 allirmat,
1260 2256 1380 2294 cum
1416 2244 1467 2296 in
1502 2243 1587 2297 illa
1623 2246 1839 2314 quidem

248 2330 323 2379 ait
358 2347 372 2382 :
409 2327 722 2393 Quicunque
747 2330 958 2383 initium
992 2333 1161 2385 dicere
1187 2334 1467 2398 voluerint,
1492 2338 1652 2404 ﬁnem
1678 2339 1839 2392 etiam

247 2421 576 2486 conﬁtentur
606 2436 626 2473 :
663 2422 715 2475 in
754 2422 853 2477 hac
884 2440 1011 2479 vero
1038 2444 1052 2478 :
1083 2425 1220 2480 Nam
1254 2444 1427 2481 rerera
1453 2430 1708 2500 quidquid
1736 2434 1839 2485 ini-

246 2513 380 2563 tium
411 2514 638 2580 accepit,
679 2514 884 2567 habebit
912 2516 1067 2569 etiam
1101 2518 1279 2585 linem.

316 2604 523 2658 Fateor
556 2614 666 2658 tres
702 2606 863 2660 hasce
889 2609 1124 2676 theologi
1156 2612 1348 2677 nostri,
1377 2610 1619 2682 aliasque
1649 2613 1837 2681 hujus-

245 2695 393 2747 modi
429 2696 733 2751 locutiones
764 2708 916 2752 recto
954 2715 1114 2755 sensu
1152 2705 1321 2771 accipi
1363 2720 1542 2774 posse,
1572 2722 1633 2760 ac
1662 2707 1832 2775 reipsa

245 2789 313 2841 ab
358 2790 484 2842 aliis
525 2788 784 2844 Patribns
816 2807 936 2845 esse
978 2794 1272 2851 adhibitus.
1317 2798 1385 2850 At
1424 2814 1488 2851 ne
1528 2800 1579 2852 in
1621 2799 1832 2871 Didymi

243 2883 473 2950 quidem
516 2883 777 2951 Operibus
821 2900 941 2952 quae
984 2898 1231 2953 exstant,
1291 2891 1397 2943 ulla
1462 2893 1695 2948 fortasse
1749 2904 1834 2948 est

246 2975 586 3041 Origettiatta
642 2974 883 3041 locutio,
919 2993 1081 3046 quam
1120 2980 1386 3036 catholice
1424 2984 1695 3053 explicare
1732 3000 1829 3040 ne-

243 3082 518 3132 queamus
547 3084 560 3120 :
593 3082 729 3134 quas
765 3084 896 3123 vero
936 3071 987 3123 in
1028 3072 1276 3139 theologo
1309 3085 1494 3131 nostro
1530 3079 1831 3146 reperimus

247 3159 663 3230 Origenismum
708 3162 1013 3217 redolentes
1039 3203 1052 3227 ,
1090 3165 1375 3235 plerasque
1408 3178 1465 3221 ut
1498 3169 1822 3240 Origeniana

245 3252 369 3304 labe
404 3251 639 3306 infectas
665 3252 732 3305 ab
774 3252 1137 3325 Hieronymo,
1166 3257 1356 3312 aliisve
1402 3260 1615 3315 habitas
1655 3262 1825 3317 fuisse

242 3344 461 3397 ostendi
494 3344 547 3396 in
582 3344 746 3409 notis,
780 3356 835 3398 ut
872 3348 1095 3415 proinde
1121 3349 1252 3401 nihil
1288 3366 1427 3404 nunc
1460 3363 1627 3407 restet
1653 3354 1823 3420 aliud,

243 3434 348 3489 nisi
389 3447 450 3487 ut
481 3435 550 3489 de
578 3438 869 3500 sententia,
907 3455 1066 3507 quam
1096 3455 1217 3511 pag.
1250 3442 1320 3495 '52
1364 3453 1419 3497 et
1476 3444 1569 3500 151
1609 3457 1826 3502 exstare

241 3526 384 3592 dixi,
420 3526 630 3595 aliquid
679 3528 910 3595 addam;
951 3531 1081 3584 nihil
1113 3535 1254 3587 enim
1308 3536 1373 3590 de
1421 3537 1532 3606 ipsa
1581 3539 1631 3592 itt
1682 3541 1824 3595 nolis

240 3618 448 3671 dictum
482 3618 606 3672 fuit.
654 3619 710 3673 In
754 3619 1079 3691 Origenistis
1112 3626 1276 3694 igitur
1310 3606 1447 3682 hanc
1480 3646 1695 3700 quoque
1733 3648 1820 3687 re-

242 3710 571 3776 prehensum
601 3711 767 3768 fuisse
796 3715 959 3768 didici
991 3731 1020 3770 e
1052 3717 1108 3773 ὃ.
1139 3717 1433 3773 Anastasio
1465 3720 1694 3788 Sinaita,
1729 3724 1821 3791 qui

246 3806 296 3855 in
336 3803 561 3873 Ilodego
603 3806 743 3875 apud
784 3806 1100 3862 Gretserttm
1140 3821 1269 3865 tom.
1310 3812 1469 3878 XIV,
1508 3832 1630 3885 pag.
1684 3816 1818 3881 M9,

247 3896 355 3948 baac
402 3896 626 3965 scripsit
679 3914 691 3949 :
750 3914 769 3948 t
800 3897 888 3951 Ait
926 3910 1147 3955 sanctus
1186 3901 1413 3959 Basilius
1466 3922 1714 3962 sermone
1766 3910 1821 3964 in

251 3983 616 4037 Hexaemeron
656 4000 677 4037 :
718 3984 882 4040 Omne
923 3990 1053 4041 illud
1098 3993 1236 4059 quod
1279 3995 1594 4063 principium
1645 3998 1816 4067 habet,

248 4078 427 4129 habere
455 4077 641 4129 itidem
664 4076 845 4143 linem.
872 4120 883 4131 .
915 4119 929 4133 .
958 4119 971 4132 .
1006 4082 1157 4145 Quod
1195 4084 1398 4139 dictum
1426 4089 1619 4143 crebro
1662 4092 1816 4147 nobis

247 4168 509 4236 objiciunt
530 4169 812 4223 vanissimi
844 4170 1182 4241 Origenistze,
1209 4186 1264 4228 ut
1288 4177 1410 4234 inde
1440 4183 1820 4248 prazexsisten-

250 4258 364 4309 tiam
395 4259 706 4313 animarum
744 4261 796 4314 in
833 4263 987 4318 caelis
1022 4278 1147 4321 ante
1176 4282 1404 4337 corpora
1438 4275 1758 4327 extundant.
1791 4293 1810 4326 ι

248 4347 310 4403 ita
340 4352 689 4408 Anastasius.
725 4354 835 4424 Ego
866 4372 993 4411 vero
1018 4375 1140 4412 cum
1176 4364 1359 4425 verba,
1389 4378 1513 4430 quae
1548 4365 1590 4417 is
1617 4365 1816 4422 Basilio

250 4445 441 4511 tribuit,
480 4446 537 4500 in
575 4445 759 4501 Basilii
790 4452 1025 4506 homiliis
1057 4454 1110 4504 in
1136 4450 1497 4508 Hexaemeron
1529 4474 1633 4511 non
1668 4459 1815 4513 inve-

249 4537 427 4599 nerim,
468 4550 655 4591 utrum
689 4554 751 4593 ea
787 4540 966 4595 Basilii
996 4544 1124 4607 sint,
1156 4545 1364 4614 ignoro.
1403 4547 1508 4602 Sed
1539 4551 1727 4604 eadem
1759 4552 1808 4605 in
1841 4552 1891 4614 D

250 4626 489 4695 tbeologo
519 4639 712 4681 nostro
739 4644 957 4687 exstare
981 4643 1189 4686 certum
1215 4644 1319 4689 est.

307 4716 459 4781 Quod
494 4734 627 4771 vero
662 4720 926 4777 hactenus
951 4724 1063 4777 dixi
1105 4727 1171 4780 de
1205 4727 1546 4796 Origenianis
1580 4727 1812 4785 locutio-

252 4805 432 4872 nibus,
462 4809 516 4862 id
557 4810 734 4878 ipsum
764 4818 830 4868 de
878 4813 944 4868 iis
988 4815 1191 4868 dictum
1227 4820 1367 4882 volo,
1403 4835 1523 4888 qua:
1563 4833 1685 4888 post
1722 4822 1813 4875 Di-

253 4899 384 4966 dymi
423 4902 636 4955 obitum
673 4901 972 4973 Pelagianae
1015 4917 1109 4960 aut
1146 4908 1595 4981 Semipelagiana:
1630 4914 1812 4968 vovari

255 5003 545 5059 ceperunt,
579 5009 810 5065 quaeque
840 5013 868 5050 a
907 4997 1156 5068 theologo
1185 5010 1371 5053 nostro
1404 5003 1531 5056 item
1569 5014 1626 5057 ut
1654 5023 1683 5057 ιι
1717 5004 1812 5057 Di-

256 5084 399 5149 ttynio
422 5098 695 5156 usurpata:
717 5098 845 5142 sunt
869 5106 882 5141 :
913 5087 1212 5155 cujusmodi
1241 5100 1327 5145 est
1352 5094 1462 5159 illa,
1491 5110 1594 5163 qua
1621 5109 1815 5152 auctor

259 5188 423 5231 noster
462 5180 540 5233 ait
578 5196 699 5251 pag.
738 5181 878 5248 270,
909 5185 1065 5252 ﬁdem
1110 5205 1141 5239 τι
1194 5187 1341 5241 nobis
1380 5190 1622 5257 incipere.
1677 5190 1811 5245 Nam

261 5271 360 5327 ista:
392 5294 604 5346 quoque
642 5280 783 5333 inter
818 5277 1177 5349 Origenianas
1232 5287 1506 5339 recenseri
1547 5296 1809 5354 possunt,

264 5378 434 5434 quippe
466 5386 601 5438 quas
654 5381 848 5425 auctor
884 5381 1066 5424 noster
1102 5388 1166 5427 ex
1198 5372 1433 5444 Origene
1469 5377 1810 5447 .desumpsit,

267 5466 315 5502 ut
340 5462 501 5512 monui
535 5471 650 5514 not.
688 5462 737 5525 Ι,
772 5475 895 5529 pag.
923 5459 1048 5513 270.

268 5562 431 5639 [XXV]
464 5572 590 5650 Car.
639 5572 753 5626 XV.
796 5573 964 5627 Iidem
998 5578 1047 5627 in
1072 5575 1307 5644 tlteologo
1342 5590 1535 5643 nostra,
1570 5594 1724 5650 atque
1755 5584 1808 5636 in

486 5644 713 5715 Didymo
737 5659 1017 5698 occurrunt
1044 5651 1304 5721 memoria:
1324 5650 1523 5717 lapsus.

326 5728 385 5785 Nc
416 5736 533 5791 illud
574 5740 797 5807 quidem
839 5740 987 5806 parvi
1032 5739 1333 5796 faciendum
1363 5758 1467 5809 est,
1507 5746 1647 5812 quod
1684 5763 1805 5800 enm

263 5816 308 5873 in
336 5826 572 5900 Striptore
620 5839 841 5899 nostro,
882 5841 993 5887 tum
1045 5835 1099 5887 in
1132 5834 1373 5907 Didyme
1421 5838 1801 5905 animadverti,

1961 587 2237 641 memoria:
2282 589 2417 641 vitio.
2460 589 2669 660 lapsum
2717 610 2860 650 esse.
2898 598 2965 653 Et
2994 603 3139 670 quod
3190 605 3386 661 attinet
3415 609 3543 677 qui-

1959 679 2081 733 dem
2139 682 2206 733 ad
2261 681 2574 751 theologum
2626 698 2908 755 nostrum,
2969 695 3176 765 singula
3233 698 3541 767 hujusmodi

1956 779 2137 822 errata
2171 770 2461 842 diiigenter
2490 777 2603 846 ipse
2634 778 2691 832 in
2734 784 3053 851 paginarum
3092 790 3336 859 margine
3367 791 3540 845 adno-

1956 859 2060 913 tavi
2099 875 2114 924 ;
2154 862 2318 917 multa
2359 866 2525 919 etiam
2564 869 2617 923 in
2662 887 2836 925 rerum
2880 874 3065 930 Imtice
3096 880 3161 933 ad
3203 895 3387 936 vocem
3422 885 3541 938 Με-

1952 957 2135 1010 moria:
2173 956 2410 1012 indicata
2442 972 2591 1013 sunt.

2024 1048 2176 1113 Quod
2210 1060 2389 1104 autem
2418 1063 2631 1121 spectat
2671 1055 2738 1113 ad
2766 1053 3073 1128 Didymum,
3114 1064 3214 1118 etsi
3257 1066 3532 1138 pleraque,

1949 1148 2039 1191 aut
2088 1140 2291 1207 omnia,
2330 1156 2458 1209 quae.
2490 1152 2727 1209 exstant,
2760 1144 2907 1201 illius
2947 1164 3112 1218 opera
3159 1153 3332 1208 tribus
3376 1157 3533 1211 hisce

1948 1230 2015 1284 de
2050 1228 2317 1285 Trinitate
2349 1233 2501 1295 libris
2529 1235 2777 1289 breviora
2818 1239 2945 1301 sint,
3002 1240 3310 1309 hujusmodi
3353 1257 3533 1304 tamen

1947 1319 2126 1390 lapsus
2162 1322 2214 1376 in
2249 1324 2314 1377 iis
2349 1340 2563 1393 quoque
2609 1328 2959 1395 deprehendi.
3000 1331 3097 1394 Ita,
3149 1338 3295 1391 verbi
3332 1340 3530 1407 gratia,

1947 1412 1998 1464 in
2040 1411 2177 1466 libro
2215 1416 2333 1467 adv.
2372 1414 2699 1471 Manichwos
2737 1436 2856 1489 pag.
2897 1423 3021 1487 207,
3063 1439 3347 1497 postquam
3376 1443 3525 1486 atto-

1944 1502 2003 1555 lit
2039 1519 2104 1557 ex
2148 1504 2314 1563 Paulo
2359 1508 2473 1561 lucc
2520 1511 2706 1574 verba,
2751 1511 2821 1565 Ut
2866 1516 2931 1567 sit
2969 1528 3174 1583 sancta,
3211 1531 3265 1575 et
3305 1536 3526 1590 caetera,

1940 1612 2059 1663 qua:
2088 1609 2306 1651 exstant
2351 1601 2401 1653 in
2441 1601 2537 1670 Ep.
2573 1603 2588 1654 Ι
2656 1606 2721 1656 ad
2780 1605 3113 1673 Corinthios,
3152 1616 3333 1667 statim
3396 1618 3527 1670 sub-

1935 1686 2159 1757 jungit:
2202 1688 2317 1743 lino
2356 1694 2510 1745 etiam
2555 1694 2618 1746 in-
2660 1694 2895 1763 Epistula
2964 1703 3033 1753 ad
3072 1701 3389 1769 Corinthios.
3418 1720 3523 1763 etc.

1940 1780 2080 1844 Quin
2108 1782 2368 1836 continuo
2414 1796 2535 1851 post
2584 1788 2698 1841 haec
2742 1792 2907 1843 verba
2944 1809 3133 1849 rursus
3174 1796 3414 1864 labitur;
3449 1804 3525 1856 ait

2200 1871 2271 1926 Et
2315 1877 2478 1943 paulo
2515 1890 2628 1946 post
2663 1882 2868 1935 eosdem
2898 1882 3255 1959 (Corinthios)
3295 1892 3525 1961 alloqui-

1942 1972 2048 2026 tur,
2082 1975 2232 2031 etc.;
2269 1970 2434 2021 verba
2474 1972 2644 2034 enim,
2687 1988 2806 2040 qua:
2857 1975 2903 2027 is
2946 1976 3161 2045 allegat.
3208 1996 3313 2035 non
3360 1986 3523 2052 paulo

1940 2064 2075 2119 post,
2112 2057 2205 2107 sed
2241 2056 2402 2124 paulo
2425 2070 2573 2120 ante.
2609 2061 2715 2115 imo
2749 2066 2997 2131 proxime
3031 2072 3275 2137 superius
3306 2083 3523 2127 exstant

1940 2146 2082 2211 apud
2137 2144 2383 2201 Paulum.
2446 2148 2624 2205 Simili
2673 2156 2831 2208 modo
2890 2157 2942 2210 in
3007 2165 3411 2218 commentariis
3464 2167 3520 2220 in

1939 2235 2071 2289 Acta
2111 2240 2492 2307 apostolorum,
2527 2259 2758 2312 quorum
2800 2253 3313 2306 connnenlariormn
3349 2270 3517 2323 pauca

1940 2327 2245 2396 fragtiienta
2276 2330 2506 2389 Wolﬁus
2534 2336 2722 2401 edidit,
2767 2337 2958 2395 Petrus
3000 2357 3099 2411 pro
3127 2342 3295 2399 Paulo
3340 2349 3517 2401 nomi-

1938 2432 2099 2474 natur
2166 2439 2288 2492 pag.
2358 2425 2430 2479 ‘25
2523 2437 2652 2481 tom.
2720 2429 2787 2482 lV
2836 2432 3220 2489 Anecdotorum
3276 2439 3518 2506 ejusdem

1934 2510 2142 2568 Wollii.
2173 2513 2226 2567 In
2259 2515 2396 2571 libro
2424 2518 2588 2572 etiam
2622 2520 2697 2574 De
2732 2520 2824 2590 Sp.
2851 2535 3034 2577 sancto
3058 2526 3211 2594 plura
3238 2543 3304 2581 ex
3330 2530 3519 2599 hujus-

1935 2605 2079 2658 modi
2143 2607 2341 2661 erratis
2388 2609 2589 2675 inveni,
2651 2626 2715 2665 ac
2766 2614 2833 2667 de
2890 2612 2957 2668 iis
3019 2614 3275 2671 lectorem
3331 2622 3516 2676 monui

1934 2712 2057 2766 pag.
2088 2699 2142 2762 '5,
2174 2710 2286 2753 not.
2317 2702 2371 2767 2,
2404 2712 2457 2755 et
2483 2719 2605 2771 pag.
2635 2702 2723 2771 62,
2750 2716 2863 2758 not.
2905 2706 2960 2760 2.
2995 2706 3217 2763 Demum
3258 2712 3311 2764 in
3340 2711 3516 2765 Euar-

1933 2791 2226 2845 rationibus
2271 2793 2325 2845 in
2374 2792 2647 2862 Epistolas
2690 2797 2977 2852 catholicas
3018 2800 3250 2869 plurima
3296 2806 3514 2872 quidem

1934 2881 2231 2948 Scriptura:
2268 2884 2573 2938 testimonia
2608 2886 2847 2955 profert,
2882 2890 2976 2943 sed
3030 2891 3115 2945 vix
3165 2895 3391 2960 duobus,
3422 2896 3518 2948 tri-

1930 2970 2097 3028 busve
2138 2976 2189 3028 in
2237 2975 2369 3031 locis
2428 2978 2595 3033 libros
2647 2981 2909 3049 nominat,
2963 2999 3032 3037 ex
3063 2986 3260 3054 quibus
3314 3003 3375 3041 ea
3417 2990 3514 3043 de-

1928 3079 2139 3135 sumpta
2190 3078 2337 3134 sunt,
2371 3072 2527 3139 quasi
2593 3083 2849 3127 vereatur
2885 3093 2950 3130 ne
2997 3077 3047 3130 in
3088 3077 3390 3147 hujusmodi
3426 3097 3515 3134 ero

1930 3167 2045 3209 rata
2077 3158 2276 3212 incidat
2317 3176 2331 3215 :
2377 3176 2562 3215 verum
2594 3177 2783 3219 omnes
2817 3166 3091 3220 memoria:
3130 3168 3309 3237 lapsos
3345 3171 3514 3226 vitare

1929 3264 2033 3304 non
2086 3251 2295 3319 potuit;
2351 3268 2632 3323 exponens
2689 3258 2833 3310 enim
2878 3268 3132 3327 quartum
3184 3273 3351 3330 caput
3398 3263 3514 3331 epi-

1927 3339 2077 3393 smla:
2135 3341 2152 3394 Ι
2198 3341 2365 3408 Petri,
2448 3345 2647 3416 allegat
2690 3359 2943 3402 octavum
2998 3352 3322 3406 versiculum
3374 3355 3512 3423 capi-

1930 3430 1996 3484 tis
2036 3446 2067 3485 ν
2111 3430 2362 3502 Epistola:
2403 3436 2468 3489 ad
2502 3437 2794 3505 Romanos,
2858 3451 2967 3494 tum
3006 3442 3122 3496 iliBC
3149 3445 3300 3498 addit
3334 3469 3344 3499 ;
3386 3464 3404 3496 ι
3448 3446 3513 3500 Ει

1926 3536 2049 3575 mox
2083 3526 2157 3577 ait
2193 3543 2207 3578 :
2238 3523 2345 3580 Pro
2369 3527 2560 3595 impiis.
2589 3548 2607 3580 ι
2639 3529 2802 3594 Quasi
2829 3533 2943 3587 haec
2966 3536 3150 3599 verba,
3176 3551 3273 3604 pro
3306 3537 3507 3606 impiis,

1924 3621 2046 3681 post
2083 3624 2331 3666 octavum
2381 3617 2708 3671 versiculum
2754 3630 3072 3688 sequantur,
3130 3639 3253 3677 cum
3293 3638 3509 3682 exstent

1926 3704 2191 3758 versiculo
2222 3716 2378 3760 sexto
2408 3708 2651 3776 ejusdem
2674 3712 2893 3779 capitis.

1997 3795 2099 3850 Sed
2141 3803 2195 3850 et
2237 3798 2398 3852 aliam
2439 3800 2674 3869 adjicere
2724 3804 2899 3873 placet
2939 3806 3492 3875 animadversionem,

1924 3900 2043 3953 qua:
2096 3885 2263 3954 pluris
2318 3889 2494 3944 adhuc
2541 3890 2785 3946 facienda
2833 3905 2961 3960 est;
3008 3898 3189 3966 aliqua
3239 3902 3380 3953 enim
3435 3918 3503 3955 ex

1923 3973 2076 4029 hisce
2118 3976 2313 4031 erratis
2369 3994 2476 4033 non
2525 3982 2684 4035 modo
2726 3983 2943 4051 similia,
2989 3989 3080 4041 sed
3117 3990 3301 4042 eadem
3345 3991 3505 4059 plane

1921 4066 1977 4121 ir.
2039 4077 2271 4138 utroque
2322 4081 2545 4125 auctore
2595 4089 2714 4127 esse
2769 4078 3028 4145 comperi.
3106 4080 3219 4145 ιω,
3265 4083 3497 4150 exempli

1920 4161 2113 4230 gratia,
2152 4162 2299 4217 l’auli
2324 4167 2507 4230 verba,
2539 4164 2607 4218 Ut
2642 4167 2708 4219 sit
2735 4181 2919 4223 sancta
2952 4187 3187 4239 corpore,
3212 4184 3258 4225 et
3285 4174 3497 4241 spiritu,

1922 4254 2199 4323 theologus
2235 4257 2450 4324 quidem
2482 4270 2686 4325 noster,
2742 4277 2867 4331 pag.
2904 4262 3026 4329 160,
3072 4266 3291 4334 reperiri
3325 4268 3401 4319 ait
3447 4268 3501 4320 in

1919 4343 2155 4415 Epistola
2204 4349 2269 4400 ad
2319 4348 2606 4415 Hebraeos,
2662 4368 2786 4407 cum
2837 4364 3053 4409 exstent
3111 4358 3161 4409 in
3212 4359 3384 4427 prima
3433 4360 3500 4414 ad

1918 4434 2252 4492 Corinthios.
2306 4438 2566 4511 Didymos
2609 4458 2741 4498 vero
2778 4445 2829 4498 in
2880 4446 3015 4501 libro
3040 4450 3286 4501 adversus
3328 4449 3502 4503 Moni-

1919 4530 2095 4581 rltceos
2136 4531 2327 4583 eadem
2362 4532 2522 4585 verba
2580 4535 2660 4587 sic
2700 4532 2878 4601 aﬂ‘ert,
2912 4545 2970 4588 ut
3008 4551 3070 4589 ea
3104 4552 3206 4592 non
3239 4539 3290 4590 in
3328 4541 3499 4607 prima

1916 4619 1982 4670 ad
2007 4616 2319 4674 Corinthios
2348 4633 2567 4676 exstare
2611 4623 2862 4688 allii-met,
2902 4627 2994 4679 sed
3035 4628 3141 4680 alio
3176 4628 3230 4681 in
3268 4632 3404 4692 loco,
3443 4642 3513 4685 ut

1917 4712 2098 4764 monui
2145 4728 2266 4781 pag.
2321 4712 2441 4778 160,
2492 4726 2605 4769 not.
2659 4717 2746 4769 10.
2806 4719 2995 4773 Simile
3036 4720 3163 4790 quid
3213 4737 3333 4793 pag.
3370 4723 3497 4790 588,

1915 4810 2028 4852 not.
2064 4800 2116 4865 9,
2153 4814 2207 4855 et
2237 4804 2365 4857 alibi
2394 4806 2738 4859 observatum
2766 4816 2870 4860 est.

1915 4937 2044 4994 CAP.
2069 4939 2206 4994 XVI.
2230 4940 2485 4995 Memoria
2508 4952 2682 4998 tamen
2707 4947 2931 5023 pollebat
2951 4948 3209 5018 singulari
3227 4952 3495 5023 theologus

2422 5026 2595 5065 noster
2626 5028 2675 5067 ut
2718 5019 2997 5085 Didymus.

1987 5102 2091 5158 Sed
2125 5122 2246 5158 cum
2288 5121 2440 5173 opere
2464 5107 2517 5158 in
2551 5107 2703 5177 longo
2738 5109 2820 5177 fas
2851 5112 2919 5164 sit
2950 5113 3192 5180 obrepere
3230 5131 3496 5179 somnum,

1916 5209 1973 5252 ut
1998 5198 2223 5253 Flaccus
2249 5200 2344 5263 ait,
2379 5201 2571 5253 mirum
2604 5204 2801 5257 nemini
2831 5204 2995 5258 videri
3030 5207 3209 5271 debet,
3236 5209 3378 5276 quod
3404 5227 3497 5263 au-

1914 5301 2119 5347 ctorem
2155 5304 2416 5355 nostrum,
2445 5295 2569 5347 dum
2604 5295 3015 5351 innumerabilia
3037 5301 3164 5352 citat
3199 5300 3496 5369 Scriptura:

1916 5383 2055 5449 loca,
2101 5386 2359 5438 memoria
2422 5385 2692 5440 interdum
2752 5388 3007 5444 felellerit
3058 5412 3069 5445 :
3128 5391 3257 5445 illud
3313 5394 3494 5463 potius

1912 5490 2105 5531 Omnes
2140 5477 2501 5542 tnirabnntnr,
2540 5487 2688 5532 tanta
2726 5496 2846 5533 cum
2888 5482 3144 5535 memoria
3179 5483 3401 5553 pollere,
3436 5495 3494 5539 nt

1912 5578 2020 5622 tam
2091 5567 2256 5621 multa
2318 5578 2522 5637 praesto
2568 5585 2784 5639 semper
2841 5572 3038 5626 habeat
3080 5574 3372 5630 Bibliormn
3414 5588 3483 5632 te-

1911 5659 2187 5713 stimonia.
2234 5660 2303 5711 At
2336 5661 2383 5713 id
2424 5664 2598 5730 ipsum
2652 5663 2876 5735 Didymo
2915 5667 3281 5721 Alexandrino
3309 5669 3492 5738 appri-

1916 5766 1998 5801 me
2061 5752 2349 5819 congruit,
2402 5755 2542 5822 quod
2605 5755 2751 5807 illum
2811 5759 3071 5811 memoria
3141 5773 3489 5829 summopere

1914 5841 2149 5897 valuisse
2178 5858 2300 5897 cum
2328 5862 2517 5903 omnes
2548 5865 2652 5903 uno
2675 5865 2770 5905 ore
2799 5858 3064 5906 testentur
3094 5866 3326 5919 veteres,
3372 5864 3483 5905 tum
