  <div class='ocr_page' id='page_1' title='image "/cluster/home/n/w/nwhite01/storage/ocr_20150623/39/hvd.32044037979440/091.png"; bbox 0 0 4030 6408; ppageno 0'>
   <div class='ocr_carea' id='block_1_1' title="bbox 489 367 596 423">
    <p class='ocr_par' dir='ltr' id='par_1_1' title="bbox 489 367 596 423">
     <span class='ocr_line' id='line_1_1' title="bbox 489 367 596 423; baseline -0.028 0"><span class='ocrx_word' id='word_1_1' title='bbox 489 367 596 423; x_wconf 68' lang='grc'><strong>16⁸5</strong></span> 
     </span>
    </p>
   </div>
   <div class='ocr_carea' id='block_1_2' title="bbox 1927 361 2322 416">
    <p class='ocr_par' dir='ltr' id='par_1_2' title="bbox 1927 361 2322 416">
     <span class='ocr_line' id='line_1_2' title="bbox 1927 361 2322 416; baseline -0.005 0"><span class='ocrx_word' id='word_1_2' title='bbox 1927 362 2012 416; x_wconf 77' lang='lat' dir='ltr'><strong>DE</strong></span> <span class='ocrx_word' id='word_1_3' title='bbox 2059 361 2322 416; x_wconf 57' lang='lat' dir='ltr'><strong>DIDYSIO</strong></span> 
     </span>
    </p>
   </div>
   <div class='ocr_carea' id='block_1_3' title="bbox 3627 359 3736 414">
    <p class='ocr_par' dir='ltr' id='par_1_3' title="bbox 3627 359 3736 414">
     <span class='ocr_line' id='line_1_3' title="bbox 3627 359 3736 414; baseline 0.018 -2"><span class='ocrx_word' id='word_1_4' title='bbox 3627 359 3736 414; x_wconf 54' lang='grc' dir='ltr'><strong>ιιι</strong></span> 
     </span>
    </p>
   </div>
   <div class='ocr_carea' id='block_1_4' title="bbox 494 469 3726 553">
    <p class='ocr_par' dir='ltr' id='par_1_4' title="bbox 494 469 3726 553">
     <span class='ocr_line' id='line_1_4' title="bbox 494 469 3726 553; baseline -0.001 -24"><span class='ocrx_word' id='word_1_5' title='bbox 494 483 605 553; x_wconf 55' lang='grc' dir='ltr'><strong>εἰπε</strong></span> <span class='ocrx_word' id='word_1_6' title='bbox 634 495 798 552; x_wconf 79' lang='lat' dir='ltr'><strong>opera</strong></span> <span class='ocrx_word' id='word_1_7' title='bbox 835 481 1182 544; x_wconf 75' lang='lat' dir='ltr'><strong>confirment,</strong></span> <span class='ocrx_word' id='word_1_8' title='bbox 1226 481 1461 534; x_wconf 78' lang='lat' dir='ltr'><strong>maxime</strong></span> <span class='ocrx_word' id='word_1_9' title='bbox 1508 495 1635 535; x_wconf 90' lang='lat' dir='ltr'><strong>vero</strong></span> <span class='ocrx_word' id='word_1_10' title='bbox 1665 479 1802 533; x_wconf 90' lang='lat' dir='ltr'><strong>liber</strong></span> <span class='ocrx_word' id='word_1_11' title='bbox 1837 478 1909 531; x_wconf 86' lang='lat' dir='ltr'><strong>De</strong></span> <span class='ocrx_word' id='word_1_12' title='bbox 1941 480 2063 547; x_wconf 81' lang='lat' dir='ltr'><strong>Spi-</strong></span> <span class='ocrx_word' id='word_1_13' title='bbox 2093 486 2138 539; x_wconf 83' lang='grc' dir='ltr'>Α</span> <span class='ocrx_word' id='word_1_14' title='bbox 2180 477 2293 543; x_wconf 77' lang='lat' dir='ltr'><strong>ejus</strong></span> <span class='ocrx_word' id='word_1_15' title='bbox 2320 476 2370 526; x_wconf 90' lang='lat' dir='ltr'><strong>in</strong></span> <span class='ocrx_word' id='word_1_16' title='bbox 2394 472 2576 534; x_wconf 67' lang='lat' dir='ltr'><strong>vobis;</strong></span> <span class='ocrx_word' id='word_1_17' title='bbox 2610 470 2797 524; x_wconf 87' lang='lat' dir='ltr'><strong>Latina</strong></span> <span class='ocrx_word' id='word_1_18' title='bbox 2838 485 2964 524; x_wconf 81' lang='lat' dir='ltr'><strong>vero</strong></span> <span class='ocrx_word' id='word_1_19' title='bbox 2994 469 3188 534; x_wconf 81' lang='lat' dir='ltr'><strong>Biblia,</strong></span> <span class='ocrx_word' id='word_1_20' title='bbox 3217 486 3422 538; x_wconf 84' lang='lat' dir='ltr'><strong>propter</strong></span> <span class='ocrx_word' id='word_1_21' title='bbox 3447 472 3726 526; x_wconf 59' lang='lat' dir='ltr'><strong>inhabitare</strong></span> 
     </span>
    </p>
   </div>
   <div class='ocr_carea' id='block_1_5' title="bbox 494 568 2062 636">
    <p class='ocr_par' dir='ltr' id='par_1_5' title="bbox 494 568 2062 636">
     <span class='ocr_line' id='line_1_5' title="bbox 494 568 2062 636; baseline -0.001 -11"><span class='ocrx_word' id='word_1_22' title='bbox 494 575 596 626; x_wconf 86' lang='lat' dir='ltr'><strong>ritu</strong></span> <span class='ocrx_word' id='word_1_23' title='bbox 630 582 835 632; x_wconf 81' lang='lat' dir='ltr'><strong>sancto,</strong></span> <span class='ocrx_word' id='word_1_24' title='bbox 869 568 1252 622; x_wconf 77' lang='lat' dir='ltr'><strong>Enarrationes</strong></span> <span class='ocrx_word' id='word_1_25' title='bbox 1288 571 1342 622; x_wconf 86' lang='lat' dir='ltr'><strong>in</strong></span> <span class='ocrx_word' id='word_1_26' title='bbox 1371 568 1639 636; x_wconf 74' lang='lat' dir='ltr'><strong>Epistolas</strong></span> <span class='ocrx_word' id='word_1_27' title='bbox 1673 570 1977 630; x_wconf 76' lang='lat' dir='ltr'><strong>catholicas.</strong></span> <span class='ocrx_word' id='word_1_28' title='bbox 2008 581 2062 623; x_wconf 85' lang='lat' dir='ltr'><strong>et</strong></span> 
     </span>
    </p>
   </div>
   <div class='ocr_carea' id='block_1_6' title="bbox 495 660 2066 734">
    <p class='ocr_par' dir='ltr' id='par_1_6' title="bbox 495 660 2066 734">
     <span class='ocr_line' id='line_1_6' title="bbox 495 660 2066 734; baseline -0.001 -19"><span class='ocrx_word' id='word_1_29' title='bbox 495 679 609 734; x_wconf 60' lang='lat' dir='ltr'><strong>qua:</strong></span> <span class='ocrx_word' id='word_1_30' title='bbox 640 672 925 728; x_wconf 87' lang='lat' dir='ltr'><strong>supersunt</strong></span> <span class='ocrx_word' id='word_1_31' title='bbox 952 660 1250 730; x_wconf 81' lang='lat' dir='ltr'><strong>fragmenta</strong></span> <span class='ocrx_word' id='word_1_32' title='bbox 1276 664 1788 716; x_wconf 75' lang='lat' dir='ltr'><strong>commentariorum</strong></span> <span class='ocrx_word' id='word_1_33' title='bbox 1819 661 1986 730; x_wconf 83' lang='lat' dir='ltr'><strong>ipsius</strong></span> <span class='ocrx_word' id='word_1_34' title='bbox 2013 662 2066 714; x_wconf 92' lang='lat' dir='ltr'><strong>in</strong></span> 
     </span>
    </p>
   </div>
   <div class='ocr_carea' id='block_1_7' title="bbox 494 751 2068 818">
    <p class='ocr_par' dir='ltr' id='par_1_7' title="bbox 494 751 2068 818">
     <span class='ocr_line' id='line_1_7' title="bbox 494 751 2068 818; baseline -0.003 -9"><span class='ocrx_word' id='word_1_35' title='bbox 494 769 641 810; x_wconf 80' lang='lat' dir='ltr'><strong>sacra</strong></span> <span class='ocrx_word' id='word_1_36' title='bbox 675 753 841 808; x_wconf 86' lang='lat' dir='ltr'><strong>Biblia</strong></span> <span class='ocrx_word' id='word_1_37' title='bbox 890 770 903 805; x_wconf 95' lang='lat'>:</span> <span class='ocrx_word' id='word_1_38' title='bbox 948 751 1253 818; x_wconf 76' lang='lat' dir='ltr'><strong>huiusmodi</strong></span> <span class='ocrx_word' id='word_1_39' title='bbox 1312 753 1457 807; x_wconf 91' lang='lat' dir='ltr'><strong>enim</strong></span> <span class='ocrx_word' id='word_1_40' title='bbox 1511 754 1676 806; x_wconf 84' lang='lat' dir='ltr'><strong>libros</strong></span> <span class='ocrx_word' id='word_1_41' title='bbox 1720 768 1747 804; x_wconf 90' lang='lat' dir='ltr'><strong>a</strong></span> <span class='ocrx_word' id='word_1_42' title='bbox 1790 767 1932 806; x_wconf 61' lang='lat' dir='ltr'><strong>caeco</strong></span> <span class='ocrx_word' id='word_1_43' title='bbox 1985 753 2068 804; x_wconf 84' lang='lat' dir='ltr'><strong>di-</strong></span> 
     </span>
    </p>
   </div>
   <div class='ocr_carea' id='block_1_8' title="bbox 495 843 2068 913">
    <p class='ocr_par' dir='ltr' id='par_1_8' title="bbox 495 843 2068 913">
     <span class='ocr_line' id='line_1_8' title="bbox 495 843 2068 913; baseline -0.004 -12"><span class='ocrx_word' id='word_1_44' title='bbox 495 846 630 902; x_wconf 88' lang='lat' dir='ltr'><strong>clari</strong></span> <span class='ocrx_word' id='word_1_45' title='bbox 668 845 910 913; x_wconf 88' lang='lat' dir='ltr'><strong>potuisse</strong></span> <span class='ocrx_word' id='word_1_46' title='bbox 947 843 1031 895; x_wconf 86' lang='lat' dir='ltr'><strong>vix</strong></span> <span class='ocrx_word' id='word_1_47' title='bbox 1069 843 1124 896; x_wconf 91' lang='lat' dir='ltr'><strong>in</strong></span> <span class='ocrx_word' id='word_1_48' title='bbox 1154 844 1396 897; x_wconf 90' lang='lat' dir='ltr'><strong>animum</strong></span> <span class='ocrx_word' id='word_1_49' title='bbox 1435 844 1832 905; x_wconf 89' lang='lat' dir='ltr'><strong>induceremus,</strong></span> <span class='ocrx_word' id='word_1_50' title='bbox 1868 844 1968 896; x_wconf 91' lang='lat' dir='ltr'><strong>nisi</strong></span> <span class='ocrx_word' id='word_1_51' title='bbox 2002 859 2068 896; x_wconf 84' lang='lat' dir='ltr'><strong>ex</strong></span> 
     </span>
    </p>
   </div>
   <div class='ocr_carea' id='block_1_9' title="bbox 495 935 2072 992">
    <p class='ocr_par' dir='ltr' id='par_1_9' title="bbox 495 935 2072 992">
     <span class='ocr_line' id='line_1_9' title="bbox 495 935 2072 992; baseline -0.003 0"><span class='ocrx_word' id='word_1_52' title='bbox 495 936 806 992; x_wconf 90' lang='lat' dir='ltr'><strong>tndubitatis</strong></span> <span class='ocrx_word' id='word_1_53' title='bbox 864 945 1142 988; x_wconf 87' lang='lat' dir='ltr'><strong>constaret</strong></span> <span class='ocrx_word' id='word_1_54' title='bbox 1200 936 1566 990; x_wconf 75' lang='lat' dir='ltr'><strong>monumentis</strong></span> <span class='ocrx_word' id='word_1_55' title='bbox 1627 951 1748 988; x_wconf 89' lang='lat' dir='ltr'><strong>eum</strong></span> <span class='ocrx_word' id='word_1_56' title='bbox 1801 950 1903 988; x_wconf 93' lang='lat' dir='ltr'><strong>non</strong></span> <span class='ocrx_word' id='word_1_57' title='bbox 1959 935 2072 988; x_wconf 67' lang='lat' dir='ltr'><strong>lure</strong></span> 
     </span>
    </p>
   </div>
   <div class='ocr_carea' id='block_1_10' title="bbox 495 1024 2070 1096">
    <p class='ocr_par' dir='ltr' id='par_1_10' title="bbox 495 1024 2070 1096">
     <span class='ocr_line' id='line_1_10' title="bbox 495 1024 2070 1096; baseline -0.006 -13"><span class='ocrx_word' id='word_1_58' title='bbox 495 1029 685 1092; x_wconf 87' lang='lat' dir='ltr'><strong>modo,</strong></span> <span class='ocrx_word' id='word_1_59' title='bbox 735 1041 924 1080; x_wconf 90' lang='lat' dir='ltr'><strong>verum</strong></span> <span class='ocrx_word' id='word_1_60' title='bbox 969 1025 1076 1077; x_wconf 86' lang='lat' dir='ltr'><strong>alia</strong></span> <span class='ocrx_word' id='word_1_61' title='bbox 1127 1025 1287 1096; x_wconf 86' lang='lat' dir='ltr'><strong>longe</strong></span> <span class='ocrx_word' id='word_1_62' title='bbox 1334 1026 1509 1096; x_wconf 87' lang='lat' dir='ltr'><strong>plura,</strong></span> <span class='ocrx_word' id='word_1_63' title='bbox 1556 1025 1684 1087; x_wconf 88' lang='lat' dir='ltr'><strong>imo,</strong></span> <span class='ocrx_word' id='word_1_64' title='bbox 1715 1035 1775 1078; x_wconf 92' lang='lat' dir='ltr'><strong>ut</strong></span> <span class='ocrx_word' id='word_1_65' title='bbox 1809 1024 2070 1094; x_wconf 86' lang='lat' dir='ltr'><strong>Hierony-</strong></span> 
     </span>
    </p>
   </div>
   <div class='ocr_carea' id='block_1_11' title="bbox 495 1115 2071 1187">
    <p class='ocr_par' dir='ltr' id='par_1_11' title="bbox 495 1115 2071 1187">
     <span class='ocr_line' id='line_1_11' title="bbox 495 1115 2071 1187; baseline -0.001 -15"><span class='ocrx_word' id='word_1_66' title='bbox 495 1135 616 1172; x_wconf 90' lang='lat' dir='ltr'><strong>mus</strong></span> <span class='ocrx_word' id='word_1_67' title='bbox 665 1119 940 1187; x_wconf 81' lang='lat' dir='ltr'><strong>loquitur,</strong></span> <span class='ocrx_word' id='word_1_68' title='bbox 989 1117 1397 1170; x_wconf 85' lang='lat' dir='ltr'><strong>innumerabilia</strong></span> <span class='ocrx_word' id='word_1_69' title='bbox 1442 1131 1604 1185; x_wconf 90' lang='lat' dir='ltr'><strong>opera</strong></span> <span class='ocrx_word' id='word_1_70' title='bbox 1643 1116 1895 1169; x_wconf 82' lang='lat' dir='ltr'><strong>dictasse.</strong></span> <span class='ocrx_word' id='word_1_71' title='bbox 1939 1115 2071 1170; x_wconf 81' lang='lat' dir='ltr'><strong>Novi</strong></span> 
     </span>
    </p>
   </div>
   <div class='ocr_carea' id='block_1_12' title="bbox 495 1204 2074 1276">
    <p class='ocr_par' dir='ltr' id='par_1_12' title="bbox 495 1204 2074 1276">
     <span class='ocr_line' id='line_1_12' title="bbox 495 1204 2074 1276; baseline -0.001 -14"><span class='ocrx_word' id='word_1_72' title='bbox 495 1208 743 1276; x_wconf 82' lang='lat' dir='ltr'><strong>equidem</strong></span> <span class='ocrx_word' id='word_1_73' title='bbox 796 1204 986 1274; x_wconf 85' lang='lat' dir='ltr'><strong>primis</strong></span> <span class='ocrx_word' id='word_1_74' title='bbox 1034 1205 1294 1260; x_wconf 77' lang='lat' dir='ltr'><strong>Ecclesia:</strong></span> <span class='ocrx_word' id='word_1_75' title='bbox 1325 1207 1538 1261; x_wconf 74' lang='lat' dir='ltr'><strong>saeculis</strong></span> <span class='ocrx_word' id='word_1_76' title='bbox 1596 1207 1857 1274; x_wconf 90' lang='lat' dir='ltr'><strong>plurimos</strong></span> <span class='ocrx_word' id='word_1_77' title='bbox 1909 1206 2074 1260; x_wconf 81' lang='lat' dir='ltr'><strong>fuisse</strong></span> 
     </span>
    </p>
   </div>
   <div class='ocr_carea' id='block_1_13' title="bbox 494 1298 2074 1368">
    <p class='ocr_par' dir='ltr' id='par_1_13' title="bbox 494 1298 2074 1368">
     <span class='ocr_line' id='line_1_13' title="bbox 494 1298 2074 1368; baseline -0.003 -13"><span class='ocrx_word' id='word_1_78' title='bbox 494 1300 854 1365; x_wconf 85' lang='lat' dir='ltr'><strong>Christianos,</strong></span> <span class='ocrx_word' id='word_1_79' title='bbox 886 1300 978 1368; x_wconf 85' lang='lat' dir='ltr'><strong>qui</strong></span> <span class='ocrx_word' id='word_1_80' title='bbox 1018 1300 1201 1351; x_wconf 91' lang='lat' dir='ltr'><strong>divina</strong></span> <span class='ocrx_word' id='word_1_81' title='bbox 1245 1298 1515 1352; x_wconf 81' lang='lat' dir='ltr'><strong>volumina</strong></span> <span class='ocrx_word' id='word_1_82' title='bbox 1549 1310 1806 1353; x_wconf 88' lang='lat' dir='ltr'><strong>nocturna</strong></span> <span class='ocrx_word' id='word_1_83' title='bbox 1851 1299 2074 1351; x_wconf 83' lang='lat' dir='ltr'><strong>diurna-</strong></span> 
     </span>
    </p>
   </div>
   <div class='ocr_carea' id='block_1_14' title="bbox 496 1380 2071 1461">
    <p class='ocr_par' dir='ltr' id='par_1_14' title="bbox 496 1380 2071 1461">
     <span class='ocr_line' id='line_1_14' title="bbox 496 1380 2071 1461; baseline 0 -19"><span class='ocrx_word' id='word_1_84' title='bbox 496 1406 605 1461; x_wconf 88' lang='lat' dir='ltr'><strong>que</strong></span> <span class='ocrx_word' id='word_1_85' title='bbox 662 1380 826 1444; x_wconf 76' lang='lat' dir='ltr'><strong>manu</strong></span> <span class='ocrx_word' id='word_1_86' title='bbox 891 1399 1171 1443; x_wconf 72' lang='lat' dir='ltr'><strong>versantes</strong></span> <span class='ocrx_word' id='word_1_87' title='bbox 1247 1391 1560 1443; x_wconf 87' lang='lat' dir='ltr'><strong>memoriter</strong></span> <span class='ocrx_word' id='word_1_88' title='bbox 1608 1404 1673 1442; x_wconf 90' lang='lat' dir='ltr'><strong>ea</strong></span> <span class='ocrx_word' id='word_1_89' title='bbox 1738 1389 2071 1442; x_wconf 86' lang='lat' dir='ltr'><strong>ediscebant.</strong></span> 
     </span>
    </p>
   </div>
   <div class='ocr_carea' id='block_1_15' title="bbox 498 1479 2078 1553">
    <p class='ocr_par' dir='ltr' id='par_1_15' title="bbox 498 1479 2078 1553">
     <span class='ocr_line' id='line_1_15' title="bbox 498 1479 2078 1553; baseline -0.006 -13"><span class='ocrx_word' id='word_1_90' title='bbox 498 1487 636 1551; x_wconf 86' lang='lat' dir='ltr'><strong>Quin</strong></span> <span class='ocrx_word' id='word_1_91' title='bbox 671 1483 850 1553; x_wconf 88' lang='lat' dir='ltr'><strong>plures</strong></span> <span class='ocrx_word' id='word_1_92' title='bbox 883 1483 1048 1536; x_wconf 89' lang='lat' dir='ltr'><strong>etiam</strong></span> <span class='ocrx_word' id='word_1_93' title='bbox 1090 1481 1366 1534; x_wconf 84' lang='lat' dir='ltr'><strong>exstitisse</strong></span> <span class='ocrx_word' id='word_1_94' title='bbox 1387 1495 1490 1533; x_wconf 92' lang='lat' dir='ltr'><strong>non</strong></span> <span class='ocrx_word' id='word_1_95' title='bbox 1529 1479 1830 1541; x_wconf 83' lang='lat' dir='ltr'><strong>inﬁciabor,</strong></span> <span class='ocrx_word' id='word_1_96' title='bbox 1861 1479 1955 1546; x_wconf 90' lang='lat' dir='ltr'><strong>qui</strong></span> <span class='ocrx_word' id='word_1_97' title='bbox 1995 1479 2078 1530; x_wconf 89' lang='lat' dir='ltr'><strong>in-</strong></span> 
     </span>
    </p>
   </div>
   <div class='ocr_carea' id='block_1_16' title="bbox 503 1571 2074 1650">
    <p class='ocr_par' dir='ltr' id='par_1_16' title="bbox 503 1571 2074 1650">
     <span class='ocr_line' id='line_1_16' title="bbox 503 1571 2074 1650; baseline -0.008 -17"><span class='ocrx_word' id='word_1_98' title='bbox 503 1592 648 1650; x_wconf 86' lang='lat' dir='ltr'><strong>tegra</strong></span> <span class='ocrx_word' id='word_1_99' title='bbox 682 1578 856 1630; x_wconf 85' lang='lat' dir='ltr'><strong>Biblia</strong></span> <span class='ocrx_word' id='word_1_100' title='bbox 909 1573 1140 1628; x_wconf 87' lang='lat' dir='ltr'><strong>lideliter</strong></span> <span class='ocrx_word' id='word_1_101' title='bbox 1173 1574 1291 1626; x_wconf 88' lang='lat' dir='ltr'><strong>sine</strong></span> <span class='ocrx_word' id='word_1_102' title='bbox 1330 1573 1532 1640; x_wconf 90' lang='lat' dir='ltr'><strong>scripto</strong></span> <span class='ocrx_word' id='word_1_103' title='bbox 1573 1571 1804 1624; x_wconf 90' lang='lat' dir='ltr'><strong>recitare</strong></span> <span class='ocrx_word' id='word_1_104' title='bbox 1832 1577 2074 1637; x_wconf 88' lang='lat' dir='ltr'><strong>possent,</strong></span> 
     </span>
    </p>
   </div>
   <div class='ocr_carea' id='block_1_17' title="bbox 500 1659 2079 1734">
    <p class='ocr_par' dir='ltr' id='par_1_17' title="bbox 500 1659 2079 1734">
     <span class='ocr_line' id='line_1_17' title="bbox 500 1659 2079 1734; baseline -0.006 -10"><span class='ocrx_word' id='word_1_105' title='bbox 500 1681 560 1724; x_wconf 90' lang='lat' dir='ltr'><strong>ut</strong></span> <span class='ocrx_word' id='word_1_106' title='bbox 590 1669 704 1722; x_wconf 86' lang='lat' dir='ltr'><strong>vult</strong></span> <span class='ocrx_word' id='word_1_107' title='bbox 734 1679 923 1722; x_wconf 84' lang='lat' dir='ltr'><strong>auctor</strong></span> <span class='ocrx_word' id='word_1_108' title='bbox 950 1667 1332 1734; x_wconf 83' lang='lat' dir='ltr'><strong>Antiquitatum</strong></span> <span class='ocrx_word' id='word_1_109' title='bbox 1357 1663 1574 1718; x_wconf 77' lang='lat' dir='ltr'><strong>Critices</strong></span> <span class='ocrx_word' id='word_1_110' title='bbox 1599 1671 1726 1715; x_wconf 86' lang='lat' dir='ltr'><strong>tom.</strong></span> <span class='ocrx_word' id='word_1_111' title='bbox 1755 1661 1797 1724; x_wconf 87' lang='lat' dir='ltr'><strong>I,</strong></span> <span class='ocrx_word' id='word_1_112' title='bbox 1827 1675 1889 1715; x_wconf 90' lang='lat' dir='ltr'><strong>ac</strong></span> <span class='ocrx_word' id='word_1_113' title='bbox 1915 1659 2079 1715; x_wconf 81' lang='lat' dir='ltr'><strong>Joan-</strong></span> 
     </span>
    </p>
   </div>
   <div class='ocr_carea' id='block_1_18' title="bbox 503 1752 2078 1832">
    <p class='ocr_par' dir='ltr' id='par_1_18' title="bbox 503 1752 2078 1832">
     <span class='ocr_line' id='line_1_18' title="bbox 503 1752 2078 1832; baseline -0.007 -15"><span class='ocrx_word' id='word_1_114' title='bbox 503 1779 598 1817; x_wconf 89' lang='lat' dir='ltr'><strong>nes</strong></span> <span class='ocrx_word' id='word_1_115' title='bbox 645 1762 890 1832; x_wconf 87' lang='lat' dir='ltr'><strong>Lyronus</strong></span> <span class='ocrx_word' id='word_1_116' title='bbox 939 1759 1240 1813; x_wconf 78' lang='lat' dir='ltr'><strong>monachus</strong></span> <span class='ocrx_word' id='word_1_117' title='bbox 1284 1757 1345 1811; x_wconf 91' lang='lat' dir='ltr'><strong>S.</strong></span> <span class='ocrx_word' id='word_1_118' title='bbox 1384 1754 1554 1808; x_wconf 77' lang='lat' dir='ltr'><strong>Mauri</strong></span> <span class='ocrx_word' id='word_1_119' title='bbox 1595 1763 1726 1808; x_wconf 90' lang='lat' dir='ltr'><strong>tom.</strong></span> <span class='ocrx_word' id='word_1_120' title='bbox 1783 1752 1846 1806; x_wconf 93' lang='lat' dir='ltr'><strong>Ill</strong></span> <span class='ocrx_word' id='word_1_121' title='bbox 1885 1752 2078 1806; x_wconf 81' lang='lat' dir='ltr'><strong>Rerum</strong></span> 
     </span>
    </p>
   </div>
   <div class='ocr_carea' id='block_1_19' title="bbox 2176 562 3720 630">
    <p class='ocr_par' dir='ltr' id='par_1_19' title="bbox 2176 562 3720 630">
     <span class='ocr_line' id='line_1_19' title="bbox 2176 562 3720 630; baseline -0.003 -12"><span class='ocrx_word' id='word_1_122' title='bbox 2176 577 2300 629; x_wconf 89' lang='lat' dir='ltr'><strong>tem,</strong></span> <span class='ocrx_word' id='word_1_123' title='bbox 2329 575 2432 618; x_wconf 91' lang='lat' dir='ltr'><strong>etc.</strong></span> <span class='ocrx_word' id='word_1_124' title='bbox 2469 580 2484 627; x_wconf 89' lang='lat'><strong>;</strong></span> <span class='ocrx_word' id='word_1_125' title='bbox 2516 563 2794 630; x_wconf 77' lang='lat' dir='ltr'><strong>theologus</strong></span> <span class='ocrx_word' id='word_1_126' title='bbox 2835 571 3013 613; x_wconf 84' lang='lat' dir='ltr'><strong>autem</strong></span> <span class='ocrx_word' id='word_1_127' title='bbox 3046 571 3228 614; x_wconf 82' lang='lat' dir='ltr'><strong>tioster</strong></span> <span class='ocrx_word' id='word_1_128' title='bbox 3259 576 3360 614; x_wconf 91' lang='lat' dir='ltr'><strong>non</strong></span> <span class='ocrx_word' id='word_1_129' title='bbox 3391 562 3558 613; x_wconf 83' lang='lat' dir='ltr'><strong>solum</strong></span> <span class='ocrx_word' id='word_1_130' title='bbox 3583 563 3720 628; x_wconf 66' lang='lat' dir='ltr'><strong>legit,</strong></span> 
     </span>
    </p>
   </div>
   <div class='ocr_carea' id='block_1_20' title="bbox 2169 654 3718 726">
    <p class='ocr_par' dir='ltr' id='par_1_20' title="bbox 2169 654 3718 726">
     <span class='ocr_line' id='line_1_20' title="bbox 2169 654 3718 726; baseline -0.002 -17"><span class='ocrx_word' id='word_1_131' title='bbox 2169 674 2261 726; x_wconf 89' lang='lat' dir='ltr'><strong>per</strong></span> <span class='ocrx_word' id='word_1_132' title='bbox 2299 656 2704 719; x_wconf 80' lang='lat' dir='ltr'><strong>inhabita‘ntem,</strong></span> <span class='ocrx_word' id='word_1_133' title='bbox 2737 654 2830 707; x_wconf 85' lang='lat' dir='ltr'><strong>sed</strong></span> <span class='ocrx_word' id='word_1_134' title='bbox 2865 663 2919 706; x_wconf 88' lang='lat' dir='ltr'><strong>et</strong></span> <span class='ocrx_word' id='word_1_135' title='bbox 2944 654 3168 706; x_wconf 88' lang='lat' dir='ltr'><strong>alteram</strong></span> <span class='ocrx_word' id='word_1_136' title='bbox 3199 655 3482 707; x_wconf 88' lang='lat' dir='ltr'><strong>lectionem</strong></span> <span class='ocrx_word' id='word_1_137' title='bbox 3527 665 3585 707; x_wconf 90' lang='lat' dir='ltr'><strong>ut</strong></span> <span class='ocrx_word' id='word_1_138' title='bbox 3617 654 3718 706; x_wconf 73' lang='lat' dir='ltr'><strong>Ma-</strong></span> 
     </span>
    </p>
   </div>
   <div class='ocr_carea' id='block_1_21' title="bbox 2171 742 3723 813">
    <p class='ocr_par' dir='ltr' id='par_1_21' title="bbox 2171 742 3723 813">
     <span class='ocr_line' id='line_1_21' title="bbox 2171 742 3723 813; baseline -0.003 -10"><span class='ocrx_word' id='word_1_139' title='bbox 2171 748 2520 803; x_wconf 87' lang='lat' dir='ltr'><strong>cedonianatn</strong></span> <span class='ocrx_word' id='word_1_140' title='bbox 2568 746 2847 812; x_wconf 88' lang='lat' dir='ltr'><strong>improbat</strong></span> <span class='ocrx_word' id='word_1_141' title='bbox 2886 762 2900 797; x_wconf 87' lang='lat'><strong>:</strong></span> <span class='ocrx_word' id='word_1_142' title='bbox 2949 755 3005 797; x_wconf 88' lang='lat' dir='ltr'><strong>at</strong></span> <span class='ocrx_word' id='word_1_143' title='bbox 3045 742 3302 813; x_wconf 87' lang='lat' dir='ltr'><strong>Didymus</strong></span> <span class='ocrx_word' id='word_1_144' title='bbox 3344 745 3500 798; x_wconf 88' lang='lat' dir='ltr'><strong>etiam</strong></span> <span class='ocrx_word' id='word_1_145' title='bbox 3533 745 3582 797; x_wconf 89' lang='lat' dir='ltr'><strong>in</strong></span> <span class='ocrx_word' id='word_1_146' title='bbox 3612 745 3723 799; x_wconf 88' lang='lat' dir='ltr'><strong>libr.</strong></span> 
     </span>
    </p>
   </div>
   <div class='ocr_carea' id='block_1_22' title="bbox 2173 838 3724 908">
    <p class='ocr_par' dir='ltr' id='par_1_22' title="bbox 2173 838 3724 908">
     <span class='ocr_line' id='line_1_22' title="bbox 2173 838 3724 908; baseline -0.002 -14"><span class='ocrx_word' id='word_1_147' title='bbox 2173 843 2248 895; x_wconf 85' lang='lat' dir='ltr'><strong>De</strong></span> <span class='ocrx_word' id='word_1_148' title='bbox 2303 839 2504 906; x_wconf 84' lang='lat' dir='ltr'><strong>Spiritu</strong></span> <span class='ocrx_word' id='word_1_149' title='bbox 2546 851 2729 892; x_wconf 77' lang='lat' dir='ltr'><strong>sancto</strong></span> <span class='ocrx_word' id='word_1_150' title='bbox 2771 839 2921 908; x_wconf 72' lang='lat' dir='ltr'><strong>legit,</strong></span> <span class='ocrx_word' id='word_1_151' title='bbox 2967 855 3060 906; x_wconf 81' lang='lat' dir='ltr'><strong>per</strong></span> <span class='ocrx_word' id='word_1_152' title='bbox 3107 838 3502 901; x_wconf 82' lang='lat' dir='ltr'><strong>inhabitantem,</strong></span> <span class='ocrx_word' id='word_1_153' title='bbox 3537 847 3592 890; x_wconf 93' lang='lat' dir='ltr'><strong>ut</strong></span> <span class='ocrx_word' id='word_1_154' title='bbox 3626 838 3724 891; x_wconf 77' lang='lat' dir='ltr'><strong>dixi</strong></span> 
     </span>
    </p>
   </div>
   <div class='ocr_carea' id='block_1_23' title="bbox 2173 929 3726 1004">
    <p class='ocr_par' dir='ltr' id='par_1_23' title="bbox 2173 929 3726 1004">
     <span class='ocr_line' id='line_1_23' title="bbox 2173 929 3726 1004; baseline -0.003 -17"><span class='ocrx_word' id='word_1_155' title='bbox 2173 950 2296 1004; x_wconf 89' lang='lat' dir='ltr'><strong>pag.</strong></span> <span class='ocrx_word' id='word_1_156' title='bbox 2341 932 2468 998; x_wconf 86' lang='grc'><strong>180,</strong></span> <span class='ocrx_word' id='word_1_157' title='bbox 2520 942 2637 986; x_wconf 90' lang='lat' dir='ltr'><strong>not.</strong></span> <span class='ocrx_word' id='word_1_158' title='bbox 2679 932 2731 986; x_wconf 88' lang='grc'><strong>5.</strong></span> <span class='ocrx_word' id='word_1_159' title='bbox 2779 931 2982 995; x_wconf 85' lang='lat' dir='ltr'><strong>Tertio,</strong></span> <span class='ocrx_word' id='word_1_160' title='bbox 3026 939 3215 984; x_wconf 91' lang='lat' dir='ltr'><strong>auctor</strong></span> <span class='ocrx_word' id='word_1_161' title='bbox 3243 941 3430 983; x_wconf 89' lang='lat' dir='ltr'><strong>noster</strong></span> <span class='ocrx_word' id='word_1_162' title='bbox 3462 947 3578 999; x_wconf 84' lang='lat' dir='ltr'><strong>pag.</strong></span> <span class='ocrx_word' id='word_1_163' title='bbox 3608 929 3726 994; x_wconf 68' lang='grc'><strong>217,</strong></span> 
     </span>
    </p>
   </div>
   <div class='ocr_carea' id='block_1_24' title="bbox 2175 1023 3729 1092">
    <p class='ocr_par' dir='ltr' id='par_1_24' title="bbox 2175 1023 3729 1092">
     <span class='ocr_line' id='line_1_24' title="bbox 2175 1023 3729 1092; baseline -0.005 -11"><span class='ocrx_word' id='word_1_164' title='bbox 2175 1027 2454 1081; x_wconf 56' lang='lat' dir='ltr'><strong>haereticos</strong></span> <span class='ocrx_word' id='word_1_165' title='bbox 2534 1024 2835 1092; x_wconf 84' lang='lat' dir='ltr'><strong>redarguit,</strong></span> <span class='ocrx_word' id='word_1_166' title='bbox 2865 1025 3007 1091; x_wconf 89' lang='lat' dir='ltr'><strong>quod</strong></span> <span class='ocrx_word' id='word_1_167' title='bbox 3045 1023 3095 1076; x_wconf 93' lang='lat' dir='ltr'><strong>in</strong></span> <span class='ocrx_word' id='word_1_168' title='bbox 3129 1023 3421 1076; x_wconf 90' lang='lat' dir='ltr'><strong>Bibliorum</strong></span> <span class='ocrx_word' id='word_1_169' title='bbox 3463 1023 3729 1090; x_wconf 84' lang='lat' dir='ltr'><strong>exempla-</strong></span> 
     </span>
    </p>
   </div>
   <div class='ocr_carea' id='block_1_25' title="bbox 2177 1114 3730 1184">
    <p class='ocr_par' dir='ltr' id='par_1_25' title="bbox 2177 1114 3730 1184">
     <span class='ocr_line' id='line_1_25' title="bbox 2177 1114 3730 1184; baseline -0.004 -14"><span class='ocrx_word' id='word_1_170' title='bbox 2177 1119 2328 1172; x_wconf 90' lang='lat' dir='ltr'><strong>ribus</strong></span> <span class='ocrx_word' id='word_1_171' title='bbox 2371 1133 2437 1171; x_wconf 86' lang='lat' dir='ltr'><strong>ex</strong></span> <span class='ocrx_word' id='word_1_172' title='bbox 2466 1116 2700 1184; x_wconf 90' lang='lat' dir='ltr'><strong>quodam</strong></span> <span class='ocrx_word' id='word_1_173' title='bbox 2753 1117 2920 1169; x_wconf 84' lang='lat' dir='ltr'><strong>Amos</strong></span> <span class='ocrx_word' id='word_1_174' title='bbox 2959 1115 3232 1184; x_wconf 69' lang='lat' dir='ltr'><strong>prophetae</strong></span> <span class='ocrx_word' id='word_1_175' title='bbox 3277 1114 3394 1168; x_wconf 89' lang='lat' dir='ltr'><strong>loco</strong></span> <span class='ocrx_word' id='word_1_176' title='bbox 3433 1129 3612 1166; x_wconf 86' lang='lat' dir='ltr'><strong>vocem</strong></span> <span class='ocrx_word' id='word_1_177' title='bbox 3644 1129 3730 1182; x_wconf 82' lang='lat' dir='ltr'><strong>ego</strong></span> 
     </span>
    </p>
   </div>
   <div class='ocr_carea' id='block_1_26' title="bbox 2176 1206 3734 1276">
    <p class='ocr_par' dir='ltr' id='par_1_26' title="bbox 2176 1206 3734 1276">
     <span class='ocr_line' id='line_1_26' title="bbox 2176 1206 3734 1276; baseline -0.004 -13"><span class='ocrx_word' id='word_1_178' title='bbox 2176 1209 2546 1274; x_wconf 87' lang='lat' dir='ltr'><strong>abstulerint;</strong></span> <span class='ocrx_word' id='word_1_179' title='bbox 2619 1208 2877 1276; x_wconf 85' lang='lat' dir='ltr'><strong>Didymus</strong></span> <span class='ocrx_word' id='word_1_180' title='bbox 2948 1222 3074 1260; x_wconf 88' lang='lat' dir='ltr'><strong>vero</strong></span> <span class='ocrx_word' id='word_1_181' title='bbox 3136 1208 3382 1261; x_wconf 90' lang='lat' dir='ltr'><strong>eumdem</strong></span> <span class='ocrx_word' id='word_1_182' title='bbox 3468 1206 3734 1276; x_wconf 71' lang='lat' dir='ltr'><strong>propheta:</strong></span> 
     </span>
    </p>
   </div>
   <div class='ocr_carea' id='block_1_27' title="bbox 2175 1294 3731 1360">
    <p class='ocr_par' dir='ltr' id='par_1_27' title="bbox 2175 1294 3731 1360">
     <span class='ocr_line' id='line_1_27' title="bbox 2175 1294 3731 1360; baseline -0.003 -9"><span class='ocrx_word' id='word_1_183' title='bbox 2175 1308 2377 1351; x_wconf 84' lang='lat' dir='ltr'><strong>textum</strong></span> <span class='ocrx_word' id='word_1_184' title='bbox 2428 1297 2662 1351; x_wconf 68' lang='lat' dir='ltr'><strong>all‘erens</strong></span> <span class='ocrx_word' id='word_1_185' title='bbox 2717 1297 2769 1349; x_wconf 92' lang='lat' dir='ltr'><strong>in</strong></span> <span class='ocrx_word' id='word_1_186' title='bbox 2813 1297 2953 1350; x_wconf 90' lang='lat' dir='ltr'><strong>libro</strong></span> <span class='ocrx_word' id='word_1_187' title='bbox 2989 1295 3064 1348; x_wconf 76' lang='lat' dir='ltr'><strong>De</strong></span> <span class='ocrx_word' id='word_1_188' title='bbox 3111 1294 3314 1360; x_wconf 84' lang='lat' dir='ltr'><strong>Spiritu</strong></span> <span class='ocrx_word' id='word_1_189' title='bbox 3376 1307 3557 1348; x_wconf 74' lang='lat' dir='ltr'><strong>sancto</strong></span> <span class='ocrx_word' id='word_1_190' title='bbox 3593 1311 3731 1348; x_wconf 92' lang='lat' dir='ltr'><strong>num.</strong></span> 
     </span>
    </p>
   </div>
   <div class='ocr_carea' id='block_1_28' title="bbox 2178 1387 3733 1456">
    <p class='ocr_par' dir='ltr' id='par_1_28' title="bbox 2178 1387 3733 1456">
     <span class='ocr_line' id='line_1_28' title="bbox 2178 1387 3733 1456; baseline -0.002 -16"><span class='ocrx_word' id='word_1_191' title='bbox 2178 1389 2244 1442; x_wconf 76' lang='lat' dir='ltr'><strong>M</strong></span> <span class='ocrx_word' id='word_1_192' title='bbox 2279 1399 2331 1443; x_wconf 90' lang='lat' dir='ltr'><strong>et</strong></span> <span class='ocrx_word' id='word_1_193' title='bbox 2371 1389 2459 1452; x_wconf 87' lang='lat'><strong>59,</strong></span> <span class='ocrx_word' id='word_1_194' title='bbox 2504 1396 2660 1442; x_wconf 85' lang='lat' dir='ltr'><strong>cavet</strong></span> <span class='ocrx_word' id='word_1_195' title='bbox 2706 1403 2772 1441; x_wconf 90' lang='lat' dir='ltr'><strong>ne</strong></span> <span class='ocrx_word' id='word_1_196' title='bbox 2816 1388 3027 1442; x_wconf 79' lang='lat' dir='ltr'><strong>omittat</strong></span> <span class='ocrx_word' id='word_1_197' title='bbox 3051 1388 3336 1442; x_wconf 89' lang='lat' dir='ltr'><strong>dictionem</strong></span> <span class='ocrx_word' id='word_1_198' title='bbox 3374 1404 3486 1456; x_wconf 81' lang='lat' dir='ltr'><strong>ego.</strong></span> <span class='ocrx_word' id='word_1_199' title='bbox 3521 1387 3733 1452; x_wconf 87' lang='lat' dir='ltr'><strong>Quarto,</strong></span> 
     </span>
    </p>
   </div>
   <div class='ocr_carea' id='block_1_29' title="bbox 2177 1479 3734 1550">
    <p class='ocr_par' dir='ltr' id='par_1_29' title="bbox 2177 1479 3734 1550">
     <span class='ocr_line' id='line_1_29' title="bbox 2177 1479 3734 1550; baseline -0.004 -16"><span class='ocrx_word' id='word_1_200' title='bbox 2177 1496 2297 1534; x_wconf 86' lang='lat' dir='ltr'><strong>cum</strong></span> <span class='ocrx_word' id='word_1_201' title='bbox 2333 1482 2470 1550; x_wconf 87' lang='lat' dir='ltr'><strong>apud</strong></span> <span class='ocrx_word' id='word_1_202' title='bbox 2501 1481 2764 1534; x_wconf 83' lang='lat' dir='ltr'><strong>Joannem</strong></span> <span class='ocrx_word' id='word_1_203' title='bbox 2805 1496 2922 1548; x_wconf 85' lang='lat' dir='ltr'><strong>cap.</strong></span> <span class='ocrx_word' id='word_1_204' title='bbox 2954 1495 2991 1541; x_wconf 89' lang='grc' dir='ltr'>ι.</span> <span class='ocrx_word' id='word_1_205' title='bbox 3020 1495 3162 1534; x_wconf 89' lang='lat' dir='ltr'><strong>vers.</strong></span> <span class='ocrx_word' id='word_1_206' title='bbox 3207 1479 3294 1545; x_wconf 85' lang='lat'><strong>18,</strong></span> <span class='ocrx_word' id='word_1_207' title='bbox 3323 1495 3512 1533; x_wconf 83' lang='lat' dir='ltr'><strong>omnes</strong></span> <span class='ocrx_word' id='word_1_208' title='bbox 3550 1479 3734 1532; x_wconf 64' lang='lat' dir='ltr'><strong>editio.</strong></span> 
     </span>
    </p>
   </div>
   <div class='ocr_carea' id='block_1_30' title="bbox 2184 1571 3730 1640">
    <p class='ocr_par' dir='ltr' id='par_1_30' title="bbox 2184 1571 3730 1640">
     <span class='ocr_line' id='line_1_30' title="bbox 2184 1571 3730 1640; baseline -0.003 -14"><span class='ocrx_word' id='word_1_209' title='bbox 2184 1588 2281 1626; x_wconf 90' lang='lat' dir='ltr'><strong>ncs</strong></span> <span class='ocrx_word' id='word_1_210' title='bbox 2330 1583 2435 1624; x_wconf 84' lang='lat' dir='ltr'><strong>tam</strong></span> <span class='ocrx_word' id='word_1_211' title='bbox 2497 1571 2720 1635; x_wconf 71' lang='lat' dir='ltr'><strong>Grteczc,</strong></span> <span class='ocrx_word' id='word_1_212' title='bbox 2770 1586 2928 1640; x_wconf 86' lang='lat' dir='ltr'><strong>quam</strong></span> <span class='ocrx_word' id='word_1_213' title='bbox 2977 1571 3200 1634; x_wconf 67' lang='lat' dir='ltr'><strong>Latinae,</strong></span> <span class='ocrx_word' id='word_1_214' title='bbox 3249 1571 3358 1624; x_wconf 82' lang='lat' dir='ltr'><strong>imo</strong></span> <span class='ocrx_word' id='word_1_215' title='bbox 3391 1582 3443 1624; x_wconf 88' lang='lat' dir='ltr'><strong>et</strong></span> <span class='ocrx_word' id='word_1_216' title='bbox 3501 1571 3730 1624; x_wconf 83' lang='lat' dir='ltr'><strong>Alexan-</strong></span> 
     </span>
    </p>
   </div>
   <div class='ocr_carea' id='block_1_31' title="bbox 2182 1659 3739 1731">
    <p class='ocr_par' dir='ltr' id='par_1_31' title="bbox 2182 1659 3739 1731">
     <span class='ocr_line' id='line_1_31' title="bbox 2182 1659 3739 1731; baseline -0.003 -15"><span class='ocrx_word' id='word_1_217' title='bbox 2182 1663 2368 1716; x_wconf 89' lang='lat' dir='ltr'><strong>drinus</strong></span> <span class='ocrx_word' id='word_1_218' title='bbox 2411 1664 2578 1716; x_wconf 87' lang='lat' dir='ltr'><strong>codex</strong></span> <span class='ocrx_word' id='word_1_219' title='bbox 2631 1664 2842 1723; x_wconf 83' lang='lat' dir='ltr'><strong>haheat,</strong></span> <span class='ocrx_word' id='word_1_220' title='bbox 2891 1661 3196 1731; x_wconf 76' lang='lat' dir='ltr'><strong>Unigenitus</strong></span> <span class='ocrx_word' id='word_1_221' title='bbox 3231 1659 3421 1726; x_wconf 77' lang='lat' dir='ltr'><strong>Filius,</strong></span> <span class='ocrx_word' id='word_1_222' title='bbox 3463 1662 3551 1730; x_wconf 86' lang='lat' dir='ltr'><strong>qui</strong></span> <span class='ocrx_word' id='word_1_223' title='bbox 3595 1663 3739 1713; x_wconf 79' lang='lat' dir='ltr'><strong>estin</strong></span> 
     </span>
    </p>
   </div>
   <div class='ocr_carea' id='block_1_32' title="bbox 2178 1751 3741 1822">
    <p class='ocr_par' dir='ltr' id='par_1_32' title="bbox 2178 1751 3741 1822">
     <span class='ocr_line' id='line_1_32' title="bbox 2178 1751 3741 1822; baseline 0.001 -17"><span class='ocrx_word' id='word_1_224' title='bbox 2178 1754 2298 1806; x_wconf 75' lang='lat' dir='ltr'><strong>sinu</strong></span> <span class='ocrx_word' id='word_1_225' title='bbox 2330 1751 2508 1806; x_wconf 75' lang='lat' dir='ltr'><strong>Patris</strong></span> <span class='ocrx_word' id='word_1_226' title='bbox 2541 1754 2644 1822; x_wconf 79' lang='lat' dir='ltr'><strong>ipse</strong></span> <span class='ocrx_word' id='word_1_227' title='bbox 2709 1755 3011 1817; x_wconf 72' lang='lat' dir='ltr'><strong>enarravit;</strong></span> <span class='ocrx_word' id='word_1_228' title='bbox 3049 1754 3325 1822; x_wconf 85' lang='lat' dir='ltr'><strong>theologus</strong></span> <span class='ocrx_word' id='word_1_229' title='bbox 3358 1764 3535 1809; x_wconf 86' lang='lat' dir='ltr'><strong>tamen</strong></span> <span class='ocrx_word' id='word_1_230' title='bbox 3566 1765 3741 1808; x_wconf 76' lang='lat' dir='ltr'><strong>noster</strong></span> 
     </span>
    </p>
   </div>
   <div class='ocr_carea' id='block_1_33' title="bbox 502 1836 3740 1921">
    <p class='ocr_par' dir='ltr' id='par_1_33' title="bbox 502 1836 3740 1921">
     <span class='ocr_line' id='line_1_33' title="bbox 502 1836 3740 1921; baseline -0.004 -13"><span class='ocrx_word' id='word_1_231' title='bbox 502 1854 852 1921; x_wconf 75' lang='lat' dir='ltr'><strong>singularium</strong></span> <span class='ocrx_word' id='word_1_232' title='bbox 886 1851 954 1904; x_wconf 84' lang='lat' dir='ltr'><strong>ad</strong></span> <span class='ocrx_word' id='word_1_233' title='bbox 984 1851 1210 1912; x_wconf 85' lang='lat' dir='ltr'><strong>litteras,</strong></span> <span class='ocrx_word' id='word_1_234' title='bbox 1259 1847 1630 1913; x_wconf 74' lang='lat' dir='ltr'><strong>historiamque</strong></span> <span class='ocrx_word' id='word_1_235' title='bbox 1654 1846 2018 1912; x_wconf 77' lang='lat' dir='ltr'><strong>spectantium,</strong></span> <span class='ocrx_word' id='word_1_236' title='bbox 2047 1861 2076 1898; x_wconf 90' lang='lat' dir='ltr'><strong>a</strong></span> <span class='ocrx_word' id='word_1_237' title='bbox 2107 1836 2151 1890; x_wconf 84' lang='grc' dir='ltr'>Β</span> <span class='ocrx_word' id='word_1_238' title='bbox 2180 1860 2301 1914; x_wconf 79' lang='lat' dir='ltr'><strong>pag.</strong></span> <span class='ocrx_word' id='word_1_239' title='bbox 2336 1843 2427 1907; x_wconf 82' lang='lat'><strong>76,</strong></span> <span class='ocrx_word' id='word_1_240' title='bbox 2479 1853 2535 1896; x_wconf 83' lang='lat' dir='ltr'><strong>et.</strong></span> <span class='ocrx_word' id='word_1_241' title='bbox 2584 1843 2707 1897; x_wconf 84' lang='lat' dir='ltr'><strong>alibi</strong></span> <span class='ocrx_word' id='word_1_242' title='bbox 2751 1859 2849 1912; x_wconf 88' lang='lat' dir='ltr'><strong>pro</strong></span> <span class='ocrx_word' id='word_1_243' title='bbox 2883 1843 3190 1912; x_wconf 76' lang='lat' dir='ltr'><strong>Unigenitus</strong></span> <span class='ocrx_word' id='word_1_244' title='bbox 3230 1843 3404 1899; x_wconf 81' lang='lat' dir='ltr'><strong>Filius</strong></span> <span class='ocrx_word' id='word_1_245' title='bbox 3438 1845 3567 1916; x_wconf 82' lang='lat' dir='ltr'><strong>legit</strong></span> <span class='ocrx_word' id='word_1_246' title='bbox 3616 1845 3740 1898; x_wconf 85' lang='lat' dir='ltr'><strong>Uni—</strong></span> 
     </span>
    </p>
   </div>
   <div class='ocr_carea' id='block_1_34' title="bbox 503 1936 2078 2007">
    <p class='ocr_par' dir='ltr' id='par_1_34' title="bbox 503 1936 2078 2007">
     <span class='ocr_line' id='line_1_34' title="bbox 503 1936 2078 2007; baseline -0.003 -9"><span class='ocrx_word' id='word_1_247' title='bbox 503 1947 621 2000; x_wconf 89' lang='lat' dir='ltr'><strong>viro</strong></span> <span class='ocrx_word' id='word_1_248' title='bbox 666 1944 881 1998; x_wconf 85' lang='lat' dir='ltr'><strong>clariss.</strong></span> <span class='ocrx_word' id='word_1_249' title='bbox 933 1942 1097 1996; x_wconf 87' lang='lat' dir='ltr'><strong>Casto</strong></span> <span class='ocrx_word' id='word_1_250' title='bbox 1156 1940 1443 1993; x_wconf 90' lang='lat' dir='ltr'><strong>Innocente</strong></span> <span class='ocrx_word' id='word_1_251' title='bbox 1489 1936 1745 1991; x_wconf 83' lang='lat' dir='ltr'><strong>Ansaldio</strong></span> <span class='ocrx_word' id='word_1_252' title='bbox 1794 1937 2078 2007; x_wconf 81' lang='lat' dir='ltr'><strong>allegatus.</strong></span> 
     </span>
    </p>
   </div>
   <div class='ocr_carea' id='block_1_35' title="bbox 503 2030 2081 2103">
    <p class='ocr_par' dir='ltr' id='par_1_35' title="bbox 503 2030 2081 2103">
     <span class='ocr_line' id='line_1_35' title="bbox 503 2030 2081 2103; baseline -0.004 -13"><span class='ocrx_word' id='word_1_253' title='bbox 503 2037 575 2090; x_wconf 81' lang='lat' dir='ltr'><strong>At</strong></span> <span class='ocrx_word' id='word_1_254' title='bbox 637 2034 919 2103; x_wconf 81' lang='lat' dir='ltr'><strong>theologus</strong></span> <span class='ocrx_word' id='word_1_255' title='bbox 974 2041 1161 2086; x_wconf 90' lang='lat' dir='ltr'><strong>noster</strong></span> <span class='ocrx_word' id='word_1_256' title='bbox 1227 2045 1330 2084; x_wconf 93' lang='lat' dir='ltr'><strong>non</strong></span> <span class='ocrx_word' id='word_1_257' title='bbox 1409 2038 1611 2082; x_wconf 89' lang='lat' dir='ltr'><strong>tantum</strong></span> <span class='ocrx_word' id='word_1_258' title='bbox 1679 2043 1866 2083; x_wconf 87' lang='lat' dir='ltr'><strong>sacros</strong></span> <span class='ocrx_word' id='word_1_259' title='bbox 1916 2030 2081 2083; x_wconf 87' lang='lat' dir='ltr'><strong>libros</strong></span> 
     </span>
    </p>
   </div>
   <div class='ocr_carea' id='block_1_36' title="bbox 508 2121 2077 2190">
    <p class='ocr_par' dir='ltr' id='par_1_36' title="bbox 508 2121 2077 2190">
     <span class='ocr_line' id='line_1_36' title="bbox 508 2121 2077 2190; baseline -0.003 -10"><span class='ocrx_word' id='word_1_260' title='bbox 508 2129 746 2180; x_wconf 88' lang='lat' dir='ltr'><strong>maxima</strong></span> <span class='ocrx_word' id='word_1_261' title='bbox 775 2126 962 2180; x_wconf 87' lang='lat' dir='ltr'><strong>saltem</strong></span> <span class='ocrx_word' id='word_1_262' title='bbox 996 2138 1060 2176; x_wconf 83' lang='lat' dir='ltr'><strong>ex</strong></span> <span class='ocrx_word' id='word_1_263' title='bbox 1089 2132 1240 2190; x_wconf 87' lang='lat' dir='ltr'><strong>parte</strong></span> <span class='ocrx_word' id='word_1_264' title='bbox 1277 2122 1534 2174; x_wconf 88' lang='lat' dir='ltr'><strong>memoria</strong></span> <span class='ocrx_word' id='word_1_265' title='bbox 1570 2121 1809 2175; x_wconf 85' lang='lat' dir='ltr'><strong>tenuisse</strong></span> <span class='ocrx_word' id='word_1_266' title='bbox 1845 2123 2077 2187; x_wconf 89' lang='lat' dir='ltr'><strong>videtur,</strong></span> 
     </span>
    </p>
   </div>
   <div class='ocr_carea' id='block_1_37' title="bbox 508 2209 2083 2277">
    <p class='ocr_par' dir='ltr' id='par_1_37' title="bbox 508 2209 2083 2277">
     <span class='ocr_line' id='line_1_37' title="bbox 508 2209 2083 2277; baseline -0.001 -10"><span class='ocrx_word' id='word_1_267' title='bbox 508 2230 699 2268; x_wconf 83' lang='lat' dir='ltr'><strong>verum</strong></span> <span class='ocrx_word' id='word_1_268' title='bbox 734 2213 899 2267; x_wconf 88' lang='lat' dir='ltr'><strong>etiam</strong></span> <span class='ocrx_word' id='word_1_269' title='bbox 935 2211 1117 2265; x_wconf 83' lang='lat' dir='ltr'><strong>omnia</strong></span> <span class='ocrx_word' id='word_1_270' title='bbox 1157 2209 1448 2277; x_wconf 63' lang='lat' dir='ltr'><strong>Scriptura:</strong></span> <span class='ocrx_word' id='word_1_271' title='bbox 1485 2209 1618 2270; x_wconf 81' lang='lat' dir='ltr'><strong>loca,</strong></span> <span class='ocrx_word' id='word_1_272' title='bbox 1656 2226 1774 2277; x_wconf 72' lang='lat' dir='ltr'><strong>quae</strong></span> <span class='ocrx_word' id='word_1_273' title='bbox 1815 2211 1928 2263; x_wconf 88' lang='lat' dir='ltr'><strong>usui</strong></span> <span class='ocrx_word' id='word_1_274' title='bbox 1963 2227 2083 2267; x_wconf 88' lang='lat' dir='ltr'><strong>esse</strong></span> 
     </span>
    </p>
   </div>
   <div class='ocr_carea' id='block_1_38' title="bbox 510 2299 2081 2376">
    <p class='ocr_par' dir='ltr' id='par_1_38' title="bbox 510 2299 2081 2376">
     <span class='ocr_line' id='line_1_38' title="bbox 510 2299 2081 2376; baseline 0.001 -17"><span class='ocrx_word' id='word_1_275' title='bbox 510 2304 1325 2376; x_wconf 79' lang='lat' dir='ltr'><strong>possent,quotiescunqueusui</strong></span> <span class='ocrx_word' id='word_1_276' title='bbox 1343 2299 1557 2374; x_wconf 75' lang='lat' dir='ltr'><strong>[XXVI]</strong></span> <span class='ocrx_word' id='word_1_277' title='bbox 1585 2303 1760 2356; x_wconf 79' lang='lat' dir='ltr'><strong>futura</strong></span> <span class='ocrx_word' id='word_1_278' title='bbox 1784 2316 1955 2368; x_wconf 87' lang='lat' dir='ltr'><strong>erant,</strong></span> <span class='ocrx_word' id='word_1_279' title='bbox 1975 2323 2081 2375; x_wconf 71' lang='lat' dir='ltr'><strong>pra:</strong></span> 
     </span>
    </p>
   </div>
   <div class='ocr_carea' id='block_1_39' title="bbox 514 2389 2079 2458">
    <p class='ocr_par' dir='ltr' id='par_1_39' title="bbox 514 2389 2079 2458">
     <span class='ocr_line' id='line_1_39' title="bbox 514 2389 2079 2458; baseline -0.001 -10"><span class='ocrx_word' id='word_1_280' title='bbox 514 2395 692 2449; x_wconf 90' lang='lat' dir='ltr'><strong>oculis</strong></span> <span class='ocrx_word' id='word_1_281' title='bbox 751 2393 958 2447; x_wconf 86' lang='lat' dir='ltr'><strong>habuit.</strong></span> <span class='ocrx_word' id='word_1_282' title='bbox 1006 2391 1161 2443; x_wconf 83' lang='lat' dir='ltr'><strong>Aliud</strong></span> <span class='ocrx_word' id='word_1_283' title='bbox 1221 2399 1401 2442; x_wconf 88' lang='lat' dir='ltr'><strong>autem</strong></span> <span class='ocrx_word' id='word_1_284' title='bbox 1451 2403 1533 2445; x_wconf 91' lang='lat' dir='ltr'><strong>est</strong></span> <span class='ocrx_word' id='word_1_285' title='bbox 1592 2389 1870 2458; x_wconf 80' lang='lat' dir='ltr'><strong>I‘salmos,</strong></span> <span class='ocrx_word' id='word_1_286' title='bbox 1931 2393 2079 2447; x_wconf 84' lang='lat' dir='ltr'><strong>verbi</strong></span> 
     </span>
    </p>
   </div>
   <div class='ocr_carea' id='block_1_40' title="bbox 512 2480 2082 2551">
    <p class='ocr_par' dir='ltr' id='par_1_40' title="bbox 512 2480 2082 2551">
     <span class='ocr_line' id='line_1_40' title="bbox 512 2480 2082 2551; baseline -0.001 -12"><span class='ocrx_word' id='word_1_287' title='bbox 512 2493 819 2551; x_wconf 83' lang='lat' dir='ltr'><strong>causa,aut</strong></span> <span class='ocrx_word' id='word_1_288' title='bbox 857 2483 1063 2551; x_wconf 85' lang='lat' dir='ltr'><strong>integra</strong></span> <span class='ocrx_word' id='word_1_289' title='bbox 1113 2480 1276 2534; x_wconf 86' lang='lat' dir='ltr'><strong>Biblia</strong></span> <span class='ocrx_word' id='word_1_290' title='bbox 1326 2481 1396 2534; x_wconf 90' lang='lat' dir='ltr'><strong>ita</strong></span> <span class='ocrx_word' id='word_1_291' title='bbox 1446 2484 1700 2536; x_wconf 83' lang='lat' dir='ltr'><strong>memoria</strong></span> <span class='ocrx_word' id='word_1_292' title='bbox 1740 2485 1992 2548; x_wconf 81' lang='lat' dir='ltr'><strong>retinere,</strong></span> <span class='ocrx_word' id='word_1_293' title='bbox 2025 2495 2082 2538; x_wconf 94' lang='grc' dir='ltr'><strong>ιιι</strong></span> 
     </span>
    </p>
   </div>
   <div class='ocr_carea' id='block_1_41' title="bbox 517 2574 2083 2634">
    <p class='ocr_par' dir='ltr' id='par_1_41' title="bbox 517 2574 2083 2634">
     <span class='ocr_line' id='line_1_41' title="bbox 517 2574 2083 2634; baseline -0.001 -1"><span class='ocrx_word' id='word_1_294' title='bbox 517 2579 635 2634; x_wconf 67' lang='lat' dir='ltr'><strong>haec</strong></span> <span class='ocrx_word' id='word_1_295' title='bbox 686 2577 739 2630; x_wconf 94' lang='lat' dir='ltr'><strong>iu</strong></span> <span class='ocrx_word' id='word_1_296' title='bbox 784 2574 1012 2629; x_wconf 87' lang='lat' dir='ltr'><strong>ecclesia</strong></span> <span class='ocrx_word' id='word_1_297' title='bbox 1055 2574 1137 2628; x_wconf 86' lang='lat' dir='ltr'><strong>vel</strong></span> <span class='ocrx_word' id='word_1_298' title='bbox 1178 2574 1475 2627; x_wconf 85' lang='lat' dir='ltr'><strong>dormitans</strong></span> <span class='ocrx_word' id='word_1_299' title='bbox 1519 2576 1826 2628; x_wconf 87' lang='lat' dir='ltr'><strong>memoriter</strong></span> <span class='ocrx_word' id='word_1_300' title='bbox 1856 2578 2083 2631; x_wconf 84' lang='lat' dir='ltr'><strong>recitare</strong></span> 
     </span>
    </p>
   </div>
   <div class='ocr_carea' id='block_1_42' title="bbox 516 2662 2079 2734">
    <p class='ocr_par' dir='ltr' id='par_1_42' title="bbox 516 2662 2079 2734">
     <span class='ocr_line' id='line_1_42' title="bbox 516 2662 2079 2734; baseline 0.003 -20"><span class='ocrx_word' id='word_1_301' title='bbox 516 2667 747 2730; x_wconf 86' lang='lat' dir='ltr'><strong>valeas;</strong></span> <span class='ocrx_word' id='word_1_302' title='bbox 799 2665 940 2716; x_wconf 87' lang='lat' dir='ltr'><strong>aliud</strong></span> <span class='ocrx_word' id='word_1_303' title='bbox 986 2679 1112 2716; x_wconf 91' lang='lat' dir='ltr'><strong>vero</strong></span> <span class='ocrx_word' id='word_1_304' title='bbox 1158 2678 1223 2716; x_wconf 83' lang='lat' dir='ltr'><strong>ex</strong></span> <span class='ocrx_word' id='word_1_305' title='bbox 1276 2662 1767 2718; x_wconf 89' lang='lat' dir='ltr'><strong>innumerabilibus</strong></span> <span class='ocrx_word' id='word_1_306' title='bbox 1819 2676 2079 2734; x_wconf 73' lang='lat' dir='ltr'><strong>przeterca</strong></span> 
     </span>
    </p>
   </div>
   <div class='ocr_carea' id='block_1_43' title="bbox 523 2755 2078 2826">
    <p class='ocr_par' dir='ltr' id='par_1_43' title="bbox 523 2755 2078 2826">
     <span class='ocr_line' id='line_1_43' title="bbox 523 2755 2078 2826; baseline -0.001 -14"><span class='ocrx_word' id='word_1_307' title='bbox 523 2759 924 2826; x_wconf 76' lang='lat' dir='ltr'><strong>Scripturarnm</strong></span> <span class='ocrx_word' id='word_1_308' title='bbox 975 2755 1299 2808; x_wconf 76' lang='lat' dir='ltr'><strong>teStimoniis</strong></span> <span class='ocrx_word' id='word_1_309' title='bbox 1361 2770 1421 2807; x_wconf 90' lang='lat' dir='ltr'><strong>ea</strong></span> <span class='ocrx_word' id='word_1_310' title='bbox 1479 2769 1693 2823; x_wconf 82' lang='lat' dir='ltr'><strong>semper</strong></span> <span class='ocrx_word' id='word_1_311' title='bbox 1735 2757 1786 2808; x_wconf 93' lang='lat' dir='ltr'><strong>in</strong></span> <span class='ocrx_word' id='word_1_312' title='bbox 1831 2767 2078 2826; x_wconf 90' lang='lat' dir='ltr'><strong>promptu</strong></span> 
     </span>
    </p>
   </div>
   <div class='ocr_carea' id='block_1_44' title="bbox 518 2844 2082 2915">
    <p class='ocr_par' dir='ltr' id='par_1_44' title="bbox 518 2844 2082 2915">
     <span class='ocr_line' id='line_1_44' title="bbox 518 2844 2082 2915; baseline -0.001 -12"><span class='ocrx_word' id='word_1_313' title='bbox 518 2850 720 2903; x_wconf 84' lang='lat' dir='ltr'><strong>habere</strong></span> <span class='ocrx_word' id='word_1_314' title='bbox 742 2857 902 2915; x_wconf 82' lang='lat' dir='ltr'><strong>atque</strong></span> <span class='ocrx_word' id='word_1_315' title='bbox 929 2844 1136 2910; x_wconf 84' lang='lat' dir='ltr'><strong>aII&#39;erre,</strong></span> <span class='ocrx_word' id='word_1_316' title='bbox 1172 2861 1289 2913; x_wconf 64' lang='lat' dir='ltr'><strong>qua:</strong></span> <span class='ocrx_word' id='word_1_317' title='bbox 1317 2846 1382 2897; x_wconf 90' lang='lat' dir='ltr'><strong>ad</strong></span> <span class='ocrx_word' id='word_1_318' title='bbox 1420 2861 1529 2899; x_wconf 92' lang='lat' dir='ltr'><strong>rem</strong></span> <span class='ocrx_word' id='word_1_319' title='bbox 1577 2847 1792 2899; x_wconf 77' lang='lat' dir='ltr'><strong>faciant.</strong></span> <span class='ocrx_word' id='word_1_320' title='bbox 1830 2846 1959 2900; x_wconf 93' lang='lat' dir='ltr'><strong>Illud</strong></span> <span class='ocrx_word' id='word_1_321' title='bbox 1989 2865 2082 2902; x_wconf 82' lang='lat' dir='ltr'><strong>ex-</strong></span> 
     </span>
    </p>
   </div>
   <div class='ocr_carea' id='block_1_45' title="bbox 515 2938 2082 3008">
    <p class='ocr_par' dir='ltr' id='par_1_45' title="bbox 515 2938 2082 3008">
     <span class='ocr_line' id='line_1_45' title="bbox 515 2938 2082 3008; baseline 0.001 -16"><span class='ocrx_word' id='word_1_322' title='bbox 515 2938 763 2992; x_wconf 87' lang='lat' dir='ltr'><strong>cellentis</strong></span> <span class='ocrx_word' id='word_1_323' title='bbox 801 2938 1071 2991; x_wconf 76' lang='lat' dir='ltr'><strong>memoria:</strong></span> <span class='ocrx_word' id='word_1_324' title='bbox 1097 2948 1222 3003; x_wconf 86' lang='lat' dir='ltr'><strong>est;</strong></span> <span class='ocrx_word' id='word_1_325' title='bbox 1255 2939 1356 2992; x_wconf 90' lang='lat' dir='ltr'><strong>hoc</strong></span> <span class='ocrx_word' id='word_1_326' title='bbox 1387 2954 1533 3000; x_wconf 86' lang='lat' dir='ltr'><strong>vero.</strong></span> <span class='ocrx_word' id='word_1_327' title='bbox 1573 2949 1629 2991; x_wconf 93' lang='lat' dir='ltr'><strong>ut</strong></span> <span class='ocrx_word' id='word_1_328' title='bbox 1657 2941 1900 3008; x_wconf 89' lang='lat' dir='ltr'><strong>equidem</strong></span> <span class='ocrx_word' id='word_1_329' title='bbox 1938 2943 2082 2994; x_wconf 87' lang='lat' dir='ltr'><strong>arbi-</strong></span> 
     </span>
    </p>
   </div>
   <div class='ocr_carea' id='block_1_46' title="bbox 515 3028 2077 3102">
    <p class='ocr_par' dir='ltr' id='par_1_46' title="bbox 515 3028 2077 3102">
     <span class='ocr_line' id='line_1_46' title="bbox 515 3028 2077 3102; baseline 0.001 -18"><span class='ocrx_word' id='word_1_330' title='bbox 515 3040 652 3094; x_wconf 88' lang='lat' dir='ltr'><strong>tror,</strong></span> <span class='ocrx_word' id='word_1_331' title='bbox 690 3028 1163 3083; x_wconf 77' lang='lat' dir='ltr'><strong>excellentissima:</strong></span> <span class='ocrx_word' id='word_1_332' title='bbox 1203 3048 1216 3083; x_wconf 87' lang='lat'>:</span> <span class='ocrx_word' id='word_1_333' title='bbox 1249 3045 1314 3082; x_wconf 91' lang='lat' dir='ltr'><strong>ac</strong></span> <span class='ocrx_word' id='word_1_334' title='bbox 1365 3031 1492 3083; x_wconf 88' lang='lat' dir='ltr'><strong>illud</strong></span> <span class='ocrx_word' id='word_1_335' title='bbox 1535 3031 1751 3099; x_wconf 88' lang='lat' dir='ltr'><strong>quidem</strong></span> <span class='ocrx_word' id='word_1_336' title='bbox 1801 3033 2077 3102; x_wconf 89' lang='lat' dir='ltr'><strong>Didymnm</strong></span> 
     </span>
    </p>
   </div>
   <div class='ocr_carea' id='block_1_47' title="bbox 518 3120 2076 3188">
    <p class='ocr_par' dir='ltr' id='par_1_47' title="bbox 518 3120 2076 3188">
     <span class='ocr_line' id='line_1_47' title="bbox 518 3120 2076 3188; baseline 0 -13"><span class='ocrx_word' id='word_1_337' title='bbox 518 3121 696 3176; x_wconf 77' lang='lat' dir='ltr'><strong>facere</strong></span> <span class='ocrx_word' id='word_1_338' title='bbox 730 3120 968 3188; x_wconf 90' lang='lat' dir='ltr'><strong>potuisse</strong></span> <span class='ocrx_word' id='word_1_339' title='bbox 997 3121 1127 3173; x_wconf 89' lang='lat' dir='ltr'><strong>satis</strong></span> <span class='ocrx_word' id='word_1_340' title='bbox 1159 3120 1433 3188; x_wconf 87' lang='lat' dir='ltr'><strong>probabile</strong></span> <span class='ocrx_word' id='word_1_341' title='bbox 1466 3131 1586 3181; x_wconf 83' lang='lat' dir='ltr'><strong>est;</strong></span> <span class='ocrx_word' id='word_1_342' title='bbox 1627 3123 1725 3176; x_wconf 89' lang='lat' dir='ltr'><strong>hoc</strong></span> <span class='ocrx_word' id='word_1_343' title='bbox 1761 3137 1888 3177; x_wconf 88' lang='lat' dir='ltr'><strong>vero</strong></span> <span class='ocrx_word' id='word_1_344' title='bbox 1920 3123 2076 3177; x_wconf 89' lang='lat' dir='ltr'><strong>theo-</strong></span> 
     </span>
    </p>
   </div>
   <div class='ocr_carea' id='block_1_48' title="bbox 514 3211 2076 3284">
    <p class='ocr_par' dir='ltr' id='par_1_48' title="bbox 514 3211 2076 3284">
     <span class='ocr_line' id='line_1_48' title="bbox 514 3211 2076 3284; baseline 0.001 -17"><span class='ocrx_word' id='word_1_345' title='bbox 514 3214 694 3284; x_wconf 85' lang='lat' dir='ltr'><strong>logum</strong></span> <span class='ocrx_word' id='word_1_346' title='bbox 726 3222 992 3275; x_wconf 90' lang='lat' dir='ltr'><strong>nostrmn,</strong></span> <span class='ocrx_word' id='word_1_347' title='bbox 1021 3227 1112 3265; x_wconf 87' lang='lat' dir='ltr'><strong>seu</strong></span> <span class='ocrx_word' id='word_1_348' title='bbox 1142 3211 1420 3284; x_wconf 89' lang='lat' dir='ltr'><strong>Didyntum</strong></span> <span class='ocrx_word' id='word_1_349' title='bbox 1455 3213 1624 3281; x_wconf 87' lang='lat' dir='ltr'><strong>ipsum</strong></span> <span class='ocrx_word' id='word_1_350' title='bbox 1653 3215 1843 3270; x_wconf 78' lang='lat' dir='ltr'><strong>iecisse</strong></span> <span class='ocrx_word' id='word_1_351' title='bbox 1870 3226 2076 3270; x_wconf 88' lang='lat' dir='ltr'><strong>certqu</strong></span> 
     </span>
    </p>
   </div>
   <div class='ocr_carea' id='block_1_49' title="bbox 514 3300 1090 3360">
    <p class='ocr_par' dir='ltr' id='par_1_49' title="bbox 514 3300 1090 3360">
     <span class='ocr_line' id='line_1_49' title="bbox 514 3300 1090 3360; baseline 0 -1"><span class='ocrx_word' id='word_1_352' title='bbox 514 3320 580 3360; x_wconf 87' lang='lat' dir='ltr'><strong>ac</strong></span> <span class='ocrx_word' id='word_1_353' title='bbox 607 3300 949 3358; x_wconf 80' lang='lat' dir='ltr'><strong>manifestum</strong></span> <span class='ocrx_word' id='word_1_354' title='bbox 989 3314 1090 3359; x_wconf 88' lang='lat' dir='ltr'><strong>est.</strong></span> 
     </span>
    </p>
   </div>
   <div class='ocr_carea' id='block_1_50' title="bbox 515 3393 2083 3466">
    <p class='ocr_par' dir='ltr' id='par_1_50' title="bbox 515 3393 2083 3466">
     <span class='ocr_line' id='line_1_50' title="bbox 515 3393 2083 3466; baseline 0 -14"><span class='ocrx_word' id='word_1_355' title='bbox 515 3396 645 3452; x_wconf 73' lang='lat' dir='ltr'><strong>CAP.</strong></span> <span class='ocrx_word' id='word_1_356' title='bbox 671 3394 831 3448; x_wconf 74' lang='lat' dir='ltr'><strong>XVII.</strong></span> <span class='ocrx_word' id='word_1_357' title='bbox 866 3393 1072 3447; x_wconf 62' lang='lat' dir='ltr'><strong>Eaedem</strong></span> <span class='ocrx_word' id='word_1_358' title='bbox 1118 3395 1182 3466; x_wconf 62' lang='lat' dir='ltr'><strong>iit</strong></span> <span class='ocrx_word' id='word_1_359' title='bbox 1205 3393 1438 3464; x_wconf 84' lang='lat' dir='ltr'><strong>tlteologo</strong></span> <span class='ocrx_word' id='word_1_360' title='bbox 1482 3407 1657 3448; x_wconf 82' lang='lat' dir='ltr'><strong>nostro</strong></span> <span class='ocrx_word' id='word_1_361' title='bbox 1680 3438 1692 3456; x_wconf 86' lang='lat'><strong>,</strong></span> <span class='ocrx_word' id='word_1_362' title='bbox 1723 3409 1875 3466; x_wconf 87' lang='lat' dir='ltr'><strong>atque</strong></span> <span class='ocrx_word' id='word_1_363' title='bbox 1910 3402 1960 3452; x_wconf 86' lang='lat' dir='ltr'><strong>in</strong></span> <span class='ocrx_word' id='word_1_364' title='bbox 1999 3400 2083 3452; x_wconf 77' lang='lat' dir='ltr'><strong>Di-</strong></span> 
     </span>
    </p>
   </div>
   <div class='ocr_carea' id='block_1_51' title="bbox 586 3461 2008 3534">
    <p class='ocr_par' dir='ltr' id='par_1_51' title="bbox 586 3461 2008 3534">
     <span class='ocr_line' id='line_1_51' title="bbox 586 3461 2008 3534; baseline 0.004 -16"><span class='ocrx_word' id='word_1_365' title='bbox 586 3469 739 3534; x_wconf 82' lang='lat' dir='ltr'><strong>dyme</strong></span> <span class='ocrx_word' id='word_1_366' title='bbox 766 3467 1112 3528; x_wconf 83' lang='lat' dir='ltr'><strong>quorumdam</strong></span> <span class='ocrx_word' id='word_1_367' title='bbox 1146 3461 1433 3533; x_wconf 71' lang='lat' dir='ltr'><strong>Scriptura:</strong></span> <span class='ocrx_word' id='word_1_368' title='bbox 1472 3476 1702 3518; x_wconf 69' lang='lat' dir='ltr'><strong>(artuum</strong></span> <span class='ocrx_word' id='word_1_369' title='bbox 1746 3461 2008 3523; x_wconf 67' lang='lat' dir='ltr'><strong>lectiones.</strong></span> 
     </span>
    </p>
   </div>
   <div class='ocr_carea' id='block_1_52' title="bbox 588 3577 2077 3648">
    <p class='ocr_par' dir='ltr' id='par_1_52' title="bbox 588 3577 2077 3648">
     <span class='ocr_line' id='line_1_52' title="bbox 588 3577 2077 3648; baseline 0.001 -14"><span class='ocrx_word' id='word_1_370' title='bbox 588 3578 834 3648; x_wconf 75' lang='lat' dir='ltr'><strong>Magnam</strong></span> <span class='ocrx_word' id='word_1_371' title='bbox 886 3577 1054 3632; x_wconf 80' lang='lat' dir='ltr'><strong>fuisse</strong></span> <span class='ocrx_word' id='word_1_372' title='bbox 1097 3578 1304 3648; x_wconf 84' lang='lat' dir='ltr'><strong>Didymi</strong></span> <span class='ocrx_word' id='word_1_373' title='bbox 1343 3588 1502 3634; x_wconf 72' lang='lat' dir='ltr'><strong>actate</strong></span> <span class='ocrx_word' id='word_1_374' title='bbox 1542 3582 1593 3632; x_wconf 88' lang='lat' dir='ltr'><strong>in</strong></span> <span class='ocrx_word' id='word_1_375' title='bbox 1639 3579 1840 3636; x_wconf 75' lang='lat' dir='ltr'><strong>Graecis</strong></span> <span class='ocrx_word' id='word_1_376' title='bbox 1875 3582 2077 3636; x_wconf 86' lang='lat' dir='ltr'><strong>Biblio-</strong></span> 
     </span>
    </p>
   </div>
   <div class='ocr_carea' id='block_1_53' title="bbox 515 3669 2078 3740">
    <p class='ocr_par' dir='ltr' id='par_1_53' title="bbox 515 3669 2078 3740">
     <span class='ocr_line' id='line_1_53' title="bbox 515 3669 2078 3740; baseline 0.003 -15"><span class='ocrx_word' id='word_1_377' title='bbox 515 3687 633 3725; x_wconf 91' lang='lat' dir='ltr'><strong>rum</strong></span> <span class='ocrx_word' id='word_1_378' title='bbox 668 3669 1064 3740; x_wconf 82' lang='lat' dir='ltr'><strong>exemplaribus</strong></span> <span class='ocrx_word' id='word_1_379' title='bbox 1085 3683 1178 3724; x_wconf 90' lang='lat' dir='ltr'><strong>aut</strong></span> <span class='ocrx_word' id='word_1_380' title='bbox 1205 3671 1513 3738; x_wconf 88' lang='lat' dir='ltr'><strong>lectionum,</strong></span> <span class='ocrx_word' id='word_1_381' title='bbox 1540 3683 1631 3726; x_wconf 85' lang='lat' dir='ltr'><strong>aut</strong></span> <span class='ocrx_word' id='word_1_382' title='bbox 1669 3675 2078 3730; x_wconf 87' lang='lat' dir='ltr'><strong>translationum</strong></span> 
     </span>
    </p>
   </div>
   <div class='ocr_carea' id='block_1_54' title="bbox 513 3761 2078 3831">
    <p class='ocr_par' dir='ltr' id='par_1_54' title="bbox 513 3761 2078 3831">
     <span class='ocr_line' id='line_1_54' title="bbox 513 3761 2078 3831; baseline 0.003 -16"><span class='ocrx_word' id='word_1_383' title='bbox 513 3761 854 3826; x_wconf 84' lang='lat' dir='ltr'><strong>varietatem,</strong></span> <span class='ocrx_word' id='word_1_384' title='bbox 894 3775 1050 3815; x_wconf 90' lang='lat' dir='ltr'><strong>nemo</strong></span> <span class='ocrx_word' id='word_1_385' title='bbox 1093 3762 1306 3816; x_wconf 88' lang='lat' dir='ltr'><strong>nescius</strong></span> <span class='ocrx_word' id='word_1_386' title='bbox 1335 3773 1438 3825; x_wconf 86' lang='lat' dir='ltr'><strong>est,</strong></span> <span class='ocrx_word' id='word_1_387' title='bbox 1473 3773 1526 3815; x_wconf 91' lang='lat' dir='ltr'><strong>ut</strong></span> <span class='ocrx_word' id='word_1_388' title='bbox 1558 3766 1806 3831; x_wconf 85' lang='lat' dir='ltr'><strong>superius</strong></span> <span class='ocrx_word' id='word_1_389' title='bbox 1834 3765 2078 3820; x_wconf 84' lang='lat' dir='ltr'><strong>dicebam</strong></span> 
     </span>
    </p>
   </div>
   <div class='ocr_carea' id='block_1_55' title="bbox 514 3851 2076 3926">
    <p class='ocr_par' dir='ltr' id='par_1_55' title="bbox 514 3851 2076 3926">
     <span class='ocr_line' id='line_1_55' title="bbox 514 3851 2076 3926; baseline 0.003 -20"><span class='ocrx_word' id='word_1_390' title='bbox 514 3868 637 3923; x_wconf 88' lang='lat' dir='ltr'><strong>cap.</strong></span> <span class='ocrx_word' id='word_1_391' title='bbox 667 3851 806 3907; x_wconf 78' lang='lat' dir='ltr'><strong>VIII.</strong></span> <span class='ocrx_word' id='word_1_392' title='bbox 845 3853 1133 3908; x_wconf 79' lang='lat' dir='ltr'><strong>Videamus</strong></span> <span class='ocrx_word' id='word_1_393' title='bbox 1167 3869 1320 3921; x_wconf 84' lang='lat' dir='ltr'><strong>ergo,</strong></span> <span class='ocrx_word' id='word_1_394' title='bbox 1350 3867 1528 3907; x_wconf 90' lang='lat' dir='ltr'><strong>utrum</strong></span> <span class='ocrx_word' id='word_1_395' title='bbox 1565 3855 1843 3926; x_wconf 72' lang='lat' dir='ltr'><strong>theologus</strong></span> <span class='ocrx_word' id='word_1_396' title='bbox 1871 3869 2076 3922; x_wconf 89' lang='lat' dir='ltr'><strong>noster,</strong></span> 
     </span>
    </p>
   </div>
   <div class='ocr_carea' id='block_1_56' title="bbox 515 3944 2081 4013">
    <p class='ocr_par' dir='ltr' id='par_1_56' title="bbox 515 3944 2081 4013">
     <span class='ocr_line' id='line_1_56' title="bbox 515 3944 2081 4013; baseline 0.005 -17"><span class='ocrx_word' id='word_1_397' title='bbox 515 3958 580 3998; x_wconf 83' lang='lat' dir='ltr'><strong>ac</strong></span> <span class='ocrx_word' id='word_1_398' title='bbox 629 3944 886 4013; x_wconf 87' lang='lat' dir='ltr'><strong>Didymus</strong></span> <span class='ocrx_word' id='word_1_399' title='bbox 918 3946 1134 3998; x_wconf 82' lang='lat' dir='ltr'><strong>easdem</strong></span> <span class='ocrx_word' id='word_1_400' title='bbox 1174 3944 1498 3999; x_wconf 89' lang='lat' dir='ltr'><strong>Biblicorum</strong></span> <span class='ocrx_word' id='word_1_401' title='bbox 1548 3955 1786 4001; x_wconf 83' lang='lat' dir='ltr'><strong>textuuui</strong></span> <span class='ocrx_word' id='word_1_402' title='bbox 1823 3949 2081 4005; x_wconf 90' lang='lat' dir='ltr'><strong>lectiones</strong></span> 
     </span>
    </p>
   </div>
   <div class='ocr_carea' id='block_1_57' title="bbox 513 4035 2079 4108">
    <p class='ocr_par' dir='ltr' id='par_1_57' title="bbox 513 4035 2079 4108">
     <span class='ocr_line' id='line_1_57' title="bbox 513 4035 2079 4108; baseline 0.004 -18"><span class='ocrx_word' id='word_1_403' title='bbox 513 4035 685 4090; x_wconf 82' lang='lat' dir='ltr'><strong>secuti</strong></span> <span class='ocrx_word' id='word_1_404' title='bbox 726 4035 874 4101; x_wconf 89' lang='lat' dir='ltr'><strong>sint;</strong></span> <span class='ocrx_word' id='word_1_405' title='bbox 923 4035 965 4089; x_wconf 92' lang='lat' dir='ltr'><strong>si</strong></span> <span class='ocrx_word' id='word_1_406' title='bbox 1017 4037 1160 4089; x_wconf 89' lang='lat' dir='ltr'><strong>enim</strong></span> <span class='ocrx_word' id='word_1_407' title='bbox 1211 4037 1426 4091; x_wconf 87' lang='lat' dir='ltr'><strong>easdem</strong></span> <span class='ocrx_word' id='word_1_408' title='bbox 1491 4040 1629 4106; x_wconf 91' lang='lat' dir='ltr'><strong>apud</strong></span> <span class='ocrx_word' id='word_1_409' title='bbox 1663 4050 1949 4108; x_wconf 82' lang='lat' dir='ltr'><strong>utrumque</strong></span> <span class='ocrx_word' id='word_1_410' title='bbox 1981 4043 2079 4096; x_wconf 79' lang='lat' dir='ltr'><strong>de-</strong></span> 
     </span>
    </p>
   </div>
   <div class='ocr_carea' id='block_1_58' title="bbox 513 4127 2076 4200">
    <p class='ocr_par' dir='ltr' id='par_1_58' title="bbox 513 4127 2076 4200">
     <span class='ocr_line' id='line_1_58' title="bbox 513 4127 2076 4200; baseline 0.004 -21"><span class='ocrx_word' id='word_1_411' title='bbox 513 4127 985 4196; x_wconf 87' lang='lat' dir='ltr'><strong>prehenderimus,</strong></span> <span class='ocrx_word' id='word_1_412' title='bbox 1009 4127 1113 4180; x_wconf 89' lang='lat' dir='ltr'><strong>erit</strong></span> <span class='ocrx_word' id='word_1_413' title='bbox 1141 4127 1242 4180; x_wconf 87' lang='lat' dir='ltr'><strong>hoc</strong></span> <span class='ocrx_word' id='word_1_414' title='bbox 1267 4142 1479 4195; x_wconf 86' lang='lat' dir='ltr'><strong>quoque</strong></span> <span class='ocrx_word' id='word_1_415' title='bbox 1521 4143 1622 4181; x_wconf 88' lang='lat' dir='ltr'><strong>non</strong></span> <span class='ocrx_word' id='word_1_416' title='bbox 1651 4129 1763 4183; x_wconf 85' lang='lat' dir='ltr'><strong>leve</strong></span> <span class='ocrx_word' id='word_1_417' title='bbox 1795 4131 2076 4200; x_wconf 85' lang='lat' dir='ltr'><strong>indicium,</strong></span> 
     </span>
    </p>
   </div>
   <div class='ocr_carea' id='block_1_59' title="bbox 511 4218 2079 4288">
    <p class='ocr_par' dir='ltr' id='par_1_59' title="bbox 511 4218 2079 4288">
     <span class='ocr_line' id='line_1_59' title="bbox 511 4218 2079 4288; baseline 0.004 -16"><span class='ocrx_word' id='word_1_418' title='bbox 511 4219 655 4288; x_wconf 85' lang='lat' dir='ltr'><strong>quod</strong></span> <span class='ocrx_word' id='word_1_419' title='bbox 677 4218 918 4288; x_wconf 91' lang='lat' dir='ltr'><strong>opinioni</strong></span> <span class='ocrx_word' id='word_1_420' title='bbox 944 4227 1142 4273; x_wconf 67' lang='lat' dir='ltr'><strong>nostra:</strong></span> <span class='ocrx_word' id='word_1_421' title='bbox 1166 4218 1507 4288; x_wconf 64' lang='lat' dir='ltr'><strong>sull‘ragetnr.</strong></span> <span class='ocrx_word' id='word_1_422' title='bbox 1536 4220 1732 4273; x_wconf 77' lang='lat' dir='ltr'><strong>Verum</strong></span> <span class='ocrx_word' id='word_1_423' title='bbox 1759 4238 1862 4275; x_wconf 87' lang='lat' dir='ltr'><strong>non</strong></span> <span class='ocrx_word' id='word_1_424' title='bbox 1889 4240 2079 4278; x_wconf 90' lang='lat' dir='ltr'><strong>omnes</strong></span> 
     </span>
    </p>
   </div>
   <div class='ocr_carea' id='block_1_60' title="bbox 516 4309 2075 4382">
    <p class='ocr_par' dir='ltr' id='par_1_60' title="bbox 516 4309 2075 4382">
     <span class='ocr_line' id='line_1_60' title="bbox 516 4309 2075 4382; baseline 0.004 -22"><span class='ocrx_word' id='word_1_425' title='bbox 516 4309 670 4378; x_wconf 89' lang='lat' dir='ltr'><strong>parvi</strong></span> <span class='ocrx_word' id='word_1_426' title='bbox 711 4309 872 4364; x_wconf 86' lang='lat' dir='ltr'><strong>etiam</strong></span> <span class='ocrx_word' id='word_1_427' title='bbox 909 4311 1163 4364; x_wconf 89' lang='lat' dir='ltr'><strong>momenti</strong></span> <span class='ocrx_word' id='word_1_428' title='bbox 1192 4310 1475 4364; x_wconf 86' lang='lat' dir='ltr'><strong>varietates</strong></span> <span class='ocrx_word' id='word_1_429' title='bbox 1520 4313 1854 4364; x_wconf 75' lang='lat' dir='ltr'><strong>attendcnda:</strong></span> <span class='ocrx_word' id='word_1_430' title='bbox 1903 4323 2026 4368; x_wconf 89' lang='lat' dir='ltr'><strong>sunt</strong></span> <span class='ocrx_word' id='word_1_431' title='bbox 2061 4333 2075 4382; x_wconf 89' lang='lat'>;</span> 
     </span>
    </p>
   </div>
   <div class='ocr_carea' id='block_1_61' title="bbox 511 4401 2077 4472">
    <p class='ocr_par' dir='ltr' id='par_1_61' title="bbox 511 4401 2077 4472">
     <span class='ocr_line' id='line_1_61' title="bbox 511 4401 2077 4472; baseline 0.003 -19"><span class='ocrx_word' id='word_1_432' title='bbox 511 4415 654 4468; x_wconf 68' lang='lat' dir='ltr'><strong>smpe</strong></span> <span class='ocrx_word' id='word_1_433' title='bbox 691 4401 834 4455; x_wconf 81' lang='lat' dir='ltr'><strong>enim</strong></span> <span class='ocrx_word' id='word_1_434' title='bbox 876 4402 1138 4469; x_wconf 87' lang='lat' dir='ltr'><strong>contingit</strong></span> <span class='ocrx_word' id='word_1_435' title='bbox 1178 4411 1239 4455; x_wconf 90' lang='lat' dir='ltr'><strong>ut</strong></span> <span class='ocrx_word' id='word_1_436' title='bbox 1299 4417 1462 4453; x_wconf 90' lang='lat' dir='ltr'><strong>unum</strong></span> <span class='ocrx_word' id='word_1_437' title='bbox 1517 4403 1874 4472; x_wconf 84' lang='lat' dir='ltr'><strong>eutudemqne</strong></span> <span class='ocrx_word' id='word_1_438' title='bbox 1921 4406 2077 4460; x_wconf 83' lang='lat' dir='ltr'><strong>Scri-</strong></span> 
     </span>
    </p>
   </div>
   <div class='ocr_carea' id='block_1_62' title="bbox 2180 1935 3742 2008">
    <p class='ocr_par' dir='ltr' id='par_1_62' title="bbox 2180 1935 3742 2008">
     <span class='ocr_line' id='line_1_62' title="bbox 2180 1935 3742 2008; baseline 0.001 -19"><span class='ocrx_word' id='word_1_439' title='bbox 2180 1937 2383 2005; x_wconf 79' lang='lat' dir='ltr'><strong>genitus</strong></span> <span class='ocrx_word' id='word_1_440' title='bbox 2433 1935 2571 1989; x_wconf 81' lang='lat' dir='ltr'><strong>Deus</strong></span> <span class='ocrx_word' id='word_1_441' title='bbox 2612 1951 2631 1988; x_wconf 94' lang='lat'><em>:</em></span> <span class='ocrx_word' id='word_1_442' title='bbox 2677 1936 2958 2007; x_wconf 89' lang='lat' dir='ltr'><strong>Didymum</strong></span> <span class='ocrx_word' id='word_1_443' title='bbox 2999 1952 3127 1991; x_wconf 86' lang='lat' dir='ltr'><strong>vero</strong></span> <span class='ocrx_word' id='word_1_444' title='bbox 3187 1938 3382 2008; x_wconf 77' lang='lat' dir='ltr'><strong>legisse</strong></span> <span class='ocrx_word' id='word_1_445' title='bbox 3441 1938 3742 2008; x_wconf 77' lang='lat' dir='ltr'><strong>Unigem&#39;tus</strong></span> 
     </span>
    </p>
   </div>
   <div class='ocr_carea' id='block_1_63' title="bbox 2184 2028 3743 2100">
    <p class='ocr_par' dir='ltr' id='par_1_63' title="bbox 2184 2028 3743 2100">
     <span class='ocr_line' id='line_1_63' title="bbox 2184 2028 3743 2100; baseline 0.001 -19"><span class='ocrx_word' id='word_1_446' title='bbox 2184 2028 2345 2090; x_wconf 78' lang='lat' dir='ltr'><strong>Deus,</strong></span> <span class='ocrx_word' id='word_1_447' title='bbox 2373 2029 2620 2096; x_wconf 82' lang='lat' dir='ltr'><strong>quamvis</strong></span> <span class='ocrx_word' id='word_1_448' title='bbox 2665 2039 2814 2081; x_wconf 90' lang='lat' dir='ltr'><strong>certo</strong></span> <span class='ocrx_word' id='word_1_449' title='bbox 2861 2031 3088 2096; x_wconf 91' lang='lat' dir='ltr'><strong>probare</strong></span> <span class='ocrx_word' id='word_1_450' title='bbox 3125 2045 3410 2099; x_wconf 82' lang='lat' dir='ltr'><strong>ncqtteam,</strong></span> <span class='ocrx_word' id='word_1_451' title='bbox 3447 2033 3588 2100; x_wconf 79' lang='lat' dir='ltr'><strong>quod</strong></span> <span class='ocrx_word' id='word_1_452' title='bbox 3630 2031 3743 2084; x_wconf 87' lang='lat' dir='ltr'><strong>nul-</strong></span> 
     </span>
    </p>
   </div>
   <div class='ocr_carea' id='block_1_64' title="bbox 2183 2118 3740 2190">
    <p class='ocr_par' dir='ltr' id='par_1_64' title="bbox 2183 2118 3740 2190">
     <span class='ocr_line' id='line_1_64' title="bbox 2183 2118 3740 2190; baseline 0.004 -21"><span class='ocrx_word' id='word_1_453' title='bbox 2183 2118 2266 2172; x_wconf 90' lang='lat' dir='ltr'><strong>lus</strong></span> <span class='ocrx_word' id='word_1_454' title='bbox 2313 2133 2456 2172; x_wconf 85' lang='lat' dir='ltr'><strong>nunc</strong></span> <span class='ocrx_word' id='word_1_455' title='bbox 2513 2129 2796 2174; x_wconf 89' lang='lat' dir='ltr'><strong>succurrat</strong></span> <span class='ocrx_word' id='word_1_456' title='bbox 2843 2121 3013 2185; x_wconf 88' lang='lat' dir='ltr'><strong>locus,</strong></span> <span class='ocrx_word' id='word_1_457' title='bbox 3075 2121 3126 2174; x_wconf 77' lang='grc' dir='ltr'><strong>ιιι</strong></span> <span class='ocrx_word' id='word_1_458' title='bbox 3179 2138 3288 2190; x_wconf 87' lang='lat' dir='ltr'><strong>quo</strong></span> <span class='ocrx_word' id='word_1_459' title='bbox 3335 2133 3544 2177; x_wconf 89' lang='lat' dir='ltr'><strong>textum</strong></span> <span class='ocrx_word' id='word_1_460' title='bbox 3601 2124 3740 2178; x_wconf 89' lang='lat' dir='ltr'><strong>hunc</strong></span> 
     </span>
    </p>
   </div>
   <div class='ocr_carea' id='block_1_65' title="bbox 2183 2210 3743 2284">
    <p class='ocr_par' dir='ltr' id='par_1_65' title="bbox 2183 2210 3743 2284">
     <span class='ocr_line' id='line_1_65' title="bbox 2183 2210 3743 2284; baseline 0.003 -21"><span class='ocrx_word' id='word_1_461' title='bbox 2183 2210 2387 2276; x_wconf 75' lang='lat' dir='ltr'><strong>allerat,</strong></span> <span class='ocrx_word' id='word_1_462' title='bbox 2418 2212 2518 2266; x_wconf 88' lang='lat' dir='ltr'><strong>hoc</strong></span> <span class='ocrx_word' id='word_1_463' title='bbox 2547 2223 2720 2266; x_wconf 87' lang='lat' dir='ltr'><strong>tamen</strong></span> <span class='ocrx_word' id='word_1_464' title='bbox 2745 2215 2901 2266; x_wconf 93' lang='lat' dir='ltr'><strong>modo</strong></span> <span class='ocrx_word' id='word_1_465' title='bbox 2921 2224 2972 2267; x_wconf 88' lang='lat' dir='ltr'><strong>et</strong></span> <span class='ocrx_word' id='word_1_466' title='bbox 3003 2229 3123 2268; x_wconf 90' lang='lat' dir='ltr'><strong>eum</strong></span> <span class='ocrx_word' id='word_1_467' title='bbox 3152 2213 3343 2283; x_wconf 81' lang='lat' dir='ltr'><strong>legisse</strong></span> <span class='ocrx_word' id='word_1_468' title='bbox 3373 2217 3590 2284; x_wconf 68' lang='lat' dir='ltr'><strong>opinor,</strong></span> <span class='ocrx_word' id='word_1_469' title='bbox 3631 2233 3743 2268; x_wconf 82' lang='lat' dir='ltr'><strong>cum</strong></span> 
     </span>
    </p>
   </div>
   <div class='ocr_carea' id='block_1_66' title="bbox 2181 2303 3748 2372">
    <p class='ocr_par' dir='ltr' id='par_1_66' title="bbox 2181 2303 3748 2372">
     <span class='ocr_line' id='line_1_66' title="bbox 2181 2303 3748 2372; baseline 0.001 -18"><span class='ocrx_word' id='word_1_470' title='bbox 2181 2303 2302 2370; x_wconf 82' lang='lat' dir='ltr'><strong>ejus</strong></span> <span class='ocrx_word' id='word_1_471' title='bbox 2336 2318 2550 2372; x_wconf 79' lang='lat' dir='ltr'><strong>quoque</strong></span> <span class='ocrx_word' id='word_1_472' title='bbox 2578 2318 2872 2370; x_wconf 69' lang='lat' dir='ltr'><strong>prmcessor</strong></span> <span class='ocrx_word' id='word_1_473' title='bbox 2901 2303 3160 2372; x_wconf 79' lang='lat' dir='ltr'><strong>Origenes</strong></span> <span class='ocrx_word' id='word_1_474' title='bbox 3190 2306 3484 2359; x_wconf 83' lang='lat' dir='ltr'><strong>catechista</strong></span> <span class='ocrx_word' id='word_1_475' title='bbox 3516 2306 3748 2358; x_wconf 74' lang='lat' dir='ltr'><strong>Alexan-</strong></span> 
     </span>
    </p>
   </div>
   <div class='ocr_carea' id='block_1_67' title="bbox 2185 2391 3743 2466">
    <p class='ocr_par' dir='ltr' id='par_1_67' title="bbox 2185 2391 3743 2466">
     <span class='ocr_line' id='line_1_67' title="bbox 2185 2391 3743 2466; baseline 0.003 -22"><span class='ocrx_word' id='word_1_476' title='bbox 2185 2391 2372 2445; x_wconf 88' lang='lat' dir='ltr'><strong>drinus</strong></span> <span class='ocrx_word' id='word_1_477' title='bbox 2414 2393 2600 2446; x_wconf 79' lang='lat' dir='ltr'><strong>eadem</strong></span> <span class='ocrx_word' id='word_1_478' title='bbox 2665 2394 2873 2446; x_wconf 87' lang='lat' dir='ltr'><strong>ratione</strong></span> <span class='ocrx_word' id='word_1_479' title='bbox 2924 2392 3134 2462; x_wconf 79' lang='lat' dir='ltr'><strong>legerit,</strong></span> <span class='ocrx_word' id='word_1_480' title='bbox 3185 2405 3242 2448; x_wconf 87' lang='grc' dir='ltr'><strong>ιιι</strong></span> <span class='ocrx_word' id='word_1_481' title='bbox 3295 2397 3404 2449; x_wconf 82' lang='lat' dir='ltr'><strong>dixi</strong></span> <span class='ocrx_word' id='word_1_482' title='bbox 3474 2413 3601 2466; x_wconf 77' lang='lat' dir='ltr'><strong>pag.</strong></span> <span class='ocrx_word' id='word_1_483' title='bbox 3658 2397 3743 2458; x_wconf 76' lang='lat' dir='ltr'><strong>7b“,</strong></span> 
     </span>
    </p>
   </div>
   <div class='ocr_carea' id='block_1_68' title="bbox 2183 2483 3746 2556">
    <p class='ocr_par' dir='ltr' id='par_1_68' title="bbox 2183 2483 3746 2556">
     <span class='ocr_line' id='line_1_68' title="bbox 2183 2483 3746 2556; baseline 0.003 -19"><span class='ocrx_word' id='word_1_484' title='bbox 2183 2492 2296 2538; x_wconf 89' lang='lat' dir='ltr'><strong>not.</strong></span> <span class='ocrx_word' id='word_1_485' title='bbox 2333 2483 2383 2537; x_wconf 81' lang='lat'><strong>5.</strong></span> <span class='ocrx_word' id='word_1_486' title='bbox 2422 2484 2679 2553; x_wconf 84' lang='lat' dir='ltr'><strong>Denique,</strong></span> <span class='ocrx_word' id='word_1_487' title='bbox 2723 2485 2976 2538; x_wconf 89' lang='lat' dir='ltr'><strong>lectorem</strong></span> <span class='ocrx_word' id='word_1_488' title='bbox 3026 2501 3174 2556; x_wconf 85' lang='lat' dir='ltr'><strong>rogo,</strong></span> <span class='ocrx_word' id='word_1_489' title='bbox 3212 2497 3268 2540; x_wconf 90' lang='lat' dir='ltr'><strong>ut</strong></span> <span class='ocrx_word' id='word_1_490' title='bbox 3307 2503 3368 2541; x_wconf 81' lang='lat' dir='ltr'><strong>ea</strong></span> <span class='ocrx_word' id='word_1_491' title='bbox 3417 2489 3600 2542; x_wconf 84' lang='lat' dir='ltr'><strong>videat</strong></span> <span class='ocrx_word' id='word_1_492' title='bbox 3631 2504 3746 2556; x_wconf 77' lang='lat' dir='ltr'><strong>qua:</strong></span> 
     </span>
    </p>
   </div>
   <div class='ocr_carea' id='block_1_69' title="bbox 2181 2577 3746 2648">
    <p class='ocr_par' dir='ltr' id='par_1_69' title="bbox 2181 2577 3746 2648">
     <span class='ocr_line' id='line_1_69' title="bbox 2181 2577 3746 2648; baseline 0.004 -21"><span class='ocrx_word' id='word_1_493' title='bbox 2181 2592 2304 2647; x_wconf 79' lang='lat' dir='ltr'><strong>pag.</strong></span> <span class='ocrx_word' id='word_1_494' title='bbox 2344 2578 2558 2645; x_wconf 88' lang='lat' dir='ltr'><strong>quidem</strong></span> <span class='ocrx_word' id='word_1_495' title='bbox 2605 2577 2731 2642; x_wconf 61' lang='lat'><strong>216,</strong></span> <span class='ocrx_word' id='word_1_496' title='bbox 2770 2589 2882 2632; x_wconf 92' lang='lat' dir='ltr'><strong>not.</strong></span> <span class='ocrx_word' id='word_1_497' title='bbox 2917 2579 2970 2641; x_wconf 85' lang='grc'>1,</span> <span class='ocrx_word' id='word_1_498' title='bbox 3013 2580 3201 2648; x_wconf 80' lang='lat' dir='ltr'><strong>scripsi</strong></span> <span class='ocrx_word' id='word_1_499' title='bbox 3237 2581 3304 2634; x_wconf 90' lang='lat' dir='ltr'><strong>de</strong></span> <span class='ocrx_word' id='word_1_500' title='bbox 3335 2581 3482 2635; x_wconf 84' lang='lat' dir='ltr'><strong>Pauli</strong></span> <span class='ocrx_word' id='word_1_501' title='bbox 3528 2583 3705 2636; x_wconf 85' lang='lat' dir='ltr'><strong>verbis</strong></span> <span class='ocrx_word' id='word_1_502' title='bbox 3730 2620 3746 2645; x_wconf 96' lang='lat'><strong>,</strong></span> 
     </span>
    </p>
   </div>
   <div class='ocr_carea' id='block_1_70' title="bbox 2183 2664 3746 2733">
    <p class='ocr_par' dir='ltr' id='par_1_70' title="bbox 2183 2664 3746 2733">
     <span class='ocr_line' id='line_1_70' title="bbox 2183 2664 3746 2733; baseline 0.003 -16"><span class='ocrx_word' id='word_1_503' title='bbox 2183 2664 2403 2733; x_wconf 83' lang='lat' dir='ltr'><strong>Spiritui</strong></span> <span class='ocrx_word' id='word_1_504' title='bbox 2433 2666 2522 2720; x_wconf 88' lang='lat' dir='ltr'><strong>Dei</strong></span> <span class='ocrx_word' id='word_1_505' title='bbox 2549 2670 2824 2721; x_wconf 75' lang='lat' dir='ltr'><strong>servientes</strong></span> <span class='ocrx_word' id='word_1_506' title='bbox 2851 2684 2869 2731; x_wconf 88' lang='lat'><strong><em>;</em></strong></span> <span class='ocrx_word' id='word_1_507' title='bbox 2905 2669 3029 2722; x_wconf 86' lang='lat' dir='ltr'><strong>alibi</strong></span> <span class='ocrx_word' id='word_1_508' title='bbox 3063 2685 3186 2723; x_wconf 83' lang='lat' dir='ltr'><strong>vero</strong></span> <span class='ocrx_word' id='word_1_509' title='bbox 3211 2671 3278 2725; x_wconf 86' lang='lat' dir='ltr'><strong>de</strong></span> <span class='ocrx_word' id='word_1_510' title='bbox 3313 2672 3433 2725; x_wconf 81' lang='lat' dir='ltr'><strong>aliis</strong></span> <span class='ocrx_word' id='word_1_511' title='bbox 3469 2675 3703 2727; x_wconf 82' lang='lat' dir='ltr'><strong>textibns</strong></span> <span class='ocrx_word' id='word_1_512' title='bbox 3732 2691 3746 2722; x_wconf 87' lang='lat'><strong>:</strong></span> 
     </span>
    </p>
   </div>
   <div class='ocr_carea' id='block_1_71' title="bbox 2182 2759 3750 2833">
    <p class='ocr_par' dir='ltr' id='par_1_71' title="bbox 2182 2759 3750 2833">
     <span class='ocr_line' id='line_1_71' title="bbox 2182 2759 3750 2833; baseline 0.006 -24"><span class='ocrx_word' id='word_1_513' title='bbox 2182 2773 2280 2826; x_wconf 89' lang='lat' dir='ltr'><strong>ego</strong></span> <span class='ocrx_word' id='word_1_514' title='bbox 2302 2759 2442 2812; x_wconf 89' lang='lat' dir='ltr'><strong>enim</strong></span> <span class='ocrx_word' id='word_1_515' title='bbox 2468 2775 2588 2812; x_wconf 82' lang='lat' dir='ltr'><strong>cum</strong></span> <span class='ocrx_word' id='word_1_516' title='bbox 2610 2776 2797 2815; x_wconf 88' lang='lat' dir='ltr'><strong>verear</strong></span> <span class='ocrx_word' id='word_1_517' title='bbox 2828 2778 2891 2814; x_wconf 88' lang='lat' dir='ltr'><strong>ne</strong></span> <span class='ocrx_word' id='word_1_518' title='bbox 2919 2761 3128 2830; x_wconf 82' lang='lat' dir='ltr'><strong>longior</strong></span> <span class='ocrx_word' id='word_1_519' title='bbox 3161 2763 3287 2829; x_wconf 78' lang='lat' dir='ltr'><strong>sint,</strong></span> <span class='ocrx_word' id='word_1_520' title='bbox 3317 2765 3419 2818; x_wconf 86' lang='lat' dir='ltr'><strong>alia</strong></span> <span class='ocrx_word' id='word_1_521' title='bbox 3447 2765 3750 2833; x_wconf 70' lang='lat' dir='ltr'><strong>huiusmodi</strong></span> 
     </span>
    </p>
   </div>
   <div class='ocr_carea' id='block_1_72' title="bbox 2183 2848 3138 2920">
    <p class='ocr_par' dir='ltr' id='par_1_72' title="bbox 2183 2848 3138 2920">
     <span class='ocr_line' id='line_1_72' title="bbox 2183 2848 3138 2920; baseline 0.005 -17"><span class='ocrx_word' id='word_1_522' title='bbox 2183 2850 2422 2918; x_wconf 87' lang='lat' dir='ltr'><strong>exempla</strong></span> <span class='ocrx_word' id='word_1_523' title='bbox 2451 2849 2536 2904; x_wconf 86' lang='lat' dir='ltr'><strong>hic</strong></span> <span class='ocrx_word' id='word_1_524' title='bbox 2569 2848 2762 2905; x_wconf 86' lang='lat' dir='ltr'><strong>alIerre</strong></span> <span class='ocrx_word' id='word_1_525' title='bbox 2795 2853 3138 2920; x_wconf 86' lang='lat' dir='ltr'><strong>supersedeo.</strong></span> 
     </span>
    </p>
   </div>
   <div class='ocr_carea' id='block_1_73' title="bbox 2251 2940 3756 3014">
    <p class='ocr_par' dir='ltr' id='par_1_73' title="bbox 2251 2940 3756 3014">
     <span class='ocr_line' id='line_1_73' title="bbox 2251 2940 3756 3014; baseline 0.006 -22"><span class='ocrx_word' id='word_1_526' title='bbox 2251 2940 2329 2992; x_wconf 82' lang='lat' dir='ltr'><strong>Ac</strong></span> <span class='ocrx_word' id='word_1_527' title='bbox 2365 2941 2488 2993; x_wconf 88' lang='lat' dir='ltr'><strong>illttd</strong></span> <span class='ocrx_word' id='word_1_528' title='bbox 2520 2942 2694 3010; x_wconf 91' lang='lat' dir='ltr'><strong>potius</strong></span> <span class='ocrx_word' id='word_1_529' title='bbox 2737 2943 2895 3004; x_wconf 86' lang='lat' dir='ltr'><strong>addo.</strong></span> <span class='ocrx_word' id='word_1_530' title='bbox 2952 2943 3019 2997; x_wconf 86' lang='lat' dir='ltr'><strong>ab</strong></span> <span class='ocrx_word' id='word_1_531' title='bbox 3057 2955 3276 2998; x_wconf 87' lang='lat' dir='ltr'><strong>auctore</strong></span> <span class='ocrx_word' id='word_1_532' title='bbox 3316 2947 3536 3014; x_wconf 85' lang='lat' dir='ltr'><strong>quidem</strong></span> <span class='ocrx_word' id='word_1_533' title='bbox 3572 2960 3756 3002; x_wconf 87' lang='lat' dir='ltr'><strong>nostro</strong></span> 
     </span>
    </p>
   </div>
   <div class='ocr_carea' id='block_1_74' title="bbox 2182 3026 3755 3106">
    <p class='ocr_par' dir='ltr' id='par_1_74' title="bbox 2182 3026 3755 3106">
     <span class='ocr_line' id='line_1_74' title="bbox 2182 3026 3755 3106; baseline 0.005 -24"><span class='ocrx_word' id='word_1_534' title='bbox 2182 3026 2472 3098; x_wconf 68' lang='lat' dir='ltr'><strong>Scriptura:</strong></span> <span class='ocrx_word' id='word_1_535' title='bbox 2512 3031 2627 3086; x_wconf 88' lang='lat' dir='ltr'><strong>loca</strong></span> <span class='ocrx_word' id='word_1_536' title='bbox 2660 3033 2737 3086; x_wconf 89' lang='lat' dir='ltr'><strong>sic</strong></span> <span class='ocrx_word' id='word_1_537' title='bbox 2767 3048 2912 3101; x_wconf 71' lang='lat' dir='ltr'><strong>smpe</strong></span> <span class='ocrx_word' id='word_1_538' title='bbox 2949 3031 3148 3097; x_wconf 76' lang='lat' dir='ltr'><strong>allerri,</strong></span> <span class='ocrx_word' id='word_1_539' title='bbox 3183 3044 3240 3087; x_wconf 90' lang='lat' dir='ltr'><strong>ut</strong></span> <span class='ocrx_word' id='word_1_540' title='bbox 3273 3039 3555 3091; x_wconf 71' lang='lat' dir='ltr'><strong>sententiae</strong></span> <span class='ocrx_word' id='word_1_541' title='bbox 3584 3039 3755 3106; x_wconf 73' lang='lat' dir='ltr'><strong>magis</strong></span> 
     </span>
    </p>
   </div>
   <div class='ocr_carea' id='block_1_75' title="bbox 2182 3121 3758 3191">
    <p class='ocr_par' dir='ltr' id='par_1_75' title="bbox 2182 3121 3758 3191">
     <span class='ocr_line' id='line_1_75' title="bbox 2182 3121 3758 3191; baseline 0.006 -17"><span class='ocrx_word' id='word_1_542' title='bbox 2182 3121 2479 3186; x_wconf 76' lang='lat' dir='ltr'><strong>adluereat,</strong></span> <span class='ocrx_word' id='word_1_543' title='bbox 2544 3140 2704 3191; x_wconf 87' lang='lat' dir='ltr'><strong>quam</strong></span> <span class='ocrx_word' id='word_1_544' title='bbox 2770 3126 3005 3189; x_wconf 88' lang='lat' dir='ltr'><strong>verbis;</strong></span> <span class='ocrx_word' id='word_1_545' title='bbox 3075 3137 3128 3180; x_wconf 69' lang='lat' dir='ltr'><strong>at</strong></span> <span class='ocrx_word' id='word_1_546' title='bbox 3178 3130 3360 3182; x_wconf 80' lang='lat' dir='ltr'><strong>eadem</strong></span> <span class='ocrx_word' id='word_1_547' title='bbox 3425 3146 3482 3183; x_wconf 88' lang='lat' dir='ltr'><strong>se</strong></span> <span class='ocrx_word' id='word_1_548' title='bbox 3554 3133 3758 3184; x_wconf 86' lang='lat' dir='ltr'><strong>ratione</strong></span> 
     </span>
    </p>
   </div>
   <div class='ocr_carea' id='block_1_76' title="bbox 2184 3214 3757 3288">
    <p class='ocr_par' dir='ltr' id='par_1_76' title="bbox 2184 3214 3757 3288">
     <span class='ocr_line' id='line_1_76' title="bbox 2184 3214 3757 3288; baseline 0.007 -21"><span class='ocrx_word' id='word_1_549' title='bbox 2184 3214 2413 3284; x_wconf 84' lang='lat' dir='ltr'><strong>gessisse</strong></span> <span class='ocrx_word' id='word_1_550' title='bbox 2450 3216 2730 3286; x_wconf 87' lang='lat' dir='ltr'><strong>Didymum</strong></span> <span class='ocrx_word' id='word_1_551' title='bbox 2772 3219 2815 3270; x_wconf 87' lang='lat' dir='ltr'><strong>is</strong></span> <span class='ocrx_word' id='word_1_552' title='bbox 2857 3219 3149 3286; x_wconf 89' lang='lat' dir='ltr'><strong>comperiet</strong></span> <span class='ocrx_word' id='word_1_553' title='bbox 3181 3221 3270 3288; x_wconf 86' lang='lat' dir='ltr'><strong>qui</strong></span> <span class='ocrx_word' id='word_1_554' title='bbox 3313 3221 3545 3275; x_wconf 83' lang='lat' dir='ltr'><strong>Biblicos</strong></span> <span class='ocrx_word' id='word_1_555' title='bbox 3579 3234 3757 3278; x_wconf 77' lang='lat' dir='ltr'><strong>textus</strong></span> 
     </span>
    </p>
   </div>
   <div class='ocr_carea' id='block_1_77' title="bbox 2183 3305 3754 3378">
    <p class='ocr_par' dir='ltr' id='par_1_77' title="bbox 2183 3305 3754 3378">
     <span class='ocr_line' id='line_1_77' title="bbox 2183 3305 3754 3378; baseline 0.006 -18"><span class='ocrx_word' id='word_1_556' title='bbox 2183 3305 2252 3360; x_wconf 89' lang='lat' dir='ltr'><strong>ab</strong></span> <span class='ocrx_word' id='word_1_557' title='bbox 2312 3322 2377 3362; x_wconf 85' lang='lat' dir='ltr'><strong>eo</strong></span> <span class='ocrx_word' id='word_1_558' title='bbox 2431 3307 2690 3378; x_wconf 81' lang='lat' dir='ltr'><strong>allegatos</strong></span> <span class='ocrx_word' id='word_1_559' title='bbox 2748 3325 2869 3362; x_wconf 91' lang='lat' dir='ltr'><strong>cum</strong></span> <span class='ocrx_word' id='word_1_560' title='bbox 2917 3309 3120 3366; x_wconf 70' lang='lat' dir='ltr'><strong>ercis</strong></span> <span class='ocrx_word' id='word_1_561' title='bbox 3191 3311 3377 3367; x_wconf 86' lang='lat' dir='ltr'><strong>Bibliis</strong></span> <span class='ocrx_word' id='word_1_562' title='bbox 3435 3317 3754 3369; x_wconf 89' lang='lat' dir='ltr'><strong>contulerit.</strong></span> 
     </span>
    </p>
   </div>
   <div class='ocr_carea' id='block_1_78' title="bbox 2181 3398 3755 3471">
    <p class='ocr_par' dir='ltr' id='par_1_78' title="bbox 2181 3398 3755 3471">
     <span class='ocr_line' id='line_1_78' title="bbox 2181 3398 3755 3471; baseline 0.006 -19"><span class='ocrx_word' id='word_1_563' title='bbox 2181 3398 2432 3453; x_wconf 79' lang='lat' dir='ltr'><strong>Attamen</strong></span> <span class='ocrx_word' id='word_1_564' title='bbox 2481 3415 2599 3453; x_wconf 93' lang='lat' dir='ltr'><strong>cum</strong></span> <span class='ocrx_word' id='word_1_565' title='bbox 2647 3401 2746 3455; x_wconf 92' lang='lat' dir='ltr'><strong>hoc</strong></span> <span class='ocrx_word' id='word_1_566' title='bbox 2800 3402 2968 3471; x_wconf 88' lang='lat' dir='ltr'><strong>ipsum</strong></span> <span class='ocrx_word' id='word_1_567' title='bbox 3007 3418 3111 3457; x_wconf 91' lang='lat' dir='ltr'><strong>non</strong></span> <span class='ocrx_word' id='word_1_568' title='bbox 3158 3420 3284 3458; x_wconf 89' lang='lat' dir='ltr'><strong>raro</strong></span> <span class='ocrx_word' id='word_1_569' title='bbox 3326 3407 3392 3458; x_wconf 89' lang='lat' dir='ltr'><strong>ab</strong></span> <span class='ocrx_word' id='word_1_570' title='bbox 3437 3408 3560 3462; x_wconf 88' lang='lat' dir='ltr'><strong>aliis</strong></span> <span class='ocrx_word' id='word_1_571' title='bbox 3593 3411 3755 3464; x_wconf 86' lang='lat' dir='ltr'><strong>etiam</strong></span> 
     </span>
    </p>
   </div>
   <div class='ocr_carea' id='block_1_79' title="bbox 2181 3489 3757 3571">
    <p class='ocr_par' dir='ltr' id='par_1_79' title="bbox 2181 3489 3757 3571">
     <span class='ocr_line' id='line_1_79' title="bbox 2181 3489 3757 3571; baseline 0.008 -30"><span class='ocrx_word' id='word_1_572' title='bbox 2181 3489 2379 3543; x_wconf 77' lang='lat' dir='ltr'><strong>factum</strong></span> <span class='ocrx_word' id='word_1_573' title='bbox 2434 3506 2554 3544; x_wconf 87' lang='lat' dir='ltr'><strong>esse</strong></span> <span class='ocrx_word' id='word_1_574' title='bbox 2605 3492 2917 3557; x_wconf 85' lang='lat' dir='ltr'><strong>videamus,</strong></span> <span class='ocrx_word' id='word_1_575' title='bbox 2955 3509 3060 3547; x_wconf 92' lang='lat' dir='ltr'><strong>non</strong></span> <span class='ocrx_word' id='word_1_576' title='bbox 3093 3506 3267 3564; x_wconf 89' lang='lat' dir='ltr'><strong>potest</strong></span> <span class='ocrx_word' id='word_1_577' title='bbox 3310 3513 3404 3566; x_wconf 90' lang='lat' dir='ltr'><strong>pro</strong></span> <span class='ocrx_word' id='word_1_578' title='bbox 3445 3511 3573 3553; x_wconf 87' lang='lat' dir='ltr'><strong>nota</strong></span> <span class='ocrx_word' id='word_1_579' title='bbox 3614 3517 3757 3571; x_wconf 88' lang='lat' dir='ltr'><strong>qua-</strong></span> 
     </span>
    </p>
   </div>
   <div class='ocr_carea' id='block_1_80' title="bbox 2182 3581 3761 3658">
    <p class='ocr_par' dir='ltr' id='par_1_80' title="bbox 2182 3581 3761 3658">
     <span class='ocr_line' id='line_1_80' title="bbox 2182 3581 3761 3658; baseline 0.01 -25"><span class='ocrx_word' id='word_1_580' title='bbox 2182 3582 2300 3633; x_wconf 82' lang='lat' dir='ltr'><strong>dant</strong></span> <span class='ocrx_word' id='word_1_581' title='bbox 2330 3581 2534 3645; x_wconf 83' lang='lat' dir='ltr'><strong>haberi,</strong></span> <span class='ocrx_word' id='word_1_582' title='bbox 2555 3598 2658 3651; x_wconf 89' lang='lat' dir='ltr'><strong>qua</strong></span> <span class='ocrx_word' id='word_1_583' title='bbox 2688 3585 2940 3654; x_wconf 85' lang='lat' dir='ltr'><strong>Didymus</strong></span> <span class='ocrx_word' id='word_1_584' title='bbox 2966 3603 2995 3640; x_wconf 91' lang='lat' dir='ltr'><strong>a</strong></span> <span class='ocrx_word' id='word_1_585' title='bbox 3028 3589 3248 3658; x_wconf 73' lang='lat' dir='ltr'><strong>reliquis</strong></span> <span class='ocrx_word' id='word_1_586' title='bbox 3283 3588 3543 3648; x_wconf 86' lang='lat' dir='ltr'><strong>Patribtts</strong></span> <span class='ocrx_word' id='word_1_587' title='bbox 3579 3609 3761 3649; x_wconf 87' lang='lat' dir='ltr'><strong>secer-</strong></span> 
     </span>
    </p>
   </div>
   <div class='ocr_carea' id='block_1_81' title="bbox 2181 3678 2339 3722">
    <p class='ocr_par' dir='ltr' id='par_1_81' title="bbox 2181 3678 2339 3722">
     <span class='ocr_line' id='line_1_81' title="bbox 2181 3678 2339 3722; baseline -0.006 -1"><span class='ocrx_word' id='word_1_588' title='bbox 2181 3678 2339 3722; x_wconf 90' lang='lat' dir='ltr'><strong>natur</strong></span> 
     </span>
    </p>
   </div>
   <div class='ocr_carea' id='block_1_82' title="bbox 2179 3779 3761 3863">
    <p class='ocr_par' dir='ltr' id='par_1_82' title="bbox 2179 3779 3761 3863">
     <span class='ocr_line' id='line_1_82' title="bbox 2179 3779 3761 3863; baseline 0.012 -30"><span class='ocrx_word' id='word_1_589' title='bbox 2179 3779 2306 3834; x_wconf 79' lang='lat' dir='ltr'><strong>CAP.</strong></span> <span class='ocrx_word' id='word_1_590' title='bbox 2336 3780 2514 3836; x_wconf 72' lang='lat' dir='ltr'><strong>XVIII.</strong></span> <span class='ocrx_word' id='word_1_591' title='bbox 2535 3781 2756 3863; x_wconf 74' lang='lat' dir='ltr'><strong>Easdem</strong></span> <span class='ocrx_word' id='word_1_592' title='bbox 2781 3797 2990 3863; x_wconf 85' lang='lat' dir='ltr'><strong>uterque</strong></span> <span class='ocrx_word' id='word_1_593' title='bbox 3005 3787 3434 3863; x_wconf 77' lang='lat' dir='ltr'><strong>a/fert_certorum</strong></span> <span class='ocrx_word' id='word_1_594' title='bbox 3460 3794 3761 3863; x_wconf 71' lang='lat' dir='ltr'><strong>Scriptura:</strong></span> 
     </span>
    </p>
   </div>
   <div class='ocr_carea' id='block_1_83' title="bbox 2599 3860 3322 3924">
    <p class='ocr_par' dir='ltr' id='par_1_83' title="bbox 2599 3860 3322 3924">
     <span class='ocr_line' id='line_1_83' title="bbox 2599 3860 3322 3924; baseline 0.014 -20"><span class='ocrx_word' id='word_1_595' title='bbox 2599 3862 2829 3907; x_wconf 67' lang='lat' dir='ltr'><strong>textuunt</strong></span> <span class='ocrx_word' id='word_1_596' title='bbox 2859 3860 3322 3924; x_wconf 74' lang='lat' dir='ltr'><strong>interpretationes.</strong></span> 
     </span>
    </p>
   </div>
   <div class='ocr_carea' id='block_1_84' title="bbox 2249 3967 3746 4040">
    <p class='ocr_par' dir='ltr' id='par_1_84' title="bbox 2249 3967 3746 4040">
     <span class='ocr_line' id='line_1_84' title="bbox 2249 3967 3746 4040; baseline 0.011 -20"><span class='ocrx_word' id='word_1_597' title='bbox 2249 3967 2636 4022; x_wconf 79' lang='lat' dir='ltr'><strong>Alexandrinos</strong></span> <span class='ocrx_word' id='word_1_598' title='bbox 2698 3971 3017 4024; x_wconf 84' lang='lat' dir='ltr'><strong>eatechistas</strong></span> <span class='ocrx_word' id='word_1_599' title='bbox 3066 3972 3357 4040; x_wconf 86' lang='lat' dir='ltr'><strong>allegoriis,</strong></span> <span class='ocrx_word' id='word_1_600' title='bbox 3413 3977 3541 4031; x_wconf 91' lang='lat' dir='ltr'><strong>dum</strong></span> <span class='ocrx_word' id='word_1_601' title='bbox 3587 3980 3746 4036; x_wconf 80' lang='lat' dir='ltr'><strong>Scri—</strong></span> 
     </span>
    </p>
   </div>
   <div class='ocr_carea' id='block_1_85' title="bbox 2189 4057 3763 4127">
    <p class='ocr_par' dir='ltr' id='par_1_85' title="bbox 2189 4057 3763 4127">
     <span class='ocr_line' id='line_1_85' title="bbox 2189 4057 3763 4127; baseline 0.013 -20"><span class='ocrx_word' id='word_1_602' title='bbox 2189 4068 2380 4124; x_wconf 88' lang='lat' dir='ltr'><strong>pturas</strong></span> <span class='ocrx_word' id='word_1_603' title='bbox 2429 4057 2946 4126; x_wconf 87' lang='lat' dir='ltr'><strong>interpretabantur,</strong></span> <span class='ocrx_word' id='word_1_604' title='bbox 3011 4061 3303 4119; x_wconf 87' lang='lat' dir='ltr'><strong>delectatos</strong></span> <span class='ocrx_word' id='word_1_605' title='bbox 3365 4082 3486 4121; x_wconf 90' lang='lat' dir='ltr'><strong>esse</strong></span> <span class='ocrx_word' id='word_1_606' title='bbox 3554 4084 3763 4127; x_wconf 89' lang='lat' dir='ltr'><strong>nortntt</strong></span> 
     </span>
    </p>
   </div>
   <div class='ocr_carea' id='block_1_86' title="bbox 2183 4147 3760 4232">
    <p class='ocr_par' dir='ltr' id='par_1_86' title="bbox 2183 4147 3760 4232">
     <span class='ocr_line' id='line_1_86' title="bbox 2183 4147 3760 4232; baseline 0.014 -34"><span class='ocrx_word' id='word_1_607' title='bbox 2183 4147 2435 4215; x_wconf 86' lang='lat' dir='ltr'><strong>theologi.</strong></span> <span class='ocrx_word' id='word_1_608' title='bbox 2473 4148 2546 4200; x_wconf 87' lang='lat' dir='ltr'><strong>De</strong></span> <span class='ocrx_word' id='word_1_609' title='bbox 2576 4148 2800 4217; x_wconf 80' lang='lat' dir='ltr'><strong>Didyme</strong></span> <span class='ocrx_word' id='word_1_610' title='bbox 2831 4163 3008 4203; x_wconf 89' lang='lat' dir='ltr'><strong>autem</strong></span> <span class='ocrx_word' id='word_1_611' title='bbox 3042 4163 3224 4208; x_wconf 87' lang='lat' dir='ltr'><strong>nostro</strong></span> <span class='ocrx_word' id='word_1_612' title='bbox 3258 4158 3504 4223; x_wconf 88' lang='lat' dir='ltr'><strong>equidem</strong></span> <span class='ocrx_word' id='word_1_613' title='bbox 3539 4178 3605 4216; x_wconf 88' lang='lat' dir='ltr'><strong>ea</strong></span> <span class='ocrx_word' id='word_1_614' title='bbox 3644 4180 3760 4232; x_wconf 76' lang='lat' dir='ltr'><strong>pra:</strong></span> 
     </span>
    </p>
   </div>
   <div class='ocr_carea' id='block_1_87' title="bbox 2178 4234 3764 4321">
    <p class='ocr_par' dir='ltr' id='par_1_87' title="bbox 2178 4234 3764 4321">
     <span class='ocr_line' id='line_1_87' title="bbox 2178 4234 3764 4321; baseline 0.01 -34"><span class='ocrx_word' id='word_1_615' title='bbox 2178 4234 2347 4287; x_wconf 89' lang='lat' dir='ltr'><strong>oculis</strong></span> <span class='ocrx_word' id='word_1_616' title='bbox 2395 4235 2618 4300; x_wconf 82' lang='lat' dir='ltr'><strong>habens,</strong></span> <span class='ocrx_word' id='word_1_617' title='bbox 2667 4251 2786 4304; x_wconf 66' lang='lat' dir='ltr'><strong>quas</strong></span> <span class='ocrx_word' id='word_1_618' title='bbox 2833 4237 2885 4291; x_wconf 92' lang='lat' dir='ltr'><strong>in</strong></span> <span class='ocrx_word' id='word_1_619' title='bbox 2933 4239 3103 4307; x_wconf 87' lang='lat' dir='ltr'><strong>ipsius</strong></span> <span class='ocrx_word' id='word_1_620' title='bbox 3151 4244 3427 4312; x_wconf 85' lang='lat' dir='ltr'><strong>operibus,</strong></span> <span class='ocrx_word' id='word_1_621' title='bbox 3471 4260 3565 4302; x_wconf 90' lang='lat' dir='ltr'><strong>aut</strong></span> <span class='ocrx_word' id='word_1_622' title='bbox 3612 4254 3764 4321; x_wconf 71' lang='lat' dir='ltr'><strong>frag.</strong></span> 
     </span>
    </p>
   </div>
   <div class='ocr_carea' id='block_1_88' title="bbox 2180 4328 3764 4399">
    <p class='ocr_par' dir='ltr' id='par_1_88' title="bbox 2180 4328 3764 4399">
     <span class='ocr_line' id='line_1_88' title="bbox 2180 4328 3764 4399; baseline 0.011 -18"><span class='ocrx_word' id='word_1_623' title='bbox 2180 4328 2373 4381; x_wconf 89' lang='lat' dir='ltr'><strong>mentis</strong></span> <span class='ocrx_word' id='word_1_624' title='bbox 2423 4329 2712 4381; x_wconf 87' lang='lat' dir='ltr'><strong>observare</strong></span> <span class='ocrx_word' id='word_1_625' title='bbox 2765 4345 2850 4384; x_wconf 81' lang='lat' dir='ltr'><strong>me</strong></span> <span class='ocrx_word' id='word_1_626' title='bbox 2905 4332 3142 4395; x_wconf 89' lang='lat' dir='ltr'><strong>memini,</strong></span> <span class='ocrx_word' id='word_1_627' title='bbox 3191 4335 3290 4386; x_wconf 91' lang='lat' dir='ltr'><strong>tria</strong></span> <span class='ocrx_word' id='word_1_628' title='bbox 3354 4337 3467 4390; x_wconf 63' lang='lat' dir='ltr'><strong>haec</strong></span> <span class='ocrx_word' id='word_1_629' title='bbox 3509 4349 3764 4399; x_wconf 87' lang='lat' dir='ltr'><strong>statuere</strong></span> 
     </span>
    </p>
   </div>
   <div class='ocr_carea' id='block_1_89' title="bbox 2180 4417 3759 4499">
    <p class='ocr_par' dir='ltr' id='par_1_89' title="bbox 2180 4417 3759 4499">
     <span class='ocr_line' id='line_1_89' title="bbox 2180 4417 3759 4499; baseline 0.01 -30"><span class='ocrx_word' id='word_1_630' title='bbox 2180 4432 2337 4485; x_wconf 87' lang='lat' dir='ltr'><strong>posse</strong></span> <span class='ocrx_word' id='word_1_631' title='bbox 2368 4417 2497 4471; x_wconf 91' lang='lat' dir='ltr'><strong>mihi</strong></span> <span class='ocrx_word' id='word_1_632' title='bbox 2555 4418 2760 4472; x_wconf 86' lang='lat' dir='ltr'><strong>videor.</strong></span> <span class='ocrx_word' id='word_1_633' title='bbox 2793 4418 2832 4471; x_wconf 93' lang='lat' dir='ltr'><strong>l.</strong></span> <span class='ocrx_word' id='word_1_634' title='bbox 2874 4419 3005 4473; x_wconf 85' lang='lat' dir='ltr'><strong>Eum</strong></span> <span class='ocrx_word' id='word_1_635' title='bbox 3057 4423 3143 4475; x_wconf 89' lang='lat' dir='ltr'><strong>ubi</strong></span> <span class='ocrx_word' id='word_1_636' title='bbox 3200 4424 3483 4481; x_wconf 70' lang='lat' dir='ltr'><strong>haareticos</strong></span> <span class='ocrx_word' id='word_1_637' title='bbox 3528 4432 3759 4499; x_wconf 75' lang='lat' dir='ltr'><strong>refellit,</strong></span> 
     </span>
    </p>
   </div>
   <div class='ocr_carea' id='block_1_90' title="bbox 511 4491 3762 4586">
    <p class='ocr_par' dir='ltr' id='par_1_90' title="bbox 511 4491 3762 4586">
     <span class='ocr_line' id='line_1_90' title="bbox 511 4491 3762 4586; baseline 0.01 -42"><span class='ocrx_word' id='word_1_638' title='bbox 511 4500 682 4558; x_wconf 67' lang='lat' dir='ltr'><strong>plura:</strong></span> <span class='ocrx_word' id='word_1_639' title='bbox 713 4491 887 4545; x_wconf 85' lang='lat' dir='ltr'><strong>locum</strong></span> <span class='ocrx_word' id='word_1_640' title='bbox 934 4508 1075 4545; x_wconf 90' lang='lat' dir='ltr'><strong>nunc</strong></span> <span class='ocrx_word' id='word_1_641' title='bbox 1105 4508 1212 4546; x_wconf 91' lang='lat' dir='ltr'><strong>uno</strong></span> <span class='ocrx_word' id='word_1_642' title='bbox 1243 4494 1400 4546; x_wconf 81' lang='lat' dir='ltr'><strong>modo</strong></span> <span class='ocrx_word' id='word_1_643' title='bbox 1428 4493 1626 4559; x_wconf 78' lang='lat' dir='ltr'><strong>legant,</strong></span> <span class='ocrx_word' id='word_1_644' title='bbox 1661 4511 1803 4586; x_wconf 68' lang='lat' dir='ltr'><strong>nunc</strong></span> <span class='ocrx_word' id='word_1_645' title='bbox 1835 4497 1965 4563; x_wconf 88' lang='lat' dir='ltr'><strong>alio,</strong></span> <span class='ocrx_word' id='word_1_646' title='bbox 1992 4497 2073 4551; x_wconf 84' lang='lat' dir='ltr'><strong>vel</strong></span> <span class='ocrx_word' id='word_1_647' title='bbox 2107 4518 2149 4571; x_wconf 81' lang='grc' dir='ltr'>ι)</span> <span class='ocrx_word' id='word_1_648' title='bbox 2181 4521 2285 4559; x_wconf 92' lang='lat' dir='ltr'><strong>non</strong></span> <span class='ocrx_word' id='word_1_649' title='bbox 2343 4506 2623 4574; x_wconf 78' lang='lat' dir='ltr'><strong>allegorias</strong></span> <span class='ocrx_word' id='word_1_650' title='bbox 2672 4509 2866 4562; x_wconf 85' lang='lat' dir='ltr'><strong>sectari</strong></span> <span class='ocrx_word' id='word_1_651' title='bbox 2911 4512 3272 4566; x_wconf 84' lang='lat' dir='ltr'><strong>consuevisse.</strong></span> <span class='ocrx_word' id='word_1_652' title='bbox 3315 4518 3407 4568; x_wconf 81' lang='lat' dir='ltr'><strong>sed</strong></span> <span class='ocrx_word' id='word_1_653' title='bbox 3436 4533 3500 4570; x_wconf 84' lang='lat' dir='ltr'><strong>ex</strong></span> <span class='ocrx_word' id='word_1_654' title='bbox 3528 4491 3762 4577; x_wconf 81' lang='lat' dir='ltr'><strong>litterati</strong></span> 
     </span>
    </p>
   </div>
   <div class='ocr_carea' id='block_1_91' title="bbox 509 4584 2072 4654">
    <p class='ocr_par' dir='ltr' id='par_1_91' title="bbox 509 4584 2072 4654">
     <span class='ocr_line' id='line_1_91' title="bbox 509 4584 2072 4654; baseline 0.005 -19"><span class='ocrx_word' id='word_1_655' title='bbox 509 4584 651 4651; x_wconf 91' lang='lat' dir='ltr'><strong>quod</strong></span> <span class='ocrx_word' id='word_1_656' title='bbox 681 4584 992 4638; x_wconf 88' lang='lat' dir='ltr'><strong>memoriter</strong></span> <span class='ocrx_word' id='word_1_657' title='bbox 1015 4585 1198 4646; x_wconf 90' lang='lat' dir='ltr'><strong>citent,</strong></span> <span class='ocrx_word' id='word_1_658' title='bbox 1241 4584 1323 4638; x_wconf 86' lang='lat' dir='ltr'><strong>vel</strong></span> <span class='ocrx_word' id='word_1_659' title='bbox 1353 4588 1492 4654; x_wconf 85' lang='lat' dir='ltr'><strong>quod</strong></span> <span class='ocrx_word' id='word_1_660' title='bbox 1518 4584 1791 4650; x_wconf 74' lang='lat' dir='ltr'><strong>minimas,</strong></span> <span class='ocrx_word' id='word_1_661' title='bbox 1831 4591 2072 4643; x_wconf 85' lang='lat' dir='ltr'><strong>minimi-</strong></span> 
     </span>
    </p>
   </div>
   <div class='ocr_carea' id='block_1_92' title="bbox 509 4673 2070 4744">
    <p class='ocr_par' dir='ltr' id='par_1_92' title="bbox 509 4673 2070 4744">
     <span class='ocr_line' id='line_1_92' title="bbox 509 4673 2070 4744; baseline 0.006 -22"><span class='ocrx_word' id='word_1_662' title='bbox 509 4685 613 4740; x_wconf 89' lang='lat' dir='ltr'><strong>qtte</strong></span> <span class='ocrx_word' id='word_1_663' title='bbox 669 4673 824 4740; x_wconf 83' lang='lat' dir='ltr'><strong>pretii</strong></span> <span class='ocrx_word' id='word_1_664' title='bbox 887 4674 1277 4744; x_wconf 84' lang='lat' dir='ltr'><strong>diserepantias</strong></span> <span class='ocrx_word' id='word_1_665' title='bbox 1338 4675 1629 4744; x_wconf 83' lang='lat' dir='ltr'><strong>negligant,</strong></span> <span class='ocrx_word' id='word_1_666' title='bbox 1691 4679 1772 4731; x_wconf 83' lang='lat' dir='ltr'><strong>vel</strong></span> <span class='ocrx_word' id='word_1_667' title='bbox 1854 4680 2070 4733; x_wconf 86' lang='lat' dir='ltr'><strong>demum</strong></span> 
     </span>
    </p>
   </div>
   <div class='ocr_carea' id='block_1_93' title="bbox 507 4763 2071 4834">
    <p class='ocr_par' dir='ltr' id='par_1_93' title="bbox 507 4763 2071 4834">
     <span class='ocr_line' id='line_1_93' title="bbox 507 4763 2071 4834; baseline 0.008 -20"><span class='ocrx_word' id='word_1_668' title='bbox 507 4763 649 4831; x_wconf 89' lang='lat' dir='ltr'><strong>quod</strong></span> <span class='ocrx_word' id='word_1_669' title='bbox 703 4765 860 4816; x_wconf 91' lang='lat' dir='ltr'><strong>modo</strong></span> <span class='ocrx_word' id='word_1_670' title='bbox 906 4780 1065 4817; x_wconf 91' lang='lat' dir='ltr'><strong>unam</strong></span> <span class='ocrx_word' id='word_1_671' title='bbox 1113 4765 1394 4818; x_wconf 86' lang='lat' dir='ltr'><strong>lectionem</strong></span> <span class='ocrx_word' id='word_1_672' title='bbox 1459 4768 1609 4834; x_wconf 87' lang='lat' dir='ltr'><strong>sequi</strong></span> <span class='ocrx_word' id='word_1_673' title='bbox 1658 4768 1865 4833; x_wconf 77' lang='lat' dir='ltr'><strong>malint,</strong></span> <span class='ocrx_word' id='word_1_674' title='bbox 1913 4772 2071 4826; x_wconf 88' lang='lat' dir='ltr'><strong>modo</strong></span> 
     </span>
    </p>
   </div>
   <div class='ocr_carea' id='block_1_94' title="bbox 505 4854 2067 4925">
    <p class='ocr_par' dir='ltr' id='par_1_94' title="bbox 505 4854 2067 4925">
     <span class='ocr_line' id='line_1_94' title="bbox 505 4854 2067 4925; baseline 0.005 -18"><span class='ocrx_word' id='word_1_675' title='bbox 505 4854 690 4908; x_wconf 86' lang='lat' dir='ltr'><strong>aliam.</strong></span> <span class='ocrx_word' id='word_1_676' title='bbox 731 4857 980 4909; x_wconf 85' lang='lat' dir='ltr'><strong>Attamen</strong></span> <span class='ocrx_word' id='word_1_677' title='bbox 1029 4859 1277 4925; x_wconf 66' lang='lat' dir='ltr'><strong>quaedam</strong></span> <span class='ocrx_word' id='word_1_678' title='bbox 1316 4867 1440 4910; x_wconf 90' lang='lat' dir='ltr'><strong>tunc</strong></span> <span class='ocrx_word' id='word_1_679' title='bbox 1493 4868 1646 4911; x_wconf 89' lang='lat' dir='ltr'><strong>erant</strong></span> <span class='ocrx_word' id='word_1_680' title='bbox 1691 4861 1741 4911; x_wconf 94' lang='lat' dir='ltr'><strong>in</strong></span> <span class='ocrx_word' id='word_1_681' title='bbox 1779 4859 2067 4915; x_wconf 87' lang='lat' dir='ltr'><strong>Bibliorum</strong></span> 
     </span>
    </p>
   </div>
   <div class='ocr_carea' id='block_1_95' title="bbox 506 4947 2071 5018">
    <p class='ocr_par' dir='ltr' id='par_1_95' title="bbox 506 4947 2071 5018">
     <span class='ocr_line' id='line_1_95' title="bbox 506 4947 2071 5018; baseline 0.005 -19"><span class='ocrx_word' id='word_1_682' title='bbox 506 4947 782 5000; x_wconf 90' lang='lat' dir='ltr'><strong>codicibus</strong></span> <span class='ocrx_word' id='word_1_683' title='bbox 811 4948 1125 5012; x_wconf 81' lang='lat' dir='ltr'><strong>varietates,</strong></span> <span class='ocrx_word' id='word_1_684' title='bbox 1150 4963 1283 5016; x_wconf 86' lang='lat' dir='ltr'><strong>quas</strong></span> <span class='ocrx_word' id='word_1_685' title='bbox 1313 4949 1568 5018; x_wconf 87' lang='lat' dir='ltr'><strong>peculiari</strong></span> <span class='ocrx_word' id='word_1_686' title='bbox 1605 4953 2071 5007; x_wconf 63' lang='lat' dir='ltr'><strong>anin&#39;tadt&#39;ersimte</strong></span> 
     </span>
    </p>
   </div>
   <div class='ocr_carea' id='block_1_96' title="bbox 505 5038 2067 5111">
    <p class='ocr_par' dir='ltr' id='par_1_96' title="bbox 505 5038 2067 5111">
     <span class='ocr_line' id='line_1_96' title="bbox 505 5038 2067 5111; baseline 0.008 -24"><span class='ocrx_word' id='word_1_687' title='bbox 505 5038 693 5106; x_wconf 86' lang='lat' dir='ltr'><strong>dignas</strong></span> <span class='ocrx_word' id='word_1_688' title='bbox 755 5053 966 5093; x_wconf 88' lang='lat' dir='ltr'><strong>censeo.</strong></span> <span class='ocrx_word' id='word_1_689' title='bbox 1040 5039 1152 5103; x_wconf 90' lang='lat' dir='ltr'><strong>Ita,</strong></span> <span class='ocrx_word' id='word_1_690' title='bbox 1214 5040 1442 5110; x_wconf 77' lang='lat' dir='ltr'><strong>exempli</strong></span> <span class='ocrx_word' id='word_1_691' title='bbox 1509 5045 1714 5111; x_wconf 85' lang='lat' dir='ltr'><strong>gratia,</strong></span> <span class='ocrx_word' id='word_1_692' title='bbox 1775 5043 1957 5098; x_wconf 85' lang='lat' dir='ltr'><strong>Primo</strong></span> <span class='ocrx_word' id='word_1_693' title='bbox 2015 5048 2067 5100; x_wconf 92' lang='lat' dir='ltr'><strong>in</strong></span> 
     </span>
    </p>
   </div>
   <div class='ocr_carea' id='block_1_97' title="bbox 504 5126 2066 5205">
    <p class='ocr_par' dir='ltr' id='par_1_97' title="bbox 504 5126 2066 5205">
     <span class='ocr_line' id='line_1_97' title="bbox 504 5126 2066 5205; baseline 0.006 -24"><span class='ocrx_word' id='word_1_694' title='bbox 504 5126 674 5196; x_wconf 84' lang='lat' dir='ltr'><strong>Epist.</strong></span> <span class='ocrx_word' id='word_1_695' title='bbox 707 5128 742 5182; x_wconf 94' lang='lat' dir='ltr'><strong>II</strong></span> <span class='ocrx_word' id='word_1_696' title='bbox 771 5131 836 5183; x_wconf 89' lang='lat' dir='ltr'><strong>ad</strong></span> <span class='ocrx_word' id='word_1_697' title='bbox 861 5130 1072 5192; x_wconf 65' lang='lat' dir='ltr'><strong>Thess,</strong></span> <span class='ocrx_word' id='word_1_698' title='bbox 1104 5147 1222 5199; x_wconf 87' lang='lat' dir='ltr'><strong>cap.</strong></span> <span class='ocrx_word' id='word_1_699' title='bbox 1253 5148 1311 5194; x_wconf 90' lang='grc' dir='ltr'><strong>ιι,</strong></span> <span class='ocrx_word' id='word_1_700' title='bbox 1347 5148 1485 5187; x_wconf 84' lang='lat' dir='ltr'><strong>vers.</strong></span> <span class='ocrx_word' id='word_1_701' title='bbox 1520 5134 1606 5199; x_wconf 78' lang='lat' dir='ltr'><strong>I3,</strong></span> <span class='ocrx_word' id='word_1_702' title='bbox 1632 5135 1813 5188; x_wconf 59' lang='lat' dir='ltr'><strong>Gra&#39;ca</strong></span> <span class='ocrx_word' id='word_1_703' title='bbox 1855 5137 2066 5205; x_wconf 88' lang='lat' dir='ltr'><strong>quidem</strong></span> 
     </span>
    </p>
   </div>
   <div class='ocr_carea' id='block_1_98' title="bbox 503 5220 2069 5297">
    <p class='ocr_par' dir='ltr' id='par_1_98' title="bbox 503 5220 2069 5297">
     <span class='ocr_line' id='line_1_98' title="bbox 503 5220 2069 5297; baseline 0.006 -23"><span class='ocrx_word' id='word_1_704' title='bbox 503 5220 668 5276; x_wconf 83' lang='lat' dir='ltr'><strong>editio</strong></span> <span class='ocrx_word' id='word_1_705' title='bbox 714 5222 894 5284; x_wconf 84' lang='lat' dir='ltr'><strong>habet,</strong></span> <span class='ocrx_word' id='word_1_706' title='bbox 935 5221 1040 5273; x_wconf 83' lang='grc' dir='ltr'><strong>ἀπ’</strong></span> <span class='ocrx_word' id='word_1_707' title='bbox 1073 5221 1274 5292; x_wconf 76' lang='grc' dir='ltr'><strong>ἀρχῆς,</strong></span> <span class='ocrx_word' id='word_1_708' title='bbox 1306 5224 1352 5275; x_wconf 88' lang='lat' dir='ltr'><strong>id</strong></span> <span class='ocrx_word' id='word_1_709' title='bbox 1390 5233 1468 5276; x_wconf 84' lang='lat' dir='ltr'><strong>est</strong></span> <span class='ocrx_word' id='word_1_710' title='bbox 1511 5231 1572 5276; x_wconf 80' lang='lat' dir='ltr'><strong>ab</strong></span> <span class='ocrx_word' id='word_1_711' title='bbox 1601 5227 1782 5286; x_wconf 82' lang='lat' dir='ltr'><strong>initio,-</strong></span> <span class='ocrx_word' id='word_1_712' title='bbox 1812 5225 2069 5297; x_wconf 85' lang='lat' dir='ltr'><strong>Didymus</strong></span> 
     </span>
    </p>
   </div>
   <div class='ocr_carea' id='block_1_99' title="bbox 503 5311 2070 5387">
    <p class='ocr_par' dir='ltr' id='par_1_99' title="bbox 503 5311 2070 5387">
     <span class='ocr_line' id='line_1_99' title="bbox 503 5311 2070 5387; baseline 0.006 -24"><span class='ocrx_word' id='word_1_713' title='bbox 503 5327 629 5364; x_wconf 91' lang='lat' dir='ltr'><strong>vero</strong></span> <span class='ocrx_word' id='word_1_714' title='bbox 671 5314 719 5365; x_wconf 93' lang='lat' dir='ltr'><strong>in</strong></span> <span class='ocrx_word' id='word_1_715' title='bbox 752 5313 886 5366; x_wconf 87' lang='lat' dir='ltr'><strong>libro</strong></span> <span class='ocrx_word' id='word_1_716' title='bbox 911 5311 982 5366; x_wconf 90' lang='lat' dir='ltr'><strong>De</strong></span> <span class='ocrx_word' id='word_1_717' title='bbox 1012 5311 1213 5380; x_wconf 89' lang='lat' dir='ltr'><strong>Spiritu</strong></span> <span class='ocrx_word' id='word_1_718' title='bbox 1249 5325 1428 5367; x_wconf 85' lang='lat' dir='ltr'><strong>sancto</strong></span> <span class='ocrx_word' id='word_1_719' title='bbox 1452 5315 1574 5384; x_wconf 77' lang='lat' dir='ltr'><strong>legit</strong></span> <span class='ocrx_word' id='word_1_720' title='bbox 1609 5316 1876 5387; x_wconf 69' lang='grc' dir='ltr'><strong>ἀπαρχήν,</strong></span> <span class='ocrx_word' id='word_1_721' title='bbox 1913 5321 1958 5371; x_wconf 90' lang='lat' dir='ltr'><strong>id</strong></span> <span class='ocrx_word' id='word_1_722' title='bbox 1986 5329 2070 5374; x_wconf 75' lang='lat' dir='ltr'><strong>est</strong></span> 
     </span>
    </p>
   </div>
   <div class='ocr_carea' id='block_1_100' title="bbox 499 5405 2063 5480">
    <p class='ocr_par' dir='ltr' id='par_1_100' title="bbox 499 5405 2063 5480">
     <span class='ocr_line' id='line_1_100' title="bbox 499 5405 2063 5480; baseline 0.008 -27"><span class='ocrx_word' id='word_1_723' title='bbox 499 5405 794 5474; x_wconf 80' lang='lat' dir='ltr'><strong>primitias;</strong></span> <span class='ocrx_word' id='word_1_724' title='bbox 825 5414 878 5458; x_wconf 87' lang='lat' dir='ltr'><strong>at</strong></span> <span class='ocrx_word' id='word_1_725' title='bbox 922 5416 1110 5459; x_wconf 86' lang='lat' dir='ltr'><strong>auctor</strong></span> <span class='ocrx_word' id='word_1_726' title='bbox 1141 5421 1352 5475; x_wconf 85' lang='lat' dir='ltr'><strong>quoque</strong></span> <span class='ocrx_word' id='word_1_727' title='bbox 1396 5420 1579 5460; x_wconf 87' lang='lat' dir='ltr'><strong>uester</strong></span> <span class='ocrx_word' id='word_1_728' title='bbox 1618 5409 1742 5480; x_wconf 76' lang='lat' dir='ltr'><strong>legit</strong></span> <span class='ocrx_word' id='word_1_729' title='bbox 1777 5411 2063 5477; x_wconf 78' lang='lat' dir='ltr'><strong>primitias,</strong></span> 
     </span>
    </p>
   </div>
   <div class='ocr_carea' id='block_1_101' title="bbox 501 5497 2067 5572">
    <p class='ocr_par' dir='ltr' id='par_1_101' title="bbox 501 5497 2067 5572">
     <span class='ocr_line' id='line_1_101' title="bbox 501 5497 2067 5572; baseline 0.006 -23"><span class='ocrx_word' id='word_1_730' title='bbox 501 5506 561 5550; x_wconf 86' lang='lat' dir='ltr'><strong>ut</strong></span> <span class='ocrx_word' id='word_1_731' title='bbox 602 5497 710 5550; x_wconf 88' lang='lat' dir='ltr'><strong>dixi</strong></span> <span class='ocrx_word' id='word_1_732' title='bbox 761 5513 880 5567; x_wconf 85' lang='lat' dir='ltr'><strong>pag.</strong></span> <span class='ocrx_word' id='word_1_733' title='bbox 931 5497 1052 5560; x_wconf 71' lang='lat'><strong>125,</strong></span> <span class='ocrx_word' id='word_1_734' title='bbox 1101 5507 1210 5553; x_wconf 91' lang='lat' dir='ltr'><strong>not.</strong></span> <span class='ocrx_word' id='word_1_735' title='bbox 1259 5499 1312 5555; x_wconf 71' lang='grc'><strong>4.</strong></span> <span class='ocrx_word' id='word_1_736' title='bbox 1364 5499 1629 5564; x_wconf 89' lang='lat' dir='ltr'><strong>Secundo,</strong></span> <span class='ocrx_word' id='word_1_737' title='bbox 1681 5505 1729 5554; x_wconf 88' lang='lat' dir='ltr'><strong>in</strong></span> <span class='ocrx_word' id='word_1_738' title='bbox 1770 5503 1942 5572; x_wconf 82' lang='lat' dir='ltr'><strong>Epist.</strong></span> <span class='ocrx_word' id='word_1_739' title='bbox 1999 5506 2067 5558; x_wconf 87' lang='lat' dir='ltr'><strong>ad</strong></span> 
     </span>
    </p>
   </div>
   <div class='ocr_carea' id='block_1_102' title="bbox 499 5585 2058 5660">
    <p class='ocr_par' dir='ltr' id='par_1_102' title="bbox 499 5585 2058 5660">
     <span class='ocr_line' id='line_1_102' title="bbox 499 5585 2058 5660; baseline 0.005 -20"><span class='ocrx_word' id='word_1_740' title='bbox 499 5585 769 5641; x_wconf 71' lang='lat' dir='ltr'><strong>Ilotuanos</strong></span> <span class='ocrx_word' id='word_1_741' title='bbox 825 5603 943 5656; x_wconf 89' lang='lat' dir='ltr'><strong>cap.</strong></span> <span class='ocrx_word' id='word_1_742' title='bbox 995 5603 1113 5653; x_wconf 84' lang='lat' dir='ltr'><strong>vnt,</strong></span> <span class='ocrx_word' id='word_1_743' title='bbox 1148 5605 1286 5644; x_wconf 87' lang='lat' dir='ltr'><strong>vers.</strong></span> <span class='ocrx_word' id='word_1_744' title='bbox 1320 5589 1407 5654; x_wconf 82' lang='lat' dir='ltr'><strong>II,</strong></span> <span class='ocrx_word' id='word_1_745' title='bbox 1439 5591 1607 5644; x_wconf 85' lang='lat' dir='ltr'><strong>codex</strong></span> <span class='ocrx_word' id='word_1_746' title='bbox 1639 5593 2058 5660; x_wconf 70' lang='lat' dir='ltr'><strong>Alexandrinus,</strong></span> 
     </span>
    </p>
   </div>
   <div class='ocr_carea' id='block_1_103' title="bbox 495 5675 2064 5754">
    <p class='ocr_par' dir='ltr' id='par_1_103' title="bbox 495 5675 2064 5754">
     <span class='ocr_line' id='line_1_103' title="bbox 495 5675 2064 5754; baseline 0.006 -20"><span class='ocrx_word' id='word_1_747' title='bbox 495 5685 554 5734; x_wconf 83' lang='lat' dir='ltr'><strong>et</strong></span> <span class='ocrx_word' id='word_1_748' title='bbox 583 5675 767 5731; x_wconf 71' lang='lat' dir='ltr'><strong>Graeca</strong></span> <span class='ocrx_word' id='word_1_749' title='bbox 802 5681 967 5733; x_wconf 86' lang='lat' dir='ltr'><strong>editio</strong></span> <span class='ocrx_word' id='word_1_750' title='bbox 1000 5681 1228 5736; x_wconf 86' lang='lat' dir='ltr'><strong>habent:</strong></span> <span class='ocrx_word' id='word_1_751' title='bbox 1263 5697 1359 5751; x_wconf 86' lang='lat' dir='ltr'><strong>per</strong></span> <span class='ocrx_word' id='word_1_752' title='bbox 1384 5681 1760 5738; x_wconf 80' lang='lat' dir='ltr'><strong>inhabitantem</strong></span> <span class='ocrx_word' id='word_1_753' title='bbox 1803 5685 2064 5754; x_wconf 86' lang='lat' dir='ltr'><strong>Spiritum</strong></span> 
     </span>
    </p>
   </div>
   <div class='ocr_carea' id='block_1_104' title="bbox 569 5785 1039 5854">
    <p class='ocr_par' dir='ltr' id='par_1_104' title="bbox 569 5785 1039 5854">
     <span class='ocr_line' id='line_1_104' title="bbox 569 5785 1039 5854; baseline 0.002 -14"><span class='ocrx_word' id='word_1_754' title='bbox 569 5785 591 5818; x_wconf 84' lang='grc'><strong>⁸</strong></span> <span class='ocrx_word' id='word_1_755' title='bbox 626 5787 644 5840; x_wconf 95' lang='grc'><strong>1</strong></span> <span class='ocrx_word' id='word_1_756' title='bbox 683 5786 808 5842; x_wconf 87' lang='lat' dir='ltr'><strong>Cor.</strong></span> <span class='ocrx_word' id='word_1_757' title='bbox 841 5801 898 5854; x_wconf 79' lang='lat' dir='ltr'><strong>x,</strong></span> <span class='ocrx_word' id='word_1_758' title='bbox 953 5789 1039 5842; x_wconf 85' lang='lat' dir='ltr'><strong>II.</strong></span> 
     </span>
    </p>
   </div>
   <div class='ocr_carea' id='block_1_105' title="bbox 2178 4597 3758 4686">
    <p class='ocr_par' dir='ltr' id='par_1_105' title="bbox 2178 4597 3758 4686">
     <span class='ocr_line' id='line_1_105' title="bbox 2178 4597 3758 4686; baseline 0.011 -36"><span class='ocrx_word' id='word_1_759' title='bbox 2178 4597 2474 4666; x_wconf 69' lang='lat' dir='ltr'><strong>Scriptum</strong></span> <span class='ocrx_word' id='word_1_760' title='bbox 2500 4612 2659 4651; x_wconf 83' lang='lat' dir='ltr'><strong>sensu</strong></span> <span class='ocrx_word' id='word_1_761' title='bbox 2703 4609 3015 4665; x_wconf 81' lang='lat' dir='ltr'><strong>argumenta</strong></span> <span class='ocrx_word' id='word_1_762' title='bbox 3057 4611 3239 4669; x_wconf 87' lang='lat' dir='ltr'><strong>petere</strong></span> <span class='ocrx_word' id='word_1_763' title='bbox 3275 4606 3340 4656; x_wconf 90' lang='lat' dir='ltr'><strong>ad</strong></span> <span class='ocrx_word' id='word_1_764' title='bbox 3377 4621 3468 4660; x_wconf 87' lang='lat' dir='ltr'><strong>eos</strong></span> <span class='ocrx_word' id='word_1_765' title='bbox 3504 4608 3758 4686; x_wconf 68' lang='lat' dir='ltr'><strong>[XXVII]</strong></span> 
     </span>
    </p>
   </div>
   <div class='ocr_carea' id='block_1_106' title="bbox 2174 4685 3763 4763">
    <p class='ocr_par' dir='ltr' id='par_1_106' title="bbox 2174 4685 3763 4763">
     <span class='ocr_line' id='line_1_106' title="bbox 2174 4685 3763 4763; baseline 0.012 -24"><span class='ocrx_word' id='word_1_766' title='bbox 2174 4688 2544 4741; x_wconf 85' lang='lat' dir='ltr'><strong>coul&#39;utaudos.</strong></span> <span class='ocrx_word' id='word_1_767' title='bbox 2580 4687 2645 4742; x_wconf 92' lang='grc'><strong>11.</strong></span> <span class='ocrx_word' id='word_1_768' title='bbox 2669 4685 2804 4740; x_wconf 89' lang='lat' dir='ltr'><strong>Dutn</strong></span> <span class='ocrx_word' id='word_1_769' title='bbox 2830 4687 3040 4744; x_wconf 87' lang='lat' dir='ltr'><strong>Veteris</strong></span> <span class='ocrx_word' id='word_1_770' title='bbox 3071 4691 3399 4750; x_wconf 81' lang='lat' dir='ltr'><strong>Testamenti</strong></span> <span class='ocrx_word' id='word_1_771' title='bbox 3426 4699 3618 4763; x_wconf 85' lang='lat' dir='ltr'><strong>libros,</strong></span> <span class='ocrx_word' id='word_1_772' title='bbox 3662 4720 3763 4758; x_wconf 88' lang='lat' dir='ltr'><strong>ant</strong></span> 
     </span>
    </p>
   </div>
   <div class='ocr_carea' id='block_1_107' title="bbox 2179 4777 3756 4860">
    <p class='ocr_par' dir='ltr' id='par_1_107' title="bbox 2179 4777 3756 4860">
     <span class='ocr_line' id='line_1_107' title="bbox 2179 4777 3756 4860; baseline 0.013 -31"><span class='ocrx_word' id='word_1_773' title='bbox 2179 4788 2361 4830; x_wconf 85' lang='lat' dir='ltr'><strong>textus</strong></span> <span class='ocrx_word' id='word_1_774' title='bbox 2395 4777 2723 4845; x_wconf 73' lang='lat' dir='ltr'><strong>eXplicabat,</strong></span> <span class='ocrx_word' id='word_1_775' title='bbox 2754 4779 3024 4848; x_wconf 88' lang='lat' dir='ltr'><strong>allcgoriis</strong></span> <span class='ocrx_word' id='word_1_776' title='bbox 3055 4783 3338 4841; x_wconf 81' lang='lat' dir='ltr'><strong>indulsisse</strong></span> <span class='ocrx_word' id='word_1_777' title='bbox 3381 4806 3394 4841; x_wconf 92' lang='lat'>:</span> <span class='ocrx_word' id='word_1_778' title='bbox 3429 4805 3756 4860; x_wconf 88' lang='lat' dir='ltr'><strong>propterea,</strong></span> 
     </span>
    </p>
   </div>
   <div class='ocr_carea' id='block_1_108' title="bbox 2175 4872 3764 4954">
    <p class='ocr_par' dir='ltr' id='par_1_108' title="bbox 2175 4872 3764 4954">
     <span class='ocr_line' id='line_1_108' title="bbox 2175 4872 3764 4954; baseline 0.013 -32"><span class='ocrx_word' id='word_1_779' title='bbox 2175 4881 2232 4922; x_wconf 89' lang='lat' dir='ltr'><strong>ut</strong></span> <span class='ocrx_word' id='word_1_780' title='bbox 2297 4872 2515 4937; x_wconf 90' lang='lat' dir='ltr'><strong>opinor,</strong></span> <span class='ocrx_word' id='word_1_781' title='bbox 2587 4873 2725 4936; x_wconf 81' lang='lat' dir='ltr'><strong>quod</strong></span> <span class='ocrx_word' id='word_1_782' title='bbox 2798 4875 2973 4926; x_wconf 85' lang='lat' dir='ltr'><strong>omnia</strong></span> <span class='ocrx_word' id='word_1_783' title='bbox 3038 4876 3091 4928; x_wconf 85' lang='lat' dir='ltr'><strong>in</strong></span> <span class='ocrx_word' id='word_1_784' title='bbox 3142 4879 3314 4946; x_wconf 84' lang='lat' dir='ltr'><strong>ﬁgura</strong></span> <span class='ocrx_word' id='word_1_785' title='bbox 3374 4885 3764 4954; x_wconf 79' lang='lat' dir='ltr'><strong>contingebant</strong></span> 
     </span>
    </p>
   </div>
   <div class='ocr_carea' id='block_1_109' title="bbox 2175 4960 3760 5034">
    <p class='ocr_par' dir='ltr' id='par_1_109' title="bbox 2175 4960 3760 5034">
     <span class='ocr_line' id='line_1_109' title="bbox 2175 4960 3760 5034; baseline 0.014 -22"><span class='ocrx_word' id='word_1_786' title='bbox 2175 4960 2414 5014; x_wconf 69' lang='lat' dir='ltr'><strong>IIebrmis</strong></span> <span class='ocrx_word' id='word_1_787' title='bbox 2441 4961 2484 5015; x_wconf 69' lang='grc'><strong>⁸.</strong></span> <span class='ocrx_word' id='word_1_788' title='bbox 2521 4960 2610 5014; x_wconf 90' lang='grc'><strong>111.</strong></span> <span class='ocrx_word' id='word_1_789' title='bbox 2643 4964 2700 5015; x_wconf 86' lang='grc' dir='ltr'>Ιιι</span> <span class='ocrx_word' id='word_1_790' title='bbox 2728 4962 2859 5016; x_wconf 73' lang='lat' dir='ltr'><strong>Novi</strong></span> <span class='ocrx_word' id='word_1_791' title='bbox 2897 4964 3220 5022; x_wconf 83' lang='lat' dir='ltr'><strong>Tcstameuti</strong></span> <span class='ocrx_word' id='word_1_792' title='bbox 3251 4973 3426 5027; x_wconf 87' lang='lat' dir='ltr'><strong>verbis</strong></span> <span class='ocrx_word' id='word_1_793' title='bbox 3469 4992 3594 5030; x_wconf 89' lang='lat' dir='ltr'><strong>raro</strong></span> <span class='ocrx_word' id='word_1_794' title='bbox 3624 4997 3760 5034; x_wconf 89' lang='lat' dir='ltr'><strong>euut</strong></span> 
     </span>
    </p>
   </div>
   <div class='ocr_carea' id='block_1_110' title="bbox 2173 5052 3762 5128">
    <p class='ocr_par' dir='ltr' id='par_1_110' title="bbox 2173 5052 3762 5128">
     <span class='ocr_line' id='line_1_110' title="bbox 2173 5052 3762 5128; baseline 0.015 -24"><span class='ocrx_word' id='word_1_795' title='bbox 2173 5052 2457 5121; x_wconf 84' lang='lat' dir='ltr'><strong>allegorias</strong></span> <span class='ocrx_word' id='word_1_796' title='bbox 2536 5055 2868 5120; x_wconf 81' lang='lat' dir='ltr'><strong>cxpiscatnm</strong></span> <span class='ocrx_word' id='word_1_797' title='bbox 2920 5072 3068 5121; x_wconf 84' lang='lat' dir='ltr'><strong>esse,</strong></span> <span class='ocrx_word' id='word_1_798' title='bbox 3139 5063 3232 5115; x_wconf 89' lang='lat' dir='ltr'><strong>sed</strong></span> <span class='ocrx_word' id='word_1_799' title='bbox 3286 5062 3499 5119; x_wconf 85' lang='lat' dir='ltr'><strong>Iitterali</strong></span> <span class='ocrx_word' id='word_1_800' title='bbox 3557 5076 3762 5128; x_wconf 84' lang='lat' dir='ltr'><strong>sensui</strong></span> 
     </span>
    </p>
   </div>
   <div class='ocr_carea' id='block_1_111' title="bbox 2171 5143 3367 5216">
    <p class='ocr_par' dir='ltr' id='par_1_111' title="bbox 2171 5143 3367 5216">
     <span class='ocr_line' id='line_1_111' title="bbox 2171 5143 3367 5216; baseline 0.015 -25"><span class='ocrx_word' id='word_1_801' title='bbox 2171 5143 2521 5212; x_wconf 86' lang='lat' dir='ltr'><strong>plerumque,</strong></span> <span class='ocrx_word' id='word_1_802' title='bbox 2553 5154 2648 5197; x_wconf 87' lang='lat' dir='ltr'><strong>aut</strong></span> <span class='ocrx_word' id='word_1_803' title='bbox 2668 5147 2784 5200; x_wconf 84' lang='lat' dir='ltr'><strong>lere</strong></span> <span class='ocrx_word' id='word_1_804' title='bbox 2815 5164 3027 5216; x_wconf 89' lang='lat' dir='ltr'><strong>semper</strong></span> <span class='ocrx_word' id='word_1_805' title='bbox 3056 5151 3367 5208; x_wconf 72' lang='lat' dir='ltr'><strong>adhaesisse.</strong></span> 
     </span>
    </p>
   </div>
   <div class='ocr_carea' id='block_1_112' title="bbox 2240 5233 3761 5306">
    <p class='ocr_par' dir='ltr' id='par_1_112' title="bbox 2240 5233 3761 5306">
     <span class='ocr_line' id='line_1_112' title="bbox 2240 5233 3761 5306; baseline 0.014 -22"><span class='ocrx_word' id='word_1_806' title='bbox 2240 5233 2307 5286; x_wconf 87' lang='lat' dir='ltr'><strong>At</strong></span> <span class='ocrx_word' id='word_1_807' title='bbox 2351 5235 2448 5286; x_wconf 85' lang='lat' dir='ltr'><strong>tria</strong></span> <span class='ocrx_word' id='word_1_808' title='bbox 2482 5235 2594 5288; x_wconf 68' lang='lat' dir='ltr'><strong>hinc</strong></span> <span class='ocrx_word' id='word_1_809' title='bbox 2625 5236 2734 5303; x_wconf 88' lang='lat' dir='ltr'><strong>ipsa</strong></span> <span class='ocrx_word' id='word_1_810' title='bbox 2773 5238 2824 5289; x_wconf 93' lang='lat' dir='ltr'><strong>in</strong></span> <span class='ocrx_word' id='word_1_811' title='bbox 2857 5238 3103 5306; x_wconf 79' lang='lat' dir='ltr'><strong>theologo</strong></span> <span class='ocrx_word' id='word_1_812' title='bbox 3144 5245 3303 5296; x_wconf 87' lang='lat' dir='ltr'><strong>etiam</strong></span> <span class='ocrx_word' id='word_1_813' title='bbox 3337 5260 3522 5302; x_wconf 83' lang='lat' dir='ltr'><strong>uOStro</strong></span> <span class='ocrx_word' id='word_1_814' title='bbox 3549 5249 3761 5305; x_wconf 79' lang='lat' dir='ltr'><strong>obser-</strong></span> 
     </span>
    </p>
   </div>
   <div class='ocr_carea' id='block_1_113' title="bbox 2171 5321 3762 5405">
    <p class='ocr_par' dir='ltr' id='par_1_113' title="bbox 2171 5321 3762 5405">
     <span class='ocr_line' id='line_1_113' title="bbox 2171 5321 3762 5405; baseline 0.015 -33"><span class='ocrx_word' id='word_1_815' title='bbox 2171 5321 2310 5375; x_wconf 87' lang='lat' dir='ltr'><strong>vavi.</strong></span> <span class='ocrx_word' id='word_1_816' title='bbox 2367 5324 2516 5377; x_wconf 79' lang='lat' dir='ltr'><strong>Sicut</strong></span> <span class='ocrx_word' id='word_1_817' title='bbox 2546 5327 2689 5405; x_wconf 79' lang='lat' dir='ltr'><strong>enim</strong></span> <span class='ocrx_word' id='word_1_818' title='bbox 2741 5327 2997 5397; x_wconf 87' lang='lat' dir='ltr'><strong>Didymus</strong></span> <span class='ocrx_word' id='word_1_819' title='bbox 3032 5330 3082 5382; x_wconf 92' lang='lat' dir='ltr'><strong>in</strong></span> <span class='ocrx_word' id='word_1_820' title='bbox 3120 5330 3254 5386; x_wconf 91' lang='lat' dir='ltr'><strong>libro</strong></span> <span class='ocrx_word' id='word_1_821' title='bbox 3301 5333 3371 5387; x_wconf 88' lang='lat' dir='ltr'><strong>De</strong></span> <span class='ocrx_word' id='word_1_822' title='bbox 3405 5335 3498 5405; x_wconf 89' lang='lat' dir='ltr'><strong>Sp.</strong></span> <span class='ocrx_word' id='word_1_823' title='bbox 3554 5354 3762 5398; x_wconf 76' lang='lat' dir='ltr'><strong>sancto</strong></span> 
     </span>
    </p>
   </div>
   <div class='ocr_carea' id='block_1_114' title="bbox 2171 5401 3764 5494">
    <p class='ocr_par' dir='ltr' id='par_1_114' title="bbox 2171 5401 3764 5494">
     <span class='ocr_line' id='line_1_114' title="bbox 2171 5401 3764 5494; baseline 0.015 -30"><span class='ocrx_word' id='word_1_824' title='bbox 2171 5411 2579 5467; x_wconf 80' lang='lat' dir='ltr'><strong>Macedoniast</strong></span> <span class='ocrx_word' id='word_1_825' title='bbox 2630 5401 2974 5472; x_wconf 67' lang='lat' dir='ltr'><strong>validissimis</strong></span> <span class='ocrx_word' id='word_1_826' title='bbox 3025 5421 3268 5475; x_wconf 84' lang='lat' dir='ltr'><strong>conlutat</strong></span> <span class='ocrx_word' id='word_1_827' title='bbox 3319 5434 3661 5494; x_wconf 82' lang='lat' dir='ltr'><strong>argumentis</strong></span> <span class='ocrx_word' id='word_1_828' title='bbox 3727 5451 3764 5488; x_wconf 87' lang='lat' dir='ltr'><strong>e</strong></span> 
     </span>
    </p>
   </div>
   <div class='ocr_carea' id='block_1_115' title="bbox 2172 5502 3765 5581">
    <p class='ocr_par' dir='ltr' id='par_1_115' title="bbox 2172 5502 3765 5581">
     <span class='ocr_line' id='line_1_115' title="bbox 2172 5502 3765 5581; baseline 0.014 -27"><span class='ocrx_word' id='word_1_829' title='bbox 2172 5502 2389 5557; x_wconf 88' lang='lat' dir='ltr'><strong>Iitterali</strong></span> <span class='ocrx_word' id='word_1_830' title='bbox 2447 5505 2739 5573; x_wconf 76' lang='lat' dir='ltr'><strong>Scriptura:</strong></span> <span class='ocrx_word' id='word_1_831' title='bbox 2799 5525 2957 5564; x_wconf 89' lang='lat' dir='ltr'><strong>sensu</strong></span> <span class='ocrx_word' id='word_1_832' title='bbox 3017 5513 3278 5581; x_wconf 87' lang='lat' dir='ltr'><strong>deductis,</strong></span> <span class='ocrx_word' id='word_1_833' title='bbox 3337 5519 3410 5570; x_wconf 89' lang='lat' dir='ltr'><strong>ita</strong></span> <span class='ocrx_word' id='word_1_834' title='bbox 3456 5531 3509 5573; x_wconf 90' lang='lat' dir='ltr'><strong>et</strong></span> <span class='ocrx_word' id='word_1_835' title='bbox 3555 5536 3765 5580; x_wconf 78' lang='lat' dir='ltr'><strong>noster</strong></span> 
     </span>
    </p>
   </div>
   <div class='ocr_carea' id='block_1_116' title="bbox 2169 5596 3765 5672">
    <p class='ocr_par' dir='ltr' id='par_1_116' title="bbox 2169 5596 3765 5672">
     <span class='ocr_line' id='line_1_116' title="bbox 2169 5596 3765 5672; baseline 0.014 -24"><span class='ocrx_word' id='word_1_836' title='bbox 2169 5596 2403 5660; x_wconf 81' lang='lat' dir='ltr'><strong>scriptor</strong></span> <span class='ocrx_word' id='word_1_837' title='bbox 2450 5600 2715 5665; x_wconf 83' lang='lat' dir='ltr'><strong>Ariauos,</strong></span> <span class='ocrx_word' id='word_1_838' title='bbox 2770 5601 3164 5671; x_wconf 87' lang='lat' dir='ltr'><strong>Eunomianos,</strong></span> <span class='ocrx_word' id='word_1_839' title='bbox 3200 5607 3613 5667; x_wconf 82' lang='lat' dir='ltr'><strong>Macedonianos</strong></span> <span class='ocrx_word' id='word_1_840' title='bbox 3670 5621 3765 5672; x_wconf 79' lang='lat' dir='ltr'><strong>sic</strong></span> 
     </span>
    </p>
   </div>
   <div class='ocr_carea' id='block_1_117' title="bbox 2171 5689 3763 5773">
    <p class='ocr_par' dir='ltr' id='par_1_117' title="bbox 2171 5689 3763 5773">
     <span class='ocr_line' id='line_1_117' title="bbox 2171 5689 3763 5773; baseline 0.014 -31"><span class='ocrx_word' id='word_1_841' title='bbox 2171 5689 2398 5756; x_wconf 78' lang='lat' dir='ltr'><strong>refellit,</strong></span> <span class='ocrx_word' id='word_1_842' title='bbox 2450 5700 2506 5744; x_wconf 91' lang='lat' dir='ltr'><strong>ut</strong></span> <span class='ocrx_word' id='word_1_843' title='bbox 2545 5690 2658 5746; x_wconf 80' lang='lat' dir='ltr'><strong>fere</strong></span> <span class='ocrx_word' id='word_1_844' title='bbox 2690 5694 2871 5748; x_wconf 81' lang='lat' dir='ltr'><strong>omnia</strong></span> <span class='ocrx_word' id='word_1_845' title='bbox 2907 5711 3218 5766; x_wconf 84' lang='lat' dir='ltr'><strong>argumenta</strong></span> <span class='ocrx_word' id='word_1_846' title='bbox 3250 5718 3279 5755; x_wconf 91' lang='lat' dir='ltr'><strong>e</strong></span> <span class='ocrx_word' id='word_1_847' title='bbox 3316 5701 3608 5773; x_wconf 79' lang='lat' dir='ltr'><strong>Scripturis</strong></span> <span class='ocrx_word' id='word_1_848' title='bbox 3651 5708 3763 5764; x_wconf 71' lang='grc' dir='ltr'>ιιι-</span> 
     </span>
    </p>
   </div>
  </div>
