4030 6408
287 322 381 378 165

1432 325 1990 383 COMMENTARIUS.
2031 357 2102 369 ---
2141 326 2266 381 LIB.
2309 323 2348 383 1.

3401 329 3507 388 166

284 441 506 496 tcraliter
535 442 820 508 explicatis
865 445 1092 500 derivet.
1140 448 1216 502 Ac
1247 448 1696 517 quemadmodum
1751 447 1836 500 Di-
1865 453 1910 507 Α
1937 446 2026 510 qui
2061 456 2303 499 venturus
2336 461 2388 498 es
2414 444 2498 497 “'2
2525 459 2685 513 quam
2719 445 2882 500 habet
2922 460 3044 514 pag.
3077 445 3167 506 21,
3216 446 3354 499 haud
3383 446 3502 502 scio

281 534 462 603 dymus
480 534 715 604 quinque
750 535 1200 604 Eaplanationum
1232 541 1397 595 libros
1423 542 1478 593 in
1514 539 1831 593 Zachariam

284 626 347 678 ita
387 626 635 689 dictavit,
675 625 1008 698 Hieronymo
1045 639 1214 694 teste,
1248 647 1304 684 ut
1347 642 1458 686 tota
1503 649 1680 684 eorum
1748 632 1835 697 ἐξ·

277 716 469 787 ήγησις
485 717 764 786 allegorica
781 721 938 785 fuerit
959 760 974 784 ,
1004 733 1050 774 et
1082 723 1316 777 historia:
1348 725 1436 777 vix
1466 741 1632 788 pauca
1659 727 1837 793 tetige-

275 818 389 865 rmt,
431 809 502 858 ita
529 807 810 878 theologus
844 823 1027 864 noster
1053 812 1142 866 lib.
1177 829 1238 876 ιι,
1266 829 1385 883 cap.
1424 815 1512 878 14,
1549 815 1728 882 plures
1756 816 1834 869 si-

274 897 367 950 mul
399 896 678 952 lacuaria:
710 901 878 966 ipsius
905 909 1082 958 textus
1114 904 1355 974 allegatis
1397 907 1450 958 in
1491 907 1722 975 quadam
1753 908 1836 960 di-

275 991 563 1059 gressione,
626 991 914 1060 allegorice
958 1008 1147 1050 omnes
1198 997 1606 1065 interpretatur,
1648 1015 1712 1053 ac
1768 1015 1832 1054 ea

277 1081 490 1136 Iortasse
527 1083 580 1136 in
615 1085 992 1152 compendium
1035 1086 1246 1155 redigit,
1284 1102 1402 1156 qna:
1437 1087 1489 1141 in
1525 1088 1630 1142 illis
1656 1089 1836 1156 expla-

277 1175 565 1228 nationibus
595 1175 764 1229 fusius
788 1177 1116 1231 disseruerat
1145 1196 1159 1232 :
1192 1177 1318 1232 alibi
1351 1194 1477 1232 vero
1505 1181 1700 1248 saepius
1729 1180 1832 1232 alia

277 1266 476 1320 Veteris
506 1266 838 1320 Tcstamenti
867 1267 982 1320 loca
1013 1268 1295 1337 allegorice
1318 1271 1555 1337 exponit.
1589 1271 1830 1334 Demum,

270 1368 317 1409 ιιι
365 1358 420 1410 in
462 1357 723 1428 Didymo,
760 1359 836 1412 ita
873 1368 926 1412 et
961 1359 1013 1413 in
1059 1370 1278 1414 auctore
1311 1371 1496 1416 nostro
1543 1377 1830 1431 perpauca,

269 1450 311 1502 ni
344 1451 525 1513 fallor,
557 1461 850 1506 occurrunt
882 1450 1014 1507 Novi
1046 1451 1374 1508 Testamenti
1401 1453 1516 1508 loca
1547 1454 1834 1525 allegorice

264 1542 568 1611 explanata.
709 1525 722 1537 ’

334 1633 563 1696 Verum,
596 1634 738 1701 quod
781 1634 956 1704 magis
983 1636 1276 1690 notandum
1323 1645 1427 1701 est,
1459 1637 1636 1692 multa:
1665 1637 1716 1690 in
1751 1639 1833 1693 his

263 1723 336 1778 De
373 1725 639 1778 Triaitate
669 1727 822 1782 libris
845 1738 1140 1782 occurrunt
1166 1739 1406 1782 textnum
1430 1729 1720 1798 Scriptura:
1746 1730 1830 1782 in-

262 1817 702 1883 terpretationes,
739 1835 876 1889 quas
905 1819 949 1872 si
983 1836 1102 1873 cum
1134 1820 1200 1874 iis
1232 1837 1606 1893 comparemus
1632 1841 1750 1894 quas
1779 1827 1830 1880 in

259 1903 492 1973 Didymo
519 1906 790 1976 leguntur,
824 1909 1039 1962 easdem
1071 1925 1189 1964 esse
1227 1913 1551 1978 invenimus,
1580 1925 1637 1968 ut
1665 1917 1831 1984 plnri-

259 1995 364 2049 mis
395 1998 449 2048 in
482 1999 622 2050 notis
645 2000 849 2051 monui.
892 1998 1026 2052 Nam
1077 1999 1116 2064 1,
1175 2001 1338 2056 Joelis
1387 2005 1568 2070 verba,
1602 2008 1830 2078 exempli

256 2088 453 2154 gratia,
483 2086 769 2156 Effundam
801 2091 866 2142 de
895 2090 1095 2159 Spiritu
1131 2111 1242 2148 meo
1274 2111 1428 2164 super
1467 2113 1668 2152 omnem
1708 2117 1830 2154 car-

257 2180 438 2243 nem",
467 2182 654 2233 eodem
683 2183 839 2235 modo
877 2183 1108 2252 explicat
1133 2185 1392 2254 Didymus
1418 2187 1511 2241 lib.
1549 2189 1624 2242 De
1647 2190 1740 2258 Sp.
1768 2190 1826 2246 S.

256 2287 410 2324 nuru.
446 2272 534 2333 11,
567 2288 632 2326 ac
675 2273 954 2343 theologus
992 2286 1172 2330 noster
1216 2292 1338 2348 pag.
1383 2280 1501 2333 117.
1535 2280 1595 2336 ll.
1640 2283 1831 2339 Psaltis

257 2367 446 2426 verba,
481 2362 760 2431 Signatum
785 2379 862 2418 est
892 2383 1045 2436 super
1069 2387 1160 2421 nos
1189 2370 1362 2425 lumen
1394 2376 1564 2429 uultus
1594 2378 1691 2440 tui,
1722 2378 1832 2429 Do-

255 2457 397 2508 mine
419 2456 462 2519 ⁸,
496 2467 686 2510 auctor
710 2469 895 2511 noster
916 2463 982 2512 de
1014 2460 1215 2530 Spiritu
1248 2475 1433 2518 sancto
1458 2469 1677 2536 exponit
1703 2484 1822 2540 pag.

253 2548 382 2611 :78,
410 2549 716 2618 eademque
749 2554 960 2606 ratione
994 2552 1081 2606 illa
1120 2557 1332 2622 accepit
1365 2557 1619 2627 Didymus
1657 2560 1826 2627 pluri-

258 2638 362 2691 bus
395 2641 447 2691 in
487 2639 639 2704 locis,
668 2652 726 2696 nt
757 2643 866 2698 dixi
896 2645 1094 2699 ibidem
1127 2655 1238 2700 not.
1269 2649 1320 2700 6.
1354 2646 1439 2701 111.
1469 2647 1563 2703 Ubi
1593 2651 1826 2719 Scripto-

256 2746 345 2786 res
379 2733 594 2787 Veteris
617 2736 948 2792 Testamenti
981 2740 1250 2794 brachium
1283 2743 1410 2806 Dei,
1442 2755 1532 2798 ant
1561 2745 1826 2801 dexteram

256 2821 355 2875 Dei
399 2825 706 2893 nominant,
747 2829 1006 2900 Didymus
1050 2829 1242 2885 Filimn
1297 2833 1386 2887 Dei
1421 2836 1823 2904 interpretatur,

254 2927 313 2967 ut
337 2915 451 2970 dixi
489 2930 602 2972 not.
635 2919 668 2972 6
713 2935 834 2990 pag.
871 2924 958 2984 I3;
983 2923 1118 2976 idem
1143 2939 1272 2979 vero
1295 2926 1427 2980 facit
1456 2929 1616 2982 theol.
1647 2943 1826 2985 noster

254 3007 308 3060 in
343 3009 534 3062 eadem
573 3011 784 3078 pagina.
819 3011 909 3066 IV.
957 3014 1154 3068 Christi
1187 3018 1348 3068 verba
1371 3056 1384 3078 ,
1429 3017 1546 3072 Non
1576 3021 1688 3073 veni
1731 3038 1827 3088 pa-

1937 554 2004 592 an
2046 537 2225 591 multis
2253 536 2495 590 arridere
2520 545 2702 606 queat.
2727 537 2865 603 Quin
2907 538 3071 591 etiam
3101 537 3321 592 levicula
3350 554 3505 592 com-

1938 629 2178 700 pluribus
2224 628 2547 683 videbuntur
2587 644 2707 698 quae
2761 640 3055 684 occurrunt
3107 645 3227 700 pag.
3275 629 3404 691 545,
3438 630 3507 686 de

1934 723 2112 776 verbis
2169 719 2391 775 Joannis
2450 719 2702 789 'l‘heologi
2763 739 2775 774 :
2831 719 2898 772 Et
2941 720 3161 774 Verbum
3195 735 3307 775 erat
3362 734 3502 790 apud

1937 813 2102 866 Deum
2128 816 2190 868 υ.
2239 811 2506 867 Nonnulla
2556 827 2684 867 vero
2728 813 2827 866 alia
2871 814 3108 881 eiusdem
3148 814 3360 883 generis
3400 829 3504 868 non

1937 905 2260 966 indicamus,
2288 904 2429 973 quod
2474 903 2587 956 ﬁeri
2632 903 2787 957 facile
2824 906 3008 972 possit,
3043 912 3098 956 ut
3129 920 3247 972 quae
3287 918 3315 956 a
3353 903 3508 959 nobis

1936 996 2094 1060 levia,
2126 997 2312 1049 eadem
2363 997 2430 1050 ab
2459 995 2730 1065 aliquibus
2762 997 2944 1061 gravia
2999 996 3316 1049 habeantur.
3369 995 3502 1050 Illud

1937 1104 2062 1142 vero
2081 1087 2290 1142 diffiteri
2325 1103 2482 1142 nemo
2510 1098 2704 1156 potest,
2727 1091 2862 1141 duos
2877 1088 3063 1142 saltem
3083 1103 3148 1141 ex
3183 1087 3505 1156 apocryphis

1947 1181 2156 1234 Veteris
2196 1179 2522 1234 Testamenti
2569 1181 2722 1234 libris
2765 1182 2830 1232 ab
2861 1181 2977 1249 ipso
3008 1180 3188 1241 citari,
3223 1179 3412 1232 librum
3438 1177 3506 1232 Ill

1934 1271 2135 1336 Esdrte,
2166 1288 2215 1341 p.
2239 1271 2362 1332 291,
2389 1281 2442 1327 et
2460 1273 2757 1327 orationem
2775 1271 3054 1331 Manassis.
3085 1287 3136 1339 p.
3167 1271 3269 1326 399
3297 1280 3351 1325 et
3378 1271 3502 1324 454.

2004 1367 2074 1421 At
2100 1366 2295 1421 similia
2333 1366 2487 1433 plane
2512 1366 2564 1418 in
2607 1364 2830 1436 Didymo
2858 1364 3020 1415 etiam
3048 1364 3243 1430 reperi.
3276 1363 3330 1415 In
3369 1362 3505 1416 libro

1934 1461 2147 1528 quidem
2183 1457 2258 1512 De
2285 1457 2486 1523 Spiritu
2513 1467 2691 1511 sancto
2720 1456 3054 1525 gravissimis
3084 1453 3496 1508 Macedonianos

1941 1551 2218 1621 redarguit
2282 1551 2601 1613 rationibus,
2662 1558 2823 1618 atque
2883 1548 2958 1600 ita
3028 1546 3320 1616 Scriptura:
3382 1547 3508 1599 loca“

1935 1644 2132 1711 ubique
2160 1642 2270 1696 fere
2307 1642 2524 1709 exponit
2560 1649 2616 1692 ιιι
2664 1639 2967 1707 theologum
3009 1637 3180 1691 decet.
3224 1634 3501 1707 [XXVIII]

1937 1735 2042 1789 Sed
2071 1733 2374 1803 explicatio,
2414 1746 2570 1799 quam
2603 1745 2752 1782 num.
2785 1729 2852 1783 50
2878 1728 3098 1782 adhibet
3124 1728 3303 1781 verbis
3331 1727 3498 1788 Isaia',

1865 1795 1907 1848 Β
1934 1795 2263 1894 ϐοηςτεξιαηε
2293 1795 2502 1876 άεέιςιένα
2537 1820 2768 1888 Moysem
2799 1819 2864 1882 ⁸³,
2894 1820 2946 1871 in
2978 1818 3174 1887 quibus
3208 1816 3370 1870 lllosis
3405 1831 3501 1869 no-

1933 1917 2080 1971 mine
2132 1915 2354 1984 intelligi
2406 1913 2565 1969 ctiam
2619 1925 2777 1982 posse
2830 1911 2905 1963 ait
2955 1910 3128 1978 legem
3182 1906 3539 1984 Mosaicam,_

1933 2011 2074 2066 haud
2101 2011 2213 2064 scio
2241 2023 2307 2061 an
2344 2007 2588 2076 ejusdem
2623 2020 2742 2057 cum
2777 2003 2988 2057 cmteris
3033 2001 3499 2070 interpretationi-
3543 2028 3548 2034 -

1932 2101 2033 2155 bus
2086 2099 2157 2155 sit
2185 2098 2484 2168 gravitatis.
2526 2098 2603 2150 Ac
2651 2095 2777 2149 illttd
2814 2107 3029 2164 quoque
3080 2107 3184 2146 non
3238 2092 3372 2146 satis
3406 2091 3518 2144 llr--

1931 2209 2075 2246 mum
2120 2192 2388 2245 videbitur
2418 2189 2652 2256 cuipiam
2700 2189 2842 2256 quod
2891 2186 2969 2240 ait
3003 2186 3054 2239 in
3091 2183 3496 2238 commentariis

1931 2283 1994 2336 ad
2042 2298 2158 2349 cap.
2196 2281 2561 2340 vuActorum,
2599 2287 2741 2331 lomo
2777 2276 2840 2329 IV
2870 2276 3254 2328 Anecdotorum
3291 2271 3493 2330 Wollii,

1931 2391 2120 2443 nempe
2173 2374 2333 2426 verba
2390 2369 2722 2432 Salomonis,
2774 2383 2894 2437 qua!
2949 2374 3164 2420 exstant
3207 2365 3260 2416 in
3304 2361 3498 2416 Grazca

1933 2463 2338 2518 Proverbiorum
2387 2460 2735 2514 translatione
2787 2473 2906 2526 cap.
2940 2472 2992 2522 v,
3051 2452 3133 2508 Ne
3179 2454 3374 2506 multus
3423 2454 3496 2507 sis

1929 2571 2045 2607 cum
2096 2554 2302 2616 aliena,
2360 2553 2426 2606 de
2477 2566 2643 2604 uxore
2683 2550 2878 2604 marito
2921 2548 3106 2616 juncta
3161 2545 3334 2614 accipi
3385 2559 3491 2600 non

1930 2659 2107 2714 posse,
2135 2645 2226 2698 sed
2259 2645 2324 2698 dc
2354 2644 2694 2697 ethnicorum
2725 2641 2983 2711 sapientia
3015 2641 3325 2708 accipienda
3353 2647 3494 2692 esse.

1927 2736 2179 2791 Levicnla
2221 2747 2370 2790 certe
2409 2746 2492 2788 est
2538 2733 2826 2802 explicatio
2860 2733 2946 2786 illa
3003 2732 3314 2793 verborum,
3365 2729 3497 2794 Quis

1925 2829 2149 2883 ostendit
2174 2828 2316 2880 nobis
2343 2826 2475 2878 bona
2503 2824 2578 2877 “‘2
2598 2839 2756 2892 quam
2799 2823 2898 2876 etsi
2932 2835 2996 2876 ex
3029 2820 3251 2874 aliorum
3284 2830 3500 2871 senten-

1925 2923 1996 2974 tia
2050 2919 2274 2983 θῆαι-ιιι,
2307 2933 2410 2972 non
2455 2917 2656 2984 respuit
2700 2927 2880 2969 tamen
2917 2913 2969 2967 in
3017 2913 3320 2980 fragmento
3356 2912 3497 2978 quod

1924 3012 2064 3067 edidi
2098 3027 2220 3081 pag.
2265 3009 2390 3073 278,
2439 3019 2554 3063 ιιοι.
2587 3009 2619 3061 6
2690 3005 3067 3061 Leviuscnlum
3099 3004 3281 3057 itidem
3325 3002 3494 3055 videri

252 3116 363 3152 cem
425 3103 655 3165 mittere,
688 3106 776 3155 sed
833 3106 1066 3174 gladium
1095 3107 1150 3170 θ,
1203 3111 1282 3163 sic
1338 3111 1586 3182 intelligit
1640 3125 1824 3166 auctor
1851 3145 1895 3206 ο
1929 3111 2105 3171 potest
2137 3103 2278 3171 quod
2315 3101 2450 3169 apml
2485 3099 2722 3152 Nicetam
2758 3095 3169 3150 Heracleensem
3203 3094 3254 3145 in
3298 3101 3490 3146 catena

359 3201 400 3206 ,κ
646 3194 660 3206 ι
688 3193 742 3206 σ-
1156 3198 1166 3206 .
1225 3200 1276 3206 ..-
1337 3200 1346 3206 .
1427 3201 1475 3206 ,4-
1717 3203 1726 3206 -
2076 3197 2086 3206 .
2165 3195 2179 3206 ι
2225 3195 2234 3206 ι
2384 3195 2396 3206 ι
2473 3195 2484 3205 ι
2573 3195 2586 3206 ι
2773 3200 2784 3206 -
2917 3202 3030 3206 ἢᾼᾼ-
3091 3187 3126 3206 εὶ
3188 3187 3316 3206 ιαμ-..
3355 3183 3490 3206 -..μη

252 3201 441 3244 noster
483 3207 606 3260 pag.
639 3193 762 3258 M7,
795 3205 853 3247 nt
894 3211 1086 3250 nomen
1114 3198 1276 3267 gladii
1305 3200 1570 3268 signiﬁcet
1613 3203 1820 3269 sapien-

251 3281 402 3344 tiam,
439 3295 545 3347 qua
580 3280 810 3347 Spiritus
854 3294 1065 3337 sanctus
1109 3286 1367 3339 obdurata
1409 3291 1568 3341 corda
1614 3291 1819 3344 incidit.

253 3369 428 3422 Simili
460 3373 621 3424 modo
645 3371 900 3444 Didymus
927 3377 978 3428 in
1004 3375 1445 3431 Enurratiouibus
1475 3382 1539 3432 ad
1583 3390 1740 3449 caput
1771 3397 1824 3435 tv

253 3459 506 3529 Epistolas
531 3459 716 3515 Jacobi
753 3481 766 3516 :
805 3463 1025 3519 Veniens
1085 3467 1239 3520 Jesus
1273 3470 1542 3539 (inquit).
1574 3508 1590 3525 .
1619 3510 1634 3524 .
1667 3511 1680 3524 .
1709 3472 1825 3541 gla-

251 3554 399 3604 dium
441 3553 584 3606 misit
617 3555 672 3606 in
714 3565 928 3610 terram.
973 3556 1152 3612 Sermo
1201 3575 1444 3628 namque,
1494 3573 1539 3615 et
1582 3565 1824 3618 doctrina

252 3641 393 3695 illius
420 3643 636 3704 diuidit,
668 3655 715 3697 et
743 3647 980 3716 abjungit
1014 3666 1044 3700 α
1079 3651 1319 3714 terrenis,
1353 3665 1506 3721 atque
1534 3655 1824 3706 materiali-

256 3731 350 3786 ειη
378 3735 556 3789 rebus.
595 3734 659 3789 γ.
695 3735 864 3791 Verba
911 3740 1080 3805 I'anli,
1127 3741 1292 3809 Elegit
1336 3759 1429 3796 nos
1467 3745 1518 3796 in
1550 3745 1659 3812 ipsa
1704 3757 1823 3798 ante

255 3826 686 3880 comtitutionem
723 3832 903 3882 mundi
929 3831 995 3894 ¹⁰,
1023 3831 1087 3884 de
1113 3832 1204 3885 Dei
1239 3835 1574 3902 pra-scientia
1607 3836 1824 3904 exponit

262 3915 543 3985 theologus
583 3929 767 3971 noster
824 3935 941 3989 pag.
977 3922 1074 3974 5M
1102 3939 1116 3986 ;
1148 3927 1440 3993 eademque
1486 3925 1692 3979 ratione
1733 3925 1822 3978 illa

265 4007 511 4077 intelligit
545 4008 807 4078 Didymus
841 4012 890 4064 in
928 4012 1384 4077 Euarrationibus,
1418 4025 1477 4068 ut
1507 4015 1700 4070 ibidem
1735 4017 1820 4070 in-

269 4097 462 4152 dicavi.
501 4099 753 4163 Dentum,
789 4117 853 4153 ne
886 4103 1094 4172 singula
1137 4106 1355 4158 all'eram
1379 4147 1393 4171 ,
1435 4106 1654 4176 legenda
1697 4117 1823 4162 sunt

261 4200 368 4253 qua:
381 4189 580 4258 scripsi
599 4205 718 4260 pag.
735 4191 822 4254 50,
841 4201 950 4244 ιιοι.
971 4195 1026 4255 2,
1047 4209 1167 4262 pag.
1189 4194 1280 4259 23,
1313 4206 1422 4250 ιιοι.
1446 4197 1499 4258 5,
1536 4212 1653 4267 pag.
1697 4197 1818 4263 127,

264 4282 378 4343 n.5,
393 4297 516 4351 pag.
549 4282 671 4345 I77,
705 4293 815 4337 not.
841 4284 1032 4355 2,pag.
1051 4286 1172 4351 185,
1199 4297 1310 4340 ιιοι.
1337 4286 1390 4352 6,
1417 4303 1468 4356 p.
1493 4289 1816 4355 252,ιιοι.5,

264 4387 371 4442 pag.
400 4373 534 4436 277,
571 4385 686 4427 not.
727 4374 781 4438 6,
818 4392 938 4444 pag.
974 4376 1097 4440 252,
1134 4390 1246 4432 ιιοι.
1277 4379 1328 4442 7,
1362 4391 1416 4431 et
1442 4381 1563 4432 alibi
1595 4383 1814 4448 passim.

1931 3212 2031 3250 ms.
2069 3197 2121 3248 in
2147 3195 2338 3249 Jabum
2384 3195 2484 3263 legi
2521 3195 2586 3247 ad
2631 3200 2790 3260 caput
2833 3207 2870 3248 ι.
2916 3202 3057 3242 vers.
3091 3187 3147 3240 2.
3187 3187 3320 3241 Cum
3351 3183 3494 3238 enim

1925 3287 2061 3341 Joho
2099 3297 2290 3355 septem
2330 3286 2489 3354 ﬁlios,
2539 3300 2601 3337 ac
2651 3293 2753 3335 tres
2795 3281 2946 3348 filias“
2977 3279 3144 3333 fuisse
3191 3286 3374 3331 narret
3425 3276 3494 3328 ibi

1926 3393 2081 3433 sacer
2103 3379 2356 3447 scriptor,
2385 3377 2639 3446 Didymus
2663 3373 2804 3428 binis
2823 3375 2969 3426 hisce
2995 3371 3237 3425 numeris
3269 3369 3496 3440 mystice

1926 3467 2161 3536 acceptis
2192 3478 2384 3534 septem
2415 3465 2650 3533 Spiritus
2678 3464 2850 3517 sancti
2887 3464 3026 3516 dona
3050 3500 3065 3526 ,
3103 3474 3164 3514 ac
3194 3460 3493 3512 divinarum

1926 3572 2274 3624 personarum
2315 3559 2601 3609 trinitatem
2643 3553 2911 3622 designari
2964 3553 3059 3615 ait,
3104 3551 3192 3604 ἴνα
3231 3550 3496 3621 μάθωμεν

1924 3651 2022 3721 τὴν
2056 3651 2115 3702 ὲν
2163 3649 2354 3720 Τριάδι
2383 3649 2565 3700 πίστιν
2595 3647 2694 3714 τῆς
2724 3644 2954 3714 ἑϐδόμης
2985 3645 3204 3714 χάριτος
3234 3639 3373 3696 εἶναι
3401 3643 3496 3712 δη-

1928 3737 2208 3809 μιουργόν,
2236 3739 2286 3790 id
2325 3747 2426 3800 est,
2470 3748 2522 3789 ut
2554 3737 2836 3796 discamus,
2865 3735 3024 3801 ﬁdem
3071 3751 3175 3802 qua
3212 3734 3267 3786 in
3311 3732 3491 3785 Triui-

1924 3838 2078 3880 tatem
2101 3828 2378 3890 credimus,
2410 3824 2752 3891 septemplicis
2776 3826 2967 3892 gratia:
3015 3825 3317 3876 creatricem
3360 3839 3488 3876 esse.

1924 3918 2301 3972 Leviuscnlum
2335 3919 2588 3985 denique,
2623 3927 2683 3970 ut
2712 3917 2816 3969 alia
2851 3916 3102 3969 nonnulla
3145 3926 3486 3983 praeteream,

1923 4009 1976 4063 id
2007 4009 2190 4074 etiam,
2221 4008 2272 4061 ni
2310 4007 2484 4072 fallor,
2511 4021 2614 4072 est,
2639 4007 2782 4076 quod
2815 4021 2881 4061 ex
2915 4003 3347 4060 Enarrationibus
3371 4019 3492 4057 mox

1923 4101 2231 4156 all'eremus.

1991 4196 2142 4262 Quod
2196 4209 2322 4248 vero
2384 4194 2693 4264 apocrypha
2743 4191 2951 4247 Veteris
2989 4199 3080 4245 aut
3127 4189 3256 4244 Novi
3305 4189 3492 4241 Testa-

1922 4289 2083 4343 menti
2108 4288 2406 4355 opnsculaa
2439 4289 2658 4358 Didymo
2686 4288 2850 4341 etiam
2889 4288 3048 4339 citata
3079 4281 3345 4336 interdum
3375 4282 3492 4334 fne-

1922 4381 2049 4441 rint,
2082 4379 2254 4432 tribus
2294 4382 2521 4433 Ostendo
2575 4379 2858 4446 exemplis.
2917 4375 3047 4428 Nam
3080 4372 3122 4436 l,
3165 4373 3302 4441 apud
3333 4371 3489 4424 Nice-

262 4465 380 4520 Cxe.
422 4464 572 4519 XIX.
613 4464 1006 4540 Frigidiuscula
1035 4474 1296 4537 quietiam,
1337 4484 1426 4524 aut
1457 4485 1592 4525 certe
1623 4474 1816 4527 leviora
1850 4487 1893 4540 ι)
1925 4477 2029 4519 lam
2069 4467 2122 4520 ill
2155 4464 2356 4520 Catena
2394 4465 2696 4522 ercorum
2743 4465 2963 4518 Patrum
2992 4466 3044 4517 ίη
3073 4462 3139 4517 Β.
3176 4460 3299 4525 Ῑοθ,
3343 4459 3491 4514 L00"

732 4537 881 4590 liabet
910 4550 1116 4606 uterque
1141 4552 1340 4596 auctor.

323 4624 434 4681 Etsi
481 4637 677 4682 auctor
708 4640 891 4682 noster
939 4631 1130 4685 validis
1180 4634 1513 4701 plerumque,
1558 4636 1665 4688 imo
1711 4635 1822 4690 fere

266 4731 468 4788 setiiper
503 4721 844 4790 argumentis
900 4722 1178 4776 haereticos
1233 4723 1473 4778 refellere
1521 4725 1722 4792 soleat,
1759 4743 1824 4782 ac

269 4824 323 4860 ea
356 4810 614 4874 scribere,
645 4825 764 4879 qua:
795 4825 1010 4880 gravem
1047 4813 1343 4881 theologum
1373 4814 1588 4878 decent,
1621 4816 1822 4869 nihilo.

272 4901 436 4955 minus
463 4917 634 4970 pauca
660 4903 901 4969 quaedam
930 4902 981 4955 in
1010 4919 1076 4956 eo
1103 4903 1354 4972 leguntur
1383 4921 1522 4973 quin,
1559 4922 1676 4960 meo
1705 4907 1824 4975 qui-

273 4994 612 5060 demjudicio,
645 4995 1005 5064 frigidiuscula
1031 5006 1180 5060 sunt,
1207 5007 1300 5049 ant
1321 5008 1470 5050 certe
1506 4997 1820 5053 Ieviuscula.

277 5081 569 5150 Hujusuwdi
605 5101 729 5142 esse
773 5089 964 5156 opinor
1004 5091 1143 5158 quod
1195 5105 1318 5158 pag.
1367 5088 1474 5145 264
1524 5091 1716 5146 scribit
1759 5093 1826 5146 de

279 5176 472 5233 omnino
501 5178 830 5249 asapia-“sapa,
876 5195 1204 5248 numeroque
1248 5195 1421 5247 DCCCI,
1453 5197 1609 5250 quem
1658 5199 1724 5235 ex
1759 5197 1825 5236 eo

282 5269 489 5331 nomine,
522 5272 646 5324 item
685 5283 742 5322 ut
775 5287 839 5324 ex
871 5270 1042 5324 literis
1079 5287 1134 5334 α,
1169 5281 1224 5325 et
1250 5291 1296 5324 ω
1322 5288 1540 5342 magno,
1578 5272 1696 5328 elici
1727 5274 1824 5327 ob-

283 5368 455 5412 servat.
486 5361 696 5431 Frigida
721 5362 886 5415 etiam
918 5361 1164 5416 videntur
1191 5378 1310 5432 qua:
1334 5379 1455 5432 pag.
1499 5363 1568 5416 18
1603 5375 1824 5418 exstant

287 5446 345 5499 de
380 5449 563 5508 Latinis
603 5455 902 5517 vocabulis,
952 5452 1084 5506 l’lus
1130 5471 1287 5524 quant
1328 5456 1608 5525 perfectus.
1646 5455 1818 5511 Inter-

291 5545 484 5600 pretatio
524 5557 700 5600 autem
741 5545 1033 5599 verborum
1075 5543 1295 5599 Joannis
1337 5545 1609 5615 Baptism,
1648 5546 1725 5601 Tu
1767 5565 1818 5603 es

345 5654 476 5713 'Juél
515 5677 569 5726 ιι,
612 5661 701 5714 28.
780 5660 803 5691 ⁸
836 5657 977 5714 Psal.
1025 5676 1094 5727 tv,
1137 5663 1190 5714 7.
1289 5661 1309 5692 θ
1335 5661 1522 5716 Matth.
1561 5679 1614 5728 κ,
1648 5663 1736 5718 54.

285 5733 414 5798 unt,
443 5733 517 5787 I2.
594 5734 637 5765 "
664 5732 812 5788 l’sal.
848 5745 926 5799 tv,
956 5732 1002 5785 ti.

1817 5665 1859 5696 ¹⁰
1894 5663 2092 5739 Εμιωε.
2146 5691 2182 5740 ι,
2233 5673 2286 5729 4.

1918 4560 2031 4613 dini
2070 4575 2211 4614 anno
2254 4561 2386 4614 1657
2416 4563 2578 4623 edita,
2614 4560 2806 4614 librum
2875 4557 3114 4611 Pastoris
3144 4555 3336 4625 allegat
3366 4571 3486 4624 pag.

1919 4649 2024 4702 202
2058 4669 2072 4706 :
2113 4652 2203 4720 qni
2238 4662 2415 4707 tamen
2447 4655 2514 4705 ab
2547 4651 2841 4704 Athanasio
2871 4663 3082 4718 quoque
3123 4657 3253 4702 tom.
3293 4645 3333 4711 l,
3364 4652 3483 4714 pag.

1921 4741 2046 4804 895,
2080 4753 2133 4795 et
2158 4742 2285 4795 alibi
2323 4743 2584 4812 allegatus
2629 4743 2821 4795 fuerat.
2852 4738 2915 4794 Il.
2965 4740 3017 4792 In
3052 4737 3488 4791 linarrationibus

1921 4831 1985 4881 ad
2031 4845 2149 4898 cap.
2201 4848 2260 4885 ιιι
2292 4832 2539 4900 Epistola:
2573 4833 2592 4884 I
2621 4831 2843 4885 Joannis
2882 4829 3254 4899 apocryphum'
3289 4827 3482 4879 librum

1921 4922 2074 4984 citat,
2112 4926 2201 4991 qni
2236 4923 2643 4992 λεπτογένεσις,
2692 4934 2785 4976 aut
2840 4921 3236 4994 μικρογένεσις,
3282 4919 3328 4972 id
3381 4930 3485 4979 est,

1920 5028 2079 5081 parva
2111 5014 2342 5079 Genesis,
2389 5014 2798 5084 nuncupabatur
2824 5031 2837 5066 :
2869 5016 2982 5066 haec
3010 5013 3150 5066 enim
3196 5011 3265 5062 ibi
3303 5010 3457 5075 legnn

1921 5113 2009 5157 tur
2039 5121 2053 5158 :
2090 5105 2230 5158 Nam
2263 5117 2310 5159 et
2342 5107 2396 5158 in
2447 5106 2578 5158 libro
2618 5107 2706 5172 qui
2750 5102 3135 5173 Leptogcnesis
3165 5101 3482 5169 appellatur,

1921 5197 1995 5248 ita
2038 5197 2250 5266 legitur,
2275 5198 2399 5266 quia
2436 5196 2571 5251 Cain
2604 5197 2793 5262 lapide,
2846 5206 2936 5248 aut
2985 5195 3124 5261 ligno
3175 5196 3485 5259 percusserit

1922 5284 2048 5337 Abel
2075 5298 2094 5335 :
2119 5287 2255 5340 unde
2288 5287 2639 5351 deputandum
2665 5303 2766 5338 non
2792 5294 2889 5347 est,
2918 5283 3248 5350 percussione
3272 5285 3372 5334 dict
3394 5298 3480 5333 so-

1921 5371 2184 5428 lummodo
2213 5377 2331 5443 ﬁeri
2367 5379 2580 5440 vulnus,
2609 5379 2697 5429 sed
2741 5376 2974 5428 absolute
3007 5388 3210 5426 omnem
3251 5372 3484 5441 plagam,

1917 5479 2034 5531 qua:
2057 5466 2420 5520 lacerationem
2452 5468 2577 5536 facit
2608 5467 2660 5520 in
2688 5481 2922 5522 corpore.
2952 5462 3037 5517 Ill.
3069 5463 3123 5517 In
3148 5473 3485 5517 commenta-

1924 5554 2020 5608 riis
2054 5557 2120 5609 ad
2175 5569 2335 5628 caput
2363 5575 2454 5613 \‘lll
2509 5560 2787 5621 Actorum,
2825 5568 2955 5611 tom.
2999 5553 3062 5608 IV
3109 5553 3488 5608 Auecdotorum

2366 5677 2403 5706 “
2437 5674 2625 5730 Matth.
2650 5689 2724 5742 χι,
2747 5674 2798 5728 5.
2846 5671 2887 5704 ¹²
2909 5670 3064 5727 Joan.
3119 5670 3209 5737 ι,1
3315 5667 3359 5700 ¹⁸
3386 5663 3489 5722 lsa'
