3970 6406
248 335 338 393 .169
1395 331 1961 389 COMMENTARIUS.
2007 365 2075 374 -α
2115 334 2241 390 LIB.
2288 337 2329 390 l.

3399 347 3497 402 I70

244 468 364 523 quos
416 453 572 526 paulo
616 461 745 508 ante
796 451 933 515 disi,
979 452 1282 521 comparari
1318 451 1545 522 possint.
1597 451 1690 507 sed
1733 450 1814 504 vel

1930 465 2071 516 gasse
2100 452 2174 505 ait
2204 455 2329 516 τοὺς
2367 453 2829 527 ἐλλογιμωτέρους
2856 457 2966 511 τῶν
2990 459 3303 514 ἐπισκόπων
3357 461 3493 518 Num

243 553 449 615 propter
469 543 686 597 allatam
735 557 802 597 ex
844 541 1042 597 Ruﬁno
1075 543 1361 608 rationem,
1394 541 1478 596 vel
1511 542 1634 610 quia
1662 543 1807 612 quod

243 637 330 690 sibi
381 635 632 706 pr0ponit
681 633 962 706 Didymus,
1010 633 1060 688 id
1102 634 1268 688 multa
1325 633 1591 700 doctrina,
1641 634 1809 703 pluri-

243 726 436 797 busque
492 726 666 781 modis
718 734 773 780 et
822 725 1180 797 argumentis,
1255 726 1427 796 iisque
1482 725 1717 781 robustis
1756 735 1812 779 et

239 819 534 875 cllicacibus
600 818 890 872 ostendere
961 817 1340 885 consueverit,
1404 833 1468 872 ac
1520 815 1810 871 lectoribus

241 910 426 984 [XXX]
454 909 807 980 persuadere.
851 909 983 964 Nam
1017 909 1376 980 Hieronymus
1409 911 1522 978 ipse
1573 909 1623 962 in
1671 925 1808 978 pra:-

247 1004 432 1059 latioue
468 1003 591 1058 libri
626 1003 704 1058 De
733 1002 939 1071 Spiritu
976 1013 1158 1057 sancto
1196 1014 1469 1058 auctorem
1528 1003 1645 1072 ejus
1682 1018 1810 1070 ope-

249 1099 305 1150 ris
343 1096 628 1168 Didymum
660 1096 895 1165 appellat
936 1097 1234 1164 imperitum
1279 1112 1540 1160 sermone,
1571 1096 1662 1148 sed
1706 1111 1808 1148 non

243 1188 470 1240 scientia.
503 1186 644 1253 Quin
681 1187 794 1257 ipse
847 1186 1103 1257 Didymus
1142 1198 1238 1254 pro
1281 1201 1368 1253 ea,
1404 1201 1508 1255 qua
1549 1186 1809 1254 praeditus

242 1289 362 1342 erat,
384 1279 650 1332 modestia
686 1278 916 1332 candide
951 1278 999 1332 id
1032 1277 1230 1332 fatetur
1260 1277 1311 1331 in
1342 1289 1586 1331 extremo
1615 1278 1804 1332 eodem

238 1367 380 1432 libro,
420 1367 510 1421 ubi
543 1369 802 1437 impressa
828 1367 1046 1437 quidem
1067 1367 1394 1438 exemplaria
1428 1369 1542 1422 lucc
1575 1367 1801 1422 habent:

233 1458 375 1514 Sicut
407 1462 548 1513 enim
579 1460 784 1526 pietatis
809 1477 1014 1514 sensum
1051 1461 1197 1514 nobis
1242 1460 1494 1513 audacter
1515 1459 1679 1529 juxta
1711 1476 1806 1513 no-

231 1562 388 1603 stram
443 1549 819 1602 conscientiam
870 1549 1230 1612 vindicamus;
1261 1547 1337 1600 ita
1368 1555 1622 1614 quantum
1649 1548 1711 1600 de
1747 1563 1805 1600 eo

230 1639 367 1708 loqui
401 1641 646 1706 pertinet,
679 1650 996 1694 venustatem
1025 1640 1338 1693 rhetoricam
1373 1636 1803 1708 facundiamque,

228 1738 375 1800 iuxta
431 1733 850 1797 consequentiam
911 1744 1208 1801 textumque
1265 1731 1558 1789 sermonis.
1623 1730 1806 1798 procul

1913 557 2238 598 convocatos
2282 545 2350 598 ab
2395 546 2690 602 Athanasio
2729 550 3038 618 putabimus
3069 566 3163 606 eos
3215 555 3497 624 episcopos

1913 633 2004 701 qui
2052 633 2434 702 eloquentiores
2486 635 2681 700 forent,
2747 654 2815 692 an
2873 640 2965 708 qui
3027 642 3371 712 insigniores,
3405 657 3497 699 aut

1914 725 2156 780 doctrina
2213 728 2667 784 excellentiores?
2709 733 2968 802 Origenes
3019 751 3234 805 quoque
3272 747 3400 791 tom.
3455 738 3494 802 Ι,

1911 833 2030 888 pag.
2057 817 2146 880 50,
2187 819 2402 887 inquit:
2453 819 2786 892 Ἐλλογίμων
2832 825 3119 895 αἱρέσεων,
3154 829 3256 882 hoc
3291 839 3372 883 est
3414 829 3497 881 in.

1915 911 2202 980 signiorum
2233 922 2530 966 sectarum:
2559 925 2611 967 et
2641 918 2777 984 apud
2808 917 2978 984 ipsum
3006 917 3193 974 Celsus
3224 938 3343 990 pag.
3367 921 3492 986 558,

1909 1001 2210 1075 ἐλλογίμοις
2233 1007 2480 1079 ἀνδράσι,
2527 1009 2578 1062 id
2620 1017 2703 1063 est
2744 1010 2914 1062 doctis
2945 1011 3295 1081 viris.ltaque
3343 1013 3492 1066 ἐλλόι

1909 1110 2069 1166 γιμος
2103 1098 2281 1152 Suidaa
2318 1100 2532 1168 quidem
2565 1110 2648 1154 est
2689 1100 2892 1171 τίμιος,
2926 1100 3221 1174 σεϐάσμιος
3246 1119 3258 1132 ·
3289 1105 3492 1160 auctori

1910 1195 2086 1239 autem
2118 1187 2321 1253 Lexici,
2365 1191 2506 1260 quod
2538 1206 2639 1244 ms.
2695 1202 2872 1246 exstat
2898 1193 2950 1246 in
2979 1193 3080 1247 MO
3123 1193 3366 1250 Naniano
3402 1211 3497 1252 c0—

1909 1277 2046 1343 dice,
2073 1279 2356 1351 ὲλλόγιμος
2384 1286 2674 1351 exponitur
2707 1283 2906 1353 λόγιος,
2933 1284 3230 1355 ἀξιόλογος.

1980 1370 2106 1426 Haec
2161 1375 2321 1427 habui
2361 1389 2481 1442 quce
2514 1377 2753 1430 dicerem
2791 1377 2860 1433 de
2908 1379 3118 1450 Didymi
3165 1379 3491 1449 eloquentia.

1906 1462 1977 1515 At
2008 1465 2050 1518 si
2086 1465 2208 1533 quis
2257 1481 2378 1521 eum
2419 1468 2677 1527 disertum
2720 1484 2840 1524 esse
2876 1473 3192 1538 contendat,
3245 1475 3492 1544 equidem

1909 1559 2272 1613 contentionis
2300 1560 2535 1615 vitanda:
2581 1577 2743 1616 causa
2793 1577 2898 1616 non
2947 1566 3276 1634 repugnabo,
3338 1568 3496 1621 modo

1910 1652 2088 1700 tamen
2140 1649 2269 1700 mihi
2323 1655 2374 1702 et
2426 1650 2537 1718 ipse
2590 1652 2874 1717 concedat,
2936 1667 3054 1705 eam
3103 1654 3494 1724 eloquentiam,

1908 1751 2066 1805 quant
2090 1739 2139 1791 in
2172 1737 2310 1793 libro
2328 1739 2403 1793 De
2436 1741 2640 1808 Spiritu
2665 1753 2865 1807 sancto,
2887 1744 2936 1796 in
2961 1741 3423 1810 Enarrationibus,
3444 1751 3494 1802 in

228 1826 404 1879 abesse
456 1825 764 1892 simpliciter
813 1825 1137 1892 conﬁtemur.
1168 1822 1344 1877 Stadii
1399 1823 1584 1892 quippe
1639 1822 1805 1876 nostri
1837 1798 1879 1852 Β
1913 1827 2049 1884 libro
2101 1830 2351 1885 adversus
2408 1831 2730 1887 Maniclueos
2786 1835 3101 1901 admiratur,
3154 1837 3205 1890 in
3253 1798 3495 1910 theologi

227 1919 346 1987 fuit,
399 1918 468 1970 de
497 1915 784 1984 Scripturis
827 1917 1024 1968 sanctis
1072 1915 1434 1985 di/ferentibus
1467 1916 1552 1984 pie
1614 1912 1810 1968 intelli-

225 2027 342 2080 gere
381 2025 503 2080 qua:
544 2010 739 2077 scripta
769 2018 911 2074 sunt,
948 2019 994 2062 et
1042 2007 1358 2074 imperitiam
1410 2022 1811 2074 ntensuramque

227 2103 389 2156 nostri
432 2118 538 2154 non
591 2102 834 2170 ignorare
882 2099 1156 2154 sermonis.
1196 2098 1303 2154 Sed
1349 2099 1630 2168 legendum
1684 2108 1812 2167 puto

225 2213 287 2252 ex
330 2204 521 2250 nostro
553 2195 738 2250 codice
773 2209 875 2249 ms.
917 2209 1059 2264 Saepe
1091 2196 1141 2248 in
1189 2195 1329 2249 notis
1365 2209 1397 2248 a
1430 2208 1513 2247 me
1546 2194 1761 2247 laudato
1795 2209 1810 2247 :

225 2287 373 2339 Sicut
421 2286 560 2340 enim
606 2286 814 2353 pietatis
852 2300 1061 2338 sensum
1119 2286 1266 2338 nobis

226 2389 463 2431 nostram
517 2376 890 2430 conscientiam
931 2376 1298 2438 vindicamus;
1335 2376 1406 2428 ita
1441 2386 1698 2445 quantum
1743 2377 1812 2430 ad

224 2470 424 2534 eloquii
483 2469 705 2538 pertinet
745 2477 1096 2532 venustatem,
1153 2478 1198 2520 et
1257 2467 1570 2521 rhetoricam
1620 2467 1812 2536 facun-

226 2565 392 2630 diam,
448 2572 504 2616 et
544 2562 966 2631 consequentiam
1017 2571 1314 2632 textumque
1381 2562 1669 2628 sermonis,
1721 2579 1813 2616 nos

227 2655 413 2721 procul
460 2656 638 2710 abesse
675 2653 989 2724 simpliciter
1022 2652 1350 2721 conﬁtemur,
1386 2662 1440 2706 et
1473 2653 1703 2723 reliqua,
1756 2662 1814 2708 ut

227 2749 500 2819 superius.

303 2841 460 2906 Quod
484 2841 527 2893 si
561 2838 696 2893 male
727 2852 825 2892 nos
865 2836 1059 2892 mereri
1099 2837 1164 2891 de
1203 2835 1429 2906 Didymo
1459 2836 1580 2906 quis
1625 2836 1813 2892 existi-

232 2944 363 2996 met,
389 2935 518 2986 dum
557 2931 873 3000 imperitiam
919 2928 1171 2982 sermonis
1216 2927 1273 2982 in
1306 2928 1420 2996 ἱρὲο
1451 2929 1814 2999 agnoscimus,

231 3027 379 3082 norit.
413 3039 522 3078 non
559 3023 822 3076 modicam
854 3021 902 3074 ei
943 3021 1152 3075 laudem
1201 3035 1229 3073 a
1267 3020 1420 3075 nobis
1451 3021 1633 3083 tribui,
1693 3035 1816 3076 eum

229 3122 373 3175 inter
419 3133 518 3172 eos
583 3115 730 3168 illum
795 3128 1178 3178 numeramus,
1231 3128 1367 3183 quos
1430 3114 1559 3168 dicit
1611 3112 1818 3168 Psaltes

227 3212 465 3266 eruditos
506 3209 662 3261 corde
687 3207 740 3259 in
780 3205 1097 3273 sapientia”
1125 3224 1136 3257 :
1167 3205 1280 3259 haec
1315 3204 1456 3258 enim
1501 3205 1614 3274 ipse
1661 3204 1822 3272 Didy-

231 3321 352 3357 mus
384 3303 438 3356 in
481 3308 672 3354 catena
701 3298 1032 3354 Corderiana
1078 3305 1207 3349 tom.
1235 3296 1296 3360 ll,
1333 3311 1455 3366 pag.
1491 3295 1614 3360 865,
1647 3296 1822 3366 expli-

229 3403 320 3448 cat
377 3394 431 3446 in
483 3393 630 3444 hunc
666 3389 883 3442 modum
920 3409 933 3444 :
974 3406 992 3439 ι
1036 3385 1203 3442 Porro
1257 3386 1412 3440 corde
1451 3387 1689 3440 eruditus
1740 3394 1823 3441 est

230 3501 286 3538 ιη
319 3482 587 3552 sapientia
617 3480 711 3549 qui
747 3477 1043 3532 secundum
1080 3485 1311 3530 mentem
1346 3490 1409 3529 ac
1449 3476 1710 3530 rationem
1743 3491 1824 3532 sa.

235 3576 387 3646 piens
425 3571 625 3637 evasit,
664 3568 879 3624 tametsi
952 3567 1224 3638 prolatitio
1277 3581 1526 3621 sermone
1569 3566 1820 3632 aberret;

239 3670 310 3723 ita
347 3677 407 3722 ut
428 3680 562 3720 vere
592 3665 752 3721 etiam
789 3661 972 3716 dicere
1000 3659 1170 3730 possit
1200 3674 1215 3712 :
1249 3655 1369 3711 Etsi
1415 3659 1684 3724 imperitus
1714 3675 1826 3712 ser-

241 3779 411 3829 mone,
457 3776 563 3814 non
617 3767 790 3812 tamen
841 3755 1083 3810 scientia.
1141 3771 1160 3805 ι
1213 3750 1366 3806 Norit
1411 3761 1667 3822 praeterea
1718 3767 1822 3806 non

245 3855 398 3906 modo
431 3850 772 3906 Victoz-inum
819 3858 1110 3918 martyrem
1140 3846 1437 3915 imperitum
1475 3858 1712 3896 sermone
1735 3857 1826 3895 vo-

243 3945 350 3999 cari
378 3947 449 3997 ab
490 3942 820 4010 Hieronymo
870 3951 1004 3993 tom.
1034 3935 1122 4003 IV,
1151 3953 1272 4007 pag.
1303 3935 1357 3999 6,
1383 3935 1514 3989 edit.
1546 3932 1824 3988 Veronen-

246 4041 335 4104 sis,
367 4038 464 4092 sed
492 4039 562 4092 de
593 4034 853 4104 propheta
879 4046 1096 4102 quoque
1124 4029 1202 4083 sic
1225 4044 1348 4082 eum
1379 4025 1524 4095 loqui
1565 4034 1696 4077 tom.
1731 4023 1825 4091 VI,

247 4149 360 4204 pag.
392 4130 544 4186 229.:
575 4130 659 4182 Ex
696 4128 791 4181 hoc
838 4140 1052 4179 numero
1083 4132 1354 4191 pastorum
1387 4118 1546 4171 Amos
1569 4117 1824 4186 propheta

249 4226 362 4293 (sit,
419 4223 702 4292 imperitus
756 4232 1011 4278 sermone,
1064 4213 1153 4267 sed
1208 4227 1312 4265 non
1371 4209 1612 4264 scientia.
1685 4207 1826 4275 Quid

249 4317 441 4388 plura?
473 4313 679 4370 Paulus
706 4310 823 4380 ipse
853 4308 906 4362 in
952 4306 995 4360 ll
1029 4305 1095 4360 ad
1121 4305 1272 4370 Con,
1309 4317 1429 4372 cap.
1467 4317 1542 4368 χι,
1579 4316 1720 4356 vers.
1769 4299 1822 4365 6,

249 4410 542 4479 imperitum
561 4419 816 4464 sermone,
835 4403 924 4454 sed
947 4415 1048 4452 non
1063 4397 1280 4452 scientia
1300 4394 1652 4462 semetipsum
1674 4392 1825 4457 dicit,

1345 2285 1597 2338 audacter
1650 2285 1813 2352 juxta
1852 2331 1855 2333 _

1913 1919 2076 1973 etiam
2127 1922 2294 1975 nostri
2328 1937 2492 1991 Opere
2523 1925 2758 1979 elucere.

1986 2008 2081 2063 llis
2104 2009 2170 2064 de
2208 2012 2490 2080 utriusque
2517 2013 2655 2084 stylo
2703 2015 3003 2084 generatim
3033 2016 3213 2084 dictis,
3245 2021 3497 2076 enuclea-

1916 2102 2021 2156 tius
2051 2119 2194 2158 nunc
2237 2107 2304 2159 de
2344 2106 2531 2160 eadem
2583 2123 2642 2162 re
2683 2109 2949 2177 agendum
2997 2120 3100 2175 est,
3135 2127 3198 2165 ac
3240 2115 3496 2170 nonnulla

1915 2195 2227 2266 singil!atim
2279 2198 2669 2253 consideranda
2703 2240 2717 2266 ,
2775 2209 2836 2255 ut
2901 2203 3069 2272 magis
3122 2219 3378 2274 appareat
3433 2224 3498 2265 ea

1915 2302 2075 2357 quam
2105 2290 2393 2356 quaerimus
2429 2291 2749 2346 similitudo.

1985 2379 2168 2434 Primo
2200 2382 2383 2450 itaque
2431 2400 2618 2452 parum
2655 2385 2956 2455 elegantem
2985 2402 3108 2442 esse
3131 2391 3368 2445 auctoris
3401 2404 3500 2444 no-

1915 2471 2012 2526 stri
2044 2474 2362 2537 orationem,
2395 2489 2553 2529 nemo
2581 2475 2909 2531 iniiciabitur
2947 2480 3038 2547 qui
3064 2481 3414 2550 elegantiam,
3441 2494 3502 2536 ut

1915 2567 1995 2621 sic
2027 2565 2235 2636 loquar,
2269 2567 2334 2621 de
2364 2567 2504 2622 facie
2532 2570 2696 2623 norit.
2727 2570 2867 2636 Quin
2915 2570 3032 2626 loca
3059 2576 3303 2642 quaedam
3337 2574 3391 2628 in
3433 2591 3500 2629 eo

1917 2658 2071 2710 valde
2112 2659 2385 2727 perplexa,
2438 2662 2679 2727 quaedam
2723 2663 2886 2715 etiam
2941 2663 3157 2718 horrida
3213 2667 3499 2729 vocabula,

1918 2751 2163 2819 quaedam
2199 2751 2381 2804 itidem
2414 2752 2634 2815 solreca,
2678 2762 2772 2807 aut
2814 2754 3159 2810 ὑποσάλοικα.
3221 2757 3500 2826 lnelegans

1919 2845 2021 2897 est,
2070 2846 2127 2892 ut
2165 2837 2378 2906 opinor,
2435 2840 2672 2918 exetnpli.
2717 2841 2917 2912 gratia,
2961 2845 3184 2897 verbum
3216 2845 3499 2916 ἁγιοτρισ-

1921 2928 2236 3000 σολογῆσαι,
2268 2929 2480 2999 aliaque
2511 2931 2650 2985 haud
2683 2948 2850 3001 pauca
2885 2949 2952 2988 ex
2987 2935 3050 2988 iis
3090 2951 3207 3004 qua:
3235 2937 3286 2989 in
3321 2953 3502 2990 uocum

1921 3016 2227 3072 Grrecarum
2258 3017 2442 3072 Indice
2483 3022 2752 3086 recensui,
2785 3029 2843 3074 ut
2877 3022 3036 3090 paulo
3056 3022 3216 3074 etiam
3249 3023 3498 3091 superius

1921 3108 2120 3162 dictum
2177 3109 2295 3164 fuit.
2359 3109 2626 3165 SUltBClllll
2677 3125 2803 3165 vero
2851 3121 2968 3176 est,
3013 3112 3062 3164 oi
3123 3111 3350 3177 ὅνειδοι,
3403 3128 3502 3182 pro

1924 3200 1992 3254 τὰ
2021 3201 2221 3273 ὀνείδη,
2247 3202 2327 3256 vel
2360 3218 2456 3272 pro
2484 3205 2530 3255 oi
2561 3202 2873 3272 ὀνειδισμοί.
2909 3203 3181 3257 Sola-“zeum
3212 3212 3294 3257 est
3331 3204 3498 3258 etiam

1926 3296 2064 3363 quod
2101 3295 2297 3365 legitur
2324 3311 2448 3365 pag.
2485 3295 2576 3360 '50,
2603 3295 2810 3367 Τριάδα
2843 3293 3373 3366 ὀνειδιζούσης,ριο.,
3408 3310 3505 3364 pro

1923 3384 2312 3449 ὀνειδίζουσαν..

1994 3476 2066 3530 At
2099 3491 2276 3530 nonne
2325 3475 2520 3529 similia
2577 3476 2629 3529 in
2677 3474 2906 3544 Didymo
2959 3474 3296 3543 reperimus?
3329 3473 3506 3530 Soloe-

1926 3582 2047 3621 cum
2072 3569 2319 3637 estquod
2347 3569 2396 3619 in
2423 3569 2558 3622 libro
2591 3570 2709 3622 adv.
2739 3568 3059 3624 Manis/neos
3098 3572 3293 3640 legitur
3317 3571 3502 3628 initio:

1970 3655 2084 3714 ὒτοι
2161 3655 2514 3728 μεταϐάλλειν
2576 3656 2825 3728 [XXXI]
2898 3657 3174 3722 δύναντες.
3233 3658 3502 3714 δοιωουιιι

1926 3751 2108 3803 itidem
2136 3747 2279 3816 quod
2313 3749 2362 3800 in
2394 3748 2578 3800 eadem
2611 3750 2802 3818 pagina
2827 3750 3004 3816 legere
3031 3751 3154 3803 licet
3183 3764 3197 3804 :
3245 3749 3380 3802 Ὑπὸ
3410 3750 3504 3803 τοῦ

1926 3841 2266 3912 Σωτῆρος....
2297 3838 2490 3908 λέγων,
2524 3855 2644 3909 pro,
2676 3839 2944 3910 λέγοντος.
2978 3841 3071 3897 liis
3107 3851 3289 3896 autem
3323 3841 3505 3896 aﬂiuia

1928 3931 2232 3986 invenimus
2261 3931 2312 3985 in
2358 3930 2567 4002 Didymi
2621 3929 2938 4002 fragmentis
2967 3943 3097 3987 tom.
3162 3931 3228 3986 IV
3268 3933 3507 3988 Anecdo-

1927 4035 2098 4077 torum
2127 4021 2308 4077 Wollii
2340 4023 2520 4088 editis,
2551 4031 2607 4077 et
2630 4024 2772 4092 apud
2803 4021 3120 4077 Catenarum
3153 4035 3430 4082 auctores.

1997 4116 2149 4183 Quod
2188 4117 2234 4170 si
2283 4129 2541 4184 reponas,
2586 4114 2928 4169 librariorum
2978 4114 3238 4183 inscitiae,
3280 4124 3375 4168 aut
3423 4116 3506 4168 in-

1928 4211 2091 4262 curia:
2157 4208 2318 4262 tribui
2364 4209 2482 4262 haec
2526 4223 2723 4278 posse,
2774 4209 2863 4278 qui
2934 4209 3276 4262 exaraverint
3329 4207 3504 4274 λέγων

1927 4312 2026 4368 pro
2053 4298 2320 4368 λέγοντος,
2347 4310 2396 4354 et
2423 4299 2679 4363 δύναντες
2702 4316 2798 4369 pro
2825 4299 3096 4366 δύνανται,
3139 4309 3192 4354 et
3214 4303 3284 4355 ita
3310 4315 3506 4370 porro;

1929 4405 1992 4443 ea
2020 4391 2165 4444 dices
2193 4407 2314 4461 quae
2345 4393 2584 4461 aequitati
2631 4403 2994 4448 consentanea
3034 4402 3199 4458 sunt;
3249 4393 3343 4446 sed
3392 4393 3506 4445 haec

254 4519 312 4560 eo
352 4501 497 4573 quod
549 4496 758 4553 scilicet
812 4489 1236 4565 persuasibilibus
1277 4489 1520 4542 humana:
1555 4486 1827 4554 sapientia:
1860 4480 2115 4548 Deadem
2156 4481 2383 4550 aequitas
2437 4483 2751 4552 postulabit,
2787 4491 2844 4535 ut
2894 4483 3189 4537 solmcismi
3233 4483 3396 4536 etiam
3452 4484 3505 4535 in

254 4598 435 4661 verbis,
460 4603 522 4648 ut
553 4593 780 4664 ipsemet
810 4589 907 4654 ait,
941 4600 1043 4639 non
1067 4592 1330 4650 uteretur,
1354 4581 1707 4648 Grmcamque
1749 4579 1827 4632 la-

255 4689 496 4743 cundiam
538 4688 930 4741 contemneret,
962 4677 1127 4732 aliam
1172 4688 1301 4729 vero
1331 4673 1618 4742 quamdam
1655 4671 1826 4725 multo

256 4778 619 4832 sublimiorem
647 4779 987 4828 sectaretur:
1011 4780 1117 4836 qua
1143 4766 1209 4820 de
1233 4778 1396 4819 causa
1429 4762 1624 4816 merito
1651 4759 1826 4830 ipsmn

259 4869 532 4940 Dionysius
584 4863 861 4934 Longinus
907 4859 1068 4913 homo
1103 4855 1353 4913 ethnicus
1379 4854 1520 4908 inter
1563 4852 1681 4906 illos
1725 4868 1828 4906 nu-

263 4971 422 5015 merat
459 4959 551 5029 qui
582 4954 799 5012 sublimi
829 4950 1042 5006 dicendi
1083 4962 1281 5019 genere
1313 4945 1705 5002 excelluerunt.

329 5052 470 5119 Quod
519 5063 652 5105 vero
706 5045 936 5117 pertinet
987 5041 1056 5096 ad
1110 5040 1413 5102 Socratem,
1461 5045 1732 5106 nuncupat
1784 5035 1830 5090 is

269 5143 464 5212 quidem
490 5139 778 5210 Didymum
811 5131 1133 5202 ἐλλόγιμον,
1182 5128 1274 5184 sed
1327 5141 1514 5180 vereor
1567 5135 1624 5178 ut
1673 5124 1830 5179 Valc-

272 5236 368 5289 sius
392 5250 495 5288 non
530 5242 677 5286 recte
726 5227 799 5282 ibi
851 5227 1235 5294 interpretatus
1283 5220 1354 5274 sit
1389 5217 1830 5279 disertissimum;

275 5338 329 5376 ea
353 5326 486 5378 enim
518 5322 684 5378 dictio
709 5335 820 5374 non
855 5317 1118 5370 disertum
1148 5311 1306 5365 modo
1335 5310 1579 5371 denotat,
1612 5308 1705 5362 sed
1741 5307 1826 5360 in-

279 5414 446 5482 signem
464 5416 653 5478 etiam,
679 5421 736 5466 et
764 5411 999 5473 doctum,
1032 5413 1089 5458 ut
1122 5417 1268 5456 reor.
1302 5401 1674 5456 Theodoretus
1697 5412 1829 5452 sane

283 5503 330 5557 in
360 5505 486 5562 Hist.
523 5507 707 5560 eccles.
747 5503 843 5557 lib.
882 5513 968 5562 Iv,
994 5511 1110 5565 cap.
1140 5495 1198 5559 2,
1233 5493 1584 5548 Athanasium
1607 5489 1830 5546 Joviano

285 5594 559 5672 inperatori
606 5594 1009 5668 expositionem
1067 5587 1190 5640 lidei
1250 5586 1538 5639 missurum
1603 5596 1830 5652 congre-

347 5802 382 5835 ⁸⁸
397 5803 525 5863 Psal.
557 5817 791 5863 usus,
833 5797 922 5850 12.

575 5899 850 5962 Ριτιιοι..
898 5888 1019 5948 (in.
1083 5880 1386 5945 XXXIX.

1923 4574 2172 4645 theoingo
2233 4585 2419 4631 nostro
2481 4587 2832 4631 occurrentes
2885 4575 3106 4630 librario
3173 4575 3503 4640 tribuantur,

1921 4666 2011 4734 qui
2041 4680 2322 4734 perperam
2356 4665 2667 4734 scripserit,
2707 4681 2794 4719 ex.
2824 4680 2906 4732 gr.
2966 4665 3014 4716 οἱ
3077 4663 3271 4716 ὄνειδοι
3305 4678 3400 4732 pro
3454 4663 3505 4714 oi

1922 4755 2234 4826 ὀνειδισμοί,
2267 4765 2320 4810 el
2347 4755 2710 4828 ὀνειδιζούσης
2741 4772 2837 4825 pro
2869 4757 3250 4821 ὀνειδίζουσαν.

1995 4845 2063 4899 ll.
2105 4847 2188 4901 Ab
2223 4846 2326 4902 illis
2357 4864 2477 4917 quae
2506 4864 2614 4917 pra:
2648 4848 2898 4902 manibus
2936 4849 3132 4912 habet,
3167 4848 3506 4918 argumentis

1933 4939 2231 5009 digreditur
2283 4941 2573 5009 aliquando
2602 4940 2860 5010 Didymus
2902 4941 2968 4994 sd
2997 4954 3112 4994 rem
3162 4956 3191 4993 a
3226 4940 3506 5009 proposito

1933 5034 2088 5104 plane
2116 5035 2369 5088 alienam.
2400 5033 2478 5088 lta
2508 5036 2560 5088 in
2590 5035 2724 5090 libro
2751 5035 2826 5088 De
2853 5035 3062 5103 Spiritu
3089 5047 3290 5100 sancto,
3317 5049 3384 5088 ne
3413 5049 3505 5103 per

1931 5125 2112 5181 omnia
2151 5128 2266 5194 ejus
2321 5141 2484 5196 opera
2546 5127 2846 5182 discurram
2876 5170 2890 5192 ,
2925 5137 3211 5197 postquam
3249 5142 3398 5205 num.
3439 5127 3506 5179 45

1934 5218 2082 5272 Isaia:
2109 5217 2282 5272 locum
2309 5219 2462 5271 valde
2493 5218 2710 5287 longum
2737 5217 2938 5283 attulit,
2967 5219 3018 5272 in
3050 5233 3157 5288 quo
3183 5233 3349 5285 pauca
3383 5228 3502 5270 tan~

1938 5313 2212 5364 tummodo
2264 5310 2330 5362 ad
2375 5312 2709 5378 prepositum
2765 5309 3091 5378 pertinentia
3140 5308 3505 5378 reperiuntur,

1939 5411 2106 5454 totum
2135 5417 2258 5456 eum
2295 5401 2494 5466 locum,
2550 5403 2749 5457 oblitus
2785 5402 2950 5456 veluti
2986 5400 3292 5472 argumenti
3321 5438 3338 5465 ,
3393 5416 3504 5452 ant--

1938 5489 2179 5562 piissimo
2228 5483 2618 5546 connneuiario
2681 5491 2912 5546 illustrat
2948 5512 2960 5546 :
2990 5507 3086 5546 nec
3107 5506 3172 5546 eo
3226 5499 3509 5546 contentus

1941 5580 2160 5636 alteram
2190 5588 2408 5650 repente
2462 5582 2651 5637 inserit
2696 5597 2844 5636 num.
2879 5581 2947 5636 45
2989 5583 3397 5652 digressionem,
3454 5581 3511 5635 in
