3970 6406
500 395 601 453 Ut

495 533 603 590 qua
634 517 956 571 Manielneos
983 515 1146 570 alium
1180 513 1348 569 Deum
1382 515 1582 570 bonum
1614 554 1628 578 ,
1665 513 1828 566 aliutn
1875 511 2078 581 justqu
2111 514 2156 569 Α

500 615 765 679 tingentes
833 607 1048 662 relellit.
1099 606 1416 674 llujusmodi
1463 620 1591 660 vero
1627 604 1990 675 digressioues
2018 601 2074 654 in

500 711 689 754 nostro
722 700 884 752 etiam
917 698 1168 768 theologo
1198 697 1434 752 inveniet
1462 697 1654 751 lector.
1699 696 1830 758 Nam
1871 711 1924 765 p.
1951 694 2083 759 295,

504 792 657 846 verbi
691 794 887 861 gratia,
921 791 1090 845 Marci
1119 801 1324 845 textum
1363 789 1504 844 haud
1541 791 1760 844 brevem
1795 790 1866 843 ita
1915 788 2086 842 inter-

501 895 765 953 pretatur,
797 895 853 938 ut
893 899 952 936 ea
985 885 1148 937 etiam
1181 885 1432 952 explanet
1480 896 1598 950 quae
1629 881 1694 935 ad
1744 881 2080 950 propositum

504 985 876 1044 argumentum
915 975 1048 1028 nihil
1080 975 1330 1029 attinent.
1365 973 1441 1027 Ac
1471 973 1646 1027 simile
1675 973 1802 1042 quid
1847 974 2088 1026 occurrit

503 1081 624 1135 pag.
659 1066 786 1132 260,
837 1077 890 1120 et
918 1065 1287 1134 sequentibus,
1320 1064 1409 1118 ubi
1441 1061 1724 1118 Zachariae
1766 1064 1945 1118 locum
2009 1065 2089 1120 sic

503 1156 757 1224 esplicari
796 1155 1022 1221 videbis,
1074 1165 1130 1207 ut
1164 1154 1276 1222 jam
1323 1168 1427 1207 non
1466 1153 1771 1223 theologum
1813 1154 1878 1208 de
1919 1154 2090 1222 Spiri-

506 1256 597 1301 tus
632 1247 802 1302 sancti
858 1247 1140 1300 divinitate
1192 1255 1440 1315 agentem
1475 1245 1653 1316 legere
1710 1255 1760 1300 te
1786 1254 1963 1315 putes.
1992 1247 2088 1301 sed

509 1339 858 1407 interpretem
889 1339 1200 1407 Scripturas
1229 1337 1628 1405 explanantem.
1650 1336 1802 1404 Quod
1841 1338 2088 1408 paginam

505 1446 720 1498 quoque
743 1431 866 1497 515,
898 1431 1000 1483 alia
1017 1443 1158 1498 sque
1187 1427 1470 1482 nonnullas
1500 1428 1695 1495 legenti
1730 1431 2024 1496 continget.

575 1522 660 1577 lll.
705 1524 991 1578 Dialectice
1040 1538 1103 1577 ac
1160 1522 1430 1577 subtiliter
1478 1521 1530 1576 in
1577 1522 1715 1577 libro
1759 1520 1836 1575 De
1888 1519 2089 1588 Spiritu

507 1629 688 1670 sancto
725 1615 981 1685 Didymus
1016 1615 1388 1676 ratiocinatur,
1441 1614 1542 1668 etsi
1587 1613 1657 1667 ibi
1717 1625 2030 1683 argumenta
2063 1627 2092 1666 e

507 1708 802 1776 Scripturis
861 1718 1068 1762 tantum
1116 1710 1273 1762 ducta
1318 1704 1582 1777 proferat.
1637 1704 1694 1761 Id
1724 1707 1898 1775 ipsum
1960 1705 2092 1760 facit

504 1809 557 1854 et
587 1810 787 1853 noster.

573 1893 660 1946 ιν.
703 1894 992 1949 Vocabulis
1047 1903 1277 1962 uterque
1321 1892 1493 1947 utitur
1546 1892 1781 1948 maxime
1844 1891 2080 1962 propriis

505 1987 571 2039 ad
604 1985 939 2055 explicanda.
975 2001 1068 2040 seu
1095 1984 1427 2055 designanda
1461 1985 1642 2054 potius
1688 1999 1806 2055 qua:
1834 1985 1901 2039 ad
1946 1983 2089 2039 Tri-

504 2079 690 2133 nitatis
727 2078 1040 2148 mysterium
1079 2085 1346 2145 spectant.

576 2166 638 2220 V.
683 2167 756 2221 Ea
793 2167 1084 2235 Scriptura:
1134 2165 1269 2229 loca,
1331 2179 1398 2219 ex
1451 2165 1646 2234 quibus
1708 2167 2086 2222 haereticorum

503 2258 863 2326 blasphemias
899 2257 1116 2324 refellit,
1144 2273 1306 2313 sensu
1337 2258 1536 2328 accipit
1587 2256 1703 2313 fere
1735 2273 1949 2330 semper
1983 2275 2086 2316 non

504 2351 754 2420 mystico,
814 2349 908 2404 sed
946 2349 1162 2404 litterali
1190 2391 1205 2414 ,
1247 2363 1354 2404 non
1393 2349 1653 2414 violento,
1705 2351 1800 2404 sed
1848 2351 2087 2406 naturali

503 2456 624 2496 cum
652 2439 928 2509 theologus
955 2451 1156 2505 noster,
1189 2449 1299 2493 tum
1334 2439 1611 2510 Didymus.

573 2528 662 2584 Vl.
701 2527 935 2584 Nimium
985 2529 1195 2584 subtilis
1223 2544 1326 2583 non
1359 2540 1444 2583 est
1475 2527 1760 2600 Didymus,
1809 2529 1908 2583 etsi
1943 2531 2071 2584 sub-

503 2622 670 2677 tiliter
699 2639 763 2677 ac
791 2622 1071 2678 dialectice
1127 2630 1552 2692 argumentetur.
1610 2621 1917 2675 Eademeue
1973 2621 2090 2676 laus

503 2715 751 2784 theologo
780 2723 963 2768 nostro
989 2715 1234 2768 debetur.

576 2803 689 2859 Vll.
731 2805 801 2860 Se
855 2806 1024 2871 ipsum
1057 2804 1188 2859 citat
1224 2819 1326 2859 non
1384 2819 1508 2859 raro
1557 2803 1841 2876 theologus
1888 2812 2075 2860 noster

503 2897 630 2952 item
668 2906 724 2951 ut
763 2896 1045 2968 Didymus.
1076 2895 1316 2966 Uterque
1355 2897 1518 2952 etiam
1549 2897 1841 2966 scriptores
1864 2897 2040 2951 citans
2072 2935 2088 2963 ,

503 2999 596 3044 aut
628 2989 761 3043 alios
797 2988 1004 3058 aliquos
1033 2988 1338 3052 nominans,
1387 2988 1548 3042 breve
1575 2988 1814 3057 ipsorum
1848 2986 2079 3057 elogium

501 3082 705 3153 passim
737 3081 999 3152 adjungit.
1031 3079 1270 3151 Uterque
1302 3080 1532 3135 lectores
1560 3081 1828 3134 interdum
1883 3081 1950 3135 ad
1985 3080 2086 3135 alia

502 3181 702 3242 prmter
737 3171 849 3239 illa,
880 3185 1001 3241 quae
1033 3171 1210 3236 alfert,
1259 3171 1554 3238 Scriptura:
1590 3171 1896 3224 testimonia
1942 3187 2089 3238 quze-
2115 3204 2157 3261 ρ

506 3267 671 3316 renda
723 3263 957 3328 excitat;
1004 3273 1190 3317 noster
1237 3262 1487 3330 quidem,
1534 3276 1583 3314 v.
1609 3275 1716 3329 gr.,
1750 3277 1869 3331 pag.
1904 3261 2010 3314 2‘27
2035 3274 2090 3318 et

499 3353 644 3421 544;
682 3353 942 3424 Didymus
978 3369 1106 3409 vero
1139 3355 1192 3408 in
1238 3354 1373 3408 locis
1399 3368 1431 3406 a
1473 3369 1557 3407 me
1589 3368 1708 3424 pag.
1750 3352 1852 3407 227
1886 3354 2086 3426 allega-

500 3446 591 3500 tis.

575 3536 709 3592 VIII.
749 3536 1015 3592 Nonnulla
1048 3525 1244 3592 iterum
1285 3552 1348 3591 ac
1407 3536 1563 3592 tertio
1594 3535 1934 3591 inculcantur
1965 3551 2085 3592 cum

501 3631 554 3685 in
592 3630 728 3684 libro
754 3629 829 3684 De
861 3629 1061 3698 Spiritu
1089 3641 1296 3694 sancto,
1333 3639 1442 3682 tmn
1481 3630 1531 3682 in
1568 3630 1672 3684 hoc
1705 3642 1890 3697 opere.

579 3722 672 3778 IX.
733 3722 878 3777 Satis
942 3723 1100 3793 longa
1169 3721 1426 3776 exscribit
1491 3721 1760 3774 interdum
1827 3719 2085 3791 Didymus

503 3817 798 3885 Scriptura:
836 3816 949 3870 loca
972 3856 987 3881 ,
1018 3815 1180 3884 idque
1213 3815 1328 3869 sine
1364 3828 1557 3883 magna
1608 3813 1930 3868 necessitate
1955 3853 1971 3878 ,
2025 3823 2084 3867 ut

502 3907 683 3963 monui
730 3925 855 3979 pag.
907 3909 1033 3964 5L7.
1097 3908 1152 3961 ld
1209 3908 1381 3977 ipsum
1433 3921 1463 3960 a
1521 3917 1707 3960 nostro
1768 3906 1883 3960 ﬁeri
1937 3915 2084 3975 patet

500 4013 622 4056 eum
653 4016 720 4056 ex
767 4003 954 4056 eadem
989 4016 1114 4070 pag.
1145 4001 1270 4069 317,
1297 4009 1408 4054 tum
1440 4015 1505 4055 ex
1534 4014 1691 4070 pagg.
1722 3997 1791 4053 36
1813 4038 1828 4063 ,
1858 3998 1947 4065 ⁸57,
1974 3998 2043 4052 44
2063 4041 2079 4064 ,

499 4095 591 4160 58,
628 4095 750 4158 194,
785 4093 890 4148 258
915 4104 968 4148 et
997 4092 1121 4147 585.

571 4187 814 4257 Denique
836 4185 1144 4239 dubitanter
1170 4183 1312 4254 loqui
1348 4195 1494 4237 amat
1534 4183 1818 4255 Didymus,
1852 4182 1928 4237 ita
1973 4183 2080 4238 sci-

500 4278 627 4332 licet
681 4288 740 4331 ut
787 4291 892 4330 non
921 4275 1050 4345 quid
1099 4276 1214 4344 ipse
1257 4278 1474 4341 sentiat,
1530 4274 1758 4328 delinire
1789 4273 1936 4338 velit,
1987 4273 2078 4326 sed

498 4369 676 4438 aliqua
730 4369 920 4424 lectori
977 4367 1335 4422 examinanda
1415 4373 1702 4436 proponat.
1774 4364 1946 4435 Hujus
2001 4365 2077 4419 rei

497 4458 739 4527 exempla
773 4457 826 4511 in
871 4456 1314 4512 Enarrationibus
1368 4457 1607 4512 invenies
1636 4470 1794 4526 pagg.
1843 4455 1932 4516 50.
1962 4454 2030 4509 54
2060 4493 2076 4520 ,

497 4551 589 4616 55,
649 4551 711 4604 71
741 4558 796 4605 et
836 4549 924 4612 88,
970 4549 1310 4604 Bibliotheca:
1343 4546 1567 4602 Patrum
1619 4548 1872 4604 editionis
1921 4549 2067 4603 Pari-
2103 4543 2150 4600 D

495 4643 690 4698 siensis
722 4642 845 4694 anui
876 4639 1050 4704 16M;
1085 4640 1136 4694 in
1162 4639 1297 4693 libro
1324 4650 1503 4693 autem
1542 4638 1618 4692 De
1650 4639 1857 4708 Spiritu
1892 4648 2073 4692 sancto

494 4749 654 4805 pagg.
700 4733 821 4797 l60,
860 4733 982 4796 161,
1015 4733 1138 4798 162.
1173 4732 1281 4787 164
1310 4731 1562 4787 editionis
1592 4730 1943 4785 Veronensis.
1987 4730 2073 4785 Si-

497 4827 644 4879 milia
672 4839 800 4879 vero
853 4824 1098 4893 exempla
1162 4824 1214 4878 in
1267 4823 1514 4892 theolugo
1541 4832 1722 4875 nostro
1781 4832 2074 4876 occurrunt

495 4935 651 4988 pagg.
677 4917 802 4983 198,
822 4917 949 4982 ‘ZGI,
979 4916 1104 4981 271,
1138 4916 1244 4970 544
1275 4926 1330 4969 et
1351 4915 1478 4969 417.

491 5033 620 5088 CAP.
662 5031 852 5088 XXIII.
893 5029 1166 5085 Notabiles
1201 5031 1444 5112 quaedam
1484 5030 1539 5083 in
1579 5039 1794 5100 utroque
1821 5028 2073 5100 scriptore

1112 5117 1192 5154 om
1201 5116 1437 5154 ιδειοηεε.

562 5191 710 5246 Satis
751 5189 949 5243 multas
987 5187 1097 5258 jam
1129 5202 1195 5242 ex
1243 5187 1308 5241 iis
1336 5201 1456 5256 qua:
1500 5186 1716 5257 scripsit
1761 5197 1951 5242 auctor
1978 5204 2075 5242 no-

494 5293 625 5347 sier,
673 5281 1014 5349 conjecturas
1059 5279 1365 5332 rationesve
1399 5277 1848 5347 deprompsimus.
1887 5276 2066 5344 Quid-

493 5372 547 5427 ni
594 5387 660 5427 εκ
707 5372 792 5427 his
833 5370 997 5426 etiam
1047 5378 1490 5441 argumentemur
1532 5383 1651 5438 qua:
1696 5368 1810 5438 ipse
1858 5369 2070 5424 tacuit?

491 5477 618 5518 cum
672 5464 787 5518 ι)ωο
841 5477 1058 5533 quoque
1106 5477 1215 5516 non
1262 5461 1605 5515 mediocriter
1631 5459 1822 5530 juvent
1847 5475 2068 5516 causam

495 5570 692 5611 meam.
731 5553 1005 5623 Nusquam
1032 5555 1195 5624 igitur
1225 5554 1278 5608 in
1316 5553 1488 5609 tribus
1535 5553 1683 5608 hisce
1715 5553 1872 5608 libris
1904 5555 2067 5623 (quod

496 5648 691 5702 mirum
723 5645 956 5715 cuipiam
990 5646 1042 5700 in
1072 5655 1315 5700 veterum
1355 5644 1570 5699 Patrum
1614 5641 1830 5713 Didymi
1872 5658 2068 5714 suppa-

573 5833 616 5866 “
657 5827 862 5885 lJoan.
892 5841 947 5893 v,
973 5825 1003 5878 7
1028 5838 1150 5894 sqq.

1944 394 2028 446 DE
2067 391 2328 449 DIDYMO

3654 393 3745 450 I73

2187 509 2324 564 rium
2350 512 2580 567 lectione
2598 514 2774 566 minus
2793 521 3005 566 versato
3029 511 3197 566 videri
3231 513 3446 580 potest),
3478 526 3742 580 nusquam,

2190 603 2428 673 inquam,
2457 603 2725 658 bzereticis
2768 604 2956 674 objicit
3014 619 3113 658 nec
3178 603 3388 658 celebre
3425 601 3636 656 Joannis
3663 615 3744 660 ca-

2189 696 2414 764 pitulum
2433 740 2447 762 ,
2490 695 2617 751 Tres
2639 708 2760 751 sunt
2789 697 2876 765 qui
2903 696 3255 749 testimonium
3294 695 3416 747 dant
3459 694 3511 747 in
3542 694 3659 747 coelo
3686 694 3744 762 “,

2189 797 2246 841 et
2279 788 2510 856 reliqua,
2539 803 2718 859 neque
2749 786 2948 842 Nicaeni
2977 786 3212 850 concilii,
3240 799 3412 855 neque
3453 783 3750 839 Constanti-

2192 879 2489 948 nopolitani
2515 920 2530 946 ,
2563 881 2841 948 multoque
2875 880 3052 936 minus
3075 876 3300 932 alterius
3332 875 3641 946 cujusquam
3668 889 3748 936 sy-

2191 972 2317 1024 nodi
2367 969 2730 1026 definitiones.
2767 971 3036 1026 Praeterea
3090 977 3464 1040 argumentum
3497 982 3560 1021 ex
3604 966 3752 1020 tradi-

2192 1063 2336 1118 tione
2370 1063 2593 1136 petitum
2628 1067 2843 1138 attingit
2891 1061 3139 1136 [XXXII]
3176 1062 3392 1131 quidem
3422 1059 3633 1127 alicubi,
3670 1059 3753 1114 sed

2192 1171 2296 1210 non
2338 1165 2515 1227 urget,
2552 1157 2678 1211 illud
2707 1167 2912 1210 tantum
2960 1156 3228 1212 bzereticis
3272 1154 3436 1209 veluti
3477 1153 3647 1208 obiter
3675 1165 3757 1205 er-

2199 1247 2459 1316 probrare
2483 1257 2790 1314 contentus,
2826 1264 3013 1302 novam
3039 1262 3160 1301 esse
3190 1260 3376 1300 eorum
3427 1243 3712 1298 doctrinam
3738 1281 3753 1307 ,

2193 1340 2444 1408 ipsosque
2473 1356 2538 1395 ex
2595 1344 2904 1394 inconcussa
2953 1339 3155 1403 domo,
3216 1348 3274 1390 ut
3355 1337 3470 1406 ipse
3537 1334 3757 1404 loquitur

2192 1448 2312 1502 pag.
2350 1431 2474 1496 174,
2520 1447 2712 1501 nempe
2740 1448 2804 1486 ex
2836 1430 3071 1485 Ecclesia
3094 1469 3110 1494 ,
3139 1444 3389 1500 egressos
3425 1440 3568 1482 esse.
3615 1427 3758 1480 Insu-

2194 1540 2290 1594 per
2316 1527 2565 1594 quamvis
2598 1539 2790 1578 omnes
2819 1523 2933 1578 fere
2956 1523 3251 1591 Scriptura:
3285 1520 3453 1575 libros
3498 1520 3645 1582 citet,
3692 1515 3752 1570 li-

2192 1617 2321 1671 bros
2387 1626 2565 1671 tamen
2612 1615 3063 1677 Maehabamrum,
3114 1614 3309 1667 librum
3349 1611 3558 1676 Iudith,
3609 1608 3756 1664 acIi-v

2195 1709 2350 1762 brutn
2397 1705 2592 1761 Esther
2645 1721 2918 1775 nunquam
2963 1705 3180 1774 allegat.
3240 1703 3397 1772 Saepe
3450 1703 3610 1757 etiam
3641 1699 3758 1754 dum

2197 1801 2310 1855 loca
2351 1817 2382 1855 e
2438 1800 2750 1870 Scriptura,
2811 1799 2998 1853 aliisve
3033 1798 3186 1852 libris
3241 1796 3421 1862 alIert,
3449 1805 3759 1857 auctorum,

2194 1901 2286 1946 aut
2317 1892 2599 1954 librorum,
2632 1891 2774 1944 unde
2802 1892 3085 1958 desumpta
3120 1899 3266 1950 sunt,
3298 1887 3525 1941 nomina
3563 1885 3758 1940 reticet.

2190 1983 2344 2049 Quod
2374 2000 2500 2039 vero
2539 1983 2743 2052 majore
2771 1982 2982 2036 videtur
3026 1980 3503 2035 animadversione
3530 1977 3762 2047 dignum,

2191 2077 2430 2130 Arianos
2481 2075 2722 2144 quidem,
2791 2072 3224 2135 Macedonianos,
3287 2086 3354 2126 ac
3411 2069 3764 2124 Eunomianos

2193 2168 2472 2231 nominat,
2521 2167 2615 2222 sed
2647 2166 3132 2229 Semiarianorutn,
3166 2167 3592 2227 Anommorum,
3627 2159 3766 2213 aliis-

2192 2275 2296 2331 que
2329 2260 2599 2314 similibus
2625 2261 3120 2330 nuncupationibus
3146 2272 3425 2326 nunquam
3458 2255 3647 2317 utitur,
3673 2252 3766 2306 etsi

2193 2349 2496 2418 hujusmodi
2539 2350 2799 2404 vocabula
2852 2360 3050 2420 quarto
3078 2349 3241 2405 etiam
3274 2347 3542 2403 Ecclesia:
3573 2341 3772 2400 szeculo

2192 2441 2535 2506 invaluerint,
2564 2451 2622 2494 ut
2641 2456 2708 2496 ex
2745 2441 3049 2513 Epiphanio
3076 2451 3308 2506 constat,
3335 2439 3573 2509 aliisque
3599 2435 3769 2492 Patri-

2191 2536 2312 2591 bus.
2341 2533 2622 2588 Postremo
2652 2535 2818 2600 Aetii,
2857 2534 3196 2604 Apollinarii,
3229 2532 3476 2588 Marcelli
3503 2527 3772 2602 Ancyrani

2193 2632 2497 2688 nominibus
2552 2630 2768 2701 parcit;
2833 2627 3044 2684 etiamsi
3097 2627 3239 2682 enim
3289 2627 3513 2681 Aetium
3566 2623 3772 2696 quidem

2192 2740 2315 2794 pag.
2354 2723 2421 2778 14
2471 2721 2748 2786 confutet,
2787 2723 2895 2775 into
2931 2720 3047 2790 ejus
3087 2718 3252 2775 verba
3305 2718 3535 2784 afferat;
3586 2712 3778 2785 Apolli-

2191 2815 2328 2869 narii
2362 2829 2494 2869 vero
2538 2812 2786 2868 haresim
2820 2822 3080 2866 memoret
3119 2826 3274 2881 pagg.
3310 2811 3421 2865 595
3451 2819 3509 2865 et
3548 2807 3654 2863 596
3677 2824 3693 2872 ;
3719 2818 3778 2858 ac

2191 2905 2500 2961 Marcellum
2559 2904 2805 2967 refellat,
2865 2911 2923 2957 ut
2985 2902 3281 2957 verisimile
3333 2911 3468 2969 est,
3531 2899 3671 2955 libro
3720 2911 3776 2961 ι,

2191 3014 2308 3066 cap.
2357 2998 2419 3052 3i
2470 3013 2485 3051 :
2518 2996 2657 3052 Aetii
2696 3005 2905 3060 tamen,
2949 2994 3269 3065 Apollinarii
3299 3009 3366 3051 ac
3403 2992 3648 3049 Marcelli
3680 3003 3780 3046 ηοο

2193 3092 2336 3144 mina
2367 3105 2434 3144 ne
2461 3089 2630 3145 semel
2655 3090 2873 3159 quidem
2901 3097 3307 3144 commemorat.

2260 3178 2337 3232 lta
2371 3179 2586 3248 quidem
2624 3177 2905 3248 theologus
2934 3187 3120 3232 noster
3148 3192 3206 3231 se
3241 3176 3432 3247 gessit.
3467 3176 3610 3244 Quiu
3657 3187 3782 3228 vero

2191 3267 2498 3338 Didymus?
2560 3267 2748 3324 Nonne
2803 3269 2967 3323 simili
3023 3269 3105 3322 his
3166 3284 3386 3338 quoque
3425 3267 3627 3322 modo?
3670 3264 3778 3318 [tuo

2187 3360 2376 3412 eodem
2404 3372 2648 3426 prorsus,
2683 3357 2733 3411 ni
2760 3356 2935 3412 fallor.
2978 3355 3056 3410 Ne
3098 3357 3210 3428 ipse
3265 3359 3498 3427 quidem
3556 3355 3782 3412 Joannis

2191 3451 2574 3516 testimonium,
2640 3450 2768 3506 Tres
2825 3460 2947 3505 sunt
2991 3460 3046 3505 et
3075 3461 3287 3518 caetera,
3337 3466 3593 3523 unquam
3635 3448 3787 3505 alfert

2188 3557 2362 3611 neque
2402 3542 2455 3596 in
2494 3540 2945 3596 Enarrationibus
3000 3543 3056 3596 iu
3086 3543 3311 3610 primaut
3352 3543 3530 3611 ipsius
3563 3541 3790 3598 Joannis

2192 3629 2513 3699 Epistulam;
2539 3648 2712 3703 neque
2743 3635 2795 3688 in
2829 3633 2967 3688 libro
2983 3631 3058 3685 De
3088 3629 3289 3700 Spiritu
3307 3642 3520 3698 sancto,
3555 3646 3660 3688 nec
3686 3630 3784 3684 ali-

2190 3724 2264 3778 hi.
2326 3724 2385 3779 Id
2436 3734 2616 3781 autem
2658 3741 2726 3781 ex
2763 3741 2828 3781 co
2887 3726 3094 3781 factum
3141 3739 3248 3778 non
3299 3726 3523 3791 dubito,
3558 3724 3792 3796 quodin

2196 3816 2581 3873 Alexandrinis
2625 3816 2921 3880 Bibliorum
2979 3816 3384 3886 exemplaribus
3455 3825 3650 3872 textus
3706 3814 3794 3872 ille

2187 3911 2588 3966 desideraretur
2631 3931 2642 3964 :
2687 3927 2809 3966 cum
2851 3908 3067 3963 Arianis
3120 3922 3187 3962 ne
3219 3908 3288 3962 ab
3319 3908 3646 3966 Athanasio
3679 3907 3796 3979 qui-

2189 4004 2305 4054 dem
2343 4017 2578 4070 unquam
2613 4001 2857 4072 objectus
2895 4001 2985 4066 sit,
3013 4015 3111 4055 nec
3147 4002 3198 4054 in
3234 4001 3648 4066 Alexandrino,
3704 3999 3795 4071 qui

2183 4097 2450 4155 superest,
2509 4089 2698 4144 codice
2752 4089 2979 4160 legatur.
3038 4087 3248 4143 Nullius
3296 4104 3534 4161 quoque
3600 4089 3796 4163 synodi

2186 4180 2513 4234 mentionem
2544 4180 2706 4234 ullam
2742 4181 2871 4237 facit
2903 4182 3160 4252 Didymus
3190 4201 3207 4249 ;
3237 4184 3439 4249 satius,
3481 4195 3544 4239 ut
3576 4187 3796 4256 opinor,

2182 4283 2305 4324 esse
2355 4270 2558 4326 ducens
2607 4286 2638 4325 e
2722 4270 3042 4340 Scripturis,
3105 4287 3331 4340 quarum
3394 4277 3800 4331 auctoritatem

2181 4365 2543 4436 agnoscebant
2574 4365 2841 4431 hteretici,
2869 4381 3027 4436 quam
3058 4380 3124 4421 ex
3156 4367 3572 4437 synodis,quas
3607 4369 3684 4423 illi
3715 4369 3806 4423 de-

2183 4456 2508 4529 spiciebant,
2566 4459 2959 4528 argumentari.
3013 4458 3162 4514 Hanc
3213 4458 3341 4514 item
3403 4462 3482 4517 ob
3547 4476 3803 4528 causam,

2179 4551 2232 4604 ni
2264 4550 2438 4616 fallor,
2511 4565 2580 4605 ne
2636 4550 2981 4606 traditionem
3031 4551 3251 4621 quidem
3304 4567 3670 4626 magnopere
3715 4571 3808 4610 us-

2180 4657 2342 4711 quam
2369 4651 2541 4711 urget,
2561 4641 2653 4696 sed
2676 4643 2854 4697 obiter
2877 4650 3086 4697 tantum
3117 4656 3236 4698 eam
3260 4646 3494 4717 attingit
3523 4665 3540 4704 :
3576 4659 3642 4705 ιιι
3672 4664 3804 4704 cum

2181 4733 2335 4788 initio
2387 4733 2507 4788 libri
2549 4733 2628 4789 De
2677 4733 2880 4803 Spiritu
2930 4745 3112 4789 sancto
3164 4735 3242 4790 sic
3293 4735 3564 4807 loquitur
3607 4763 3621 4797 :
3670 4741 3810 4796 Hcec

2179 4828 2244 4880 de
2272 4825 2472 4893 Spiritu
2498 4837 2680 4881 sancto
2722 4826 2999 4896 jactitam,
3029 4844 3147 4897 qua:
3177 4844 3339 4899 neque
3383 4832 3447 4885 in
3484 4832 3805 4902 Scripturis

2179 4918 2335 4982 lecta,
2389 4933 2551 4988 neque
2606 4935 2639 4972 a
2683 4935 2944 4990 quoquam
2999 4922 3498 4980 ecclesiasticarum
3560 4939 3812 4983 veterum

2181 5018 2437 5078 usurpata
2514 5020 2655 5063 sunt.
2711 5009 2966 5066 Veterum
3031 5014 3174 5068 enim
3230 5014 3467 5072 Patrum
3535 5022 3811 5076 testimo-

2186 5101 2273 5153 nia
2324 5098 2432 5152 illis
2509 5098 2785 5168 objectare
2843 5116 3303 5170 supervacaneum
3359 5105 3637 5176 fuisset,
3715 5097 3838 5183 qui}

2183 5191 2314 5244 alios
2363 5198 2560 5259 praeter
2614 5193 2824 5257 Arium,
2892 5193 3232 5260 Eunomium,
3262 5210 3325 5250 ac
3353 5195 3782 5259 Macedonium
3815 5190 3825 5214 ”

2175 5302 2237 5340 ne
2277 5285 2465 5337 audire
2495 5285 2704 5364 quidem
2747 5286 3002 5353 volebant,
3038 5298 3095 5343 ut
3135 5290 3210 5342 ait
3247 5289 3560 5365 theologus
3613 5308 3816 5353 noster

2174 5391 2295 5446 pag.
2347 5374 2474 5441 260,
2529 5377 2726 5446 quique
2756 5392 2877 5431 cum
2906 5393 3034 5433 suas
3064 5379 3346 5448 Opiniones
3391 5381 3533 5439 fidei
3565 5387 3815 5442 Patrum

2140 5521 2142 5523 ,
2177 5468 2540 5538 doctrinreque
2575 5469 2880 5523 contrarias
2941 5484 3061 5525 esse
3107 5487 3211 5525 non
3256 5473 3662 5546 ignorarent,
3705 5482 3818 5537 Ca‘

2179 5559 2407 5613 tholicos
2465 5560 2530 5614 ad
2585 5558 2921 5627 Scripturam
2986 5562 3154 5616 solam
3216 5567 3621 5632 provocabant
3661 5610 3681 5636 ,
3750 5580 3821 5628 ut

2178 5649 2361 5705 multis
2419 5661 2539 5719 post
2567 5653 2778 5708 szeculis
2830 5653 3020 5708 nefarii
3073 5661 3332 5724 apostata:
3368 5654 3665 5718 fecerunt
3699 5662 3822 5722 Luc
