3970 6406
280 398 380 453 I75

276 518 454 570 tberus
503 524 663 580 atque
729 515 983 572 Calvinus
1025 536 1039 570 :

275 610 596 663 intoleranda
632 608 722 663 illa
761 621 927 678 alque
960 611 1349 666 absurdissima
1389 615 1574 682 opinio
1603 615 1655 667 in
1685 631 1836 670 men-

273 711 375 755 tem
404 714 643 765 venerat,
676 712 737 755 ιιι
768 703 959 756 Patres
994 701 1209 757 Nicaeae
1242 705 1474 759 concilio
1511 708 1837 761 vetustiores

269 793 331 846 de
359 792 501 855 Filii,
526 803 619 846 aut
652 792 893 861 Spiritus
925 794 1095 848 sancti
1127 795 1413 849 divinitate
1452 812 1556 849 non
1611 798 1682 849 ita
1710 812 1833 852 seu-

268 886 483 949 sissent,
515 886 973 954 quemadmodum
1011 887 1267 941 catholica
1307 889 1478 941 sensit
1504 888 1763 942 Ecclesia.

339 978 528 1030 Libros
558 992 687 1031 vero
716 977 1167 1045 Machabaeerum,
1196 978 1401 1043 Judith,
1444 991 1500 1032 et
1534 980 1729 1033 Esther
1769 994 1837 1034 ne

281 1071 525 1138 Didymus
552 1070 771 1135 quidem
819 1070 872 1122 in
909 1069 1018 1122 ullo
1044 1085 1107 1123 ex
1131 1070 1287 1124 editis
1327 1070 1583 1139 operibus
1615 1070 1832 1140 allegat,
1885 1060 1889 1064 ’

281 1156 412 1223 quod
442 1157 615 1209 sciam
654 1157 815 1211 :sive
839 1158 982 1224 quod
1009 1156 1154 1210 nulla
1203 1158 1301 1227 ipsi
1353 1174 1448 1213 eos
1498 1160 1695 1213 citaudi
1739 1175 1833 1214 oc-

276 1250 414 1303 casio
443 1249 623 1302 oblata
654 1249 747 1313 sit,
778 1249 894 1303 sive
916 1251 1058 1316 quod
1088 1251 1227 1315 illos,
1279 1264 1461 1319 utpete
1517 1252 1828 1316 historicos,

269 1356 361 1393 nec
399 1341 676 1394 memoria:
703 1342 1037 1407 mandasset,
1064 1358 1237 1412 neque
1284 1345 1689 1398 commentariis
1713 1345 1833 1397 illu-

265 1442 515 1485 διτηεδει.

325 1526 485 1591 Quod
531 1526 743 1579 demum
822 1527 1062 1594 pertinet
1084 1528 1150 1583 ad
1190 1530 1424 1599 reliquas
1467 1530 1788 1585 amissiones
1814 1572 1827 1593 ,

258 1615 521 1686 Didymus
570 1634 782 1687 quoque
829 1620 1023 1687 smpius
1082 1621 1383 1675 testimonia
1429 1623 1652 1688 profert,
1699 1623 1829 1691 quin

255 1707 451 1771 libros,
480 1718 573 1762 aut
605 1717 876 1775 auctores,
903 1711 1042 1765 unde
1068 1712 1344 1780 desumpta
1374 1723 1519 1776 sunt,
1561 1714 1825 1766 nominet.

253 1798 506 1866 Cumque
551 1799 692 1853 edita
742 1801 1007 1855 hactenus
1063 1804 1203 1855 illius
1237 1819 1400 1872 opera
1461 1813 1554 1857 ant
1606 1804 1824 1871 legerim

252 1888 409 1970 olim,
436 1901 531 1941 aut
555 1890 744 1943 saltem
770 1894 1124 1960 percurrerim
1156 1894 1267 1946 fere
1296 1895 1496 1957 omnia,
1532 1895 1827 1948 Semiaria-

250 1994 491 2041 norum,
556 1983 1048 2050 Auommorumqne
1095 1985 1564 2041 deuominationes
1594 2029 1607 2053 ,
1665 1998 1827 2056 atque

247 2071 416 2137 Aetii,
452 2072 760 2139 Apollinarii
785 2116 798 2137 ,
829 2090 892 2127 ac
919 2072 1151 2128 Marcelli
1186 2076 1400 2129 nomina
1456 2092 1729 2145 nunquam
1775 2077 1824 2130 in

248 2164 321 2217 iis
351 2163 592 2231 reperire
644 2178 728 2217 me
784 2165 1026 2229 memini,
1072 2167 1282 2220 etiamsi
1320 2167 1511 2220 lteram
1578 2168 1819 2222 omnium

252 2255 499 2309 hereses
531 2267 937 2310 commemoret.
992 2257 1119 2312 Jure
1148 2258 1309 2326 igitur
1334 2274 1397 2314 ac
1445 2260 1637 2314 merito
1696 2276 1828 2314 con-

251 2345 481 2400 cludere
514 2346 627 2416 jam
666 2347 810 2410 licet,
843 2348 1129 2400 maximam
1171 2364 1290 2403 esse
1321 2350 1401 2404 vel
1434 2350 1485 2403 in
1517 2351 1824 2405 omissioni-

251 2438 365 2491 bus
390 2439 534 2491 inter
566 2448 855 2504 utrumque
884 2437 1186 2509 theologum
1222 2438 1650 2494 similitudinem.

330 2527 526 2581 Fateor
579 2528 870 2595 equidem,
947 2540 1317 2598 argumentum
1374 2545 1441 2584 ex
1485 2531 1823 2585 ethnicorum

251 2611 502 2680 scriptis,
564 2611 903 2680 maximeque
936 2628 1000 2666 ex
1034 2613 1098 2667 iis
1129 2630 1245 2682 qua:
1277 2614 1524 2683 Orpheo,
1583 2630 1647 2669 ac
1681 2614 1822 2668 Mer-

244 2704 404 2757 curio
457 2701 809 2773 Trismegisto
865 2704 1255 2770 tribuebautur,
1322 2708 1604 2759 deductum
1660 2705 1822 2771 objici

242 2805 275 2843 a
313 2789 564 2858 theologo
596 2802 779 2843 nostro
806 2792 1154 2857 adversariis,
1202 2809 1232 2846 a
1287 2793 1512 2865 Didyme
1563 2804 1740 2850 autem
1773 2797 1824 2849 in

242 2881 389 2934 libro
413 2880 490 2933 De
512 2879 714 2949 Spiritu
746 2892 927 2935 sancte
958 2897 1176 2950 prorsus
1206 2885 1568 2951 praetermitti.
1610 2887 1679 2939 At
1732 2885 1822 2940 Di-

244 2976 444 3043 dymus
499 2976 573 3028 ibi
612 2992 715 3028 non
768 2976 1011 3030 ethnicos
1050 2977 1323 3042 conlutat,
1384 2978 1478 3032 sed
1536 2979 1821 3035 hmt'eticos

241 3068 533 3129 duntaxat,
584 3081 613 3119 a
662 3068 856 3135 quibus
892 3069 1086 3135 Orphei
1114 3085 1176 3123 ac
1214 3068 1463 3124 Mercurii
1523 3073 1821 3127 auctoritas

237 3158 401 3210 nihili
435 3159 618 3211 ﬁebat.
645 3157 945 3227 Theologus
968 3171 1143 3214 autem
1171 3171 1353 3216 noster
1380 3162 1626 3216 ethnicos
1655 3164 1817 3217 etiam

1418 401 1980 461 COMMENTARIUS.
2023 437 2093 446 -—
2131 407 2259 464 LIB.
2302 410 2321 462 ι

1082 520 1315 572 nondum
1386 527 1530 575 enim
1589 522 1838 591 cuiquam
1870 529 1916 583 Α
1947 527 2179 583 audiret.
2219 528 2420 582 Eadem
2454 543 2685 598 namque
2706 545 2951 587 excausa
2981 547 3177 591 iactum
3202 550 3304 598 est.
3338 545 3386 596 ni
3412 546 3512 599 l'al-

3404 424 3509 480 I74

1941 615 2040 680 lnr,
2070 631 2125 669 ut
2151 618 2562 673 Enarrationum
2584 636 2797 689 quoque
2826 624 2877 676 in
2911 625 3174 694 Epistolas
3203 634 3509 704 catholicas,

1940 722 2005 760 ac
2032 708 2152 761 libri
2189 712 2440 763 adversus
2474 710 2821 776 Manichwes,
2859 719 3106 784 quamvis
3154 723 3509 783 orthodoxam

1939 800 2235 853 doctrinam
2283 804 2626 870 continentis,
2691 807 2908 862 unicum
2968 813 3241 878 exemplar
3291 832 3393 871 ms.
3426 834 3509 871 re-

1939 893 2347 960 pertumsit,ex
2403 910 2509 963 quo
2556 898 3030 969 imprimerentur;
3112 903 3333 961 Graecus
3378 924 3508 965 vero

1939 993 2119 1038 textus
2152 1000 2271 1039 cum
2307 986 2426 1041 libri
2466 987 2540 1041 De
2567 972 2771 1056 Spiritu
2794 1002 2998 1058 sancte,
3042 1006 3152 1051 tum
3192 999 3506 1056 Ennrratie-

1938 1092 2059 1129 nunt
2087 1078 2312 1132 omnino
2361 1079 2650 1147 interierit,
2706 1094 2762 1137 ut
2820 1085 3049 1140 videtur.
3106 1089 3255 1143 Adeo
3299 1094 3509 1150 scilicet

1936 1166 2210 1229 monachi,
2273 1177 2434 1235 atque
2493 1185 2859 1226 amanuenses
2908 1178 2975 1229 ab
3017 1177 3082 1230 iis
3114 1178 3503 1248 abhorrebant,

1936 1257 2024 1324 qui
2053 1257 2119 1310 de
2158 1258 2353 1312 violata
2390 1260 2492 1313 [ide
2519 1264 2756 1331 suspecti
2794 1280 2996 1330 essent,
3022 1279 3116 1322 aut
3154 1271 3418 1338 damnati,
3447 1286 3506 1329 ut

1938 1347 2173 1415 ipsorum
2208 1366 2368 1419 opera
2411 1353 2491 1405 vel
2521 1355 2667 1407 nullo
2695 1371 2881 1411 errore
2930 1359 3127 1415 inlecta
3168 1366 3501 1430 exscribere,

1934 1442 2403 1495 autexseribenda
2463 1460 2656 1500 curare
2709 1448 3090 1506 detrectarent.
3143 1453 3277 1509 Ilinc
3303 1455 3502 1511 factum

1935 1533 2098 1600 igitur
2128 1544 2280 1601 puto,
2313 1544 2372 1587 ut
2400 1550 2522 1589 cum
2554 1538 2777 1593 aliorum
2810 1542 3182 1611 plurimorum,
3208 1562 3344 1617 quos
3368 1566 3507 1606 euu-

1936 1640 2145 1678 merare
2180 1642 2401 1681 necesse
2443 1645 2548 1682 non
2608 1643 2711 1694 est,
2756 1644 2863 1687 tum
2897 1637 3061 1690 etiam
3096 1638 3303 1710 Didymi
3338 1656 3503 1712 opera

1935 1727 2027 1771 aut
2064 1718 2392 1785 interierint,
2436 1732 2528 1775 aut
2560 1724 2832 1794 plerisque
2878 1729 3053 1797 ignota
3094 1732 3295 1788 fuerint
3322 1752 3335 1786 :
3366 1737 3504 1791 adeo

1935 1819 1993 1863 ut
2021 1810 2308 1882 [Egyptius
2342 1817 2577 1885 scriptor
2608 1818 2833 1874 Cesmas
2860 1822 3373 1896 Indicopleustes,p.
3395 1829 3502 1885 485

1931 1915 1959 1953 a
1991 1916 2073 1954 me
2115 1904 2402 1974 allegatus,
2430 1907 2719 1964 manifesto
2756 1912 2953 1966 indicet
2978 1915 3078 1968 sibi
3114 1917 3320 1986 ignotas
3337 1918 3503 1977 luisse

1928 1992 2168 2062 Egyptii
2237 1997 2408 2050 nostri
2463 1998 2697 2070 theologi
2756 2000 3176 2072 Enarratienes,
3232 2025 3354 2064 cum
3402 2014 3499 2077 ait,

1931 2088 2184 2139 nemiuem
2212 2105 2275 2142 ex
2298 2090 2382 2155 iis,
2420 2094 2509 2161 qui
2554 2093 2607 2145 in
2655 2095 2861 2148 divinas
2903 2096 3204 2165 Scriptura:
3233 2118 3499 2158 commen-

1928 2179 2064 2232 taria
2100 2183 2393 2249 ediderunt,
2426 2185 2805 2240 catholicarum
2827 2187 3181 2258 Epistolarum
3217 2195 3380 2248 ullam
3412 2214 3502 2252 ra-

1928 2270 2119 2324 tionem
2173 2272 2438 2330 habuisse.
2493 2277 2745 2343 Quinimo
2780 2281 3001 2337 Phttius
3060 2285 3193 2353 ipse,
3254 2290 3352 2343 etsi
3386 2305 3494 2344 non

1928 2359 2123 2412 minori
2156 2374 2296 2415 esset
2335 2366 2638 2422 eruditione
2676 2384 2836 2434 quam
2879 2371 3244 2441 improbitate.
3295 2379 3499 2435 nullum

1927 2449 1980 2503 in
2009 2448 2335 2507 Bibliotheca
2366 2468 2430 2508 ex
2470 2466 2576 2510 tam
2613 2458 2793 2514 multis
2844 2459 3053 2530 Didymi
3101 2466 3354 2533 operibus
3389 2487 3502 2524 me-

1928 2544 2196 2609 moravit;
2232 2546 2283 2599 in
2314 2546 2451 2600 libro
2476 2560 2656 2603 autem
2686 2552 2860 2619 primo
2892 2554 3139 2610 adversus
3176 2558 3497 2618 Manio/neos

1929 2632 2107 2700 plures
2137 2636 2352 2703 quidem
2395 2650 2676 2694 enumerat
2704 2644 2794 2712 qui
2848 2656 3033 2699 contra
3079 2660 3170 2702 eos
3210 2650 3498 2711 haareticos

1929 2725 2284 2794 scripserant,
2320 2730 2606 2801 Didymum
2646 2748 2769 2787 vero
2796 2740 3158 2803 prmtermittit

2379 2840 2504 2896 CAP.
2546 2843 2714 2899 XXV.
2756 2846 3051 2905 Conclusio.

1996 2950 2173 3020 Atque
2221 2954 2337 3009 haec
2387 2954 2725 3023 petissimu‘m
2779 2973 3052 3034 suntquae
3108 2983 3206 3036 pro
3230 2975 3496 3029 sententia

1928 3053 2046 3092 mea
2084 3040 2357 3098 atlerenda
2397 3049 2605 3102 censui.
2633 3049 2774 3104 Nihil
2828 3052 3009 3124 itaque
3046 3056 3187 3112 aliud
3230 3078 3369 3119 nunc
3412 3081 3497 3119 re-

1932 3128 2135 3198 liquum
2168 3143 2271 3197 est,
2311 3134 2411 3188 nisi
2440 3145 2497 3189 ut
2527 3138 2632 3192 duo
2673 3141 2891 3195 tandem
2921 3158 2986 3197 ex
3017 3145 3122 3211 his,
3148 3163 3269 3218 quae
3314 3153 3500 3207 hacte-

241 3250 577 3320 redarguere
622 3211 1703 3324 volun,Inimagiégi;Eétéi";;;a‘;.
1753 3256 1822 3309 24
1850 3211 1892 3268 C
1928 3236 2030 3324 pus
2056 3222 2189 3286 dixi,
2216 3223 2495 3324 Icolligam
2547 3242 2893 3324 argumenta,
2943 3250 3061 3303 quae
3108 3252 3360 3307 quautam
3390 3244 3496 3298 vim

244 3344 393 3396 tertii
419 3343 569 3395 libri.
601 3340 663 3394 Hi
691 3358 816 3396 vero
844 3342 1075 3412 Orphei,
1110 3344 1467 3414 Mercuriique
1496 3362 1660 3415 opera
1687 3349 1821 3403 tanti

243 3433 541 3497 faciebant,
573 3446 627 3487 ut
652 3435 834 3488 Theon
865 3435 1279 3501 Alexandrinus,
1306 3440 1395 3507 qui
1427 3438 1639 3510 Didymi
1663 3452 1821 3495 aetate

246 3525 431 3577 ﬂoruit
493 3524 853 3586 Alexandriae,
911 3540 972 3577 ea
1027 3526 1234 3593 publice
1289 3528 1671 3598 interpretatus
1728 3532 1821 3596 sit,

249 3617 705 3683 quemadmodum
738 3632 857 3687 pag.
887 3617 984 3671 501
1019 3619 1219 3672 dictum
1250 3630 1352 3674 est.

244 3726 668 3801 [XXXIII1CAP.
684 3728 1030 3805 Xle_._Niltil
1049 3732 1101 3784 in
1122 3732 1354 3802 theologo
1384 3747 1557 3790 nostra
1572 3739 1825 3805 reperitur

623 3804 759 3868 quod
790 3800 1015 3869 Didyme
1043 3818 1144 3854 non
1168 3800 1454 3858 conveniat.

316 3887 605 3942 Postremo
650 3905 715 3943 ne
763 3890 890 3943 illud
936 3891 1149 3959 quidem
1184 3894 1359 3963 exigui
1426 3898 1682 3949 momenti
1716 3905 1820 3961 est,

250 3982 391 4050 quod
422 3981 487 4034 de
522 3980 768 4049 theologo
811 3996 997 4035 nostro
1032 3993 1151 4052 post
1215 3985 1524 4039 diuturnam
1575 3988 1824 4040 conside-

255 4074 520 4126 rationein
573 4086 698 4126 vere
744 4072 1009 4128 alIirmare
1063 4091 1219 4144 posse
1279 4077 1410 4130 mihi
1450 4079 1653 4145 videor,
1689 4079 1820 4133 nihil

255 4164 544 4219 admodum
586 4166 639 4219 iu
679 4180 744 4219 eo
772 4181 915 4229 esse,
973 4168 1115 4235 quod
1172 4170 1226 4222 in
1288 4169 1574 4240 Didymum
1618 4175 1821 4242 optime

253 4270 351 4308 non
387 4256 641 4324 quadret.
681 4256 772 4309 Sic
797 4271 856 4310 se
890 4273 976 4312 res
1004 4259 1183 4322 habet,
1215 4260 1445 4331 benigne
1474 4261 1660 4316 lector.
1690 4260 1820 4316 Nul-

254 4345 332 4401 lus
364 4347 419 4400 in
458 4349 564 4402 hoc
591 4360 755 4416 opere
789 4359 983 4403 auctor
1027 4352 1246 4413 citetur,
1283 4363 1376 4405 aut
1405 4354 1711 4407 nominatur
1738 4369 1821 4408 re-

254 4441 461 4493 centior
486 4440 749 4510 Didyme;
782 4443 923 4496 nulla
962 4456 1417 4499 commemoratur
1441 4446 1681 4510 haeresis,
1701 4464 1823 4516 quae

256 4530 394 4583 illum
424 4549 534 4586 non
570 4536 941 4601 praecesserit;
982 4537 1184 4591 nullum
1215 4553 1277 4592 ex
1303 4538 1582 4593 catholicis
1599 4540 1819 4606 degma-
1849 4548 1894 4603 D

256 4621 391 4676 tibus
422 4623 749 4688 inculcatur,
778 4627 919 4695 quod
972 4627 1059 4681 alii
1108 4627 1295 4684 Patres
1340 4640 1435 4683 aut
1470 4632 1813 4697 vetustiores,

259 4723 347 4765 aut
371 4728 640 4782 suppares
668 4731 769 4770 non
802 4718 1158 4783 inculcarint;
1186 4721 1365 4775 nullus
1406 4722 1542 4775 liber
1567 4722 1818 4776 laudatur

261 4815 319 4857 ut
344 4807 665 4869 canonicos,
706 4823 862 4876 quem
891 4808 980 4863 alii
1000 4825 1064 4864 ex
1087 4810 1465 4865 Alexandrinis
1482 4812 1819 4882 potissimum

263 4892 503 4952 Patribus
539 4908 598 4951 ut
620 4900 779 4951 talem
804 4910 959 4953 antea
987 4916 1090 4953 non
1143 4901 1502 4970 allegassent;
1537 4904 1681 4958 nulla
1704 4914 1824 4958 tau-

266 4988 375 5041 dem
409 4990 462 5042 in
499 5005 565 5044 eo
619 4991 887 5058 reperitur
925 4992 1112 5056 dictio,
1156 4994 1299 5045 nulla
1356 4995 1649 5060 sententia,
1706 5010 1825 5065 quae

268 5075 459 5153 Didymi
481 5081 653 5144 aetati,
683 5082 942 5147 moribus,
975 5082 1134 5153 style,
1189 5083 1449 5140 doctrina:
1483 5088 1822 5158 perapposita

273 5183 362 5222 non
392 5172 481 5225 sit.

331 5261 399 5314 Ae
438 5278 504 5316 ne
525 5262 652 5317 illud
692 5264 905 5333 quidem
955 5265 1188 5321 alicnmn
1239 5284 1267 5320 a
1330 5271 1609 5338 proposito
1640 5281 1824 5325 nostro

276 5360 359 5413 est,
387 5355 523 5421 quod
564 5357 653 5409 vix
690 5372 853 5409 unum
882 5359 1063 5426 operis
1116 5363 1483 5431 apographum
1537 5365 1818 5433 supersit;

280 5452 391 5507 opus
424 5460 549 5503 vero
592 5447 768 5515 ipsum
791 5448 969 5503 nullus
994 5464 1060 5503 ex
1085 5450 1291 5506 Graecis
1329 5453 1486 5507 medii
1540 5456 1646 5508 aevi
1685 5457 1825 5511 scri-

281 5536 511 5604 ptoribus,
552 5538 622 5595 iis
644 5541 947 5610 prazsertim
977 5542 1067 5612 qui
1101 5556 1221 5613 post
1253 5542 1540 5600 Iustiniani
1574 5558 1821 5618 tempera

282 5626 598 5695 scripserunt,
621 5636 1153 5688 commemoraverit.
1182 5633 1289 5689 Nec
1312 5635 1455 5690 enim
1480 5639 1644 5692 ullam
1669 5640 1827 5710 hujus

282 5716 343 5768 rei
391 5724 803 5789 probabiliorem
864 5741 1083 5779 causam
1153 5729 1460 5797 excogitare
1516 5731 1663 5794 licet,
1722 5734 1823 5787 nisi

280 5810 395 5873 quod
420 5812 527 5881 ejus
577 5827 773 5871 auctor
823 5815 1091 5886 Didymus
1151 5817 1288 5874 male
1313 5821 1381 5875 ob
1414 5818 1819 5892 Origenismum

1928 3310 2180 3378 habeant,
2215 3316 2435 3371 lectoris
2483 3320 2586 3374 erit
2631 3322 2897 3389 judicare.
2935 3326 3173 3383 Primum
3193 3342 3277 3386 est
3311 3333 3498 3402 hujus-

1930 3404 2094 3466 modi,
2145 3407 2286 3460 sicut
2343 3410 2495 3466 initio
2556 3414 2811 3470 diximus.
2864 3418 3007 3473 Fieri
3066 3437 3171 3475 non
3220 3437 3415 3493 potest,
3440 3439 3499 3483 ut

1929 3494 2067 3548 alius
2098 3510 2127 3548 a
2158 3497 2380 3569 Didyme
2404 3503 2474 3556 sit
2504 3514 2689 3558 auctor
2716 3507 2822 3572 ille,
2854 3509 2907 3563 in
2944 3528 3049 3581 quo
3076 3528 3339 3571 summam
3374 3536 3495 3575 cum

1930 3582 2155 3654 Didyme
2186 3592 2360 3656 quoad
2389 3595 2567 3646 omnia
2592 3596 2995 3655 similitudinem
3021 3604 3493 3673 deprehendimus.

1927 3674 2072 3731 Talis
2095 3688 2272 3733 autem
2298 3691 2380 3735 est
2406 3685 2686 3754 theologus
2718 3700 2921 3753 noster,
2961 3704 3016 3746 ut
3048 3706 3325 3753 ostensum
3370 3702 3492 3756 fuit.

1926 3766 2040 3820 Non
2064 3781 2145 3822 est
2175 3773 2334 3839 igitur
2350 3774 2487 3830 alius
2516 3791 2545 3829 a
2568 3778 2811 3849 Didyme.
2840 3784 3080 3839 Alterum
3112 3788 3192 3841 sic
3217 3805 3274 3844 se
3307 3792 3492 3847 habet.

1926 3859 2155 3929 Didyme
2187 3865 2528 3921 tribuendum
2561 3880 2641 3925 est
2674 3872 2775 3927 hoc
2800 3890 2955 3943 opus,
2983 3879 3026 3931 si
3053 3879 3229 3936 nullus
3250 3886 3492 3951 omnino,

1924 3962 2121 4019 praeter
2150 3953 2457 4027 Didymum,
2498 3960 2805 4018 inveniatur
2858 3968 3142 4037 Aﬂgyptius
3196 3974 3493 4045 theologus,

1926 4043 1979 4096 in
2009 4059 2165 4112 quem
2201 4063 2289 4114 ea,
2324 4066 2441 4120 quae
2461 4054 2710 4122 superius
2735 4061 3003 4125 recensui,
3029 4064 3351 4118 conveniant
3372 4043 3494 4119 uni-

1924 4152 2103 4191 versa.
2139 4140 2303 4210 Atqui
2346 4145 2547 4198 nullum
2580 4146 2742 4201 alium
2800 4152 3051 4220 reperiet,
3106 4156 3157 4208 ni
3196 4156 3369 4220 fallor,
3403 4160 3495 4225 qui

1926 4244 2040 4283 rem
2080 4231 2217 4286 hanc
2247 4236 2506 4290 attentius
2530 4240 2843 4293 examinare
2870 4243 3121 4309 voluerit,
3161 4261 3224 4301 ac
3251 4249 3493 4317 singulos

1922 4336 1992 4375 ex
2029 4322 2315 4393 Egyptiis,
2343 4327 2790 4385 Alexandrinisve
2818 4332 3065 4390 Patribus
3092 4353 3212 4391 cum
3248 4340 3494 4411 theologo

1924 4423 2115 4467 nostro
2147 4415 2411 4472 conferre.
2450 4419 2659 4490 Didymi
2716 4438 2845 4493 ergo
2881 4441 3001 4479 esse
3060 4443 3161 4482 non
3227 4432 3495 4489 immerito

1924 4502 2253 4561 allirmamus
2290 4517 2397 4563 tres
2432 4511 2594 4566 hosce
2649 4511 2720 4566 De
2773 4513 3036 4572 Triuitate
3094 4519 3276 4577 libros.
3342 4524 3492 4591 Quod

1924 4607 2042 4649 erat
2078 4599 2489 4657 ostendendum.

1924 4728 2103 4784 CAPUT
2139 4747 2477 4790 resrunuuu.
2529 4736 2801 4819 Nonnulla
2842 4743 3147 4800 indicantur
3167 4765 3284 4817 qua:
3336 4750 3495 4819 οὐ]ἰεὶ

2502 4810 2646 4861 nobis
2676 4823 2913 4876 possunt.

1995 4914 2160 4971 Libro
2190 4918 2369 4988 itaque
2395 4921 2520 4975 huic
2556 4922 2714 4977 linem
2766 4928 2979 4981 tandem
3043 4930 3355 4999 imponam,
3394 4935 3495 4988 bu-

1927 5009 2240 5064 manissime
2270 5012 2457 5067 lector.
2501 5014 2847 5085 Quaecunque
2873 5022 3016 5074 enim
3048 5026 3333 5079 sententia:
3362 5043 3494 5083 mea:

1924 5100 2083 5167 objiei
2110 5116 2274 5171 posse
2312 5105 2613 5174 suspicatus
2646 5122 2787 5173 sum,
2817 5115 3162 5178 quantumvis
3188 5116 3346 5182 levia,
3376 5122 3495 5172 uni-

1929 5206 2081 5246 versa
2115 5202 2207 5247 aut
2244 5195 2297 5247 in
2332 5198 2575 5250 secundo
2602 5197 2739 5253 libro
2767 5202 2833 5255 ad
2891 5205 3150 5259 trutinam
3190 5210 3493 5263 revecaturi

1928 5299 2134 5347 sumus,
2180 5298 2272 5340 aut
2324 5288 2446 5342 alibi
2493 5288 2606 5357 jam
2639 5291 2925 5349 diluimus:
2965 5298 3153 5366 pagina
3191 5315 3379 5368 nempe
3403 5302 3490 5365 I8,

1927 5374 2025 5438 94,
2065 5375 2205 5440 124,
2253 5378 2359 5433 9.58
2391 5389 2445 5432 et
2497 5380 2621 5436 556.
2683 5382 2812 5449 Quae
2869 5396 3044 5440 tamen
3098 5389 3148 5440 in
3206 5388 3493 5443 Litteraria

1926 5468 2249 5533 cphemeride
2279 5466 2527 5525 Parisina
2556 5472 2767 5540 objecta
2802 5473 3039 5543 luerunt,
3069 5492 3313 5532 seorsum
3340 5496 3494 5534 com-

1929 5559 2269 5612 memoranda
2287 5560 2374 5614 hic
2388 5572 2534 5628 sunt,
2567 5562 2684 5634 [XX
2696 5563 2835 5637 XIV]
2862 5583 2965 5621 non
2980 5584 3113 5623 cum-
3133 5570 3352 5638 reliquis
3370 5586 3493 5637 per-

1930 5650 2227 5713 miscenda,
2265 5667 2330 5706 ue
2359 5654 2727 5711 adversarium
2757 5659 2940 5712 videar
2979 5663 3128 5728 parvi
3166 5661 3492 5717 laeere:sed

1928 5741 2110 5808 paucis
2142 5742 2319 5797 verbis
2350 5760 2433 5800 me
2456 5748 2765 5816 expediam,
2804 5752 2944 5818 quod
2976 5762 3029 5807 et
3058 5753 3189 5807 alias
3230 5754 3314 5807 his
3360 5770 3494 5821 quo-

1926 5845 2028 5900 que
2056 5836 2411 5903 eccurrerim,
2443 5846 2498 5891 et
2528 5839 2593 5893 ad
2622 5838 2782 5895 linem
2820 5839 2931 5909 jam
2995 5854 3246 5913 preperet
3292 5845 3485 5900 oratio.
