3970 6406
450 420 552 478 175

1883 405 1969 458 DE
2001 405 2260 461 DIDYMO

3607 402 3711 461 Πῧ

445 525 1064 599 Suntergohujusmmli.
1087 524 1125 578 ι.
1146 522 1404 594 Didymus
1424 537 1452 576 a
1470 522 1694 577 Socrate
1714 519 2019 590 ἐλλόγιμος,
2059 525 2106 580 Α
2136 520 2349 574 videtur
2372 533 2494 574 esse
2531 519 2825 573 monachus
2855 517 3048 586 aliquis
3075 517 3234 572 medii
3265 518 3402 584 aevi;
3441 532 3540 572 nec
3565 520 3710 571 enim

447 625 500 678 id
533 630 616 676 est
644 619 887 688 eloquens
923 617 1100 670 dictus
1123 624 1242 680 est;
1300 613 1585 682 theologus
1647 628 1777 666 vero
1833 623 2016 666 noster

447 730 552 770 non
580 722 662 768 est
687 710 970 780 ejusmodi.
994 708 1058 763 ll.
1081 709 1242 762 Deum
1261 716 1415 760 vocat
1433 717 1619 760 auctor
1635 707 1736 759 iste
1753 703 2022 776 ἀμεγέθη,

447 817 501 860 et
535 803 792 867 ἀνείδεον,
825 803 924 856 hoc
953 810 1035 855 est
1065 798 1444 869 magnitudinis
1459 804 1715 860 expertem
1735 812 1794 848 ac
1817 795 2023 862 fornae.

449 903 520 956 At
560 899 703 955 Petri
735 895 1023 951 Lomhardi
1048 904 1131 948 est
1159 892 1346 946 isthtec
1391 890 1595 944 locutio
1619 929 1633 953 ,
1686 899 1777 941 aut
1807 888 2026 942 alterius

453 990 733 1060 cujusdam
765 987 996 1055 theologi
1024 982 1328 1040 Lombardo
1357 982 1629 1050 supparis.
1657 978 1742 1032 lll.
1781 977 2028 1033 Vocabu-

451 1082 563 1137 lum
594 1078 943 1148 ἀνεθελησία,
991 1075 1133 1146 (ιυοά
1194 1075 1283 1128 hic
1347 1084 1534 1127 auctor
1573 1072 1812 1133 adhibet,
1860 1083 2028 1123 unum

450 1184 627 1228 estex
666 1173 751 1234 iis,
777 1186 897 1240 qua:
935 1168 1100 1223 multo
1125 1174 1247 1236 post
1272 1164 1484 1235 Didymi
1513 1175 1727 1216 tetatem
1763 1165 2029 1215 cuderunt

453 1264 789 1328 scholasxici;
836 1262 1103 1330 signiﬁcat
1137 1259 1278 1312 enim
1330 1257 1772 1317 nonvoluntatem,
1809 1268 1904 1307 seu
1935 1268 2028 1306 no-

453 1359 724 1411 luntatem.
751 1354 838 1408 IV.
873 1353 1131 1422 Didymus
1153 1351 1212 1403 ὲν
1253 1349 1404 1422 πάσῃ
1435 1348 1737 1410 παιδεύσει,
1775 1345 1825 1400 id
1864 1346 2026 1400 estin

455 1453 596 1503 omni
627 1448 894 1509 doctrina,
927 1455 1172 1499 versatus
1207 1451 1342 1509 erat,
1401 1451 1536 1495 teste
1573 1439 1811 1493 Socrate
1839 1455 1854 1504 ;
1881 1440 2032 1492 theo-

455 1541 608 1609 logus
639 1554 766 1592 vero
795 1537 946 1592 bicee
996 1550 1064 1589 ne
1119 1533 1460 1604 geographia;
1511 1532 1729 1600 quidem
1762 1529 2031 1583 elementa

457 1643 654 1687 norat:
687 1630 1008 1701 Golgotham
1040 1628 1182 1682 enim
1218 1635 1454 1681 montem
1482 1635 1638 1677 terra:
1674 1631 1912 1675 centrum
1938 1636 2025 1674 vo-

457 1735 567 1782 cat.
597 1726 838 1794 Denique
859 1739 984 1778 cum
1009 1721 1306 1791 Orpheum,
1362 1717 1688 1772 Mercurium
1733 1713 2032 1782 Trismcgi-

457 1830 624 1882 stum,
657 1816 970 1882 Pindarum,
1011 1815 1255 1882 aliosque
1277 1812 1527 1866 ethnicos
1552 1807 1777 1878 alleget,
1818 1815 1872 1860 et
1914 1804 2035 1874 qui-

2140 613 2210 666 ita
2244 627 2301 666 se
2335 610 2591 679 gessisset
2618 609 2760 664 ullus
2787 623 2852 660 ex
2887 607 3137 662 Patribus
3181 609 3358 676 quarti
3401 607 3603 662 saeculi.
3631 605 3712 661 ita

2134 703 2244 758 ille.
2278 703 2515 757 Primum
2547 711 2724 756 autem
2751 709 3123 769 argumentum
3157 698 3394 752 solutum
3428 709 3514 753 est
3549 697 3708 766 paulo

2133 807 2282 848 ante.
2307 795 2547 848 Alterum
2567 793 2838 845 inlirmnm
2867 806 2985 845 esse
3011 801 3190 860 patet:
3217 790 3536 845 vocabulum
3560 789 3707 842 enim

2131 884 2414 955 ἀμεγέθης
2441 882 2545 937 alia
2571 883 2812 951 quidem,
2852 881 2958 934 imo
2989 881 3263 934 contraria
3312 881 3712 950 signiﬁcatione

2129 994 2158 1031 a
2195 977 2432 1047 Longino
2483 975 2534 1029 in
2571 974 2708 1028 libro
2737 972 2880 1041 Περὶ
2919 972 3118 1040 ὕψους
3162 972 3460 1026 adhibitum
3499 971 3709 1033 fuerat,

2131 1069 2321 1122 eodem
2345 1077 2548 1130 autem,
2575 1081 2682 1136 quo
2711 1066 2762 1118 iu
2793 1067 2940 1119 hisce
2964 1063 3038 1117 De
3074 1061 3327 1116 Trinitate
3353 1063 3524 1126 libris,
3545 1077 3710 1118 sensu

2135 1171 2462 1228 usurpatum
2493 1157 2660 1212 fuisse
2697 1158 2862 1211 etiam
2891 1173 2919 1208 a
2947 1154 3175 1226 Didymo
3203 1153 3316 1224 jam
3367 1156 3706 1208 ostendimus

2131 1254 2376 1322 superius
2402 1267 2522 1322 cap.
2575 1251 2660 1316 12,
2712 1250 2950 1317 itemque
2990 1264 3110 1319 pag.
3147 1247 3236 1314 '59,
3276 1247 3522 1311 84,1”.
3573 1246 3713 1302 Ter-

2134 1345 2264 1398 tium
2293 1343 2448 1412 paulo
2488 1341 2736 1412 superius
2775 1340 3029 1393 diluimus
3057 1354 3173 1408 cap.
3223 1339 3278 1402 8,
3328 1349 3384 1393 et
3425 1354 3544 1409 pag.
3583 1338 3714 1404 151,

2137 1445 2190 1490 ct
2223 1451 2409 1490 rursus
2445 1451 2564 1505 pag.
2621 1433 2760 1498 HS;
2806 1445 3091 1501 quartum,
3140 1448 3260 1501 pag.
3314 1432 3416 1496 55;
3465 1431 3712 1500 quintum

2133 1529 2384 1596 denique,
2442 1543 2558 1596 pag.
2597 1526 2685 1592 69,
2739 1527 2981 1593 atquein
3034 1526 3172 1581 notis
3202 1526 3268 1578 ad
3312 1524 3378 1578 27
3413 1532 3578 1592 eaput
3625 1537 3718 1576 se-

2134 1621 2290 1674 cundi
2337 1620 2480 1677 libri.
2517 1620 2678 1689 Lege,
2735 1635 2938 1687 quaeso,
2979 1619 3154 1671 omnia
3209 1617 3384 1671 btecce
3413 1632 3532 1685 qum
3573 1615 3720 1667 indi-

2135 1713 2250 1764 cavi
2286 1712 2440 1777 loca;
2499 1711 2779 1780 apparebit
2827 1716 2991 1776 enim,
3045 1721 3103 1763 ut
3136 1709 3368 1772 conﬁdo,
3415 1707 3717 1761 rationibus

2137 1805 2204 1858 ab
2229 1805 2540 1857 adversario
2559 1804 2731 1858 allatis
2755 1821 2859 1856 non
2880 1803 3140 1856 inﬁrmari
3164 1803 3488 1857 sententiam
3513 1814 3716 1862 meam,

458 1911 578 1962 dem
604 1909 672 1964 de
697 1917 1049 1963 sacrosancto
1077 1903 1360 1958 Trinitatis
1423 1901 1682 1971 mysterio
1733 1898 2035 1968 disputans,
2070 1897 2109 1950 Il
2141 1895 2231 1948 sed
2268 1893 2596 1948 conﬁrmari.

465 2112 515 2132 -
529 2110 817 2125 ...ι’-...ιι
828 2107 1059 2125 um
1065 2105 1330 2120 ρ-οα-..κ-

1981 2100 2140 2112 ..ο-αυ-

2143 2099 2514 2110 Μ

1540 2266 1899 2352 LIBER
1972 2240 2678 2352 SECUNDUS.

1392 2481 1472 2526 DE
1523 2479 1746 2524 DIDYMI
1794 2477 2065 2522 PLACITIS
2121 2477 2324 2520 ATQUE
2379 2474 2798 2520 OPINIONIBUS.

533 2768 796 2838 Quoniam
830 2767 1021 2831 trium,
1048 2781 1182 2836 quos
1209 2765 1263 2820 in
1291 2763 1464 2819 lucem
1506 2780 1644 2819 nunc
1668 2763 1898 2834 primum
1922 2761 2036 2816 edi-

464 2876 605 2920 mus,
630 2860 890 2913 librorum
917 2866 1188 2912 auctorem
1212 2855 1380 2911 fuisse
1406 2854 1711 2924 Didymum,
1747 2851 1904 2916 satis,
1932 2850 2034 2904 nisi

470 2966 588 3006 mea
611 2965 697 3006 me
722 2949 854 3004 fallit
879 2949 1083 3018 opinio,
1109 2948 1388 3017 superiore
1426 2945 1565 3000 libro
1596 2957 1875 3000 ostensum
1907 2941 2032 3007 fuit;

471 3045 537 3093 de
578 3037 736 3109 hujus
774 3038 871 3092 viri
901 3034 1117 3107 placitis
1155 3050 1444 3106 parumper
1498 3049 1640 3089 nunc
1685 3033 1828 3102 loqui
1857 3047 2036 3100 operte

467 3131 697 3196 pretium
744 3146 865 3187 esse
921 3129 1195 3193 existimo,
1252 3126 1544 3182 Francisce
1587 3126 1780 3181 Carala
1843 3125 2038 3194 praesul

467 3223 821 3293 amplissime,
853 3237 916 3277 ac
945 3220 1224 3292 preposito
1255 3233 1372 3272 meo
1426 3230 1768 3284 summopere
1811 3229 2040 3269 consen-

469 3325 710 3371 taneum.
744 3314 856 3369 Etsi
895 3314 1036 3368 enim
1066 3313 1248 3382 plures
1278 3312 1344 3366 de
1369 3309 1539 3380 ipsius
1555 3308 1684 3371 vita,
1713 3307 2041 3375 scriptisque

467 3402 679 3474 egerint
703 3401 1087 3472 perdiligenter
1111 3444 1125 3468 ,
1155 3414 1313 3455 nemo
1348 3408 1527 3453 tamen
1554 3398 1816 3454 hactenus
1838 3435 1853 3460 ,
1878 3410 2040 3465 quem

470 3493 673 3556 norim,
703 3491 846 3546 illius
863 3490 1143 3559 opiniones
1164 3490 1297 3545 satis
1319 3497 1574 3544 accurate
1594 3496 1912 3556 persecutus
1935 3493 2039 3540 est.

468 3580 656 3650 itaque
677 3581 790 3646 ipse
822 3581 1002 3652 priora
1033 3580 1120 3634 illa
1155 3579 1437 3644 omittens,
1479 3577 1547 3633 de
1574 3575 1869 3648 postremis
1894 3575 2042 3630 hisce

469 3672 730 3726 duntaxat
763 3686 941 3740 agam,
986 3686 1088 3726 non
1117 3670 1258 3738 quod
1287 3669 1522 3724 arbitrer
1564 3676 1678 3723 tuto
1703 3682 1802 3722 nos
1842 3666 2041 3736 ubique

466 3763 579 3831 jam
608 3779 762 3832 posse
787 3764 1148 3825 incedere,ac
1201 3761 1368 3815 veluti
1414 3759 1606 3829 pedem
1656 3759 1818 3830 ﬁgere
1843 3757 2042 3829 (plera-

469 3872 577 3927 que
608 3856 752 3912 enim
786 3857 890 3910 alia
948 3853 1183 3922 theologi
1243 3850 1467 3918 hujusce
1521 3863 1686 3920 Opera
1739 3864 1806 3904 ex
1848 3850 2043 3919 quibus

472 3951 643 4021 major
671 3960 854 4020 posset
887 3951 974 4003 lux
1000 3949 1278 4018 allulgere,
1311 3946 1751 4016 interciderunt),
1783 3945 1875 4000 sed
1895 3945 2040 4016 quod

472 4057 610 4097 nova
637 4042 830 4096 aﬁ‘erre
857 4056 1012 4110 posse
1040 4041 1172 4096 mihi
1206 4043 1412 4105 videar,
1453 4056 1626 4112 eaque
1658 4040 1754 4095 tibi
1793 4039 2042 4094 veritatis

474 4134 844 4189 amantissimo
871 4150 974 4187 non
997 4133 1222 4188 omnino
1258 4134 1544 4203 injucunda
1593 4132 1710 4186 lore
1751 4131 2037 4187 conlidam.

475 4225 548 4279 lla
572 4227 714 4280 enim
741 4225 823 4280 his
849 4227 916 4279 de
974 4223 1132 4278 rebus
1170 4224 1412 4280 scribere
1462 4224 1674 4278 animus
1721 4231 1825 4288 est,
1856 4232 1915 4277 ut
1945 4221 2037 4275 Di-

472 4318 632 4386 dymo
653 4317 945 4386 generatim
976 4329 1072 4369 nec
1108 4313 1287 4369 lavere
1327 4323 1533 4368 certum
1582 4313 1675 4380 sit,
1716 4327 1889 4378 neque
1943 4313 2038 4365 ad-

2143 2759 2431 2813 levioribus
2499 2771 2637 2810 nunc
2697 2757 2931 2810 breviter
2998 2757 3196 2821 dicam,
3263 2757 3327 2810 de
3377 2757 3718 2826 gravioribus

2146 2851 2313 2905 iusius
2339 2852 2390 2904 iu
2421 2859 2712 2919 posterum.
3650 2899 3654 2902 ,

2213 2941 2394 2997 Primo
2429 2942 2592 3012 igitur
2626 2939 2704 2994 sic
2746 2955 2868 2992 ettm
2927 2947 3169 2994 accusat.
3205 2938 3390 2994 Nescio
3437 2959 3585 3011 quos,
3635 2943 3718 2997 ir.-

2143 3037 2276 3106 quit,
2326 3034 2666 3102 evangelistas
2708 3033 2873 3100 carpit
2923 3035 2974 3086 in
3016 3033 3033 3086 l
3077 3034 3232 3089 Joan.
3271 3033 3510 3108 [XXXV]
3563 3039 3717 3106 quasi

2143 3128 2370 3198 antiqua:
2426 3126 2524 3195 legi
2577 3125 2732 3179 nimis
2795 3125 2991 3179 addicti
3062 3139 3316 3198 prwcepta
3376 3146 3504 3183 nova
3563 3145 3720 3196 repu-

2141 3221 2368 3273 diarent.
2399 3217 2503 3272 Sed
2533 3219 2784 3287 equidem
2843 3220 3030 3286 miror,
3076 3231 3135 3273 ut
3162 3221 3334 3275 dicam
3360 3221 3411 3275 id
3446 3223 3589 3292 quod
3627 3238 3718 3278 res

2141 3323 2224 3367 est
2262 3311 2486 3382 Didymo
2516 3312 2638 3364 talia
2663 3310 2842 3379 objici.
2889 3310 3065 3366 Allert
3090 3312 3158 3366 ibi
3183 3311 3443 3383 Didymus
3473 3318 3585 3383 ipse
3601 3319 3718 3371 hac

2141 3402 2417 3472 Epistolte,
2475 3417 2636 3470 quam
2671 3403 2944 3471 explanat,
2983 3404 3140 3456 verba
3174 3420 3188 3458 :
3224 3403 3555 3472 Charissimi,
3612 3424 3720 3463 non

2143 3510 2333 3547 novum
2364 3497 2669 3548 mandatum
2720 3495 2886 3547 scribo
2920 3495 3056 3549 vobis
3093 3495 3157 3563 ⁸⁷,
3212 3509 3316 3550 etc.
3373 3496 3507 3549 Tum
3545 3514 3605 3551 ea
3637 3499 3721 3554 sic

2143 3586 2416 3654 esplicare
2449 3587 2792 3658 aggreditur:
2828 3585 2965 3651 Quia
3014 3586 3150 3656 forte
3200 3589 3518 3659 derogabaat
3551 3591 3718 3660 aliqui

2149 3678 2481 3748 evangelista:
2535 3689 2658 3732 tunc
2707 3679 2982 3743 doctrinm,
3041 3690 3290 3750 tanquam
3340 3682 3450 3734 heri
3476 3693 3522 3736 et
3556 3699 3721 3749 nuper

2144 3771 2382 3837 inceptae,
2421 3771 2566 3824 docet
2600 3771 2723 3840 quia
2753 3771 3061 3823 mandatum
3099 3772 3276 3824 scribit
3313 3788 3415 3825 non
3439 3783 3561 3825 tunc
3607 3774 3720 3842 pri-

2143 3863 2300 3915 mitus
2327 3862 2623 3915 hominibus
2650 3855 2854 3915 datum.
2887 3863 3019 3928 Quis
3066 3878 3232 3932 porro
3263 3877 3365 3917 non
3417 3863 3582 3926 videt,
3617 3879 3718 3917 vo-

2144 3951 2412 4016 cabulum,
2465 3952 2819 4020 evangelium,
2880 3967 2986 4005 non
3027 3967 3147 4006 esse
3194 3953 3280 4008 hic
3326 3955 3718 4011 nominativum

2145 4043 2405 4113 pluralem
2437 4058 2622 4097 casum
2656 4044 2841 4112 (pudet
2868 4060 2974 4109 me,
3009 4045 3197 4112 lector,
3247 4048 3312 4101 ad
3365 4049 3718 4116 grammatica

2149 4144 2198 4187 te
2227 4135 2527 4203 revocare),
2581 4137 2672 4190 sed
2708 4150 2827 4190 esse
2878 4137 3172 4206 genitivum
3227 4139 3573 4209 singularem,
3607 4155 3722 4212 quo

2144 4221 2375 4277 Joannes
2403 4223 2517 4292 ipse
2544 4224 2796 4291 Epistolte
2832 4226 2971 4280 illius
3003 4236 3188 4280 anetor
3229 4229 3578 4298 designatur?

2214 4313 2304 4367 Ait
2351 4315 2587 4367 secundo
2648 4313 2984 4383 Basnagius'
3027 4335 3044 4366 ‹
3078 4316 3334 4372 Homines
3389 4334 3604 4388 pravos,
3659 4331 3719 4377 et

473 4406 702 4469 versari,
738 4407 832 4459 sed
870 4405 957 4458 illa
985 4403 1378 4467 tantummodo,
1409 4419 1530 4473 quae
1576 4417 1706 4459 vera
1763 4401 1920 4465 mihi,
1947 4409 2039 4455 aut
2072 4437 2116 4491 Β
2140 4404 2250 4474 jam
2283 4415 2482 4462 aeterno
2521 4408 2803 4464 damnatos
2860 4410 3120 4481 supplicio
3167 4413 3538 4479 pmnitentiam
3587 4416 3720 4470 οιῑιιι

475 4496 849 4550 verisimiliora
882 4496 1222 4556 videbuntur,
1263 4495 1498 4550 breviter
1529 4509 1848 4564 proponere,
1880 4502 2043 4562 atque

475 4587 723 4656 amplecti
751 4603 765 4650 ;
793 4603 911 4652 qute
943 4597 1120 4642 autem
1147 4588 1461 4641 obscuriora
1491 4586 1690 4641 fuerint
1719 4625 1736 4651 ,
1771 4596 1933 4655 atque
1964 4585 2043 4638 iu-

474 4684 644 4736 ccrta,
667 4674 718 4725 in
751 4675 926 4727 medio
956 4675 1276 4744 relinquere.
1304 4677 1380 4729 Ae
1431 4691 1501 4729 ne
1543 4675 1725 4730 multis
1778 4684 1830 4730 te
1864 4675 2044 4729 verbis

475 4767 734 4821 inutiliter
757 4767 1496 4833 nuncdetineam,eset-dior
1545 4770 1728 4822 statim
1793 4769 1845 4822 in
1899 4769 2045 4822 hunc

475 4863 711 4915 modum.

473 4976 604 5031 CAP.
643 4979 682 5030 l.
724 4975 801 5030 De
830 4977 1103 5030 levioribus
1143 4977 1327 5030 Jacobi
1383 4975 1629 5044 Basnagii
1678 4976 1732 5028 in
1765 4974 2043 5044 Didymum

1041 5047 1484 5099 accusationibus.

550 5137 788 5191 Plurima
829 5138 1108 5208 Didymum
1150 5138 1204 5191 in
1258 5135 1737 5198 Enarrationibus,
1783 5141 1945 5202 atque
1992 5133 2043 5185 in

478 5229 615 5283 libro
643 5229 763 5284 adv.
812 5228 1155 5294 Blattio/imas,
1223 5227 1430 5280 veritati
1477 5229 1646 5281 minus
1700 5235 2046 5278 consentanea

478 5323 746 5384 docuisse,
772 5322 1005 5374 allirmat
1029 5322 1189 5375 homo
1211 5321 1571 5375 lielerodoxus
1590 5317 1823 5372 Jacobus
1845 5315 2047 5369 Basna-

478 5414 597 5484 gius
617 5424 764 5469 tonio
795 5413 811 5465 l
837 5412 1488 5480 Lectionumantiquarum
1525 5408 1747 5473 Cauisii,
1782 5423 1902 5477 pag.
1924 5406 2046 5472 199,

479 5505 570 5560 ubi
594 5520 654 5559 ea
676 5505 854 5558 omnia
887 5513 1297 5567 commemorat,
1352 5505 1421 5555 ob
1451 5517 1570 5572 quae
1622 5499 1814 5553 merito
1875 5497 2047 5566 ipsum

478 5589 728 5660 redargui
763 5605 921 5659 posse
973 5591 1288 5645 arbitratur.
1333 5588 1466 5644 Cum
1514 5598 1692 5641 autem
1744 5584 2047 5655 hujusmodi

477 5683 884 5739 accusationum
922 5684 1039 5738 alim
1062 5684 1292 5739 leviores
1336 5683 1462 5747 sint,
1495 5679 1771 5750 grai-iores
1796 5678 1912 5733 alite
1939 5694 1955 5744 ;
1985 5678 2049 5734 de

555 5861 596 5896 ι’
626 5861 646 5916 l
679 5859 829 5918 Joan.
869 5881 927 5929 ιι,
959 5866 1016 5919 7.

2148 4510 2386 4567 acturos,
2417 4510 2475 4554 ut
2524 4510 2579 4555 et
2625 4502 2919 4568 daemonas,
2991 4505 3290 4562 credidit...
3342 4507 3592 4574 Quiuimo
3648 4509 3721 4564 de

2147 4592 2497 4647 conversione
2548 4591 2764 4657 diaboli,
2802 4596 2955 4663 quasi
2992 4593 3103 4662 jam
3139 4595 3302 4663 facta,
3328 4597 3470 4666 loqui
3499 4599 3719 4653 videtur

2147 4684 2222 4753 (in
2256 4683 2356 4752 Ep.
2393 4682 2572 4748 Judw,
2605 4700 2656 4754 p.
2689 4685 2778 4754 88)
2807 4704 2819 4738 :
2852 4683 3159 4740 Ostenditur
3195 4693 3328 4741 enim
3358 4705 3422 4742 ex
3454 4691 3720 4745 communi

2146 4789 2320 4836 sensa,
2352 4789 2500 4840 quem
2532 4773 2779 4826 habemus
2805 4776 2865 4827 de
2901 4777 3102 4829 cunctis
3137 4777 3437 4843 animabus,
3464 4780 3720 4846 quoniam

2147 4880 2260 4916 cum
2286 4865 2387 4915 sint
2427 4865 2572 4916 liberi
2597 4865 2823 4930 arbitrii,
2844 4876 2891 4919 et
2923 4869 3187 4921 conversio
3232 4870 3296 4922 sit
3327 4869 3469 4939 facta
3489 4871 3716 4936 diaboli,

2145 4954 2281 5021 quod
2317 4971 2417 5006 non
2461 4957 2530 5006 sit
2591 4955 2782 5009 malus.
2813 4975 2830 5006 ι
2889 4957 2992 5012 Sed
3044 4958 3131 5013 hic
3187 4975 3400 5029 quoque
3442 4971 3491 5014 te
3524 4963 3718 5027 miror,

2148 5045 2396 5112 Basnagi,
2431 5061 2528 5100 nec
2575 5047 2889 5101 vocabulum
2945 5052 3212 5105 conversio
3252 5052 3598 5118 intellexisse,
3638 5066 3720 5122 et,

2148 5136 2286 5203 quod
2329 5135 2478 5204 pejus
2518 5145 2620 5201 est,
2675 5137 2882 5209 Didymi
2926 5142 3086 5196 verba
3121 5151 3228 5197 tam
3274 5143 3564 5200 inﬁdeliter
3594 5133 3722 5214 prci-

2150 5225 2306 5279 lcrre.
2349 5227 2416 5279 Eu
2453 5227 2527 5281 sic
2564 5244 2621 5280 se
2653 5229 2853 5282 habent
2888 5245 2901 5282 :
2936 5231 3046 5285 Nec
3092 5243 3167 5286 est
3211 5234 3454 5288 diabolus
3509 5245 3721 5294 terrena

2147 5321 2479 5383 substantia;
2505 5320 2684 5373 habuit
2727 5325 2862 5376 enim
2890 5325 3174 5394 aliquando
3210 5326 3440 5379 divinam
3470 5325 3722 5397 gloriam,

2148 5421 2194 5461 et
2231 5422 2464 5463 sanctam
2497 5410 2590 5464 Dei
2625 5415 2920 5477 scientiam,
2958 5417 3077 5470 licet
3113 5433 3389 5472 conversus
3418 5420 3483 5472 de
3509 5421 3724 5489 magni-

2152 5499 2331 5552 tudine
2359 5508 2506 5552 tanta
2547 5503 2807 5556 ceciderit.
2835 5503 3145 5557 Ostenditur
3175 5507 3350 5574 itaque
3382 5522 3446 5560 ea:
3483 5524 3724 5562 contmn-

2151 5589 2202 5639 ni
2258 5605 2433 5650 sensu.
2479 5608 2629 5658 quem
2677 5591 2922 5647 habemus
2964 5597 3027 5648 de
3078 5599 3278 5651 cunctis
3332 5599 3722 5662 rationalibus.

2149 5681 2417 5750 quon-iam,
2472 5699 2588 5736 cum
2639 5686 2740 5740 sint
2794 5685 2944 5740 liberi
2980 5689 3210 5757 arbitrii,
3249 5701 3296 5744 ct
3349 5693 3613 5747 conversio
3652 5695 3724 5748 sit
