3970 6406
256 412 353 467 Ιῗτ

1431 416 1997 475 COMMENTARIUS.
2040 450 2109 459 —
2148 421 2275 476 LIB.
2319 422 2380 477 li.

3416 437 3516 491 178

251 532 390 598 facta
440 529 651 593 diaboli,
706 539 901 583 natura
945 547 1047 585 non
1098 532 1272 586 mulus
1320 542 1417 585 est.
1460 531 1590 599 Cur,
1625 551 1829 603 quaeso,
1863 540 1903 595 A
1935 539 2152 608 dymum
2188 558 2289 592 non
2325 543 2479 594 modo
2534 559 2636 596 non
2686 545 2914 611 inlicior,
2947 548 3039 601 sed
3072 557 3124 601 et
3160 551 3313 613 addo,
3353 551 3435 607 bis
3460 554 3514 609 id

254 624 429 678 addita
462 623 644 676 vocula
676 626 821 689 quod
858 625 1177 677 sententiam
1210 641 1423 679 onmem
1480 628 1826 695 perturbasli,

252 726 416 785 atque
444 715 497 767 in
524 712 775 767 Latinam
812 714 1191 784 Didytnearntu
1226 716 1632 771 Ennrrationum
1665 720 1830 773 inter-

252 807 626 871 pretationem,
674 822 795 874 qttze
841 808 972 860 satis
1000 809 1287 876 caeteroqui
1332 824 1429 877 per
1457 826 1515 863 se
1555 810 1829 880 inelegans

251 912 348 961 est,
380 914 579 951 novum
609 899 1004 953 barbarismum
1073 900 1360 955 invexisti?
1390 902 1500 955 Cur
1530 903 1646 956 loco
1684 904 1830 958 vocis

226 978 619 1052 ‘rationalibus,
668 1005 791 1059 qme
852 1001 1073 1047 naturas
1128 998 1335 1047 ratione
1392 1011 1496 1047 non
1546 995 1830 1051 destitutas

261 1084 491 1143 denotat.
527 1082 794 1151 subrtigas
840 1098 1023 1137 vocent
1077 1084 1395 1142 animabus?
1442 1086 1551 1141 Cur
1599 1089 1829 1158 denique

260 1175 589 1237 vocabulum,
621 1188 837 1239 natura,
888 1178 1027 1245 quod
1076 1179 1221 1232 nullo
1262 1180 1420 1233 modo
1472 1181 1827 1235 omittendum

263 1274 388 1331 erat,
425 1264 696 1321 omisisti?
721 1265 936 1319 Falsum
992 1281 1119 1322 Sane
1156 1276 1254 1330 est,
1282 1269 1544 1322 diabolum
1588 1289 1691 1326 non
1721 1290 1829 1327 esse

254 1357 442 1408 malum
474 1370 491 1407 :
524 1356 616 1410 sed
664 1372 849 1410 verum
892 1369 996 1419 est,
1032 1359 1297 1412 diabolum
1343 1379 1445 1414 non
1489 1379 1598 1415 esse
1637 1380 1826 1417 natura

252 1448 470 1501 malum.
510 1447 642 1501 Illud
691 1448 825 1501 falso
861 1452 1052 1504 tribuis
1092 1450 1350 1518 Didymo;
1386 1454 1489 1508 hoc
1542 1471 1667 1509 vere
1694 1458 1830 1510 dixit

255 1537 551 1605 Didymus:
585 1553 648 1591 eo
694 1539 837 1592 enim
873 1554 1032 1593 sensu
1071 1553 1229 1611 negat
1275 1544 1543 1598 diabolum
1580 1560 1701 1601 esse
1736 1564 1828 1601 na-

250 1638 363 1681 tura
400 1632 623 1695 malum,
656 1644 763 1697 quo
800 1642 990 1683 natura
1026 1634 1218 1685 malum
1271 1650 1390 1689 eum
1425 1638 1671 1693 dicebant
1708 1642 1826 1695 Ma-

255 1719 471 1785 uicheei,
503 1736 638 1790 quos
685 1721 757 1775 ibi
800 1722 997 1777 refellit
1042 1727 1321 1796 theologus
1357 1740 1538 1783 noster
1568 1750 1580 1784 :
1610 1732 1681 1783 ita
1718 1733 1825 1786 sci-

250 1813 371 1869 licet
403 1816 521 1869 vult
567 1817 738 1885 ipsum
791 1833 910 1873 esse
962 1818 1176 1886 malum,
1212 1832 1267 1875 ut
1287 1838 1351 1875 ex
1383 1822 1629 1879 electione
1656 1827 1827 1881 malus

1931 636 1998 682 ah
2025 647 2088 684 eo
2114 631 2363 685 allirmari
2409 635 2459 686 in
2486 637 2567 686 his
2597 638 2757 689 etiam
2792 636 2866 691 De
2904 637 3161 693 Trinitate
3193 641 3359 707 libris,
3383 659 3509 713 pag.

1932 722 2055 784 1δ7,
2083 733 2135 775 et
2171 738 2338 787 segni.
2395 725 2483 787 67,
2527 742 2619 778 seti
2674 742 2794 796 pag.
2860 728 2982 789 l8l.
3035 740 3147 783 not.
3221 730 3393 786 Tuum
3425 750 3513 787 er-

1931 827 1998 881 go
2030 815 2134 866 erit
2157 817 2460 879 ostendere,
2498 819 2549 869 td
2577 817 2709 870 falso
2738 819 2842 872 dici
2877 835 2890 871 :
2922 836 3019 890 ego
3047 837 3177 877 sane
3212 839 3314 893 qua
3344 826 3511 878 ratio.

1934 920 2000 957 ne
2029 907 2257 974 probare
2290 906 2393 961 hoc
2426 908 2623 976 possis,
2659 910 2966 978 nonvideo.
2998 910 3092 966 Sin
3130 924 3311 969 autem
3348 914 3511 985 Didy-

1930 995 2004 1049 mi
2036 1011 2139 1051 non
2174 1000 2492 1053 sententiam
2542 1002 2841 1070 redarguis,
2873 1004 2965 1056 sed
3023 1008 3506 1071 ratiocinationem,

1932 1085 1984 1141 id
2018 1088 2295 1156 redarguis
2346 1092 2487 1157 quod
2541 1105 2645 1144 non
2687 1092 2957 1159 intelligis.
3016 1092 3124 1149 Nec
3174 1097 3315 1149 enim
3344 1113 3507 1167 argu-

1931 1186 2218 1240 mentatur,
2257 1190 2314 1232 ιιι
2362 1190 2413 1232 tu
2463 1190 2640 1248 putas,
2690 1181 2948 1250 Didymus
2990 1184 3056 1238 ad
3087 1186 3227 1238 hunc
3267 1189 3505 1245 modum.

1929 1270 2093 1325 Judas
2142 1282 2255 1325 erat
2292 1272 2408 1325 ovis
2444 1271 2643 1327 Christi
2677 1292 2689 1326 :
2718 1290 2846 1344 ergo
2889 1291 2991 1328 non
3018 1285 3135 1331 erat
3178 1278 3367 1331 malus.
3399 1280 3507 1334 Sed

1929 1363 2031 1417 hoc
2067 1377 2240 1432 pacto.
2280 1365 2443 1420 Judas
2477 1377 2594 1419 erat
2639 1369 2756 1421 ovis
2800 1368 2998 1422 Christi
3026 1385 3041 1417 ε
3067 1386 3195 1439 ergo
3238 1386 3341 1425 non
3390 1381 3509 1426 erat

1930 1466 2117 1508 natura
2149 1457 2343 1517 malus,
2376 1472 2533 1511 sensu
2568 1456 2893 1523 Manichaeo;
2921 1462 3013 1513 sed
3049 1459 3219 1515 factus
3248 1472 3332 1514 est
3359 1472 3509 1529 post-

1929 1562 1991 1601 ea
2022 1547 2191 1601 malus
2238 1564 2304 1602 ex
2339 1550 2632 1603 mutatione
2688 1551 2871 1603 libera:
2911 1551 3219 1605 voluntatis.
3255 1552 3383 1617 Quae
3420 1569 3509 1606 ar-

1929 1640 2257 1707 gumentatio
2293 1640 2360 1694 ab
2404 1654 2470 1694 eo
2512 1648 2721 1695 tantum
2754 1642 2955 1709 despici
2989 1652 3181 1710 potest,
3213 1645 3301 1711 qui
3332 1644 3506 1698 Mani-

1928 1734 2199 1786 chmorum
2224 1744 2459 1803 systema
2497 1733 2726 1803 ignoret.
2762 1734 2817 1787 Id
2853 1744 3032 1786 autem
3065 1750 3206 1788 nunc
3233 1750 3504 1804 exponere

1932 1837 2106 1875 meum
2136 1838 2239 1875 ﬂOl'l
2264 1832 2366 1877 εει.

254 1907 427 1961 lactus
463 1908 556 1974 sit,
580 1925 681 1963 non
716 1926 782 1965 ex
813 1915 1115 1966 necessitate
1161 1926 1364 1968 natura:
1388 1934 1498 1970 sua:
1526 1919 1593 1972 sit
1628 1920 1821 1974 malus.

1996 1909 2199 1977 Quarto
2236 1912 2517 1983 Didymutn
2569 1913 2643 1966 ita
2703 1914 2876 1983 carpit
2940 1915 3251 1985 Basnagius.
3311 1934 3329 1969 ι
3361 1914 3507 1970 Inter

315 1998 475 2063 Quod
520 2016 650 2056 vero
695 2014 904 2073 spectat
942 2006 1008 2060 ad
1051 2006 1244 2061 diaboli
1283 2010 1689 2075 conversionem,
1740 2028 1823 2067 re-

254 2092 494 2149 ctissime
535 2109 656 2151 eam
700 2097 918 2153 admisit
964 2099 1217 2170 Didymus
1257 2116 1375 2156 cum
1406 2104 1457 2156 in
1494 2104 1656 2159 allato
1682 2106 1821 2171 loro,

254 2196 357 2239 tum
384 2188 438 2240 in
472 2203 656 2257 opere,
686 2190 823 2258 quod
856 2206 1001 2246 nunc
1035 2194 1157 2252 edo,
1193 2207 1312 2263 pag.
1350 2194 1452 2249 150
1469 2209 1521 2249 et
1552 2201 1820 2266 sequenti,

254 2290 357 2332 tum
392 2279 610 2333 demum
640 2281 693 2335 in
725 2282 861 2337 libro
894 2281 971 2336 De
1011 2281 1212 2351 Spiritu
1242 2298 1441 2344 sancto,
1477 2304 1623 2342 num.
1669 2291 1735 2343 12
1769 2303 1825 2345 et

253 2372 394 2426 alibi.
434 2371 545 2428 Nec
572 2374 713 2427 enim
738 2376 1024 2440 conversio,
1054 2391 1214 2444 quam
1244 2377 1429 2432 Cra-ce.
1462 2382 1669 2453 τροπήν
1696 2385 1825 2438 dicit

253 2462 526 2533 Didymus,
558 2468 917 2533 penitentiam
950 2470 1321 2525 tantummodo
1365 2472 1652 2539 signiﬁcat,
1682 2486 1737 2528 ut
1769 2486 1822 2529 tu

253 2565 431 2623 putas,
459 2557 602 2624 quod
629 2566 841 2611 veteres
875 2557 1061 2613 Patres
1089 2569 1181 2613 aut
1217 2577 1319 2614 non
1350 2562 1559 2632 legeris,
1595 2577 1687 2619 aut
1716 2583 1819 2620 non

261 2644 628 2713 intellexeris;
662 2649 754 2701 sed
785 2664 1164 2717 quamcunque
1199 2651 1382 2715 animi,
1420 2664 1508 2708 aut
1539 2655 1825 2712 voluntatis

256 2736 630 2801 mutationem,
662 2738 776 2793 sive
802 2738 939 2793 mala
998 2740 1088 2793 tiat
1135 2756 1200 2795 ex
1252 2742 1414 2809 bona,
1444 2760 1538 2800 seu
1588 2748 1823 2803 vicissim

252 2827 387 2881 bona
441 2825 705 2883 eﬂiciatur
756 2844 821 2882 ex
866 2830 1024 2883 tnala.
1067 2829 1208 2885 Nihil
1245 2848 1374 2901 ergo
1417 2836 1561 2890 aliud
1607 2837 1718 2892 vnlt
1755 2840 1823 2894 ibi

253 2914 530 2985 Didymus,
570 2916 671 2969 nisi
711 2917 981 2971 diabolum
1013 2934 1117 2974 non
1138 2937 1256 2976 esse
1285 2925 1561 2981 conditum
1603 2928 1823 2994 malum,

248 3007 339 3060 sed
391 3007 547 3077 prius
593 3007 758 3063 fuisse
799 3009 1017 3077 bonum,
1063 3023 1174 3067 tum
1212 3014 1412 3071 factum
1449 3031 1569 3073 esse
1605 3018 1822 3085 malum,

251 3098 483 3167 ideoque
518 3115 623 3153 non
659 3103 984 3169 necessario,
1009 3103 1100 3158 sed
1135 3105 1323 3161 libere.

320 3188 512 3289 Tertio
536 3191 815 3289 Didytnutn
850 3196 1191 3289 reprehendit
1224 3197 1516 3271 Basnagius
1540 3200 1688 3258 hisce
1709 3220 1827 3259 ver-
1856 3232 1897 3289 ο

247 3281 327 3335 bis
352 3297 367 3332 :
399 3298 419 3331 ι
451 3279 642 3335 Judam
671 3283 932 3352 optimum
966 3284 1132 3341 fuisse
1155 3303 1273 3342 cum
1292 3290 1582 3359 eligeretur
1609 3308 1637 3346 a
1670 3294 1828 3349 Chri—

253 3388 357 3443 sto,
393 3378 492 3432 sed
525 3389 711 3447 postea
743 3395 772 3433 a
826 3390 973 3435 recto
1027 3385 1241 3437 tramite
1294 3385 1535 3439 deviasse
1571 3387 1832 3455 probabat

254 3485 315 3524 es
348 3484 442 3531 eo,
477 3470 623 3538 quod
654 3470 903 3526 Christus
938 3474 1143 3528 miserit
1175 3490 1304 3530 oves
1346 3476 1487 3531 inter
1520 3478 1695 3547 lupos.
1739 3478 1833 3534 Ju-

252 3564 347 3616 ἀεὶ
389 3562 537 3617 enim
578 3563 791 3617 luerunt
832 3564 905 3620 illi
957 3581 1180 3636 rapaces
1211 3568 1348 3637 lupi;
1378 3584 1508 3625 oves
1550 3588 1678 3627 vero
1705 3590 1829 3642 apo-

247 3655 409 3708 stoli:
445 3652 613 3709 ludas
663 3655 763 3709 fuit
829 3656 978 3722 ovis;
1025 3658 1208 3712 debuit
1264 3661 1428 3731 igitur
1492 3662 1630 3717 inter
1666 3666 1834 3720 bonos

251 3746 546 3800 recenseri.
582 3765 601 3798 ι
633 3746 707 3801 lta
743 3746 1061 3818 Basnagius.
1096 3749 1287 3806 Verum
1319 3768 1425 3822 quo
1448 3757 1643 3810 melius
1675 3759 1830 3811 intel-

247 3836 497 3905 ligamus,
529 3838 577 3892 si
607 3839 721 3893 lieri
748 3849 945 3909 potest,
970 3843 1096 3911 quid
1128 3845 1198 3897 sit
1227 3846 1277 3898 id
1317 3848 1459 3915 quod
1491 3849 1538 3901 ei
1570 3864 1675 3902 non
1705 3865 1831 3918 pro-

247 3938 425 4000 batur,
461 3936 677 4008 Didymi
704 3940 867 3992 verba
896 3941 1247 3995 exscribenda
1282 3953 1427 3997 sunt.
1455 3944 1505 3998 ls
1534 3959 1665 4013 ergo
1698 3944 1833 3999 libro

246 4032 361 4084 ade.
409 4029 752 4093 Maniclueos,
809 4046 930 4100 cap.
978 4032 1065 4098 ll,
1110 4035 1189 4086 sic
1237 4033 1473 4102 loquitur
1518 4051 1530 4086 :
1594 4052 1611 4085 t
1660 4034 1723 4088 Et
1768 4038 1833 4089 de

245 4122 379 4178 Juda
406 4124 672 4193 scriptum
705 4134 807 4187 est,
837 4126 976 4194 quod
1021 4134 1163 4181 esset
1195 4127 1332 4180 illius
1364 4128 1702 4195 perditionis.
1736 4129 1825 4183 Sic

246 4217 387 4268 enim
416 4214 681 4269 Dominus
714 4216 781 4270 de
814 4231 879 4271 eo
915 4216 1090 4273 dixit:
1125 4217 1292 4271 Nemo
1331 4233 1395 4271 ea:
1421 4219 1693 4287 discipulis
1709 4222 1833 4273 meis

246 4309 419 4372 periit,
468 4308 575 4361 nisi
602 4308 746 4377 [ilius
789 4310 1096 4375 perditionis
1122 4310 1187 4364 η.
1220 4310 1353 4364 Eum
1388 4316 1605 4366 vocavit
1657 4312 1833 4379 ﬁlium

248 4400 586 4466 perditionis,
616 4401 743 4469 quia
770 4399 897 4454 fecit
923 4415 1043 4469 qua:
1073 4401 1230 4471 digna
1262 4402 1479 4456 interitu
1505 4412 1657 4457 erant
1688 4420 1703 4456 :
1732 4418 1832 4457 non

246 4492 388 4544 enim
433 4507 559 4545 cum
589 4501 709 4546 erat
750 4507 887 4546 unus
916 4506 983 4545 ex
1010 4494 1294 4561 ap0sto|is,
1328 4505 1383 4548 et
1417 4510 1518 4547 una
1556 4510 1676 4548 cum
1718 4496 1822 4548 illis

1923 2015 2015 2057 eas
2062 2002 2379 2069 sententias,
2412 2024 2431 2058 ι
2471 2018 2605 2072 quas
2670 2019 2865 2074 nempe
2915 2021 2981 2060 ex
3053 2008 3275 2077 Didyme
3350 2006 3506 2061 atl‘ert

1926 2093 1982 2148 S.
2003 2092 2312 2160 Maxitnus,t
2337 2093 2530 2164 legitur
2547 2112 2648 2148 una
2672 2099 2757 2149 vix
2781 2099 3127 2163 admittenda,
3144 2115 3305 2168 quam
3329 2110 3503 2154 tamen

1926 2183 2186 2239 Maximus
2229 2185 2331 2239 sibi
2386 2187 2658 2255 propriam
2702 2188 2830 2241 facit
2861 2208 2874 2242 :
2902 2187 3125 2243 Peccata
3161 2208 3262 2243 non
3309 2207 3373 2245 ea:
3424 2208 3506 2245 vo-

1925 2278 2144 2341 luntate,
2184 2280 2267 2332 lea:
2308 2280 2587 2342 condonat,
2620 2290 2666 2333 et
2715 2281 2851 2334 Deus
2897 2298 3025 2349 pene
3064 2283 3301 2349 despicit,
3329 2294 3383 2335 ut
3411 2283 3505 2353 qui

1926 2371 1991 2422 sit
2022 2369 2243 2422 clemens
2272 2385 2333 2422 ac
2360 2370 2678 2435 misericors,
2697 2386 2788 2424 nec
2835 2371 2911 2425 vel
2940 2387 3141 2435 eorum,
3176 2388 3292 2442 qud:
3322 2373 3509 2428 volun-

1927 2464 2066 2514 taria
2093 2470 2239 2524 sunt,
2271 2462 2485 2516 immitis
2520 2462 2663 2515 ultor
2695 2464 2935 2517 exsistat.
2962 2482 2981 2515 ι
3011 2464 3278 2519 Hactenus
3305 2464 3508 2519 Basna-

1926 2556 2061 2622 gius.
2100 2554 2211 2623 Ego
2249 2570 2374 2608 vero
2405 2564 2694 2623 antequam
2720 2554 2840 2609 dico
2872 2557 2999 2625 quid
3034 2556 3285 2621 Sentium,
3317 2556 3505 2611 Graeca

1928 2647 2132 2719 Didymi
2181 2649 2339 2702 verba
2382 2647 2595 2716 profero
2624 2663 2654 2702 e
2693 2647 2909 2701 Maximi
2963 2662 3213 2703 sermone
3249 2649 3338 2715 55,
3378 2665 3503 2721 pag.

1926 2737 2051 2791 660.
2086 2737 2167 2791 Τὰ
2199 2737 2296 2808 μὲν
2320 2737 2553 2791 ἀκούσια
2578 2739 2970 2809 ἁμαρτήματα,
3005 2740 3194 2807 inquit,
3228 2740 3320 2793 καὶ
3344 2740 3505 2810 νόμος

1930 2833 2222 2901 συγχωρεῖ,
2263 2831 2358 2883 καὶ
2385 2830 2515 2894 Θεὸς
2548 2832 2763 2902 παρορᾷ
2792 2831 3170 2903 φιλάνθρωπος
3188 2830 3263 2885 ὢν
3290 2831 3384 2885 καὶ
3406 2831 3509 2885 οὐκ

1928 2922 2142 2994 ἀπηνὴς
2174 2923 2271 2975 xui.
2290 2922 2399 2975 τῶν
2433 2922 2813 2979 Eunaeum..."
2852 2922 3073 2993 Reliqua
3106 2924 3503 2977 desiderantur.

1928 3013 2180 3069 Eamdem
2226 3024 2407 3067 autem
2455 3017 2776 3069 sententiam
2820 3017 3008 3068 eodem
3058 3016 3216 3069 modo
3256 3014 3507 3071 allertex

1929 3105 2152 3175 Didyme
2180 3103 2413 3161 Joannes
2457 3108 2822 3163 Damascenus
2878 3108 2929 3161 in
2960 3105 3264 3171 Paratlelis,
3301 3108 3383 3160 tit.
3411 3107 3504 3172 91,

1933 3211 2053 3267 pag.
2087 3198 2209 3260 5:20,
2245 3198 2350 3253 nisi
2396 3200 2541 3267 quod
2594 3214 2691 3269 pro
2731 3200 2997 3268 adjective
3028 3199 3291 3252 ἑκουσίων
3316 3199 3510 3270 legitur

1935 3291 2008 3342 ibi
2037 3289 2350 3343 adverbium
2383 3289 2670 3354 ἑκουσίως,
2705 3291 2755 3343 id
2776 3300 2861 3344 est
2885 3290 3196 3347 voluntarie.

2003 3380 2099 3436 llis
2129 3382 2439 3450 praamissis,
2470 3382 2640 3437 lateor
2680 3383 2927 3451 equidem
2956 3384 3306 3438 consuevisse
3334 3382 3509 3453 Didy-

1935 3491 2078 3528 tnum
2110 3474 2342 3529 divinam
2369 3474 2709 3529 clementiam
2738 3475 2893 3529 valde
2919 3475 3198 3539 extollere,
3235 3487 3291 3529 ut
3325 3491 3391 3530 ex
3423 3476 3509 3531 bis

1936 3568 2098 3619 etiam
2134 3565 2209 3621 De
2250 3566 2509 3620 Trinitate
2536 3566 2692 3620 libris
2718 3568 2969 3635 cognosci
3013 3576 3206 3635 potest.
3238 3565 3345 3621 Sed
3372 3566 3509 3620 alla-

1943 3668 2051 3711 tam
2097 3677 2126 3711 a
2174 3659 2409 3713 Maximo
2460 3660 2780 3713 sententiam
2823 3658 2945 3729 jure
2985 3674 3143 3727 posse
3190 3650 3507 3727 reprehendi

1936 3749 2146 3805 inﬁcias
2174 3766 2257 3805 eo.
2294 3752 2437 3805 Duas
2477 3764 2671 3819 nempe
2724 3751 2837 3819 ipsa
2882 3751 3044 3804 habet
3092 3761 3291 3820 partes.
3327 3751 3508 3806 l’titna

1936 3842 2149 3911 quidem
2184 3844 2263 3897 sic
2320 3842 2387 3896 ad
2428 3842 2649 3896 verbum
2700 3845 3060 3896 convertenda
3096 3853 3179 3897 est
3209 3860 3223 3896 :
3254 3842 3506 3898 Incolun-

1936 3936 2074 3988 tario
2102 3935 2308 4004 quidem
2335 3943 2570 4005 peccata,
2605 3944 2653 3989 et
2688 3936 2772 3988 lea:
2796 3936 3076 3999 condonat,
3095 3947 3141 3990 et
3176 3935 3315 3990 Deus
3354 3938 3510 3990 dissi-

1937 4028 2122 4091 mulat,
2147 4043 2265 4080 cum
2299 4028 2363 4080 sit
2409 4028 2677 4095 benignus,
2731 4044 2832 4080 non
2870 4027 3120 4084 crudelis.
3166 4030 3235 4081 At
3279 4032 3400 4098 quis
3440 4029 3509 4082 ob

1940 4121 2053 4173 haec
2081 4119 2366 4191 Didytnnm
2404 4118 2708 4173 insimulet?
2730 4134 2851 4173 cum
2884 4121 2950 4174 de
2980 4122 3215 4189 peccatis
3239 4122 3507 4189 loquatur,

1935 4228 2055 4278 quae
2092 4212 2200 4264 sint
2242 4210 2561 4278 simpliciter
2617 4210 2996 4276 involuntaria,
3033 4227 3139 4266 non
3189 4214 3256 4266 de
3296 4212 3362 4267 iis
3392 4228 3511 4281 qua

1937 4304 2167 4371 theologi
2209 4304 2484 4373 appellant
2533 4304 2834 4357 voluntaria
2870 4307 2926 4357 in
2966 4320 3150 4361 causa.
3189 4303 3339 4371 Quod
3380 4321 3507 4360 vero

1936 4396 2127 4448 attinet
2157 4396 2223 4447 ad
2267 4395 2494 4448 alteram
2527 4399 2810 4450 sententia:
2841 4406 3071 4466 partem,
3101 4398 3223 4466 quis
3260 4413 3378 4452 eam
3411 4408 3507 4452 aut

1939 4488 2165 4552 probare
2210 4486 2369 4549 ausit,
2418 4494 2510 4539 aut
2561 4486 2890 4553 improbare,
2933 4500 3054 4540 cum
3100 4489 3171 4540 sit
3212 4490 3399 4540 mutila
3458 4496 3512 4543 et

248 4584 601 4637 ηιίηίειτειηι
649 4582 935 4647 salvatori,
979 4585 1101 4639 latis
1150 4596 1304 4650 erat;
1355 4586 1447 4639 seu
1494 4600 1615 4639 cum
1656 4586 1828 4640 racius
1863 4573 1905 4627 D
1939 4592 2096 4629 sensu
2146 4577 2372 4630 carens?
2408 4576 2765 4631 Comhetisius
2814 4578 3054 4646 quidem,
3085 4578 3239 4647 cujus
3291 4579 3513 4633 transla-

249 4686 329 4729 est
378 4676 627 4746 proditor
653 4675 771 4729 Filii
802 4676 917 4739 Dei,
956 4686 1010 4731 et
1037 4675 1300 4748 Magistri,
1332 4691 1518 4730 amans
1554 4686 1831 4745 argentum

254 4769 600 4833 perditionis.
632 4767 696 4821 Et
727 4769 850 4838 quia
880 4783 984 4822 non
1024 4778 1144 4822 erat
1192 4777 1381 4821 natura
1412 4768 1597 4826 malus.
1634 4768 1836 4836 pariter

263 4872 385 4910 cum
414 4860 541 4913 aliis
565 4859 844 4928 discipulis
865 4859 1116 4913 omnibus
1137 4859 1340 4912 audivit
1366 4874 1380 4909 :
1416 4858 1546 4910 Ecce
1571 4874 1662 4927 ego
1686 4858 1836 4909 ntitto

262 4964 346 5001 ros
386 4960 642 5021 tanquam
676 4966 789 5003 ores
821 4950 873 5002 in
903 4951 1073 5003 medio
1112 4949 1353 5017 luporum
1374 4948 1440 5002 ¹⁹.
1479 4947 1536 5002 Si
1580 4949 1731 5017 lupos
1757 4947 1839 5001 di-

264 5040 332 5091 cit
364 5055 459 5095 eos
480 5042 572 5109 qui
610 5052 870 5109 peccant;
900 5056 1029 5095 oves
1059 5056 1188 5095 vero
1219 5054 1334 5103 eos,
1362 5041 1453 5109 Qui
1494 5039 1675 5093 virtuti
1713 5053 1840 5107 ope-

269 5148 375 5185 ram
425 5144 663 5197 navant;
692 5131 860 5187 Judas
901 5142 1076 5187 autem
1121 5142 1314 5185 natura
1362 5131 1533 5186 malus
1562 5141 1701 5195 erat,
1732 5148 1835 5185 non

269 5235 379 5276 erat
423 5226 538 5279 ovis
577 5225 807 5289 Christi,
843 5224 967 5292 quia
1000 5240 1103 5277 nou
1138 5233 1222 5278 est
1250 5232 1405 5293 aptus
1434 5224 1500 5277 ad
1543 5225 1837 5277 vacandum

274 5318 443 5369 virtuti
477 5317 568 5387 qui
609 5326 801 5370 natura
838 5316 1011 5370 malus
1053 5324 1154 5369 est.
1186 5334 1203 5366 ι
1238 5314 1445 5368 Amabo
1484 5322 1554 5381 te,
1584 5312 1835 5383 Basnagi,

275 5406 392 5472 quid
426 5410 509 5461 his
538 5409 590 5463 in
620 5408 805 5462 verbis
850 5408 1267 5476 reprehensione
1306 5407 1525 5475 dignum
1557 5408 1757 5476 putas?
1780 5407 1837 5460 Si

280 5494 398 5548 illud
434 5500 645 5554 crimini
687 5500 857 5555 vertis
889 5500 1135 5569 Didytno,
1180 5499 1322 5567 quod
1384 5498 1604 5561 dixerit,
1647 5498 1836 5553 Judam

283 5583 432 5655 [XXX
447 5590 531 5663 Vl]
562 5592 734 5646 fuisse
779 5591 1004 5653 bonum,
1037 5606 1158 5643 eum
1190 5599 1310 5642 erat
1342 5605 1480 5645 unus
1528 5605 1592 5645 ex
1621 5602 1836 5661 aposto-

285 5678 362 5743 lts,
392 5694 439 5734 et
464 5696 751 5753 antequam
786 5683 1068 5735 Dominum
1102 5685 1378 5752 proderet;
1419 5685 1468 5738 id
1505 5683 1704 5738 dixisse
1744 5682 1831 5737 Di-

354 5863 394 5893 ¹⁸
417 5862 555 5920 Joan.
600 5883 732 5929 xvn.
776 5867 857 5921 l2.
929 5869 969 5898 “
998 5867 1183 5922 Matth.
1208 5885 1258 5931 ιι,
1294 5867 1373 5922 l0.

1939 4667 2082 4719 tione
2132 4666 2297 4719 utitur
2339 4665 2652 4736 Basnagius,
2694 4669 2768 4721 ita
2818 4669 3140 4723 sententiam
3183 4670 3407 4738 perfecit
3454 4682 3513 4726 ut

1940 4757 2041 4825 ipsi
2071 4755 2291 4825 placuit.
2324 4756 2543 4811 Possem
2570 4774 2667 4828 ego
2691 4759 2880 4812 eodem
2904 4758 3025 4825 jure
3051 4758 3207 4813 aliter
3225 4775 3343 4813 eam
3364 4776 3512 4815 com-

1937 4849 2102 4916 plere,
2133 4863 2196 4899 ac
2226 4847 2426 4917 legere,
2451 4850 2680 4917 exempli
2713 4851 2884 4918 gratia
2911 4867 2924 4903 :
2954 4850 3063 4905 Kal.
3109 4851 3219 4905 τῶν
3249 4853 3514 4905 ἑκουσίων

1935 4936 2176 5009 τιμωρός
2192 4938 2329 5004 ἐστι,
2355 4941 2405 4992 id
2428 4949 2530 5003 est,
2552 4950 2598 4992 et
2630 4942 3040 4995 voluntariorum
3065 4943 3253 4997 vindex
3280 4958 3376 4998 est.
3404 4942 3512 4997 Sed

1938 5031 2195 5098 quidquid
2250 5031 2319 5084 sit
2368 5031 2419 5085 id
2465 5032 2610 5100 quod
2663 5034 2899 5101 suppleri
2947 5045 3212 5102 oporteat,
3243 5035 3369 5087 illud
3417 5049 3514 5102 pro

1936 5133 2086 5176 certo
2116 5123 2314 5177 habere
2360 5139 2515 5193 posse
2559 5124 2688 5177 mihi
2723 5128 2925 5189 videor,
2968 5141 3090 5181 cum
3147 5127 3260 5181 haec
3306 5126 3513 5195 Didymi

1939 5214 2207 5267 sententia
2264 5214 2497 5267 Maximo
2548 5230 2613 5269 ac
2665 5218 3014 5278 Damasceno,
3061 5232 3198 5285 quos
3249 5218 3511 5286 integram

1946 5305 2138 5375 legisse
2174 5306 2464 5360 verisimile
2509 5317 2612 5369 est,
2645 5309 2867 5378 probata
2901 5309 3086 5373 fuerit,
3134 5310 3275 5362 haud
3331 5311 3511 5378 magni

1944 5400 2147 5454 referre
2179 5400 2225 5453 si
2258 5414 2361 5453 non
2391 5400 2647 5468 probatur
2670 5400 2958 5471 Basnagio.
2988 5403 3093 5457 Sed
3127 5406 3194 5456 ab
3226 5402 3505 5471 hiscejam

1945 5496 2094 5549 tricis
2161 5494 2392 5562 expediti
2442 5497 2509 5547 ad
2566 5496 2812 5565 graviora
2873 5507 3230 5563 transeamus,
3282 5498 3517 5568 reliquas

1944 5592 2190 5665 Basnagii
2230 5595 2284 5648 in
2330 5594 2610 5665 Didymutu
2660 5594 3028 5649 accusationes
3048 5596 3517 5649 memoraturisuo

1943 5685 2080 5740 loco.
