3970 6406
413 437 517 494 L79

806 544 934 598 Car.
974 540 1038 595 ll.
1065 538 1140 592 De
1170 533 1470 590 uisibilitate
1497 529 1613 584 Dei.

495 643 661 696 Deum
705 652 734 691 a
775 633 949 690 beatis
979 630 1252 685 mentibus
1287 641 1407 680 cum
1437 619 1718 691 angelicis.
1755 625 1866 670 tum
1900 613 1997 666 hu-

434 733 636 794 manis,
669 743 765 798 per
794 727 972 780 lumen
1016 721 1201 792 gloria:
1234 717 1478 773 intuitive
1503 709 1782 780 conspici;
1812 715 2000 760 earnm

428 841 555 880 vero
594 819 898 880 animabus,
935 815 1025 885 qui
1069 812 1387 883 purgatione
1421 823 1524 860 non
1573 804 1868 870 indigeant,
1904 798 2003 852 lm-

425 915 662 987 jnsmodi
693 912 954 966 visionem
999 915 1124 961 ante
1166 913 1464 958 extremum
1490 897 1676 968 jndicii
1705 895 1845 949 diem
1877 906 2002 945 con-

433 1009 550 1063 cedi
577 1025 590 1060 :
629 1008 736 1060 duo
769 1013 893 1060 sunt
920 998 1197 1056 catholica:
1222 994 1474 1050 Ecclesiae
1498 991 1771 1060 dogmata,
1799 986 1864 1039 de
1887 983 2006 1053 qui-

435 1103 536 1156 bus
576 1100 702 1168 quid
736 1093 1020 1150 tradiderit
1052 1091 1332 1161 Didymus,
1358 1086 1646 1138 videndum
1678 1087 1784 1134 est.

509 1191 660 1257 Quod
690 1195 901 1258 spectat
943 1183 1007 1238 ad
1065 1183 1322 1251 primum,
1365 1192 1468 1231 non
1513 1188 1574 1228 ea
1637 1186 1778 1225 nunc
1822 1179 2010 1222 rursus

441 1256 758 1354 persequar,
789 1294 906 1348 qute
953 1275 1170 1344 copiose
1228 1271 1360 1324 alias
1406 1266 1515 1321 dixi
1569 1264 1619 1316 in
1676 1259 1898 1328 epistola
1943 1256 2009 1309 ad

443 1375 652 1429 clariss.
685 1369 964 1440 praasnlem
1006 1365 1202 1419 Joann.
1247 1359 1564 1413 Archintum
1591 1370 1604 1405 :
1635 1352 1727 1406 sed
1759 1362 2013 1417 quaecun-

445 1483 549 1538 que
581 1467 635 1518 in
673 1463 897 1531 Didymo
928 1454 1129 1518 n0tavi,
1164 1452 1230 1506 ad
1276 1462 1466 1503 novem
1525 1443 1699 1512 capita
1733 1452 2013 1499 revocans,

447 1559 634 1631 paucis
691 1570 801 1608 rem
846 1550 1089 1618 expedio.
1123 1547 1162 1601 I.
1196 1543 1361 1597 Deum
1389 1555 1418 1592 a
1444 1536 1586 1590 nulla
1644 1542 1822 1587 creata
1861 1527 2017 1583 intel-

447 1651 668 1722 ligentia
699 1641 1080 1714 comprehendi
1117 1651 1276 1708 posse
1324 1635 1481 1687 docet
1535 1629 1586 1683 in
1649 1621 2018 1680 Enarrationi-

452 1713 545 1796 ιιῖὶε
580 1743 632 1794 in
678 1713 833 1806 ΕΜ
870 1735 1028 1788 Joan.
1065 1743 1183 1796 cap.
1213 1742 1253 1790 ι,
1290 1734 1344 1780 et
1385 1722 1566 1775 librat
1602 1717 1676 1769 De
1708 1713 1854 1767 Trin.
1895 1726 2016 1780 pag.

452 1835 546 1897 26,
585 1843 638 1887 et
670 1829 817 1884 alibi.
846 1827 906 1882 ll.
941 1821 1306 1878 Stultissimos
1349 1812 1714 1867 Eunomianos
1746 1806 1863 1859 fuse
1887 1818 2018 1856 con-

1851 401 1937 459 DE
1957 395 2214 455 DIDYMO

2118 695 2344 752 Joannis
2380 691 2589 745 verba:
2632 686 2800 740 Deum
2852 699 3001 736 nemo
3049 678 3177 731 vidit
3222 672 3538 744 unquam”.
3577 669 3688 740 Ego

2117 789 2263 844 enim
2293 783 2580 840 brevitatis
2610 792 2770 834 causa
2795 777 2910 828 haec
2936 786 3040 826 non
3064 767 3250 822 affero.

2183 878 2333 946 Quod
2377 890 2504 930 vero
2551 872 2617 926 ad
2666 869 2894 924 alterum
2941 864 3133 933 dogma
3181 858 3435 928 pertinet,
3481 856 3687 908 nullum

2117 973 2380 1028 hactenus
2415 967 2468 1020 in
2510 964 2736 1032 Didymo
2767 958 2941 1013 locum
2987 968 3071 1008 me
3102 955 3282 1021 legere
3325 947 3570 1008 memini,
3600 943 3689 997 ubi

2123 1062 2412 1135 perspicue
2438 1058 2488 1112 id
2517 1054 2868 1111 conﬁrmetur
2894 1067 2907 1103 :
2937 1047 3036 1102 etsi
3065 1046 3207 1100 enim
3242 1052 3456 1097 creatas
3487 1039 3690 1094 intelli-

2117 1133 2328 1224 gentias
2357 1166 2480 1205 cum
2502 1143 2793 1215 angelicas,
2825 1150 2934 1194 tum
2969 1139 3234 1192 humanas
3282 1133 3424 1188 haud
3464 1133 3695 1186 obscure

2120 1221 2394 1307 admittat,
2435 1254 2554 1309 qua:
2586 1238 2763 1290 beatae
2789 1231 2900 1300 jam
2947 1231 3088 1293 sint,
3137 1227 3436 1297 quibusque
3471 1221 3697 1293 proinde

2132 1337 2436 1392 bealiﬁcam
2466 1332 2727 1384 visionem
2761 1327 2828 1379 ab
2850 1340 2915 1380 eo
2947 1323 3107 1376 tribui
3137 1319 3394 1374 credibile
3423 1319 3525 1381 sit;
3556 1315 3697 1370 haud

2128 1432 2242 1484 scio
2300 1437 2477 1480 tamen
2523 1438 2590 1476 an
2649 1422 2958 1476 beatitatem
3014 1414 3317 1484 huiusmodi
3371 1426 3427 1465 re
3482 1411 3593 1479 ipsa
3645 1410 3697 1462 in

2130 1518 2376 1574 intuitiva
2407 1513 2498 1567 Dei
2521 1511 2748 1574 visione,
2781 1525 2886 1578 qua
2913 1508 3022 1575 jam
3059 1508 3330 1565 fruantur,
3377 1502 3534 1555 sitam
3579 1511 3702 1552 esse

2127 1611 2358 1666 dilucide
2375 1605 2602 1660 aﬁirmet
2620 1603 2725 1656 ullo
2745 1604 2796 1655 in
2821 1601 2955 1655 loco.
2977 1599 3107 1652 Illud
3131 1606 3334 1650 tantum
3352 1595 3483 1655 scio,
3500 1591 3700 1645 nullum

2127 1699 2400 1768 mihiejus
2439 1711 2604 1767 opera
2645 1695 2844 1764 legenti
2893 1705 3059 1760 usque
3104 1690 3278 1742 adhuc
3337 1684 3702 1740 testimonium

2130 1793 2451 1853 oceurrisse,
2468 1789 2609 1860 quod
2623 1785 2888 1842 catholico
2907 1784 3031 1838 huic
3052 1779 3282 1852 dogmati
3297 1780 3704 1834 adversaretur.

455 1868 546 1897 au,
585 1868 638 1887 ι.
670 1868 817 1884 μην..
942 1868 1303 1878 ..-...-.-_--__--

454 1927 593 1982 futat
622 1920 976 1975 Enarratione
1022 1915 1077 1967 in
1123 1910 1221 1978 Ep.
1258 1925 1272 1963 I
1313 1907 1472 1960 Joan.
1508 1917 1628 1971 cap.
1680 1914 1759 1958 ιιι,
1795 1896 1934 1964 quod
1973 1907 2032 1946 se
2063 1887 2105 1940 Β
2206 1883 2470 1950 Quocirca
2515 1879 2650 1934 nihil
2707 1877 2854 1932 aliud
2907 1885 3106 1939 restat,
3154 1872 3256 1927 nisi
3305 1882 3363 1924 ιιι
3414 1868 3707 1938 praecipua,

458 2020 627 2073 Deum
687 2012 931 2083 perfecte
974 2015 1298 2071 cognoscere
1337 1998 1688 2052 aﬁirmarent.
1715 1989 1801 2045 III.
1833 1987 2035 2055 Corpo—

458 2111 566 2165 reis
588 2077 758 2162 oculis
796 2100 962 2154 videri
1003 2098 1167 2151 Deum
1220 2108 1322 2146 non
1351 2103 1506 2160 posse
1543 2084 1704 2139 tradit
1734 2081 1931 2134 Enarr.
1965 2077 2036 2130 ad

459 2218 574 2269 cap.
607 2213 659 2252 IV
684 2200 786 2264 Ep.
817 2193 845 2246 1
881 2189 1126 2249 Joannis,
1154 2194 1206 2238 et
1243 2183 1336 2237 lib.
1372 2196 1432 2234 ιιι
1472 2177 1543 2231 De
1586 2176 1735 2230 Trin.
1790 2187 1909 2238 cap.
1947 2169 2035 2222 16.

460 2265 550 2348 111.
590 2293 752 2346 Deum
807 2287 874 2340 ab
918 2282 1120 2352 Moyse.
1174 2275 1501 2337 Abrahamo,
1545 2269 1680 2324 Isaia
1722 2265 1894 2319 visum
1935 2277 2037 2316 non

464 2400 585 2442 esse
615 2384 668 2436 in
703 2382 802 2435 hac
841 2378 966 2440 vita,
1006 2372 1186 2426 multis
1225 2367 1404 2422 verbis
1447 2366 1636 2435 probat
1683 2359 1750 2413 ad
1805 2364 1964 2422 caput
1987 2369 2040 2408 tv

464 2471 764 2546 Epistolael
811 2468 1058 2532 Joannis,
1105 2468 1422 2527 argumento
1501 2455 1626 2508 inde
1696 2448 2038 2518 potissimum

467 2542 657 2628 ducto,
717 2563 858 2634 quod
926 2559 1065 2613 Deus
1152 2550 1472 2607 sensibiliter
1561 2542 1730 2597 videri
1810 2544 2045 2608 nequeat

468 2660 711 2716 omnino.
745 2654 810 2712 V.
863 2651 1021 2706 Juxta
1047 2647 1326 2716 Didymum
1352 2640 1492 2694 aliud
1525 2645 1608 2690 est
1651 2633 1854 2695 videre,
1901 2626 2046 2681 aliud

473 2751 761 2819 inspicere,
803 2745 904 2799 etsi
941 2751 1322 2805 nonnunquam
1373 2731 1604 2786 alterum
1658 2731 1904 2780 sumatur
1948 2734 2047 2790 pro

473 2845 681 2906 altero;
721 2851 775 2895 et
808 2837 950 2893 aliud
975 2845 1060 2890 est
1087 2829 1440 2890 sensibiliter,
1485 2824 1631 2877 aliud
1664 2814 2046 2874 intellectuali-

476 2928 878 3007 κει-[1111111111]
923 2929 1089 2982 Deum
1141 2923 1440 2993 percipere.
1492 2915 1581 2968 Sic
1621 2912 1763 2966 enim
1811 2907 2048 2976 loquitur

477 3030 544 3084 ad
579 2997 741 3095 caput
786 3039 803 3077 ι
851 2997 952 3091 ISp.
989 3019 1007 3074 I
1037 3015 1262 3072 Joannis
1292 3031 1307 3066 :
1341 3029 1358 3061 ι
1382 3008 1516 3077 Quia
1557 3019 1685 3059 vero
1738 2997 2049 3069 inspiciendi

478 3133 660 3177 sermo
687 3090 1104 3171 intellectualem
1137 3103 1403 3176 signiﬁcat
1431 3098 1849 3166 perceptionem,
1880 3090 2053 3144 mani-

489 3215 689 3267 festant
741 3208 902 3263 etiam
951 3205 1049 3258 hoc
1096 3198 1182 3253 illa
1224 3195 1424 3250 verba:
1454 3190 1604 3244 Beati
1641 3185 1834 3240 mundo
1871 3181 2050 3245 corde,

479 3303 725 3374 quoniam
744 3299 840 3365 ipsi
861 3293 1136 3362 inspicient
1170 3288 1335 3340 Deum
1356 3285 1424 3336 ὀ.
1454 3281 1578 3334 I-Imc
1602 3279 1781 3344 itaque
1803 3272 2053 3326 diﬁcren-

485 3398 561 3449 tia
605 3391 812 3448 videndi
859 3397 915 3442 et
967 3380 1276 3452 inspiciendi
1349 3376 1428 3430 sic
1483 3377 1720 3434 maneat,
1786 3362 2055 3434 quomodo

483 3497 714 3552 utraque
766 3487 892 3536 sunt
932 3475 1110 3532 simul.
1168 3472 1299 3524 Nam
1363 3463 1654 3534 aliquando
1709 3455 2058 3526 intelligibilis

486 3577 751 3646 inspectio
804 3570 1019 3627 visionis
1072 3579 1203 3620 voce
1252 3560 1617 3632 signiﬁcatur;
1651 3563 1709 3607 ut
1753 3562 1836 3606 est
1879 3549 2005 3604 illud
2041 3562 2056 3597 :

493 3689 514 3721 ε
539 3670 642 3736 Qui
661 3667 793 3720 videt
828 3678 929 3728 me,
956 3658 1090 3713 videt
1127 3666 1173 3710 et
1218 3649 1541 3712 Palrem“,s
1565 3661 1666 3700 non
1699 3643 1820 3712 quia
1846 3640 2058 3695 Patrem

489 3761 613 3830 quis
636 3755 806 3810 oculis
839 3751 1018 3807 carnis
1044 3747 1218 3810 vidit;
1255 3739 1501 3810 quisquis
1534 3735 1676 3790 enim
1725 3742 1901 3787 estex
1929 3727 2060 3792 Deo,

492 3854 635 3906 videt
670 3850 889 3902 Deum.»
917 3841 1005 3895 VI.
1032 3841 1194 3893 Deum
1227 3850 1278 3888 et
1298 3835 1350 3887 in
1370 3827 1667 3898 Scripturis
1690 3823 1870 3878 vocari
1895 3821 2063 3890 ἀόρα-

491 3962 608 4004 τον,
645 3941 696 3995 id
735 3949 819 3994 est
867 3931 1262 3991 inuisibilem”,
1297 3941 1398 3981 nec
1445 3924 1512 3977 ab
1543 3922 1649 3977 ulla
1678 3928 1921 3972 creatura
1953 3915 2066 3968 sive

495 4035 762 4106 angelica,
797 4030 912 4084 sive
957 4027 1191 4080 humana
1226 4018 1390 4074 videri
1436 4027 1594 4084 posse
1629 4009 1830 4078 pluries
1856 4005 1936 4057 ait
1969 4021 1982 4056 :
2012 4009 2068 4054 ut

497 4094 757 4181 ιιιίιυέ
798 4118 946 4172 Trin.
981 4131 1099 4185 pag.
1144 4114 1235 4176 es,
1279 4109 1368 4162 lib.
1415 4123 1474 4171 ιι,
1511 4120 1632 4173 pag.
1685 4100 1806 4161 ι9ι,
1837 4107 1890 4151 et
1919 4094 2066 4150 alibi.

499 4217 625 4272 Ilaec
675 4223 854 4268 autem
884 4205 1146 4262 catholico
1177 4216 1336 4258 sensu
1371 4198 1438 4251 ab
1460 4211 1524 4251 co
1557 4194 1684 4257 dici,
1735 4205 1857 4243 mox
1901 4202 2069 4256 appa-

502 4309 659 4362 rebit.
716 4301 824 4356 VII.
875 4298 1289 4353 Manichaeorum
1356 4287 1576 4356 impiam
1625 4281 1931 4352 opinionem
1986 4291 2073 4330 re-

501 4399 636 4455 fellit
686 4396 750 4448 ad
805 4401 963 4462 caput
1009 4403 1062 4443 tv
1105 4383 1356 4454 Epistolas
1406 4379 1428 4432 l
1471 4377 1728 4438 Joannis,
1761 4372 1902 4438 quod
1943 4371 2075 4423 duos

502 4489 1037 4544 comminiscerentur
1101 4479 1265 4537 deos,
1324 4472 1550 4526 alterum
1607 4465 1816 4520 Veteris
1884 4461 2074 4513 Testa-

505 4582 670 4637 menti
727 4576 1014 4638 visibilem,
1064 4571 1290 4626 alterum
1358 4563 1489 4618 Novi
1563 4556 1893 4614 Testamenti
1940 4552 2075 4607 invi-
2108 4585 2151 4639 Β

507 4672 738 4726 sibilem.
774 4668 902 4724 VIII.
951 4663 1167 4732 Angelis
1220 4659 1411 4712 Filium
1465 4663 1588 4710 ante
1642 4648 2074 4704 lncarnationem

508 4766 676 4820 fuisse
719 4758 1063 4816 invisibilem,
1091 4768 1242 4822 aeque
1283 4765 1347 4804 ac
1375 4750 1623 4809 Patrem;
1657 4751 1778 4813 post
1821 4741 2077 4795 Incarna-

512 4859 711 4908 tionem
747 4865 874 4904 vero
933 4847 1000 4902 ab
1059 4846 1188 4913 ipsis
1236 4842 1407 4895 visum
1449 4853 1570 4893 esse
1630 4837 1785 4889 docet
1832 4832 1918 4885 lib.
1956 4847 1970 4884 I
2007 4829 2081 4883 De

513 4942 661 4998 Trin.
690 4956 811 5010 pag.
853 4936 941 4997 84,
976 4951 1041 4988 ex
1073 4931 1218 4985 Pauli
1243 4927 1467 4996 apostoli
1499 4921 1826 4979 testimonio.
1857 4918 1986 4984 Quae
2008 4917 2079 4969 ita

514 5031 828 5101 accipienda
862 5027 1132 5086 existimo,
1165 5031 1219 5076 ut
1250 5021 1448 5074 vidisse
1497 5017 1748 5070 dicantur
1787 5027 1816 5064 a
1854 5010 2079 5078 Didyme

515 5127 686 5199 angeli
723 5123 916 5180 Filium
967 5121 1301 5174 incarnatum
1345 5122 1438 5166 aut
1465 5107 1742 5178 corporeis
1763 5102 1952 5165 oculis,
1990 5109 2083 5152 aut

515 5193 772 5275 eo'modo
796 5229 954 5284 quem
991 5213 1042 5265 in
1065 5211 1227 5263 citata
1261 5205 1325 5257 ad
1372 5203 1682 5257 Archintum
1731 5193 1953 5264 epistola
1985 5207 2082 5246 cx-

517 5311 732 5381 plicavi.
759 5280 849 5361 IX.
874 5301 1209 5359 Catholicam
1235 5297 1420 5364 dogma
1453 5305 1558 5345 tam
1595 5289 1739 5343 clare
1764 5285 1924 5340 tradit
1953 5280 2085 5334 mul-

521 5405 589 5456 tis
629 5402 680 5454 in
725 5400 878 5460 locis,
903 5397 1064 5449 Demn
1096 5407 1125 5442 a
1155 5389 1322 5444 beatis
1355 5384 1619 5440 mentibus
1669 5377 1832 5432 videri
1868 5378 2087 5434 docens,

522 5504 582 5548 ut
612 5491 790 5546 nullus
833 5485 962 5540 mihi
1003 5494 1286 5550 superesse
1333 5476 1578 5529 videatur
1609 5464 1886 5522 dubitandi
1922 5462 2086 5514 locus.

521 5585 688 5652 Lege,
747 5592 948 5647 qua‘so,
992 5589 1110 5644 qua:
1158 5573 1208 5624 in
1261 5571 1400 5622 hanc
1437 5581 1546 5618 rem
1591 5563 1753 5616 habet
1810 5556 1900 5609 lib.
1945 5569 1980 5606 ιι
2020 5552 2090 5604 De

523 5643 684 5728 Trin.
703 5643 822 5740 pag.
854 5667 947 5721 171
989 5643 1043 5719 et
1087 5660 1285 5725 2l6,et
1309 5661 1373 5712 ad
1408 5665 1567 5725 caput
1614 5667 1674 5705 ιιι
1734 5649 1830 5718 Ep.
1882 5643 2092 5698 IJuan-

600 5885 643 5915 ⁸ο
667 5881 856 5939 Matth.
884 5893 935 5946 ν,
960 5877 1014 5932 8.
1091 5875 1134 5908 ’ί
1169 5871 1322 5928 Joan.
1355 5884 1468 5937 xw,
1501 5868 1552 5923 9.
1631 5866 1674 5896 ε’
1711 5862 1727 5916 1
1765 5860 1897 5914 Τὶιιι
1935 5874 1970 5922 ι,
2005 5856 2085 5911 l7.

1091 5875 1134 5908 ’ί
1169 5871 1322 5928 Joan.
1355 5884 1468 5937 xw,
1501 5868 1552 5923 9.

2165 5855 2208 5886 ³³
2239 5851 2387 5906 Joan.
2421 5865 2458 5914 t,
2498 5847 2578 5901 I8.

2134 1991 2251 2046 qua:
2281 1975 2330 2026 in
2361 1972 2587 2041 Didymo
2625 1968 2808 2023 notavi
2853 1966 2969 2019 loca
3014 1966 3079 2018 de
3121 1962 3388 2031 justorum
3415 1969 3556 2014 statu
3590 1965 3710 2028 post

2137 2073 2388 2126 mortem,
2430 2061 2616 2116 lectori
2659 2059 2962 2114 exhibeam.
2991 2054 3031 2109 I.
3083 2055 3249 2124 Igitur
3292 2051 3711 2106 blillcnariorum

2135 2157 2442 2226 Opinionem
2485 2163 2666 2222 aperte
2697 2150 2903 2220 respuit
2927 2151 2980 2201 in
3020 2146 3220 2200 Enarr.
3257 2146 3325 2196 ad
3351 2159 3468 2210 cap.
3500 2157 3515 2195 ι
3546 2139 3649 2208 Ερ.
3679 2137 3711 2194 Ι

2138 2248 2312 2303 Petri.
2340 2246 2398 2301 Si
2421 2262 2539 2316 ergo
2571 2247 2626 2298 in
2659 2246 2822 2308 caelis,
2848 2241 3037 2310 inquit,
3067 2237 3308 2307 ﬁdelibus
3336 2235 3444 2289 hare
3475 2241 3716 2287 servatur

2139 2345 2442 2406 ha'reditas,
2474 2341 2661 2411 frivola
2700 2339 2940 2410 quadam
2976 2346 3022 2389 et
3055 2334 3226 2401 tepida
3251 2330 3520 2400 proferunt
3553 2326 3717 2395 aliqui

2139 2448 2382 2506 putantes
2437 2451 2550 2488 eam
2613 2448 2666 2486 se
2717 2432 2980 2498 percipere
3035 2427 3091 2478 in
3145 2433 3350 2477 terrena
3397 2417 3716 2472 Jerusalem.

2145 2530 2295 2585 Mille
2339 2529 2492 2582 annis
2530 2525 2835 2579 existimant
2863 2537 2972 2574 esse
3003 2518 3313 2572 deliciarum
3350 2514 3566 2580 prtemia
3594 2526 3720 2578 pro-

2143 2624 2366 2691 prietate
2427 2629 2760 2686 recepturos,
2840 2625 2893 2668 et
2951 2611 3177 2682 reliqua.
3257 2607 3320 2662 II.
3375 2605 3568 2659 Omnes
3631 2601 3723 2672 qui

2146 2713 2430 2765 secundum
2463 2709 2725 2764 Christum
2747 2707 3024 2775 ﬁniuntur,
3061 2704 3113 2755 in
3137 2701 3363 2756 Abrahae
3385 2698 3560 2752 sinum
3595 2710 3722 2762 pro—

2149 2804 2312 2874 ﬁcisci
2354 2804 2430 2855 ait
2456 2803 2675 2864 ibidem,
2705 2807 2758 2852 et
2806 2797 2898 2851 lib.
2926 2812 2983 2850 ιιι
3034 2795 3111 2849 De
3145 2793 3400 2847 Trinitate
3431 2804 3551 2859 pag.
3594 2786 3724 2840 425.

2149 2897 2235 2950 lII.
2275 2895 2461 2949 Sinum
2511 2891 2815 2962 hujusmodi
2853 2904 3048 2944 vocare
3095 2887 3309 2940 videtur
3357 2882 3525 2935 locum
3563 2879 3729 2934 cethe-

2161 3004 2309 3041 reum
2345 2987 2397 3040 in
2433 2985 2732 3055 fragmento
2757 2981 2896 3048 quod
2924 2977 3186 3046 exscripsi
3217 2991 3280 3030 ex
3306 2975 3494 3045 pagina
3523 2971 3593 3026 92
3619 2985 3727 3024 ms.

2154 3079 2362 3133 codicis
2427 3078 2497 3132 ‘25
2576 3076 2748 3130 Graeci
2801 3073 3134 3128 bibliothecae
3181 3068 3392 3123 Veneta:
3447 3065 3503 3119 S.
3561 3062 3731 3118 Marci

2159 3171 2369 3225 titulum
2429 3169 2570 3222 hunc
2648 3183 2754 3234 pra:
2819 3179 2877 3219 se
2934 3161 3200 3216 ferentis:
3245 3157 3495 3226 Ἐκλογαὶ
3554 3157 3734 3226 ἑρμη-

2155 3263 2315 3317 νειῶν
2360 3261 2438 3324 εἰς
2478 3260 2576 3322 τὰς
2610 3257 2915 3330 Παροιμίας
2963 3253 3302 3324 Σολομῶντος
3349 3250 3414 3302 ἐκ
3457 3246 3737 3316 διαφόρων

2160 3354 2442 3424 Πατέρων,
2493 3352 2544 3404 id
2578 3361 2682 3416 cst,
2727 3348 2944 3403 Selecta:
2975 3345 3424 3413 interpretationes
3468 3341 3524 3392 in
3562 3337 3738 3390 Para-

2161 3448 2303 3500 bolas
2358 3445 2656 3501 Salomonis
2735 3459 2798 3497 e:c
2858 3441 3072 3494 diversis
3146 3436 3393 3491 Patribus
3455 3440 3736 3499 excerpta'.

2163 3539 2457 3608 Explicans
2489 3537 2631 3591 enim
2669 3534 2737 3588 ibi
2779 3532 3038 3602 Didymus
3079 3527 3381 3584 Salomonis
3423 3523 3623 3587 locum,
3653 3519 3741 3572 ὅτι

2165 3632 2343 3694 εὐθεῖς
2364 3626 2844 3698 κατασκηνώσουσι
2877 3625 3002 3695 γῆν,
3039 3622 3089 3676 id
3117 3630 3217 3683 est,
3244 3619 3364 3688 quia
3407 3616 3530 3668 recti
3574 3622 3745 3668 tento-

2167 3726 2243 3777 ria
2278 3724 2431 3792 ﬁgeut
2478 3722 2530 3773 in
2574 3729 2733 3782 terra,
2769 3732 2888 3786 quae
2936 3721 3149 3769 exstant
3187 3725 3330 3765 vers.
3359 3709 3422 3762 21
3469 3706 3662 3775 capitis
3698 3720 3744 3760 ιι

2166 3813 2620 3871 Proverbiornm,
2670 3818 2726 3862 et
2785 3805 2944 3860 verba
3004 3801 3299 3871 respiciens
3349 3798 3551 3853 Christi
3600 3798 3746 3863 apud

2169 3905 2479 3958 llalthzeum
2535 3899 2844 3968 inquientis,
2903 3897 3052 3950 Beati
3097 3898 3288 3953 mites,
3333 3891 3580 3961 quoniam
3644 3887 3749 3956 ipsi

2169 3996 2503 4066 possidebunt
2543 4001 2735 4042 terram
2785 3989 2852 4051 “,
2895 3987 2972 4040 sic
3021 3984 3254 4054 loquitur
3295 3998 3307 4033 :
3346 3981 3465 4032 Τῶν
3522 3978 3750 4050 πραέων

2169 4086 2332 4147 τόπος
2361 4082 2600 4153 αἰθέριος
2631 4080 2706 4132 ῶν
2725 4096 2738 4109 ο
2771 4079 2846 4142 ὡς
2875 4077 3009 4148 πρὸς
3034 4076 3122 4128 τὸν
3151 4073 3543 4144 ὑπερκείμενον
3583 4071 3752 4142 οὐρα-

2172 4178 2294 4232 νόν·
2348 4178 2419 4246 γῆ
2479 4173 2586 4226 τῶν
2624 4170 2911 4226 οἰκούντων
2960 4168 3124 4220 ἐστίν.
3168 4166 3256 4218 Ἐν
3303 4165 3436 4234 αὐτῇ
3466 4162 3642 4215 τοίνυν
3697 4163 3754 4213 οἱ

2175 4270 2368 4338 πραεῖς
2419 4262 2966 4334 κατασκηνώσουσιν·
3007 4260 3084 4321 εἰς
3130 4256 3290 4310 αὐτὸν
3334 4253 3756 4326 προσδεχόμενοι

2175 4363 2265 4415 τὸν
2297 4359 2520 4432 οὐρανὸν
2564 4355 2960 4429 ἐμφανισθῆναι
3013 4352 3089 4423 τῷ
3130 4348 3404 4421 προσώπῳ
3447 4346 3540 4398 τοῦ
3589 4343 3754 4399 Θεοῦ.

2177 4455 2358 4522 Μήπω
2389 4449 2496 4520 γὰρ
2528 4447 2636 4500 τῶν
2672 4441 3012 4512 ἐπαγγελιῶν
3046 4439 3299 4509 τυχόντες
3345 4438 3443 4490 οὐκ
3476 4433 3719 4487 οἰκοῦσιν
3740 4450 3756 4463 ο

2181 4544 2315 4597 ἀλλὰ
2355 4537 2822 4609 κατασκηνοῦσιν·
2874 4533 2926 4587 id
2973 4542 3076 4594 est,
3117 4530 3325 4583 Milium
3357 4528 3502 4582 locus
3541 4543 3658 4579 cum
3689 4529 3765 4578 sit

2186 4638 2461 4694 a'thereus,
2498 4641 2726 4696 respectu
2766 4625 3046 4695 superioris
3079 4623 3192 4677 θαηιὶ
3213 4664 3226 4686 ,
3270 4631 3406 4674 terra
3435 4629 3508 4673 est
3543 4619 3766 4670 illorum

2185 4728 2274 4796 qui
2304 4727 2374 4778 ibi
2406 4724 2662 4775 habitant.
2721 4716 2785 4770 In
2817 4719 2928 4784 ipsa
2961 4733 3080 4784 ergo
3116 4718 3267 4767 miles
3315 4714 3533 4766 tentoria
3576 4711 3766 4779 ﬁgent,

2186 4826 2537 4886 exspectantes
2561 4815 2683 4864 dum
2713 4810 2769 4862 in
2795 4808 2918 4860 caelo
2958 4808 3069 4875 ipso
3109 4813 3391 4874 appareant
3418 4816 3536 4854 ante
3572 4800 3772 4868 {aciem

2189 4910 2284 4963 Dei
2311 4924 2328 4962 :
2355 4923 2470 4960 cum
2513 4905 2649 4958 enim
2697 4903 2915 4954 necdum
2958 4900 3131 4967 adepti
3168 4899 3268 4951 sint
3316 4895 3769 4963 repromissiones,

2189 5004 2242 5054 in
2267 5017 2327 5054 ea
2357 5015 2459 5052 non
2492 4997 2749 5056 habitant,
2777 4992 2868 5045 sed
2900 4993 3122 5044 tentoria
3159 4990 3367 5042 habent.
3414 4987 3503 5040 IV.
3551 4985 3772 5038 Electos

2188 5095 2408 5148 salutem
2449 5090 2709 5159 primum,
2757 5086 2942 5138 deinde
2987 5099 3233 5136 coronam
3283 5079 3464 5148 gloria:
3522 5076 3775 5144 consequi

2192 5190 2348 5241 docet
2383 5186 2432 5238 in
2464 5182 2598 5236 libro
2646 5180 2718 5232 De
2750 5178 2952 5247 Spiritu
2999 5184 3180 5229 sancto
3216 5189 3365 5228 num.
3420 5171 3473 5224 8.
3543 5168 3606 5221 γ.
3638 5167 3774 5232 Eos,

2195 5279 2287 5349 qui
2322 5278 2430 5346 jam
2463 5289 2600 5328 nunc
2640 5272 2781 5325 beati
2817 5271 2944 5331 sint,
2978 5267 3211 5319 admittit
3244 5265 3296 5317 in
3329 5261 3776 5316 Enarrationilvus

2195 5371 2262 5423 ad
2293 5379 2443 5435 caput
2500 5382 2537 5430 ι,
2597 5378 2739 5417 vers.‘
2772 5361 2860 5424 12,
2896 5360 3066 5426 Epist.
3125 5357 3151 5409 1
3189 5357 3356 5420 Petri,
3409 5357 3533 5408 dum
3589 5352 3656 5405 ad
3709 5367 3780 5406 ea

2198 5463 2383 5524 verba,
2417 5458 2481 5512 In
2516 5473 2631 5528 qum
2672 5455 3042 5521 concupiscunt
3078 5449 3246 5518 angeli
3279 5446 3568 5516 prospicere
3591 5483 3605 5506 ,
3658 5442 3780 5494 haec

2197 5551 2383 5605 scribit
2413 5567 2425 5602 :
2458 5547 2579 5600 Non
2635 5546 2698 5598 ab
2752 5560 2806 5596 re
2856 5553 2927 5595 est
2986 5541 3144 5592 etiam
3198 5534 3421 5603 intelligi
3467 5533 3530 5584 de
3574 5530 3779 5583 sanctis

2200 5642 2430 5710 angelis,
2496 5648 2544 5692 et
2609 5634 2910 5706 simpliciter
2962 5631 3160 5684 cunctis
3213 5619 3549 5700 [XXXVIII]
3607 5621 3783 5678 beatis

2655 5844 2699 5876 "
2733 5841 2918 5896 Matltlt.
2962 5855 3012 5906 ν,
3051 5837 3104 5892 4.
