3970 6406
235 337 326 395 {Si

1405 336 1975 397 COMMENTARIUS.
2018 370 2081 382 —-
2124 343 2252 400 LIB.
2299 343 2361 399 ΙΙ.

3393 345 3496 400 182

231 451 582 510 rationalibus
597 452 695 506 hoc
715 451 938 516 dictum,
962 466 1080 504 cum
1095 467 1271 506 omnes
1293 457 1578 524 appetitum
1598 456 1819 510 habeant
1849 463 1895 519 Α
1925 474 2009 514 me
2038 459 2170 514 fallit
2194 476 2346 515 amor
2372 475 2474 514 non
2506 459 2738 532 Didymi,
2765 459 2858 515 sed
2890 459 3152 514 veritatis.
3184 457 3313 525 Quis
3348 461 3492 513 enim

228 546 521 614 prospicere
543 560 604 596 ea
634 559 752 613 qua:
781 544 834 596 in
868 542 975 611 ﬁne.
1002 544 1185 597 srrculi
1214 555 1332 598 sunt
1356 551 1578 615 agenda.
1604 547 1691 602 Vl.
1719 547 1820 602 Eos

230 639 315 709 qui
351 638 445 692 Dei
484 635 823 706 visionejam
863 635 1133 700 fruantur,
1167 652 1368 704 ponere
1396 638 1608 692 videtur
1633 641 1684 692 in
1713 640 1819 694 alio

235 733 575 803 fragmento,
625 730 768 800 quod
825 730 1090 800 exscripsi
1131 745 1197 785 ex
1249 730 1439 800 pagina
1495 731 1564 786 99
1616 731 1820 785 codicis

240 840 410 893 nuper
434 824 737 887 memorati,
772 823 861 877 ubi
894 823 1148 891 explanat
1180 821 1294 876 haec
1339 822 1498 875 verba
1533 840 1546 875 :
1576 821 1818 893 Χρηστοὶ

243 916 446 968 ἔσονται
471 915 755 986 οἰκήτορες
779 913 904 984 γῆς,
938 913 1134 968 ἄκακοι
1159 913 1214 967 δὲ
1237 913 1721 986 ὑποληφθήσονται
1754 916 1815 967 ἐν

246 1010 396 1079 αὐτῇ,
425 1007 474 1061 id
500 1015 606 1072 est,
647 1005 786 1059 Boni
822 1015 977 1058 erunt
1008 1004 1326 1057 habitatores
1366 1016 1551 1070 terrae;
1598 1006 1817 1059 malitiae

244 1117 349 1154 vero
369 1108 603 1164 expertes
632 1098 993 1164 relinquentur
1023 1100 1076 1148 in
1129 1114 1190 1150 ea
1219 1113 1237 1149 :
1262 1110 1382 1164 qua:
1424 1097 1583 1148 verba
1621 1096 1674 1149 in
1711 1094 1817 1148 La-

241 1193 356 1246 tinis
399 1191 590 1245 Bibliis
623 1205 727 1244 non
752 1189 1026 1260 leguntur,
1062 1188 1154 1242 sed
1181 1189 1233 1241 in
1266 1189 1453 1242 Graeca
1485 1187 1817 1243 Francofur—

241 1282 363 1334 lensi
418 1281 663 1334 editione
709 1291 928 1334 exstant
970 1295 1088 1346 cap.
1136 1294 1175 1332 ιι
1217 1279 1477 1333 Proverb.
1533 1295 1671 1334 vers.
1723 1279 1812 1335 20.

236 1372 350 1426 Hrc
391 1387 527 1440 ergo
562 1370 630 1424 ibi
663 1373 822 1438 habet
860 1371 1117 1442 Didymus
1151 1386 1163 1422 :
1193 1371 1290 1424 Διὰ
1329 1369 1422 1423 τοῦ
1459 1371 1692 1441 χρηστοῦ
1723 1373 1818 1426 καὶ

228 1463 444 1516 ἀκάκου
502 1461 758 1531 δηλοῦται
802 1464 832 1515 ὁ
876 1463 1015 1533 ἔχων
1065 1461 1373 1534 πρακτικὴν
1428 1465 1664 1535 ἀρετήν’
1721 1460 1815 1516 τοῦ

227 1555 570 1626 θεωρητικοῦ
622 1557 1029 1626 παρισταμένου
1092 1555 1207 1626 βίου
1259 1556 1326 1609 δι’
1371 1555 1664 1627 εὐθύτητος
1723 1554 1816 1608 καὶ

224 1647 529 1711 ὁσιότητος.
567 1646 641 1699 Οὐ
684 1647 860 1717 μάτην
887 1647 945 1698 δὲ
973 1648 1100 1718 περὶ
1136 1645 1244 1700 τῶν
1269 1647 1526 1700 τοιούτων
1572 1647 1633 1699 τὺ
1679 1647 1816 1699 ὑπο·-

223 1735 607 1808 ληφθὴσεσθαι
641 1738 837 1801 αὐτοὺς
876 1741 934 1791 ὲν
971 1741 1036 1809 τῇ
1067 1737 1186 1809 θεία
1219 1740 1289 1808 γῇ
1339 1739 1588 1809 εἴρηται·
1621 1738 1681 1791 οὐ
1707 1738 1815 1811 γὰρ

225 1829 655 1900 μετῳκίσθησαν
688 1832 782 1884 ἀπ’
805 1832 977 1902 αὐτῆς
1005 1833 1051 1884 ol
1077 1833 1455 1904 περιεχόμενοι
1477 1832 1584 1884 τῶν
1607 1829 1814 1902 λεχθει-

121 1962 129 1968 .
223 1921 340 1974 σῶν
374 1920 610 1991 ἀρετῶν.
669 1921 864 1992 Ἠμῶν
907 1923 1035 1994 γὰρ,
1081 1925 1233 1995 φησι.
1269 1924 1333 1978 τὸ
1368 1926 1698 1996 πολίτευμα
1746 1927 1816 1981 ἐν

220 2015 513 2081 οιῖερανοῒς
546 2014 819 2084 ὑπάρχει.
862 2017 1000 2087 Περὶ
1045 2016 1144 2087 τῆς
1183 2018 1479 2090 εἰρημένης
1508 2019 1612 2090 γῆς
1653 2020 1746 2073 καὶ
1789 2021 1817 2072 ὁ

223 2104 543 2175 Ψαλμιιῆὸς
599 2105 780 2173 ἔλεγεν
805 2124 820 2142 ν
847 2108 1116 2160 Πιστεύω
1166 2109 1273 2162 τοῦ
1327 2109 1472 2163 ἰδεῖν
1507 2111 1578 2164 τὰ
1628 2110 1824 2190 ἁγαθρ

224 2195 459 2261 Kvplov
485 2196 558 2248 ἐν
579 2195 657 2264 τῇ
681 2195 930 2263 ζώντων,
959 2196 1019 2251 ﬁl
1049 2206 1152 2263 est,
1187 2197 1290 2253 Per
1329 2201 1519 2254 bonum
1571 2211 1624 2255 et
1667 2204 1818 2256 mali-

227 2288 626 2355 tia-expertem
670 2289 957 2342 denotatur
992 2290 1038 2344 is
1072 2290 1160 2359 qui
1207 2293 1502 2359 practicam
1564 2293 1816 2348 virtutem

227 2379 438 2442 habet;
462 2393 558 2447 per
591 2380 954 2433 rectitudinem
997 2396 1126 2436 vero
1169 2390 1222 2437 et
1251 2384 1582 2436 sanctitatem
1609 2385 1818 2455 signifi-

228 2481 395 2524 catur
445 2469 551 2523 vita
602 2471 1041 2540 contemplativa.
1101 2471 1216 2527 Non
1276 2474 1476 2528 frustra
1527 2485 1706 2530 autem
1755 2477 1822 2532 de

231 2561 548 2629 bujusmodi
577 2563 886 2616 hominibus
917 2564 1118 2617 dictum
1146 2573 1249 2630 est,
1277 2565 1390 2634 fore
1434 2576 1488 2618 nt
1519 2567 1822 2636 relinquan-

232 2662 328 2705 tur
346 2654 400 2704 in
439 2653 614 2707 divina
653 2664 824 2717 terra;
879 2669 980 2709 nec
1025 2655 1168 2709 enim
1225 2657 1467 2711 translati
1513 2667 1728 2713 suntex
1760 2675 1823 2714 ea

239 2743 496 2797 homines
547 2745 858 2798 memoratis
921 2747 1212 2801 virtutibus
1261 2747 1619 2802 adhaerentes.
1689 2748 1820 2804 Nam

234 2830 442 2887 Paulus
483 2832 557 2886 ait
591 2856 603 2888 ;
634 2832 971 2887 Conversatio
1012 2844 1189 2889 nostra
1228 2836 1282 2888 in
1321 2837 1463 2890 cretis
1505 2847 1580 2890 est
1619 2839 1685 2892 ”.
1753 2839 1825 2892 De

238 2925 501 2992 przedicta
545 2933 688 2979 terra
735 2924 940 2980 Psaltes
978 2941 1194 2996 quoque
1231 2929 1367 2980 dixit
1400 2945 1414 2980 :
1457 2929 1625 2984 Credo
1658 2931 1827 2985 videre

239 3013 378 3066 bona
411 3012 628 3068 Domini
675 3017 728 3068 in
771 3027 909 3068 terra
937 3018 1218 3071 viventium
1261 3018 1327 3071 ⁸⁸.
1392 3010 1500 3072 νιί.
1545 3019 1827 3074 Beatorum

240 3103 606 3157 hereditatem
633 3105 685 3157 in
707 3106 972 3173 inﬁnitum
993 3123 1389 3174 permansurum
1436 3108 1510 3162 ait
1541 3107 1607 3162 ad
1665 3090 1783 3181 cap.
1809 3127 1824 3166 ι

243 3194 344 3262 Ep.
386 3194 604 3250 lPetri.
657 3197 895 3268 Denique
939 3215 1036 3255 nos
1074 3215 1196 3254 cum
1232 3200 1450 3255 Christo
1485 3211 1608 3269 post
1646 3219 1826 3257 resur-

241 3286 545 3340 rectionem
570 3298 887 3357 regnaturos
914 3305 1034 3346 esse
1074 3292 1232 3346 docet
1269 3292 1365 3347 lib.
1404 3310 1420 3347 ι
1450 3293 1524 3347 De
1572 3293 1830 3352 Trinitate

242 3392 370 3447 pag.
405 3377 497 3446 95,
524 3388 580 3434 et
612 3379 703 3434 lib.
738 3396 774 3435 ιι
817 3397 938 3452 pag.
963 3382 1087 3438 258.

317 3469 400 3523 Ex
439 3470 526 3524 his
549 3486 710 3539 porro
733 3474 984 3528 omnibus
1008 3475 1168 3530 simul
1199 3476 1444 3532 collectis
1483 3489 1644 3547 atque
1671 3479 1833 3533 colla-

249 3559 321 3612 tis
346 3559 486 3614 locis
517 3561 720 3615 inferre
749 3577 907 3632 posse
935 3564 1198 3632 videmur,
1242 3567 1380 3620 hanc
1428 3566 1592 3622 fuisse
1623 3569 1831 3639 Didymi

250 3649 316 3704 de
351 3653 648 3719 proborum
677 3664 816 3707 statu
846 3664 969 3724 post
999 3658 1202 3711 obitum
1249 3659 1590 3712 sententiam.
1634 3659 1834 3714 Eorum

251 3743 468 3797 Scilicet
516 3744 749 3810 animas,
803 3748 905 3801 nisi
938 3749 1258 3819 purgatione
1290 3751 1584 3820 indigeant,
1635 3751 1687 3804 in
1727 3746 1837 3805 caa-

254 3834 377 3887 lesti
405 3839 666 3904 quodam,
695 3840 809 3893 sive
835 3841 1070 3896 anhereo
1098 3842 1218 3895 loco
1245 3841 1508 3906 detineri,
1544 3843 1722 3912 illique
1746 3852 1838 3896 aut

255 3923 349 3978 Dei
388 3927 597 3981 visione
629 3928 758 3994 frui,
811 3939 903 3984 aut
945 3942 1092 3986 certe
1124 3932 1383 3987 beatitate
1427 3935 1606 4002 aliqua
1653 3935 1838 3988 beatas

255 4030 380 4071 esse
413 4036 427 4071 :
456 4019 674 4073 easdem
721 4035 850 4076 vero
896 4022 1010 4076 sive
1050 4033 1175 4078 ante
1213 4025 1684 4090 resurrectionem,
1724 4025 1837 4079 sive

258 4109 438 4175 potius
485 4119 608 4178 post
672 4111 816 4165 illam
867 4112 920 4166 in
965 4102 1214 4183 superius
1267 4115 1465 4168 coelum
1518 4129 1839 4170 ascensuras

259 4217 418 4257 esse:
452 4211 741 4271 postquam
784 4213 962 4258 autem
1014 4205 1142 4275 ipsa;
1184 4207 1504 4274 corporibus
1552 4206 1606 4260 in
1658 4221 1840 4262 resur-

264 4292 507 4345 rectione
571 4307 760 4346 rursus
824 4293 1122 4363 conjuncta:
1175 4294 1399 4363 fuerint,
1452 4296 1569 4352 fore
1630 4306 1688 4350 ut
1742 4313 1839 4354 nos

266 4397 472 4448 omnes,
542 4383 711 4438 Electi
767 4399 979 4466 nempe,
1033 4401 1155 4441 cum
1198 4387 1415 4443 Christo
1469 4389 1522 4443 in
1581 4399 1838 4446 aeternum

266 4491 574 4547 regnemus,
601 4491 665 4531 ac
698 4478 948 4533 beatilica
989 4480 1078 4533 Dei
1107 4480 1311 4534 visione
1336 4480 1697 4549 perfruamur.

620 4569 750 4625 CAP.
798 4570 1051 4626 ll|.-—De
1082 4573 1267 4627 timore
1289 4574 1484 4627 servili.

333 4663 410 4719 De
460 4664 660 4718 timore
694 4659 894 4716 servili‘
929 4679 1031 4716 non
1083 4674 1228 4718 recte
1279 4665 1512 4720 sensisse
1562 4666 1713 4721 visus
1759 4675 1843 4722 est

270 4754 532 4826 Didymus
582 4756 790 4810 auctori
845 4756 1174 4818 notularum,
1227 4773 1346 4824 qua:
1401 4753 1841 4814 Euarrationibus

268 4851 529 4919 appositae
559 4848 811 4919 leguntur
866 4849 917 4902 in
961 4849 1204 4918 margine
1240 4849 1516 4914 Parisiutc,
1555 4867 1658 4920 qua
1701 4861 1842 4916 utor,

266 4941 522 4996 editionis
557 4939 897 4994 Bibliotheca:
931 4937 1152 4992 Patrum
1190 4955 1332 4994 anno
1377 4941 1514 4995 1644
1562 4942 1841 5012 evulgatae.

271 5035 346 5087 Ad
380 5041 547 5102 caput
576 5033 720 5086 enim
756 5045 796 5085 tt
821 5031 1068 5101 Epistolas
1095 5030 1115 5083 ι
1145 5030 1287 5084 Petri
1313 5048 1432 5102 pag.
1455 5033 1521 5086 57
1545 5033 1658 5087 haec
1681 5034 1847 5087 adno-

274 5128 399 5180 tavit
439 5143 458 5180 :
491 5125 660 5179 Caute
708 5124 816 5194 lege
846 5139 866 5179 :
901 5139 1021 5177 nam
1056 5123 1262 5178 videtur
1308 5125 1560 5178 damnare
1609 5127 1845 5180 timorem

273 5235 454 5284 parum,
502 5233 598 5271 seu
630 5217 892 5282 servilem,
929 5227 1177 5285 tanquam
1232 5216 1646 5271 irrationabilem
1675 5233 1694 5280 ;
1731 5233 1848 5269 cum

277 5318 443 5362 tamen
468 5325 534 5362 ex
555 5325 612 5362 se
643 5312 836 5374 bonus,
866 5321 913 5363 et
944 5311 1094 5364 utilis
1117 5311 1208 5371 sit,
1241 5326 1300 5363 eo
1321 5310 1475 5362 modo
1499 5324 1598 5378 quo
1623 5306 1680 5361 S.
1709 5307 1850 5361 Tho-

279 5415 383 5454 rnas
445 5402 666 5469 exponit
714 5399 839 5464 2-9,
879 5417 930 5470 q.
980 5399 1066 5465 l9,
1113 5407 1217 5452 art.
1270 5398 1324 5453 4,
1387 5392 1511 5450 Vide
1575 5398 1854 5451 concilium

285 5488 422 5546 Trid.
448 5510 584 5547 sess.
610 5508 688 5556 vt,
715 5511 766 5546 c.
796 5492 830 5548 6
857 5504 903 5546 et
927 5502 1123 5547 canone
1151 5493 1204 5548 8.
1233 5489 1308 5544 Ita
1335 5490 1618 5560 Didymum
1639 5499 1859 5544 accusat

289 5585 585 5640 notularum
616 5595 837 5640 auctor.
879 5584 983 5639 Sed
1018 5584 1174 5653 plane
1206 5583 1505 5646 immerito,
1557 5581 1659 5636 nisi
1709 5596 1858 5636 meus

1922 553 1988 605 de
2031 553 2223 608 timore
2258 553 2442 611 servili
2496 568 2773 622 perperam
2828 554 3064 608 sensisse
3111 553 3309 607 dixerit
3346 567 3492 615 eum,

1921 643 2013 714 qui
2047 654 2102 699 et
2126 645 2432 714 bujusmodi
2483 645 2728 700 timorem
2758 644 2941 698 utilem
2979 659 3099 699 esse
3131 644 3408 715 agnoscit,
3440 655 3495 697 et

1919 751 2041 790 eum
2092 737 2453 800 commendat,
2505 752 2568 791 ac
2609 738 2773 792 veluti
2819 738 3204 808 paedagogum,
3264 753 3371 807 quo
3425 736 3494 790 ad

1919 827 2238 881 charitatem
2291 827 2572 892 ducamur,
2621 830 2792 897 ipsum
2847 828 3048 882 habet?
3081 828 3172 898 qui
3227 838 3488 897 praeterea

1919 916 2065 970 illum
2099 907 2581 987 duntaxat'poenre,
2623 929 2675 972 et
2706 919 2922 987 quidem
2954 917 3263 988 temporalis
3289 958 3304 982 ,
3343 917 3496 972 timo-

1919 1023 2054 1072 rem,
2099 1024 2205 1078 quo
2230 1010 2352 1078 quis
2395 1013 2461 1064 ab
2488 1009 2664 1064 ullicio
2696 996 3054 1074 deterrentur,
3088 1009 3365 1079 explodit?
3404 1009 3494 1077 qui

1919 1099 2132 1154 demum
2161 1101 2478 1155 charitatem
2526 1103 2721 1156 timore
2755 1102 2936 1155 servili
2972 1101 3345 1170 perfectiorem
3369 1141 3384 1165 ,
3429 1115 3494 1154 ac

1919 1190 2344 1258 prmstantiorem
2403 1189 2583 1244 ducit?
2629 1191 2707 1243 Ad
2745 1189 2857 1244 haec
2889 1200 3067 1245 tamen
3112 1189 3292 1258 capita
3346 1187 3492 1241 redi-

1918 1290 2134 1348 guntur,
2192 1281 2242 1332 ni
2305 1280 2484 1344 fallor,
2541 1295 2877 1350 qumcunque
2917 1282 2998 1335 de
3057 1281 3234 1334 servili
3301 1280 3495 1333 timore

1919 1375 2097 1426 docuit
2148 1373 2423 1444 Didymus,
2482 1385 2574 1430 aut
2629 1386 2774 1430 certe
2823 1390 2944 1445 quat
2991 1374 3104 1443 ipse
3154 1373 3206 1426 in
3272 1370 3497 1442 Didyme

1917 1463 2178 1518 hactenus
2203 1465 2498 1521 observavi.

1988 1551 2123 1607 Nam
2177 1556 2351 1622 primo
2393 1554 2508 1622 ejus
2558 1557 2765 1612 timoris
2797 1556 3083 1611 utilitatem
3143 1552 3388 1624 agnoscit
3443 1551 3496 1606 in

1918 1647 2056 1701 libro
2081 1647 2342 1702 Adversus
2370 1649 2692 1703 Manichteos
2727 1664 2845 1717 cap.
2890 1649 2978 1715 i7,
3026 1647 3112 1702 tibi
3148 1648 3264 1702 haec
3291 1646 3452 1699 habet
3482 1664 3494 1698 :

1922 1737 2087 1803 Quem
2116 1740 2255 1792 enim
2285 1756 2525 1806 peccasse
2556 1743 2789 1809 paenitet,
2815 1741 2930 1792 ideo
2964 1740 3206 1805 poenitet,
3240 1747 3294 1790 ut
3323 1735 3385 1788 ab
3415 1737 3499 1788 ira

1846 1809 1889 1865 Β
1921 1829 1972 1880 in
2005 1841 2271 1896 peccantes
2319 1831 2501 1899 futura
2539 1831 2734 1901 fugiat,
2788 1847 2888 1884 non
2941 1830 3166 1897 amplius
3213 1829 3491 1898 peccando.

1922 1919 2180 1975 Enmdem
2235 1923 2578 1976 commendat
2636 1922 2687 1976 in
2749 1922 2836 1976 illa
2898 1921 3287 1983 Enarratione,
3336 1932 3498 1986 quam

1919 2013 2090 2082 carpit
2133 2023 2462 2068 memoratus
2505 2014 2810 2067 nolularum
2861 2023 3068 2067 auctor.
3107 2011 3238 2065 Nam
3278 2012 3344 2063 ad
3374 2024 3496 2076 cap.

1917 2104 1970 2168 4,
2007 2119 2124 2174 pag.
2155 2103 2241 2167 66,
2267 2120 2540 2172 exponens
2573 2107 2686 2159 lucc
2705 2106 2863 2160 verba
2899 2121 2912 2157 :
2947 2102 3005 2156 Si
3034 2115 3203 2156 autem
3236 2103 3441 2154 initium
3465 2117 3498 2153 a

1921 2201 2088 2262 nobis,
2137 2199 2250 2268 quis
2278 2198 2398 2266 ﬁnis
2433 2215 2633 2263 eorum,
2663 2200 2751 2267 qui
2797 2214 2896 2250 non
2925 2195 3145 2250 credunt
3191 2193 3282 2247 Dei
3328 2191 3501 2246 Evan-

1920 2282 2170 2360 gelia"?
2217 2289 2309 2343 Sic
2356 2289 2634 2357 loquitur:
2675 2287 2777 2342 Per
2834 2290 2951 2350 hoc,
3009 2296 3310 2346 certamen,
3361 2284 3500 2338 mule-

1922 2394 2132 2453 tumque
2177 2382 2413 2434 timorem
2463 2380 2703 2448 ﬁdelibus
2759 2381 2960 2449 infert,
3030 2388 3286 2448 quatenus
3351 2385 3502 2429 caule

1922 2475 2117 2528 discent
2137 2472 2394 2542 judicent,
2426 2472 2496 2523 ad
2529 2486 2678 2540 quem
2715 2470 2903 2522 habere
2928 2477 3167 2535 poterunt
3192 2467 3302 2520 sine
3342 2465 3496 2520 dubic

1924 2567 2198 2619 rationem.
2233 2561 2344 2618 Hos
2385 2579 2505 2632 ergo
2535 2563 2790 2626 excitans,
2834 2562 2901 2612 ad
2946 2548 3184 2612 timorem
3223 2559 3336 2626 ejus
3369 2557 3504 2610 invi-

1923 2667 2019 2720 tat,
2046 2655 2244 2719 dicens,
2286 2669 2388 2706 non
2424 2652 2688 2706 credentes
2725 2650 2914 2704 divina:
2943 2650 3198 2702 doctrina:
3230 2645 3503 2699 inevitabi-

1925 2748 2021 2802 lem
2067 2759 2113 2800 et
2148 2744 2568 2799 indeclinabilem
2595 2752 2924 2808 suscepturus
2958 2743 3153 2794 scilicet
3198 2739 3448 2791 ultionem
3480 2776 3493 2789 .

1926 2856 2079 2912 quam
2120 2841 2278 2893 linem
2309 2854 2488 2892 eorum
2521 2836 2832 2890 nominavit.
2891 2835 3162 2888 Timorem
3208 2826 3502 2902 [XXXIX]

1929 2947 2054 2987 vero
2093 2933 2233 2986 hunc
2263 2931 2416 3000 quasi
2453 2929 2807 2998 paedagogum
2839 2924 3148 2994 quemdam,
3177 2937 3283 2992 quo
3311 2921 3376 2974 ad
3407 2921 3501 2974 Dei

1931 3038 2167 3076 amorem
2227 3022 2508 3083 ducamur,
2565 3017 2822 3073 describit
2871 3018 2923 3070 in
2984 3016 3308 3084 fragtnento,
3366 3013 3506 3080 quod

1931 3116 2056 3170 olim
2091 3113 2350 3183 exscripsi
2421 3127 2485 3166 ex
2521 3126 2644 3180 pag.
2692 3109 2761 3164 92
2814 3105 3147 3162 membranei
3193 3104 3395 3159 codicis
3437 3103 3506 3157 25

1929 3209 2263 3265 bibliotheca:
2295 3205 2507 3260 Veneta:
2539 3203 2596 3258 S.
2631 3202 2794 3256 Marci
2837 3201 2994 3271 paulo
3016 3208 3141 3252 ante
3179 3212 3510 3251 commemo-

1930 3302 2057 3356 rati.
2082 3299 2288 3355 Etenim
2327 3297 2631 3353 Salomonis
2661 3294 2844 3357 verba,
2876 3289 3042 3362 φοϐοῦ
3065 3290 3122 3342 δὲ
3147 3289 3240 3342 τὸν
3277 3288 3504 3360 Κύριον,

1932 3393 1984 3446 id
2015 3402 2120 3458 est,
2154 3393 2277 3445 time
2307 3398 2482 3444 autem
2511 3389 2818 3452 Dominum,
2854 3403 2973 3457 qua:
3013 3396 3227 3440 exstant
3271 3383 3321 3436 in
3349 3383 3510 3436 Prov.

1933 3497 2015 3546 ιιι,
2046 3483 2098 3545 7,
2132 3481 2209 3534 sic
2242 3480 2312 3534 ibi
2341 3481 2728 3548 interpretatur
2759 3497 2772 3532 :
2799 3476 2969 3530 Φόϐου
2997 3494 3080 3539 τις
3106 3473 3314 3545 Κυρίου
3344 3489 3512 3525 κατα-

1934 3570 2145 3643 φρονῶν
2178 3571 2282 3641 πρὸ
2310 3573 2410 3640 τῆς
2441 3569 2652 3633 τελείας
2691 3569 2908 3638 ἀγάπης
2937 3569 3034 3638 τῆς
3067 3565 3169 3631 ἔξω
3215 3562 3513 3632 θαλλούσης

1933 3663 2023 3716 τὸν
2065 3661 2262 3731 φόϐον,
2310 3660 2370 3713 οὐ
2403 3661 2662 3730 κτήσεται
2702 3659 2941 3729 ταύτην·
2994 3658 3115 3710 οὐδὲ
3167 3655 3362 3725 φθάσει
3415 3653 3513 3724 τὴν

1934 3755 2243 3824 τελειότητα
2277 3754 2350 3825 μὴ
2386 3752 2823 3823 παιδαγωγηθεὶς
2847 3751 2925 3822 τῷ
2956 3751 3111 3822 φόϐῳ
3133 3751 3390 3803 κωλύοντι
3420 3749 3512 3801 τοῦ

1936 3845 2109 3900 κακοῦ
2135 3845 2232 3916 τὴν
2257 3845 2558 3917 ἐνέργειαν.
2599 3845 2734 3898 Μεθ’
2760 3844 2819 3898 ὃν
2857 3847 2890 3916 ἡ
2925 3845 3112 3912 ἀγάπη
3144 3844 3408 3914 προσάγει
3437 3843 3515 3912 τῷ

1938 3937 2204 4009 κρείττονε
2236 3953 2294 3988 τε
2345 3936 2438 3988 καὶ
2468 3932 2676 4006 ἀγαθῷ.
2722 3933 2825 3999 Qui
2867 3933 2963 3987 Dei
3014 3935 3274 3998 timorem,
3323 3931 3514 4000 inquit,

1939 4030 2237 4094 contemnit,
2291 4039 2570 4097 antequam
2621 4027 2907 4096 perfectam
2951 4025 3260 4079 charitatem
3305 4023 3512 4083 habeat,

1938 4138 2051 4192 quae
2071 4121 2215 4191 foras
2245 4120 2403 4173 mittit
2424 4120 2684 4182 timorem,
2714 4119 2848 4172 hanc
2869 4134 2971 4171 non
2990 4125 3294 4186 assequetur
3317 4132 3332 4178 ;
3359 4130 3518 4183 neque

1941 4217 2008 4268 ad
2033 4212 2397 4283 perfectionem
2425 4212 2702 4279 perveniet,
2735 4210 2832 4264 nisi
2851 4211 3008 4262 timor
3030 4206 3182 4279 quasi
3203 4206 3518 4276 pwdagogus

1941 4307 2154 4378 quidam
2198 4321 2315 4358 eum
2371 4321 2402 4358 a
2449 4303 2794 4372 perpetrando
2854 4300 2994 4355 malo
3051 4299 3354 4368 prohibeat;
3405 4305 3518 4366 post

1943 4399 2179 4451 timorem
2217 4411 2335 4449 vero
2374 4395 2604 4448 charitas
2650 4395 2719 4446 ad
2767 4393 2820 4446 id
2868 4391 3006 4461 quod
3054 4389 3389 4459 prwstantius
3443 4398 3518 4442 est

1865 4487 2086 4579 D[vel,
2147 4489 2215 4541 ad
2271 4487 2494 4559 Deum],
2553 4495 2601 4540 et
2643 4486 2711 4539 ad
2759 4485 2949 4537 bonum
3007 4483 3245 4536 adducit.
3284 4481 3522 4551 Respicit

1945 4591 2124 4634 autem
2159 4581 2245 4633 hic
2289 4579 2542 4647 Didymus
2581 4575 2902 4631 versiculum
2943 4574 3008 4628 18
3043 4588 3163 4642 cap.
3206 4589 3258 4627 tv
3310 4575 3467 4641 epist.
3503 4571 3522 4625 l

1940 4664 2162 4720 Joannis
2196 4682 2210 4718 :
2249 4663 2491 4732 Perfecta
2517 4662 2748 4716 charitas
2778 4659 2936 4711 mittit
2972 4659 3117 4728 foras
3152 4659 3411 4711 timorem.

2016 4757 2216 4811 Deinde
2245 4756 2332 4810 ubi
2376 4755 2623 4814 timorem
2654 4753 2904 4806 servilem
2945 4749 3206 4820 deprimit
3231 4748 3510 4818 Didymus,

1944 4850 2014 4904 ibi
2055 4857 2147 4904 aut
2200 4847 2276 4900 illi
2330 4847 2651 4918 charitatem
2692 4843 3005 4912 anteponit,
3057 4849 3110 4893 ut
3163 4841 3215 4893 in
3265 4838 3403 4894 libro
3446 4837 3524 4891 De

1946 4941 2152 5010 Spiritu
2187 4947 2392 5002 sancto,
2437 4952 2586 4992 num.
2617 4934 2709 4999 ΔΞ,
2748 4934 2834 4989 ubi
2872 4935 2985 4987 ba'c
3018 4933 3281 5003 legimus:
3328 4948 3346 4981 ι
3375 4930 3518 4983 Rur-

1952 5050 2070 5090 sum
2124 5031 2430 5088 refocillans
2480 5043 2595 5094 eos,
2643 5037 2698 5080 et
2750 5025 3058 5089 consolans,
3103 5033 3157 5078 et
3210 5035 3519 5091 provocans

1897 5150 1906 5159 κ
1953 5137 2173 5194 sperare
2201 5121 2456 5188 meliora;
2489 5120 2685 5188 quibus
2710 5118 3050 5188 loquebatur,
3081 5116 3194 5168 ait:
3231 5113 3352 5166 Non
3386 5113 3524 5166 enim

1952 5215 2221 5284 accepistis
2270 5215 2461 5267 iterum
2495 5213 2750 5282 spiritum
2799 5210 3062 5265 servitutis
3112 5209 3167 5261 in
3210 5209 3424 5269 timore,
3476 5205 3528 5259 id

1953 5317 2064 5372 est,
2113 5322 2217 5361 non
2271 5304 2626 5359 similitudine
2678 5318 2994 5364 servorum,
3044 5311 3185 5354 metu
3225 5307 3279 5353 et
3320 5307 3528 5352 terrore

1957 5413 2238 5469 pontorum
2271 5411 2366 5450 vos
2401 5394 2685 5450 abstinetis
2712 5410 2740 5448 a
2769 5393 2940 5458 vitiis,
2971 5392 3095 5461 quia
3127 5391 3339 5445 habetis
3373 5388 3528 5443 vobis

1958 5491 2142 5543 datum
2185 5503 2213 5540 ιι
2251 5487 2407 5541 Patre
2445 5487 2708 5556 Spiritum
2761 5485 3094 5557 adeptionis,
3129 5485 3181 5538 id
3219 5493 3305 5538 est
3352 5481 3528 5552 Spiri-

1960 5590 2071 5634 tum
2099 5588 2367 5636 sancttnn.
2398 5599 2417 5634 ι
2456 5582 2561 5634 Aut
2591 5578 2658 5634 de
2690 5578 2887 5635 timore
2916 5578 3176 5648 loquitur,
3208 5575 3299 5647 qui
3331 5575 3534 5644 injuste

356 5782 396 5815 ”
419 5783 646 5855 Philipp.
686 5797 771 5848 ιιι,
801 5779 891 5835 20.
962 5779 1006 5810 "
1044 5779 1183 5834 l‘sal.
1215 5796 1358 5845 xm,
1390 5780 1472 5835 l3.
1547 5780 1588 5812 ’⁷
1619 5779 1804 5835 ll’etr.
1835 5795 1906 5847 IV,
1942 5780 2027 5833 l7.
