3970 6406
435 373 533 424 18?.

432 587 606 634 rcant.
655 577 732 632 Ita
787 583 845 634 in
890 582 1080 633 eadem
1119 580 1500 647 Enarratione,
1544 586 1631 638 cui
1689 584 1871 638 notula
1926 585 2013 638 illa

429 669 674 736 apposita
727 681 848 735 est,
901 686 1022 739 cap.
1051 671 1105 736 5,
1141 687 1263 741 pag.
1307 673 1406 739 64,
1458 677 1546 729 ubi
1598 675 1744 730 Petri
1796 676 2012 732 verba:

431 761 593 828 Cujus
625 765 750 816 estis
783 763 930 831 ﬁlice,
964 765 1084 817 bene
1117 765 1388 834 facientes,
1426 784 1517 820 nec
1566 769 1799 821 timentes
1845 767 2012 821 ullam

429 856 868 918 perturbationem
905 857 970 921 ’⁸,
1021 859 1275 922 explanat
1322 860 1373 911 in
1420 860 1828 914 hunc.tnodnm
1863 879 1875 914 :
1917 859 2015 912 ln-

431 946 557 996 uitat
596 947 861 1010 mulieres,
898 965 989 1015 per
1027 948 1160 1001 bona
1210 966 1364 1018 opera
1415 961 1633 1003 matrem
1670 953 1859 1005 habere
1907 952 2014 1006 Sa-

434 1051 566 1102 rant,
593 1046 640 1090 et
670 1055 825 1104 super
853 1041 1028 1092 omnia
1063 1041 1365 1106 consistere,
1400 1059 1491 1094 nec
1540 1042 1729 1095 habere
1772 1044 2013 1096 timorem

432 1129 616 1192 illum,
659 1145 810 1197 quem
856 1131 1239 1183 rationabiliter
1289 1132 1521 1200 perfecta
1571 1131 1805 1184 charitas
1855 1134 2016 1185 mittit

429 1223 606 1288 foras;
633 1223 877 1290 quoniam
903 1238 1064 1289 paentc
1099 1225 1264 1290 magis
1285 1233 1380 1289 est,
1405 1241 1507 1277 non
1537 1223 1650 1276 Dei.
1694 1223 1847 1277 llunc
1879 1228 2012 1277 enim

429 1329 521 1380 per
567 1315 742 1366 omnia
774 1314 980 1367 divinus
1029 1314 1286 1368 interdicit
1327 1332 1516 1379 sermo,
1563 1315 1760 1368 alicubi
1805 1318 2014 1384 quidem

429 1407 604 1457 dicens
629 1419 647 1458 :
677 1421 693 1450 ι
721 1403 849 1468 Quis
873 1415 967 1466 est,
997 1414 1051 1456 ut
1081 1405 1264 1458 timeas
1289 1407 1549 1458 hominem
1590 1407 1862 1460 mortalem
1881 1407 1961 1458 ’9?
1985 1426 2004 1457 ι

428 1497 620 1550 alicubi
656 1509 827 1551 autem
853 1513 870 1550 :
894 1516 912 1548 ι
943 1494 1123 1549 Nolite
1163 1497 1340 1550 timere
1369 1515 1454 1551 eos
1485 1500 1572 1562 qui
1616 1499 1856 1552 occidunt
1892 1515 2010 1552 cor-

428 1606 525 1652 pus
552 1589 596 1620 ³⁰
621 1607 636 1656 ;
665 1608 682 1640 ι
715 1603 761 1642 et
796 1589 902 1640 alia
940 1591 1017 1641 his
1062 1589 1250 1642 vicina.
1287 1588 1350 1640 Et
1406 1589 1549 1658 apud
1590 1586 1854 1643 Joannem
1909 1589 2013 1641 Da-

432 1695 740 1734 tnascenum
771 1681 822 1732 in
861 1679 1143 1733 Parallelis
1175 1697 1296 1750 pag.
1324 1679 1450 1746 507,
1493 1681 1564 1733 ita
1603 1681 1840 1749 loquitur
1871 1682 2009 1734 idem

430 1769 686 1841 Didymus
713 1791 726 1826 :
762 1769 908 1824 Fieri
936 1788 1038 1824 non
1069 1781 1257 1841 potest,
1291 1779 1345 1824 ut
1373 1772 1460 1840 qui
1492 1788 1604 1825 vere
1647 1775 1788 1826 timet
1821 1773 2008 1837 Deum,

435 1864 768 1919 meticulosus
809 1866 898 1928 sit,
927 1882 1042 1918 cum
1079 1865 1274 1918 dictant
1311 1866 1516 1934 fuerit:
1556 1885 1573 1916 ι
1609 1865 1810 1920 Prteter
1840 1867 2005 1929 ipsum

432 1972 494 2010 ne
518 1958 702 2010 timeas
726 1959 910 2012 alium.
937 1977 956 2010 ι

501 2049 629 2116 Quae
665 2065 785 2104 cum
825 2051 897 2104 ita
947 2051 1077 2114 sint,
1111 2057 1333 2120 apparet
1374 2050 1510 2120 jam,
1544 2060 1600 2104 ut
1650 2065 1794 2117 reor,
1827 2051 2010 2103 rectis-

431 2140 564 2195 sime
595 2141 878 2212 Didymum
911 2142 976 2195 de
1011 2142 1202 2196 timore
1251 2143 1432 2197 servili
1476 2142 1713 2196 locutum
1761 2158 1908 2196 esse.
1942 2143 2009 2193 At

434 2249 538 2287 non
574 2235 646 2286 ita
687 2233 945 2302 loquitur,
983 2234 1212 2302 inquies,
1250 2235 1302 2288 in
1339 2234 1480 2298 loco,
1511 2251 1668 2304 quem
1705 2234 2007 2288 notularmn

432 2334 623 2379 auctor
657 2326 1024 2394 reprehendit.
1055 2326 1360 2396 Antequam
1401 2329 1788 2396 respondeam,
1829 2341 1893 2378 ac
1936 2325 2011 2379 lo-

434 2433 555 2470 cum
606 2417 784 2486 ipsum
841 2417 1102 2482 afferam,
1151 2419 1258 2474 duo
1309 2420 1744 2474 animadvertere
1795 2434 2013 2473 necesse

433 2520 515 2564 est
545 2526 558 2564 :
591 2510 766 2577 primo
818 2511 1200 2568 Enarraliones
1250 2513 1371 2568 illas
1417 2528 1536 2568 esse
1580 2528 1685 2566 non
1738 2512 1896 2565 modo
1931 2511 2014 2563 in-

435 2602 717 2671 eleganter
765 2618 1054 2659 conversas
1105 2619 1136 2659 e
1177 2603 1406 2670 Grazco,
1450 2618 1636 2658 verum
1690 2604 1854 2656 etiam
1902 2603 2016 2656 sive

439 2697 664 2758 vetusti,
697 2697 1076 2764 amanuensis,
1120 2698 1234 2752 sive
1285 2696 1739 2768 typographornm
1784 2694 2013 2758 incuria,

439 2782 551 2837 sive
585 2783 688 2837 alia
724 2786 788 2838 de
820 2799 1007 2853 causa,
1043 2787 1254 2840 mendis
1289 2787 1559 2839 refertas:
1598 2785 1736 2838 hanc
1772 2784 1954 2852 itaque
1985 2799 2017 2837 a

439 2874 639 2931 lectore
687 2881 896 2935 veniam
961 2893 1116 2952 peto,
1171 2893 1231 2936 ut
1286 2899 1406 2937 eum
1466 2883 1640 2936 locum
1699 2897 1728 2934 a
1782 2897 1867 2936 me
1914 2896 2017 2935 non

438 2972 815 3028 ostentationis
847 2989 1031 3040 causa,
1073 2977 1168 3030 sed
1217 2961 1356 3044 quod
1402 2977 1473 3028 ita
1508 2977 1806 3029 necessitas
1851 2973 2019 3036 ferat,

441 3063 782 3118 emendatum
825 3065 1004 3122 aﬂ‘erri
1063 3071 1318 3137 patiatur.
1369 3068 1570 3122 Deinde
1616 3082 1756 3136 saepe
1810 3067 2023 3122 contin-

1842 374 1932 428 DE
1975 375 2230 433 DlDYMO

430 491 496 540 ab
546 487 861 542 hominibus
913 488 1206 554 injicuatur,
1253 500 1306 542 ut
1358 506 1457 545 nos
1508 493 1573 544 ah
1607 491 1788 546 ollicio.
1835 493 2092 556 deter-A

3597 379 3698 435 184

2123 493 2267 566 [XL]
2311 495 2576 549 duntaxat
2620 493 2879 564 Didymus
2925 492 3192 561 improbet
3223 493 3551 561 passibilem,
3585 495 3698 550 sive

2120 586 2365 659 ἐμπαθῆ,
2411 603 2475 642 ac
2527 588 2594 642 de
2648 586 2739 640 illo
2775 585 2966 638 timore
3003 587 3376 639 tantummodo
3424 584 3694 654 loquatur,

2117 693 2224 748 quo
2281 679 2420 733 servi
2475 680 2725 733 dominos
2769 677 2921 746 juxta
2971 677 3282 746 Apostolnm
3350 678 3540 732 timere
3598 679 3696 734 de-

2121 772 2283 836 bent,
2330 780 2420 825 aut
2467 787 2574 825 non
2627 772 2864 824 timere:
2912 784 3097 823 revera
3147 771 3290 823 enim
3341 783 3444 823 non
3487 779 3696 838 propter

2118 864 2349 925 verbera,
2393 862 2486 916 sed
2525 872 2735 931 propter
2780 858 3048 914 Christum
3102 859 3263 914 heros
3306 859 3449 918 servi
3505 859 3694 913 timere

2115 953 2330 1007 debent.

2189 1045 2318 1098 CAP.
2339 1026 2591 1098 lV.—De
2621 1044 2846 1099 hominis
2876 1043 3068 1114 spiritu
3101 1043 3164 1096 ab
3193 1042 3370 1096 animo
3396 1041 3618 1094 diverso.

2190 1135 2470 1206 Didymum
2503 1137 2775 1203 redarguit
2807 1135 3120 1191 Gennadius
3154 1137 3205 1189 in
3252 1135 3389 1188 libro
3418 1133 3492 1186 De
3530 1131 3692 1188 eccle-

2117 1228 2344 1279 siasticis
2387 1229 2736 1296 dogmatibus,
2770 1228 2913 1298 quod
2941 1229 3148 1281 tertium
3175 1229 3230 1280 in
3265 1225 3559 1279 substantia
3593 1223 3691 1278 lto-

2117 1319 2270 1372 minis
2309 1321 2548 1388 spiritum
2589 1321 2904 1375 admiserit:
2938 1320 3029 1373 sed
3068 1320 3304 1387 spiritus,
3341 1317 3533 1386 inquit,
3577 1317 3691 1384 ipsa

2115 1420 2187 1462 est
2223 1410 2423 1473 anima,
2449 1427 2543 1479 pro
2572 1411 2798 1478 spiritali
2829 1421 3038 1476 natura,
3070 1409 3146 1464 vel
3174 1427 3266 1478 pro
3286 1427 3346 1464 eo
3369 1410 3507 1480 quod
3533 1409 3690 1478 spirct

2115 1501 2169 1554 in
2202 1517 2434 1570 corpore,
2459 1503 2677 1571 spiritus
2702 1503 3014 1572 appellatus.
3048 1502 3247 1572 Reipsa
3277 1517 3404 1556 vero
3433 1503 3532 1556 etsi
3568 1516 3690 1555 cum

2115 1592 2168 1645 in
2191 1592 2324 1646 libro
2336 1595 2466 1647 Adv.
2483 1592 2820 1660 Manicltteos,
2840 1604 2949 1647 tmn
2971 1593 3022 1647 in
3040 1593 3176 1647 libro
3191 1593 3264 1646 De
3275 1593 3473 1662 Spiritu
3491 1602 3691 1654 sancto,

2117 1700 2263 1737 num.
2291 1684 2362 1738 54
2391 1686 2636 1740 docuerit
2671 1686 2948 1756 Didymus,
2994 1685 3258 1740 vocabulo
3303 1684 3526 1754 spiritus
3577 1684 3695 1736 ani-

2117 1793 2257 1830 mam
2305 1777 2571 1832 interdum
2609 1777 2930 1848 signiﬁcari;
2965 1780 3092 1847 quin
3129 1788 3304 1831 tamen
3361 1777 3462 1830 tria
3498 1777 3608 1846 ipse
3640 1776 3692 1830 in

2113 1869 2329 1924 homine
2366 1869 2706 1934 distinxerit,
2753 1884 2971 1940 corpus,
3030 1870 3266 1923 animam
3313 1879 3367 1923 et
3405 1869 3691 1938 Spiritum,

2111 1958 2344 2011 dubitari
2383 1959 2586 2028 nequit.
2630 1958 2696 2014 Ut
2739 1960 2882 2013 enim
2921 1959 3040 2013 libri
3092 1975 3153 2013 ιιι
3189 1960 3262 2012 De
3304 1957 3577 2021 Trinitate,
3607 1973 3697 2010 ca-

2112 2060 2205 2120 put
2243 2051 2306 2104 51
2368 2051 2812 2122 praetermittam,
2861 2052 2948 2106 ubi
3007 2051 3333 2105 sententiam
3389 2049 3693 2119 hujusmodi

2113 2143 2312 2198 indicat
2341 2143 2539 2211 potius,
2556 2158 2716 2212 quam
2746 2143 3117 2220 amplectitur;
3148 2142 3486 2211 apertissime
3516 2155 3612 2210 pro
3633 2155 3696 2195 ea

2112 2246 2308 2305 pugnat
2340 2236 2392 2289 in
2420 2235 2557 2290 libro
2587 2235 2663 2288 De
2692 2233 2892 2301 Spiritu
2917 2247 3118 2299 sancto,
3147 2251 3293 2288 num.
3315 2235 3404 2298 54,
3429 2233 3497 2289 55
3523 2243 3575 2288 et
3605 2233 3695 2296 59,

2112 2330 2464 2397 eamdemque
2510 2328 2796 2381 manifesto
2843 2327 3081 2381 admittit
3115 2329 3255 2396 apud
3289 2325 3600 2380 Corderinm
3638 2324 3696 2379 in

2113 2423 2308 2475 (intona
2339 2422 2402 2472 ad
2441 2435 2578 2473 vers.
2638 2418 2704 2471 ﬂ
2737 2417 2923 2487 psalmi
2954 2434 3005 2483 ι,
3037 2432 3162 2487 pag.
3189 2417 3328 2470 {002
3355 2433 3368 2469 :
3399 2415 3596 2468 etenim
3641 2414 3696 2468 in

2118 2514 2308 2569 Psaltis
2349 2513 2550 2575 verbis,
2582 2510 2785 2577 Spiritu
2814 2509 3092 2578 principali
3126 2507 3378 2576 conﬁrma
3412 2523 3510 2571 me,
3544 2506 3699 2559 intel—

2119 2605 2208 2673 ligi
2238 2617 2389 2672 posse
2414 2603 2483 2655 ait
2527 2601 2743 2654 nomine
2771 2599 2989 2668 spiritus
3014 2607 3106 2651 aut
3135 2597 3394 2665 Spiritum
3428 2604 3696 2660 sanctum,

2120 2707 2209 2749 aut
2235 2697 2296 2747 τὸ
2323 2693 2414 2746 τοῦ
2449 2691 2736 2764 ἀνθρώπου
2765 2690 3021 2761 (πνεῦμα.)
3062 2689 3122 2741 τὸ
3151 2691 3208 2740 ὲν
3244 2686 3394 2757 αὑτῴ
3430 2685 3615 2757 ἕτερον
3640 2684 3700 2739 ὃν

2120 2784 2220 2856 τῆς
2249 2783 2342 2837 τοῦ
2370 2781 2661 2852 ἀνθρώπου
2715 2781 2923 2851 ψυχῆς,
2959 2781 3010 2832 id
3047 2789 3128 2832 est
3161 2777 3387 2831 hominis
3435 2777 3698 2844 spiritum,

2121 2879 2210 2948 qui
2239 2880 2290 2931 in
2321 2879 2430 2944 ipso
2465 2887 2560 2939 est,
2590 2874 2653 2926 ab
2688 2874 2910 2927 Itomtnis
2943 2872 3122 2924 anima
3153 2869 3480 2924 distinctum.

2195 2971 2263 3023 At
2317 2968 2582 3022 sententia
2645 2963 2951 3032 hujusntodi
3021 2978 3125 3016 non
3185 2961 3465 3037 Gennadio
3525 2959 3700 3014 solum

2126 3061 2429 3128 displicuit,
2477 3060 2568 3112 sed
2613 3068 2667 3111 et
2719 3068 2911 3110 Saneto
2963 3054 3165 3110 doctori
3209 3053 3460 3117 Thomas,
3507 3053 3597 3122 qui
3650 3055 3702 3104 in

441 3170 569 3226 gere
600 3160 893 3213 notandum
922 3170 1023 3223 est,
1059 3173 1119 3214 ut
1150 3163 1201 3214 in
1237 3161 1461 3215 vetustis
1492 3159 1823 3212 membranis
1862 3173 2021 3212 voces
2049 3183 2091 3239 ε
2131 3152 2522 3221 Explanatioue
2555 3149 2806 3215 Etim“?
2850 3145 2876 3199 Ῑ
2915 3143 3069 3199 Ρίηιίί
3105 3145 3173 3198 ad
3207 3143 3442 3198 ΤΙιεεδαίο
3471 3145 3536 3197 ad
3591 3144 3705 3196 hi“:

443 3246 583 3302 Deus
636 3262 699 3303 ac
727 3248 985 3304 Dominus
1021 3253 1160 3304 inter
1206 3266 1264 3304 se
1303 3249 1724 3313 contunduntur,
1759 3249 2019 3318 quemad-

443 3338 659 3418 modum
691 3349 889 3393 norunt
922 3343 1008 3409 qni
1045 3341 1096 3394 in
1134 3341 1200 3394 iis
1235 3341 1433 3395 versati
1469 3348 1630 3406 sunt;
1669 3341 1775 3394 imo
1827 3339 2021 3406 saepius

443 3428 642 3483 factum
672 3444 812 3496 esse,
849 3442 909 3485 ut
941 3433 1029 3485 ubi
1067 3436 1396 3487 membrana:
1440 3431 1712 3486 habebant
1745 3431 2018 3493 Dominus,

444 3522 770 3590 typographi
803 3522 1179 3593 impresserint
1211 3523 1376 3589 Deus,
1415 3535 1469 3578 et
1511 3524 1784 3578 viceversa
1820 3539 1833 3575 :
1881 3521 2022 3591 quod

446 3618 886 3686 compendiarias
914 3620 1366 3690 utriusqnevocis
1389 3621 1688 3689 scripturas
1720 3619 1885 3688 probe
1916 3636 1942 3671 ιι
1967 3633 2024 3672 se

446 3708 678 3765 invicem
711 3727 814 3766 non
855 3725 1221 3770 secernerent.
1268 3713 1362 3767 llis
1407 3713 1674 3768 adnotatis
1706 3713 1913 3782 Didymi
1948 3711 2025 3765 lo-

451 3814 567 3850 cum
600 3802 869 3858 exscribo.
904 3803 1200 3873 Propositis
1227 3805 1408 3872 itaque
1442 3803 1583 3858 Petri
1618 3803 1796 3857 verbis
1826 3821 1839 3856 :
1877 3800 2026 3855 Servi

451 3890 653 3944 nbedite
683 3909 800 3945 cum
833 3895 976 3946 omni
1010 3897 1195 3947 timore
1239 3894 1464 3946 dominis
1497 3894 1675 3946 vestris
1697 3893 1764 3955 ³³,
1797 3903 1927 3951 ete.,
1955 3891 2025 3943 ita

452 3980 685 4049 loquitur
715 3984 995 4053 theologus
1030 3995 1211 4038 noster
1237 4002 1250 4037 :
1281 3983 1401 4036 Non
1437 3983 1735 4051 passibilem
1789 3981 2027 4033 timorem

451 4087 620 4126 servos
661 4072 852 4127 habere
889 4076 1123 4144 pra'cipit
1164 4075 1303 4141 apud
1349 4075 1626 4137 dominos;
1661 4073 1744 4125 hic
1776 4078 1911 4124 enim
1949 4071 2024 4121 ir-

451 4162 802 4222 rationabilis,
833 4175 879 4217 et
912 4164 981 4217 ad
1013 4166 1403 4219 irrationabilia
1439 4166 1752 4218 constitutus
1782 4172 1894 4226 est;
1936 4160 2029 4214 sed

452 4269 568 4306 eum
611 4255 700 4324 qui
745 4272 862 4308 cum
907 4257 1209 4326 disciplina,
1239 4266 1286 4310 et
1325 4268 1462 4310 recta
1508 4256 1712 4308 ratione
1756 4253 2029 4314 consistit;

452 4343 602 4412 cujus
649 4346 916 4413 proprium
969 4356 1043 4400 est
1095 4347 1402 4401 reverentia.
1455 4343 1559 4410 Qui
1614 4344 1754 4398 enim
1822 4351 2030 4410 propter

453 4435 720 4489 Christum
758 4447 804 4490 et
839 4439 1131 4492 doctrinam
1161 4439 1274 4509 ejus
1316 4439 1481 4491 Deum
1537 4437 1654 4507 (pro
1690 4435 1853 4488 Deum
1903 4445 2029 4501 pulo

2123 3249 2284 3302 verba
2305 3245 2348 3276 ³³
2377 3262 2390 3297 :
2419 3240 2483 3295 Ut
2517 3243 2712 3310 integer
2739 3240 2954 3306 spiritus
2985 3245 3172 3298 vester,
3203 3247 3249 3289 et
3279 3236 3478 3301 anima,
3505 3246 3552 3287 et
3589 3251 3706 3286 cor-

2122 3359 2218 3412 pus
2237 3378 2252 3393 .
2282 3379 2296 3393 .
2324 3377 2338 3391 .
2369 3376 2382 3390 .
2419 3347 2669 3395 servetur,
2699 3333 2776 3385 sic
2808 3331 3042 3398 loquitur
3071 3346 3088 3383 :
3123 3327 3408 3381 Occasione
3435 3326 3703 3379 verborum

2124 3435 2346 3487 istorum
2375 3429 2619 3481 dixerunt
2664 3422 2902 3494 quidam,
2932 3423 3070 3490 quod
3108 3421 3162 3473 in
3197 3421 3406 3473 nomine
3453 3418 3601 3471 aliud
3631 3432 3705 3469 est

2125 3524 2362 3593 spiritus,
2399 3531 2446 3574 et
2501 3518 2646 3572 aliud
2686 3517 2900 3578 anima;
2937 3523 3178 3580 ponentes
3219 3514 3353 3565 duas
3399 3511 3456 3564 in
3497 3510 3707 3562 Itomine

2127 3619 2373 3670 animus:
2405 3627 2560 3666 unam
2595 3626 2711 3680 qua:
2758 3608 2993 3670 animat,
3029 3606 3188 3659 aliam
3231 3620 3348 3673 qua:
3415 3603 3706 3656 ratiocina-

2128 3719 2234 3764 tur.
2262 3707 2329 3760 Et
2367 3707 2476 3760 ltazc
2523 3713 2644 3757 sunt
2687 3701 2960 3771 reprobata
2989 3701 3041 3751 in
3079 3695 3460 3749 Ecclesiasticis
3498 3696 3710 3762 dogma-

2127 3799 2292 3853 tibus.
2327 3795 2477 3850 Unde
2537 3793 2808 3847 scieudum
2857 3790 2993 3852 quod
3032 3789 3142 3842 lure
3179 3803 3280 3841 non
3332 3786 3580 3855 differunt
3629 3799 3709 3836 se-

2129 3893 2360 3946 cundum
2421 3887 2729 3950 essentiam,
2793 3885 2882 3937 sed
2948 3883 3232 3936 secundum
3280 3879 3591 3948 potentiam.
3641 3874 3709 3928 In

2129 3984 2305 4036 anima
2343 3981 2484 4034 enim
2541 3985 2721 4030 nostra
2768 3983 2889 4028 sunt
2939 3975 3179 4043 quwdam
3229 3972 3390 4035 vires,
3432 3985 3549 4039 qum
3586 3976 3709 4020 sunt

2131 4083 2274 4127 actus
2310 4069 2662 4136 corporalium
2719 4081 3068 4135 organorum,
3113 4065 3247 4117 sicut
3301 4070 3423 4115 sunt
3469 4059 3712 4130 potentia!

2131 4164 2389 4217 sensitivtt:
2419 4162 2608 4229 partis.
2647 4159 2779 4212 Alite
2816 4167 2935 4212 sunt
2979 4173 3096 4226 qua:
3137 4171 3241 4208 non
3283 4165 3402 4206 sunt
3441 4165 3589 4205 actus
3624 4161 3710 4203 ta-

2133 4257 2265 4309 lium
2315 4268 2660 4322 organorum,
2697 4256 2787 4305 sed
2829 4262 2948 4303 sunt
2998 4251 3278 4302 abstracta:
3327 4246 3393 4298 ab
3435 4246 3531 4308 eis,
3573 4244 3709 4296 sicut

2133 4355 2253 4399 sunt
2316 4347 2558 4413 potentia:
2607 4343 2930 4396 intellectivtc
2976 4341 3139 4410 partis
3181 4356 3199 4393 :
3244 4349 3290 4392 et
3341 4338 3423 4390 lite
3462 4337 3715 4388 dicuntur

2134 4435 2368 4504 spiritus,
2391 4435 2538 4502 quasi
2575 4431 2968 4494 immateriales,
2995 4441 3042 4483 et
3072 4438 3326 4498 separata:
3355 4427 3528 4493 aliquo
3555 4423 3715 4476 modo

453 4529 714 4595 seriplutn
761 4527 926 4584 fuisse
963 4531 1014 4583 in
1059 4531 1384 4584 tnetnhranis
1419 4533 1708 4589 dominum,
1745 4527 1794 4580 id
1839 4538 1920 4579 est
1952 4525 2033 4577 lte-
2065 4519 2106 4574 Ι)
2137 4544 2166 4579 a
2197 4541 2433 4595 corpore,
2473 4524 2531 4576 in
2576 4534 2827 4592 quantum
2877 4537 2977 4574 non
3020 4529 3140 4574 sunt
3178 4528 3326 4570 actus
3363 4517 3594 4584 corporis
3617 4531 3637 4567 .'
3663 4525 3712 4566 et

455 4619 606 4692 rum)
649 4621 827 4681 timet,
853 4640 984 4675 'cum
1040 4625 1320 4678 reverentia
1350 4625 1396 4676 ei
1447 4621 1705 4691 subjectus
1749 4632 1822 4674 cst
1853 4636 1871 4673 :
1914 4639 2031 4673 cum

455 4713 545 4764 ille
577 4713 666 4782 qui
703 4730 794 4781 per
843 4713 957 4784 (aut
1009 4715 1272 4770 barbarus
1323 4716 1606 4784 interpres,
1649 4723 1741 4767 aut
1787 4714 2032 4767 indoctus

457 4804 709 4859 librarius
744 4807 919 4874 posuit
947 4824 1037 4876 per
1063 4823 1161 4876 pro
1187 4810 1415 4876 pr0pter)
1441 4808 1668 4871 verbera,
1695 4805 1900 4873 aliaque
1927 4817 2034 4858 tor-

457 4905 630 4949 menta
661 4898 806 4949 timet
849 4897 1010 4951 Deum
1041 4899 1151 4969 (hic
1175 4914 1386 4968 quoque
1421 4913 1514 4966 pro
1557 4897 1720 4950 Deum
1753 4895 2032 4965 legendum

460 4999 587 5054 puto
645 4989 978 5054 dominum),
1027 4991 1323 5058 passibilem
1377 4992 1613 5044 timorem
1669 4988 1855 5042 habere
1900 4989 2033 5041 videt

464 5076 594 5143 (pro
627 5078 764 5131 videt
811 5079 926 5147 lngo
975 5080 1222 5148 videtur).
1261 5081 1374 5133 Hac
1427 5079 1808 5149 signiﬁcatione
1843 5088 1891 5130 ct
1929 5077 2036 5141 ltic,

462 5181 576 5232 post
607 5173 734 5236 alia,
768 5173 936 5226 utitur
964 5175 1031 5225 ad
1073 5172 1294 5242 feminas
1333 5175 1553 5226 tltcens:
1587 5189 1606 5223 ι
1637 5171 2037 5226 Considerantcs

465 5271 687 5317 vestram
733 5265 787 5317 in
844 5267 1028 5318 timore
1081 5275 1280 5318 castam
1341 5263 1869 5317 conversationem".
1907 5281 1923 5312 ι
1974 5261 2038 5314 Et

466 5355 760 5422 frequenter
785 5356 1064 5424 Scriptura
1100 5359 1208 5411 Itarc
1239 5360 1301 5410 de
1338 5360 1521 5410 timore
1548 5357 1642 5409 tali
1674 5355 1826 5408 modo
1863 5354 2038 5423 perlo-

463 5449 662 5516 quitur.
696 5447 772 5500 Ita
801 5465 860 5502 se
891 5449 1050 5502 habet
1093 5447 1299 5518 Didymi
1334 5448 1483 5501 locus
1527 5462 1554 5498 a
1587 5461 1813 5500 censore
1858 5459 2041 5512 repre-

468 5536 691 5591 hensus.
719 5537 853 5603 Quid
904 5549 1079 5592 autem
1124 5556 1370 5593 censoria
1405 5537 1613 5607 virgula
1661 5536 1877 5604 dignum
1915 5534 2044 5588 insit.

466 5624 526 5682 in
559 5629 643 5683 his
680 5630 883 5693 verbis.
915 5647 1022 5685 non
1063 5632 1216 5686 video
1253 5651 1264 5686 :
1302 5629 1598 5700 praesertim
1640 5644 1761 5682 cum
1797 5630 2042 5682 timorem

544 5804 588 5837 "'
626 5803 816 5859 ll‘elr.
843 5831 922 5871 ιι..
951 5805 1002 5860 6.
1079 5807 1121 5836 ’³
1162 5804 1264 5860 lsa.
1293 5820 1366 5870 LI,
1395 5803 1479 5857 12.

1555 5801 1600 5833 ³ο
1639 5800 1831 5857 Matth.
1860 5818 1914 5866 x,
1941 5799 2030 5854 28.
2068 5799 2109 5832 ³⁸
2151 5797 2170 5852 1
2203 5795 2346 5852 Petr.
2381 5808 2449 5859 ιι,
2479 5792 2558 5848 18.

2139 4619 2386 4670 dicuntur
2423 4616 2578 4669 etiam
2610 4630 2843 4668 mens....
2875 4612 2938 4664 In
2972 4620 3225 4681 quantum
3273 4618 3445 4661 autent
3484 4608 3733 4669 animat,

2140 4710 2339 4762 dicitur
2377 4708 2577 4770 anima,
2619 4708 2742 4775 quia
2785 4706 2881 4758 hoc
2909 4715 2987 4757 est
3033 4703 3080 4756 ei
3117 4702 3406 4770 oraprium.
3440 4698 3718 4752 Hactenus

2141 4799 2196 4853 S.
2227 4797 2484 4852 Thomas.

2213 4889 2330 4945 Jam
2366 4904 2494 4943 vero
2529 4887 2777 4957 quamvis
2825 4886 2949 4941 huic
3001 4883 3239 4954 opinioni
3295 4882 3578 4953 Didymum
3619 4879 3720 4932 atl-

2143 4983 2365 5038 haasisse
2415 4981 2797 5044 concedamus,
2845 4979 2988 5048 quod
3024 4994 3053 5029 a
3094 4977 3330 5039 nemine,
3374 4975 3464 5044 qui
3501 4975 3720 5027 sincere

2146 5087 2286 5146 agat,
2323 5073 2508 5143 negari
2566 5082 2770 5141 potest;
2805 5069 3074 5140 mquitatis
3120 5079 3296 5121 tamen
3328 5081 3480 5119 amor
3518 5077 3582 5116 ac
3626 5078 3722 5116 ve-

2144 5166 2322 5222 ritatis
2359 5164 2408 5217 id
2440 5179 2468 5216 a
2494 5163 2647 5216 nobis
2681 5161 2946 5228 estposcit,
2978 5167 3037 5211 ut
3060 5155 3310 5211 nonnulla
3352 5154 3438 5207 hic
3469 5151 3721 5204 animad-

2145 5268 2358 5311 vertere
2425 5271 2492 5308 ne
2540 5255 2869 5314 omittamus,
2916 5267 3034 5320 qtue
3084 5251 3256 5318 ipsum
3336 5246 3551 5299 valeant
3620 5242 3725 5296 ali-

2147 5357 2463 5419 qnantnmm
2509 5362 2788 5398 exettsare.
2838 5343 3075 5396 Primum
3133 5341 3276 5394 enim
3310 5337 3624 5406 longissime
3673 5336 3724 5389 is

2149 5440 2320 5494 abfuit
2373 5439 2441 5491 ab
2487 5439 2573 5490 illa
2630 5436 2855 5498 haeresi,
2905 5449 3067 5504 quam
3118 5431 3482 5499 Apollinarius
3528 5429 3722 5483 eadem

2152 5529 2266 5583 fere
2300 5528 2557 5597 opinione
2606 5528 2805 5579 abusus
2839 5522 3203 5592 excogitavit:
3243 5519 3334 5588 qui
3364 5533 3483 5573 cum
3525 5517 3576 5567 in
3625 5517 3727 5568 ho-

2154 5622 2299 5675 mine
2349 5621 2451 5673 tria
2490 5629 2544 5673 et
2593 5618 2705 5687 ipse
2753 5616 3141 5684 distingueret,
3181 5627 3399 5680 corpus,
3450 5608 3728 5675 animam,

2638 5793 2683 5824 ³³
2723 5795 2740 5849 l
2772 5793 2916 5848 Pctr.
2948 5805 3007 5845 nt
3028 5788 3143 5856 ,16.
3222 5785 3267 5818 ³³
3299 5781 3723 5852 lThess.v,25.
