3970 6406
212 368 304 427 185

1376 371 1944 428 COMMENTARIUS.
1985 401 2056 411 —
2092 369 2222 425 LIB.
2265 367 2329 424 ll.

3381 361 3404 414 l
3415 355 3486 417 8'6

211 503 257 548 et
282 491 456 560 λόγον,
499 488 555 544 id
612 497 700 545 est
754 498 1022 552 mentem,
1054 505 1150 544 seu
1185 491 1484 560 rationem;
1531 492 1636 546 duo
1670 491 1793 560 qni-
1825 497 1872 556 Α
1904 491 1984 546 vel
2021 499 2156 544 certe
2185 489 2450 558 spiritum,
2480 487 2710 538 animum
2749 481 2990 537 debemus
3026 481 3280 548 accipere.
3331 481 3395 536 Et
3423 483 3483 536 in

212 587 320 640 dem
370 585 553 652 priora
600 598 631 636 a
681 580 867 637 Verbo
935 592 1213 650 assumpta
1267 582 1438 637 fuisse
1495 583 1789 648 fatebatur,

211 687 374 731 mente
402 685 592 730 autem
626 673 910 729 Christum
964 674 1205 729 caruisse
1235 675 1620 740 contendebat,
1650 674 1794 743 ejus-

211 784 307 837 que
341 768 579 820 animam
620 766 840 834 ἄλογον,
881 767 932 820 iti
964 776 1067 830 est,
1104 765 1314 820 ratione
1341 767 1652 821 destitutam
1698 781 1794 836 ap-

213 859 456 928 pellabal.
499 860 685 926 Atque
739 856 881 910 hanc
929 857 1159 912 fortasse
1204 857 1519 927 Apollinarii
1567 867 1797 913 senten-

219 952 337 1002 tiam
385 949 666 1019 spectabat
707 947 937 1003 Michael
985 948 1214 1020 Glycas,
1262 965 1384 1004 cum
1435 950 1487 1002 in
1528 949 1792 1014 Qutcstio-

221 1041 359 1092 nibus
414 1039 638 1092 Biblicis
697 1042 926 1094 necdum
981 1039 1141 1094 editis
1193 1039 1492 1109 quaestione
1539 1038 1631 1101 20,
1666 1054 1790 1107 pag.

218 1134 312 1186 ‘26'3
340 1132 542 1187 codicis
580 1131 812 1185 Naniani
841 1131 1057 1203 scripsit
1081 1150 1094 1184 :
1132 1132 1196 1184 'H
1225 1131 1436 1202 αἵρεσις
1466 1131 1498 1201 ἡ
1534 1131 1598 1182 ἐκ
1624 1129 1794 1200 τριῶν

219 1224 434 1290 λέγουσι
490 1221 814 1291 συγκεῖσθαι
875 1223 970 1276 τὸν
1017 1223 1335 1294 ἄνθρωπον,
1398 1220 1648 1290 σώματος
1703 1219 1796 1292 δη·-

217 1314 400 1380 λονότι,
444 1314 630 1385 ψυχῆς
669 1313 888 1383 ἀλόγου,
937 1313 1030 1367 καὶ
1078 1313 1256 1384 ψυχῆς
1309 1314 1532 1383 νοερᾶς,
1584 1313 1634 1364 id
1674 1322 1791 1378 est,

215 1407 417 1460 heresis
472 1424 596 1474 qua:
651 1407 914 1459 hominem
962 1423 1026 1460 ea:
1073 1405 1240 1460 tribus
1299 1413 1449 1458 rebus
1503 1405 1794 1458 coalescere

213 1501 348 1560 dicit,
393 1517 618 1566 corpore
664 1501 932 1565 videlicet,
981 1500 1158 1552 anima
1205 1498 1427 1551 rationis
1479 1504 1684 1564 experte
1743 1505 1791 1548 et

213 1592 378 1642 anima
422 1589 766 1659 intelligente.

280 1680 490 1734 Deinde
520 1679 849 1732 sententiam
886 1692 1039 1732 suam
1073 1677 1218 1732 clare
1253 1691 1515 1744 nusquam
1553 1675 1796 1745 explicat

214 1769 488 1840 Didymus.
540 1769 677 1824 Nam
713 1770 965 1840 spiritum
1012 1769 1227 1837 quidem
1281 1767 1515 1821 hominis
1554 1783 1585 1819 a
1644 1766 1795 1821 Scri-

1895 583 2186 637 Commcnt.
2227 582 2282 634 in
2318 578 2485 648 Epist.
2519 580 2585 629 ad
2647 574 2836 644 Ephes.
2872 573 2964 628 lib.
2999 589 3080 636 ιιι,
3117 588 3234 639 cap.
3268 573 3322 637 4,
3361 589 3484 644 pag.

1896 673 2002 727 652
2034 693 2047 727 :
2087 671 2294 741 Signati
2327 679 2498 723 autem
2533 684 2710 721 sumus
2743 664 2946 735 Spiritu
2973 664 3070 718 Dei
3105 674 3307 728 sancto,
3350 675 3404 717 ut
3435 676 3483 717 et

1893 767 2111 836 spiritus
2142 777 2317 818 noster
2377 771 2425 815 et
2454 761 2631 813 anima
2666 759 3040 827 imprimuntur
3063 757 3330 825 signaculo
3365 755 3486 826 Dei.

1895 861 1959 915 Et
1990 877 2106 929 cap.
2141 859 2174 913 5
2227 858 2465 925 ejusdem
2505 855 2625 909 libri
2665 869 2788 923 pag.
2819 851 2923 906 658
2956 870 2970 905 :
3022 850 3239 905 Necnon
3268 863 3314 906 et
3351 852 3485 906 illud

1894 964 1970 1008 est
2009 952 2394 1012 disserendum,
2432 949 2688 1018 quomodo
2741 947 2830 998 uni
2867 956 3020 1012 atque
3060 947 3230 998 eidem
3278 945 3488 998 dicatur

1893 1045 2046 1115 quasi
2075 1043 2286 1106 viventi,
2323 1061 2340 1092 ι
2371 1041 2542 1107 Surge
2570 1038 2660 1108 qui
2686 1037 2884 1090 dormis
2914 1035 2980 1101 ³⁸,
3019 1054 3038 1088 s
3076 1046 3123 1088 et
3159 1035 3308 1104 quasi
3341 1051 3484 1087 mor-

1897 1148 1985 1190 tuo
2009 1175 2023 1200 ,
2070 1153 2090 1186 ι
2126 1133 2366 1201 Exsurge
2406 1149 2436 1183 a
2466 1129 2687 1182 mortuis
2719 1128 2784 1182 ³⁸.
2820 1146 2838 1178 s
2886 1126 3060 1196 Igitur
3084 1128 3205 1195 quia
3247 1135 3294 1178 et
3328 1126 3485 1194 spiri-

1893 1239 1976 1282 tus
2005 1238 2078 1282 est
2113 1225 2357 1286 hominis,
2399 1239 2550 1292 quem
2584 1237 2777 1290 semper
2812 1221 2866 1273 in
2895 1222 3085 1272 bonam
3129 1227 3328 1285 partem
3353 1218 3487 1270 scri-

1894 1329 2041 1388 ptunt
2090 1317 2444 1378 meminimus,
2498 1324 2548 1368 et
2585 1313 2785 1375 anima,
2837 1311 2989 1376 cuius
3023 1319 3071 1362 et
3125 1309 3482 1376 inﬁrmitates,

1893 1423 1943 1465 et
1970 1421 2161 1463 mortes
2184 1409 2400 1477 legimus
2435 1415 2804 1474 peccatorum;
2851 1403 2905 1455 id
2931 1403 3068 1472 quod
3101 1418 3236 1454 nunc
3267 1401 3482 1466 dicitur,

1900 1524 1918 1556 ι
1954 1504 2125 1573 Surge
2175 1504 2264 1572 qui
2314 1500 2534 1563 dormis,
2569 1518 2587 1551 ι
2653 1497 2918 1567 referatur
2971 1500 3038 1548 ad
3092 1495 3335 1564 spiritum
3381 1510 3400 1548 :
3435 1503 3484 1546 et

1895 1596 2031 1664 quod
2085 1593 2340 1662 sequitur,
2403 1610 2421 1642 ι
2465 1588 2703 1658 Exsurge
2735 1604 2767 1640 a
2798 1588 3055 1652 mortuis,
3095 1604 3113 1636 ι
3151 1587 3342 1638 anima:
3393 1599 3484 1635 co-

1895 1695 2124 1758 aptetur.
2159 1701 2178 1736 ι
2209 1684 2403 1737 Anima
2433 1682 2576 1734 enim
2609 1695 2726 1748 qua:
2756 1678 3080 1748 peccaverit,
3122 1677 3235 1746 ipsa
3288 1676 3488 1730 morie-

1898 1791 1988 1833 tur
2015 1778 2078 1830 ³⁷.
2126 1795 2144 1828 ι
2213 1773 2443 1842 Spiritus
2481 1784 2654 1826 autem
2701 1781 2917 1824 mortem
2959 1786 3222 1838 nunquam
3274 1769 3486 1822 omnino

215 1874 356 1929 tum
394 1863 599 1932 saepius
637 1863 927 1916 memorari
975 1861 1084 1926 ait.
1135 1859 1504 1928 eumdemque
1545 1860 1793 1929 spiritum
1829 1843 1870 1896 Β
1906 1873 2144 1941 legimus.
2198 1867 2426 1922 Demum
2480 1865 2534 1918 in
2592 1863 2813 1932 epistola
2869 1862 3004 1927 no,
3067 1861 3132 1915 ad
3179 1860 3480 1928 lledibiam,

215 1954 424 2006 ικιιιὴιιιι
495 1953 756 2024 quiddam
813 1954 864 2006 in
928 1953 1166 2016 homine,
1204 1963 1400 2022 praeter
1456 1951 1693 2005 animam
1740 1959 1840 2004 et.

215 2062 426 2114 corpus,
474 2060 598 2100 esse
649 2045 951 2107 contendit,
993 2044 1204 2098 duobus
1258 2043 1598 2111 potissimum
1640 2042 1792 2097 Pauli

219 2137 537 2191 testimoniis
595 2135 846 2197 innixus,
894 2149 1120 2202 quorum
1175 2135 1412 2202 primum
1451 2133 1501 2186 iu
1557 2131 1792 2201 Ep.lad

217 2227 462 2283 Thessal.
509 2241 628 2295 cap.
658 2243 706 2288 v,
739 2242 883 2279 vers.
911 2225 1003 2290 ⁸15,
1037 2225 1117 2280 sic
1155 2241 1213 2280 se
1246 2225 1409 2279 habet
1440 2243 1452 2279 :
1488 2222 1553 2277 Ut
1597 2225 1795 2290 integer

214 2321 421 2382 spiritus
459 2329 641 2383 vester,
684 2329 730 2371 et
782 2319 982 2382 anima,
1021 2329 1067 2370 et
1104 2333 1384 2386 corpus...,
1421 2328 1682 2379 servetur;
1714 2314 1794 2369 al-

222 2419 384 2463 terunt
423 2424 558 2462 vero
605 2408 658 2462 in
704 2409 802 2477 Ep.
833 2408 851 2462 1
885 2410 948 2462 ad
979 2408 1107 2462 Cor.
1153 2425 1272 2477 cap.
1305 2425 1365 2472 ιι,
1399 2424 1540 2462 vers.
1583 2408 1667 2472 ll,
1699 2423 1795 2462 ex-

216 2510 331 2562 stat,
355 2514 406 2554 et
447 2512 529 2554 est
569 2499 880 2566 hujusmodi
912 2517 925 2552 :
965 2501 1091 2565 Quis
1117 2501 1251 2553 enim
1293 2501 1387 2553 scit
1430 2500 1698 2552 hominum
1731 2515 1793 2552 ea

213 2609 323 2661 qut:
368 2603 493 2646 sunt
539 2593 790 2656 hominis,
839 2593 937 2644 nisi
984 2593 1200 2659 spiritus
1247 2593 1472 2644 hominis
1510 2593 1599 2662 qui
1637 2592 1687 2644 in
1733 2607 1793 2646 eo

213 2685 425 2737 est?At
470 2683 600 2750 quid
646 2683 874 2750 hujusce
916 2685 1132 2752 spiritus
1181 2683 1442 2737 vocabulo
1496 2682 1794 2752 intelligen-

213 2777 330 2827 dum
371 2773 522 2836 velit,
570 2789 677 2826 non
730 2772 994 2827 declarat.
1026 2772 1176 2839 Quod
1213 2773 1256 2826 si
1301 2772 1573 2827 hominem
1621 2772 1794 2826 tribus

213 2866 556 2928 substantiis,
605 2880 855 2933 corpore,
899 2867 1076 2918 anima
1125 2863 1411 2927 rationali,
1459 2872 1514 2918 et
1560 2863 1791 2933 spiritu,

212 2969 463 3013 constare
519 2956 686 3030 [XLI]
741 2958 1144 3019 existimasset,
1193 2957 1482 3024 rejicienda
1553 2955 1794 3025 profecto

210 3051 516 3118 huiusmodi
550 3051 733 3120 opinio
769 3050 942 3116 foret;
975 3049 1068 3104 sed
1102 3051 1174 3102 ita
1199 3064 1323 3104 eum
1354 3049 1613 3113 sensisse,
1651 3049 1790 3101 haud

207 3147 315 3200 scio
345 3160 417 3198 an
454 3153 572 3197 tuto
621 3141 878 3197 alIirmari
919 3142 1105 3211 possit.
1137 3142 1317 3195 Potuit
1373 3141 1515 3196 enim
1572 3143 1791 3212 spiritus

209 3237 424 3291 nomine
464 3237 703 3290 animum
742 3237 809 3290 ab
847 3237 1023 3289 anima
1080 3234 1304 3288 rationis
1334 3244 1552 3302 esperte
1602 3234 1792 3288 distin-

207 3341 347 3383 ctum
390 3327 714 3398 intelligere.
746 3327 876 3392 Qua:
905 3330 948 3379 si
995 3326 1093 3380 fuit
1138 3325 1254 3391 ejus
1302 3325 1509 3394 Opinio,
1551 3339 1659 3379 non
1713 3326 1792 3376 vi-

207 3420 363 3473 detur
411 3430 524 3472 tam
581 3421 921 3473 conﬁdenter
965 3416 1346 3486 improbanda,
1401 3425 1460 3470 ut
1513 3434 1632 3470 eam
1688 3416 1793 3469 im-

205 3516 401 3580 probat
449 3511 790 3565 Gennadius.
849 3509 1163 3563 Lactantius
1211 3522 1342 3562 sane
1412 3509 1464 3562 in
1533 3508 1671 3562 libro
1719 3507 1794 3560 De

201 3604 418 3671 epiﬁcio
459 3602 558 3656 Dei
590 3618 712 3672 cap.
740 3605 830 3665 18,
862 3618 966 3654 non
995 3611 1102 3653 tam
1135 3599 1346 3654 facilem
1376 3601 1555 3654 solutu
1585 3601 1796 3653 censuit

201 3695 592 3761 quastionetn,
618 3707 726 3759 qua
762 3693 1042 3760 qiueritur,
1084 3699 1265 3742 utrum
1302 3691 1514 3742 animus
1550 3691 1688 3742 idem
1725 3689 1795 3741 sit

201 3799 322 3839 ωιιι
375 3785 583 3838 anima.
624 3783 891 3852 Sequitur,
937 3783 1130 3851 inquit,
1179 3781 1285 3833 alia
1327 3792 1375 3836 et
1422 3783 1534 3848 ipsa
1570 3782 1794 3834 inextri-

200 3877 390 3929 cabilis
436 3877 664 3945 quwstio
709 3889 726 3925 :
765 3875 972 3927 idemne
1013 3874 1079 3927 sit
1121 3874 1321 3936 anima,
1362 3880 1411 3924 et
1459 3873 1700 3935 animus;
1728 3887 1797 3924 an

200 3987 319 4024 sero
350 3971 505 4022 aliud
557 3970 624 4022 sit
660 3968 813 4030 illud,
858 3983 960 4037 quo
1005 3967 1244 4027 vivimus,
1287 3964 1436 4017 aliud
1476 3973 1650 4016 autem
1693 3979 1795 4034 quo

199 4063 486 4123 sentimus,
535 4069 584 4111 et
633 4060 889 4125 sapimus.
945 4055 1068 4110 Non
1127 4059 1316 4109 desunt
1384 4065 1690 4124 argumenta
1744 4055 1797 4107 in

201 4167 485 4217 atramque
531 4161 757 4219 partem.
803 4149 988 4204 Potuit
1036 4147 1201 4201 etiam
1257 4146 1518 4200 vocabqu
1581 4146 1795 4212 spiritus

203 4259 310 4297 non
346 4245 571 4296 tertiam
624 4241 916 4310 quamdam
959 4239 1317 4293 substantiam
1365 4237 1666 4305 intelligere
1705 4235 1795 4288 Di-

204 4337 424 4405 dymus,
457 4334 556 4389 sed
597 4333 776 4402 λόγον,
809 4333 860 4386 id
891 4342 972 4387 est
1017 4340 1274 4394 mentem,
1316 4339 1408 4383 aut
1453 4329 1595 4382 aliud
1635 4328 1798 4398 quid.-

208 4427 349 4494 piam
389 4428 459 4481 ab
491 4428 676 4480 anima
709 4426 1022 4480 distinctum
1055 4439 1162 4477 non
1189 4439 1253 4476 ea
1299 4421 1667 4482 distinctione,
1703 4433 1798 4489 per

1898 1978 2174 2034 exponens
2240 1960 2600 2029 Hieronymus
2656 1957 2768 2023 ipse
2825 1955 2980 2007 allata
3037 1951 3187 2007 Pauli
3234 1951 3400 2008 verba
3461 1969 3476 2006 :

1905 2054 1970 2111 Ut
2031 2056 2223 2123 integer
2295 2051 2509 2120 spiritus
2577 2057 2760 2112 vester,
2825 2055 2873 2098 et
2941 2045 3162 2111 anima,
3239 2053 3286 2098 et
3368 2061 3486 2097 cor-

1901 2166 1998 2219 pus
2035 2147 2102 2210 ³⁸,
2152 2156 2284 2209 clc.,
2328 2153 2448 2214 post
2501 2141 2774 2212 esplosam
2832 2139 3211 2193 hmreticorum
3251 2137 3487 2207 explica-

1905 2245 2126 2303 tionem,
2165 2247 2398 2309 quatuor
2427 2236 2563 2289 alias
2608 2233 2768 2287 aﬂ‘ert
2797 2231 3293 2299 interpretationes,
3323 2241 3485 2298 atque

1901 2333 2041 2386 inter
2096 2340 2322 2384 caeteras
2382 2325 2591 2398 Didymi
2633 2325 2794 2380 etiam
2839 2323 3170 2393 Opinionem.
3222 2319 3312 2375 llla
3360 2321 3483 2390 qui-

1899 2425 2043 2489 dem,
2097 2437 2256 2490 quant
2314 2418 2679 2488 llieronymus
2727 2417 2839 2484 ipse
2889 2415 3254 2484 amplectitur,
3309 2413 3362 2467 in
3421 2427 3486 2466 eo

1902 2513 2005 2566 sita
2042 2521 2144 2575 est,
2179 2521 2232 2564 ut
2269 2511 2485 2579 spiritus
2545 2506 2763 2561 nomine
2820 2505 3019 2559 Paulus
3061 2520 3167 2558 non
3225 2503 3482 2573 Spiritum

1901 2613 2167 2668 sanctum,
2207 2612 2266 2655 ut
2295 2601 2548 2655 volebant
2603 2598 2870 2662 haeretici,
2920 2598 3011 2650 sed
3048 2595 3280 2666 Spiritus
3310 2595 3482 2650 sancti

1899 2697 2039 2749 dona
2071 2695 2331 2764 designet.
2367 2692 2539 2760 Quam
2569 2705 2698 2744 vero
2746 2687 3009 2760 Didymus
3057 2688 3325 2757 probavit,
3376 2702 3483 2741 una

1902 2799 1985 2841 est
2018 2801 2085 2841 ex
2115 2786 2310 2848 tribus,
2345 2798 2481 2853 quas
2514 2783 2663 2836 hisce
2688 2782 2869 2835 verbis
2892 2780 3112 2848 exponit
3141 2789 3364 2833 sanctus
3387 2777 3482 2833 do.

1900 2893 2057 2933 etor:
2099 2875 2258 2930 Multi
2299 2873 2612 2942 simpliciter
2645 2872 2781 2924 hunc
2816 2869 2985 2922 locum
3018 2870 3082 2922 de
3143 2869 3483 2922 resurrectio-

1902 2989 1964 3026 ne
1995 2969 2331 3039 intelligunt;
2376 2980 2430 3020 ut
2468 2976 2516 3020 et
2549 2952 2784 3035 spiritus,
2813 2973 2860 3017 et
2895 2965 3092 3026 anima,
3126 2974 3172 3016 et
3199 2978 3385 3030 corpus
3428 2963 3484 3016 in

1902 3066 2124 3118 adventu
2189 3061 2403 3114 Domini
2451 3061 2650 3128 integra
2707 3067 3093 3111 conserventur.
3126 3055 3232 3107 Alii
3271 3071 3336 3108 ea:
3387 3055 3484 3108 hoc

1899 3159 2014 3211 loco
2051 3155 2307 3223 triplicem
2339 3157 2392 3207 in
2440 3153 2648 3206 homine
2706 3151 2883 3205 volunt
2936 3150 3195 3219 aﬂirmare
3241 3147 3485 3202 substan—

1897 3251 2024 3312 tiam
2053 3265 2072 3303 :
2115 3248 2354 3317 spiritus,
2379 3263 2479 3316 quo
2508 3247 2756 3298 sentimus
2781 3260 2799 3308 ;
2840 3245 3052 3308 animte,
3083 3259 3187 3312 qua
3223 3243 3437 3295 vivimus
3463 3257 3482 3305 ;

1894 3342 2146 3407 corporis,
2177 3355 2276 3408 quo
2316 3338 2626 3390 incedimus.
2666 3334 2797 3390 Sunt
2831 3335 2920 3404 qui
2951 3350 3015 3388 ea:
3057 3336 3236 3387 anima
3259 3344 3481 3392 tantum,

1894 3445 1942 3483 et
1976 3447 2188 3498 corpore
2223 3429 2501 3482 subsistere
2553 3427 2813 3478 hominem
2861 3426 3192 3486 disserentes,
3245 3425 3483 3491 spiritum

1894 3523 1949 3576 in
1991 3539 2050 3574 eo
2091 3521 2305 3573 tertium
2354 3535 2454 3572 non
2506 3516 2852 3571 substantiam
2901 3515 3057 3568 velint
3107 3514 3349 3584 intelligi,
3393 3515 3484 3567 sed

1895 3613 2246 3683 efficientiam,
2287 3627 2377 3679 per
2403 3626 2562 3679 quam
2593 3619 2640 3661 et
2673 3624 2813 3660 mens
2844 3607 2897 3659 in
2929 3607 3096 3670 nobis,
3138 3617 3184 3658 et
3212 3623 3415 3667 sensus,
3436 3616 3483 3658 et

1896 3703 2166 3773 cogitatio,
2201 3711 2248 3754 et
2297 3701 2506 3753 animus
2549 3698 2898 3768 appellantur,
2927 3707 2974 3750 et
3021 3700 3195 3764 utique
3223 3713 3325 3749 non
3363 3707 3484 3749 sunt

1898 3809 1970 3850 tot
2002 3795 2325 3854 substantiae,
2358 3802 2480 3860 quot
2514 3794 2748 3845 nomina.
2783 3789 3014 3860 Cumque
3052 3788 3188 3842 illttd
3221 3789 3294 3842 eis
3324 3805 3486 3856 oppo-

1896 3889 2057 3940 situm
2118 3885 2274 3954 fuerit
2309 3884 2374 3948 ⁸⁹,
2417 3902 2435 3935 ι
2463 3881 2780 3947 Benedicite,
2810 3881 3022 3950 spiritus
3073 3891 3118 3933 et
3152 3881 3341 3932 animle
3389 3879 3486 3948 ju-

1897 3971 2097 4034 storuni
2133 3976 2374 4040 Domino,
2416 3995 2435 4026 ι
2461 3975 2788 4043 Scripturam
2837 3991 2938 4027 non
2978 3973 3260 4041 recipiunt,
3307 3973 3483 4026 dicen-

1897 4083 1972 4125 tes
2030 4086 2144 4124 eam
2203 4071 2256 4122 in
2305 4066 2564 4121 llebraico
2625 4083 2728 4120 non
2780 4066 2979 4119 haberi.
3055 4062 3169 4116 Nos
3217 4079 3387 4116 autem
3420 4065 3476 4115 in

1897 4160 2139 4226 praesenti
2175 4158 2322 4222 loco,
2359 4168 2413 4210 ut
2445 4173 2609 4224 supra
2650 4156 2902 4218 diximus,
2939 4155 3202 4222 spiritum,
3235 4154 3323 4222 qui
3362 4169 3480 4204 cum

1900 4253 2074 4304 anima
2110 4262 2156 4303 et
2216 4265 2428 4316 corpore
2472 4249 2670 4316 integer
2704 4257 3056 4308 conservatur,
3098 4262 3198 4299 non
3240 4247 3483 4297 substan-

1900 4341 2024 4392 tiam
2051 4339 2278 4405 Spiritus
2304 4339 2501 4399 sancti,
2533 4335 2624 4405 qui
2657 4353 2758 4389 non
2789 4345 2952 4403 potest
2979 4336 3214 4395 interire,
3239 4339 3326 4386 sed
3362 4350 3486 4402 gra-

1901 4432 2001 4482 tius
2025 4430 2158 4495 ejus,
2177 4427 2581 4496 donationesque
2607 4427 2914 4495 accipimus,
2931 4441 3047 4494 quw
3079 4434 3256 4478 nostra
3281 4426 3355 4477 vel
3381 4428 3485 4478 vir-

210 4532 370 4585 quatn
414 4517 728 4572 substantia
755 4516 1108 4584 distinguitur
1145 4530 1176 4568 a
1201 4514 1532 4577 substantia,
1561 4513 1652 4567 sed
1687 4527 1792 4580 qua

1901 4532 2027 4586 tute,
2048 4526 2120 4574 vel
2144 4523 2265 4574 vitio
2287 4531 2332 4574 et
2352 4521 2727 4583 accenduntur,
2745 4528 2791 4571 et
2815 4519 3218 4586 exstinguuntur
3237 4519 3288 4570 in
3314 4519 3480 4573 nobis.

215 4615 407 4665 modus
435 4611 797 4681 distinguitur
825 4624 853 4662 a
887 4609 1211 4674 substantia,
1238 4623 1332 4662 seu
1365 4621 1471 4676 qua
1499 4607 1574 4660 rei
1608 4604 1798 4659 modus

213 4702 561 4774 distinguitur
584 4705 655 4756 ah
683 4703 799 4772 ipsa
831 4715 909 4765 re,
935 4701 1086 4768 cujus
1114 4711 1196 4754 est
1231 4700 1440 4754 tnoduS.

286 4795 488 4848 Verum
521 4809 860 4864 quacunque
901 4795 1059 4847 fuerit
1095 4791 1323 4861 theologi
1377 4789 1546 4844 nostri
1586 4798 1804 4842 senten-

217 4886 312 4949 tia,
343 4889 536 4942 eodem
573 4902 684 4956 quo
716 4887 828 4956 ipse
865 4888 1022 4939 modo
1050 4894 1102 4940 ct
1130 4884 1485 4954 Augustinus,
1515 4891 1568 4938 et
1612 4881 1801 4938 llicro—

223 4989 410 5046 nymus
445 4979 612 5032 locuti
674 4988 823 5032 sunt.
885 4975 1018 5030 Nam
1066 4976 1154 5030 ille
1193 4977 1410 5044 quidem
1465 4975 1516 5028 in
1569 4985 1801 5029 tractatu

227 5071 299 5124 De
345 5072 593 5143 Symboln
655 5073 759 5126 tria
791 5072 843 5125 in
887 5071 1103 5126 homine
1167 5067 1467 5138 distinguit,
1525 5070 1797 5138 spiritum,

227 5165 478 5228 animam,
511 5176 566 5220 et
618 5179 838 5232 corpus.
894 5163 990 5217 Hie
1018 5178 1145 5217 vero
1194 5162 1288 5217 lib.
1317 5176 1359 5215 ιι
1412 5159 1702 5214 Comment.
1746 5161 1804 5214 in

237 5258 383 5310 Amos
435 5275 558 5327 cap.
600 5257 656 5322 5,
709 5273 830 5328 pag.
891 5257 1017 5318 279,
1051 5259 1128 5310 sic
1159 5255 1395 5324 loquitur
1447 5271 1461 5307 :
1511 5252 1664 5306 (Iste
1714 5253 1804 5322 qui

242 5361 418 5403 tereat
446 5353 736 5420 spiritum;
781 5368 800 5400 ι
842 5366 992 5418 quem
1023 5350 1076 5401 in
1127 5351 1222 5400 Itoc
1269 5347 1382 5398 loco
1413 5361 1514 5397 non
1551 5344 1806 5412 Spiritum

231 5454 473 5507 sanetum,
531 5454 592 5498 ut
642 5444 880 5496 Itteretici
933 5441 1302 5507 suspicantur;
1338 5439 1426 5490 sed
1476 5448 1682 5489 ventum
1723 5436 1807 5488 in-

231 5531 515 5602 telligimus,
554 5537 662 5589 sive
707 5533 952 5601 spiritum
994 5531 1254 5591 hominis;
1310 5529 1433 5596 quia
1476 5545 1494 5578 ι
1535 5543 1680 5580 nemo
1705 5527 1804 5580 scit

229 5635 340 5688 qm
371 5637 482 5679 sunt
509 5635 563 5681 in
587 5626 826 5687 homine,
845 5625 944 5676 nisi
973 5623 1186 5690 spiritus
1214 5622 1302 5690 qui
1334 5620 1386 5672 in
1415 5636 1474 5672 eo
1506 5631 1579 5672 est
1615 5618 1748 5684 ³⁸...;
1778 5638 1796 5670 s

1427 5799 1471 5830 ³⁸
1518 5797 1643 5853 ibid.

288 5797 334 5828 “
370 5800 387 5856 l
432 5803 554 5859 Cor.
592 5820 657 5867 ιι,
703 5798 786 5855 ll.
867 5801 911 5830 ³⁵
944 5800 1136 5869 Epltcs.
1179 5815 1228 5863 ν,
1265 5799 1348 5853 ll.

1725 5798 1767 5828 ³⁷
1801 5797 1998 5851 Εῑρςιι.
2038 5812 2188 5860 xvrtt,
2241 5795 2326 5849 ΞΟ.

2083 4615 2210 4667 CAP.
2250 4611 2312 4666 V.
2374 4611 2453 4665 De
2482 4615 2806 4680 processione
2851 4609 3080 4677 Spiritus
3116 4611 3303 4665 sancti.

1977 4705 2255 4760 Catholice
2289 4702 2571 4772 Didymum
2607 4703 2672 4754 de
2702 4693 3046 4767 processimie
3077 4700 3310 4768 Spiritus
3356 4716 3482 4754 san-

1915 4799 1984 4852 cti
2024 4797 2282 4858 sensisse,
2313 4795 2455 4862 quod
2486 4795 2627 4846 hunc
2670 4808 2775 4845 non
2808 4807 2836 4845 a
2884 4791 3042 4845 Patre
3081 4792 3274 4856 solum,
3307 4794 3397 4846 sed
3431 4803 3487 4848 et

1907 4904 1936 4942 a
1976 4888 2111 4941 Filio
2157 4885 2456 4955 procedere
2505 4883 2766 4944 ιίοειιιιι·ἰι,
2818 4892 2926 4935 tam
2962 4894 3167 4936 certum
3199 4894 3280 4935 est
3320 4897 3483 4948 quam

1909 4980 2048 5047 quod
2097 4976 2347 5028 maxime.
2383 4972 2521 5038 Quid
2550 4971 2693 5027 ettim
2751 4971 2970 5037 clarius,
3006 4972 3282 5040 magisque
3342 4969 3485 5023 Pho-

1913 5072 2181 5124 tianorum
2210 5066 2556 5134 blasphemia:
2590 5065 2944 5128 contrarium,
2976 5079 3136 5132 quam
3176 5080 3292 5132 qua:
3336 5063 3386 5116 in
3421 5063 3486 5116 li-

1910 5163 2009 5218 bro
2046 5162 2120 5216 De
2160 5161 2368 5229 Spiritu
2419 5169 2602 5211 sancto
2637 5159 2735 5211 hac
2768 5158 2834 5211 de
2867 5173 2924 5210 re
2954 5157 3216 5226 legimus?
3250 5155 3486 5210 Numero

1910 5256 2126 5323 quidem
2157 5252 2227 5305 54
2268 5251 2384 5319 ejus
2412 5250 2530 5302 libri
2562 5247 2752 5301 Filium
2787 5249 2851 5301 de
2877 5247 3078 5317 Spiritu
3101 5258 3286 5302 sancto
3308 5248 3383 5302 sic
3413 5249 3487 5301 lo-

1907 5357 2155 5416 quentem
2177 5345 2379 5398 inducit
2401 5359 2414 5395 :
2437 5340 2519 5394 Ex
2535 5340 2690 5394 Patre
2710 5340 2894 5414 [XLII]
2915 5353 2962 5394 et
2987 5358 3066 5394 me
3086 5353 3160 5395 est
3180 5359 3197 5394 :
3217 5343 3312 5394 hoc
3340 5344 3480 5395 enint

1908 5441 2074 5503 ipsum
2115 5438 2252 5505 quod
2283 5434 2536 5495 subsistit,
2568 5443 2612 5485 et
2646 5433 2898 5504 loquitur,
2935 5450 2966 5486 a
2996 5430 3181 5498 Patre,
3222 5443 3270 5486 et
3296 5449 3376 5486 me
3405 5433 3483 5486 illi

1907 5539 2004 5580 est.
2041 5527 2276 5580 Numero
2304 5535 2485 5578 autem
2527 5523 2616 5588 57,
2657 5527 2736 5578 sic
2778 5525 3015 5594 loquitur
3049 5543 3063 5579 :
3118 5524 3298 5594 Neque
3344 5526 3482 5578 enim

1907 5621 2034 5689 quiti
2066 5617 2212 5671 aliud
2245 5628 2324 5671 est
2351 5615 2550 5683 Filius,
2585 5618 2813 5685 exceptis
2853 5617 2936 5670 his
2966 5632 3082 5686 qute
3110 5616 3157 5670 ei
3210 5617 3405 5670 dantur
3449 5633 3481 5669 a

2406 5795 2450 5828 ³⁸
2494 5796 2507 5848 l
2546 5795 2732 5849 Thess.
2771 5811 2822 5862 ν,
2860 5795 2949 5848 25.
3029 5795 3071 5827 ”
3097 5795 3229 5849 Dan.
3273 5808 3352 5855 tn,
3387 5789 3480 5848 86.
