  <div class='ocr_page' id='page_1' title='image "/cluster/home/n/w/nwhite01/storage/ocr_20150623/39/hvd.32044037979440/103.png"; bbox 0 0 3970 6406; ppageno 0'>
   <div class='ocr_carea' id='block_1_1' title="bbox 446 340 549 396">
    <p class='ocr_par' dir='ltr' id='par_1_1' title="bbox 446 340 549 396">
     <span class='ocr_line' id='line_1_1' title="bbox 446 340 549 396; baseline 0 -1"><span class='ocrx_word' id='word_1_1' title='bbox 446 340 549 396; x_wconf 76' lang='grc'><strong>187</strong></span> 
     </span>
    </p>
   </div>
   <div class='ocr_carea' id='block_1_2' title="bbox 1931 342 2304 400">
    <p class='ocr_par' dir='ltr' id='par_1_2' title="bbox 1931 342 2304 400">
     <span class='ocr_line' id='line_1_2' title="bbox 1931 342 2304 400; baseline 0.008 -3"><span class='ocrx_word' id='word_1_2' title='bbox 1931 342 2020 397; x_wconf 86' lang='lat' dir='ltr'><strong>DE</strong></span> <span class='ocrx_word' id='word_1_3' title='bbox 2047 342 2304 400; x_wconf 80' lang='lat' dir='ltr'><strong>DlDYMO</strong></span> 
     </span>
    </p>
   </div>
   <div class='ocr_carea' id='block_1_3' title="bbox 3607 343 3709 402">
    <p class='ocr_par' dir='ltr' id='par_1_3' title="bbox 3607 343 3709 402">
     <span class='ocr_line' id='line_1_3' title="bbox 3607 343 3709 402; baseline 0.039 -5"><span class='ocrx_word' id='word_1_4' title='bbox 3607 343 3709 402; x_wconf 72' lang='grc'><strong>188</strong></span> 
     </span>
    </p>
   </div>
   <div class='ocr_carea' id='block_1_4' title="bbox 449 451 3712 532">
    <p class='ocr_par' dir='ltr' id='par_1_4' title="bbox 449 451 3712 532">
     <span class='ocr_line' id='line_1_4' title="bbox 449 451 3712 532; baseline 0.001 -26"><span class='ocrx_word' id='word_1_5' title='bbox 449 453 642 517; x_wconf 82' lang='lat' dir='ltr'><strong>Patre;</strong></span> <span class='ocrx_word' id='word_1_6' title='bbox 691 471 853 526; x_wconf 83' lang='lat' dir='ltr'><strong>neque</strong></span> <span class='ocrx_word' id='word_1_7' title='bbox 903 456 1013 510; x_wconf 89' lang='lat' dir='ltr'><strong>alia</strong></span> <span class='ocrx_word' id='word_1_8' title='bbox 1069 456 1369 512; x_wconf 74' lang='lat' dir='ltr'><strong>substantia</strong></span> <span class='ocrx_word' id='word_1_9' title='bbox 1431 465 1505 511; x_wconf 88' lang='lat' dir='ltr'><strong>est</strong></span> <span class='ocrx_word' id='word_1_10' title='bbox 1542 455 1774 526; x_wconf 84' lang='lat' dir='ltr'><strong>Spiritus</strong></span> <span class='ocrx_word' id='word_1_11' title='bbox 1827 459 2032 532; x_wconf 68' lang='lat' dir='ltr'><strong>sancti,</strong></span> <span class='ocrx_word' id='word_1_12' title='bbox 2060 459 2110 518; x_wconf 74' lang='grc' dir='ltr'><strong>Α</strong></span> <span class='ocrx_word' id='word_1_13' title='bbox 2139 465 2263 522; x_wconf 84' lang='lat' dir='ltr'><strong>tem,</strong></span> <span class='ocrx_word' id='word_1_14' title='bbox 2305 455 2418 510; x_wconf 91' lang='lat' dir='ltr'><strong>sive</strong></span> <span class='ocrx_word' id='word_1_15' title='bbox 2448 453 2658 508; x_wconf 90' lang='lat' dir='ltr'><strong>initium</strong></span> <span class='ocrx_word' id='word_1_16' title='bbox 2690 451 2854 508; x_wconf 77' lang='lat' dir='ltr'><strong>ﬁdei?</strong></span> <span class='ocrx_word' id='word_1_17' title='bbox 2908 451 2991 506; x_wconf 85' lang='lat' dir='ltr'><strong>Ab</strong></span> <span class='ocrx_word' id='word_1_18' title='bbox 3025 465 3090 508; x_wconf 90' lang='lat' dir='ltr'><strong>eo</strong></span> <span class='ocrx_word' id='word_1_19' title='bbox 3122 465 3275 519; x_wconf 88' lang='lat' dir='ltr'><strong>sane,</strong></span> <span class='ocrx_word' id='word_1_20' title='bbox 3303 454 3398 523; x_wconf 89' lang='lat' dir='ltr'><strong>qui</strong></span> <span class='ocrx_word' id='word_1_21' title='bbox 3423 461 3547 509; x_wconf 87' lang='lat' dir='ltr'><strong>ante</strong></span> <span class='ocrx_word' id='word_1_22' title='bbox 3575 458 3712 510; x_wconf 83' lang='lat' dir='ltr'><strong>scri-</strong></span> 
     </span>
    </p>
   </div>
   <div class='ocr_carea' id='block_1_5' title="bbox 443 547 1430 617">
    <p class='ocr_par' dir='ltr' id='par_1_5' title="bbox 443 547 1430 617">
     <span class='ocr_line' id='line_1_5' title="bbox 443 547 1430 617; baseline 0.002 -17"><span class='ocrx_word' id='word_1_23' title='bbox 443 557 635 617; x_wconf 70' lang='lat' dir='ltr'><strong>prazter</strong></span> <span class='ocrx_word' id='word_1_24' title='bbox 667 547 722 601; x_wconf 90' lang='lat' dir='ltr'><strong>id</strong></span> <span class='ocrx_word' id='word_1_25' title='bbox 749 549 888 617; x_wconf 85' lang='lat' dir='ltr'><strong>quod</strong></span> <span class='ocrx_word' id='word_1_26' title='bbox 921 547 1081 601; x_wconf 88' lang='lat' dir='ltr'><strong>datur</strong></span> <span class='ocrx_word' id='word_1_27' title='bbox 1113 551 1160 602; x_wconf 89' lang='lat' dir='ltr'><strong>ei</strong></span> <span class='ocrx_word' id='word_1_28' title='bbox 1196 566 1229 602; x_wconf 90' lang='lat' dir='ltr'><strong>a</strong></span> <span class='ocrx_word' id='word_1_29' title='bbox 1266 547 1430 602; x_wconf 82' lang='lat' dir='ltr'><strong>Filio.</strong></span> 
     </span>
    </p>
   </div>
   <div class='ocr_carea' id='block_1_6' title="bbox 517 631 2026 704">
    <p class='ocr_par' dir='ltr' id='par_1_6' title="bbox 517 631 2026 704">
     <span class='ocr_line' id='line_1_6' title="bbox 517 631 2026 704; baseline 0.001 -19"><span class='ocrx_word' id='word_1_30' title='bbox 517 634 591 686; x_wconf 72' lang='lat' dir='ltr'><strong>At</strong></span> <span class='ocrx_word' id='word_1_31' title='bbox 617 631 668 686; x_wconf 92' lang='lat' dir='ltr'><strong>in</strong></span> <span class='ocrx_word' id='word_1_32' title='bbox 705 632 858 688; x_wconf 83' lang='lat' dir='ltr'><strong>libris</strong></span> <span class='ocrx_word' id='word_1_33' title='bbox 889 631 968 687; x_wconf 89' lang='lat' dir='ltr'><strong>De</strong></span> <span class='ocrx_word' id='word_1_34' title='bbox 1007 631 1284 700; x_wconf 84' lang='lat' dir='ltr'><strong>Trinitate,</strong></span> <span class='ocrx_word' id='word_1_35' title='bbox 1317 634 1557 702; x_wconf 87' lang='lat' dir='ltr'><strong>inquies,</strong></span> <span class='ocrx_word' id='word_1_36' title='bbox 1590 634 1788 704; x_wconf 73' lang='lat' dir='ltr'><strong>saepius</strong></span> <span class='ocrx_word' id='word_1_37' title='bbox 1823 634 1900 688; x_wconf 90' lang='lat' dir='ltr'><strong>ait</strong></span> <span class='ocrx_word' id='word_1_38' title='bbox 1934 634 2026 687; x_wconf 86' lang='lat' dir='ltr'><strong>Di-</strong></span> 
     </span>
    </p>
   </div>
   <div class='ocr_carea' id='block_1_7' title="bbox 446 722 2024 797">
    <p class='ocr_par' dir='ltr' id='par_1_7' title="bbox 446 722 2024 797">
     <span class='ocr_line' id='line_1_7' title="bbox 446 722 2024 797; baseline 0.003 -21"><span class='ocrx_word' id='word_1_39' title='bbox 446 723 638 794; x_wconf 78' lang='lat' dir='ltr'><strong>dymus</strong></span> <span class='ocrx_word' id='word_1_40' title='bbox 673 722 934 792; x_wconf 78' lang='lat' dir='ltr'><strong>Spiritum</strong></span> <span class='ocrx_word' id='word_1_41' title='bbox 984 734 1232 780; x_wconf 88' lang='lat' dir='ltr'><strong>sanctum</strong></span> <span class='ocrx_word' id='word_1_42' title='bbox 1272 740 1302 779; x_wconf 88' lang='lat' dir='ltr'><strong>a</strong></span> <span class='ocrx_word' id='word_1_43' title='bbox 1336 723 1502 782; x_wconf 88' lang='lat' dir='ltr'><strong>Patre</strong></span> <span class='ocrx_word' id='word_1_44' title='bbox 1553 727 1772 797; x_wconf 86' lang='lat' dir='ltr'><strong>quidem</strong></span> <span class='ocrx_word' id='word_1_45' title='bbox 1831 741 2024 795; x_wconf 64' lang='lat' dir='ltr'><strong>proceo</strong></span> 
     </span>
    </p>
   </div>
   <div class='ocr_carea' id='block_1_8' title="bbox 448 814 2026 888">
    <p class='ocr_par' dir='ltr' id='par_1_8' title="bbox 448 814 2026 888">
     <span class='ocr_line' id='line_1_8' title="bbox 448 814 2026 888; baseline 0.003 -21"><span class='ocrx_word' id='word_1_46' title='bbox 448 814 596 876; x_wconf 90' lang='lat' dir='ltr'><strong>dere,</strong></span> <span class='ocrx_word' id='word_1_47' title='bbox 629 814 683 869; x_wconf 91' lang='lat' dir='ltr'><strong>in</strong></span> <span class='ocrx_word' id='word_1_48' title='bbox 716 814 854 870; x_wconf 87' lang='lat' dir='ltr'><strong>Filio</strong></span> <span class='ocrx_word' id='word_1_49' title='bbox 879 825 1060 871; x_wconf 89' lang='lat' dir='ltr'><strong>autem</strong></span> <span class='ocrx_word' id='word_1_50' title='bbox 1091 825 1184 871; x_wconf 90' lang='lat' dir='ltr'><strong>aut</strong></span> <span class='ocrx_word' id='word_1_51' title='bbox 1216 817 1355 888; x_wconf 90' lang='lat' dir='ltr'><strong>apud</strong></span> <span class='ocrx_word' id='word_1_52' title='bbox 1386 817 1583 872; x_wconf 85' lang='lat' dir='ltr'><strong>Filium</strong></span> <span class='ocrx_word' id='word_1_53' title='bbox 1633 833 1875 873; x_wconf 88' lang='lat' dir='ltr'><strong>manere.</strong></span> <span class='ocrx_word' id='word_1_54' title='bbox 1918 817 2026 871; x_wconf 82' lang='lat' dir='ltr'><strong>Ve-</strong></span> 
     </span>
    </p>
   </div>
   <div class='ocr_carea' id='block_1_9' title="bbox 453 906 2030 979">
    <p class='ocr_par' dir='ltr' id='par_1_9' title="bbox 453 906 2030 979">
     <span class='ocr_line' id='line_1_9' title="bbox 453 906 2030 979; baseline 0.004 -22"><span class='ocrx_word' id='word_1_55' title='bbox 453 920 573 958; x_wconf 90' lang='lat' dir='ltr'><strong>rum</strong></span> <span class='ocrx_word' id='word_1_56' title='bbox 609 906 723 961; x_wconf 68' lang='lat' dir='ltr'><strong>haec</strong></span> <span class='ocrx_word' id='word_1_57' title='bbox 748 911 874 961; x_wconf 91' lang='lat' dir='ltr'><strong>item</strong></span> <span class='ocrx_word' id='word_1_58' title='bbox 917 916 976 961; x_wconf 92' lang='lat' dir='ltr'><strong>ut</strong></span> <span class='ocrx_word' id='word_1_59' title='bbox 1001 907 1105 962; x_wconf 86' lang='lat' dir='ltr'><strong>alia</strong></span> <span class='ocrx_word' id='word_1_60' title='bbox 1136 907 1378 976; x_wconf 80' lang='lat' dir='ltr'><strong>ejusdem</strong></span> <span class='ocrx_word' id='word_1_61' title='bbox 1415 909 1582 973; x_wconf 91' lang='lat' dir='ltr'><strong>modi,</strong></span> <span class='ocrx_word' id='word_1_62' title='bbox 1609 924 1730 978; x_wconf 65' lang='lat' dir='ltr'><strong>quae</strong></span> <span class='ocrx_word' id='word_1_63' title='bbox 1777 923 2030 979; x_wconf 76' lang='lat' dir='ltr'><strong>regerere</strong></span> 
     </span>
    </p>
   </div>
   <div class='ocr_carea' id='block_1_10' title="bbox 449 996 2028 1066">
    <p class='ocr_par' dir='ltr' id='par_1_10' title="bbox 449 996 2028 1066">
     <span class='ocr_line' id='line_1_10' title="bbox 449 996 2028 1066; baseline 0.005 -18"><span class='ocrx_word' id='word_1_64' title='bbox 449 996 569 1064; x_wconf 86' lang='lat' dir='ltr'><strong>quis</strong></span> <span class='ocrx_word' id='word_1_65' title='bbox 595 1006 797 1066; x_wconf 92' lang='lat' dir='ltr'><strong>posset,</strong></span> <span class='ocrx_word' id='word_1_66' title='bbox 825 997 959 1052; x_wconf 90' lang='lat' dir='ltr'><strong>satis</strong></span> <span class='ocrx_word' id='word_1_67' title='bbox 984 996 1094 1066; x_wconf 84' lang='lat' dir='ltr'><strong>jam</strong></span> <span class='ocrx_word' id='word_1_68' title='bbox 1126 1007 1353 1054; x_wconf 89' lang='lat' dir='ltr'><strong>tractata</strong></span> <span class='ocrx_word' id='word_1_69' title='bbox 1383 999 1626 1054; x_wconf 88' lang='lat' dir='ltr'><strong>acdiluta</strong></span> <span class='ocrx_word' id='word_1_70' title='bbox 1656 1009 1781 1054; x_wconf 91' lang='lat' dir='ltr'><strong>sunt</strong></span> <span class='ocrx_word' id='word_1_71' title='bbox 1806 1015 1837 1054; x_wconf 90' lang='lat' dir='ltr'><strong>a</strong></span> <span class='ocrx_word' id='word_1_72' title='bbox 1861 1015 1945 1055; x_wconf 84' lang='lat' dir='ltr'><strong>me</strong></span> <span class='ocrx_word' id='word_1_73' title='bbox 1974 1002 2028 1055; x_wconf 92' lang='lat' dir='ltr'><strong>in</strong></span> 
     </span>
    </p>
   </div>
   <div class='ocr_carea' id='block_1_11' title="bbox 450 1087 2027 1162">
    <p class='ocr_par' dir='ltr' id='par_1_11' title="bbox 450 1087 2027 1162">
     <span class='ocr_line' id='line_1_11' title="bbox 450 1087 2027 1162; baseline 0.003 -20"><span class='ocrx_word' id='word_1_74' title='bbox 450 1087 679 1157; x_wconf 88' lang='lat' dir='ltr'><strong>epistola</strong></span> <span class='ocrx_word' id='word_1_75' title='bbox 705 1088 772 1142; x_wconf 89' lang='lat' dir='ltr'><strong>ad</strong></span> <span class='ocrx_word' id='word_1_76' title='bbox 803 1091 1274 1159; x_wconf 68' lang='lat' dir='ltr'><strong>praeclarissimum</strong></span> <span class='ocrx_word' id='word_1_77' title='bbox 1315 1092 1600 1162; x_wconf 63' lang='lat' dir='ltr'><strong>praesulem</strong></span> <span class='ocrx_word' id='word_1_78' title='bbox 1627 1091 1889 1148; x_wconf 82' lang='lat' dir='ltr'><strong>Joannem</strong></span> <span class='ocrx_word' id='word_1_79' title='bbox 1922 1096 2027 1147; x_wconf 79' lang='lat' dir='ltr'><strong>Ar-</strong></span> 
     </span>
    </p>
   </div>
   <div class='ocr_carea' id='block_1_12' title="bbox 451 1180 2029 1257">
    <p class='ocr_par' dir='ltr' id='par_1_12' title="bbox 451 1180 2029 1257">
     <span class='ocr_line' id='line_1_12' title="bbox 451 1180 2029 1257; baseline 0.003 -21"><span class='ocrx_word' id='word_1_80' title='bbox 451 1181 712 1236; x_wconf 88' lang='lat' dir='ltr'><strong>chintum.</strong></span> <span class='ocrx_word' id='word_1_81' title='bbox 748 1180 951 1254; x_wconf 84' lang='lat' dir='ltr'><strong>Nempe</strong></span> <span class='ocrx_word' id='word_1_82' title='bbox 974 1183 1098 1238; x_wconf 90' lang='lat' dir='ltr'><strong>dum</strong></span> <span class='ocrx_word' id='word_1_83' title='bbox 1131 1184 1209 1238; x_wconf 91' lang='lat' dir='ltr'><strong>ait</strong></span> <span class='ocrx_word' id='word_1_84' title='bbox 1247 1184 1526 1257; x_wconf 84' lang='lat' dir='ltr'><strong>Didymus,</strong></span> <span class='ocrx_word' id='word_1_85' title='bbox 1586 1184 1785 1240; x_wconf 79' lang='lat' dir='ltr'><strong>Filium</strong></span> <span class='ocrx_word' id='word_1_86' title='bbox 1819 1201 2029 1240; x_wconf 86' lang='lat' dir='ltr'><strong>manere</strong></span> 
     </span>
    </p>
   </div>
   <div class='ocr_carea' id='block_1_13' title="bbox 451 1274 2025 1346">
    <p class='ocr_par' dir='ltr' id='par_1_13' title="bbox 451 1274 2025 1346">
     <span class='ocr_line' id='line_1_13' title="bbox 451 1274 2025 1346; baseline 0.003 -19"><span class='ocrx_word' id='word_1_87' title='bbox 451 1275 592 1343; x_wconf 88' lang='lat' dir='ltr'><strong>apud</strong></span> <span class='ocrx_word' id='word_1_88' title='bbox 626 1274 856 1340; x_wconf 88' lang='lat' dir='ltr'><strong>Patrem,</strong></span> <span class='ocrx_word' id='word_1_89' title='bbox 901 1275 1032 1330; x_wconf 88' lang='lat' dir='ltr'><strong>nihil</strong></span> <span class='ocrx_word' id='word_1_90' title='bbox 1063 1275 1207 1332; x_wconf 85' lang='lat' dir='ltr'><strong>aliud</strong></span> <span class='ocrx_word' id='word_1_91' title='bbox 1244 1278 1378 1346; x_wconf 90' lang='lat' dir='ltr'><strong>vult,</strong></span> <span class='ocrx_word' id='word_1_92' title='bbox 1430 1277 1534 1332; x_wconf 88' lang='lat' dir='ltr'><strong>nisi</strong></span> <span class='ocrx_word' id='word_1_93' title='bbox 1591 1293 1708 1331; x_wconf 86' lang='lat' dir='ltr'><strong>eam</strong></span> <span class='ocrx_word' id='word_1_94' title='bbox 1764 1277 2025 1342; x_wconf 88' lang='lat' dir='ltr'><strong>indicare,</strong></span> 
     </span>
    </p>
   </div>
   <div class='ocr_carea' id='block_1_14' title="bbox 453 1363 2026 1438">
    <p class='ocr_par' dir='ltr' id='par_1_14' title="bbox 453 1363 2026 1438">
     <span class='ocr_line' id='line_1_14' title="bbox 453 1363 2026 1438; baseline 0.001 -22"><span class='ocrx_word' id='word_1_95' title='bbox 453 1379 614 1432; x_wconf 83' lang='lat' dir='ltr'><strong>quam</strong></span> <span class='ocrx_word' id='word_1_96' title='bbox 670 1363 900 1436; x_wconf 74' lang='lat' dir='ltr'><strong>theologi</strong></span> <span class='ocrx_word' id='word_1_97' title='bbox 937 1376 1130 1420; x_wconf 87' lang='lat' dir='ltr'><strong>vocant</strong></span> <span class='ocrx_word' id='word_1_98' title='bbox 1179 1366 1486 1421; x_wconf 89' lang='lat' dir='ltr'><strong>divinarum</strong></span> <span class='ocrx_word' id='word_1_99' title='bbox 1523 1383 1878 1438; x_wconf 82' lang='lat' dir='ltr'><strong>personarum</strong></span> <span class='ocrx_word' id='word_1_100' title='bbox 1918 1370 2026 1421; x_wconf 82' lang='lat' dir='ltr'><strong>cir-</strong></span> 
     </span>
    </p>
   </div>
   <div class='ocr_carea' id='block_1_15' title="bbox 453 1457 2026 1528">
    <p class='ocr_par' dir='ltr' id='par_1_15' title="bbox 453 1457 2026 1528">
     <span class='ocr_line' id='line_1_15' title="bbox 453 1457 2026 1528; baseline 0.004 -20"><span class='ocrx_word' id='word_1_101' title='bbox 453 1457 923 1513; x_wconf 88' lang='lat' dir='ltr'><strong>cuminsessionem.</strong></span> <span class='ocrx_word' id='word_1_102' title='bbox 960 1457 1122 1528; x_wconf 90' lang='lat' dir='ltr'><strong>quue</strong></span> <span class='ocrx_word' id='word_1_103' title='bbox 1155 1473 1219 1513; x_wconf 82' lang='lat' dir='ltr'><strong>ex</strong></span> <span class='ocrx_word' id='word_1_104' title='bbox 1268 1473 1333 1513; x_wconf 88' lang='lat' dir='ltr'><strong>eo</strong></span> <span class='ocrx_word' id='word_1_105' title='bbox 1366 1459 1526 1514; x_wconf 88' lang='lat' dir='ltr'><strong>etiam</strong></span> <span class='ocrx_word' id='word_1_106' title='bbox 1583 1462 1910 1514; x_wconf 75' lang='lat' dir='ltr'><strong>conﬁrmare</strong></span> <span class='ocrx_word' id='word_1_107' title='bbox 1962 1461 2026 1515; x_wconf 86' lang='lat' dir='ltr'><strong>li-</strong></span> 
     </span>
    </p>
   </div>
   <div class='ocr_carea' id='block_1_16' title="bbox 456 1546 2026 1618">
    <p class='ocr_par' dir='ltr' id='par_1_16' title="bbox 456 1546 2026 1618">
     <span class='ocr_line' id='line_1_16' title="bbox 456 1546 2026 1618; baseline 0.004 -21"><span class='ocrx_word' id='word_1_108' title='bbox 456 1553 563 1608; x_wconf 88' lang='lat' dir='ltr'><strong>cet,</strong></span> <span class='ocrx_word' id='word_1_109' title='bbox 596 1546 735 1614; x_wconf 86' lang='lat' dir='ltr'><strong>quod</strong></span> <span class='ocrx_word' id='word_1_110' title='bbox 770 1546 904 1601; x_wconf 92' lang='lat' dir='ltr'><strong>libro</strong></span> <span class='ocrx_word' id='word_1_111' title='bbox 931 1563 992 1611; x_wconf 87' lang='lat' dir='ltr'><strong>ll,</strong></span> <span class='ocrx_word' id='word_1_112' title='bbox 1024 1563 1143 1618; x_wconf 88' lang='lat' dir='ltr'><strong>pag.</strong></span> <span class='ocrx_word' id='word_1_113' title='bbox 1172 1547 1297 1612; x_wconf 78' lang='lat'><strong>500,</strong></span> <span class='ocrx_word' id='word_1_114' title='bbox 1335 1557 1520 1618; x_wconf 87' lang='lat' dir='ltr'><strong>aperte</strong></span> <span class='ocrx_word' id='word_1_115' title='bbox 1561 1549 1725 1611; x_wconf 90' lang='lat' dir='ltr'><strong>dicat,</strong></span> <span class='ocrx_word' id='word_1_116' title='bbox 1763 1547 2026 1618; x_wconf 78' lang='lat' dir='ltr'><strong>Spiritum</strong></span> 
     </span>
    </p>
   </div>
   <div class='ocr_carea' id='block_1_17' title="bbox 457 1637 2030 1710">
    <p class='ocr_par' dir='ltr' id='par_1_17' title="bbox 457 1637 2030 1710">
     <span class='ocr_line' id='line_1_17' title="bbox 457 1637 2030 1710; baseline 0.003 -20"><span class='ocrx_word' id='word_1_117' title='bbox 457 1645 702 1690; x_wconf 85' lang='lat' dir='ltr'><strong>sanctum</strong></span> <span class='ocrx_word' id='word_1_118' title='bbox 735 1652 953 1692; x_wconf 90' lang='lat' dir='ltr'><strong>manere</strong></span> <span class='ocrx_word' id='word_1_119' title='bbox 979 1638 1119 1707; x_wconf 85' lang='lat' dir='ltr'><strong>apud</strong></span> <span class='ocrx_word' id='word_1_120' title='bbox 1161 1637 1409 1704; x_wconf 88' lang='lat' dir='ltr'><strong>Patrem;</strong></span> <span class='ocrx_word' id='word_1_121' title='bbox 1460 1654 1559 1693; x_wconf 93' lang='lat' dir='ltr'><strong>nec</strong></span> <span class='ocrx_word' id='word_1_122' title='bbox 1585 1641 1726 1693; x_wconf 93' lang='lat' dir='ltr'><strong>enim</strong></span> <span class='ocrx_word' id='word_1_123' title='bbox 1760 1641 1900 1710; x_wconf 90' lang='lat' dir='ltr'><strong>apud</strong></span> <span class='ocrx_word' id='word_1_124' title='bbox 1931 1640 2030 1694; x_wconf 88' lang='lat' dir='ltr'><strong>Pa-</strong></span> 
     </span>
    </p>
   </div>
   <div class='ocr_carea' id='block_1_18' title="bbox 459 1728 2026 1800">
    <p class='ocr_par' dir='ltr' id='par_1_18' title="bbox 459 1728 2026 1800">
     <span class='ocr_line' id='line_1_18' title="bbox 459 1728 2026 1800; baseline 0.003 -18"><span class='ocrx_word' id='word_1_125' title='bbox 459 1738 594 1782; x_wconf 91' lang='lat' dir='ltr'><strong>trem</strong></span> <span class='ocrx_word' id='word_1_126' title='bbox 640 1731 711 1782; x_wconf 91' lang='lat' dir='ltr'><strong>ita</strong></span> <span class='ocrx_word' id='word_1_127' title='bbox 772 1739 956 1784; x_wconf 88' lang='lat' dir='ltr'><strong>manet</strong></span> <span class='ocrx_word' id='word_1_128' title='bbox 1014 1728 1272 1800; x_wconf 79' lang='lat' dir='ltr'><strong>profecto,</strong></span> <span class='ocrx_word' id='word_1_129' title='bbox 1329 1741 1388 1784; x_wconf 93' lang='lat' dir='ltr'><strong>ut</strong></span> <span class='ocrx_word' id='word_1_130' title='bbox 1440 1731 1508 1786; x_wconf 92' lang='lat' dir='ltr'><strong>ab</strong></span> <span class='ocrx_word' id='word_1_131' title='bbox 1543 1731 1656 1800; x_wconf 91' lang='lat' dir='ltr'><strong>ipso</strong></span> <span class='ocrx_word' id='word_1_132' title='bbox 1708 1730 1869 1786; x_wconf 87' lang='lat' dir='ltr'><strong>Patre</strong></span> <span class='ocrx_word' id='word_1_133' title='bbox 1918 1749 2026 1788; x_wconf 89' lang='lat' dir='ltr'><strong>non</strong></span> 
     </span>
    </p>
   </div>
   <div class='ocr_carea' id='block_1_19' title="bbox 455 1819 730 1892">
    <p class='ocr_par' dir='ltr' id='par_1_19' title="bbox 455 1819 730 1892">
     <span class='ocr_line' id='line_1_19' title="bbox 455 1819 730 1892; baseline 0.015 -19"><span class='ocrx_word' id='word_1_134' title='bbox 455 1819 730 1892; x_wconf 86' lang='lat' dir='ltr'><strong>procedat.</strong></span> 
     </span>
    </p>
   </div>
   <div class='ocr_carea' id='block_1_20' title="bbox 841 1911 1648 1981">
    <p class='ocr_par' dir='ltr' id='par_1_20' title="bbox 841 1911 1648 1981">
     <span class='ocr_line' id='line_1_20' title="bbox 841 1911 1648 1981; baseline 0.001 -15"><span class='ocrx_word' id='word_1_135' title='bbox 841 1911 970 1966; x_wconf 75' lang='lat' dir='ltr'><strong>CAP.</strong></span> <span class='ocrx_word' id='word_1_136' title='bbox 1005 1911 1089 1965; x_wconf 64' lang='lat' dir='ltr'><strong>\‘l.</strong></span> <span class='ocrx_word' id='word_1_137' title='bbox 1132 1911 1208 1965; x_wconf 89' lang='lat' dir='ltr'><strong>De</strong></span> <span class='ocrx_word' id='word_1_138' title='bbox 1235 1911 1410 1965; x_wconf 79' lang='lat' dir='ltr'><strong>divina</strong></span> <span class='ocrx_word' id='word_1_139' title='bbox 1448 1912 1648 1981; x_wconf 88' lang='lat' dir='ltr'><strong>gratia.</strong></span> 
     </span>
    </p>
   </div>
   <div class='ocr_carea' id='block_1_21' title="bbox 526 2001 2030 2075">
    <p class='ocr_par' dir='ltr' id='par_1_21' title="bbox 526 2001 2030 2075">
     <span class='ocr_line' id='line_1_21' title="bbox 526 2001 2030 2075; baseline 0.003 -20"><span class='ocrx_word' id='word_1_140' title='bbox 526 2001 659 2056; x_wconf 88' lang='lat' dir='ltr'><strong>Cum</strong></span> <span class='ocrx_word' id='word_1_141' title='bbox 710 2010 836 2055; x_wconf 89' lang='lat' dir='ltr'><strong>ante</strong></span> <span class='ocrx_word' id='word_1_142' title='bbox 905 2011 1144 2065; x_wconf 82' lang='lat' dir='ltr'><strong>exortus,</strong></span> <span class='ocrx_word' id='word_1_143' title='bbox 1211 2003 1566 2058; x_wconf 89' lang='lat' dir='ltr'><strong>damnatasve</strong></span> <span class='ocrx_word' id='word_1_144' title='bbox 1618 2003 2030 2075; x_wconf 77' lang='lat' dir='ltr'><strong>Pelagianorum</strong></span> 
     </span>
    </p>
   </div>
   <div class='ocr_carea' id='block_1_22' title="bbox 457 2094 2031 2170">
    <p class='ocr_par' dir='ltr' id='par_1_22' title="bbox 457 2094 2031 2170">
     <span class='ocr_line' id='line_1_22' title="bbox 457 2094 2031 2170; baseline 0.003 -22"><span class='ocrx_word' id='word_1_145' title='bbox 457 2109 522 2148; x_wconf 88' lang='lat' dir='ltr'><strong>ac</strong></span> <span class='ocrx_word' id='word_1_146' title='bbox 581 2094 1130 2164; x_wconf 79' lang='lat' dir='ltr'><strong>Semipelagianorum</strong></span> <span class='ocrx_word' id='word_1_147' title='bbox 1193 2095 1426 2150; x_wconf 72' lang='lat' dir='ltr'><strong>haereses</strong></span> <span class='ocrx_word' id='word_1_148' title='bbox 1493 2096 1688 2151; x_wconf 89' lang='lat' dir='ltr'><strong>obierit</strong></span> <span class='ocrx_word' id='word_1_149' title='bbox 1752 2098 2031 2170; x_wconf 88' lang='lat' dir='ltr'><strong>Didymus,</strong></span> 
     </span>
    </p>
   </div>
   <div class='ocr_carea' id='block_1_23' title="bbox 460 2185 2032 2251">
    <p class='ocr_par' dir='ltr' id='par_1_23' title="bbox 460 2185 2032 2251">
     <span class='ocr_line' id='line_1_23' title="bbox 460 2185 2032 2251; baseline 0.003 -11"><span class='ocrx_word' id='word_1_150' title='bbox 460 2186 654 2240; x_wconf 91' lang='lat' dir='ltr'><strong>mirum</strong></span> <span class='ocrx_word' id='word_1_151' title='bbox 692 2185 893 2244; x_wconf 86' lang='lat' dir='ltr'><strong>nemini</strong></span> <span class='ocrx_word' id='word_1_152' title='bbox 921 2187 1093 2241; x_wconf 90' lang='lat' dir='ltr'><strong>videri</strong></span> <span class='ocrx_word' id='word_1_153' title='bbox 1129 2187 1307 2251; x_wconf 90' lang='lat' dir='ltr'><strong>debet,</strong></span> <span class='ocrx_word' id='word_1_154' title='bbox 1344 2187 1389 2243; x_wconf 91' lang='lat' dir='ltr'><strong>si</strong></span> <span class='ocrx_word' id='word_1_155' title='bbox 1428 2188 1501 2242; x_wconf 90' lang='lat' dir='ltr'><strong>ita</strong></span> <span class='ocrx_word' id='word_1_156' title='bbox 1543 2197 1700 2244; x_wconf 88' lang='lat' dir='ltr'><strong>caute</strong></span> <span class='ocrx_word' id='word_1_157' title='bbox 1745 2189 1813 2244; x_wconf 88' lang='lat' dir='ltr'><strong>de</strong></span> <span class='ocrx_word' id='word_1_158' title='bbox 1853 2190 2032 2244; x_wconf 90' lang='lat' dir='ltr'><strong>divina</strong></span> 
     </span>
    </p>
   </div>
   <div class='ocr_carea' id='block_1_24' title="bbox 463 2277 2035 2352">
    <p class='ocr_par' dir='ltr' id='par_1_24' title="bbox 463 2277 2035 2352">
     <span class='ocr_line' id='line_1_24' title="bbox 463 2277 2035 2352; baseline 0.004 -22"><span class='ocrx_word' id='word_1_159' title='bbox 463 2278 634 2346; x_wconf 84' lang='lat' dir='ltr'><strong>gratia</strong></span> <span class='ocrx_word' id='word_1_160' title='bbox 664 2277 879 2334; x_wconf 90' lang='lat' dir='ltr'><strong>locutus</strong></span> <span class='ocrx_word' id='word_1_161' title='bbox 912 2280 1107 2348; x_wconf 91' lang='lat' dir='ltr'><strong>ubique</strong></span> <span class='ocrx_word' id='word_1_162' title='bbox 1132 2295 1239 2334; x_wconf 91' lang='lat' dir='ltr'><strong>non</strong></span> <span class='ocrx_word' id='word_1_163' title='bbox 1283 2281 1376 2347; x_wconf 90' lang='lat' dir='ltr'><strong>sit,</strong></span> <span class='ocrx_word' id='word_1_164' title='bbox 1407 2290 1464 2334; x_wconf 93' lang='lat' dir='ltr'><strong>ut</strong></span> <span class='ocrx_word' id='word_1_165' title='bbox 1495 2280 1530 2336; x_wconf 90' lang='lat' dir='ltr'><strong>ii</strong></span> <span class='ocrx_word' id='word_1_166' title='bbox 1579 2281 1669 2350; x_wconf 88' lang='lat' dir='ltr'><strong>qui</strong></span> <span class='ocrx_word' id='word_1_167' title='bbox 1706 2291 1827 2352; x_wconf 91' lang='lat' dir='ltr'><strong>post</strong></span> <span class='ocrx_word' id='word_1_168' title='bbox 1884 2282 2035 2337; x_wconf 86' lang='lat' dir='ltr'><strong>Pela-</strong></span> 
     </span>
    </p>
   </div>
   <div class='ocr_carea' id='block_1_25' title="bbox 458 2370 2032 2441">
    <p class='ocr_par' dir='ltr' id='par_1_25' title="bbox 458 2370 2032 2441">
     <span class='ocr_line' id='line_1_25' title="bbox 458 2370 2032 2441; baseline 0.004 -20"><span class='ocrx_word' id='word_1_169' title='bbox 458 2370 617 2438; x_wconf 89' lang='lat' dir='ltr'><strong>giana</strong></span> <span class='ocrx_word' id='word_1_170' title='bbox 663 2378 900 2439; x_wconf 89' lang='lat' dir='ltr'><strong>tempora</strong></span> <span class='ocrx_word' id='word_1_171' title='bbox 939 2371 1291 2441; x_wconf 91' lang='lat' dir='ltr'><strong>scripserunt.</strong></span> <span class='ocrx_word' id='word_1_172' title='bbox 1351 2372 1618 2428; x_wconf 86' lang='lat' dir='ltr'><strong>Nimirum</strong></span> <span class='ocrx_word' id='word_1_173' title='bbox 1675 2373 1928 2428; x_wconf 90' lang='lat' dir='ltr'><strong>nonnulla</strong></span> <span class='ocrx_word' id='word_1_174' title='bbox 1977 2375 2032 2428; x_wconf 90' lang='lat' dir='ltr'><strong>in</strong></span> 
     </span>
    </p>
   </div>
   <div class='ocr_carea' id='block_1_26' title="bbox 459 2461 2036 2534">
    <p class='ocr_par' dir='ltr' id='par_1_26' title="bbox 459 2461 2036 2534">
     <span class='ocr_line' id='line_1_26' title="bbox 459 2461 2036 2534; baseline 0.004 -21"><span class='ocrx_word' id='word_1_175' title='bbox 459 2473 526 2513; x_wconf 90' lang='lat' dir='ltr'><strong>eo</strong></span> <span class='ocrx_word' id='word_1_176' title='bbox 564 2461 786 2530; x_wconf 90' lang='lat' dir='ltr'><strong>reperiri</strong></span> <span class='ocrx_word' id='word_1_177' title='bbox 817 2461 1044 2517; x_wconf 87' lang='lat' dir='ltr'><strong>candide</strong></span> <span class='ocrx_word' id='word_1_178' title='bbox 1078 2462 1274 2528; x_wconf 80' lang='lat' dir='ltr'><strong>fateor,</strong></span> <span class='ocrx_word' id='word_1_179' title='bbox 1297 2477 1416 2533; x_wconf 72' lang='lat' dir='ltr'><strong>qua:</strong></span> <span class='ocrx_word' id='word_1_180' title='bbox 1445 2463 1489 2518; x_wconf 88' lang='lat' dir='ltr'><strong>si</strong></span> <span class='ocrx_word' id='word_1_181' title='bbox 1520 2463 1728 2534; x_wconf 88' lang='lat' dir='ltr'><strong>quinto,</strong></span> <span class='ocrx_word' id='word_1_182' title='bbox 1763 2473 1855 2518; x_wconf 91' lang='lat' dir='ltr'><strong>aut</strong></span> <span class='ocrx_word' id='word_1_183' title='bbox 1884 2475 2036 2520; x_wconf 87' lang='lat' dir='ltr'><strong>sexto</strong></span> 
     </span>
    </p>
   </div>
   <div class='ocr_carea' id='block_1_27' title="bbox 461 2551 2036 2629">
    <p class='ocr_par' dir='ltr' id='par_1_27' title="bbox 461 2551 2036 2629">
     <span class='ocr_line' id='line_1_27' title="bbox 461 2551 2036 2629; baseline 0.003 -21"><span class='ocrx_word' id='word_1_184' title='bbox 461 2551 716 2610; x_wconf 73' lang='lat' dir='ltr'><strong>Ecclesia:</strong></span> <span class='ocrx_word' id='word_1_185' title='bbox 746 2555 942 2610; x_wconf 69' lang='lat' dir='ltr'><strong>saeculo</strong></span> <span class='ocrx_word' id='word_1_186' title='bbox 987 2556 1184 2611; x_wconf 89' lang='lat' dir='ltr'><strong>dictata</strong></span> <span class='ocrx_word' id='word_1_187' title='bbox 1225 2555 1421 2622; x_wconf 79' lang='lat' dir='ltr'><strong>forent,</strong></span> <span class='ocrx_word' id='word_1_188' title='bbox 1468 2559 1556 2612; x_wconf 88' lang='lat' dir='ltr'><strong>vix</strong></span> <span class='ocrx_word' id='word_1_189' title='bbox 1586 2573 1650 2613; x_wconf 93' lang='lat' dir='ltr'><strong>ac</strong></span> <span class='ocrx_word' id='word_1_190' title='bbox 1699 2573 1767 2614; x_wconf 94' lang='lat' dir='ltr'><strong>ne</strong></span> <span class='ocrx_word' id='word_1_191' title='bbox 1797 2557 1886 2613; x_wconf 84' lang='lat' dir='ltr'><strong>vix</strong></span> <span class='ocrx_word' id='word_1_192' title='bbox 1915 2560 2036 2629; x_wconf 87' lang='lat' dir='ltr'><strong>qui-</strong></span> 
     </span>
    </p>
   </div>
   <div class='ocr_carea' id='block_1_28' title="bbox 461 2643 2036 2716">
    <p class='ocr_par' dir='ltr' id='par_1_28' title="bbox 461 2643 2036 2716">
     <span class='ocr_line' id='line_1_28' title="bbox 461 2643 2036 2716; baseline 0.005 -18"><span class='ocrx_word' id='word_1_193' title='bbox 461 2643 584 2699; x_wconf 89' lang='lat' dir='ltr'><strong>dem</strong></span> <span class='ocrx_word' id='word_1_194' title='bbox 636 2659 667 2699; x_wconf 85' lang='lat' dir='ltr'><strong>a</strong></span> <span class='ocrx_word' id='word_1_195' title='bbox 739 2645 1261 2716; x_wconf 86' lang='lat' dir='ltr'><strong>Semipelagianismi</strong></span> <span class='ocrx_word' id='word_1_196' title='bbox 1318 2649 1439 2704; x_wconf 89' lang='lat' dir='ltr'><strong>labe</strong></span> <span class='ocrx_word' id='word_1_197' title='bbox 1511 2649 1770 2704; x_wconf 89' lang='lat' dir='ltr'><strong>immunia</strong></span> <span class='ocrx_word' id='word_1_198' title='bbox 1823 2651 2036 2706; x_wconf 90' lang='lat' dir='ltr'><strong>sincero</strong></span> 
     </span>
    </p>
   </div>
   <div class='ocr_carea' id='block_1_29' title="bbox 465 2735 2037 2812">
    <p class='ocr_par' dir='ltr' id='par_1_29' title="bbox 465 2735 2037 2812">
     <span class='ocr_line' id='line_1_29' title="bbox 465 2735 2037 2812; baseline 0.004 -22"><span class='ocrx_word' id='word_1_199' title='bbox 465 2735 715 2807; x_wconf 86' lang='lat' dir='ltr'><strong>theologo</strong></span> <span class='ocrx_word' id='word_1_200' title='bbox 746 2737 916 2792; x_wconf 90' lang='lat' dir='ltr'><strong>videri</strong></span> <span class='ocrx_word' id='word_1_201' title='bbox 951 2749 1196 2807; x_wconf 90' lang='lat' dir='ltr'><strong>possent.</strong></span> <span class='ocrx_word' id='word_1_202' title='bbox 1237 2739 1436 2794; x_wconf 79' lang='lat' dir='ltr'><strong>Verum</strong></span> <span class='ocrx_word' id='word_1_203' title='bbox 1474 2757 1616 2812; x_wconf 69' lang='lat' dir='ltr'><strong>saepe</strong></span> <span class='ocrx_word' id='word_1_204' title='bbox 1659 2743 1940 2812; x_wconf 88' lang='lat' dir='ltr'><strong>contingit,</strong></span> <span class='ocrx_word' id='word_1_205' title='bbox 1978 2753 2037 2797; x_wconf 92' lang='lat' dir='ltr'><strong>ut</strong></span> 
     </span>
    </p>
   </div>
   <div class='ocr_carea' id='block_1_30' title="bbox 461 2829 2033 2904">
    <p class='ocr_par' dir='ltr' id='par_1_30' title="bbox 461 2829 2033 2904">
     <span class='ocr_line' id='line_1_30' title="bbox 461 2829 2033 2904; baseline 0.004 -22"><span class='ocrx_word' id='word_1_206' title='bbox 461 2843 566 2882; x_wconf 90' lang='lat' dir='ltr'><strong>una</strong></span> <span class='ocrx_word' id='word_1_207' title='bbox 605 2829 902 2899; x_wconf 87' lang='lat' dir='ltr'><strong>eademque</strong></span> <span class='ocrx_word' id='word_1_208' title='bbox 959 2830 1157 2886; x_wconf 90' lang='lat' dir='ltr'><strong>locutio</strong></span> <span class='ocrx_word' id='word_1_209' title='bbox 1203 2849 1308 2888; x_wconf 93' lang='lat' dir='ltr'><strong>non</strong></span> <span class='ocrx_word' id='word_1_210' title='bbox 1359 2834 1602 2889; x_wconf 92' lang='lat' dir='ltr'><strong>eamdem</strong></span> <span class='ocrx_word' id='word_1_211' title='bbox 1659 2851 1874 2904; x_wconf 85' lang='lat' dir='ltr'><strong>semper</strong></span> <span class='ocrx_word' id='word_1_212' title='bbox 1925 2837 2033 2890; x_wconf 90' lang='lat' dir='ltr'><strong>vim</strong></span> 
     </span>
    </p>
   </div>
   <div class='ocr_carea' id='block_1_31' title="bbox 463 2919 2038 2995">
    <p class='ocr_par' dir='ltr' id='par_1_31' title="bbox 463 2919 2038 2995">
     <span class='ocr_line' id='line_1_31' title="bbox 463 2919 2038 2995; baseline 0.006 -23"><span class='ocrx_word' id='word_1_213' title='bbox 463 2919 656 2974; x_wconf 89' lang='lat' dir='ltr'><strong>habeat</strong></span> <span class='ocrx_word' id='word_1_214' title='bbox 676 2959 692 2986; x_wconf 95' lang='lat'><strong>,</strong></span> <span class='ocrx_word' id='word_1_215' title='bbox 737 2935 801 2976; x_wconf 89' lang='lat' dir='ltr'><strong>ac</strong></span> <span class='ocrx_word' id='word_1_216' title='bbox 830 2921 1180 2987; x_wconf 89' lang='lat' dir='ltr'><strong>sententiam,</strong></span> <span class='ocrx_word' id='word_1_217' title='bbox 1211 2923 1304 2977; x_wconf 85' lang='lat' dir='ltr'><strong>sed</strong></span> <span class='ocrx_word' id='word_1_218' title='bbox 1335 2924 1567 2980; x_wconf 84' lang='lat' dir='ltr'><strong>diversis</strong></span> <span class='ocrx_word' id='word_1_219' title='bbox 1601 2927 1932 2995; x_wconf 84' lang='lat' dir='ltr'><strong>temporibus</strong></span> <span class='ocrx_word' id='word_1_220' title='bbox 1957 2927 2038 2982; x_wconf 86' lang='lat' dir='ltr'><strong>di-</strong></span> 
     </span>
    </p>
   </div>
   <div class='ocr_carea' id='block_1_32' title="bbox 463 3015 2038 3089">
    <p class='ocr_par' dir='ltr' id='par_1_32' title="bbox 463 3015 2038 3089">
     <span class='ocr_line' id='line_1_32' title="bbox 463 3015 2038 3089; baseline 0.007 -26"><span class='ocrx_word' id='word_1_221' title='bbox 463 3027 623 3067; x_wconf 85' lang='lat' dir='ltr'><strong>verso</strong></span> <span class='ocrx_word' id='word_1_222' title='bbox 656 3015 818 3070; x_wconf 92' lang='lat' dir='ltr'><strong>modo</strong></span> <span class='ocrx_word' id='word_1_223' title='bbox 868 3019 1185 3087; x_wconf 87' lang='lat' dir='ltr'><strong>accipiatur.</strong></span> <span class='ocrx_word' id='word_1_224' title='bbox 1219 3019 1356 3084; x_wconf 84' lang='lat' dir='ltr'><strong>Quid</strong></span> <span class='ocrx_word' id='word_1_225' title='bbox 1403 3033 1530 3089; x_wconf 87' lang='lat' dir='ltr'><strong>ergo</strong></span> <span class='ocrx_word' id='word_1_226' title='bbox 1587 3019 1866 3086; x_wconf 88' lang='lat' dir='ltr'><strong>miremur,</strong></span> <span class='ocrx_word' id='word_1_227' title='bbox 1897 3020 1939 3074; x_wconf 78' lang='lat' dir='ltr'><strong>si</strong></span> <span class='ocrx_word' id='word_1_228' title='bbox 1972 3021 2038 3074; x_wconf 90' lang='lat' dir='ltr'><strong>de</strong></span> 
     </span>
    </p>
   </div>
   <div class='ocr_carea' id='block_1_33' title="bbox 465 3105 2036 3184">
    <p class='ocr_par' dir='ltr' id='par_1_33' title="bbox 465 3105 2036 3184">
     <span class='ocr_line' id='line_1_33' title="bbox 465 3105 2036 3184; baseline 0.004 -25"><span class='ocrx_word' id='word_1_229' title='bbox 465 3119 532 3160; x_wconf 91' lang='lat' dir='ltr'><strong>eo</strong></span> <span class='ocrx_word' id='word_1_230' title='bbox 562 3105 778 3175; x_wconf 89' lang='lat' dir='ltr'><strong>quidem</strong></span> <span class='ocrx_word' id='word_1_231' title='bbox 822 3110 1056 3165; x_wconf 85' lang='lat' dir='ltr'><strong>maxime</strong></span> <span class='ocrx_word' id='word_1_232' title='bbox 1105 3109 1368 3166; x_wconf 89' lang='lat' dir='ltr'><strong>sollicitus</strong></span> <span class='ocrx_word' id='word_1_233' title='bbox 1418 3126 1633 3181; x_wconf 90' lang='lat' dir='ltr'><strong>semper</strong></span> <span class='ocrx_word' id='word_1_234' title='bbox 1664 3112 1826 3166; x_wconf 80' lang='lat' dir='ltr'><strong>fuerit</strong></span> <span class='ocrx_word' id='word_1_235' title='bbox 1871 3113 2036 3184; x_wconf 76' lang='lat' dir='ltr'><strong>Didy-</strong></span> 
     </span>
    </p>
   </div>
   <div class='ocr_carea' id='block_1_34' title="bbox 466 3198 2034 3274">
    <p class='ocr_par' dir='ltr' id='par_1_34' title="bbox 466 3198 2034 3274">
     <span class='ocr_line' id='line_1_34' title="bbox 466 3198 2034 3274; baseline 0.005 -26"><span class='ocrx_word' id='word_1_236' title='bbox 466 3211 607 3258; x_wconf 89' lang='lat' dir='ltr'><strong>mus,</strong></span> <span class='ocrx_word' id='word_1_237' title='bbox 657 3206 717 3250; x_wconf 91' lang='lat' dir='ltr'><strong>ut</strong></span> <span class='ocrx_word' id='word_1_238' title='bbox 749 3198 956 3253; x_wconf 87' lang='lat' dir='ltr'><strong>arbitrii</strong></span> <span class='ocrx_word' id='word_1_239' title='bbox 993 3200 1296 3256; x_wconf 88' lang='lat' dir='ltr'><strong>libertatem</strong></span> <span class='ocrx_word' id='word_1_240' title='bbox 1353 3211 1642 3266; x_wconf 84' lang='lat' dir='ltr'><strong>astrueret,</strong></span> <span class='ocrx_word' id='word_1_241' title='bbox 1681 3217 1909 3274; x_wconf 87' lang='lat' dir='ltr'><strong>eamque</strong></span> <span class='ocrx_word' id='word_1_242' title='bbox 1960 3205 2034 3257; x_wconf 90' lang='lat' dir='ltr'><strong>ita</strong></span> 
     </span>
    </p>
   </div>
   <div class='ocr_carea' id='block_1_35' title="bbox 464 3288 2036 3365">
    <p class='ocr_par' dir='ltr' id='par_1_35' title="bbox 464 3288 2036 3365">
     <span class='ocr_line' id='line_1_35' title="bbox 464 3288 2036 3365; baseline 0.005 -23"><span class='ocrx_word' id='word_1_243' title='bbox 464 3288 781 3356; x_wconf 82' lang='lat' dir='ltr'><strong>defenderit,</strong></span> <span class='ocrx_word' id='word_1_244' title='bbox 810 3301 867 3346; x_wconf 93' lang='lat' dir='ltr'><strong>ut</strong></span> <span class='ocrx_word' id='word_1_245' title='bbox 895 3294 1090 3348; x_wconf 71' lang='lat' dir='ltr'><strong>divinae</strong></span> <span class='ocrx_word' id='word_1_246' title='bbox 1127 3295 1314 3365; x_wconf 67' lang='lat' dir='ltr'><strong>gratiae</strong></span> <span class='ocrx_word' id='word_1_247' title='bbox 1342 3296 1718 3350; x_wconf 89' lang='lat' dir='ltr'><strong>necessitatem</strong></span> <span class='ocrx_word' id='word_1_248' title='bbox 1753 3312 1856 3350; x_wconf 90' lang='lat' dir='ltr'><strong>non</strong></span> <span class='ocrx_word' id='word_1_249' title='bbox 1889 3312 2036 3350; x_wconf 90' lang='lat' dir='ltr'><strong>sem-</strong></span> 
     </span>
    </p>
   </div>
   <div class='ocr_carea' id='block_1_36' title="bbox 465 3385 2032 3454">
    <p class='ocr_par' dir='ltr' id='par_1_36' title="bbox 465 3385 2032 3454">
     <span class='ocr_line' id='line_1_36' title="bbox 465 3385 2032 3454; baseline 0.005 -22"><span class='ocrx_word' id='word_1_250' title='bbox 465 3395 562 3449; x_wconf 90' lang='lat' dir='ltr'><strong>per</strong></span> <span class='ocrx_word' id='word_1_251' title='bbox 591 3396 846 3450; x_wconf 84' lang='lat' dir='ltr'><strong>expresse</strong></span> <span class='ocrx_word' id='word_1_252' title='bbox 891 3385 1202 3448; x_wconf 87' lang='lat' dir='ltr'><strong>nominarit,</strong></span> <span class='ocrx_word' id='word_1_253' title='bbox 1235 3386 1327 3439; x_wconf 91' lang='lat' dir='ltr'><strong>sed</strong></span> <span class='ocrx_word' id='word_1_254' title='bbox 1357 3386 1543 3440; x_wconf 90' lang='lat' dir='ltr'><strong>lectori</strong></span> <span class='ocrx_word' id='word_1_255' title='bbox 1578 3387 1867 3454; x_wconf 85' lang='lat' dir='ltr'><strong>aliquando</strong></span> <span class='ocrx_word' id='word_1_256' title='bbox 1899 3387 2032 3440; x_wconf 85' lang='lat' dir='ltr'><strong>sub-</strong></span> 
     </span>
    </p>
   </div>
   <div class='ocr_carea' id='block_1_37' title="bbox 469 3471 2037 3544">
    <p class='ocr_par' dir='ltr' id='par_1_37' title="bbox 469 3471 2037 3544">
     <span class='ocr_line' id='line_1_37' title="bbox 469 3471 2037 3544; baseline 0.004 -18"><span class='ocrx_word' id='word_1_257' title='bbox 469 3471 864 3540; x_wconf 89' lang='lat' dir='ltr'><strong>intelligendam</strong></span> <span class='ocrx_word' id='word_1_258' title='bbox 928 3475 1240 3544; x_wconf 81' lang='lat' dir='ltr'><strong>reliquerit;</strong></span> <span class='ocrx_word' id='word_1_259' title='bbox 1308 3493 1430 3532; x_wconf 92' lang='lat' dir='ltr'><strong>cum</strong></span> <span class='ocrx_word' id='word_1_260' title='bbox 1485 3492 1546 3531; x_wconf 86' lang='lat' dir='ltr'><strong>ea</strong></span> <span class='ocrx_word' id='word_1_261' title='bbox 1596 3475 1840 3532; x_wconf 82' lang='lat' dir='ltr'><strong>ﬂoruerit</strong></span> <span class='ocrx_word' id='word_1_262' title='bbox 1899 3489 2037 3532; x_wconf 90' lang='lat' dir='ltr'><strong>tem-</strong></span> 
     </span>
    </p>
   </div>
   <div class='ocr_carea' id='block_1_38' title="bbox 466 3564 2038 3636">
    <p class='ocr_par' dir='ltr' id='par_1_38' title="bbox 466 3564 2038 3636">
     <span class='ocr_line' id='line_1_38' title="bbox 466 3564 2038 3636; baseline 0.006 -21"><span class='ocrx_word' id='word_1_263' title='bbox 466 3571 697 3632; x_wconf 91' lang='lat' dir='ltr'><strong>pestate,</strong></span> <span class='ocrx_word' id='word_1_264' title='bbox 725 3579 826 3633; x_wconf 89' lang='lat' dir='ltr'><strong>qua</strong></span> <span class='ocrx_word' id='word_1_265' title='bbox 880 3564 1155 3620; x_wconf 65' lang='lat' dir='ltr'><strong>Manichazi</strong></span> <span class='ocrx_word' id='word_1_266' title='bbox 1199 3566 1417 3636; x_wconf 83' lang='lat' dir='ltr'><strong>quidem</strong></span> <span class='ocrx_word' id='word_1_267' title='bbox 1467 3567 1770 3624; x_wconf 89' lang='lat' dir='ltr'><strong>libertatem</strong></span> <span class='ocrx_word' id='word_1_268' title='bbox 1830 3571 2038 3626; x_wconf 85' lang='lat' dir='ltr'><strong>arbitrii</strong></span> 
     </span>
    </p>
   </div>
   <div class='ocr_carea' id='block_1_39' title="bbox 470 3655 2040 3731">
    <p class='ocr_par' dir='ltr' id='par_1_39' title="bbox 470 3655 2040 3731">
     <span class='ocr_line' id='line_1_39' title="bbox 470 3655 2040 3731; baseline 0.007 -25"><span class='ocrx_word' id='word_1_269' title='bbox 470 3655 537 3708; x_wconf 79' lang='lat' dir='ltr'><strong>de</strong></span> <span class='ocrx_word' id='word_1_270' title='bbox 575 3655 750 3709; x_wconf 92' lang='lat' dir='ltr'><strong>medio</strong></span> <span class='ocrx_word' id='word_1_271' title='bbox 802 3655 1048 3712; x_wconf 88' lang='lat' dir='ltr'><strong>tollentes</strong></span> <span class='ocrx_word' id='word_1_272' title='bbox 1108 3657 1400 3713; x_wconf 78' lang='lat' dir='ltr'><strong>Ecclesium</strong></span> <span class='ocrx_word' id='word_1_273' title='bbox 1446 3661 1732 3728; x_wconf 81' lang='lat' dir='ltr'><strong>vexabant,</strong></span> <span class='ocrx_word' id='word_1_274' title='bbox 1791 3660 2040 3731; x_wconf 73' lang='lat' dir='ltr'><strong>Pelagius</strong></span> 
     </span>
    </p>
   </div>
   <div class='ocr_carea' id='block_1_40' title="bbox 467 3747 2028 3817">
    <p class='ocr_par' dir='ltr' id='par_1_40' title="bbox 467 3747 2028 3817">
     <span class='ocr_line' id='line_1_40' title="bbox 467 3747 2028 3817; baseline 0.005 -17"><span class='ocrx_word' id='word_1_275' title='bbox 467 3761 598 3800; x_wconf 86' lang='lat' dir='ltr'><strong>vero</strong></span> <span class='ocrx_word' id='word_1_276' title='bbox 651 3747 948 3802; x_wconf 90' lang='lat' dir='ltr'><strong>libertatem</strong></span> <span class='ocrx_word' id='word_1_277' title='bbox 992 3750 1199 3804; x_wconf 89' lang='lat' dir='ltr'><strong>arbitrii</strong></span> <span class='ocrx_word' id='word_1_278' title='bbox 1246 3751 1406 3806; x_wconf 90' lang='lat' dir='ltr'><strong>nimis</strong></span> <span class='ocrx_word' id='word_1_279' title='bbox 1456 3751 1781 3817; x_wconf 76' lang='lat' dir='ltr'><strong>extollendo,</strong></span> <span class='ocrx_word' id='word_1_280' title='bbox 1833 3753 2028 3808; x_wconf 70' lang='lat' dir='ltr'><strong>divina:</strong></span> 
     </span>
    </p>
   </div>
   <div class='ocr_carea' id='block_1_41' title="bbox 470 3839 2040 3915">
    <p class='ocr_par' dir='ltr' id='par_1_41' title="bbox 470 3839 2040 3915">
     <span class='ocr_line' id='line_1_41' title="bbox 470 3839 2040 3915; baseline 0.006 -25"><span class='ocrx_word' id='word_1_281' title='bbox 470 3839 656 3909; x_wconf 66' lang='lat' dir='ltr'><strong>gratiae</strong></span> <span class='ocrx_word' id='word_1_282' title='bbox 683 3841 749 3893; x_wconf 89' lang='lat' dir='ltr'><strong>ad</strong></span> <span class='ocrx_word' id='word_1_283' title='bbox 790 3841 926 3896; x_wconf 89' lang='lat' dir='ltr'><strong>bona</strong></span> <span class='ocrx_word' id='word_1_284' title='bbox 959 3857 1021 3895; x_wconf 91' lang='lat' dir='ltr'><strong>ac</strong></span> <span class='ocrx_word' id='word_1_285' title='bbox 1056 3842 1309 3897; x_wconf 88' lang='lat' dir='ltr'><strong>salutaria</strong></span> <span class='ocrx_word' id='word_1_286' title='bbox 1353 3858 1513 3910; x_wconf 89' lang='lat' dir='ltr'><strong>opera</strong></span> <span class='ocrx_word' id='word_1_287' title='bbox 1550 3846 1911 3915; x_wconf 87' lang='lat' dir='ltr'><strong>perpetranda</strong></span> <span class='ocrx_word' id='word_1_288' title='bbox 1942 3859 2040 3900; x_wconf 92' lang='lat' dir='ltr'><strong>ne-</strong></span> 
     </span>
    </p>
   </div>
   <div class='ocr_carea' id='block_1_42' title="bbox 469 3931 1410 3988">
    <p class='ocr_par' dir='ltr' id='par_1_42' title="bbox 469 3931 1410 3988">
     <span class='ocr_line' id='line_1_42' title="bbox 469 3931 1410 3988; baseline 0.005 -5"><span class='ocrx_word' id='word_1_289' title='bbox 469 3931 775 3984; x_wconf 85' lang='lat' dir='ltr'><strong>cessitatem</strong></span> <span class='ocrx_word' id='word_1_290' title='bbox 820 3933 1050 3986; x_wconf 91' lang='lat' dir='ltr'><strong>nondum</strong></span> <span class='ocrx_word' id='word_1_291' title='bbox 1083 3935 1410 3988; x_wconf 86' lang='lat' dir='ltr'><strong>sustulerat?</strong></span> 
     </span>
    </p>
   </div>
   <div class='ocr_carea' id='block_1_43' title="bbox 543 4021 2038 4096">
    <p class='ocr_par' dir='ltr' id='par_1_43' title="bbox 543 4021 2038 4096">
     <span class='ocr_line' id='line_1_43' title="bbox 543 4021 2038 4096; baseline 0.005 -24"><span class='ocrx_word' id='word_1_292' title='bbox 543 4021 672 4087; x_wconf 78' lang='lat' dir='ltr'><strong>Qua:</strong></span> <span class='ocrx_word' id='word_1_293' title='bbox 696 4037 816 4076; x_wconf 91' lang='lat' dir='ltr'><strong>cum</strong></span> <span class='ocrx_word' id='word_1_294' title='bbox 855 4023 924 4075; x_wconf 90' lang='lat' dir='ltr'><strong>ita</strong></span> <span class='ocrx_word' id='word_1_295' title='bbox 956 4036 1014 4075; x_wconf 90' lang='lat' dir='ltr'><strong>se</strong></span> <span class='ocrx_word' id='word_1_296' title='bbox 1046 4023 1293 4087; x_wconf 85' lang='lat' dir='ltr'><strong>habeant,</strong></span> <span class='ocrx_word' id='word_1_297' title='bbox 1327 4023 1524 4087; x_wconf 89' lang='lat' dir='ltr'><strong>nullus,</strong></span> <span class='ocrx_word' id='word_1_298' title='bbox 1556 4033 1614 4078; x_wconf 89' lang='lat' dir='ltr'><strong>ut</strong></span> <span class='ocrx_word' id='word_1_299' title='bbox 1646 4040 1788 4091; x_wconf 91' lang='lat' dir='ltr'><strong>reor,</strong></span> <span class='ocrx_word' id='word_1_300' title='bbox 1829 4025 2038 4096; x_wconf 82' lang='lat' dir='ltr'><strong>Didymi</strong></span> 
     </span>
    </p>
   </div>
   <div class='ocr_carea' id='block_1_44' title="bbox 475 4111 2044 4180">
    <p class='ocr_par' dir='ltr' id='par_1_44' title="bbox 475 4111 2044 4180">
     <span class='ocr_line' id='line_1_44' title="bbox 475 4111 2044 4180; baseline 0.002 -15"><span class='ocrx_word' id='word_1_301' title='bbox 475 4111 621 4166; x_wconf 75' lang='lat' dir='ltr'><strong>locus</strong></span> <span class='ocrx_word' id='word_1_302' title='bbox 657 4111 903 4180; x_wconf 86' lang='lat' dir='ltr'><strong>theologo</strong></span> <span class='ocrx_word' id='word_1_303' title='bbox 924 4113 1190 4180; x_wconf 72' lang='lat' dir='ltr'><strong>mquitatis</strong></span> <span class='ocrx_word' id='word_1_304' title='bbox 1229 4114 1431 4167; x_wconf 87' lang='lat' dir='ltr'><strong>amanti</strong></span> <span class='ocrx_word' id='word_1_305' title='bbox 1489 4113 1614 4168; x_wconf 87' lang='lat' dir='ltr'><strong>talis</strong></span> <span class='ocrx_word' id='word_1_306' title='bbox 1659 4115 1948 4180; x_wconf 84' lang='lat' dir='ltr'><strong>videbitur,</strong></span> <span class='ocrx_word' id='word_1_307' title='bbox 1986 4123 2044 4168; x_wconf 89' lang='lat' dir='ltr'><strong>ut</strong></span> 
     </span>
    </p>
   </div>
   <div class='ocr_carea' id='block_1_45' title="bbox 474 4206 2043 4277">
    <p class='ocr_par' dir='ltr' id='par_1_45' title="bbox 474 4206 2043 4277">
     <span class='ocr_line' id='line_1_45' title="bbox 474 4206 2043 4277; baseline 0.001 -19"><span class='ocrx_word' id='word_1_308' title='bbox 474 4207 796 4275; x_wconf 87' lang='lat' dir='ltr'><strong>persuadere</strong></span> <span class='ocrx_word' id='word_1_309' title='bbox 827 4206 1022 4268; x_wconf 86' lang='lat' dir='ltr'><strong>valeat,</strong></span> <span class='ocrx_word' id='word_1_310' title='bbox 1053 4206 1337 4277; x_wconf 82' lang='lat' dir='ltr'><strong>Didytnum</strong></span> <span class='ocrx_word' id='word_1_311' title='bbox 1363 4208 1658 4270; x_wconf 85' lang='lat' dir='ltr'><strong>erroribus,</strong></span> <span class='ocrx_word' id='word_1_312' title='bbox 1685 4208 1775 4276; x_wconf 92' lang='lat' dir='ltr'><strong>qui</strong></span> <span class='ocrx_word' id='word_1_313' title='bbox 1809 4209 1860 4261; x_wconf 91' lang='lat' dir='ltr'><strong>in</strong></span> <span class='ocrx_word' id='word_1_314' title='bbox 1892 4206 2043 4261; x_wconf 85' lang='lat' dir='ltr'><strong>Pela-</strong></span> 
     </span>
    </p>
   </div>
   <div class='ocr_carea' id='block_1_46' title="bbox 475 4296 2041 4367">
    <p class='ocr_par' dir='ltr' id='par_1_46' title="bbox 475 4296 2041 4367">
     <span class='ocr_line' id='line_1_46' title="bbox 475 4296 2041 4367; baseline 0.003 -19"><span class='ocrx_word' id='word_1_315' title='bbox 475 4296 561 4364; x_wconf 82' lang='lat' dir='ltr'><strong>gio</strong></span> <span class='ocrx_word' id='word_1_316' title='bbox 591 4307 682 4350; x_wconf 88' lang='lat' dir='ltr'><strong>aut</strong></span> <span class='ocrx_word' id='word_1_317' title='bbox 714 4297 766 4350; x_wconf 93' lang='lat' dir='ltr'><strong>in</strong></span> <span class='ocrx_word' id='word_1_318' title='bbox 805 4296 1247 4367; x_wconf 82' lang='lat' dir='ltr'><strong>Semipclagianis</strong></span> <span class='ocrx_word' id='word_1_319' title='bbox 1279 4309 1462 4367; x_wconf 83' lang='lat' dir='ltr'><strong>postea</strong></span> <span class='ocrx_word' id='word_1_320' title='bbox 1501 4299 1735 4351; x_wconf 87' lang='lat' dir='ltr'><strong>damnati</strong></span> <span class='ocrx_word' id='word_1_321' title='bbox 1770 4308 1914 4362; x_wconf 90' lang='lat' dir='ltr'><strong>sunt,</strong></span> <span class='ocrx_word' id='word_1_322' title='bbox 1944 4299 2041 4353; x_wconf 87' lang='lat' dir='ltr'><strong>ad-</strong></span> 
     </span>
    </p>
   </div>
   <div class='ocr_carea' id='block_1_47' title="bbox 478 4387 2042 4456">
    <p class='ocr_par' dir='ltr' id='par_1_47' title="bbox 478 4387 2042 4456">
     <span class='ocr_line' id='line_1_47' title="bbox 478 4387 2042 4456; baseline 0.002 -19"><span class='ocrx_word' id='word_1_323' title='bbox 478 4387 716 4440; x_wconf 71' lang='lat' dir='ltr'><strong>haesisse.</strong></span> <span class='ocrx_word' id='word_1_324' title='bbox 745 4387 820 4440; x_wconf 84' lang='lat' dir='ltr'><strong>Ac</strong></span> <span class='ocrx_word' id='word_1_325' title='bbox 849 4387 900 4439; x_wconf 92' lang='lat' dir='ltr'><strong>in</strong></span> <span class='ocrx_word' id='word_1_326' title='bbox 934 4387 1018 4440; x_wconf 89' lang='lat' dir='ltr'><strong>his</strong></span> <span class='ocrx_word' id='word_1_327' title='bbox 1047 4388 1258 4456; x_wconf 87' lang='lat' dir='ltr'><strong>quidem</strong></span> <span class='ocrx_word' id='word_1_328' title='bbox 1307 4387 1378 4442; x_wconf 89' lang='lat' dir='ltr'><strong>De</strong></span> <span class='ocrx_word' id='word_1_329' title='bbox 1420 4387 1676 4441; x_wconf 87' lang='lat' dir='ltr'><strong>Trinitate</strong></span> <span class='ocrx_word' id='word_1_330' title='bbox 1704 4388 1856 4442; x_wconf 90' lang='lat' dir='ltr'><strong>libris</strong></span> <span class='ocrx_word' id='word_1_331' title='bbox 1908 4387 2042 4441; x_wconf 90' lang='lat' dir='ltr'><strong>nihil</strong></span> 
     </span>
    </p>
   </div>
   <div class='ocr_carea' id='block_1_48' title="bbox 2133 544 3714 617">
    <p class='ocr_par' dir='ltr' id='par_1_48' title="bbox 2133 544 3714 617">
     <span class='ocr_line' id='line_1_48' title="bbox 2133 544 3714 617; baseline 0.003 -16"><span class='ocrx_word' id='word_1_332' title='bbox 2133 546 2314 612; x_wconf 86' lang='lat' dir='ltr'><strong>bebat,</strong></span> <span class='ocrx_word' id='word_1_333' title='bbox 2340 563 2501 617; x_wconf 87' lang='lat' dir='ltr'><strong>quam</strong></span> <span class='ocrx_word' id='word_1_334' title='bbox 2533 545 2689 600; x_wconf 79' lang='lat' dir='ltr'><strong>[idem</strong></span> <span class='ocrx_word' id='word_1_335' title='bbox 2723 545 3070 615; x_wconf 81' lang='lat' dir='ltr'><strong>incipientem</strong></span> <span class='ocrx_word' id='word_1_336' title='bbox 3105 544 3519 617; x_wconf 85' lang='lat' dir='ltr'><strong>Semipelagiani</strong></span> <span class='ocrx_word' id='word_1_337' title='bbox 3548 563 3578 601; x_wconf 91' lang='lat' dir='ltr'><strong>a</strong></span> <span class='ocrx_word' id='word_1_338' title='bbox 3613 550 3714 606; x_wconf 76' lang='lat' dir='ltr'><strong>[ide</strong></span> 
     </span>
    </p>
   </div>
   <div class='ocr_carea' id='block_1_49' title="bbox 2129 634 3712 706">
    <p class='ocr_par' dir='ltr' id='par_1_49' title="bbox 2129 634 3712 706">
     <span class='ocr_line' id='line_1_49' title="bbox 2129 634 3712 706; baseline 0.003 -16"><span class='ocrx_word' id='word_1_339' title='bbox 2129 637 2333 701; x_wconf 79' lang='lat' dir='ltr'><strong>adulta,</strong></span> <span class='ocrx_word' id='word_1_340' title='bbox 2364 645 2422 690; x_wconf 91' lang='lat' dir='ltr'><strong>ut</strong></span> <span class='ocrx_word' id='word_1_341' title='bbox 2447 637 2527 691; x_wconf 86' lang='lat' dir='ltr'><strong>sic</strong></span> <span class='ocrx_word' id='word_1_342' title='bbox 2561 634 2776 706; x_wconf 86' lang='lat' dir='ltr'><strong>loquar,</strong></span> <span class='ocrx_word' id='word_1_343' title='bbox 2817 645 3188 701; x_wconf 90' lang='lat' dir='ltr'><strong>secernerent,</strong></span> <span class='ocrx_word' id='word_1_344' title='bbox 3221 645 3276 691; x_wconf 89' lang='lat' dir='ltr'><strong>et</strong></span> <span class='ocrx_word' id='word_1_345' title='bbox 3306 637 3467 702; x_wconf 87' lang='lat' dir='ltr'><strong>hanc,</strong></span> <span class='ocrx_word' id='word_1_346' title='bbox 3506 653 3612 692; x_wconf 94' lang='lat' dir='ltr'><strong>non</strong></span> <span class='ocrx_word' id='word_1_347' title='bbox 3647 639 3712 694; x_wconf 89' lang='lat' dir='ltr'><strong>il-</strong></span> 
     </span>
    </p>
   </div>
   <div class='ocr_carea' id='block_1_50' title="bbox 2131 725 3709 800">
    <p class='ocr_par' dir='ltr' id='par_1_50' title="bbox 2131 725 3709 800">
     <span class='ocr_line' id='line_1_50' title="bbox 2131 725 3709 800; baseline 0.002 -20"><span class='ocrx_word' id='word_1_348' title='bbox 2131 727 2244 782; x_wconf 90' lang='lat' dir='ltr'><strong>lam</strong></span> <span class='ocrx_word' id='word_1_349' title='bbox 2293 728 2488 783; x_wconf 74' lang='lat' dir='ltr'><strong>divinae</strong></span> <span class='ocrx_word' id='word_1_350' title='bbox 2521 727 2706 797; x_wconf 69' lang='lat' dir='ltr'><strong>gratiae</strong></span> <span class='ocrx_word' id='word_1_351' title='bbox 2757 725 3075 792; x_wconf 89' lang='lat' dir='ltr'><strong>tribuerent,</strong></span> <span class='ocrx_word' id='word_1_352' title='bbox 3108 726 3250 794; x_wconf 89' lang='lat' dir='ltr'><strong>exigi</strong></span> <span class='ocrx_word' id='word_1_353' title='bbox 3303 726 3426 796; x_wconf 83' lang='lat' dir='ltr'><strong>jure</strong></span> <span class='ocrx_word' id='word_1_354' title='bbox 3457 745 3562 783; x_wconf 93' lang='lat' dir='ltr'><strong>non</strong></span> <span class='ocrx_word' id='word_1_355' title='bbox 3613 744 3709 800; x_wconf 75' lang='lat' dir='ltr'><strong>po-</strong></span> 
     </span>
    </p>
   </div>
   <div class='ocr_carea' id='block_1_51' title="bbox 2131 816 3712 889">
    <p class='ocr_par' dir='ltr' id='par_1_51' title="bbox 2131 816 3712 889">
     <span class='ocr_line' id='line_1_51' title="bbox 2131 816 3712 889; baseline 0.003 -15"><span class='ocrx_word' id='word_1_356' title='bbox 2131 828 2257 883; x_wconf 80' lang='lat' dir='ltr'><strong>teSt,</strong></span> <span class='ocrx_word' id='word_1_357' title='bbox 2280 828 2337 872; x_wconf 93' lang='lat' dir='ltr'><strong>ut</strong></span> <span class='ocrx_word' id='word_1_358' title='bbox 2367 819 2572 885; x_wconf 90' lang='lat' dir='ltr'><strong>apertis</strong></span> <span class='ocrx_word' id='word_1_359' title='bbox 2599 817 2780 872; x_wconf 78' lang='lat' dir='ltr'><strong>verbis</strong></span> <span class='ocrx_word' id='word_1_360' title='bbox 2807 817 2971 881; x_wconf 85' lang='lat' dir='ltr'><strong>dicat,</strong></span> <span class='ocrx_word' id='word_1_361' title='bbox 3023 832 3087 870; x_wconf 89' lang='lat' dir='ltr'><strong>ex</strong></span> <span class='ocrx_word' id='word_1_362' title='bbox 3131 816 3314 872; x_wconf 89' lang='lat' dir='ltr'><strong>divina</strong></span> <span class='ocrx_word' id='word_1_363' title='bbox 3363 820 3541 889; x_wconf 89' lang='lat' dir='ltr'><strong>gratia</strong></span> <span class='ocrx_word' id='word_1_364' title='bbox 3591 837 3712 878; x_wconf 86' lang='lat' dir='ltr'><strong>esse</strong></span> 
     </span>
    </p>
   </div>
   <div class='ocr_carea' id='block_1_52' title="bbox 2129 909 3602 978">
    <p class='ocr_par' dir='ltr' id='par_1_52' title="bbox 2129 909 3602 978">
     <span class='ocr_line' id='line_1_52' title="bbox 2129 909 3602 978; baseline 0.002 -14"><span class='ocrx_word' id='word_1_365' title='bbox 2129 925 2235 964; x_wconf 92' lang='lat' dir='ltr'><strong>non</strong></span> <span class='ocrx_word' id='word_1_366' title='bbox 2273 909 2612 978; x_wconf 89' lang='lat' dir='ltr'><strong>incipientem</strong></span> <span class='ocrx_word' id='word_1_367' title='bbox 2645 909 2827 972; x_wconf 91' lang='lat' dir='ltr'><strong>modo,</strong></span> <span class='ocrx_word' id='word_1_368' title='bbox 2858 911 2949 963; x_wconf 88' lang='lat' dir='ltr'><strong>sed</strong></span> <span class='ocrx_word' id='word_1_369' title='bbox 2985 917 3042 962; x_wconf 89' lang='lat' dir='ltr'><strong>et</strong></span> <span class='ocrx_word' id='word_1_370' title='bbox 3069 921 3376 976; x_wconf 77' lang='lat' dir='ltr'><strong>provectam</strong></span> <span class='ocrx_word' id='word_1_371' title='bbox 3418 911 3602 968; x_wconf 79' lang='lat' dir='ltr'><strong>ﬁdem.</strong></span> 
     </span>
    </p>
   </div>
   <div class='ocr_carea' id='block_1_53' title="bbox 2201 1001 3709 1072">
    <p class='ocr_par' dir='ltr' id='par_1_53' title="bbox 2201 1001 3709 1072">
     <span class='ocr_line' id='line_1_53' title="bbox 2201 1001 3709 1072; baseline 0.001 -15"><span class='ocrx_word' id='word_1_372' title='bbox 2201 1001 2452 1057; x_wconf 88' lang='lat' dir='ltr'><strong>Secundo</strong></span> <span class='ocrx_word' id='word_1_373' title='bbox 2521 1001 2697 1066; x_wconf 89' lang='lat' dir='ltr'><strong>docet,</strong></span> <span class='ocrx_word' id='word_1_374' title='bbox 2767 1001 2998 1070; x_wconf 76' lang='lat' dir='ltr'><strong>gratiam</strong></span> <span class='ocrx_word' id='word_1_375' title='bbox 3069 1001 3353 1056; x_wconf 84' lang='lat' dir='ltr'><strong>nobiscum</strong></span> <span class='ocrx_word' id='word_1_376' title='bbox 3415 1006 3709 1072; x_wconf 85' lang='lat' dir='ltr'><strong>cooperari.</strong></span> 
     </span>
    </p>
   </div>
   <div class='ocr_carea' id='block_1_54' title="bbox 2131 1089 3712 1163">
    <p class='ocr_par' dir='ltr' id='par_1_54' title="bbox 2131 1089 3712 1163">
     <span class='ocr_line' id='line_1_54' title="bbox 2131 1089 3712 1163; baseline 0.002 -14"><span class='ocrx_word' id='word_1_377' title='bbox 2131 1095 2263 1149; x_wconf 84' lang='lat' dir='ltr'><strong>Nam</strong></span> <span class='ocrx_word' id='word_1_378' title='bbox 2311 1093 2488 1163; x_wconf 88' lang='lat' dir='ltr'><strong>capite</strong></span> <span class='ocrx_word' id='word_1_379' title='bbox 2534 1092 2557 1146; x_wconf 79' lang='grc'><strong>1</strong></span> <span class='ocrx_word' id='word_1_380' title='bbox 2614 1091 2984 1146; x_wconf 83' lang='lat' dir='ltr'><strong>Enarrationis</strong></span> <span class='ocrx_word' id='word_1_381' title='bbox 3013 1094 3068 1145; x_wconf 86' lang='lat' dir='ltr'><strong>in</strong></span> <span class='ocrx_word' id='word_1_382' title='bbox 3098 1089 3267 1161; x_wconf 80' lang='lat' dir='ltr'><strong>Epist.</strong></span> <span class='ocrx_word' id='word_1_383' title='bbox 3309 1091 3544 1149; x_wconf 89' lang='lat' dir='ltr'><strong>Jacobi:</strong></span> <span class='ocrx_word' id='word_1_384' title='bbox 3608 1095 3712 1163; x_wconf 85' lang='lat' dir='ltr'><strong>Qui</strong></span> 
     </span>
    </p>
   </div>
   <div class='ocr_carea' id='block_1_55' title="bbox 2131 1182 3710 1256">
    <p class='ocr_par' dir='ltr' id='par_1_55' title="bbox 2131 1182 3710 1256">
     <span class='ocr_line' id='line_1_55' title="bbox 2131 1182 3710 1256; baseline 0.001 -16"><span class='ocrx_word' id='word_1_385' title='bbox 2131 1185 2350 1246; x_wconf 74' lang='lat' dir='ltr'><strong>fruitur,</strong></span> <span class='ocrx_word' id='word_1_386' title='bbox 2377 1184 2568 1252; x_wconf 88' lang='lat' dir='ltr'><strong>inquit,</strong></span> <span class='ocrx_word' id='word_1_387' title='bbox 2601 1199 2794 1237; x_wconf 86' lang='lat' dir='ltr'><strong>corona</strong></span> <span class='ocrx_word' id='word_1_388' title='bbox 2823 1182 3154 1247; x_wconf 84' lang='lat' dir='ltr'><strong>deliciarum,</strong></span> <span class='ocrx_word' id='word_1_389' title='bbox 3180 1193 3234 1236; x_wconf 89' lang='lat' dir='ltr'><strong>et</strong></span> <span class='ocrx_word' id='word_1_390' title='bbox 3263 1185 3353 1253; x_wconf 92' lang='lat' dir='ltr'><strong>qui</strong></span> <span class='ocrx_word' id='word_1_391' title='bbox 3385 1186 3550 1241; x_wconf 86' lang='lat' dir='ltr'><strong>habet</strong></span> <span class='ocrx_word' id='word_1_392' title='bbox 3580 1203 3710 1256; x_wconf 84' lang='lat' dir='ltr'><strong>gra-</strong></span> 
     </span>
    </p>
   </div>
   <div class='ocr_carea' id='block_1_56' title="bbox 2131 1275 3704 1348">
    <p class='ocr_par' dir='ltr' id='par_1_56' title="bbox 2131 1275 3704 1348">
     <span class='ocr_line' id='line_1_56' title="bbox 2131 1275 3704 1348; baseline 0.001 -17"><span class='ocrx_word' id='word_1_393' title='bbox 2131 1277 2258 1332; x_wconf 89' lang='lat' dir='ltr'><strong>tiam</strong></span> <span class='ocrx_word' id='word_1_394' title='bbox 2284 1277 2375 1330; x_wconf 91' lang='lat' dir='ltr'><strong>Dei</strong></span> <span class='ocrx_word' id='word_1_395' title='bbox 2402 1284 3071 1345; x_wconf 89' lang='lat' dir='ltr'><strong>cooperantem,coronam</strong></span> <span class='ocrx_word' id='word_1_396' title='bbox 3091 1275 3386 1342; x_wconf 85' lang='lat' dir='ltr'><strong>gratiarum</strong></span> <span class='ocrx_word' id='word_1_397' title='bbox 3408 1279 3654 1348; x_wconf 89' lang='lat' dir='ltr'><strong>percipit.</strong></span> <span class='ocrx_word' id='word_1_398' title='bbox 3685 1299 3704 1333; x_wconf 86' lang='lat' dir='ltr'><strong>s</strong></span> 
     </span>
    </p>
   </div>
   <div class='ocr_carea' id='block_1_57' title="bbox 2131 1362 3711 1432">
    <p class='ocr_par' dir='ltr' id='par_1_57' title="bbox 2131 1362 3711 1432">
     <span class='ocr_line' id='line_1_57' title="bbox 2131 1362 3711 1432; baseline 0 -10"><span class='ocrx_word' id='word_1_399' title='bbox 2131 1367 2415 1432; x_wconf 89' lang='lat' dir='ltr'><strong>Similique</strong></span> <span class='ocrx_word' id='word_1_400' title='bbox 2453 1367 2612 1420; x_wconf 88' lang='lat' dir='ltr'><strong>modo</strong></span> <span class='ocrx_word' id='word_1_401' title='bbox 2647 1365 2701 1419; x_wconf 93' lang='lat' dir='ltr'><strong>in</strong></span> <span class='ocrx_word' id='word_1_402' title='bbox 2750 1374 2940 1419; x_wconf 87' lang='lat' dir='ltr'><strong>catena</strong></span> <span class='ocrx_word' id='word_1_403' title='bbox 2987 1362 3315 1420; x_wconf 87' lang='lat' dir='ltr'><strong>Cordcriana</strong></span> <span class='ocrx_word' id='word_1_404' title='bbox 3354 1367 3420 1422; x_wconf 90' lang='lat' dir='ltr'><strong>ad</strong></span> <span class='ocrx_word' id='word_1_405' title='bbox 3473 1383 3618 1424; x_wconf 86' lang='lat' dir='ltr'><strong>vers.</strong></span> <span class='ocrx_word' id='word_1_406' title='bbox 3673 1385 3711 1424; x_wconf 88' lang='grc' dir='ltr'><strong>ιι</strong></span> 
     </span>
    </p>
   </div>
   <div class='ocr_carea' id='block_1_58' title="bbox 2130 1454 3713 1528">
    <p class='ocr_par' dir='ltr' id='par_1_58' title="bbox 2130 1454 3713 1528">
     <span class='ocr_line' id='line_1_58' title="bbox 2130 1454 3713 1528; baseline 0.003 -16"><span class='ocrx_word' id='word_1_407' title='bbox 2130 1457 2318 1528; x_wconf 87' lang='lat' dir='ltr'><strong>psalmi</strong></span> <span class='ocrx_word' id='word_1_408' title='bbox 2356 1473 2406 1520; x_wconf 87' lang='lat' dir='ltr'><strong>L,</strong></span> <span class='ocrx_word' id='word_1_409' title='bbox 2429 1473 2550 1526; x_wconf 87' lang='lat' dir='ltr'><strong>pag.</strong></span> <span class='ocrx_word' id='word_1_410' title='bbox 2581 1455 2688 1510; x_wconf 78' lang='lat'><strong>993</strong></span> <span class='ocrx_word' id='word_1_411' title='bbox 2717 1474 2731 1510; x_wconf 91' lang='lat'><strong>:</strong></span> <span class='ocrx_word' id='word_1_412' title='bbox 2761 1454 2856 1526; x_wconf 82' lang='grc' dir='ltr'><strong>τὴν</strong></span> <span class='ocrx_word' id='word_1_413' title='bbox 2881 1455 3019 1509; x_wconf 79' lang='grc' dir='ltr'><strong>Θεοῦ</strong></span> <span class='ocrx_word' id='word_1_414' title='bbox 3051 1457 3394 1528; x_wconf 72' lang='grc' dir='ltr'><strong>συνέργειοιν,</strong></span> <span class='ocrx_word' id='word_1_415' title='bbox 3429 1459 3480 1515; x_wconf 90' lang='lat' dir='ltr'><strong>id</strong></span> <span class='ocrx_word' id='word_1_416' title='bbox 3506 1471 3588 1516; x_wconf 87' lang='lat' dir='ltr'><strong>est</strong></span> <span class='ocrx_word' id='word_1_417' title='bbox 3616 1461 3713 1516; x_wconf 97' lang='lat' dir='ltr'><strong>Dei</strong></span> 
     </span>
    </p>
   </div>
   <div class='ocr_carea' id='block_1_59' title="bbox 2131 1547 3716 1619">
    <p class='ocr_par' dir='ltr' id='par_1_59' title="bbox 2131 1547 3716 1619">
     <span class='ocr_line' id='line_1_59' title="bbox 2131 1547 3716 1619; baseline 0.003 -17"><span class='ocrx_word' id='word_1_418' title='bbox 2131 1549 2569 1616; x_wconf 85' lang='lat' dir='ltr'><strong>cooperationem,</strong></span> <span class='ocrx_word' id='word_1_419' title='bbox 2594 1562 2689 1602; x_wconf 89' lang='lat' dir='ltr'><strong>seu</strong></span> <span class='ocrx_word' id='word_1_420' title='bbox 2717 1547 2948 1615; x_wconf 87' lang='lat' dir='ltr'><strong>gratiam</strong></span> <span class='ocrx_word' id='word_1_421' title='bbox 2970 1557 3369 1617; x_wconf 86' lang='lat' dir='ltr'><strong>cooperantem,</strong></span> <span class='ocrx_word' id='word_1_422' title='bbox 3393 1564 3458 1603; x_wconf 88' lang='lat' dir='ltr'><strong>ex</strong></span> <span class='ocrx_word' id='word_1_423' title='bbox 3480 1566 3583 1619; x_wconf 88' lang='lat' dir='ltr'><strong>qua</strong></span> <span class='ocrx_word' id='word_1_424' title='bbox 3609 1552 3716 1606; x_wconf 88' lang='lat' dir='ltr'><strong>vir-</strong></span> 
     </span>
    </p>
   </div>
   <div class='ocr_carea' id='block_1_60' title="bbox 2133 1637 3710 1708">
    <p class='ocr_par' dir='ltr' id='par_1_60' title="bbox 2133 1637 3710 1708">
     <span class='ocr_line' id='line_1_60' title="bbox 2133 1637 3710 1708; baseline 0.004 -16"><span class='ocrx_word' id='word_1_425' title='bbox 2133 1647 2217 1692; x_wconf 90' lang='lat' dir='ltr'><strong>tus</strong></span> <span class='ocrx_word' id='word_1_426' title='bbox 2250 1638 2694 1708; x_wconf 89' lang='lat' dir='ltr'><strong>sit,aguoscit,ut</strong></span> <span class='ocrx_word' id='word_1_427' title='bbox 2715 1637 2918 1707; x_wconf 88' lang='lat' dir='ltr'><strong>patebit</strong></span> <span class='ocrx_word' id='word_1_428' title='bbox 2955 1653 3021 1693; x_wconf 75' lang='lat' dir='ltr'><strong>ex</strong></span> <span class='ocrx_word' id='word_1_429' title='bbox 3047 1639 3228 1694; x_wconf 86' lang='lat' dir='ltr'><strong>verbis</strong></span> <span class='ocrx_word' id='word_1_430' title='bbox 3248 1655 3367 1694; x_wconf 88' lang='lat' dir='ltr'><strong>mox</strong></span> <span class='ocrx_word' id='word_1_431' title='bbox 3402 1639 3710 1698; x_wconf 76' lang='lat' dir='ltr'><strong>all&#39;erendis.</strong></span> 
     </span>
    </p>
   </div>
   <div class='ocr_carea' id='block_1_61' title="bbox 2204 1728 3711 1804">
    <p class='ocr_par' dir='ltr' id='par_1_61' title="bbox 2204 1728 3711 1804">
     <span class='ocr_line' id='line_1_61' title="bbox 2204 1728 3711 1804; baseline 0.003 -21"><span class='ocrx_word' id='word_1_432' title='bbox 2204 1729 2389 1784; x_wconf 90' lang='lat' dir='ltr'><strong>Tertio</strong></span> <span class='ocrx_word' id='word_1_433' title='bbox 2419 1729 2593 1794; x_wconf 82' lang='lat' dir='ltr'><strong>docet,</strong></span> <span class='ocrx_word' id='word_1_434' title='bbox 2627 1745 2730 1782; x_wconf 90' lang='lat' dir='ltr'><strong>non</strong></span> <span class='ocrx_word' id='word_1_435' title='bbox 2757 1728 2964 1783; x_wconf 89' lang='lat' dir='ltr'><strong>viribus</strong></span> <span class='ocrx_word' id='word_1_436' title='bbox 2990 1729 3212 1796; x_wconf 91' lang='lat' dir='ltr'><strong>nostris,</strong></span> <span class='ocrx_word' id='word_1_437' title='bbox 3238 1729 3332 1784; x_wconf 90' lang='lat' dir='ltr'><strong>sed</strong></span> <span class='ocrx_word' id='word_1_438' title='bbox 3355 1730 3549 1786; x_wconf 72' lang='lat' dir='ltr'><strong>divinae</strong></span> <span class='ocrx_word' id='word_1_439' title='bbox 3581 1748 3711 1804; x_wconf 87' lang='lat' dir='ltr'><strong>gra-</strong></span> 
     </span>
    </p>
   </div>
   <div class='ocr_carea' id='block_1_62' title="bbox 2060 1807 3714 1890">
    <p class='ocr_par' dir='ltr' id='par_1_62' title="bbox 2060 1807 3714 1890">
     <span class='ocr_line' id='line_1_62' title="bbox 2060 1807 3714 1890; baseline 0.003 -16"><span class='ocrx_word' id='word_1_440' title='bbox 2060 1807 2104 1862; x_wconf 81' lang='grc' dir='ltr'><strong>Β</strong></span> <span class='ocrx_word' id='word_1_441' title='bbox 2136 1822 2222 1876; x_wconf 72' lang='lat' dir='ltr'><strong>tia:</strong></span> <span class='ocrx_word' id='word_1_442' title='bbox 2261 1818 2604 1874; x_wconf 86' lang='lat' dir='ltr'><strong>tribuendum</strong></span> <span class='ocrx_word' id='word_1_443' title='bbox 2637 1834 2777 1884; x_wconf 87' lang='lat' dir='ltr'><strong>esse,</strong></span> <span class='ocrx_word' id='word_1_444' title='bbox 2818 1820 2862 1875; x_wconf 90' lang='lat' dir='ltr'><strong>si</strong></span> <span class='ocrx_word' id='word_1_445' title='bbox 2897 1835 3001 1875; x_wconf 91' lang='lat' dir='ltr'><strong>non</strong></span> <span class='ocrx_word' id='word_1_446' title='bbox 3042 1821 3434 1890; x_wconf 87' lang='lat' dir='ltr'><strong>delinquamus.</strong></span> <span class='ocrx_word' id='word_1_447' title='bbox 3481 1822 3617 1877; x_wconf 85' lang='lat' dir='ltr'><strong>Nam</strong></span> <span class='ocrx_word' id='word_1_448' title='bbox 3655 1827 3714 1880; x_wconf 89' lang='lat' dir='ltr'><strong>in</strong></span> 
     </span>
    </p>
   </div>
   <div class='ocr_carea' id='block_1_63' title="bbox 2134 1909 3718 1982">
    <p class='ocr_par' dir='ltr' id='par_1_63' title="bbox 2134 1909 3718 1982">
     <span class='ocr_line' id='line_1_63' title="bbox 2134 1909 3718 1982; baseline 0.003 -16"><span class='ocrx_word' id='word_1_449' title='bbox 2134 1913 2300 1966; x_wconf 87' lang='lat' dir='ltr'><strong>citato</strong></span> <span class='ocrx_word' id='word_1_450' title='bbox 2337 1919 2541 1966; x_wconf 69' lang='lat' dir='ltr'><strong>catena:</strong></span> <span class='ocrx_word' id='word_1_451' title='bbox 2571 1909 2916 1967; x_wconf 77' lang='lat' dir='ltr'><strong>Corderianze</strong></span> <span class='ocrx_word' id='word_1_452' title='bbox 2959 1911 3078 1966; x_wconf 89' lang='lat' dir='ltr'><strong>loco</strong></span> <span class='ocrx_word' id='word_1_453' title='bbox 3106 1912 3184 1966; x_wconf 92' lang='lat' dir='ltr'><strong>sic</strong></span> <span class='ocrx_word' id='word_1_454' title='bbox 3213 1912 3450 1982; x_wconf 89' lang='lat' dir='ltr'><strong>loquitur</strong></span> <span class='ocrx_word' id='word_1_455' title='bbox 3484 1933 3499 1969; x_wconf 87' lang='lat'><strong>:</strong></span> <span class='ocrx_word' id='word_1_456' title='bbox 3538 1913 3641 1981; x_wconf 83' lang='lat' dir='ltr'><strong>Ne,</strong></span> <span class='ocrx_word' id='word_1_457' title='bbox 3669 1918 3718 1970; x_wconf 97' lang='lat' dir='ltr'><strong>si</strong></span> 
     </span>
    </p>
   </div>
   <div class='ocr_carea' id='block_1_64' title="bbox 2134 2002 3716 2074">
    <p class='ocr_par' dir='ltr' id='par_1_64' title="bbox 2134 2002 3716 2074">
     <span class='ocr_line' id='line_1_64' title="bbox 2134 2002 3716 2074; baseline 0.001 -17"><span class='ocrx_word' id='word_1_458' title='bbox 2134 2020 2237 2058; x_wconf 83' lang='lat' dir='ltr'><strong>non</strong></span> <span class='ocrx_word' id='word_1_459' title='bbox 2291 2003 2670 2074; x_wconf 79' lang='lat' dir='ltr'><strong>delinquerent,</strong></span> <span class='ocrx_word' id='word_1_460' title='bbox 2717 2003 2943 2072; x_wconf 86' lang='lat' dir='ltr'><strong>propriis</strong></span> <span class='ocrx_word' id='word_1_461' title='bbox 2980 2002 3197 2067; x_wconf 88' lang='lat' dir='ltr'><strong>viribus,</strong></span> <span class='ocrx_word' id='word_1_462' title='bbox 3246 2020 3350 2058; x_wconf 86' lang='lat' dir='ltr'><strong>non</strong></span> <span class='ocrx_word' id='word_1_463' title='bbox 3407 2021 3524 2058; x_wconf 86' lang='lat' dir='ltr'><strong>vero</strong></span> <span class='ocrx_word' id='word_1_464' title='bbox 3573 2005 3716 2060; x_wconf 86' lang='grc' dir='ltr'><strong>Θεοῦ</strong></span> 
     </span>
    </p>
   </div>
   <div class='ocr_carea' id='block_1_65' title="bbox 2135 2092 3716 2167">
    <p class='ocr_par' dir='ltr' id='par_1_65' title="bbox 2135 2092 3716 2167">
     <span class='ocr_line' id='line_1_65' title="bbox 2135 2092 3716 2167; baseline 0.001 -19"><span class='ocrx_word' id='word_1_465' title='bbox 2135 2094 2446 2167; x_wconf 73' lang='grc' dir='ltr'><strong>ωνεργείᾳ,</strong></span> <span class='ocrx_word' id='word_1_466' title='bbox 2479 2095 2532 2148; x_wconf 90' lang='lat' dir='ltr'><strong>id</strong></span> <span class='ocrx_word' id='word_1_467' title='bbox 2561 2103 2644 2149; x_wconf 84' lang='lat' dir='ltr'><strong>est</strong></span> <span class='ocrx_word' id='word_1_468' title='bbox 2674 2092 2768 2147; x_wconf 87' lang='lat' dir='ltr'><strong>Dei</strong></span> <span class='ocrx_word' id='word_1_469' title='bbox 2791 2094 3169 2162; x_wconf 80' lang='lat' dir='ltr'><strong>cooperationi,</strong></span> <span class='ocrx_word' id='word_1_470' title='bbox 3206 2095 3445 2148; x_wconf 79' lang='lat' dir='ltr'><strong>virtutem</strong></span> <span class='ocrx_word' id='word_1_471' title='bbox 3483 2098 3716 2150; x_wconf 86' lang='lat' dir='ltr'><strong>ascribe-</strong></span> 
     </span>
    </p>
   </div>
   <div class='ocr_carea' id='block_1_66' title="bbox 2135 2184 3721 2258">
    <p class='ocr_par' dir='ltr' id='par_1_66' title="bbox 2135 2184 3721 2258">
     <span class='ocr_line' id='line_1_66' title="bbox 2135 2184 3721 2258; baseline 0.001 -16"><span class='ocrx_word' id='word_1_472' title='bbox 2135 2198 2269 2244; x_wconf 84' lang='lat' dir='ltr'><strong>rent.</strong></span> <span class='ocrx_word' id='word_1_473' title='bbox 2305 2189 2371 2242; x_wconf 86' lang='lat' dir='ltr'><strong>Et</strong></span> <span class='ocrx_word' id='word_1_474' title='bbox 2405 2188 2582 2258; x_wconf 79' lang='lat' dir='ltr'><strong>capite</strong></span> <span class='ocrx_word' id='word_1_475' title='bbox 2619 2185 2652 2240; x_wconf 84' lang='lat'><strong><em>5</em></strong></span> <span class='ocrx_word' id='word_1_476' title='bbox 2694 2186 3067 2240; x_wconf 85' lang='lat' dir='ltr'><strong>Enarrationis</strong></span> <span class='ocrx_word' id='word_1_477' title='bbox 3091 2188 3145 2240; x_wconf 91' lang='lat' dir='ltr'><strong>in</strong></span> <span class='ocrx_word' id='word_1_478' title='bbox 3179 2184 3279 2254; x_wconf 86' lang='lat' dir='ltr'><strong>Ep.</strong></span> <span class='ocrx_word' id='word_1_479' title='bbox 3316 2185 3346 2240; x_wconf 88' lang='grc' dir='ltr'><em>Ι</em></span> <span class='ocrx_word' id='word_1_480' title='bbox 3376 2187 3598 2243; x_wconf 84' lang='lat' dir='ltr'><strong>Joannis</strong></span> <span class='ocrx_word' id='word_1_481' title='bbox 3628 2205 3721 2244; x_wconf 83' lang='lat' dir='ltr'><strong>ex-</strong></span> 
     </span>
    </p>
   </div>
   <div class='ocr_carea' id='block_1_67' title="bbox 2135 2276 3721 2345">
    <p class='ocr_par' dir='ltr' id='par_1_67' title="bbox 2135 2276 3721 2345">
     <span class='ocr_line' id='line_1_67' title="bbox 2135 2276 3721 2345; baseline 0.001 -13"><span class='ocrx_word' id='word_1_482' title='bbox 2135 2280 2340 2345; x_wconf 87' lang='lat' dir='ltr'><strong>plicans</strong></span> <span class='ocrx_word' id='word_1_483' title='bbox 2367 2279 2481 2334; x_wconf 58' lang='lat' dir='ltr'><strong>hac</strong></span> <span class='ocrx_word' id='word_1_484' title='bbox 2527 2278 2711 2342; x_wconf 87' lang='lat' dir='ltr'><strong>verba,</strong></span> <span class='ocrx_word' id='word_1_485' title='bbox 2746 2278 2848 2341; x_wconf 87' lang='lat' dir='ltr'><strong>Qui</strong></span> <span class='ocrx_word' id='word_1_486' title='bbox 2879 2288 3032 2331; x_wconf 88' lang='lat' dir='ltr'><strong>natus</strong></span> <span class='ocrx_word' id='word_1_487' title='bbox 3066 2285 3143 2330; x_wconf 90' lang='lat' dir='ltr'><strong>est</strong></span> <span class='ocrx_word' id='word_1_488' title='bbox 3178 2294 3241 2331; x_wconf 79' lang='lat' dir='ltr'><strong>ea:</strong></span> <span class='ocrx_word' id='word_1_489' title='bbox 3267 2276 3396 2342; x_wconf 91' lang='lat' dir='ltr'><strong>Deo,</strong></span> <span class='ocrx_word' id='word_1_490' title='bbox 3436 2289 3601 2332; x_wconf 70' lang='lat' dir='ltr'><strong>servat</strong></span> <span class='ocrx_word' id='word_1_491' title='bbox 3632 2296 3721 2333; x_wconf 78' lang='lat' dir='ltr'><strong>se-</strong></span> 
     </span>
    </p>
   </div>
   <div class='ocr_carea' id='block_1_68' title="bbox 2138 2367 3716 2438">
    <p class='ocr_par' dir='ltr' id='par_1_68' title="bbox 2138 2367 3716 2438">
     <span class='ocr_line' id='line_1_68' title="bbox 2138 2367 3716 2438; baseline -0.001 -15"><span class='ocrx_word' id='word_1_492' title='bbox 2138 2371 2434 2435; x_wconf 86' lang='lat' dir='ltr'><strong>metipsum,</strong></span> <span class='ocrx_word' id='word_1_493' title='bbox 2466 2379 2512 2422; x_wconf 91' lang='lat' dir='ltr'><strong>et</strong></span> <span class='ocrx_word' id='word_1_494' title='bbox 2545 2367 2806 2438; x_wconf 87' lang='lat' dir='ltr'><strong>malignus</strong></span> <span class='ocrx_word' id='word_1_495' title='bbox 2835 2383 2937 2421; x_wconf 88' lang='lat' dir='ltr'><strong>non</strong></span> <span class='ocrx_word' id='word_1_496' title='bbox 2967 2367 3134 2438; x_wconf 84' lang='lat' dir='ltr'><strong>tangit</strong></span> <span class='ocrx_word' id='word_1_497' title='bbox 3165 2383 3280 2421; x_wconf 88' lang='lat' dir='ltr'><strong>eum</strong></span> <span class='ocrx_word' id='word_1_498' title='bbox 3305 2367 3372 2432; x_wconf 56' lang='grc' dir='ltr'><strong>ιο,</strong></span> <span class='ocrx_word' id='word_1_499' title='bbox 3408 2381 3589 2437; x_wconf 83' lang='lat' dir='ltr'><strong>aperte</strong></span> <span class='ocrx_word' id='word_1_500' title='bbox 3616 2371 3716 2434; x_wconf 90' lang='lat' dir='ltr'><strong>ait,</strong></span> 
     </span>
    </p>
   </div>
   <div class='ocr_carea' id='block_1_69' title="bbox 2137 2459 3719 2530">
    <p class='ocr_par' dir='ltr' id='par_1_69' title="bbox 2137 2459 3719 2530">
     <span class='ocr_line' id='line_1_69' title="bbox 2137 2459 3719 2530; baseline 0.001 -17"><span class='ocrx_word' id='word_1_501' title='bbox 2137 2459 2406 2514; x_wconf 89' lang='lat' dir='ltr'><strong>hominem</strong></span> <span class='ocrx_word' id='word_1_502' title='bbox 2435 2475 2539 2513; x_wconf 92' lang='lat' dir='ltr'><strong>non</strong></span> <span class='ocrx_word' id='word_1_503' title='bbox 2600 2459 2731 2513; x_wconf 90' lang='lat' dir='ltr'><strong>solis</strong></span> <span class='ocrx_word' id='word_1_504' title='bbox 2783 2459 2894 2514; x_wconf 89' lang='lat' dir='ltr'><strong>suis</strong></span> <span class='ocrx_word' id='word_1_505' title='bbox 2945 2459 3168 2526; x_wconf 90' lang='lat' dir='ltr'><strong>viribus,</strong></span> <span class='ocrx_word' id='word_1_506' title='bbox 3211 2460 3304 2514; x_wconf 89' lang='lat' dir='ltr'><strong>sed</strong></span> <span class='ocrx_word' id='word_1_507' title='bbox 3347 2474 3440 2529; x_wconf 91' lang='lat' dir='ltr'><strong>per</strong></span> <span class='ocrx_word' id='word_1_508' title='bbox 3487 2461 3719 2530; x_wconf 88' lang='lat' dir='ltr'><strong>gratiam</strong></span> 
     </span>
    </p>
   </div>
   <div class='ocr_carea' id='block_1_70' title="bbox 2136 2551 3721 2621">
    <p class='ocr_par' dir='ltr' id='par_1_70' title="bbox 2136 2551 3721 2621">
     <span class='ocr_line' id='line_1_70' title="bbox 2136 2551 3721 2621; baseline 0.002 -16"><span class='ocrx_word' id='word_1_509' title='bbox 2136 2567 2344 2605; x_wconf 80' lang='lat' dir='ltr'><strong>servare</strong></span> <span class='ocrx_word' id='word_1_510' title='bbox 2371 2567 2424 2604; x_wconf 88' lang='lat' dir='ltr'><strong>se</strong></span> <span class='ocrx_word' id='word_1_511' title='bbox 2451 2567 2478 2603; x_wconf 87' lang='lat' dir='ltr'><strong>a</strong></span> <span class='ocrx_word' id='word_1_512' title='bbox 2515 2562 2772 2621; x_wconf 63' lang='lat' dir='ltr'><strong>pccrato;</strong></span> <span class='ocrx_word' id='word_1_513' title='bbox 2825 2566 2949 2605; x_wconf 86' lang='lat' dir='ltr'><strong>nant</strong></span> <span class='ocrx_word' id='word_1_514' title='bbox 2982 2559 3039 2605; x_wconf 87' lang='lat' dir='ltr'><strong>ut</strong></span> <span class='ocrx_word' id='word_1_515' title='bbox 3087 2551 3346 2607; x_wconf 61' lang='lat' dir='ltr'><strong>custodiae</strong></span> <span class='ocrx_word' id='word_1_516' title='bbox 3380 2563 3577 2608; x_wconf 68' lang='lat' dir='ltr'><strong>nostra:</strong></span> <span class='ocrx_word' id='word_1_517' title='bbox 3630 2553 3721 2608; x_wconf 88' lang='lat' dir='ltr'><strong>di-</strong></span> 
     </span>
    </p>
   </div>
   <div class='ocr_carea' id='block_1_71' title="bbox 2137 2643 3722 2716">
    <p class='ocr_par' dir='ltr' id='par_1_71' title="bbox 2137 2643 3722 2716">
     <span class='ocr_line' id='line_1_71' title="bbox 2137 2643 3722 2716; baseline 0.003 -19"><span class='ocrx_word' id='word_1_518' title='bbox 2137 2645 2259 2698; x_wconf 88' lang='lat' dir='ltr'><strong>vina</strong></span> <span class='ocrx_word' id='word_1_519' title='bbox 2299 2643 2512 2716; x_wconf 66' lang='lat' dir='ltr'><strong>[XLIII]</strong></span> <span class='ocrx_word' id='word_1_520' title='bbox 2544 2646 2785 2698; x_wconf 89' lang='lat' dir='ltr'><strong>custodia</strong></span> <span class='ocrx_word' id='word_1_521' title='bbox 2837 2645 3160 2715; x_wconf 83' lang='lat' dir='ltr'><strong>adjungalur</strong></span> <span class='ocrx_word' id='word_1_522' title='bbox 3189 2648 3551 2701; x_wconf 89' lang='lat' dir='ltr'><strong>necessarium</strong></span> <span class='ocrx_word' id='word_1_523' title='bbox 3597 2662 3722 2702; x_wconf 88' lang='lat' dir='ltr'><strong>esse</strong></span> 
     </span>
    </p>
   </div>
   <div class='ocr_carea' id='block_1_72' title="bbox 2138 2736 3723 2808">
    <p class='ocr_par' dir='ltr' id='par_1_72' title="bbox 2138 2736 3723 2808">
     <span class='ocr_line' id='line_1_72' title="bbox 2138 2736 3723 2808; baseline 0.003 -18"><span class='ocrx_word' id='word_1_524' title='bbox 2138 2736 2404 2799; x_wconf 78' lang='lat' dir='ltr'><strong>aﬂlrmat;</strong></span> <span class='ocrx_word' id='word_1_525' title='bbox 2455 2739 2535 2792; x_wconf 88' lang='lat' dir='ltr'><strong>sic</strong></span> <span class='ocrx_word' id='word_1_526' title='bbox 2571 2739 2712 2791; x_wconf 88' lang='lat' dir='ltr'><strong>enim</strong></span> <span class='ocrx_word' id='word_1_527' title='bbox 2743 2737 2982 2806; x_wconf 90' lang='lat' dir='ltr'><strong>loquitur</strong></span> <span class='ocrx_word' id='word_1_528' title='bbox 3015 2757 3027 2793; x_wconf 92' lang='lat'>:</span> <span class='ocrx_word' id='word_1_529' title='bbox 3065 2737 3124 2793; x_wconf 90' lang='lat' dir='ltr'><strong>Si</strong></span> <span class='ocrx_word' id='word_1_530' title='bbox 3154 2739 3271 2808; x_wconf 85' lang='lat' dir='ltr'><strong>quis</strong></span> <span class='ocrx_word' id='word_1_531' title='bbox 3304 2750 3479 2794; x_wconf 87' lang='lat' dir='ltr'><strong>autem</strong></span> <span class='ocrx_word' id='word_1_532' title='bbox 3533 2752 3723 2796; x_wconf 85' lang='lat' dir='ltr'><strong>semet-</strong></span> 
     </span>
    </p>
   </div>
   <div class='ocr_carea' id='block_1_73' title="bbox 2138 2828 3723 2898">
    <p class='ocr_par' dir='ltr' id='par_1_73' title="bbox 2138 2828 3723 2898">
     <span class='ocr_line' id='line_1_73' title="bbox 2138 2828 3723 2898; baseline 0.003 -18"><span class='ocrx_word' id='word_1_533' title='bbox 2138 2829 2308 2892; x_wconf 90' lang='lat' dir='ltr'><strong>ipsum</strong></span> <span class='ocrx_word' id='word_1_534' title='bbox 2336 2837 2524 2892; x_wconf 87' lang='lat' dir='ltr'><strong>servat,</strong></span> <span class='ocrx_word' id='word_1_535' title='bbox 2542 2837 2658 2881; x_wconf 90' lang='lat' dir='ltr'><strong>orat</strong></span> <span class='ocrx_word' id='word_1_536' title='bbox 2686 2828 2940 2881; x_wconf 88' lang='lat' dir='ltr'><strong>divinitus</strong></span> <span class='ocrx_word' id='word_1_537' title='bbox 2972 2830 3250 2893; x_wconf 85' lang='lat' dir='ltr'><strong>custodiri,</strong></span> <span class='ocrx_word' id='word_1_538' title='bbox 3272 2839 3325 2882; x_wconf 89' lang='lat' dir='ltr'><strong>ut</strong></span> <span class='ocrx_word' id='word_1_539' title='bbox 3351 2831 3576 2883; x_wconf 84' lang='lat' dir='ltr'><strong>intactus</strong></span> <span class='ocrx_word' id='word_1_540' title='bbox 3601 2848 3723 2898; x_wconf 83' lang='lat' dir='ltr'><strong>per-</strong></span> 
     </span>
    </p>
   </div>
   <div class='ocr_carea' id='block_1_74' title="bbox 2139 2917 3720 2991">
    <p class='ocr_par' dir='ltr' id='par_1_74' title="bbox 2139 2917 3720 2991">
     <span class='ocr_line' id='line_1_74' title="bbox 2139 2917 3720 2991; baseline 0.002 -19"><span class='ocrx_word' id='word_1_541' title='bbox 2139 2928 2350 2972; x_wconf 86' lang='lat' dir='ltr'><strong>maneat</strong></span> <span class='ocrx_word' id='word_1_542' title='bbox 2388 2937 2420 2972; x_wconf 91' lang='lat' dir='ltr'><strong>a</strong></span> <span class='ocrx_word' id='word_1_543' title='bbox 2469 2920 2718 2989; x_wconf 85' lang='lat' dir='ltr'><strong>maligno.</strong></span> <span class='ocrx_word' id='word_1_544' title='bbox 2781 2917 3111 2989; x_wconf 61' lang='lat' dir='ltr'><strong>Praeceptum</strong></span> <span class='ocrx_word' id='word_1_545' title='bbox 3166 2937 3386 2991; x_wconf 81' lang='lat' dir='ltr'><strong>namque</strong></span> <span class='ocrx_word' id='word_1_546' title='bbox 3444 2923 3720 2985; x_wconf 65' lang='lat' dir='ltr'><strong>custodiat,</strong></span> 
     </span>
    </p>
   </div>
   <div class='ocr_carea' id='block_1_75' title="bbox 2137 3009 3722 3080">
    <p class='ocr_par' dir='ltr' id='par_1_75' title="bbox 2137 3009 3722 3080">
     <span class='ocr_line' id='line_1_75' title="bbox 2137 3009 3722 3080; baseline 0.001 -18"><span class='ocrx_word' id='word_1_547' title='bbox 2137 3027 2254 3077; x_wconf 70' lang='lat' dir='ltr'><strong>qua:</strong></span> <span class='ocrx_word' id='word_1_548' title='bbox 2309 3011 2484 3063; x_wconf 87' lang='lat' dir='ltr'><strong>studio</strong></span> <span class='ocrx_word' id='word_1_549' title='bbox 2538 3019 2714 3063; x_wconf 86' lang='lat' dir='ltr'><strong>nostro</strong></span> <span class='ocrx_word' id='word_1_550' title='bbox 2743 3009 2826 3078; x_wconf 81' lang='lat' dir='ltr'><strong>ﬁt,</strong></span> <span class='ocrx_word' id='word_1_551' title='bbox 2873 3011 2970 3064; x_wconf 85' lang='lat' dir='ltr'><strong>hoc</strong></span> <span class='ocrx_word' id='word_1_552' title='bbox 2999 3020 3076 3064; x_wconf 85' lang='lat' dir='ltr'><strong>est</strong></span> <span class='ocrx_word' id='word_1_553' title='bbox 3127 3013 3265 3080; x_wconf 88' lang='lat' dir='ltr'><strong>quod</strong></span> <span class='ocrx_word' id='word_1_554' title='bbox 3299 3013 3420 3066; x_wconf 89' lang='lat' dir='ltr'><strong>ait:</strong></span> <span class='ocrx_word' id='word_1_555' title='bbox 3457 3031 3475 3064; x_wconf 80' lang='grc' dir='ltr'><strong>ι</strong></span> <span class='ocrx_word' id='word_1_556' title='bbox 3501 3011 3722 3066; x_wconf 78' lang='lat' dir='ltr'><strong>Custodi</strong></span> 
     </span>
    </p>
   </div>
   <div class='ocr_carea' id='block_1_76' title="bbox 2141 3100 3722 3170">
    <p class='ocr_par' dir='ltr' id='par_1_76' title="bbox 2141 3100 3722 3170">
     <span class='ocr_line' id='line_1_76' title="bbox 2141 3100 3722 3170; baseline 0.003 -17"><span class='ocrx_word' id='word_1_557' title='bbox 2141 3114 2286 3154; x_wconf 88' lang='lat' dir='ltr'><strong>tuum</strong></span> <span class='ocrx_word' id='word_1_558' title='bbox 2312 3118 2402 3155; x_wconf 92' lang='lat' dir='ltr'><strong>cor</strong></span> <span class='ocrx_word' id='word_1_559' title='bbox 2427 3101 2492 3166; x_wconf 75' lang='lat'><strong>&quot;;</strong></span> <span class='ocrx_word' id='word_1_560' title='bbox 2528 3120 2546 3153; x_wconf 76' lang='grc' dir='ltr'><strong>ι</strong></span> <span class='ocrx_word' id='word_1_561' title='bbox 2581 3113 2630 3156; x_wconf 91' lang='lat' dir='ltr'><strong>et</strong></span> <span class='ocrx_word' id='word_1_562' title='bbox 2667 3111 2782 3170; x_wconf 72' lang='lat' dir='ltr'><strong>pou</strong></span> <span class='ocrx_word' id='word_1_563' title='bbox 2805 3118 2972 3169; x_wconf 81' lang='lat' dir='ltr'><strong>pauca</strong></span> <span class='ocrx_word' id='word_1_564' title='bbox 2997 3118 3015 3155; x_wconf 89' lang='lat'><strong><em>:</em></strong></span> <span class='ocrx_word' id='word_1_565' title='bbox 3037 3120 3055 3153; x_wconf 81' lang='grc' dir='ltr'><strong>ι</strong></span> <span class='ocrx_word' id='word_1_566' title='bbox 3096 3100 3368 3156; x_wconf 84' lang='lat' dir='ltr'><strong>Custodite</strong></span> <span class='ocrx_word' id='word_1_567' title='bbox 3396 3120 3482 3156; x_wconf 85' lang='lat' dir='ltr'><strong>vos</strong></span> <span class='ocrx_word' id='word_1_568' title='bbox 3505 3105 3567 3157; x_wconf 90' lang='lat' dir='ltr'><strong>ab</strong></span> <span class='ocrx_word' id='word_1_569' title='bbox 3601 3105 3722 3157; x_wconf 88' lang='lat' dir='ltr'><strong>ido—</strong></span> 
     </span>
    </p>
   </div>
   <div class='ocr_carea' id='block_1_77' title="bbox 2140 3191 3721 3264">
    <p class='ocr_par' dir='ltr' id='par_1_77' title="bbox 2140 3191 3721 3264">
     <span class='ocr_line' id='line_1_77' title="bbox 2140 3191 3721 3264; baseline 0.002 -19"><span class='ocrx_word' id='word_1_570' title='bbox 2140 3193 2204 3246; x_wconf 89' lang='lat' dir='ltr'><strong>lis</strong></span> <span class='ocrx_word' id='word_1_571' title='bbox 2235 3195 2299 3245; x_wconf 66' lang='grc' dir='ltr'><strong>δ’.</strong></span> <span class='ocrx_word' id='word_1_572' title='bbox 2336 3211 2355 3244; x_wconf 86' lang='grc'><strong>›</strong></span> <span class='ocrx_word' id='word_1_573' title='bbox 2423 3191 2690 3247; x_wconf 78' lang='lat' dir='ltr'><strong>Custodia:</strong></span> <span class='ocrx_word' id='word_1_574' title='bbox 2730 3210 2843 3247; x_wconf 89' lang='lat' dir='ltr'><strong>vero</strong></span> <span class='ocrx_word' id='word_1_575' title='bbox 2891 3195 3081 3247; x_wconf 73' lang='lat' dir='ltr'><strong>divina:</strong></span> <span class='ocrx_word' id='word_1_576' title='bbox 3122 3198 3410 3263; x_wconf 68' lang='lat' dir='ltr'><strong>exemplum</strong></span> <span class='ocrx_word' id='word_1_577' title='bbox 3455 3203 3532 3248; x_wconf 86' lang='lat' dir='ltr'><strong>est</strong></span> <span class='ocrx_word' id='word_1_578' title='bbox 3578 3196 3721 3264; x_wconf 87' lang='lat' dir='ltr'><strong>quod</strong></span> 
     </span>
    </p>
   </div>
   <div class='ocr_carea' id='block_1_78' title="bbox 2138 3285 3722 3351">
    <p class='ocr_par' dir='ltr' id='par_1_78' title="bbox 2138 3285 3722 3351">
     <span class='ocr_line' id='line_1_78' title="bbox 2138 3285 3722 3351; baseline 0.001 -14"><span class='ocrx_word' id='word_1_579' title='bbox 2138 3285 2213 3337; x_wconf 88' lang='lat' dir='ltr'><strong>ait</strong></span> <span class='ocrx_word' id='word_1_580' title='bbox 2241 3300 2261 3339; x_wconf 91' lang='lat'><strong><em>:</em></strong></span> <span class='ocrx_word' id='word_1_581' title='bbox 2299 3302 2318 3335; x_wconf 79' lang='grc' dir='ltr'><strong>ι</strong></span> <span class='ocrx_word' id='word_1_582' title='bbox 2348 3285 2831 3351; x_wconf 82' lang='lat' dir='ltr'><strong>Domine,servabis</strong></span> <span class='ocrx_word' id='word_1_583' title='bbox 2855 3302 2968 3349; x_wconf 86' lang='lat' dir='ltr'><strong>nos,</strong></span> <span class='ocrx_word' id='word_1_584' title='bbox 2997 3297 3043 3339; x_wconf 89' lang='lat' dir='ltr'><strong>et</strong></span> <span class='ocrx_word' id='word_1_585' title='bbox 3061 3286 3323 3340; x_wconf 86' lang='lat' dir='ltr'><strong>custodies</strong></span> <span class='ocrx_word' id='word_1_586' title='bbox 3355 3304 3466 3340; x_wconf 90' lang='lat' dir='ltr'><strong>nos.</strong></span> <span class='ocrx_word' id='word_1_587' title='bbox 3501 3305 3518 3338; x_wconf 77' lang='grc' dir='ltr'><strong>ι</strong></span> <span class='ocrx_word' id='word_1_588' title='bbox 3559 3285 3622 3340; x_wconf 82' lang='lat' dir='ltr'><strong>EI</strong></span> <span class='ocrx_word' id='word_1_589' title='bbox 3652 3289 3722 3340; x_wconf 88' lang='lat' dir='ltr'><strong>il-</strong></span> 
     </span>
    </p>
   </div>
   <div class='ocr_carea' id='block_1_79' title="bbox 2140 3374 3718 3446">
    <p class='ocr_par' dir='ltr' id='par_1_79' title="bbox 2140 3374 3718 3446">
     <span class='ocr_line' id='line_1_79' title="bbox 2140 3374 3718 3446; baseline 0.003 -20"><span class='ocrx_word' id='word_1_590' title='bbox 2140 3375 2230 3428; x_wconf 88' lang='lat' dir='ltr'><strong>lud</strong></span> <span class='ocrx_word' id='word_1_591' title='bbox 2260 3392 2278 3428; x_wconf 91' lang='lat'><strong><em>:</em></strong></span> <span class='ocrx_word' id='word_1_592' title='bbox 2315 3393 2333 3427; x_wconf 82' lang='grc' dir='ltr'><strong>ι</strong></span> <span class='ocrx_word' id='word_1_593' title='bbox 2363 3374 2470 3430; x_wconf 90' lang='lat' dir='ltr'><strong>Sub</strong></span> <span class='ocrx_word' id='word_1_594' title='bbox 2498 3377 2683 3429; x_wconf 88' lang='lat' dir='ltr'><strong>umbra</strong></span> <span class='ocrx_word' id='word_1_595' title='bbox 2707 3376 2912 3427; x_wconf 85' lang='lat' dir='ltr'><strong>alarum</strong></span> <span class='ocrx_word' id='word_1_596' title='bbox 2945 3385 3153 3427; x_wconf 87' lang='lat' dir='ltr'><strong>tuarum</strong></span> <span class='ocrx_word' id='word_1_597' title='bbox 3172 3388 3380 3446; x_wconf 84' lang='lat' dir='ltr'><strong>protege</strong></span> <span class='ocrx_word' id='word_1_598' title='bbox 3406 3393 3485 3430; x_wconf 91' lang='lat' dir='ltr'><strong>me</strong></span> <span class='ocrx_word' id='word_1_599' title='bbox 3501 3375 3568 3431; x_wconf 78' lang='grc'><strong>⁸³.</strong></span> <span class='ocrx_word' id='word_1_600' title='bbox 3595 3395 3614 3430; x_wconf 84' lang='lat' dir='ltr'><strong>s</strong></span> <span class='ocrx_word' id='word_1_601' title='bbox 3652 3377 3718 3430; x_wconf 82' lang='lat' dir='ltr'><strong>Et</strong></span> 
     </span>
    </p>
   </div>
   <div class='ocr_carea' id='block_1_80' title="bbox 2139 3464 3309 3528">
    <p class='ocr_par' dir='ltr' id='par_1_80' title="bbox 2139 3464 3309 3528">
     <span class='ocr_line' id='line_1_80' title="bbox 2139 3464 3309 3528; baseline 0.001 -11"><span class='ocrx_word' id='word_1_602' title='bbox 2139 3465 2272 3518; x_wconf 88' lang='lat' dir='ltr'><strong>illud</strong></span> <span class='ocrx_word' id='word_1_603' title='bbox 2304 3481 2322 3520; x_wconf 90' lang='lat'><strong><em>:</em></strong></span> <span class='ocrx_word' id='word_1_604' title='bbox 2364 3483 2384 3516; x_wconf 76' lang='grc' dir='ltr'><strong>ι</strong></span> <span class='ocrx_word' id='word_1_605' title='bbox 2417 3464 2576 3518; x_wconf 82' lang='lat' dir='ltr'><strong>Pater</strong></span> <span class='ocrx_word' id='word_1_606' title='bbox 2608 3478 2801 3528; x_wconf 86' lang='lat' dir='ltr'><strong>sancte,</strong></span> <span class='ocrx_word' id='word_1_607' title='bbox 2830 3465 3034 3518; x_wconf 88' lang='lat' dir='ltr'><strong>custodi</strong></span> <span class='ocrx_word' id='word_1_608' title='bbox 3067 3481 3152 3519; x_wconf 85' lang='lat' dir='ltr'><strong>eos</strong></span> <span class='ocrx_word' id='word_1_609' title='bbox 3187 3466 3254 3519; x_wconf 74' lang='lat'><strong>“.</strong></span> <span class='ocrx_word' id='word_1_610' title='bbox 3291 3485 3309 3518; x_wconf 73' lang='grc' dir='ltr'><strong>ι</strong></span> 
     </span>
    </p>
   </div>
   <div class='ocr_carea' id='block_1_81' title="bbox 2215 3557 3709 3626">
    <p class='ocr_par' dir='ltr' id='par_1_81' title="bbox 2215 3557 3709 3626">
     <span class='ocr_line' id='line_1_81' title="bbox 2215 3557 3709 3626; baseline 0.001 -16"><span class='ocrx_word' id='word_1_611' title='bbox 2215 3559 2433 3611; x_wconf 90' lang='lat' dir='ltr'><strong>Demum</strong></span> <span class='ocrx_word' id='word_1_612' title='bbox 2480 3557 2655 3610; x_wconf 89' lang='lat' dir='ltr'><strong>omnia</strong></span> <span class='ocrx_word' id='word_1_613' title='bbox 2696 3558 2917 3610; x_wconf 90' lang='lat' dir='ltr'><strong>omnino</strong></span> <span class='ocrx_word' id='word_1_614' title='bbox 2967 3571 3152 3625; x_wconf 90' lang='lat' dir='ltr'><strong>opera,</strong></span> <span class='ocrx_word' id='word_1_615' title='bbox 3207 3572 3325 3626; x_wconf 70' lang='lat' dir='ltr'><strong>qua:</strong></span> <span class='ocrx_word' id='word_1_616' title='bbox 3372 3559 3437 3611; x_wconf 89' lang='lat' dir='ltr'><strong>ad</strong></span> <span class='ocrx_word' id='word_1_617' title='bbox 3482 3558 3709 3612; x_wconf 81' lang='lat' dir='ltr'><strong>salutem</strong></span> 
     </span>
    </p>
   </div>
   <div class='ocr_carea' id='block_1_82' title="bbox 2141 3648 3722 3718">
    <p class='ocr_par' dir='ltr' id='par_1_82' title="bbox 2141 3648 3722 3718">
     <span class='ocr_line' id='line_1_82' title="bbox 2141 3648 3722 3718; baseline -0.001 -13"><span class='ocrx_word' id='word_1_618' title='bbox 2141 3650 2441 3712; x_wconf 79' lang='lat' dir='ltr'><strong>conferant,</strong></span> <span class='ocrx_word' id='word_1_619' title='bbox 2496 3650 2723 3718; x_wconf 90' lang='lat' dir='ltr'><strong>ideoque</strong></span> <span class='ocrx_word' id='word_1_620' title='bbox 2761 3649 2924 3702; x_wconf 88' lang='lat' dir='ltr'><strong>etiam</strong></span> <span class='ocrx_word' id='word_1_621' title='bbox 2973 3649 3184 3702; x_wconf 86' lang='lat' dir='ltr'><strong>initium</strong></span> <span class='ocrx_word' id='word_1_622' title='bbox 3235 3648 3378 3712; x_wconf 81' lang='lat' dir='ltr'><strong>ﬁdei,</strong></span> <span class='ocrx_word' id='word_1_623' title='bbox 3426 3665 3491 3702; x_wconf 90' lang='lat' dir='ltr'><strong>ex</strong></span> <span class='ocrx_word' id='word_1_624' title='bbox 3537 3651 3722 3704; x_wconf 89' lang='lat' dir='ltr'><strong>divina</strong></span> 
     </span>
    </p>
   </div>
   <div class='ocr_carea' id='block_1_83' title="bbox 2141 3740 3720 3813">
    <p class='ocr_par' dir='ltr' id='par_1_83' title="bbox 2141 3740 3720 3813">
     <span class='ocr_line' id='line_1_83' title="bbox 2141 3740 3720 3813; baseline 0.001 -19"><span class='ocrx_word' id='word_1_625' title='bbox 2141 3742 2312 3813; x_wconf 85' lang='lat' dir='ltr'><strong>gratia</strong></span> <span class='ocrx_word' id='word_1_626' title='bbox 2341 3756 2462 3796; x_wconf 85' lang='lat' dir='ltr'><strong>esse</strong></span> <span class='ocrx_word' id='word_1_627' title='bbox 2498 3740 2740 3810; x_wconf 88' lang='lat' dir='ltr'><strong>pluribus</strong></span> <span class='ocrx_word' id='word_1_628' title='bbox 2765 3741 2817 3793; x_wconf 90' lang='lat' dir='ltr'><strong>in</strong></span> <span class='ocrx_word' id='word_1_629' title='bbox 2851 3740 2984 3794; x_wconf 91' lang='lat' dir='ltr'><strong>locis</strong></span> <span class='ocrx_word' id='word_1_630' title='bbox 3013 3751 3312 3795; x_wconf 86' lang='lat' dir='ltr'><strong>asseverat.</strong></span> <span class='ocrx_word' id='word_1_631' title='bbox 3341 3740 3415 3794; x_wconf 88' lang='lat' dir='ltr'><strong>Ita</strong></span> <span class='ocrx_word' id='word_1_632' title='bbox 3441 3742 3492 3794; x_wconf 91' lang='lat' dir='ltr'><strong>in</strong></span> <span class='ocrx_word' id='word_1_633' title='bbox 3517 3742 3720 3796; x_wconf 82' lang='lat' dir='ltr'><strong>Corde-</strong></span> 
     </span>
    </p>
   </div>
   <div class='ocr_carea' id='block_1_84' title="bbox 2143 3831 3720 3903">
    <p class='ocr_par' dir='ltr' id='par_1_84' title="bbox 2143 3831 3720 3903">
     <span class='ocr_line' id='line_1_84' title="bbox 2143 3831 3720 3903; baseline 0.001 -15"><span class='ocrx_word' id='word_1_634' title='bbox 2143 3835 2292 3888; x_wconf 85' lang='lat' dir='ltr'><strong>riana</strong></span> <span class='ocrx_word' id='word_1_635' title='bbox 2325 3843 2515 3886; x_wconf 89' lang='lat' dir='ltr'><strong>catena</strong></span> <span class='ocrx_word' id='word_1_636' title='bbox 2573 3832 2640 3885; x_wconf 90' lang='lat' dir='ltr'><strong>ad</strong></span> <span class='ocrx_word' id='word_1_637' title='bbox 2675 3846 2822 3885; x_wconf 90' lang='lat' dir='ltr'><strong>vers.</strong></span> <span class='ocrx_word' id='word_1_638' title='bbox 2879 3831 2952 3886; x_wconf 72' lang='lat'><strong>20</strong></span> <span class='ocrx_word' id='word_1_639' title='bbox 2999 3833 3188 3901; x_wconf 86' lang='lat' dir='ltr'><strong>psalmi</strong></span> <span class='ocrx_word' id='word_1_640' title='bbox 3234 3848 3361 3887; x_wconf 83' lang='lat' dir='ltr'><strong>xcnt</strong></span> <span class='ocrx_word' id='word_1_641' title='bbox 3407 3849 3525 3903; x_wconf 90' lang='lat' dir='ltr'><strong>pag.</strong></span> <span class='ocrx_word' id='word_1_642' title='bbox 3571 3833 3720 3889; x_wconf 75' lang='lat'><strong>936:</strong></span> 
     </span>
    </p>
   </div>
   <div class='ocr_carea' id='block_1_85' title="bbox 2143 3923 3726 3996">
    <p class='ocr_par' dir='ltr' id='par_1_85' title="bbox 2143 3923 3726 3996">
     <span class='ocr_line' id='line_1_85' title="bbox 2143 3923 3726 3996; baseline -0.001 -15"><span class='ocrx_word' id='word_1_643' title='bbox 2143 3925 2363 3990; x_wconf 84' lang='lat' dir='ltr'><strong>Curam,</strong></span> <span class='ocrx_word' id='word_1_644' title='bbox 2408 3925 2601 3992; x_wconf 85' lang='lat' dir='ltr'><strong>inquit,</strong></span> <span class='ocrx_word' id='word_1_645' title='bbox 2631 3927 2794 3977; x_wconf 81' lang='lat' dir='ltr'><strong>nostri</strong></span> <span class='ocrx_word' id='word_1_646' title='bbox 2830 3925 3006 3989; x_wconf 83' lang='lat' dir='ltr'><strong>habes,</strong></span> <span class='ocrx_word' id='word_1_647' title='bbox 3055 3925 3296 3979; x_wconf 86' lang='lat' dir='ltr'><strong>Domine.</strong></span> <span class='ocrx_word' id='word_1_648' title='bbox 3342 3923 3488 3979; x_wconf 84' lang='lat' dir='ltr'><strong>Unde</strong></span> <span class='ocrx_word' id='word_1_649' title='bbox 3511 3927 3555 3980; x_wconf 87' lang='lat' dir='ltr'><strong>si</strong></span> <span class='ocrx_word' id='word_1_650' title='bbox 3594 3929 3726 3996; x_wconf 84' lang='lat' dir='ltr'><strong>quid</strong></span> 
     </span>
    </p>
   </div>
   <div class='ocr_carea' id='block_1_86' title="bbox 2142 4015 3723 4086">
    <p class='ocr_par' dir='ltr' id='par_1_86' title="bbox 2142 4015 3723 4086">
     <span class='ocr_line' id='line_1_86' title="bbox 2142 4015 3723 4086; baseline 0 -18"><span class='ocrx_word' id='word_1_651' title='bbox 2142 4020 2287 4069; x_wconf 89' lang='lat' dir='ltr'><strong>adest</strong></span> <span class='ocrx_word' id='word_1_652' title='bbox 2309 4017 2456 4068; x_wconf 86' lang='lat' dir='ltr'><strong>nobis</strong></span> <span class='ocrx_word' id='word_1_653' title='bbox 2481 4015 2616 4073; x_wconf 88' lang='lat' dir='ltr'><strong>boni.</strong></span> <span class='ocrx_word' id='word_1_654' title='bbox 2640 4017 2831 4068; x_wconf 78' lang='lat' dir='ltr'><strong>scimus</strong></span> <span class='ocrx_word' id='word_1_655' title='bbox 2851 4015 2903 4066; x_wconf 88' lang='lat' dir='ltr'><strong>id</strong></span> <span class='ocrx_word' id='word_1_656' title='bbox 2924 4015 3114 4084; x_wconf 87' lang='lat' dir='ltr'><strong>ipsum,</strong></span> <span class='ocrx_word' id='word_1_657' title='bbox 3138 4027 3596 4086; x_wconf 84' lang='lat' dir='ltr'><strong>quantumcunque</strong></span> <span class='ocrx_word' id='word_1_658' title='bbox 3622 4029 3723 4082; x_wconf 89' lang='lat' dir='ltr'><strong>est,</strong></span> 
     </span>
    </p>
   </div>
   <div class='ocr_carea' id='block_1_87' title="bbox 2142 4104 3729 4178">
    <p class='ocr_par' dir='ltr' id='par_1_87' title="bbox 2142 4104 3729 4178">
     <span class='ocr_line' id='line_1_87' title="bbox 2142 4104 3729 4178; baseline 0.003 -19"><span class='ocrx_word' id='word_1_659' title='bbox 2142 4124 2174 4159; x_wconf 92' lang='lat' dir='ltr'><strong>a</strong></span> <span class='ocrx_word' id='word_1_660' title='bbox 2209 4117 2256 4158; x_wconf 87' lang='lat' dir='ltr'><strong>te</strong></span> <span class='ocrx_word' id='word_1_661' title='bbox 2281 4109 2437 4159; x_wconf 84' lang='lat' dir='ltr'><strong>etiam</strong></span> <span class='ocrx_word' id='word_1_662' title='bbox 2460 4106 2725 4158; x_wconf 74' lang='lat' dir='ltr'><strong>exsistere.</strong></span> <span class='ocrx_word' id='word_1_663' title='bbox 2758 4104 2823 4157; x_wconf 86' lang='lat' dir='ltr'><strong>Et</strong></span> <span class='ocrx_word' id='word_1_664' title='bbox 2852 4105 2944 4159; x_wconf 91' lang='lat' dir='ltr'><strong>lib.</strong></span> <span class='ocrx_word' id='word_1_665' title='bbox 2987 4122 3021 4161; x_wconf 83' lang='lat' dir='ltr'><strong>ll</strong></span> <span class='ocrx_word' id='word_1_666' title='bbox 3059 4107 3130 4160; x_wconf 88' lang='lat' dir='ltr'><strong>De</strong></span> <span class='ocrx_word' id='word_1_667' title='bbox 3155 4106 3302 4162; x_wconf 85' lang='lat' dir='ltr'><strong>Trin.</strong></span> <span class='ocrx_word' id='word_1_668' title='bbox 3338 4125 3457 4178; x_wconf 86' lang='lat' dir='ltr'><strong>pag.</strong></span> <span class='ocrx_word' id='word_1_669' title='bbox 3486 4108 3581 4162; x_wconf 80' lang='grc'><strong>167</strong></span> <span class='ocrx_word' id='word_1_670' title='bbox 3611 4109 3729 4163; x_wconf 67' lang='lat' dir='ltr'><strong>lucc</strong></span> 
     </span>
    </p>
   </div>
   <div class='ocr_carea' id='block_1_88' title="bbox 2145 4194 3725 4265">
    <p class='ocr_par' dir='ltr' id='par_1_88' title="bbox 2145 4194 3725 4265">
     <span class='ocr_line' id='line_1_88' title="bbox 2145 4194 3725 4265; baseline 0 -15"><span class='ocrx_word' id='word_1_671' title='bbox 2145 4197 2347 4250; x_wconf 86' lang='lat' dir='ltr'><strong>habet:</strong></span> <span class='ocrx_word' id='word_1_672' title='bbox 2414 4194 2567 4260; x_wconf 86' lang='lat' dir='ltr'><strong>Quod</strong></span> <span class='ocrx_word' id='word_1_673' title='bbox 2616 4211 2794 4259; x_wconf 88' lang='lat' dir='ltr'><strong>nempe</strong></span> <span class='ocrx_word' id='word_1_674' title='bbox 2838 4196 2949 4250; x_wconf 88' lang='lat' dir='ltr'><strong>sine</strong></span> <span class='ocrx_word' id='word_1_675' title='bbox 3008 4196 3239 4265; x_wconf 85' lang='lat' dir='ltr'><strong>Spiritus</strong></span> <span class='ocrx_word' id='word_1_676' title='bbox 3288 4198 3457 4251; x_wconf 84' lang='lat' dir='ltr'><strong>sancti</strong></span> <span class='ocrx_word' id='word_1_677' title='bbox 3498 4197 3725 4250; x_wconf 74' lang='lat' dir='ltr'><strong>adventu</strong></span> 
     </span>
    </p>
   </div>
   <div class='ocr_carea' id='block_1_89' title="bbox 2147 4287 3730 4359">
    <p class='ocr_par' dir='ltr' id='par_1_89' title="bbox 2147 4287 3730 4359">
     <span class='ocr_line' id='line_1_89' title="bbox 2147 4287 3730 4359; baseline 0.002 -20"><span class='ocrx_word' id='word_1_678' title='bbox 2147 4287 2294 4340; x_wconf 86' lang='lat' dir='ltr'><strong>nulla</strong></span> <span class='ocrx_word' id='word_1_679' title='bbox 2321 4289 2464 4340; x_wconf 88' lang='lat' dir='ltr'><strong>nobis</strong></span> <span class='ocrx_word' id='word_1_680' title='bbox 2490 4289 2560 4340; x_wconf 91' lang='lat' dir='ltr'><strong>ad</strong></span> <span class='ocrx_word' id='word_1_681' title='bbox 2614 4287 2778 4341; x_wconf 89' lang='lat' dir='ltr'><strong>Deum</strong></span> <span class='ocrx_word' id='word_1_682' title='bbox 2805 4290 2867 4341; x_wconf 87' lang='lat' dir='ltr'><strong>sit</strong></span> <span class='ocrx_word' id='word_1_683' title='bbox 2908 4291 2982 4342; x_wconf 78' lang='lat' dir='ltr'><strong>vis</strong></span> <span class='ocrx_word' id='word_1_684' title='bbox 3021 4299 3109 4342; x_wconf 89' lang='lat' dir='ltr'><strong>aut</strong></span> <span class='ocrx_word' id='word_1_685' title='bbox 3151 4307 3285 4356; x_wconf 87' lang='lat' dir='ltr'><strong>spes.</strong></span> <span class='ocrx_word' id='word_1_686' title='bbox 3337 4289 3402 4342; x_wconf 81' lang='lat' dir='ltr'><strong>Et</strong></span> <span class='ocrx_word' id='word_1_687' title='bbox 3450 4305 3571 4359; x_wconf 88' lang='lat' dir='ltr'><strong>pag.</strong></span> <span class='ocrx_word' id='word_1_688' title='bbox 3617 4289 3730 4342; x_wconf 71' lang='grc'><strong>282</strong></span> 
     </span>
    </p>
   </div>
   <div class='ocr_carea' id='block_1_90' title="bbox 2147 4378 3730 4447">
    <p class='ocr_par' dir='ltr' id='par_1_90' title="bbox 2147 4378 3730 4447">
     <span class='ocr_line' id='line_1_90' title="bbox 2147 4378 3730 4447; baseline 0.002 -17"><span class='ocrx_word' id='word_1_689' title='bbox 2147 4379 2410 4444; x_wconf 87' lang='lat' dir='ltr'><strong>allirmat,</strong></span> <span class='ocrx_word' id='word_1_690' title='bbox 2449 4378 2651 4432; x_wconf 85' lang='lat' dir='ltr'><strong>nullum</strong></span> <span class='ocrx_word' id='word_1_691' title='bbox 2686 4391 2981 4433; x_wconf 88' lang='lat' dir='ltr'><strong>creaturam</strong></span> <span class='ocrx_word' id='word_1_692' title='bbox 3007 4381 3199 4433; x_wconf 90' lang='lat' dir='ltr'><strong>bonum</strong></span> <span class='ocrx_word' id='word_1_693' title='bbox 3229 4382 3418 4434; x_wconf 81' lang='lat' dir='ltr'><strong>habere</strong></span> <span class='ocrx_word' id='word_1_694' title='bbox 3453 4381 3562 4433; x_wconf 88' lang='lat' dir='ltr'><strong>sine</strong></span> <span class='ocrx_word' id='word_1_695' title='bbox 3606 4379 3730 4447; x_wconf 80' lang='lat' dir='ltr'><strong>Spi-</strong></span> 
     </span>
    </p>
   </div>
   <div class='ocr_carea' id='block_1_91' title="bbox 478 4471 3726 4546">
    <p class='ocr_par' dir='ltr' id='par_1_91' title="bbox 478 4471 3726 4546">
     <span class='ocr_line' id='line_1_91' title="bbox 478 4471 3726 4546; baseline -0.001 -20"><span class='ocrx_word' id='word_1_696' title='bbox 478 4475 580 4526; x_wconf 83' lang='lat' dir='ltr'><strong>lale</strong></span> <span class='ocrx_word' id='word_1_697' title='bbox 609 4487 838 4542; x_wconf 76' lang='lat' dir='ltr'><strong>exstare,</strong></span> <span class='ocrx_word' id='word_1_698' title='bbox 877 4477 1008 4531; x_wconf 88' lang='lat' dir='ltr'><strong>satis</strong></span> <span class='ocrx_word' id='word_1_699' title='bbox 1038 4492 1066 4529; x_wconf 85' lang='lat' dir='ltr'><strong>a</strong></span> <span class='ocrx_word' id='word_1_700' title='bbox 1101 4493 1184 4530; x_wconf 91' lang='lat' dir='ltr'><strong>me</strong></span> <span class='ocrx_word' id='word_1_701' title='bbox 1217 4485 1490 4531; x_wconf 89' lang='lat' dir='ltr'><strong>ostensum</strong></span> <span class='ocrx_word' id='word_1_702' title='bbox 1522 4487 1650 4545; x_wconf 89' lang='lat' dir='ltr'><strong>puto</strong></span> <span class='ocrx_word' id='word_1_703' title='bbox 1681 4494 1800 4531; x_wconf 87' lang='lat' dir='ltr'><strong>cum</strong></span> <span class='ocrx_word' id='word_1_704' title='bbox 1829 4477 1879 4530; x_wconf 92' lang='lat' dir='ltr'><strong>in</strong></span> <span class='ocrx_word' id='word_1_705' title='bbox 1931 4479 2043 4546; x_wconf 86' lang='lat' dir='ltr'><strong>cpi-</strong></span> <span class='ocrx_word' id='word_1_706' title='bbox 2075 4471 2119 4525; x_wconf 94' lang='lat' dir='ltr'><strong>D</strong></span> <span class='ocrx_word' id='word_1_707' title='bbox 2150 4477 2252 4526; x_wconf 86' lang='lat' dir='ltr'><strong>ritu</strong></span> <span class='ocrx_word' id='word_1_708' title='bbox 2279 4481 2474 4524; x_wconf 85' lang='lat' dir='ltr'><strong>sancto.</strong></span> <span class='ocrx_word' id='word_1_709' title='bbox 2494 4471 3015 4526; x_wconf 79' lang='lat' dir='ltr'><strong>Acdemuminlibro</strong></span> <span class='ocrx_word' id='word_1_710' title='bbox 3043 4472 3114 4526; x_wconf 89' lang='lat' dir='ltr'><strong>De</strong></span> <span class='ocrx_word' id='word_1_711' title='bbox 3139 4471 3343 4538; x_wconf 87' lang='lat' dir='ltr'><strong>Spiritu</strong></span> <span class='ocrx_word' id='word_1_712' title='bbox 3369 4479 3552 4525; x_wconf 86' lang='lat' dir='ltr'><strong>sancto</strong></span> <span class='ocrx_word' id='word_1_713' title='bbox 3576 4488 3726 4524; x_wconf 84' lang='lat' dir='ltr'><strong>nutu.</strong></span> 
     </span>
    </p>
   </div>
   <div class='ocr_carea' id='block_1_92' title="bbox 477 4566 2044 4634">
    <p class='ocr_par' dir='ltr' id='par_1_92' title="bbox 477 4566 2044 4634">
     <span class='ocr_line' id='line_1_92' title="bbox 477 4566 2044 4634; baseline 0.004 -19"><span class='ocrx_word' id='word_1_714' title='bbox 477 4566 632 4628; x_wconf 86' lang='lat' dir='ltr'><strong>stola,</strong></span> <span class='ocrx_word' id='word_1_715' title='bbox 662 4581 820 4634; x_wconf 84' lang='lat' dir='ltr'><strong>quam</strong></span> <span class='ocrx_word' id='word_1_716' title='bbox 844 4567 1000 4634; x_wconf 90' lang='lat' dir='ltr'><strong>paulo</strong></span> <span class='ocrx_word' id='word_1_717' title='bbox 1032 4577 1154 4621; x_wconf 92' lang='lat' dir='ltr'><strong>ante</strong></span> <span class='ocrx_word' id='word_1_718' title='bbox 1207 4568 1517 4632; x_wconf 90' lang='lat' dir='ltr'><strong>memoravi,</strong></span> <span class='ocrx_word' id='word_1_719' title='bbox 1557 4577 1667 4621; x_wconf 91' lang='lat' dir='ltr'><strong>tum</strong></span> <span class='ocrx_word' id='word_1_720' title='bbox 1705 4568 1756 4621; x_wconf 92' lang='lat' dir='ltr'><strong>in</strong></span> <span class='ocrx_word' id='word_1_721' title='bbox 1816 4569 2044 4621; x_wconf 88' lang='lat' dir='ltr'><strong>adnota-</strong></span> 
     </span>
    </p>
   </div>
   <div class='ocr_carea' id='block_1_93' title="bbox 477 4656 2044 4727">
    <p class='ocr_par' dir='ltr' id='par_1_93' title="bbox 477 4656 2044 4727">
     <span class='ocr_line' id='line_1_93' title="bbox 477 4656 2044 4727; baseline 0.003 -19"><span class='ocrx_word' id='word_1_722' title='bbox 477 4656 708 4710; x_wconf 87' lang='lat' dir='ltr'><strong>tionibus</strong></span> <span class='ocrx_word' id='word_1_723' title='bbox 741 4672 860 4727; x_wconf 87' lang='lat' dir='ltr'><strong>pag.</strong></span> <span class='ocrx_word' id='word_1_724' title='bbox 901 4658 960 4712; x_wconf 80' lang='grc' dir='ltr'>Η</span> <span class='ocrx_word' id='word_1_725' title='bbox 992 4668 1044 4714; x_wconf 89' lang='lat' dir='ltr'><strong>et</strong></span> <span class='ocrx_word' id='word_1_726' title='bbox 1079 4659 1203 4716; x_wconf 75' lang='grc'>270.</span> <span class='ocrx_word' id='word_1_727' title='bbox 1231 4660 1381 4726; x_wconf 88' lang='lat' dir='ltr'><strong>Quod</strong></span> <span class='ocrx_word' id='word_1_728' title='bbox 1413 4674 1537 4714; x_wconf 90' lang='lat' dir='ltr'><strong>vero</strong></span> <span class='ocrx_word' id='word_1_729' title='bbox 1589 4668 1792 4727; x_wconf 82' lang='lat' dir='ltr'><strong>spectat</strong></span> <span class='ocrx_word' id='word_1_730' title='bbox 1823 4661 1888 4712; x_wconf 87' lang='lat' dir='ltr'><strong>ad</strong></span> <span class='ocrx_word' id='word_1_731' title='bbox 1943 4661 2044 4712; x_wconf 88' lang='lat' dir='ltr'><strong>alia</strong></span> 
     </span>
    </p>
   </div>
   <div class='ocr_carea' id='block_1_94' title="bbox 478 4744 2046 4818">
    <p class='ocr_par' dir='ltr' id='par_1_94' title="bbox 478 4744 2046 4818">
     <span class='ocr_line' id='line_1_94' title="bbox 478 4744 2046 4818; baseline 0.003 -20"><span class='ocrx_word' id='word_1_732' title='bbox 478 4744 687 4814; x_wconf 88' lang='lat' dir='ltr'><strong>Didymi</strong></span> <span class='ocrx_word' id='word_1_733' title='bbox 721 4762 904 4816; x_wconf 86' lang='lat' dir='ltr'><strong>opera,</strong></span> <span class='ocrx_word' id='word_1_734' title='bbox 943 4749 992 4802; x_wconf 91' lang='lat' dir='ltr'><strong>id</strong></span> <span class='ocrx_word' id='word_1_735' title='bbox 1023 4750 1194 4818; x_wconf 90' lang='lat' dir='ltr'><strong>ipsum</strong></span> <span class='ocrx_word' id='word_1_736' title='bbox 1227 4766 1366 4803; x_wconf 92' lang='lat' dir='ltr'><strong>nunc</strong></span> <span class='ocrx_word' id='word_1_737' title='bbox 1398 4750 1633 4803; x_wconf 88' lang='lat' dir='ltr'><strong>breviter</strong></span> <span class='ocrx_word' id='word_1_738' title='bbox 1664 4751 2046 4803; x_wconf 85' lang='lat' dir='ltr'><strong>demonstran-</strong></span> 
     </span>
    </p>
   </div>
   <div class='ocr_carea' id='block_1_95' title="bbox 477 4838 2048 4910">
    <p class='ocr_par' dir='ltr' id='par_1_95' title="bbox 477 4838 2048 4910">
     <span class='ocr_line' id='line_1_95' title="bbox 477 4838 2048 4910; baseline 0.001 -18"><span class='ocrx_word' id='word_1_739' title='bbox 477 4838 601 4892; x_wconf 91' lang='lat' dir='ltr'><strong>dum</strong></span> <span class='ocrx_word' id='word_1_740' title='bbox 634 4847 736 4893; x_wconf 89' lang='lat' dir='ltr'><strong>est.</strong></span> <span class='ocrx_word' id='word_1_741' title='bbox 767 4840 870 4893; x_wconf 85' lang='lat' dir='ltr'><strong>Sed</strong></span> <span class='ocrx_word' id='word_1_742' title='bbox 901 4850 1186 4910; x_wconf 90' lang='lat' dir='ltr'><strong>antequam</strong></span> <span class='ocrx_word' id='word_1_743' title='bbox 1231 4840 1333 4894; x_wconf 89' lang='lat' dir='ltr'><strong>hoc</strong></span> <span class='ocrx_word' id='word_1_744' title='bbox 1367 4850 1636 4908; x_wconf 63' lang='lat' dir='ltr'><strong>praestem,</strong></span> <span class='ocrx_word' id='word_1_745' title='bbox 1669 4850 1900 4909; x_wconf 89' lang='lat' dir='ltr'><strong>quatuor</strong></span> <span class='ocrx_word' id='word_1_746' title='bbox 1925 4858 2048 4910; x_wconf 85' lang='lat' dir='ltr'><strong>pm-</strong></span> 
     </span>
    </p>
   </div>
   <div class='ocr_carea' id='block_1_96' title="bbox 477 4931 2050 5002">
    <p class='ocr_par' dir='ltr' id='par_1_96' title="bbox 477 4931 2050 5002">
     <span class='ocr_line' id='line_1_96' title="bbox 477 4931 2050 5002; baseline 0.003 -20"><span class='ocrx_word' id='word_1_747' title='bbox 477 4946 674 5001; x_wconf 87' lang='lat' dir='ltr'><strong>ponere</strong></span> <span class='ocrx_word' id='word_1_748' title='bbox 704 4932 878 5001; x_wconf 88' lang='lat' dir='ltr'><strong>placet</strong></span> <span class='ocrx_word' id='word_1_749' title='bbox 918 4931 1098 4996; x_wconf 73' lang='lat' dir='ltr'><strong>ell&#39;aut,</strong></span> <span class='ocrx_word' id='word_1_750' title='bbox 1134 4933 1250 4986; x_wconf 90' lang='lat' dir='ltr'><strong>sive</strong></span> <span class='ocrx_word' id='word_1_751' title='bbox 1304 4932 1570 5001; x_wconf 89' lang='lat' dir='ltr'><strong>dogmata,</strong></span> <span class='ocrx_word' id='word_1_752' title='bbox 1605 4948 1724 5002; x_wconf 73' lang='lat' dir='ltr'><strong>qua:</strong></span> <span class='ocrx_word' id='word_1_753' title='bbox 1750 4933 1816 4986; x_wconf 87' lang='lat' dir='ltr'><strong>ab</strong></span> <span class='ocrx_word' id='word_1_754' title='bbox 1845 4948 1908 4988; x_wconf 91' lang='lat' dir='ltr'><strong>eo</strong></span> <span class='ocrx_word' id='word_1_755' title='bbox 1957 4948 2050 5002; x_wconf 91' lang='lat' dir='ltr'><strong>po-</strong></span> 
     </span>
    </p>
   </div>
   <div class='ocr_carea' id='block_1_97' title="bbox 479 5023 1456 5079">
    <p class='ocr_par' dir='ltr' id='par_1_97' title="bbox 479 5023 1456 5079">
     <span class='ocr_line' id='line_1_97' title="bbox 479 5023 1456 5079; baseline 0.002 -3"><span class='ocrx_word' id='word_1_756' title='bbox 479 5025 744 5077; x_wconf 90' lang='lat' dir='ltr'><strong>tissimum</strong></span> <span class='ocrx_word' id='word_1_757' title='bbox 787 5023 1049 5079; x_wconf 89' lang='lat' dir='ltr'><strong>inculcata</strong></span> <span class='ocrx_word' id='word_1_758' title='bbox 1080 5025 1456 5078; x_wconf 84' lang='lat' dir='ltr'><strong>animadverti.</strong></span> 
     </span>
    </p>
   </div>
   <div class='ocr_carea' id='block_1_98' title="bbox 547 5113 2046 5184">
    <p class='ocr_par' dir='ltr' id='par_1_98' title="bbox 547 5113 2046 5184">
     <span class='ocr_line' id='line_1_98' title="bbox 547 5113 2046 5184; baseline 0 -16"><span class='ocrx_word' id='word_1_759' title='bbox 547 5113 726 5168; x_wconf 89' lang='lat' dir='ltr'><strong>Primo</strong></span> <span class='ocrx_word' id='word_1_760' title='bbox 755 5130 943 5183; x_wconf 85' lang='lat' dir='ltr'><strong>nempe</strong></span> <span class='ocrx_word' id='word_1_761' title='bbox 962 5117 1136 5176; x_wconf 79' lang='lat' dir='ltr'><strong>docet.</strong></span> <span class='ocrx_word' id='word_1_762' title='bbox 1170 5115 1325 5168; x_wconf 80' lang='lat' dir='ltr'><strong>(idem</strong></span> <span class='ocrx_word' id='word_1_763' title='bbox 1353 5129 1472 5168; x_wconf 84' lang='lat' dir='ltr'><strong>esse</strong></span> <span class='ocrx_word' id='word_1_764' title='bbox 1495 5129 1558 5168; x_wconf 82' lang='lat' dir='ltr'><strong>ex</strong></span> <span class='ocrx_word' id='word_1_765' title='bbox 1574 5115 1751 5168; x_wconf 89' lang='lat' dir='ltr'><strong>divina</strong></span> <span class='ocrx_word' id='word_1_766' title='bbox 1785 5113 2046 5184; x_wconf 86' lang='lat' dir='ltr'><strong>gratia.ld</strong></span> 
     </span>
    </p>
   </div>
   <div class='ocr_carea' id='block_1_99' title="bbox 479 5206 2046 5274">
    <p class='ocr_par' dir='ltr' id='par_1_99' title="bbox 479 5206 2046 5274">
     <span class='ocr_line' id='line_1_99' title="bbox 479 5206 2046 5274; baseline 0.002 -16"><span class='ocrx_word' id='word_1_767' title='bbox 479 5217 661 5274; x_wconf 90' lang='lat' dir='ltr'><strong>aperte</strong></span> <span class='ocrx_word' id='word_1_768' title='bbox 691 5207 857 5260; x_wconf 87' lang='lat' dir='ltr'><strong>tradit</strong></span> <span class='ocrx_word' id='word_1_769' title='bbox 882 5222 1001 5260; x_wconf 91' lang='lat' dir='ltr'><strong>cum</strong></span> <span class='ocrx_word' id='word_1_770' title='bbox 1028 5207 1080 5260; x_wconf 89' lang='lat' dir='ltr'><strong>in</strong></span> <span class='ocrx_word' id='word_1_771' title='bbox 1112 5206 1249 5261; x_wconf 94' lang='lat' dir='ltr'><strong>libro</strong></span> <span class='ocrx_word' id='word_1_772' title='bbox 1278 5207 1354 5261; x_wconf 87' lang='lat' dir='ltr'><strong>De</strong></span> <span class='ocrx_word' id='word_1_773' title='bbox 1380 5207 1579 5274; x_wconf 84' lang='lat' dir='ltr'><strong>Spiritu</strong></span> <span class='ocrx_word' id='word_1_774' title='bbox 1598 5218 1800 5269; x_wconf 88' lang='lat' dir='ltr'><strong>sancto,</strong></span> <span class='ocrx_word' id='word_1_775' title='bbox 1831 5224 1975 5260; x_wconf 91' lang='lat' dir='ltr'><strong>num.</strong></span> <span class='ocrx_word' id='word_1_776' title='bbox 2012 5206 2046 5261; x_wconf 93' lang='lat'><strong>9</strong></span> 
     </span>
    </p>
   </div>
   <div class='ocr_carea' id='block_1_100' title="bbox 479 5294 2048 5367">
    <p class='ocr_par' dir='ltr' id='par_1_100' title="bbox 479 5294 2048 5367">
     <span class='ocr_line' id='line_1_100' title="bbox 479 5294 2048 5367; baseline -0.001 -17"><span class='ocrx_word' id='word_1_777' title='bbox 479 5295 563 5350; x_wconf 89' lang='lat' dir='ltr'><strong>his</strong></span> <span class='ocrx_word' id='word_1_778' title='bbox 577 5295 752 5349; x_wconf 85' lang='lat' dir='ltr'><strong>verbis</strong></span> <span class='ocrx_word' id='word_1_779' title='bbox 770 5313 782 5349; x_wconf 91' lang='lat'><strong>:</strong></span> <span class='ocrx_word' id='word_1_780' title='bbox 801 5294 952 5350; x_wconf 84' lang='lat' dir='ltr'><strong>Fidei</strong></span> <span class='ocrx_word' id='word_1_781' title='bbox 987 5296 1198 5366; x_wconf 69' lang='lat' dir='ltr'><strong>effectus</strong></span> <span class='ocrx_word' id='word_1_782' title='bbox 1221 5298 1592 5366; x_wconf 86' lang='lat' dir='ltr'><strong>estparticeps,</strong></span> <span class='ocrx_word' id='word_1_783' title='bbox 1617 5313 1734 5367; x_wconf 78' lang='lat' dir='ltr'><strong>qua:</strong></span> <span class='ocrx_word' id='word_1_784' title='bbox 1759 5313 1822 5350; x_wconf 81' lang='lat' dir='ltr'><strong>cx</strong></span> <span class='ocrx_word' id='word_1_785' title='bbox 1849 5295 2048 5363; x_wconf 84' lang='lat' dir='ltr'><strong>Spiritu</strong></span> 
     </span>
    </p>
   </div>
   <div class='ocr_carea' id='block_1_101' title="bbox 478 5389 2047 5458">
    <p class='ocr_par' dir='ltr' id='par_1_101' title="bbox 478 5389 2047 5458">
     <span class='ocr_line' id='line_1_101' title="bbox 478 5389 2047 5458; baseline -0.001 -16"><span class='ocrx_word' id='word_1_786' title='bbox 478 5400 663 5442; x_wconf 85' lang='lat' dir='ltr'><strong>saneto</strong></span> <span class='ocrx_word' id='word_1_787' title='bbox 701 5390 872 5453; x_wconf 85' lang='lat' dir='ltr'><strong>venit;</strong></span> <span class='ocrx_word' id='word_1_788' title='bbox 911 5399 1021 5442; x_wconf 90' lang='lat' dir='ltr'><strong>tum</strong></span> <span class='ocrx_word' id='word_1_789' title='bbox 1069 5389 1121 5442; x_wconf 89' lang='lat' dir='ltr'><strong>in</strong></span> <span class='ocrx_word' id='word_1_790' title='bbox 1177 5391 1314 5454; x_wconf 90' lang='lat' dir='ltr'><strong>loco,</strong></span> <span class='ocrx_word' id='word_1_791' title='bbox 1346 5405 1502 5458; x_wconf 90' lang='lat' dir='ltr'><strong>quem</strong></span> <span class='ocrx_word' id='word_1_792' title='bbox 1555 5405 1677 5443; x_wconf 83' lang='lat' dir='ltr'><strong>mox</strong></span> <span class='ocrx_word' id='word_1_793' title='bbox 1719 5389 1937 5443; x_wconf 72' lang='lat' dir='ltr'><strong>all‘eram</strong></span> <span class='ocrx_word' id='word_1_794' title='bbox 1983 5404 2047 5442; x_wconf 90' lang='lat' dir='ltr'><strong>ex</strong></span> 
     </span>
    </p>
   </div>
   <div class='ocr_carea' id='block_1_102' title="bbox 482 5479 2051 5551">
    <p class='ocr_par' dir='ltr' id='par_1_102' title="bbox 482 5479 2051 5551">
     <span class='ocr_line' id='line_1_102' title="bbox 482 5479 2051 5551; baseline 0.002 -20"><span class='ocrx_word' id='word_1_795' title='bbox 482 5494 604 5551; x_wconf 81' lang='lat' dir='ltr'><strong>pag.</strong></span> <span class='ocrx_word' id='word_1_796' title='bbox 638 5479 739 5534; x_wconf 74' lang='lat'><strong>189</strong></span> <span class='ocrx_word' id='word_1_797' title='bbox 797 5490 1000 5534; x_wconf 69' lang='lat' dir='ltr'><strong>catenae</strong></span> <span class='ocrx_word' id='word_1_798' title='bbox 1030 5481 1083 5534; x_wconf 89' lang='lat' dir='ltr'><strong>in</strong></span> <span class='ocrx_word' id='word_1_799' title='bbox 1114 5479 1393 5534; x_wconf 83' lang='lat' dir='ltr'><strong>Joannem.</strong></span> <span class='ocrx_word' id='word_1_800' title='bbox 1429 5481 1499 5534; x_wconf 85' lang='lat' dir='ltr'><strong>At</strong></span> <span class='ocrx_word' id='word_1_801' title='bbox 1526 5480 1651 5548; x_wconf 83' lang='lat' dir='ltr'><strong>ﬁdei</strong></span> <span class='ocrx_word' id='word_1_802' title='bbox 1683 5480 1897 5534; x_wconf 89' lang='lat' dir='ltr'><strong>nomine</strong></span> <span class='ocrx_word' id='word_1_803' title='bbox 1929 5480 2051 5548; x_wconf 90' lang='lat' dir='ltr'><strong>quis</strong></span> 
     </span>
    </p>
   </div>
   <div class='ocr_carea' id='block_1_103' title="bbox 481 5569 2052 5642">
    <p class='ocr_par' dir='ltr' id='par_1_103' title="bbox 481 5569 2052 5642">
     <span class='ocr_line' id='line_1_103' title="bbox 481 5569 2052 5642; baseline -0.002 -17"><span class='ocrx_word' id='word_1_804' title='bbox 481 5581 640 5641; x_wconf 86' lang='lat' dir='ltr'><strong>neget</strong></span> <span class='ocrx_word' id='word_1_805' title='bbox 665 5569 1000 5642; x_wconf 79' lang='lat' dir='ltr'><strong>designatum</strong></span> <span class='ocrx_word' id='word_1_806' title='bbox 1027 5573 1094 5626; x_wconf 92' lang='lat' dir='ltr'><strong>ab</strong></span> <span class='ocrx_word' id='word_1_807' title='bbox 1124 5587 1188 5626; x_wconf 93' lang='lat' dir='ltr'><strong>eo</strong></span> <span class='ocrx_word' id='word_1_808' title='bbox 1220 5571 1387 5626; x_wconf 83' lang='lat' dir='ltr'><strong>fuisse</strong></span> <span class='ocrx_word' id='word_1_809' title='bbox 1419 5571 1580 5626; x_wconf 88' lang='lat' dir='ltr'><strong>etiam</strong></span> <span class='ocrx_word' id='word_1_810' title='bbox 1613 5572 1772 5640; x_wconf 75' lang='lat' dir='ltr'><strong>ﬁdem</strong></span> <span class='ocrx_word' id='word_1_811' title='bbox 1800 5571 2052 5636; x_wconf 84' lang='lat' dir='ltr'><strong>incipien-</strong></span> 
     </span>
    </p>
   </div>
   <div class='ocr_carea' id='block_1_104' title="bbox 554 5734 2156 5816">
    <p class='ocr_par' dir='ltr' id='par_1_104' title="bbox 554 5734 2156 5816">
     <span class='ocr_line' id='line_1_104' title="bbox 554 5734 2156 5816; baseline 0.001 -18"><span class='ocrx_word' id='word_1_812' title='bbox 554 5742 602 5778; x_wconf 76' lang='lat'>“</span> <span class='ocrx_word' id='word_1_813' title='bbox 635 5743 835 5802; x_wconf 83' lang='lat' dir='ltr'><strong>lJoan.</strong></span> <span class='ocrx_word' id='word_1_814' title='bbox 868 5765 918 5814; x_wconf 83' lang='lat' dir='ltr'><strong>v,</strong></span> <span class='ocrx_word' id='word_1_815' title='bbox 954 5750 1033 5806; x_wconf 89' lang='lat' dir='ltr'><strong>l8.</strong></span> <span class='ocrx_word' id='word_1_816' title='bbox 1112 5748 1152 5783; x_wconf 66' lang='grc' dir='ltr'>δ’</span> <span class='ocrx_word' id='word_1_817' title='bbox 1195 5748 1350 5807; x_wconf 85' lang='lat' dir='ltr'><strong>Prov.</strong></span> <span class='ocrx_word' id='word_1_818' title='bbox 1388 5765 1460 5816; x_wconf 86' lang='lat' dir='ltr'><strong>tv,</strong></span> <span class='ocrx_word' id='word_1_819' title='bbox 1499 5748 1595 5805; x_wconf 73' lang='lat'><strong>25.</strong></span> <span class='ocrx_word' id='word_1_820' title='bbox 1665 5734 1928 5804; x_wconf 76' lang='lat' dir='ltr'><strong>“Ezech.</strong></span> <span class='ocrx_word' id='word_1_821' title='bbox 1963 5761 2070 5813; x_wconf 79' lang='lat' dir='ltr'><strong>xlv,</strong></span> <span class='ocrx_word' id='word_1_822' title='bbox 2105 5745 2156 5801; x_wconf 82' lang='lat'><strong>6.</strong></span> 
     </span>
    </p>
   </div>
   <div class='ocr_carea' id='block_1_105' title="bbox 2145 4560 3734 4632">
    <p class='ocr_par' dir='ltr' id='par_1_105' title="bbox 2145 4560 3734 4632">
     <span class='ocr_line' id='line_1_105' title="bbox 2145 4560 3734 4632; baseline -0.003 -14"><span class='ocrx_word' id='word_1_823' title='bbox 2145 4565 2234 4630; x_wconf 73' lang='grc' dir='ltr'><strong>Η,</strong></span> <span class='ocrx_word' id='word_1_824' title='bbox 2254 4565 2368 4618; x_wconf 63' lang='lat' dir='ltr'><strong>haec</strong></span> <span class='ocrx_word' id='word_1_825' title='bbox 2382 4563 2605 4617; x_wconf 87' lang='lat' dir='ltr'><strong>dictavit</strong></span> <span class='ocrx_word' id='word_1_826' title='bbox 2634 4582 2648 4618; x_wconf 90' lang='lat'>:</span> <span class='ocrx_word' id='word_1_827' title='bbox 2674 4563 2931 4618; x_wconf 87' lang='lat' dir='ltr'><strong>Dominus</strong></span> <span class='ocrx_word' id='word_1_828' title='bbox 2957 4564 3190 4617; x_wconf 85' lang='lat' dir='ltr'><strong>videlicet</strong></span> <span class='ocrx_word' id='word_1_829' title='bbox 3211 4575 3403 4623; x_wconf 82' lang='lat' dir='ltr'><strong>noster,</strong></span> <span class='ocrx_word' id='word_1_830' title='bbox 3427 4575 3578 4632; x_wconf 87' lang='lat' dir='ltr'><strong>atque</strong></span> <span class='ocrx_word' id='word_1_831' title='bbox 3604 4560 3734 4616; x_wconf 86' lang='lat' dir='ltr'><strong>Sal-</strong></span> 
     </span>
    </p>
   </div>
   <div class='ocr_carea' id='block_1_106' title="bbox 2150 4655 3730 4725">
    <p class='ocr_par' dir='ltr' id='par_1_106' title="bbox 2150 4655 3730 4725">
     <span class='ocr_line' id='line_1_106' title="bbox 2150 4655 3730 4725; baseline -0.003 -14"><span class='ocrx_word' id='word_1_832' title='bbox 2150 4671 2298 4711; x_wconf 84' lang='lat' dir='ltr'><strong>vator</strong></span> <span class='ocrx_word' id='word_1_833' title='bbox 2352 4656 2509 4725; x_wconf 78' lang='lat' dir='ltr'><strong>infert</strong></span> <span class='ocrx_word' id='word_1_834' title='bbox 2582 4655 2729 4709; x_wconf 90' lang='lat' dir='ltr'><strong>nobis</strong></span> <span class='ocrx_word' id='word_1_835' title='bbox 2783 4658 3068 4710; x_wconf 77' lang='lat' dir='ltr'><strong>secundum</strong></span> <span class='ocrx_word' id='word_1_836' title='bbox 3118 4656 3525 4709; x_wconf 80' lang='lat' dir='ltr'><strong>misericordiam</strong></span> <span class='ocrx_word' id='word_1_837' title='bbox 3574 4671 3730 4707; x_wconf 86' lang='lat' dir='ltr'><strong>suam</strong></span> 
     </span>
    </p>
   </div>
   <div class='ocr_carea' id='block_1_107' title="bbox 2149 4745 3733 4815">
    <p class='ocr_par' dir='ltr' id='par_1_107' title="bbox 2149 4745 3733 4815">
     <span class='ocr_line' id='line_1_107' title="bbox 2149 4745 3733 4815; baseline -0.002 -13"><span class='ocrx_word' id='word_1_838' title='bbox 2149 4749 2322 4802; x_wconf 87' lang='lat' dir='ltr'><strong>omnia</strong></span> <span class='ocrx_word' id='word_1_839' title='bbox 2344 4763 2459 4810; x_wconf 72' lang='lat' dir='ltr'><strong>qua:</strong></span> <span class='ocrx_word' id='word_1_840' title='bbox 2483 4763 2572 4798; x_wconf 87' lang='lat' dir='ltr'><strong>nos</strong></span> <span class='ocrx_word' id='word_1_841' title='bbox 2584 4748 2862 4811; x_wconf 82' lang='lat' dir='ltr'><strong>provehunt</strong></span> <span class='ocrx_word' id='word_1_842' title='bbox 2881 4747 2950 4799; x_wconf 92' lang='lat' dir='ltr'><strong>ad</strong></span> <span class='ocrx_word' id='word_1_843' title='bbox 2971 4747 3214 4800; x_wconf 88' lang='lat' dir='ltr'><strong>salutem.</strong></span> <span class='ocrx_word' id='word_1_844' title='bbox 3236 4746 3366 4812; x_wconf 89' lang='lat' dir='ltr'><strong>Quis</strong></span> <span class='ocrx_word' id='word_1_845' title='bbox 3380 4762 3505 4815; x_wconf 86' lang='lat' dir='ltr'><strong>ergo</strong></span> <span class='ocrx_word' id='word_1_846' title='bbox 3525 4745 3733 4799; x_wconf 62' lang='lat' dir='ltr'><strong>inlicie-</strong></span> 
     </span>
    </p>
   </div>
   <div class='ocr_carea' id='block_1_108' title="bbox 2157 4838 3734 4909">
    <p class='ocr_par' dir='ltr' id='par_1_108' title="bbox 2157 4838 3734 4909">
     <span class='ocr_line' id='line_1_108' title="bbox 2157 4838 3734 4909; baseline -0.004 -17"><span class='ocrx_word' id='word_1_847' title='bbox 2157 4849 2246 4892; x_wconf 91' lang='lat' dir='ltr'><strong>tur</strong></span> <span class='ocrx_word' id='word_1_848' title='bbox 2269 4840 2381 4909; x_wconf 85' lang='lat' dir='ltr'><strong>jam</strong></span> <span class='ocrx_word' id='word_1_849' title='bbox 2418 4851 2566 4894; x_wconf 79' lang='lat' dir='ltr'><strong>recte</strong></span> <span class='ocrx_word' id='word_1_850' title='bbox 2602 4839 2884 4906; x_wconf 75' lang='lat' dir='ltr'><strong>Didvtnum</strong></span> <span class='ocrx_word' id='word_1_851' title='bbox 2917 4838 2985 4891; x_wconf 91' lang='lat' dir='ltr'><strong>de</strong></span> <span class='ocrx_word' id='word_1_852' title='bbox 3013 4839 3337 4891; x_wconf 87' lang='lat' dir='ltr'><strong>necessitate</strong></span> <span class='ocrx_word' id='word_1_853' title='bbox 3364 4838 3557 4890; x_wconf 65' lang='lat' dir='ltr'><strong>divina:</strong></span> <span class='ocrx_word' id='word_1_854' title='bbox 3604 4851 3734 4904; x_wconf 86' lang='lat' dir='ltr'><strong>gra-</strong></span> 
     </span>
    </p>
   </div>
   <div class='ocr_carea' id='block_1_109' title="bbox 2158 4929 3731 4997">
    <p class='ocr_par' dir='ltr' id='par_1_109' title="bbox 2158 4929 3731 4997">
     <span class='ocr_line' id='line_1_109' title="bbox 2158 4929 3731 4997; baseline -0.002 -12"><span class='ocrx_word' id='word_1_855' title='bbox 2158 4933 2242 4986; x_wconf 68' lang='lat' dir='ltr'><strong>tiae</strong></span> <span class='ocrx_word' id='word_1_856' title='bbox 2273 4931 2548 4985; x_wconf 84' lang='lat' dir='ltr'><strong>sensisse?</strong></span> <span class='ocrx_word' id='word_1_857' title='bbox 2581 4929 2877 4983; x_wconf 82' lang='lat' dir='ltr'><strong>Videndum</strong></span> <span class='ocrx_word' id='word_1_858' title='bbox 2908 4937 3085 4981; x_wconf 88' lang='lat' dir='ltr'><strong>tamen</strong></span> <span class='ocrx_word' id='word_1_859' title='bbox 3123 4929 3298 4982; x_wconf 84' lang='lat' dir='ltr'><strong>adhuc</strong></span> <span class='ocrx_word' id='word_1_860' title='bbox 3346 4937 3430 4982; x_wconf 90' lang='lat' dir='ltr'><strong>est</strong></span> <span class='ocrx_word' id='word_1_861' title='bbox 3477 4941 3731 4997; x_wconf 64' lang='lat' dir='ltr'><strong>quaenam</strong></span> 
     </span>
    </p>
   </div>
   <div class='ocr_carea' id='block_1_110' title="bbox 2159 5018 3730 5092">
    <p class='ocr_par' dir='ltr' id='par_1_110' title="bbox 2159 5018 3730 5092">
     <span class='ocr_line' id='line_1_110' title="bbox 2159 5018 3730 5092; baseline -0.003 -16"><span class='ocrx_word' id='word_1_862' title='bbox 2159 5022 2254 5092; x_wconf 91' lang='lat' dir='ltr'><strong>ipsi</strong></span> <span class='ocrx_word' id='word_1_863' title='bbox 2285 5021 2598 5090; x_wconf 84' lang='lat' dir='ltr'><strong>exprobrari</strong></span> <span class='ocrx_word' id='word_1_864' title='bbox 2626 5033 2782 5087; x_wconf 89' lang='lat' dir='ltr'><strong>posse</strong></span> <span class='ocrx_word' id='word_1_865' title='bbox 2805 5020 3110 5083; x_wconf 75' lang='lat' dir='ltr'><strong>videantur,</strong></span> <span class='ocrx_word' id='word_1_866' title='bbox 3139 5029 3228 5072; x_wconf 87' lang='lat' dir='ltr'><strong>aut</strong></span> <span class='ocrx_word' id='word_1_867' title='bbox 3260 5019 3582 5088; x_wconf 83' lang='lat' dir='ltr'><strong>exprobrata</strong></span> <span class='ocrx_word' id='word_1_868' title='bbox 3611 5018 3730 5084; x_wconf 87' lang='lat' dir='ltr'><strong>jam</strong></span> 
     </span>
    </p>
   </div>
   <div class='ocr_carea' id='block_1_111' title="bbox 2157 5109 3737 5181">
    <p class='ocr_par' dir='ltr' id='par_1_111' title="bbox 2157 5109 3737 5181">
     <span class='ocr_line' id='line_1_111' title="bbox 2157 5109 3737 5181; baseline -0.001 -14"><span class='ocrx_word' id='word_1_869' title='bbox 2157 5114 2356 5168; x_wconf 76' lang='lat' dir='ltr'><strong>fuerint</strong></span> <span class='ocrx_word' id='word_1_870' title='bbox 2382 5114 2449 5167; x_wconf 91' lang='lat' dir='ltr'><strong>ab</strong></span> <span class='ocrx_word' id='word_1_871' title='bbox 2482 5112 2772 5181; x_wconf 90' lang='lat' dir='ltr'><strong>aliquibus.</strong></span> <span class='ocrx_word' id='word_1_872' title='bbox 2821 5111 3062 5178; x_wconf 88' lang='lat' dir='ltr'><strong>Quatuor</strong></span> <span class='ocrx_word' id='word_1_873' title='bbox 3087 5121 3290 5176; x_wconf 85' lang='lat' dir='ltr'><strong>autem,</strong></span> <span class='ocrx_word' id='word_1_874' title='bbox 3319 5110 3370 5164; x_wconf 93' lang='lat' dir='ltr'><strong>ni</strong></span> <span class='ocrx_word' id='word_1_875' title='bbox 3396 5109 3570 5174; x_wconf 78' lang='lat' dir='ltr'><strong>fallor,</strong></span> <span class='ocrx_word' id='word_1_876' title='bbox 3615 5111 3737 5166; x_wconf 67' lang='lat' dir='ltr'><strong>hmo</strong></span> 
     </span>
    </p>
   </div>
   <div class='ocr_carea' id='block_1_112' title="bbox 2155 5205 2672 5276">
    <p class='ocr_par' dir='ltr' id='par_1_112' title="bbox 2155 5205 2672 5276">
     <span class='ocr_line' id='line_1_112' title="bbox 2155 5205 2672 5276; baseline -0.01 -17"><span class='ocrx_word' id='word_1_877' title='bbox 2155 5205 2492 5276; x_wconf 89' lang='lat' dir='ltr'><strong>potissimum</strong></span> <span class='ocrx_word' id='word_1_878' title='bbox 2525 5213 2672 5258; x_wconf 90' lang='lat' dir='ltr'><strong>sunt.</strong></span> 
     </span>
    </p>
   </div>
   <div class='ocr_carea' id='block_1_113' title="bbox 2224 5291 3732 5363">
    <p class='ocr_par' dir='ltr' id='par_1_113' title="bbox 2224 5291 3732 5363">
     <span class='ocr_line' id='line_1_113' title="bbox 2224 5291 3732 5363; baseline -0.002 -14"><span class='ocrx_word' id='word_1_879' title='bbox 2224 5295 2463 5350; x_wconf 87' lang='lat' dir='ltr'><strong>Primum</strong></span> <span class='ocrx_word' id='word_1_880' title='bbox 2489 5305 2668 5350; x_wconf 77' lang='lat' dir='ltr'><strong>exstat</strong></span> <span class='ocrx_word' id='word_1_881' title='bbox 2702 5294 2754 5349; x_wconf 90' lang='lat' dir='ltr'><strong>in</strong></span> <span class='ocrx_word' id='word_1_882' title='bbox 2793 5302 2986 5350; x_wconf 88' lang='lat' dir='ltr'><strong>catena</strong></span> <span class='ocrx_word' id='word_1_883' title='bbox 3016 5295 3068 5346; x_wconf 86' lang='lat' dir='ltr'><strong>in</strong></span> <span class='ocrx_word' id='word_1_884' title='bbox 3113 5291 3372 5346; x_wconf 84' lang='lat' dir='ltr'><strong>Joannem</strong></span> <span class='ocrx_word' id='word_1_885' title='bbox 3425 5308 3546 5363; x_wconf 88' lang='lat' dir='ltr'><strong>pag.</strong></span> <span class='ocrx_word' id='word_1_886' title='bbox 3577 5292 3732 5358; x_wconf 86' lang='lat' dir='ltr'><strong>.l89,</strong></span> 
     </span>
    </p>
   </div>
   <div class='ocr_carea' id='block_1_114' title="bbox 2155 5383 3736 5457">
    <p class='ocr_par' dir='ltr' id='par_1_114' title="bbox 2155 5383 3736 5457">
     <span class='ocr_line' id='line_1_114' title="bbox 2155 5383 3736 5457; baseline -0.004 -15"><span class='ocrx_word' id='word_1_887' title='bbox 2155 5387 2244 5442; x_wconf 90' lang='lat' dir='ltr'><strong>ubi</strong></span> <span class='ocrx_word' id='word_1_888' title='bbox 2277 5387 2554 5457; x_wconf 85' lang='lat' dir='ltr'><strong>explicans</strong></span> <span class='ocrx_word' id='word_1_889' title='bbox 2599 5385 2810 5439; x_wconf 92' lang='lat' dir='ltr'><strong>Domini</strong></span> <span class='ocrx_word' id='word_1_890' title='bbox 2853 5384 3037 5447; x_wconf 90' lang='lat' dir='ltr'><strong>verba,</strong></span> <span class='ocrx_word' id='word_1_891' title='bbox 3084 5385 3268 5437; x_wconf 79' lang='lat' dir='ltr'><strong>Unntis</strong></span> <span class='ocrx_word' id='word_1_892' title='bbox 3318 5387 3406 5454; x_wconf 88' lang='lat' dir='ltr'><strong>qui</strong></span> <span class='ocrx_word' id='word_1_893' title='bbox 3459 5383 3656 5436; x_wconf 81' lang='lat' dir='ltr'><strong>audivit</strong></span> <span class='ocrx_word' id='word_1_894' title='bbox 3699 5399 3736 5435; x_wconf 74' lang='grc' dir='ltr'><strong>α</strong></span> 
     </span>
    </p>
   </div>
   <div class='ocr_carea' id='block_1_115' title="bbox 2158 5474 3738 5544">
    <p class='ocr_par' dir='ltr' id='par_1_115' title="bbox 2158 5474 3738 5544">
     <span class='ocr_line' id='line_1_115' title="bbox 2158 5474 3738 5544; baseline -0.003 -12"><span class='ocrx_word' id='word_1_895' title='bbox 2158 5478 2344 5542; x_wconf 84' lang='lat' dir='ltr'><strong>Patre,</strong></span> <span class='ocrx_word' id='word_1_896' title='bbox 2371 5491 2418 5532; x_wconf 88' lang='lat' dir='ltr'><strong>et</strong></span> <span class='ocrx_word' id='word_1_897' title='bbox 2438 5479 2641 5538; x_wconf 86' lang='lat' dir='ltr'><strong>didicit.</strong></span> <span class='ocrx_word' id='word_1_898' title='bbox 2669 5478 2802 5532; x_wconf 83' lang='lat' dir='ltr'><strong>venit</strong></span> <span class='ocrx_word' id='word_1_899' title='bbox 2831 5480 2900 5530; x_wconf 90' lang='lat' dir='ltr'><strong>ad</strong></span> <span class='ocrx_word' id='word_1_900' title='bbox 2931 5493 3032 5542; x_wconf 88' lang='lat' dir='ltr'><strong>me,</strong></span> <span class='ocrx_word' id='word_1_901' title='bbox 3057 5491 3176 5544; x_wconf 66' lang='lat' dir='ltr'><strong>qua:</strong></span> <span class='ocrx_word' id='word_1_902' title='bbox 3203 5475 3255 5528; x_wconf 92' lang='lat' dir='ltr'><strong>in</strong></span> <span class='ocrx_word' id='word_1_903' title='bbox 3287 5474 3493 5530; x_wconf 83' lang='lat' dir='ltr'><strong>Joanne</strong></span> <span class='ocrx_word' id='word_1_904' title='bbox 3515 5480 3738 5528; x_wconf 84' lang='lat' dir='ltr'><strong>exstant</strong></span> 
     </span>
    </p>
   </div>
   <div class='ocr_carea' id='block_1_116' title="bbox 2157 5559 3740 5638">
    <p class='ocr_par' dir='ltr' id='par_1_116' title="bbox 2157 5559 3740 5638">
     <span class='ocr_line' id='line_1_116' title="bbox 2157 5559 3740 5638; baseline -0.004 -14"><span class='ocrx_word' id='word_1_905' title='bbox 2157 5584 2276 5638; x_wconf 86' lang='lat' dir='ltr'><strong>cap.</strong></span> <span class='ocrx_word' id='word_1_906' title='bbox 2312 5585 2385 5634; x_wconf 87' lang='lat' dir='ltr'><strong>vt,</strong></span> <span class='ocrx_word' id='word_1_907' title='bbox 2416 5583 2556 5622; x_wconf 83' lang='lat' dir='ltr'><strong>vers.</strong></span> <span class='ocrx_word' id='word_1_908' title='bbox 2591 5568 2682 5632; x_wconf 67' lang='grc'><strong>45,</strong></span> <span class='ocrx_word' id='word_1_909' title='bbox 2739 5567 2818 5622; x_wconf 89' lang='lat' dir='ltr'><strong>sic</strong></span> <span class='ocrx_word' id='word_1_910' title='bbox 2874 5566 3152 5634; x_wconf 89' lang='lat' dir='ltr'><strong>loquitur:</strong></span> <span class='ocrx_word' id='word_1_911' title='bbox 3215 5565 3351 5618; x_wconf 79' lang='grc' dir='ltr'><strong>Κατ’</strong></span> <span class='ocrx_word' id='word_1_912' title='bbox 3403 5561 3585 5618; x_wconf 81' lang='grc' dir='ltr'>εἰκόνα</span> <span class='ocrx_word' id='word_1_913' title='bbox 3634 5559 3740 5619; x_wconf 72' lang='grc' dir='ltr'><strong>καὶ</strong></span> 
     </span>
    </p>
   </div>
   <div class='ocr_carea' id='block_1_117' title="bbox 2236 5743 3289 5811">
    <p class='ocr_par' dir='ltr' id='par_1_117' title="bbox 2236 5743 3289 5811">
     <span class='ocr_line' id='line_1_117' title="bbox 2236 5743 3289 5811; baseline -0.002 -13"><span class='ocrx_word' id='word_1_914' title='bbox 2236 5746 2280 5777; x_wconf 70' lang='grc'>⁸³</span> <span class='ocrx_word' id='word_1_915' title='bbox 2311 5744 2446 5801; x_wconf 77' lang='lat' dir='ltr'><strong>l‘sal.</strong></span> <span class='ocrx_word' id='word_1_916' title='bbox 2493 5761 2566 5811; x_wconf 82' lang='lat' dir='ltr'><strong>xl,</strong></span> <span class='ocrx_word' id='word_1_917' title='bbox 2635 5746 2686 5798; x_wconf 91' lang='lat'><strong>8.</strong></span> <span class='ocrx_word' id='word_1_918' title='bbox 2765 5743 2809 5776; x_wconf 75' lang='lat'><strong>“</strong></span> <span class='ocrx_word' id='word_1_919' title='bbox 2839 5745 2991 5801; x_wconf 84' lang='lat' dir='ltr'><strong>Joan.</strong></span> <span class='ocrx_word' id='word_1_920' title='bbox 3030 5759 3157 5808; x_wconf 68' lang='grc' dir='ltr'>ιιι-ιι,</span> <span class='ocrx_word' id='word_1_921' title='bbox 3201 5743 3289 5798; x_wconf 79' lang='lat' dir='ltr'><strong>ll.</strong></span> 
     </span>
    </p>
   </div>
  </div>
