3970 6406
256 328 351 384 189

1438 328 2016 389 COMMENTARIUS.
2056 362 2123 374 —
2163 329 2294 387 LIB.
2335 333 2398 389 ll.

3433 334 3536 392 I90

248 452 532 523 ὁμοίωσιν,
569 454 669 507 καὶ
700 455 837 509 αὐτὸ
874 455 1039 510 τοῦτο
1084 455 1389 529 [legendum
1445 457 1701 524 fortasse,
1749 459 1830 513 xei

1951 459 2066 528 ipso
2080 458 2148 512 “.
2172 477 2191 511 ι
2221 456 2676 528 Pelagianismum
2691 465 2870 512 autem
2890 454 3133 511 redolere
3149 453 3534 511 videnturhaec

250 546 397 616 αὐτῷ
426 545 641 618 τούτῳ]
673 547 899 617 λογικοῦ
942 549 1235 620 γενομένου
1261 550 1356 604 τοῦ
1404 551 1719 622 ἀνθρώπου,
1766 552 1847 603 ὲνο

248 640 595 710 εσπαρμέναι
629 642 768 693 εἰσιν
794 642 946 713 αὐτῷ
972 642 1076 695 ὑπὸ
1104 643 1238 696 Θεοῦ
1293 645 1348 696 αἱ
1380 644 1508 715 περὶ
1545 645 1845 698 ἐπαινετῶν

251 730 501 800 πράξεων
544 731 776 795 ἔννοιαι,
819 734 957 787 ἀλλὰ
1004 734 1099 788 καὶ
1144 735 1245 806 τῆς
1282 734 1538 804 γνώσεως
1581 736 1682 806 τῆς
1706 736 1844 809 ἁλη-

253 822 422 887 θεὶας.
464 826 521 876 Ὀ
550 826 739 879 τοίνυν
772 827 919 880 κατὰ
959 827 1059 891 τὰς
1098 828 1282 890 κοινὰς
1329 827 1535 891 ἑννοίας
1580 826 1841 893 ἀκούσας,

255 917 354 970 καὶ
391 916 571 987 μαθὼν
600 918 758 991 παρὰ
794 920 889 973 τοῦ
938 921 1171 992 Πατρὸς,
1224 921 1442 992 ἔρχεται
1476 920 1563 973 διὰ
1608 920 1844 984 πίστεως

259 1011 394 1081 πρὸς
422 1012 511 1063 τὸν
534 1011 768 1081 Κύριον.
798 1011 929 1079 Quae
962 1014 1041 1067 sic
1064 1014 1229 1067 vertit
1266 1016 1535 1081 interpres
1562 1012 1676 1065 :Ad
1710 1013 1845 1066 ima-

255 1103 431 1170 ginem
485 1119 548 1156 ac
577 1104 979 1157 similitudinem
1005 1120 1154 1158 suam
1200 1105 1498 1174 e/formato,
1546 1112 1702 1173 atque
1745 1103 1843 1158 hoc

255 1194 365 1259 ipso
395 1195 604 1248 ratione
629 1195 852 1261 pradito
877 1196 1098 1261 homini,
1129 1196 1283 1266 quasi
1327 1196 1527 1248 semina
1572 1196 1839 1264 quwdam,

254 1302 314 1337 ac
334 1301 513 1339 rerum
535 1296 677 1340 recte
704 1289 1049 1357 gerendarum
1096 1290 1385 1343 dictamina
1434 1291 1606 1345 indita
1648 1299 1769 1344 sunt
1807 1306 1841 1343 a

252 1375 376 1436 Deo,
410 1379 833 1447 cognitionisque
856 1382 1111 1434 veritatis.
1139 1379 1389 1451 Quisquis
1424 1382 1587 1451 igitur
1604 1399 1838 1437 commu-

251 1486 339 1523 nes
362 1470 490 1524 illos
522 1471 808 1525 instinctus
833 1473 1004 1535 audit,
1029 1486 1092 1525 ac
1116 1473 1267 1527 discit
1297 1490 1330 1527 a
1362 1472 1543 1542 Patre,
1569 1491 1662 1541 per
1681 1475 1839 1543 ﬁdem

247 1563 315 1613 ad
345 1561 622 1616 Christum
672 1563 833 1617 venit.
891 1563 967 1617 Ita
1014 1565 1283 1634 interpres
1332 1567 1472 1635 :qni
1525 1581 1708 1621 vocem
1756 1566 1839 1620 ἕν-

247 1670 390 1707 νοιαι
419 1669 525 1708 cur
552 1654 780 1709 verterit
804 1654 1035 1724 primum
1069 1657 1355 1710 dictamina
1380 1697 1393 1722 ,
1420 1658 1615 1713 deinde
1658 1657 1839 1711 instin-

248 1756 359 1799 ctus
383 1787 401 1813 ,
438 1745 674 1816 ignoro:
710 1759 772 1799 ea
798 1745 942 1799 enim
977 1746 1229 1809 notiones,
1285 1746 1423 1815 sive,
1476 1757 1534 1802 ut
1567 1747 1726 1817 vulgo
1758 1747 1839 1802 lo-

1945 553 2161 608 Wolﬁo.
2193 553 2271 607 Ac
2306 566 2492 607 revera
2511 551 2555 605 si
2579 550 2903 605 denotarent
2924 563 3085 617 posse
3118 549 3389 605 hominem
3416 552 3534 605 sine

1945 648 2132 717 gratia:
2175 646 2379 700 auxilio
2429 643 2626 699 mereri
2676 652 2737 697 ut
2790 642 3023 710 accipiat
3075 640 3340 712 Spiritum
3400 658 3530 696 san-

1945 749 2112 800 ctum.
2139 748 2232 793 aut
2261 738 2421 793 ullam
2460 736 2712 808 gratiam,
2740 734 3030 803 Pelagiana
3058 734 3174 789 sine
3240 734 3402 789 dubio
3448 732 3530 787 fo-

1947 840 2087 886 rent.
2119 831 2224 885 Sed
2254 831 2398 885 hanc
2423 842 2544 883 esse
2578 826 2787 898 Didymi
2836 827 3126 882 verborum
3175 827 3527 891 sententiam,

1945 932 2051 971 non
2085 914 2343 971 concedo.
2376 913 2488 968 lmo
2530 928 2652 967 cum
2706 914 2774 967 ab
2826 927 2889 967 eo
2937 912 3137 967 dictata
3183 911 3314 973 sint,
3362 925 3525 979 quem

1944 1015 2160 1062 constat
2195 1006 2396 1074 saepius
2433 1005 2705 1069 docuisse,
2737 1004 2897 1060 ﬁdem
2935 1017 3059 1060 esse
3081 1019 3144 1058 ex
3173 1005 3373 1072 gratia,
3400 1002 3524 1055 nul-

1943 1098 2163 1169 lumque
2192 1100 2416 1165 bonum,
2448 1112 2555 1167 quo
2579 1098 2943 1167 provehamur
2974 1095 3041 1151 ad
3071 1094 3325 1159 salutem,
3367 1094 3526 1150 nobis

1943 1204 2062 1245 esse
2082 1191 2196 1245 sine
2223 1190 2431 1261 gratia;
2466 1202 2521 1244 et
2549 1193 2768 1260 insuper
2784 1190 2851 1244 ab
2878 1204 2943 1244 eo
2976 1188 3066 1258 qui
3098 1187 3225 1242 illud
3259 1197 3524 1257 perpetuo

1941 1285 2227 1354 spectavit,
2255 1286 2381 1339 dum
2414 1284 2723 1355 Scripturas
2747 1282 3092 1355 explanahat,
3118 1291 3174 1335 ut
3194 1280 3522 1337 Manichzeos

1942 1377 2230 1441 refelleret,
2290 1392 2354 1432 ac
2418 1376 2621 1431 nullam
2671 1390 2794 1430 esse
2850 1374 3163 1429 rationalem
3212 1381 3520 1427 creaturam

1940 1478 2156 1532 natura,
2202 1483 2266 1523 ac
2313 1467 2627 1523 necessario
2684 1467 2904 1530 malam,
2966 1474 3119 1535 capta
3162 1464 3521 1532 undecunque

1943 1566 2128 1627 posset
2152 1558 2462 1623 occasione,
2490 1556 2922 1620 demonstraret;
2958 1555 3160 1609 idcirco
3200 1554 3334 1608 nihil
3375 1552 3520 1606 aliud

1944 1651 2034 1706 hic
2062 1666 2185 1706 eum
2223 1650 2462 1705 voluisse
2487 1648 2837 1713 crediderim,
2868 1648 2973 1702 nisi
3006 1647 3313 1703 libertatem
3342 1644 3521 1700 homi-

1942 1740 2028 1795 nis
2068 1740 2181 1795 Deo
2233 1739 2680 1810 obtemperantis,
2720 1738 3067 1808 divinamque
3124 1737 3353 1807 gratiam
3411 1750 3520 1790 non

247 1810 496 1907 quunIur
545 1836 877 1908 philosophi,
935 1838 1080 1892 ideas
1138 1810 1417 1909 designati
1460 1841 1541 1894 Ac
1581 1810 1837 1895 ne-illud
1870 1810 1913 1865 Β
1943 1833 2247 1903 respuentis
2274 1842 2520 1887 astruere
2548 1850 2562 1885 :
2588 1830 2653 1886 de
2706 1845 2771 1886 eo
2821 1838 3002 1884 autem
3045 1841 3383 1898 nequaquam
3428 1825 3517 1880 Di-

246 1930 467 1998 quidem
499 1927 643 1991 scio,
674 1943 774 1983 cur
802 1927 1046 1981 voeulam
1076 1927 1238 1991 κατά,
1296 1929 1347 1983 id
1391 1940 1474 1985 est
1510 1930 1693 1999 juxta,
1747 1947 1836 1988 se-

247 2022 424 2075 eundo
451 2020 578 2075 loco
615 2020 865 2074 omiserit
894 2020 944 2073 in
980 2018 1173 2075 Latina
1233 2021 1703 2092 interpretatione.
1748 2025 1840 2079 Di-

248 2112 388 2183 dymi
435 2127 575 2182 ergo
610 2110 788 2165 locum
833 2111 900 2165 ad
946 2113 1169 2167 verbum
1222 2112 1457 2181 imprimi
1494 2114 1777 2171 reddemus
1817 2134 1833 2172 :

248 2216 343 2258 nec
369 2204 524 2258 enim
551 2219 771 2272 aequum
799 2215 904 2269 est,
956 2213 1017 2258 ut
1072 2220 1135 2259 ea
1186 2204 1544 2260 translatione
1597 2219 1834 2274 utamur,

244 2312 362 2366 quae
413 2295 633 2365 Didymi
692 2306 925 2352 mentem
980 2309 1231 2352 accurate
1275 2314 1380 2351 non
1421 2297 1641 2353 referat.
1701 2298 1834 2354 Cum

244 2388 398 2455 iuxta
434 2390 745 2460 imaginem,
772 2400 818 2443 et
862 2390 1260 2445 similitudinem
1312 2392 1487 2461 factus
1537 2394 1605 2447 sit
1655 2395 1834 2459 homo,

244 2490 399 2549 atque
420 2480 522 2531 hoc
556 2480 674 2547 ipso
699 2481 977 2534 rationalis
1000 2481 1173 2550 factus
1200 2483 1287 2548 sit,
1332 2484 1542 2539 insertae
1578 2495 1700 2539 sunt
1735 2486 1837 2551 ipsi

244 2588 275 2623 a
308 2569 423 2623 Dea
456 2571 704 2624 notiones
735 2571 800 2624 de
823 2556 1178 2627 laudabiiibus
1206 2576 1523 2641 actionibus,
1556 2577 1662 2629 imo
1693 2586 1741 2631 et
1772 2577 1836 2632 de

245 2661 552 2729 cognitione
586 2661 842 2715 veritatis.
872 2662 975 2727 Qui
1017 2680 1137 2733 ergo
1161 2664 1319 2734 juxta
1347 2682 1645 2722 communes
1668 2669 1837 2722 notio-

241 2768 326 2804 nes
363 2769 383 2802 ι
414 2751 647 2815 audivit,
673 2761 720 2805 et
752 2753 933 2806 didicit
976 2771 1007 2806 a
1052 2754 1226 2822 Patre,
1261 2756 1396 2809 venit
1429 2774 1448 2806 ι
1480 2756 1741 2824 per/idem
1766 2758 1834 2811 ad

242 2841 557 2896 Dominum.
592 2862 611 2895 ›
642 2841 764 2897 Jam
799 2858 932 2897 vero
970 2844 1024 2898 in
1063 2844 1146 2899 his
1184 2845 1364 2899 verbis
1397 2845 1534 2899 nihil
1564 2860 1683 2900 esse
1715 2862 1836 2901 cou-

240 2935 431 2997 tendo,
465 2935 615 3003 quod
640 2936 1001 2991 orthodoxam
1034 2952 1141 2993 non
1188 2938 1298 2992 sit:
1354 2953 1455 2994 nec
1512 2940 1657 2993 enim
1713 2940 1829 2994 ait:

241 3024 565 3081 Communes
600 3034 806 3079 tantum
838 3028 965 3079 recti
1015 3028 1234 3097 bonique
1292 3029 1525 3084 notiones
1574 3031 1832 3100 sufﬁciunt

240 3129 294 3172 ut
319 3119 442 3187 quis
469 3119 648 3171 veniat
678 3119 747 3172 ad
774 3118 1057 3173 Dominum
1080 3136 1099 3172 :
1129 3125 1222 3176 sed
1263 3121 1359 3183 ait,
1392 3122 1514 3175 illos
1550 3138 1644 3191 per
1673 3124 1828 3177 fidem

239 3211 430 3264 venire
459 3213 527 3263 ad
563 3210 874 3278 Dominum,
908 3214 997 3281 qui
1033 3229 1136 3267 non
1169 3216 1329 3268 modo
1381 3214 1535 3284 juxta
1588 3229 1831 3268 contmn-

244 3320 339 3359 nes
374 3306 631 3359 notiones
664 3307 980 3370 audiverim,
1034 3306 1127 3360 sed
1166 3306 1329 3360 etiam
1358 3306 1636 3360 didicerint
1658 3324 1688 3360 a
1717 3305 1828 3359 Pa-

247 3406 362 3450 tre:
395 3397 553 3450 hisce
600 3406 780 3451 autem
826 3396 1010 3452 verbis
1054 3397 1288 3451 divinam
1335 3398 1565 3467 gratiam
1620 3411 1743 3451 cum
1800 3411 1828 3449 a

244 3488 465 3542 Christo
503 3488 737 3543 Domino
764 3489 819 3543 in
846 3489 1012 3543 citato
1061 3489 1199 3551 loco,
1252 3499 1312 3542 ιιι
1366 3488 1526 3543 docet
1578 3488 1831 3559 Augusti-

251 3595 371 3644 nus,
400 3588 517 3633 tum
547 3594 575 3631 a
612 3578 842 3650 Didymo
871 3578 957 3633 hic
992 3578 1288 3648 signiﬁcari
1322 3577 1677 3633 dubitandum
1722 3594 1826 3632 non

244 3682 342 3725 est.
376 3669 542 3737 Quod
572 3679 631 3723 ut
654 3669 993 3724 manifestius
1019 3678 1297 3739 appareat,
1325 3669 1549 3740 legenda
1572 3678 1829 3737 suntquae

243 3764 464 3833 scripsit
487 3762 545 3817 in
584 3762 682 3816 lib.
734 3762 808 3816 De
843 3760 1046 3829 Spiritu
1075 3771 1255 3817 sancto
1289 3778 1437 3816 num.
1464 3763 1528 3817 51
1551 3780 1567 3829 ;
1590 3762 1661 3816 ibi
1683 3762 1825 3817 enim

245 3854 436 3907 divina:
483 3853 680 3924 gratiae
721 3852 1065 3907 tribuendum
1109 3866 1233 3907 esse
1278 3853 1455 3917 docet,
1507 3853 1654 3921 quod
1704 3851 1826 3921 quis

244 3943 332 3995 tiat
362 3943 611 3998 docibilis
642 3942 760 4007 Dei,
790 3943 842 3997 id
871 3953 975 4009 est,
1011 3960 1043 3996 a
1078 3942 1239 3997 Patre
1277 3947 1487 4009 audiat,
1527 3954 1575 3999 et
1631 3945 1823 3999 discat.

243 4035 392 4103 Quod
422 4051 559 4091 vero
582 4038 779 4090 attinet
807 4036 872 4090 ad
905 4050 1233 4090 communes
1278 4036 1411 4090 recti
1463 4036 1685 4106 verique
1724 4051 1825 4091 no-

246 4129 417 4183 tiones
452 4128 663 4182 homini
688 4142 717 4180 a
759 4126 867 4181 Deo
902 4129 1158 4192 insertas,
1188 4142 1324 4196 quas
1372 4126 1608 4182 admittit
1661 4126 1826 4199 Didy-

245 4234 379 4283 mus,
440 4217 684 4272 viderint
748 4217 860 4283 alii,
912 4227 1089 4271 utrum
1137 4217 1337 4272 innata:
1400 4217 1641 4272 dicenda:
1693 4218 1822 4283 sint,

242 4323 587 4378 necnezego
619 4308 747 4362 illud
792 4317 1000 4361 tantum
1055 4309 1214 4376 addo,
1275 4322 1370 4361 eas
1417 4324 1538 4363 cum
1588 4309 1657 4363 ah
1705 4308 1825 4363 aliis

238 4401 495 4457 Patrihus
550 4400 796 4470 agnosci,
844 4410 955 4455 tum
1007 4402 1170 4455 etiam
1224 4416 1253 4455 a
1304 4400 1574 4471 Prospero
1632 4402 1826 4457 divina:

238 4496 423 4566 gratia;-
454 4501 856 4565 propngnatore
885 4495 1225 4563 gravissimo,
1264 4497 1354 4564 qui
1388 4494 1465 4547 ait
1516 4508 1531 4546 :
1586 4490 1826 4549 Genitam

234 4590 501 4640 uobiscum
527 4586 792 4656 agnoscite
815 4584 995 4654 legem.

300 4678 461 4734 Alter
492 4677 733 4745 theologi
763 4677 930 4731 nostri
968 4678 1117 4733 locus
1164 4688 1340 4733 exstat
1394 4682 1446 4735 in
1502 4683 1821 4756 fragmentis

239 4780 268 4817 a
334 4766 743 4834 Christophoro
790 4764 990 4819 Wolﬁo
1045 4767 1329 4836 evulgatis,
1366 4772 1431 4824 ad
1466 4788 1584 4842 cap.
1615 4790 1648 4828 v
1677 4792 1819 4831 vers.

232 4857 320 4911 32.
373 4858 621 4926 Ειῳοιιίι
668 4856 813 4909 enint
870 4856 940 4910 ibi
997 4857 1111 4911 [nec
1162 4860 1417 4915 Actorum
1482 4864 1687 4929 verba,
1753 4866 1822 4920 Et

231 4949 447 5013 spiritus
517 4954 782 5011 sanctus,
849 4964 1001 5011 quem
1072 4948 1213 5001 dedit
1270 4950 1413 5005 Deus
1462 4955 1819 5011 obedientibus

231 5040 412 5108 sibi",
462 5040 517 5093 in
570 5039 715 5093 hunc
759 5040 975 5094 modum
1015 5039 1187 5096 :Non
1226 5042 1396 5096 solum
1450 5046 1503 5101 in
1552 5048 1688 5113 hoc,
1732 5050 1817 5103 in-

235 5133 370 5200 quit,
425 5135 521 5185 sed
558 5140 611 5185 et
653 5130 776 5184 aliis
826 5130 1116 5199 Scriptura:
1152 5132 1281 5187 locis
1313 5136 1659 5204 signiﬁcatur,
1701 5138 1823 5209 Spi-

236 5227 389 5276 ritum
410 5232 664 5275 sanctum
691 5221 834 5287 dari,
859 5222 907 5275 si
936 5239 1026 5275 nos
1050 5223 1150 5290 ipsi
1177 5226 1505 5280 occasionem
1527 5237 1573 5280 et
1600 5245 1817 5284 causam

234 5312 363 5365 iuud
401 5312 705 5380 accipiendi
724 5314 1131 5381 suppeditemus.
1166 5314 1388 5371 Obedire
1426 5321 1561 5373 enim
1587 5321 1694 5375 Deo
1742 5332 1816 5377 est

237 5418 311 5455 res
355 5403 571 5457 arbitrii
629 5403 821 5466 nostri,
868 5403 1000 5456 sicut
1045 5413 1095 5456 et
1154 5407 1383 5473 credere,
1448 5410 1634 5479 quibus
1676 5413 1821 5467 scili-

239 5503 312 5546 cet
360 5496 734 5551 convenienter
787 5493 1019 5560 Spiritus
1084 5511 1297 5553 sanctus
1346 5501 1503 5555 datus
1552 5513 1649 5568 est,
1700 5516 1820 5560 tan-

238 5601 387 5657 quam
433 5591 591 5643 donis
615 5587 827 5661 [XLIV]
864 5590 1051 5657 gratia:
1097 5590 1211 5660 ejus
1257 5592 1482 5661 a/I'ectis.
1540 5594 1644 5650 llis
1673 5599 1822 5668 affine

240 5678 497 5734 miliaad:
561 5699 583 5731 ι
613 5680 777 5734 Dabit
834 5679 1089 5750 Spiritum
1130 5694 1367 5738 sanctum
1424 5686 1714 5755 petentibus
1753 5691 1818 5742 ab

310 5866 351 5896 "
378 5866 499 5922 Act.
533 5882 588 5933 ν,
617 5866 706 5921 52.
789 5866 834 5897 δ’
868 5864 993 5921 Luc.
1021 5883 1095 5933 XI,
1122 5867 1202 5921 15.

1941 1924 2163 1995 dyutum
2188 1924 2477 1995 cogitasse,
2510 1932 2569 1976 ut
2602 1922 2791 1991 gratia!
2817 1920 3079 1976 salutaria
3111 1935 3275 1991 opera
3307 1933 3518 1991 praeve-

1939 2015 2138 2070 nientis
2167 2015 2544 2070 necessitatem
2574 2013 2910 2068 excluderet.

2009 2106 2190 2172 Quid?
2235 2104 2377 2176 quod
2430 2104 2602 2171 locus,
2653 2105 2719 2159 de
2762 2119 2869 2174 quo
2920 2103 3151 2175 agimus,
3198 2101 3358 2173 paulo
3395 2116 3522 2172 pero

1937 2198 2147 2267 plexior
2173 2198 2387 2252 videtur
2410 2238 2425 2262 ,
2450 2205 2509 2252 ut
2535 2197 2782 2251 dubitare
2814 2212 2921 2250 non
2975 2204 3177 2250 temere
3220 2196 3402 2259 liceat,
3449 2211 3517 2249 an

1938 2304 2126 2345 revera
2192 2290 2266 2344 ita
2324 2290 2605 2345 dictaverit
2648 2289 2923 2360 Didymus,
2977 2296 3033 2343 ut
3078 2288 3207 2358 legit
3264 2287 3517 2344 Wolﬁus.

1937 2377 2122 2435 Graeca
2152 2381 2295 2435 enim
2322 2382 2401 2435 sic
2434 2380 2563 2451 legit
2585 2400 2599 2434 :
2620 2382 2693 2433 Τὸ
2719 2380 2826 2453 γὰρ
2845 2380 3161 2457 πειθαρχεῖν
3182 2380 3300 2453 Θεῷ
3328 2398 3520 2453 προαι-

1941 2471 2173 2543 ρετικὸν,
2217 2472 2406 2545 ὥσπερ
2445 2473 2508 2525 τὸ
2561 2472 2859 2538 πιστεύειν,
2915 2468 2998 2538 οἷς
3043 2473 3183 2527 κατὰ
3226 2474 3519 2544 ἀναλογίαν

1934 2564 2143 2619 δέδοται
2174 2566 2235 2619 τὸ
2263 2567 2507 2638 Πνεῦμα,
2537 2570 2648 2631 τοῖς
2683 2566 2789 2620 τῶν
2812 2567 3167 2638 χαρισμάτων
3194 2565 3358 2620 αὑτοῦ
3386 2584 3520 2635 τυγ-

1937 2658 2180 2728 χάνουσι.
2219 2659 2347 2725 Qum
2376 2661 2441 2713 ad
2470 2659 2692 2714 verbum
2726 2674 2985 2714 conversa
3020 2661 3096 2714 sic
3123 2668 3347 2714 sonant:
3372 2656 3516 2711 Nam

1937 2749 2146 2802 obedire
2170 2748 2300 2817 Deo,
2326 2750 2679 2805 voluntarium
2708 2762 2782 2805 est
2816 2749 2955 2822 [sett,
2982 2750 3203 2804 liberum
3246 2749 3369 2822 est],
3410 2751 3517 2803 sic-

1936 2850 2067 2892 utet
2105 2841 2331 2905 credere,
2368 2842 2433 2896 iis
2475 2844 2661 2913 quibus
2693 2844 2854 2914 juxta
2903 2844 3205 2914 analogiam
3245 2845 3404 2898 datus
3438 2852 3516 2897 est

1937 2931 2192 2999 Spiritus,
2240 2933 2329 3002 qui
2365 2935 2504 2987 dona
2547 2935 2709 3001 ipsius
2750 2949 3155 3004 consequuntur.
3201 2934 3332 2990 Cum
3385 2949 3516 2991 vero

1936 3028 2114 3097 pigeat
2145 3043 2231 3082 me
2260 3028 2314 3082 in
2365 3031 2717 3098 grammatico
2766 3047 2959 3086 vocum
3007 3031 3257 3087 examine
3306 3042 3515 3101 tempus

1939 3127 2133 3182 terere,
2184 3134 2407 3174 mtssum
2460 3120 2562 3175 hoc
2608 3119 2812 3177 faciens
2846 3123 2927 3178 sic
2985 3130 3353 3194 argumentor.
3407 3124 3517 3177 Aut

1936 3208 2116 3274 lectio,
2142 3225 2301 3279 quam
2331 3209 2560 3266 Wolfius
2594 3213 2835 3277 exhibet,
2876 3215 3135 3269 mendosa
3170 3197 3396 3279 estfaut
3424 3229 3517 3283 ge-

1936 3300 2118 3355 nuina.
2157 3301 2212 3355 Si
2252 3302 2564 3356 mendosam
2597 3303 2718 3371 quis
2757 3319 2876 3357 eam
2928 3318 3047 3358 esse
3096 3312 3340 3371 reponat,
3396 3312 3517 3356 tan-

1934 3392 2022 3445 ditt
2062 3408 2191 3463 ergo
2223 3393 2424 3449 incerta
2453 3404 2535 3447 est
2563 3393 2770 3466 Didymi
2802 3397 2902 3452 hoc
2970 3398 3023 3451 iu
3077 3396 3195 3450 loco
3240 3398 3513 3451 sententia

1932 3498 1994 3535 ac
2030 3499 2204 3550 mens,
2243 3486 2478 3553 quandiu
2514 3501 2616 3540 non
2647 3497 2883 3553 constat,
2917 3487 3188 3556 quomodo
3218 3488 3515 3542 emendan-

1930 3577 2029 3629 dus
2063 3576 2133 3630 sit
2172 3577 2271 3631 iste
2306 3577 2477 3632 locus.
2512 3578 2605 3633 Sin
2645 3588 2825 3633 autem
2859 3581 3144 3649 genuinam
3192 3594 3311 3634 esse
3361 3581 3515 3635 dixe-

1928 3669 2023 3731 ris,
2055 3684 2115 3723 ea
2152 3669 2413 3724 duntaxat
2446 3671 2655 3740 Didymi
2702 3671 2883 3725 verbis
2935 3671 3309 3738 interpretatio
3360 3672 3513 3725 adhi-

1930 3760 2103 3814 benda
2131 3772 2238 3824 est,
2277 3776 2439 3829 quam
2494 3762 2636 3817 ferre
2682 3773 2927 3832 possunt.
2977 3763 3178 3819 Vocula
3226 3779 3357 3834 ergo
3405 3760 3511 3832 οἷς,

1929 3852 1979 3905 id
2000 3862 2083 3907 est
2116 3852 2179 3907 iis
2201 3856 2413 3924 quibus,
2441 3854 2724 3911 referenda
2754 3864 2839 3911 est
2870 3857 2936 3911 ad
2970 3857 3259 3913 dictionem
3310 3876 3510 3932 προαι-

1930 3944 2159 4014 ρετικόν,
2196 3945 2247 3998 id
2284 3955 2368 4000 est.
2405 3944 2663 4010 liberum;
2696 3962 2795 4001 nec
2821 3948 2963 4002 enim
3001 3947 3191 4001 referri
3234 3956 3407 4016 potest
3442 3949 3509 4002 ad

1926 4040 2150 4090 verbum
2190 4036 2493 4102 πιστεύειν,
2531 4039 2583 4092 id
2613 4049 2695 4093 est
2725 4040 2971 4093 credere:
2998 4040 3233 4110 alioquin
3284 4057 3388 4096 non
3443 4042 3510 4095 de

1926 4128 2032 4184 ﬁde
2070 4130 2367 4198 theologica
2398 4147 2499 4200 qua
2540 4131 2812 4186 credimus
2851 4132 2904 4186 itt
2956 4133 3142 4198 Deum,
3197 4133 3511 4203 loqueretur

1928 4221 2205 4293 Didymus,
2246 4224 2338 4277 sed
2377 4225 2443 4277 de
2477 4224 2579 4278 fide
2623 4239 2785 4293 quam
2842 4224 3105 4279 habemus
3150 4226 3281 4280 viris
3330 4226 3508 4296 gratia

1927 4315 2301 4370 sanctiﬁcante
2332 4316 2585 4372 donatis:
2643 4320 2785 4388 quod
2838 4331 2922 4374 est
2978 4319 3295 4373 absurdum.
3339 4317 3409 4371 At
3462 4318 3507 4372 si

1928 4423 2031 4462 vox
2059 4402 2140 4471 οἷς
2166 4408 2447 4463 referenda
2477 4419 2562 4464 est
2598 4411 2663 4463 ad
2701 4425 2886 4465 vocem
2938 4410 3343 4481 προαιρετικόν,
3383 4410 3509 4478 quis

1859 4533 1905 4589 η
1932 4515 2035 4553 non
2076 4499 2241 4565 videt,
2274 4498 2483 4570 Didymi
2526 4501 2691 4555 verba
2752 4517 2782 4555 a
2836 4504 3078 4571 qualibet
3124 4501 3505 4572 Pelagiunismi

1930 4590 2234 4660 suspicione
2262 4591 2525 4647 intmunia
2566 4594 2723 4647 esse?
2749 4594 2871 4649 Loci
2909 4596 3053 4648 enint
3090 4596 3359 4650 sententia
3392 4595 3508 4649 haec

1930 4692 2055 4738 est:
2092 4683 2159 4737 lis
2189 4682 2417 4738 liberum
2453 4699 2573 4739 esse
2614 4685 2722 4739 Deo
2754 4686 3001 4750 obedire,
3032 4696 3088 4740 et
3132 4688 3377 4752 credere,
3414 4687 3506 4756 qui

1928 4772 2161 4841 Spiritus
2195 4775 2367 4828 sancti
2405 4775 2543 4829 dona
2578 4787 3005 4846 consequantur.

1999 4866 2467 4934 Supervacaneum
2497 4883 2625 4923 vero
2654 4868 2794 4923 foret
2823 4870 2876 4923 in
2908 4870 3027 4924 aliis
3056 4868 3214 4937 hujus
3243 4869 3384 4923 modi
3420 4868 3503 4924 lo-

1926 4959 2005 5015 cis
2051 4960 2382 5027 explicandis
2426 4962 2726 5029 immorari,
2784 4963 2837 5016 in
2872 4964 3067 5033 quibits
3104 4965 3182 5017 ait
3224 4963 3502 5033 Didymus,

1928 5049 2189 5119 Spititunt
2223 5062 2466 5106 sanctum
2503 5053 2607 5109 illis
2640 5054 2896 5118 conferri,
2953 5065 3047 5108 aut
3093 5055 3146 5108 in
3197 5054 3305 5109 illis
3352 5054 3506 5108 habi-

1929 5154 2040 5197 tare
2065 5183 2080 5208 ,
2114 5143 2201 5213 qui
2226 5143 2370 5213 digni
2396 5146 2619 5199 adventu
2655 5144 2769 5214 ejus
2795 5146 3108 5211 exstiterint,
3158 5155 3218 5201 ul.
3263 5146 3504 5215 loquitur

1925 5236 2174 5292 ttttm.28
2220 5237 2341 5290 libri
2379 5236 2457 5289 De
2503 5237 2709 5305 Spiritu
2757 5247 2960 5302 sancto,
3007 5239 3156 5306 quire
3206 5254 3261 5291 se
3316 5238 3503 5307 dignos

1924 5329 2037 5396 ejus
2062 5344 2274 5381 munere
2312 5329 2742 5396 pratparaverint,
2765 5338 2823 5381 ut
2858 5328 2934 5382 ait
2968 5328 3161 5383 ibidem
3213 5342 3361 5381 nunt.
3408 5326 3499 5384 57.

1926 5415 2023 5472 His
2057 5419 2201 5473 enim
2240 5418 2503 5483 formulis,
2539 5434 2675 5489 quas
2715 5434 2819 5473 non
2846 5435 2991 5479 ,raro
3038 5419 3200 5473 etiam
3252 5419 3306 5472 in
3353 5419 3504 5474 libris

1927 5509 2003 5563 De
2032 5509 2290 5563 Trinitate
2323 5509 2504 5576 habet,
2535 5511 2877 5581 perspicuum
2899 5519 2983 5566 est
3007 5510 3198 5580 dignos
3246 5524 3342 5564 eos
3394 5510 3499 5565 dici

1926 5601 2154 5656 adventu
2184 5601 2417 5670 Spiritus
2435 5603 2631 5669 sancti,
2660 5605 2747 5672 qui
2775 5602 3141 5673 praecedentes
3167 5605 3368 5673 gratias
3390 5616 3499 5656 non

1925 5693 2271 5761 respuerint,
2321 5694 2413 5748 sed
2469 5694 2648 5749 divina
2710 5694 3001 5764 atljnvante
3049 5694 3219 5765 gratia
3269 5708 3301 5749 s
3354 5692 3502 5751 vitiis
