3970 6406
455 363 550 421 191

1881 359 1967 415 DL
1995 361 2254 418 [ΠΟΥΜο

3630 364 3730 420 192

455 472 674 530 liberali
714 472 844 530 sint.
873 470 974 527 His
1003 473 1140 526 enim
1163 471 1522 525 tantummodo
1565 469 1798 541 Spiritus
1839 483 2048 527 sanctus
2078 478 2127 533 Α
2154 487 2208 530 et
2235 491 2462 545 operum
2489 476 2832 532 salutarium.
2867 476 2935 535 Ut
2963 477 3108 532 enim
3141 477 3401 547 Didymus
3433 479 3546 546 ipse
3571 479 3648 531 ait
3677 482 3728 534 iu

453 567 725 630 inseritur,
753 567 1050 634 inquitipse
1063 579 1211 617 num.
1228 563 1298 617 49
1324 564 1567 632 ejusdem
1600 564 1724 618 libri
1749 564 1822 618 De
1840 564 2043 634 Spiritu

455 667 664 721 sancto,
692 657 784 727 qui
807 657 947 711 uitiis
959 655 1243 721 derelictis,
1266 655 1514 708 uirtutum
1531 658 2042 723 sectanturchorum,

454 761 502 804 st
523 751 687 819 juxta
712 767 825 817 eas,
859 760 908 804 et
933 765 1026 817 per
1055 765 1144 802 eas
1172 749 1226 802 in
1262 748 1367 816 [ide
1394 746 1596 802 Christi
1625 751 1889 806 victitant.

528 841 746 896 Tertius
807 842 959 897 locus
1001 849 1185 896 exstat
1232 840 1415 894 libro:
1467 839 1546 894 De
1579 840 1728 894 Trin.
1781 856 1902 911 pag.
1953 843 2042 897 5t.

457 932 737 997 Creatura,
772 935 966 1004 inquit,
1019 950 1112 1000 per
1138 933 1596 1003 participationem
1631 935 1786 988 habet
1831 935 2043 989 bonita-

463 1040 587 1093 tem,
617 1029 916 1082 imitatione
941 1029 1234 1096 exprimens
1265 1045 1360 1093 pro
1393 1029 1502 1083 suis
1537 1029 1702 1098 ipsius
1740 1030 1952 1092 viribus,
2000 1033 2047 1086 si

461 1120 540 1173 ita
565 1118 708 1188 loqui
742 1120 825 1186 [as
851 1128 949 1182 est,
982 1120 1244 1181 innatam,
1281 1129 1328 1172 et
1372 1118 1657 1186 perfectam
1696 1119 1791 1174 Dei
1837 1121 2046 1174 bonita-

461 1219 588 1274 tem,
613 1220 661 1264 et
695 1226 788 1279 per
818 1210 954 1263 hanc
976 1214 1122 1265 salva
1147 1212 1308 1279 facta.
1343 1209 1542 1264 Verum
1596 1226 1699 1265 non
1749 1227 1901 1278 casu,
1953 1213 2047 1269 sed

463 1300 711 1354 consulto
746 1301 892 1354 addit
924 1301 1220 1372 Didymus:
1265 1319 1358 1371 per
1387 1304 1522 1358 hanc
1571 1304 1686 1374 (Dei
1727 1304 2047 1375 bonitatem)

459 1391 604 1445 salva
625 1391 772 1460 facta
790 1433 804 1455 ,
830 1400 908 1457 et,
927 1393 973 1446 si
995 1393 1072 1444 ita
1094 1393 1233 1462 loqui
1252 1394 1334 1462 fas
1348 1405 1448 1449 est.
1469 1394 1624 1450 Vires
1648 1408 1777 1464 ergo
1801 1395 2049 1451 humana!

462 1497 602 1552 quas
629 1494 917 1548 memorat,
945 1499 1050 1538 non
1086 1494 1212 1538 sunt
1239 1499 1391 1541 mere
1435 1484 1731 1552 naturales,
1780 1487 1874 1542 sed
1925 1483 2047 1542 cuni

463 1575 648 1630 divina
682 1577 855 1645 gratia
883 1587 1258 1646 cooperantes.
1290 1579 1408 1646 Quo
1438 1593 1598 1634 sensu
1632 1580 1685 1634 in
1713 1579 1852 1633 libro
1882 1580 2046 1634 etiam

464 1667 765 1738 DeSpiritu
794 1680 976 1723 sancto
1011 1685 1160 1724 num.
1192 1671 1286 1738 22,
1321 1672 1436 1725 ait:
1475 1670 1608 1726 Cum
1647 1683 1821 1726 autem
1875 1671 2049 1728 Filius

461 1760 637 1831 imago
659 1762 727 1814 sit
758 1761 853 1815 Dei
886 1761 1188 1830 invisibilis,
1238 1772 1287 1817 et
1326 1763 1501 1833 forma
1546 1763 1855 1818 substantia:
1901 1765 2047 1833 ejus;

463 1852 760 1924 quicunque
785 1853 856 1907 ad
886 1854 1023 1908 hanc
1047 1855 1348 1925 imaginem,
1379 1855 1456 1910 rel
1487 1855 1712 1924 formant
1743 1857 2045 1926 imaginan-

463 1956 553 1998 tur
587 1953 747 2014 atque
796 1944 1119 2014 formantur,
1171 1945 1503 1999 adducentur
1546 1947 1599 1998 in
1643 1946 2046 2000 similitudinem

468 2035 586 2100 Dei,
614 2035 778 2105 juxta
810 2036 942 2090 uires
965 2046 1138 2089 tamen
1158 2036 1378 2090 humani
1431 2036 1714 2105 profectus,
1751 2038 2048 2091 istiusmodi

463 2127 691 2196 formant
736 2137 784 2181 et
815 2127 1102 2198 imaginem
1135 2137 1524 2198 consequentes.
1571 2127 1840 2184 Caelentm
1879 2131 2046 2183 verba

465 2219 602 2284 haec,
627 2235 721 2287 pro
746 2220 857 2272 suis
887 2218 1051 2288 ipsius
1073 2219 1268 2273 uiribus
1289 2234 1310 2283 ;
1338 2230 1414 2287 et,
1451 2219 1609 2290 juxta
1650 2222 1782 2275 uires
1833 2223 2048 2275 humani

463 2309 752 2378 profectus,
783 2324 938 2379 mque
975 2309 1156 2367 valere
1182 2310 1397 2381 opinor,
1427 2321 1591 2382 atque
1638 2313 1761 2382 ista,
1787 2325 2046 2385 quantum

465 2401 665 2455 homini
696 2402 942 2472 possibile
969 2414 1065 2458 est.

537 2493 856 2551 Postremus
921 2496 1074 2553 locus
1123 2508 1302 2554 exstat
1362 2499 1417 2553 in
1469 2497 1924 2554 Enarrationibus
1980 2502 2049 2552 ad

466 2603 583 2656 cap.
613 2602 629 2642 ι
665 2585 835 2656 Epist.
870 2587 899 2642 I
931 2587 1096 2646 Petri.
1148 2589 1222 2646 lbi
1273 2591 1438 2646 verba
1484 2591 1666 2658 Petri,
1693 2593 1736 2624 "
1761 2591 2048 2646 Electis....

472 2681 759 2734 secundum
809 2684 1192 2751 prazscientiam
1240 2683 1338 2737 Dei
1387 2681 1596 2750 Patris,
1650 2685 1730 2738 sic
1775 2685 2048 2750 explicat:

467 2769 595 2825 «His
614 2774 950 2828 concordant
997 2791 1116 2844 quae
1161 2790 1189 2828 a
1220 2775 1385 2831 Paulo
1419 2777 1560 2831 dicta
1597 2786 1724 2831 sunt
1755 2777 1866 2831 ita:
1905 2775 2050 2830 Sicut

469 2862 656 2936 [XLV]
690 2864 847 2934 elegit
878 2882 971 2920 nos
1014 2867 1203 2936 inipso
1236 2878 1356 2922 ante
1402 2869 1662 2938 originem
1716 2869 1898 2922 mundi
1941 2885 2052 2922 esse

467 2964 681 3010 sanctos
725 2965 775 3010 et
799 2958 1172 3014 immaculatos
1197 2961 1376 3014 cor‘am
1403 2976 1462 3015 eo
1489 2961 1545 3013 in
1582 2961 1883 3025 dilectione,
1915 2978 2053 3030 pra:-

467 3045 737 3107 destinans
762 3061 857 3100 nos
888 3047 942 3101 in
990 3051 1322 3118 adoptionem
1351 3049 1580 3118 ﬁliorum
1597 3051 1663 3105 “.
1713 3051 1866 3105 Licet
1906 3052 2052 3106 enim

2147 569 2337 623 iisdem
2368 569 2812 624 Enarrationibus
2836 573 2904 623 ad
2929 581 3083 637 caput
3112 586 3169 625 ιιι
3201 570 3372 637 Epist.
3404 569 3433 623 ι
3463 569 3730 626 Joannis:

2146 656 2275 713 Filii
2316 659 2413 713 Dei
2450 677 2634 714 sumus
2665 661 2784 730 jam
2823 677 2857 714 a
2892 664 3141 730 praesenti
3175 662 3390 715 sacculo.
3416 699 3433 716 .
3462 701 3478 716 .
3506 703 3522 718 .
3553 701 3569 714 .
3604 665 3729 718 dum

2145 761 2345 804 constat
2381 753 2434 804 in
2475 753 2649 817 nobis,
2677 754 2811 806 sicut
2847 752 3095 822 possibile
3131 762 3225 817 est,
3260 753 3316 806 in
3343 755 3593 824 presenti
3623 755 3730 810 vita

2145 843 2381 912 ﬁliorum
2409 845 2645 914 adoptio.

2592 933 2722 988 CAP.
2754 931 2866 988 VII.
2903 933 2978 988 De
3005 936 3267 1000 apatheia.

2223 1022 2559 1079 Vocabulum
2583 1025 2844 1090 ἀπάθεια,
2874 1027 3043 1095 quod,
3077 1036 3321 1096 spectata
3346 1027 3466 1097 ejus
3493 1029 3728 1098 origine,

2149 1113 2616 1182 impatibilitatem,
2651 1115 2768 1169 sive
2801 1117 3188 1169 immunitatem
3219 1133 3250 1170 a
3281 1118 3526 1184 passione
3559 1119 3733 1188 signi-

2153 1207 2299 1272 licat,
2363 1217 2488 1275 post
2534 1206 2747 1277 Didymi
2779 1206 2987 1261 obitum
3021 1207 3314 1264 Calbolicis
3345 1210 3500 1264 valde
3539 1227 3733 1282 suspe-

2152 1308 2298 1352 ctnrn
2325 1299 2517 1362 evasit,
2553 1298 2695 1367 quod
2726 1313 2792 1353 eo
2829 1297 3103 1370 Pelagiani
3138 1301 3369 1369 turpiter
3400 1303 3557 1356 abusi
3593 1304 3732 1360 sint.

2151 1387 2286 1443 Cum
2345 1391 2510 1464 igitur
2538 1390 2798 1461 Didymus
2830 1390 2946 1459 ipse
2982 1390 3110 1445 illud
3147 1394 3510 1460 usurpaverit,
3546 1395 3732 1450 videa-

2150 1498 2270 1537 mus
2305 1498 2470 1547 nuuc,
2503 1493 2682 1536 utrum
2719 1497 2886 1551 pravo
2948 1497 3016 1537 an
3047 1493 3196 1539 recto
3225 1499 3386 1539 sensu
3419 1486 3470 1540 id
3504 1502 3732 1555 accepe-

2152 1575 2244 1628 rit.
2294 1575 2449 1641 Quod
2502 1575 2814 1644 priusquam
2868 1575 3240 1645 perpendam,
3299 1577 3732 1636 animadvertere

2149 1680 2286 1734 Opus
2316 1676 2431 1732 est,
2465 1667 2635 1721 tribus
2674 1666 2946 1736 prazcipue
2987 1666 3162 1722 modis
3205 1681 3324 1721 eam
3372 1683 3558 1722 vocem
3600 1670 3730 1724 olim

2152 1768 2420 1828 sumptam
2471 1773 2613 1814 esse.
2659 1756 2796 1812 Nam
2845 1758 3022 1827 primo
3075 1759 3276 1814 dicitur
3324 1759 3563 1832 ἀπαθής,
3618 1763 3734 1819 sive

2151 1852 2496 1921 impassibilis
2521 1853 2771 1908 absolute
2793 1864 2848 1909 et
2872 1854 3212 1924 simpliciter.
3241 1855 3418 1923 Atque
3440 1855 3541 1908 hoc
3568 1870 3734 1911 sensu

2152 1945 2407 2016 Didymus
2439 1946 2533 2000 lib.
2561 1962 2598 2000 ιι
2621 1945 2698 2000 De
2727 1945 3012 2016 Trin.pag.
3039 1945 3169 2012 2H,
3196 1948 3272 2000 ait
3299 1965 3316 2001 :
3346 1946 3449 2010 Qui
3480 1963 3599 2000 vero
3632 1949 3737 2000 im-

2147 2039 2412 2106 passibilis
2424 2048 2524 2104 est,
2553 2039 2689 2092 Deus
2701 2047 2796 2093 est.
2822 2039 2877 2092 ln
2894 2039 3026 2093 libro
3047 2049 3224 2092 autem
3241 2037 3314 2090 De
3326 2037 3527 2107 Spiritu
3546 2048 3735 2093 sancto

2160 2146 2310 2184 num.
2347 2131 2403 2196 9,
2432 2141 2590 2184 vocat
2616 2130 2877 2200 Spiritum
2923 2141 3171 2184 sanctum
3203 2131 3594 2198 intpussibilem.
3629 2128 3738 2184 Se-

2153 2226 2330 2280 cundo
2360 2224 2579 2295 ἀπαθής
2616 2225 2813 2279 dicitur
2844 2224 2954 2282 ille.
2987 2225 3104 2291 qui,
3139 2237 3195 2274 ut
3227 2224 3404 2276 verbis
3432 2232 3556 2274 utar
3601 2219 3734 2275 Ilie-

2153 2317 2365 2388 ronymi
2413 2321 2480 2370 ad
2535 2316 2925 2385 Ctesiphontem
2989 2316 3305 2378 scribentis,
3357 2314 3425 2366 ad
3478 2315 3736 2368 uirtutum

2151 2409 2508 2462 summitatem
2569 2425 2686 2462 cum
2737 2411 2929 2462 uerterit
2985 2407 3356 2472 meditatione,
3410 2416 3458 2459 et
3514 2406 3735 2459 assidua

2152 2501 2392 2566 ipsarunt
2433 2502 2679 2553 virtutum
2715 2501 3121 2563 exercitatione,
3162 2500 3462 2568 passiones,
3493 2515 3583 2552 seu
3614 2515 3738 2563 per-

2151 2591 2478 2643 turbationes
2511 2592 2584 2644 ita
2613 2596 2676 2644 de
2711 2603 2880 2644 mente
2907 2592 3267 2659 exstirpaverit
3289 2631 3304 2656 ,
3335 2601 3389 2643 ut
3421 2591 3567 2642 nulla
3592 2591 3734 2657 ﬁbra

2154 2686 2411 2754 radixque
2457 2686 2703 2737 uitiorum
2750 2685 2803 2736 in
2853 2701 2912 2737 eo
2959 2685 3183 2738 resideat
3233 2698 3253 2737 :
3290 2684 3420 2736 adeo
3465 2694 3520 2734 ut
3565 2698 3628 2735 ne
3678 2683 3739 2736 in

2155 2786 2303 2828 nocte
2349 2777 2558 2846 quidem
2604 2793 2663 2829 ea
2707 2778 2946 2844 patiatur
2988 2791 3110 2843 qua;
3147 2774 3415 2826 hominum
3444 2783 3600 2838 sunt,
3642 2788 3739 2826 nec

2157 2869 2469 2936 cogitatione
2496 2868 2738 2919 vitiorum
2771 2868 2944 2936 aliqua
2967 2865 3224 2917 titilletur.
3247 2863 3357 2918 lloc
3385 2879 3544 2918 sensu
3571 2878 3741 2932 quos-

2157 2961 2278 3011 dam
2307 2969 2524 3011 sanctos
2567 2959 2812 3010 homines
2861 2960 3091 3010 evadere
3127 2955 3494 3023 impasslbiles,
3536 2955 3741 3008 docue-

2158 3057 2282 3101 runt
2317 3045 2618 3116 Pelagiani.
2655 3050 2772 3113 Quo
2803 3059 2982 3101 autem
3021 3046 3235 3100 illorum
3270 3046 3560 3100 absurdiur
3596 3044 3740 3100 foret

465 3136 691 3206 quidam
723 3136 928 3203 dicant,
963 3140 1219 3208 quoniam
1251 3155 1485 3210 semper,
1525 3152 1579 3196 et
1614 3152 1742 3198 ante
1768 3143 2050 3204 mundum.
2083 3166 2126 3223 ρ
2160 3142 2374 3210 opinio,
2421 3142 2551 3195 illud
2599 3142 2766 3195 etiam
2818 3143 3110 3212 aliquando
3144 3141 3333 3195 saltem
3385 3141 3736 3202 addiderunt,

473 3229 875 3284 rationabilium
929 3241 1127 3287 natura
1170 3234 1273 3300 sit;
1327 3243 1700 3289 verumtamen
1754 3236 2054 3304 praevidens

472 3321 614 3377 Deus
672 3321 853 3388 tidem,
907 3333 961 3380 et
1018 3337 1172 3381 actus
1229 3326 1534 3392 hominum,
1582 3343 1704 3395 qua:
1757 3327 2054 3400 [tegendum

469 3426 618 3486 puto,
675 3418 790 3490 qui]
860 3430 1096 3487 aguntur
1154 3435 1251 3490 per
1297 3419 1666 3490 evangelicam
1719 3421 2050 3486 doctrinam,

472 3508 818 3576 praescienter
849 3511 997 3580 elegit
1027 3527 1112 3565 eos
1146 3513 1198 3564 in
1241 3509 1451 3565 Christo
1493 3520 1616 3566 ante
1656 3514 1838 3566 mundi
1885 3515 2051 3584 origi-

473 3615 609 3664 nem,
644 3599 756 3668 jam
798 3609 926 3655 tunc
963 3602 1354 3670 prwdestinans
1381 3619 1468 3657 eos
1497 3603 1637 3670 ﬁlios
1679 3617 1799 3659 esse
1829 3606 2056 3674 partici-

473 3691 562 3760 pio
592 3702 809 3747 sanctos
843 3693 1166 3760 adoptionis.
1209 3693 1558 3750 Prtescientiu
1588 3696 1732 3750 enim
1760 3697 1887 3750 nihil
1913 3697 2055 3751 aliud

472 3795 555 3840 est
585 3786 848 3854 putanda,
882 3803 1047 3857 quam
1094 3788 1481 3858 contemplatio
1538 3787 1886 3844 futurorum:
1938 3806 2057 3859 quae

475 3892 580 3932 non
616 3887 698 3932 est
718 3877 834 3946 jam
863 3880 1202 3948 pra-scientia
1237 3889 1445 3949 postea,
1473 3881 1566 3935 sed
1618 3881 1870 3943 scientia,
1928 3882 2055 3934 dum

474 3985 536 4024 ea
567 3986 687 4038 quae
713 3973 966 4042 primitus
1001 3976 1366 4044 contemplata
1395 3985 1543 4040 sunt,
1591 3978 1815 4031 veniunt
1860 3977 1928 4030 ad
1973 3976 2054 4031 el-

478 4059 698 4116 fectum.
745 4061 898 4118 Licet
946 4064 1109 4134 igitur
1152 4065 1435 4120 secundum
1487 4069 1870 4135 pra’scientiam
1911 4067 2059 4122 electi

475 4163 632 4207 erant
664 4155 860 4224 quibus
889 4155 1081 4210 Petrus
1112 4157 1338 4222 scribit;
1376 4169 1751 4214 verumtamen
1785 4161 2057 4214 exsisten-

477 4245 622 4300 tibus
677 4247 756 4302 eis
793 4246 989 4303 Petrus
1015 4249 1272 4318 loquitur.
1322 4250 1523 4318 Abjicit
1581 4251 1762 4319 itaque
1825 4251 2055 4306 fabulam

477 4336 899 4395 Manichaeorum
939 4343 1004 4395 de
1030 4343 1240 4396 naturis
1269 4352 1323 4396 et
1353 4343 1660 4397 intellectus
1687 4358 1946 4410 praesens.
1976 4363 1994 4395 ι

548 4430 746 4486 Parum
798 4448 926 4488 vero
971 4433 1086 4488 ιιίιεο
1137 4434 1382 4488 arrident
1435 4435 1647 4488 censori
1701 4434 1813 4498 illi,
1861 4435 1952 4504 qui
2005 4436 2056 4488 in

2165 3246 2325 3301 posse
2355 3231 2630 3286 hominem
2669 3231 2800 3284 solis
2846 3244 3052 3284 naturte
3088 3231 3292 3284 viribus
3324 3232 3389 3283 ad
3427 3230 3737 3298 huiusmodi

2158 3334 2364 3379 statum
2395 3326 2700 3392 pervenire.
2736 3324 2830 3377 llis
2859 3325 3192 3393 Augustinus
3226 3323 3278 3376 in
3312 3326 3446 3377 libro
3481 3324 3555 3376 De
3593 3324 3736 3376 dono

2155 3413 2709 3480 perseverantiw,cap.
2737 3412 2794 3474 2,
2836 3417 2937 3466 hoc
2969 3411 3223 3466 Ecclesia:
3249 3414 3440 3481 dogma
3469 3413 3694 3482 oppetiit
3720 3430 3736 3466 :

2158 3501 2224 3555 In
2249 3514 2655 3572 quantacunque
2670 3504 2880 3572 justitia
2903 3504 3016 3556 sine
3035 3504 3482 3574 qualibuscuuque
3505 3503 3737 3572 peccatis

2159 3592 2214 3643 in
2257 3591 2355 3643 hoc
2391 3590 2727 3658 corruptibili
2769 3608 2982 3660 corpore
3019 3609 3164 3644 nemo
3201 3593 3342 3645 vivit.
3385 3593 3516 3646 Cum
3559 3591 3738 3661 gratia

2160 3695 2357 3750 nempe
2397 3681 2692 3744 ordinaria,
2731 3693 2788 3734 ut
2817 3697 2916 3750 ego
2951 3683 3296 3749 interpretor.
3335 3684 3557 3736 Demum
3592 3681 3740 3735 ἀπὰο

2159 3771 2307 3836 Oeta,
2337 3773 2453 3826 sive
2488 3773 2864 3841 imputibilitas
2895 3775 3128 3828 sumitur
3161 3775 3322 3827 etiam
3362 3791 3456 3843 pro
3482 3791 3541 3827 eo
3571 3789 3739 3840 statu,

2161 3867 2335 3936 inquit
2385 3866 2686 3921 Cotelerius
2741 3878 2884 3921 torno
2943 3865 2964 3919 ι
3035 3866 3257 3919 Patrum
3301 3868 3737 3936 apostolicorum,

2160 3975 2283 4031 pag.
2335 3960 2472 4023 548,
2508 3962 2563 4013 in
2600 3978 2700 4030 quo
2745 3963 2948 4028 positus
2984 3961 3060 4012 rir
3100 3977 3341 4026 sanetus,
3377 3978 3468 4027 per
3508 3961 3741 4027 gratiam

2161 4051 2258 4104 Dei
2291 4052 2463 4104 minus
2491 4053 2686 4104 crebris
2706 4093 2721 4117 ,
2757 4051 3147 4121 minoribusque
3175 4053 3547 4104 tentationibus
3573 4051 3744 4103 obito-

2159 4144 2280 4198 xius
2306 4156 2406 4208 est,
2441 4161 2530 4198 nec
2558 4145 2889 4214 gravioribus
2920 4147 3146 4213 peccatis
3172 4145 3478 4198 succumbit.
3503 4147 3581 4199 Ac
3608 4159 3744 4198 sane

2159 4236 2432 4292 ἀπάθειαν
2484 4240 2564 4292 sic
2618 4239 2806 4292 delinit
2880 4238 2938 4292 S.
2994 4238 3259 4292 Maximus
3315 4241 3555 4291 centuria
3600 4253 3616 4291 ι
3665 4238 3747 4292 De

2161 4329 2444 4394 charitate,
2487 4345 2606 4397 cap.
2657 4331 2768 4392 56,
2827 4341 2884 4383 ut
2931 4332 3004 4383 sit
3051 4342 3270 4398 pacatus
3317 4334 3506 4384 animi:
3546 4340 3742 4397 status,

2161 4419 2447 4473 secundum
2478 4437 2628 4490 quem
2660 4421 2936 4491 diﬁiculter
2969 4435 3204 4475 moretur
3232 4425 3412 4474 anima
3435 4440 3556 4491 erga
3587 4423 3747 4475 ntali-

479 4517 896 4578 Enarrationum
943 4526 1186 4594 margine
1220 4525 1412 4579 breves
1442 4532 1598 4579 notas
1634 4529 1921 4594 apposuit;
1966 4541 2049 4578 ar-

2163 4516 2314 4567 tiant.
2339 4513 2569 4568 Sanctus
2583 4530 2709 4568 vero
2739 4517 2951 4569 lsaacus
2977 4517 3318 4585 Syrus.libr0
3343 4533 3378 4569 ιι
3404 4518 3742 4587 Sermonum,

489 4614 729 4668 ltitratur
756 4617 902 4670 enim
937 4618 1002 4681 is,
1031 4627 1090 4670 ut
1127 4617 1343 4687 opinor,
1379 4627 1473 4670 aut
1505 4617 1695 4670 saltem
1727 4617 2053 4685 suspicatur,

485 4708 770 4778 llidyntunt
802 4709 891 4765 itic
922 4710 1064 4779 loqui
1100 4712 1166 4766 de
1195 4711 1672 4780 prcedestinatione
1712 4727 1832 4779 quae
1865 4711 2056 4765 subse-

481 4810 688 4868 quatur
738 4802 1068 4855 naturalium
1123 4803 1441 4857 meritorum
1502 4801 1911 4870 prmvisioncm,
1967 4811 2060 4855 aut

483 4891 679 4946 saltem
716 4894 781 4945 de
815 4892 1286 4961 prmdestinatione
1315 4893 1380 4946 ad
1420 4892 1664 4962 gloriam.
1697 4891 1788 4954 At,
1826 4890 1928 4945 nisi
1962 4904 2058 4959 ego

490 4983 668 5050 fallor,
705 4984 960 5054 Didymus
998 4998 1172 5053 neque
1215 4986 1281 5040 de
1320 4984 1796 5054 praedestinatione
1841 4985 1906 5036 ad
1938 4984 2054 5050 glo-

487 5079 622 5131 riam
649 5077 909 5146 loquitur,
942 5093 1118 5146 neqne
1139 5077 1203 5130 de
1231 5077 1702 5146 prmdestinatione
1731 5077 1796 5129 ad
1824 5078 2054 5147 gratiam

484 5186 548 5223 ex
583 5169 826 5239 praevisis
859 5169 1069 5224 meritis
1107 5170 1445 5224 naturalibus
1477 5187 1490 5224 :
1523 5169 1722 5222 nullam
1767 5169 1911 5222 enim
1958 5183 2053 5220 ne-

481 5277 588 5328 que
620 5261 837 5328 gloria},
870 5276 971 5315 nec
1002 5261 1320 5314 meritorum
1357 5259 1684 5314 naturalium
1728 5259 2054 5313 mentionem

489 5353 652 5412 facit:
686 5369 806 5407 nam
845 5367 1153 5407 sermonem
1185 5351 1349 5405 habet
1375 5351 1443 5406 de
1484 5352 1958 5422 praedestinatione
1990 5354 2056 5404 ad

482 5447 713 5514 gratiam
749 5445 1090 5515 adoptionis,
1128 5444 1243 5499 sive
1277 5445 1708 5499 sanctiﬁcantem
1730 5483 1745 5508 ,
1775 5459 1894 5513 qua:
1930 5458 2060 5512 pra:-

481 5536 775 5592 destinatio
840 5537 1206 5606 subsequatur
1276 5535 1666 5604 praescientiam
1739 5537 2055 5590 meritorum

482 5641 580 5698 per
599 5616 828 5695 gratiam
860 5627 1270 5696 acquisitorum,
1301 5625 1422 5680 lidei
1447 5641 1658 5695 .nempe
1689 5628 2031 5698 putissimum

557 5827 598 5859 ⁵⁷
630 5826 812 5882 Il'ett'.
843 5844 880 5891 Ι,
923 5829 964 5892 ί,
999 5828 1050 5881 2.
1135 5830 1175 5859 ⁸⁸
1219 5828 1409 5897 Ιῖιδὶισδ.
1442 5845 1474 5894 ι,
1509 5828 1559 5896 li,
1592 5829 1636 5882 5.

2159 4623 2407 4662 sertIIOItc
2437 4609 2528 4671 54,
2578 4625 2700 4677 pug.
2735 4609 2840 4660 200
2875 4608 3102 4662 Νειιιιιιιιί
3133 4612 3333 4663 codicis
3370 4611 3585 4664 eosdem
3622 4627 3746 4665 ser-

2162 4717 2348 4754 mones
2382 4703 2708 4754 continentis
2737 4720 2748 4754 :
2781 4702 2846 4752 Τί
2924 4703 3089 4764 ἐστιν,
3144 4703 3337 4770 inquit,
3441 4701 3678 4754 ἀπάθεια.

2161 4789 2513 4860 ἀνθρωπίνης
2569 4788 2833 4841 ἈπάΟεια
2870 4790 2928 4841 οὐ
2956 4790 3016 4840 τὸ
3045 4791 3118 4861 μὴ
3155 4791 3478 4861 αἰσΘηΟῆναι
3502 4791 3608 4842 τῶν
3639 4809 3749 4844 πα-

2163 4883 2271 4936 Οῶν
2304 4885 2450 4934 ἐστιν
2475 4899 2488 4912 ο
2519 4882 2657 4934 ἀλλὰ
2688 4883 2747 4934 τὸ
2791 4878 2864 4953 μὴ
2901 4883 3151 4946 δέξασθαι
3186 4884 3256 4935 τὰ
3299 4885 3477 4954 πάθη·
3511 4885 3576 4936 ἐκ
3612 4883 3750 4936 πολ-

2162 4974 2271 5028 λῶν
2303 4974 2410 5045 γὰρ
2459 4975 2554 5027 καὶ
2598 4975 2857 5028 ποικίλων
2908 4975 3119 5046 ἀρετῶν
3164 4969 3236 5027 ὧν
3290 4977 3592 5045 ἐκτήσαντο
3631 4975 3750 5028 τῶν

2165 5073 2414 5144 φανερῶν
2445 5074 2538 5126 καὶ
2577 5073 2832 5145 κρυπτῶν
2853 5113 2866 5134 ,
2903 5075 3206 5144 ἡσθὲν-εἶπαν
3240 5077 3424 5138 αὐτοῖς
3452 5075 3518 5127 τὰ
3556 5075 3706 5144 πάθη
3727 5092 3742 5106 ο

2164 5166 2258 5218 καὶ
2309 5166 2369 5218 οὐ
2416 5165 2668 5218 δύνανται
2719 5165 2959 5236 εὐχερῶς
3007 5167 3381 5236 ὲπαναστῆναι
3442 5167 3582 5219 κατὰ
3639 5166 3748 5234 τῆς

2165 5258 2368 5328 ψυχῆς,
2401 5259 2436 5311 i.
2465 5275 2514 5310 ιδ.
2544 5257 2683 5321 Quid
2709 5269 2782 5309 est
2815 5260 3042 5310 humana
3078 5260 3493 5327 impatibilitns?
3521 5257 3749 5324 Impati-

2167 5350 2345 5404 bilitas
2382 5348 2594 5422 [XLVl]
2635 5367 2736 5402 non
2777 5352 2829 5402 in
2867 5367 2926 5402 eo
2971 5356 3072 5403 sita
3108 5366 3200 5412 est,
3241 5364 3294 5404 ut
3326 5352 3596 5419 passiones
3641 5366 3750 5403 non

2166 5445 2480 5507 sentiantur,
2511 5445 2602 5496 sed
2642 5444 2698 5495 in
2729 5459 2790 5496 eo
2827 5456 2880 5495 ut
2925 5446 3194 5510 passiones
3228 5461 3328 5497 non
3380 5445 3704 5511 recipiantur
3727 5457 3748 5496 :

2167 5553 2289 5589 nam
2330 5552 2394 5590 ex
2427 5538 2607 5589 multis
2640 5537 2899 5605 variisque
2941 5537 3219 5590 virtutibus
3269 5552 3387 5589 cum
3422 5536 3746 5602 manifestis,

2169 5637 2278 5679 tum
2307 5627 2542 5693 occultis,
2574 5644 2703 5693 quas
2732 5628 3124 5702 acquisiverunt
3196 5628 3385 5682 debiles
3419 5628 3576 5694 facta:
3623 5634 3747 5680 sunt
