3970 6406
224 376 308 432 '33
1344 370 1910 428 COMMENTARIUS.
1954 404 2023 414 --
2067 376 2195 431 LIB.
2232 377 2279 433 ιι

3336 381 3441 437 194

215 511 368 548 eorum
407 506 656 561 passiones
677 530 693 556 ,
729 506 823 544 nec
870 501 1088 559 possunt
1123 491 1241 545 ἱειιε
1286 501 1475 546 contra
1516 494 1751 545 animam
1779 500 1828 552 Α
1859 495 2057 547 amicos
2091 496 2185 550 Dei
2214 493 2514 550 constituit.
2549 494 2659 551 Nec
2686 497 2828 551 enim
2862 498 3068 561 dubito,
3102 500 3232 568 quin
3262 500 3440 569 ἐμπα-
3468 492 3502 563 ξ’

214 586 350 656 facile
366 587 632 653 insurgere.
666 580 783 636 Hoc
811 581 981 638 ferme
1005 598 1164 639 sensu
1187 584 1349 654 vulgo
1375 583 1751 655 intelliguntur

216 678 405 742 Irenaai,
434 676 658 742 Justini,
699 673 1001 730 Clementis
1032 676 1418 741 Alexandrini,
1456 675 1662 743 Basilii,
1698 685 1753 733 et

217 770 407 824 aliorum
430 768 563 832 loca,
589 767 640 821 in
670 766 873 836 quibus
899 763 1176 820 Justorum
1210 764 1451 819 ἀπάθεια
1480 781 1752 821 memora-

222 873 312 914 lttl'.
338 861 429 930 Ego
458 874 586 914 vero
623 859 766 913 hanc
797 856 1220 927 explicationem
1259 871 1363 911 non
1397 857 1570 912 solum
1620 857 1750 926 reji-

223 966 328 1005 cere
351 968 434 1004 non
457 950 648 1013 audeo,
683 948 779 1003 sed
807 949 973 1003 etiam
1006 946 1243 1001 libenter
1268 962 1384 1003 eam
1415 947 1745 1016 amplector,

226 1058 279 1097 ac
296 1043 397 1096 illud
422 1050 619 1094 tantum
654 1039 878 1109 adjicio,
900 1038 1031 1093 mihi
1061 1037 1279 1107 quidem
1310 1053 1498 1093 eorum
1526 1038 1748 1094 Patrum

232 1136 319 1189 loca
348 1133 516 1203 legenti
565 1133 742 1187 visum
791 1147 912 1187 esse
938 1170 951 1196 ,
988 1131 1134 1200 ipsos
1174 1130 1441 1184 interdum
1492 1131 1752 1198 apatheia:

226 1225 398 1281 nomine
421 1223 548 1279 nihil
582 1223 734 1277 aliud
756 1221 1045 1290 designare
1067 1220 1326 1284 voluisse,
1359 1236 1521 1290 quam
1551 1230 1748 1275 statum

222 1320 353 1383 illum,
388 1317 435 1370 in
464 1332 570 1386 quo
611 1325 708 1370 aut
742 1330 852 1384 per
894 1314 1249 1383 baptismum,
1296 1322 1389 1366 aut
1431 1327 1526 1381 per
1572 1313 1749 1381 paeni-

216 1410 396 1465 tentiam
428 1408 587 1462 homo
624 1409 692 1461 ab
719 1408 866 1462 omni
900 1407 1112 1476 peccati
1139 1407 1297 1461 sorde
1327 1406 1611 1461 mundatus
1638 1407 1703 1461 sil
1732 1425 1746 1462 :

210 1503 319 1555 adeo
340 1512 391 1555 ut
416 1500 583 1564 πάθος
623 1515 734 1555 non
770 1510 880 1555 tam
921 1501 1250 1568 passionem,
1278 1514 1439 1567 quam
1481 1511 1749 1567 peccatum

207 1608 548 1663 nonnunquam
580 1602 776 1659 sonet;
809 1592 1038 1661 ideoque
1058 1591 1279 1662 ἀπαθής
1308 1591 1605 1660 aliquando
1639 1608 1747 1647 non

204 1700 291 1745 tam
316 1693 359 1746 is
381 1693 627 1758 dicatur,
658 1692 748 1761 qui
780 1693 1043 1763 passionis
1063 1731 1078 1755 ,
1106 1703 1199 1747 aut
1223 1692 1552 1762 passionum,
1584 1704 1747 1758 quant

199 1784 272 1854 qui
296 1785 476 1851 peccati
502 1784 743 1838 actualis
776 1800 961 1853 expers
991 1782 1175 1837 fuerit.

1864 584 1979 649 θεῖς
2004 584 2191 642 Graece
2225 588 2425 642 dixerit
2453 585 2715 660 Didymus
2742 604 2877 658 quos
2911 590 3242 660 Epiphanius
3269 590 3445 645 Scho-
3470 594 3479 665 ξ

1861 675 2111 740 lasticus,
2161 690 2255 730 seu
2301 678 2611 748 quicunque
2661 678 2872 732 illarum
2917 678 3081 733 fuerit
3123 673 3483 733 EnarratioJ

1861 784 1986 819 num
2023 767 2322 836 interpres,
2348 778 2505 823 vocat
2544 770 2818 838 passibiles
2836 788 2857 837 ;
2887 770 2939 826 id
2982 780 3067 828 est
3098 772 3444 841 passionibus

1861 861 2294 915 succumbeules.
2350 861 2435 915 Ill.
2488 862 2601 916 Vox
2647 863 2843 927 πάθος,
2896 864 2949 919 id
3004 873 3086 919 est
3127 866 3324 935 passio,
3368 866 3438 918 ita

1860 951 2030 1018 accipi
2065 952 2279 1006 videtur
2315 967 2343 1005 a
2380 952 2607 1023 Didymo
2642 954 2737 1010 lib.
2776 970 2812 1008 ιι
2846 954 2923 1009 De
2957 954 3137 1020 Trin.,
3173 954 3437 1027 pagJQQ,

1860 1052 1920 1096 ut
1947 1054 2215 1111 peccatum
2248 1043 2424 1099 valeat
2455 1062 2469 1098 :
2511 1060 2613 1100 vox
2648 1061 2778 1101 vero
2803 1047 3061 1119 ἐμπαθὴς
3091 1049 3187 1117 ita,
3224 1058 3283 1104 ιιι
3313 1066 3436 1105 ευιιι

1863 1133 2153 1203 signiﬁcet,
2181 1135 2272 1204 qui
2308 1147 2519 1203 peccet.
2546 1136 2739 1190 Mirum
2770 1138 2953 1209 itaque
2976 1155 3097 1196 esse
3119 1156 3223 1195 non
3254 1143 3435 1208 debet,

1859 1225 1903 1278 si
1938 1225 2103 1278 etiam
2137 1225 2326 1298 ἀπαθῆ
2361 1242 2483 1281 ειιιιι
2536 1228 2880 1298 interpreter,
2923 1232 3013 1300 qui
3055 1247 3150 1299 per
3183 1233 3276 1288 Dei
3313 1250 3438 1304 gra-

1868 1315 1996 1367 tiam
2039 1317 2469 1372 sanctiﬁcantem
2508 1334 2537 1373 a
2586 1322 2824 1389 peccatis
2865 1324 3153 1379 mundatus
3187 1324 3307 1380 fuit.
3347 1326 3437 1381 Ν.

1864 1407 2135 1463 Vocabulo
2184 1410 2495 1483 ἀφθαρσὶα,
2538 1415 2680 1481 quod
2722 1414 2861 1468 idem
2911 1416 3050 1470 valet
3085 1427 3248 1485 atque
3294 1418 3433 1472 ἀπα·

1859 1499 2003 1567 θεια,
2034 1502 2275 1555 virtutem
2302 1504 2593 1571 aliquando
2622 1506 2865 1559 denotari
2896 1507 3046 1562 docet
3093 1508 3352 1579 Didymus
3384 1512 3435 1563 in

1857 1604 2049 1649 catena
2098 1596 2151 1648 in
2202 1594 2466 1661 Psalmos,
2523 1613 2643 1667 quin
2690 1610 2870 1655 exstat
2914 1601 2965 1654 in
3012 1602 3199 1657 codice
3244 1602 3435 1658 Graeco

1858 1703 1971 1741 xvn
2010 1688 2355 1744 Bibliotheca:
2386 1688 2606 1746 Venetae
2640 1692 2697 1747 S.
2729 1692 2892 1748 Marci
2920 1712 2933 1759 ;
2968 1695 3158 1764 pagina
3187 1696 3331 1750 enim
3362 1696 3434 1750 2‘2

1859 1780 2144 1848 explicans
2177 1781 2292 1834 lure
2318 1782 2505 1847 psalmi
2533 1784 2655 1836 noni
2687 1785 2869 1848 verba,
2900 1784 3092 1854 lnﬁxce
3115 1796 3237 1840 sunt
3258 1798 3433 1857 gentes

260 1868 351 1923 Sed
378 1871 485 1939 jam
517 1880 740 1939 tempus
782 1880 886 1936 est,
920 1881 978 1925 ut
1010 1873 1137 1941 quid
1173 1872 1274 1926 hac
1301 1871 1366 1925 de
1395 1885 1455 1925 re
1489 1870 1744 1940 Didymus

1855 1876 1909 1923 in
1932 1873 2293 1939 corruptione,
2321 1890 2475 1943 quam
2502 1875 2757 1942 fecerunt,
2785 1877 2862 1930 sic
2890 1877 3128 1947 loquitur
3148 1896 3162 1933 :
3182 1879 3294 1932 Καὶ
3325 1879 3431 1950 μὴν

201 1968 422 2033 senserit,
452 1969 825 2037 inquiramus.
856 1968 997 2023 Loca
1029 1969 1216 2035 igitur,
1250 1968 1305 2022 in
1333 1969 1530 2037 quibus
1556 1968 1750 2022 huma-

197 2070 297 2107 nam
338 2056 609 2110 ἀπάθειαν
658 2058 706 2111 is
761 2067 1182 2123 commemorat,
1236 2057 1349 2111 ha‘c
1407 2056 1746 2127 potissimum

196 2144 368 2200 inveni.
407 2147 628 2202 Primus
672 2147 915 2202 occurrit
958 2148 1103 2203 lib.t
1150 2147 1225 2202 De
1274 2146 1425 2202 Trin.
1480 2163 1603 2218 pag.
1648 2146 1745 2210 7i,

194 2237 267 2291 ubi
307 2236 548 2305 afﬁrmat,
586 2240 683 2309 qui
732 2238 934 2296 Christi
983 2250 1250 2295 consortes
1302 2242 1432 2305 sint,
1482 2255 1578 2295 eos
1628 2255 1749 2296 esse

191 2328 427 2394 ἀπαθείας
470 2329 625 2403 [sive
656 2330 1088 2403 impatibilitatis]
1117 2331 1313 2385 Christi
1338 2331 1501 2400 ipsius
1532 2332 1747 2401 partici-

191 2436 278 2484 pes.
302 2420 443 2477 Alter
468 2430 658 2477 exstat
694 2420 792 2475 lib.
826 2435 886 2474 ιιι
919 2419 996 2474 De
1031 2418 1208 2487 Trin.,
1243 2422 1507 2492 pag.56'l,
1546 2422 1635 2477 ubi
1668 2422 1747 2477 sic

192 2511 396 2579 loquitur
430 2515 729 2585 theologus
760 2525 945 2571 noster
981 2536 995 2571 :
1038 2512 1151 2569 Nos
1182 2514 1282 2568 sibi
1325 2514 1618 2583 conformes
1658 2513 1743 2582 {a-

188 2606 304 2658 ciens
335 2606 622 2675 (Christus
649 2607 957 2675 Dominus),
986 2609 1043 2661 in
1075 2608 1372 2677 apatheiam
1410 2604 1551 2679 [sive
1575 2607 1745 2660 impa-

188 2692 473 2767 tibilitatem]
524 2697 836 2751 transtulit.
885 2697 1101 2751 Tertius
1153 2694 1348 2764 legitur
1390 2695 1442 2748 in
1496 2694 1631 2750 libro
1673 2694 1747 2749 De

186 2783 262 2852 Sp.
280 2785 335 2841 S.
369 2803 522 2853 num,
558 2790 675 2843 ll:
727 2788 866 2843 Deus
908 2799 1080 2843 autem
1114 2785 1310 2859 [codex
1353 2795 1566 2853 noster,
1608 2786 1745 2841 Deus

185 2876 338 2950 enim]
366 2879 600 2950 largitor
631 2881 886 2934 bonorum
921 2896 1060 2949 spem
1089 2895 1246 2947 quam
1275 2879 1533 2947 promisit,
1569 2880 1745 2932 reddet

186 2968 402 3041 [rectius
432 2974 618 3029 codex
650 2984 872 3038 noster,
904 2970 1117 3044 reddit]
1165 2972 1222 3025 in
1267 2974 1458 3025 virtute
1512 2970 1745 3041 Spiritus

183 3064 327 3116 uncti
356 3066 459 3127 his,
490 3069 587 3135 qui
625 3065 815 3119 habent
841 3066 1034 3130 illum;
1055 3064 1252 3135 gaudio
1277 3061 1491 3136 [codex
1522 3072 1743 3119 noster:

182 3165 220 3207 et
246 3156 481 3230 gaudio],
520 3170 571 3213 et
608 3175 734 3220 pace
762 3159 981 3228 complet
1019 3174 1128 3224 eos,
1158 3158 1251 3229 qui
1284 3158 1743 3227 imperturbatum.

188 3258 226 3300 et
263 3226 487 3330 sedatam
534 3226 923 3321 cogitationem
964 3226 1324 3321 possidentes,
1362 3226 1522 3305 laetas
1557 3252 1743 3305 habent
1773 3226 1815 3285 ο

182 3349 370 3404 uates,
397 3351 445 3395 et
488 3342 558 3394 ab
597 3340 743 3394 omni
782 3340 1236 3409 perturbationum
1270 3348 1571 3410 tempestate
1597 3350 1747 3394 tran-

180 3431 370 3497 quillas.

243 3522 421 3578 Verum
474 3537 665 3594 neque
706 3523 826 3589 his,
879 3537 977 3579 nec
1024 3522 1144 3578 aliis
1176 3522 1522 3590 hujusmodi,
1555 3524 1601 3579 si
1639 3539 1744 3593 qua

178 3625 283 3668 sunt
310 3616 360 3669 in
397 3616 675 3687 Didymo,
715 3616 1054 3681 ostenditur,
1088 3632 1211 3673 eum
1251 3636 1419 3691 pravo
1450 3636 1609 3676 sensu
1644 3618 1747 3672 hu-

182 3720 371 3761 manam
396 3707 722 3779 apalheiam
754 3706 1057 3765 admisisse.
1085 3709 1296 3766 Nostrae
1318 3726 1444 3767 vero
1475 3712 1744 3781 aequitatis

179 3809 264 3858 est.
296 3802 562 3868 apatheim
590 3800 915 3855 vocabulum
950 3811 1100 3857 recto
1127 3819 1289 3859 sensu
1318 3806 1370 3859 in
1406 3805 1656 3876 Didymo,
1690 3814 1747 3859 ut

180 3890 222 3944 in
252 3892 362 3947 aliis
401 3893 676 3947 Patribus
707 3891 962 3958 facimus,
992 3894 1363 3965 interpretari,
1393 3897 1565 3950 donec
1598 3906 1743 3950 certa

177 3984 502 4049 proferantur
526 3993 857 4051 argumenta
881 3999 1001 4051 qua
1027 3983 1176 4039 illum
1195 4001 1482 4056 perperam
1510 3987 1746 4041 sensisse

178 4075 546 4131 demonstrent.
600 4073 734 4129 Nam
757 4075 802 4143 1,
836 4074 896 4131 S.
932 4075 1296 4149 llieronymus
1330 4090 1384 4132 et
1416 4078 1467 4132 in
1509 4078 1745 4147 Epistola

177 4169 363 4233 quidem
390 4171 460 4222 ad
486 4167 907 4232 Ctesiphontem,
938 4169 1070 4223 etin
1106 4168 1368 4224 Protemio
1400 4170 1521 4224 libri
1555 4171 1741 4239 quarti

178 4260 223 4312 in
261 4258 536 4314 leremiam
605 4259 789 4327 plures
839 4260 1080 4312 nominat
1126 4259 1427 4329 Pelagianae
1474 4262 1740 4331 apatheize

179 4352 501 4419 defensores,
542 4351 841 4421 Origenem
862 4392 877 4412 ,
913 4349 1170 4404 Ruﬁnum
1190 4392 1204 4416 ,
1238 4352 1530 4423 Evagrium
1550 4392 1565 4421 ,
1596 4352 1742 4407 Jovi-

182 4444 394 4510 nianum,
424 4445 717 4510 aliosque;
745 4442 1030 4513 Didymum
1056 4452 1236 4497 tamen
1258 4459 1520 4512 nusquam
1542 4444 1643 4499 hac
1674 4444 1741 4499 de

1856 1962 2064 2033 καὶτῆς
2084 1963 2288 2035 ἀρετῆς
2311 1964 2620 2037 ἀφθαρσίας
2635 1965 2933 2039 λεγομένης
2964 1970 3021 2022 ἐν
3049 1969 3126 2041 τῷ
3145 1984 3159 1999 ⁸
3186 1971 3251 2024 Ἥ
3276 1972 3435 2043 χάρις

1859 2056 1997 2127 μετὰ
2017 2056 2126 2110 τῶν
2156 2056 2495 2125 ἀγαπώντων
2518 2057 2609 2111 τὸν
2628 2058 2829 2131 Κύριον
2855 2062 2887 2131 ἡ
2897 2060 3011 2130 μῶν
3037 2063 3095 2115 ὲν
3121 2063 3401 2137 ἀφθαρσίᾳ
3417 2080 3432 2095 ο

1854 2151 1887 2221 ἠ
1911 2150 2169 2213 ἐναντίως
2198 2149 2397 2222 ἔχουσα
2423 2150 2591 2205 κακία
2612 2152 2808 2221 λέγοιτ’
2834 2153 2899 2207 ἂν
2926 2154 3150 2218 εἰκότως
3167 2154 3433 2228 διαφθορὰ

1853 2240 1949 2294 καὶ
1977 2239 2174 2312 φθορά,
2205 2241 2257 2296 id
2275 2251 2378 2307 est,
2409 2242 2567 2313 Atqui
2596 2258 2712 2296 cum
2739 2253 2785 2297 et
2819 2246 2984 2299 virtus
3015 2246 3227 2300 dicatur
3253 2248 3433 2302 incoro

1853 2332 2035 2401 ruptio
2077 2333 2132 2386 in
2174 2332 2266 2386 illo
2312 2345 2453 2388 textu
2488 2335 2706 2407 (Ephes.
2740 2350 2817 2400 ιἰ,
2853 2336 2945 2406 24)
2978 2356 2991 2392 :
3030 2355 3050 2390 ‹
3099 2338 3288 2394 Gratia
3315 2356 3434 2394 cum

1853 2422 1919 2477 iis
1944 2425 2035 2493 qui
2059 2423 2287 2494 diligunt
2312 2423 2592 2478 Dominum
2620 2436 2856 2480 nostrum
2878 2428 2931 2481 in
2953 2428 3380 2500 incorruptione;
3410 2452 3427 2477 ι

1853 2516 2040 2568 merito
2089 2517 2362 2570 contraria
2394 2518 2577 2571 virtuti
2618 2520 2853 2587 nequitia
2898 2520 3101 2573 dicitur
3130 2523 3431 2593 corruptio.

1856 2606 1919 2661 V.
1972 2607 2275 2663 Humanam
2327 2610 2636 2679 apatheiam
2691 2615 2883 2666 stricto
2936 2628 3098 2668 sensu
3150 2628 3429 2683 acceptam

1852 2701 2109 2769 reiectam
2144 2701 2312 2757 fuisse
2335 2717 2364 2755 a
2390 2702 2618 2774 Didymo
2642 2703 2835 2773 colligo
2863 2720 2927 2758 ex
2960 2703 3052 2758 lib.
3085 2722 3147 2760 ιιι
3177 2706 3251 2760 De
3279 2706 3430 2763 Trin.

1853 2808 1975 2863 pag.
2003 2792 2140 2861 5H5;
2174 2794 2242 2849 ab
2278 2795 2457 2847 anima
2489 2795 2635 2849 enim
2676 2793 2909 2868 [XLVII]
2941 2812 3059 2866 quae
3092 2811 3289 2866 corpus
3324 2799 3431 2853 sibi

1856 2883 2161 2952 suhjectum
2197 2895 2402 2949 teneat,
2435 2894 2488 2940 et
2526 2884 2619 2940 Dei
2655 2886 3075 2956 cogitationibus
3118 2887 3429 2958 impleatur,

1854 2978 2006 3032 reddi
2039 2992 2238 3047 corpus
2272 2978 2450 3045 ipsum
2481 2968 2693 3042 ἀπαθές
2721 2994 2826 3032 non
2858 2980 2952 3041 ait,
3000 2984 3093 3035 sed
3125 2981 3294 3051 ipsam
3325 2983 3428 3036 stiti

1855 3072 2081 3125 reddere
2108 3072 2235 3125 illud
2264 3070 2422 3125 veluti
2453 3070 2685 3135 ἀπαθές.
2719 3070 2807 3125 Vl.
2835 3070 2891 3127 Si
2921 3072 3131 3141 singula
3161 3089 3226 3128 ex
3255 3073 3434 3131 allatis

1854 3173 2013 3218 antea
2047 3162 2260 3234 Didymi
2296 3164 2429 3218 locis
2457 3165 2850 3233 expendamus,
2884 3165 3169 3221 manifesto
3203 3182 3433 3236 appare-

1850 3256 1947 3319 bit,
1984 3272 2256 3310 summum
2290 3256 2437 3310 illum
2474 3258 2733 3311 virtutum
2791 3267 2844 3311 et
2883 3258 3144 3327 apatheia:
3196 3259 3429 3329 apicem.

1850 3359 2007 3413 quem
2050 3360 2115 3399 ex
2161 3344 2496 3417 Hieronymo
2543 3347 2951 3416 descripsimus,
3008 3350 3320 3418 neutiquam
3363 3351 3432 3405 ab

1851 3437 1973 3505 ipso
2013 3437 2271 3504 indicari;
2299 3438 2577 3508 multoque
2620 3439 2799 3493 minus
2828 3455 2988 3509 posse
3015 3440 3312 3507 hominem,
3343 3444 3433 3496 Di-

1848 3528 1996 3600 dymi
2029 3531 2326 3595 sententia,
2361 3534 2426 3583 ad
2458 3546 2580 3584 eum
2632 3542 2830 3586 statum
2863 3533 2981 3587 sine
3029 3533 3206 3586 divina
3258 3535 3428 3604 gratia

1849 3621 2135 3690 pervenire
2178 3638 2192 3674 :
2245 3621 2445 3690 ubique
2488 3623 2632 3676 enim
2679 3624 2745 3678 de
2780 3624 2845 3678 iis
2879 3626 3131 3680 omnibus
3167 3626 3428 3696 loquitur,

1849 3715 1940 3785 qui
1974 3715 2147 3781 gratia
2178 3715 2555 3769 sanctiﬁcante
2584 3715 2767 3769 donati
2798 3716 2928 3769 sint.

1918 3804 2159 3875 Denique
2192 3820 2407 3859 omnem
2456 3806 2767 3875 scrdpulum
2806 3806 2944 3860 tollit
2979 3806 3093 3875 ipse
3142 3807 3427 3883 Didymus,

1848 3895 1973 3949 dum
2005 3894 2350 3967 Pelagianam
2382 3898 2693 3965 apatheiam
2719 3908 2906 3967 aperte
2944 3900 3118 3969 t‘PJiCil
3151 3920 3165 3955 :
3203 3918 3326 3956 nam
3376 3916 3431 3958 et

1849 3988 1901 4040 in
1970 3985 2131 4053 loco,
2199 4002 2360 4056 quem
2438 3988 2609 4042 attuli'
2655 4004 2778 4060 pag.
2851 3988 2991 4052 ‘255,
3062 3991 3255 4057 docet,
3325 3993 3428 4047 im-

1845 4076 2089 4143 possibile
2126 4092 2235 4131 esse
2278 4078 2476 4131 homini
2521 4080 2680 4131 vitam
2726 4080 2795 4132 ad
2824 4080 3105 4147 perlectam
3136 4081 3264 4152 legis
3300 4100 3428 4137 nor-

1846 4183 1989 4221 mam
2012 4168 2259 4237 ewigere;
2291 4177 2346 4223 et
2373 4168 2551 4224 alliuia
2583 4170 2773 4224 scribit
2802 4169 2896 4225 lib.
2927 4184 2964 4224 ιι
2992 4169 3070 4225 De
3102 4170 3275 4236 Triu.,
3304 4188 3425 4245 pag.

1848 4257 1950 4315 168
1982 4269 2037 4314 ει
2067 4260 2191 4314 192.

1914 4354 1986 4407 At
2013 4352 2299 4424 Didymus,
2333 4353 2539 4425 inquiet
2570 4354 2712 4423 quis,
2743 4353 2879 4407 libro
2911 4369 2949 4407 ιι
2980 4352 3057 4408 De
3092 4352 3270 4417 Trin.,
3298 4369 3424 4425 pag.

1844 4442 1971 4508 255,
2000 4460 2094 4500 eos
2118 4448 2207 4515 qui
2239 4447 2607 4515 baptizantur,
2640 4447 2717 4501 ait
2748 4446 2863 4500 ﬁeri
2894 4446 3341 4517 ἀναμαρτήτους,
3374 4448 3425 4505 id

183 4550 229 4589 re
244 4537 505 4608 obiurgat,
538 4536 648 4593 etsi
677 4534 862 4589 multis
887 4534 1010 4589 aliis
1034 4534 1087 4587 in
1112 4534 1261 4601 locis,
1295 4535 1427 4590 alias
1449 4536 1518 4590 ob
1543 4551 1736 4591 causas
1771 4571 1822 4631 Β
1846 4547 1952 4602 est,
1992 4537 2372 4607 impeccabiles.
2428 4539 2535 4595 Sed
2577 4540 2700 4609 quis
2731 4555 2838 4593 non
2872 4540 3057 4605 videt,
3093 4555 3281 4595 vocem
3331 4541 3427 4595 ἀν-

179 4642 280 4678 eum
300 4629 631 4695 accusando,
651 4626 796 4680 illius
816 4626 1017 4681 nomini
1048 4641 1152 4681 non
1177 4627 1499 4696 pepercerit.
1519 4627 1581 4682 ll.
1623 4628 1734 4683 Vox

179 4719 406 4793 ἐμπαθὴς
451 4720 601 4791 apud
660 4719 946 4790 Didymum
1001 4734 1109 4773 non
1186 4721 1462 4776 hominem
1519 4724 1742 4777 denotat

179 4811 475 4873 passionibus
517 4811 833 4875 obnoxium,
880 4808 975 4865 sed
1016 4812 1350 4882 passionibus
1388 4813 1735 4868 succumben-

176 4913 279 4958 mt.
307 4904 557 4961 Dictione
589 4905 757 4975 igitur
785 4905 1059 4959 contraria
1089 4905 1311 4977 ἀπαθής
1354 4922 1457 4961 non
1486 4923 1607 4961 eum
1643 4909 1739 4963 de-

180 4998 363 5061 signare
390 4997 670 5067 putandus
702 5004 806 5060 est,
838 4996 928 5063 qui
970 4996 1137 5061 nullis
1186 4997 1533 5066 passiouibus
1570 4998 1741 5054 obno-

182 5082 279 5139 xius
306 5087 393 5150 sit,
425 5095 524 5140 aut
564 5099 843 5152 nunquam
882 5084 948 5137 iis
975 5086 1322 5151 succumbat,
1354 5086 1449 5140 sed
1489 5102 1615 5140 eum
1645 5087 1737 5156 qui

183 5176 493 5236 passionibus
524 5173 891 5229 succumbere
915 5189 1019 5227 non
1046 5174 1204 5229 solet.
1234 5176 1386 5240 Quod
1416 5188 1597 5231 autem
1632 5192 1734 5232 vox

183 5262 403 5338 ἐμπαθὴς
431 5268 506 5321 ita
538 5274 788 5319 sumatur
813 5280 842 5319 a
875 5264 1123 5336 Didymo,
1153 5278 1432 5323 ostensum
1457 5284 1485 5323 a
1513 5285 1598 5325 me
1626 5270 1729 5325 fuit

185 5368 274 5411 nat.
309 5361 373 5413 ad
414 5376 545 5429 pag.
597 5357 734 5424 129,
774 5357 933 5429 idque
968 5359 1291 5415 conﬁrmare
1340 5360 1465 5417 licet
1512 5378 1576 5418 ex
1618 5364 1735 5432 ejus

186 5446 349 5514 teritis,
376 5464 501 5519 qua:
532 5449 591 5502 in
618 5445 1065 5502 Enarrationibus
1101 5449 1170 5501 ad
1202 5460 1359 5519 caput
1389 5466 1449 5506 Ill
1482 5452 1735 5523 Epistolas

183 5532 340 5591 Jacobi
363 5540 619 5610 legimus.
654 5536 866 5605 Pacem,
892 5539 1086 5609 inquit,
1119 5558 1277 5611 quant
1306 5550 1396 5597 dat
1428 5544 1729 5617 (mundus),

183 5628 240 5677 ad
265 5632 527 5697 corporeus
569 5640 719 5685 actus
748 5631 932 5685 invitat
967 5646 1229 5688 amatores
1271 5639 1726 5709 concupiscentiae,

183 5726 226 5772 et
252 5724 508 5786 passibiles
540 5738 629 5778 eos
668 5722 835 5790 facit:
864 5722 1020 5780 Iesus
1047 5739 1220 5783 autem
1265 5745 1443 5784 vacem
1471 5732 1727 5801 prwbens,

247 5859 285 5890 δ’
308 5860 421 5918 Act.
453 5879 533 5933 tx,
580 5863 661 5921 56.

1846 4632 2165 4704 αμάρτητος
2205 4648 2309 4688 non
2335 4634 2472 4689 sumi
2514 4633 2582 4687 ibi
2609 4648 2673 4686 eo
2702 4647 2861 4687 sensu
2883 4672 2898 4694 ,
2932 4645 3090 4701 quem
3131 4633 3426 4702 reprehen-

1842 4724 1922 4777 dit
1963 4724 2326 4795 llieronymus
2363 4726 2416 4779 in
2452 4725 2681 4794 epistola
2720 4725 2785 4777 ad
2838 4724 3272 4793 Ctesiphontem,
3325 4740 3427 4778 nec

1841 4817 1984 4871 aliud
2026 4817 2224 4872 ibidem
2273 4819 2568 4888 signilicari
2597 4835 2625 4872 a
2654 4817 2901 4888 Didymo,
2944 4832 3105 4886 quam
3142 4817 3324 4871 omnia
3372 4817 3424 4869 in

1841 4908 2108 4978 baptismo
2148 4922 2371 4980 peccata
2407 4911 2617 4966 deleri?
2646 4909 2899 4979 Alioquin
2928 4907 3273 4986 Pelagianam
3328 4909 3427 4961 ἀνι·

1847 5002 2198 5073 αμαρτησίαν
2220 5004 2474 5059 tribuisse
2497 5002 2759 5057 dicendus
2787 5010 2933 5057 esset
2960 5000 3214 5056 omnibus
3246 4998 3425 5067 bapti-

1848 5094 1985 5146 zatis
2018 5108 2032 5146 :
2062 5095 2203 5163 quod
2243 5110 2310 5150 ne
2340 5094 2631 5150 verisimile
2663 5094 2879 5164 quidem
2916 5102 3021 5147 est.

1917 5185 2047 5252 Quae
2078 5202 2201 5241 cum
2250 5189 2330 5243 sic
2359 5203 2418 5243 se
2450 5188 2705 5252 habeant,
2753 5187 3046 5240 immunem
3078 5198 3106 5238 a
3134 5182 3425 5252 Pelagiauo

1842 5293 2031 5334 errore
2069 5279 2238 5336 fuisse
2269 5280 2554 5353 Didymum
2587 5280 2907 5337 concludere
2934 5279 3045 5350 jam
3070 5277 3282 5341 liceret,
3316 5276 3423 5331 nisi

1842 5372 2061 5439 quidam
2100 5375 2280 5427 adhuc
2323 5373 2475 5429 locus
2512 5380 2858 5443 superesset,
2898 5371 2990 5441 qui
3031 5367 3304 5438 negotium
3342 5365 3425 5419 fa-

1841 5477 2056 5519 cessere
2086 5475 2250 5533 queat
2284 5483 2298 5520 :
2330 5468 2397 5521 de
2436 5481 2543 5536 quo
2578 5466 2803 5536 proinde
2824 5479 2990 5536 pauca
3017 5462 3241 5516 dicenda
3267 5466 3415 5513 sunt.

1840 5554 2029 5610 Exstat
2079 5558 2122 5612 is
2177 5568 2319 5613 tome
2374 5557 2442 5614 ιν
2503 5561 2890 5614 Anecdotorum
2936 5554 3143 5621 Wolﬁi,
3176 5552 3264 5607 ubi
3310 5566 3409 5605 ex-

1836 5645 2059 5715 planans
2105 5647 2361 5720 Didymus
2410 5654 2511 5709 ista
2551 5653 2804 5710 Actorum
2849 5650 3011 5708 verba
3038 5652 3103 5715 ",
3141 5649 3268 5705 Haec
3293 5658 3412 5706 erat

1835 5736 1989 5805 plena
2031 5742 2269 5808 operibus
2302 5745 2449 5801 bonis
2502 5756 2554 5800 et
2591 5748 2955 5819 eleemosynis,
3005 5748 3085 5805 sic
3120 5748 3359 5818 loquitur
3400 5765 3416 5803 :
