3970 6406
513 337 621 394 195

1931 339 2018 394 DE
2065 340 2321 397 DlDYMO

3664 353 3762 410 196

512 455 776 523 Quoniam
813 474 1077 522 nonnu..t,
1128 459 1216 527 qui
1268 457 1584 527 negligenter
1639 459 1692 512 in
1737 459 1910 511 studio
1962 473 2083 524 per-
2113 474 2156 521 Α
2189 469 2409 525 tionem,
2437 468 2755 515 ostensuma
2778 477 2862 517 me
2881 461 2983 517 fuit
3007 463 3058 516 in
3083 473 3192 519 not.
3225 463 3293 519 ad
3325 479 3445 536 pag.
3476 465 3601 520 257.
3624 468 3757 534 Quis

511 551 658 614 f'ectw
690 550 896 603 virtutis
929 563 1222 612 versantur,
1281 549 1398 616 ﬁeri
1426 565 1573 615 posse
1598 558 1809 616 negant,
1847 558 1903 601 ut
1929 549 2086 604 homo

512 640 881 708 inculpabilem
937 642 1098 693 vitam
1143 651 1298 708 agat;
1346 642 1587 707 prwsenti
1635 641 1747 692 loco
1795 640 2086 709 Scriptura:

511 731 777 797 confutari
825 741 1064 798 possunt,
1111 749 1210 800 quo
1255 731 1451 784 Dorcas
1489 732 1647 798 plena
1681 731 1846 798 [uisse
1889 733 2085 785 dicitur

512 821 657 876 bonis
693 824 936 890 operibus
968 826 1228 886 omnibus,
1258 831 1306 877 et
1333 825 1560 889 erogatis
1600 825 1651 875 in
1677 840 1927 892 pauperes
1955 823 2088 876 elee-

512 916 764 982 mosguis.
813 915 914 979 Qui
943 917 1077 969 enim
1109 918 1183 968 ita
1216 916 1374 968 vitam
1406 914 1638 978 instruit,
1683 930 1800 967 eum
1825 915 1936 967 sine
1971 931 2086 968 sor-

510 1004 661 1056 dibus
698 1008 857 1058 vivere
881 1023 1194 1076 consequens
1223 1018 1315 1061 est.

584 1097 651 1147 At
701 1114 767 1149 ne
801 1098 914 1151 haec
961 1099 1180 1166 quidem
1218 1113 1459 1151 censurae
1491 1096 1649 1165 digna
1680 1098 1952 1151 existimo.
2001 1097 2081 1151 Ab

514 1189 602 1241 illo
636 1191 776 1242 enim
829 1191 1106 1254 dicuntur,
1140 1191 1228 1258 qui
1278 1201 1462 1258 aperte
1501 1191 1702 1253 docuit,
1735 1201 1793 1242 ιιι
1817 1190 1926 1258 jam
1963 1206 2078 1242 mn-

512 1285 625 1337 nui.
656 1300 755 1336 non
786 1300 935 1347 posse
960 1283 1180 1336 hominis
1215 1286 1369 1337 vitam
1401 1286 1470 1336 ad
1499 1273 1778 1352 perfectam
1803 1284 1926 1351 legis
1956 1300 2081 1336 nor-

512 1393 651 1428 mam
680 1377 836 1445 exigi.
868 1380 1209 1446 Quapropter
1241 1392 1361 1430 cum
1395 1376 1667 1430 hominem
1700 1376 2076 1442 inculpabilem

513 1470 675 1522 vitam
722 1482 966 1538 agentem
1019 1469 1104 1521 hic
1147 1468 1426 1532 nominat,
1481 1484 1586 1523 non
1639 1483 1759 1521 eum
1806 1468 2074 1536 intelligit,

508 1561 721 1627 Opinor,
768 1559 856 1626 qui
892 1559 944 1611 in
984 1559 1185 1612 nullum
1225 1573 1457 1627 unquam
1507 1573 1574 1613 ne
1619 1558 1825 1612 veniale
1862 1559 2077 1626 quidem

508 1651 590 1704 vel
635 1651 964 1703 levissimum
999 1659 1279 1719 peccatum
1322 1649 1556 1715 labatur,
1589 1649 1680 1704 sed
1717 1651 1805 1718 qui
1840 1651 2076 1721 graviter

508 1741 723 1810 quidem
774 1755 1070 1808 nunquam,
1121 1739 1404 1794 venialiter
1455 1751 1636 1795 autem
1688 1741 1854 1796 multo
1902 1743 2076 1797 rarius

2189 567 2317 605 vero
2355 567 2459 606 non
2510 553 2756 616 miretur,
2795 569 2916 608 eum
2964 555 3187 626 Didymo
3233 571 3470 611 errorem
3511 559 3677 613 tribui
3727 577 3758 614 a

2188 641 2481 712 Basnagio,
2506 659 2663 711 quem
2706 655 2889 713 aperte
2913 646 3153 715 explodit
3184 647 3296 717 ipse
3335 648 3590 720 Didymus
3632 667 3753 707 cum

2189 733 2239 785 in
2271 732 2405 786 libro
2436 737 2556 788 adv.
2605 733 2944 800 Manicltwos,
2979 747 3035 790 ut
3081 741 3260 791 tumuti
3305 745 3493 809 pagina
3525 740 3637 808 jam
3674 745 3754 797 ci-

2190 833 2318 886 tata,
2362 834 2470 878 tum
2531 827 2705 892 capite
2753 825 2806 888 5,
2843 827 2929 890 19,
2971 827 3342 884 Enarrationis
3374 833 3427 883 in
3465 831 3755 899 Epistoiam

2185 916 2408 982 primam
2456 915 2704 980 Joannis,
2757 917 2845 971 ubi
2896 918 3129 986 explicat
3175 920 3286 972 haec
3326 921 3485 975 verba
3541 939 3554 974 :
3597 917 3758 975 Totus

2187 1010 2410 1060 mundus
2451 1008 2504 1061 in
2536 1010 2764 1077 maligno
2805 1011 3004 1076 positus
3038 1023 3134 1063 est.
3180 1011 3378 1065 Horum
3406 1014 3547 1066 enim
3586 1016 3754 1068 inter-

2185 1101 2536 1169 pretationem
2558 1102 2636 1156 sic
2657 1102 2934 1157 exorditur
2967 1123 2980 1158 :
3016 1122 3034 1153 ι
3069 1103 3323 1170 Mundus,
3361 1107 3410 1160 id
3436 1117 3541 1172 est,
3573 1107 3756 1161 mundi

2186 1199 2454 1245 amatores
2505 1193 2737 1262 maligno
2787 1195 2926 1247 ortui
2975 1205 3100 1248 sunt
3135 1197 3384 1264 subjecti.
3423 1197 3615 1260 Totus,
3660 1201 3754 1262 ait,

2183 1287 2323 1350 quod
2369 1298 2554 1337 omnes
2599 1287 2698 1338 sub
2743 1299 2965 1352 peccato
2995 1287 3293 1350 nascimur,
3335 1289 3586 1356 quoniam
3644 1291 3759 1358 ipse

2181 1384 2331 1426 ortus
2365 1374 2417 1427 in
2451 1375 2580 1427 vitio
2611 1387 2746 1428 est.»
2767 1376 2903 1443 Quid
2937 1379 3166 1446 amplius
3196 1379 3335 1447 exigi
3365 1381 3431 1432 ab
3463 1397 3527 1434 eo
3557 1391 3754 1450 potest,

2181 1465 2270 1531 qui
2298 1477 2407 1517 tum
2441 1465 2552 1519 hate
2581 1466 2842 1530 dictabat,
2875 1481 2996 1519 cum
3032 1477 3309 1535 peccatum
3340 1470 3600 1540 originale
3629 1488 3756 1528 nec-

2181 1556 2305 1608 dum
2344 1565 2671 1624 negaverant
2705 1554 3014 1625 Pelagiani?

2260 1647 2363 1702 Sed
2399 1657 2772 1716 argumentum
2805 1649 3073 1717 paulisper
3092 1650 3452 1718 expendamus
3476 1650 3752 1724 Basnagit,

2180 1743 2322 1810 quod
2370 1743 2414 1796 is
2460 1741 2613 1797 aliert
2650 1743 2704 1797 in
2742 1743 2885 1797 hunc
2921 1743 3033 1795 fere
3079 1745 3314 1799 modum.
3361 1744 3512 1800 Pauli
3563 1749 3751 1814 verba,

508 1831 805 1898 delinquat,
838 1845 997 1898 quam
1041 1829 1223 1884 caeteri
1255 1830 1415 1900 vulgo
1451 1831 1716 1885 homines.
1755 1831 2069 1902 Quanquam
2104 1840 2148 1897 Β
2176 1834 2402 1887 Eramus
2442 1844 2630 1886 natura
2665 1833 2765 1901 ﬁlii
2807 1833 2987 1899 ine“,
3035 1835 3109 1888 ita
3150 1836 3346 1904 accipit
3393 1835 3648 1906 Didymus
3698 1839 3752 1892 in

508 1935 666 1988 posse
708 1921 978 1974 hominem
1005 1918 1232 1987 justum,
1264 1933 1384 1972 cum
1426 1920 1599 1990 gratia
1626 1923 2072 1990 extraordinaria,

509 2013 687 2066 vitare
713 2013 896 2065 omnia
947 2019 1170 2080 peccata
1216 2011 1378 2065 etiam
1411 2012 1660 2079 venialia,
1701 2028 1766 2067 ne
1795 2014 1908 2082 ipse
1954 2016 2076 2083 qui-

506 2103 625 2155 dem
663 2102 994 2171 Augustinus
1024 2111 1200 2171 negat.
1231 2101 1333 2168 Qui
1361 2103 1752 2171 dicunt,inquit
1778 2103 1912 2157 libro
1937 2119 1976 2158 ιι
2001 2103 2076 2158 De

503 2202 833 2261 peccatorum
857 2191 1052 2244 meritis
1077 2202 1124 2245 et
1151 2193 1453 2246 remissione
1479 2208 1595 2262 cap.
1621 2192 1675 2260 6,
1698 2208 1866 2262 segm.
1893 2194 1944 2260 7,
1967 2211 2076 2250 esse

502 2300 652 2352 posse
680 2284 734 2334 in
765 2283 863 2335 hac
899 2285 1002 2336 vita
1045 2284 1302 2337 hominem
1334 2285 1448 2337 sine
1477 2296 1687 2352 peccato
1709 2323 1723 2348 ,
1751 2303 1854 2339 non
1885 2296 1960 2342 est
2001 2288 2074 2342 eis

504 2376 752 2428 continuo
795 2375 1010 2428 incauta
1063 2377 1350 2429 temeritate
1396 2376 1767 2431 obsistendum.
1824 2376 1883 2432 Si
1934 2381 2073 2432 enim

503 2465 653 2533 posse
697 2467 1089 2534 negaverimus;
1135 2477 1183 2519 et
1227 2466 1453 2520 hominis
1502 2467 1661 2520 libero
1709 2467 1950 2535 arbitrio,
1981 2470 2072 2537 qui

501 2552 601 2604 hoc
632 2553 847 2605 valendo
877 2555 1097 2621 appetit,
1139 2564 1187 2607 et
1233 2554 1326 2608 Dei
1361 2557 1540 2608 virtuti
1563 2555 1642 2609 vel
1676 2558 2069 2626 misericordiae,

502 2643 591 2711 qui
626 2643 722 2695 hoc
750 2641 1050 2712 adjuvando
1082 2645 1253 2714 efﬁcit,
1297 2645 1682 2716 derogabimus.
1712 2687 1728 2702 .
1757 2687 1774 2703 .
1805 2689 1822 2706 .
1847 2689 1860 2702 .
1895 2687 1913 2704 .
1951 2649 2014 2705 Si
2040 2669 2072 2705 a

499 2752 581 2789 me
605 2746 895 2804 quaeratur,
920 2746 1096 2789 utrum
1130 2739 1284 2790 homo
1325 2739 1435 2792 sine
1462 2750 1673 2806 peccato
1700 2742 1857 2808 possit
1879 2758 1989 2797 esse
2016 2745 2070 2797 in

427 2837 436 2846 ‘
499 2830 598 2880 hac
625 2828 752 2890 vita,
795 2828 1077 2896 confitebor
1121 2846 1271 2892 posse
1305 2846 1398 2898 per
1446 2830 1545 2884 Dei
1574 2833 1826 2901 gratiam,
1860 2844 1908 2887 et
1938 2833 2071 2887 libe-

499 2935 616 2972 rum
639 2918 751 2986 ejus
791 2920 1086 2975 arbitrium.
1129 2918 1239 2974 lmo
1275 2921 1484 2990 aliquos
1534 2923 1712 2991 reipsa
1762 2923 1951 2991 fuisse,
1988 2926 2068 2980 vel

497 3022 621 3063 esse
649 3009 892 3082 homines
919 3008 1095 3077 justos
1129 3010 1247 3064 sine
1281 3021 1520 3080 peccato.
1567 3023 1763 3080 prmter
1791 3013 2068 3068 Christum

495 3097 804 3164 Dominum,
829 3115 892 3154 ac
933 3099 994 3154 Β.
1037 3101 1343 3172 Virginem,
1381 3103 1714 3158 conﬁdenter
1741 3119 1935 3174 negare.
1961 3122 2065 3160 non

495 3193 656 3245 audet
683 3191 735 3244 in
767 3191 904 3246 libro
923 3192 994 3246 De
1019 3193 1330 3262 perfectione
1353 3193 1592 3261 iustitice,
1619 3211 1739 3265 cap.
1772 3195 1862 3262 21,
1889 3211 2057 3264 segm.
2088 3187 2130 3244 C

493 3282 586 3336 44.
625 3283 748 3338 Scio
774 3285 931 3345 enim,
959 3285 1149 3353 inquit,
1192 3286 1506 3352 quibusdam
1542 3303 1650 3340 esse
1683 3289 1848 3341 visum
1880 3305 1899 3341 :
1928 3305 2061 3357 quo-

493 3389 612 3425 rum
640 3373 702 3425 de
736 3373 832 3425 hac
871 3391 926 3428 re
970 3379 1289 3429 sententiam
1324 3394 1424 3430 non
1461 3380 1627 3431 audeo
1661 3379 2021 3447 reprehendere
2044 3420 2059 3444 ,

493 3479 792 3533 quanquam
819 3480 909 3516 nec
943 3465 1219 3533 defendere
1254 3466 1477 3520 valeam.

973 3556 1100 3609 CAP.
1143 3553 1272 3611 Vlll.
1311 3556 1382 3610 De
1410 3559 1572 3612 caelis.

561 3645 738 3700 Coalos
762 3647 938 3700 anima
979 3647 1440 3716 intelligentiaque
1485 3650 1735 3718 praeditos
1760 3666 1900 3715 esse,
1925 3653 2057 3708 adeo

491 3747 675 3804 aperte
706 3748 864 3806 negat
913 3737 1169 3808 Didymus
1211 3739 1305 3794 lib.
1340 3755 1357 3794 ι
1390 3740 1464 3794 De
1496 3739 1665 3810 Trin.,
1704 3758 1823 3812 pag.
1857 3744 1944 3809 97,
2005 3754 2060 3800 et

488 3829 582 3883 lib.
636 3844 693 3892 ιι,
733 3846 852 3898 pag.
896 3829 1020 3892 192,
1071 3829 1274 3898 utjure
1315 3833 1479 3886 statui
1515 3849 1671 3901 posse
1717 3837 2056 3904 existimem,

487 3920 661 3989 ipsum
709 3919 1050 3988 Origcnianis
1091 3923 1191 3976 hac
1237 3925 1288 3976 in
1324 3939 1382 3979 re
1419 3941 1755 3995 nequaquam
1785 3927 2054 4000 suifraga-

489 4021 598 4063 tum
642 4026 787 4065 esse.
823 4011 958 4077 Quid
993 4028 1124 4080 ergo
1181 4014 1285 4069 sibi
1338 4015 1469 4080 vult,
1523 4017 1753 4085 inquies,
1806 4035 1929 4074 cum
1981 4022 2057 4075 ait

486 4100 578 4154 lib.
608 4115 669 4164 ιι,
703 4117 823 4170 pag.
863 4100 984 4164 114,
1009 4103 1175 4156 ctelos
1211 4119 1240 4157 a
1279 4103 1480 4174 Spiritu
1513 4119 1704 4162 sancto
1746 4113 2056 4164 corrobora-

485 4201 564 4247 tos
613 4207 752 4256 esse,
809 4203 972 4262 atque
1032 4195 1430 4261 sanctificatos?
1464 4197 1702 4267 Respicit
1750 4200 1846 4265 ibi,
1892 4212 2053 4270 atque

484 4288 618 4341 adeo
649 4286 880 4353 explicat
918 4284 1112 4340 Psaltis
1148 4287 1275 4341 illud
1309 4305 1324 4342 :
1366 4286 1532 4343 Verbo
1559 4290 1770 4344 Domini
1805 4291 1918 4346 caeli
1959 4292 2052 4360 fir-

481 4381 609 4443 mati
635 4389 751 4430 sunt
780 4378 849 4442 '°,
873 4385 978 4432 etc.
1017 4377 1150 4431 Eum
1176 4391 1304 4431 vero
1335 4377 1508 4432 locum
1543 4380 1712 4448 accipi
1741 4395 1897 4449 posse
1928 4395 2050 4435 cum

479 4471 546 4523 de
571 4469 829 4524 cmlorum
857 4469 1187 4535 substantia,
1216 4478 1328 4523 tum
1358 4470 1425 4524 de
1452 4471 1656 4540 angelis
1679 4471 1936 4526 caelorum
1967 4473 2049 4527 in-

479 4562 636 4624 colis,
671 4562 826 4614 docet
869 4561 1097 4630 ipsemet
1138 4560 1233 4615 lib.
1274 4576 1333 4626 ιι,
1375 4577 1497 4630 pag.
1534 4561 1654 4617 174.
1691 4561 1877 4632 Itaque
1920 4580 2043 4619 cum

477 4654 645 4708 caelos
673 4652 886 4721 quidem
917 4661 1073 4705 vocat
1101 4669 1180 4705 res
1211 4653 1549 4718 inanimatas,
1583 4662 1637 4707 et
1675 4665 1942 4708 creaturas
1967 4657 2043 4707 ir-

479 4743 790 4806 rationales,
821 4743 886 4796 de
927 4747 1184 4796 ccelorum
1232 4744 1532 4796 substantia
1589 4743 1862 4814 loquitur;
1915 4761 2036 4801 cum

479 4849 605 4886 vero
646 4847 740 4886 eos
780 4848 810 4884 a
849 4831 1050 4900 Spiritu
1097 4831 1467 4886 sanctilicatos
1495 4832 1646 4897 dicit,
1685 4833 1912 4888 alteram
1955 4848 2040 4888 se-

478 4926 665 4996 quitur
695 4923 1209 4992 interpretationem.
1243 4921 1406 4993 Lege,
1438 4936 1640 4992 quaeso,
1671 4939 1790 4994 qua:
1844 4927 2035 4996 scripsi

475 5026 585 5072 not.
623 5016 687 5069 ad
717 5031 836 5085 pag.
869 5014 936 5069 87
967 5024 1022 5069 et
1073 5013 1193 5067 1M.

650 5104 908 5179 [XLVl‘il]
943 5105 1071 5160 CAP.
1107 5104 1198 5161 IX.
1242 5104 1316 5158 De
1349 5115 1557 5171 peccato
1594 5107 1858 5177 originali.

541 5199 688 5252 inter
710 5208 934 5252 caeteros
957 5210 1194 5260 errores,
1223 5211 1358 5264 quos
1389 5195 1672 5266 Didymum
1703 5197 1757 5251 in
1801 5197 2039 5252 Euarra-

468 5289 716 5351 tionibus,
766 5298 930 5354 atque
977 5286 1034 5339 in
1080 5285 1220 5340 libro
1253 5287 1373 5340 adv.
1424 5286 1744 5342 Maniclueos
1791 5289 2038 5346 docuisse

469 5379 778 5446 SuSpicatur
811 5375 1045 5431 Jacohus
1093 5375 1387 5445 Basnagius
1411 5418 1426 5442 ,
1464 5381 1604 5433 hunc
1638 5381 1799 5435 etiam
1849 5396 2037 5437 recen-

469 5478 570 5535 set,
603 5471 745 5536 quod
788 5480 1054 5539 peccatum
1084 5470 1338 5538 originale
1371 5487 1582 5540 negasse
1620 5474 1878 5528 videatur.
1927 5473 2032 5529 Sed

469 5558 722 5630 injustam
780 5561 940 5632 plane
976 5575 1040 5617 ac
1087 5561 1276 5616 falsam
1317 5575 1438 5616 esse
1479 5562 1779 5632 huiusmodi
1812 5581 2031 5624 accusa-

539 5755 588 5789 ⁸⁸
629 5755 767 5814 Psal.
794 5773 966 5827 xxxii,
1003 5759 1055 5816 6.
1132 5761 1174 5793 ⁸⁸
1214 5759 1410 5832 Ephes.
1448 5777 1508 5831 ιι,
1536 5765 1587 5818 ’5.

2181 1924 2320 1978 libro
2351 1925 2468 1976 adv.
2503 1923 2850 1987 Maniclueos,
2890 1933 2948 1978 ut
2991 1939 3173 1978 vocem
3222 1936 3410 1979 natura
3445 1929 3752 1997 signiﬁcare

2179 2015 2324 2070 dicat
2359 2030 2492 2069 vere.
2522 2033 2540 2066 ι
2571 2014 2642 2067 At
2674 2013 2856 2083 φύσει,
2887 2014 3081 2083 inquit,
3121 2029 3455 2085 nequaquam
3481 2016 3754 2087 signiﬁcat

2179 2120 2312 2158 vere.
2347 2113 2402 2158 et
2425 2103 2712 2172 Apostolus
2746 2104 2931 2170 voluit,
2961 2121 3058 2160 nos
3081 2105 3172 2160 Dei
3200 2106 3490 2162 vindictam
3532 2110 3602 2163 ob
3628 2124 3752 2178 pec-

2177 2203 2358 2250 catum
2410 2194 2671 2263 originale
2721 2197 2948 2260 mereri;
2985 2199 3125 2266 quod
3165 2207 3340 2252 tamen
3383 2198 3451 2252 ibi
3489 2200 3748 2271 Didymus

2176 2302 2282 2341 non
2316 2297 2729 2352 commemorat,
2759 2288 2985 2358 idquue
3031 2299 3312 2358 peccatum
3351 2291 3615 2360 originale
3651 2308 3752 2348 ne-

2175 2395 2331 2451 gasse
2361 2381 2591 2435 videtur.
2637 2399 2656 2432 ι

2245 2468 2350 2523 Sed
2403 2469 2759 2540 Hieronymus
2808 2484 3021 2540 quoque
3076 2473 3216 2528 libro
3266 2488 3283 2528 ι
3339 2473 3629 2530 Comment.
3674 2473 3749 2531 In

2175 2560 2468 2630 Epistolam
2502 2565 2570 2615 ad
2610 2563 2863 2632 Ephesios
2901 2581 3020 2636 cap.
3061 2581 3123 2632 tt,
3151 2582 3214 2622 ea
3262 2567 3412 2622 Pauli
3461 2570 3622 2624 verba
3664 2573 3749 2628 sic

2174 2654 2416 2723 exponit,
2443 2667 2500 2708 ut
2530 2671 2703 2724 neque
2735 2659 2942 2726 peccati
2980 2658 3257 2728 originalis
3289 2659 3615 2716 mentionem
3661 2661 3744 2716 fa-

2181 2746 2309 2808 ciat,
2343 2757 2399 2799 et
2425 2747 2742 2801 vocabulum
2783 2748 2941 2818 φύσει
2983 2749 3289 2821 ambiguum
3332 2769 3453 2808 esse
3485 2753 3746 2822 aﬂirmet,

2174 2845 2232 2890 ut
2258 2837 2392 2890 verti
2433 2838 2595 2892 etiam
2627 2840 2794 2908 possit
2822 2857 3056 2908 prorsus,
3084 2844 3197 2897 sive
3226 2846 3457 2898 omnino.
3489 2845 3745 2915 Nunquid

2171 2943 2299 2998 ergo
2338 2928 2723 3000 Hieronymum
2761 2947 2975 3001 quoque
3008 2935 3150 2988 inter
3182 2951 3276 2991 eos
3309 2939 3739 3004 numerabimus,

2171 3021 2263 3088 qui
2300 3030 2406 3074 tam
2450 3023 2681 3090 turpiter
2713 3033 3002 3090 errarunt,
3057 3037 3117 3080 ut
3149 3037 3426 3096 peccatum
3473 3027 3743 3098 originale

2172 3126 2276 3165 non
2309 3112 2664 3181 agnoverint?

2373 3203 2502 3258 Car.
2540 3202 2607 3256 Χ.
2647 3204 2725 3259 De
2749 3222 3046 3260 animarum
3072 3209 3518 3278 prwexsistentta.

2232 3292 2556 3364 Origeniano
2605 3297 2670 3352 de
2707 3300 3009 3354 animarum
3063 3303 3490 3372 prteexsistentia
3543 3318 3738 3362 errore

2164 3385 2418 3441 iniectum
2449 3389 2618 3444 fuisse
2650 3389 2958 3460 Didymum,
2989 3393 3124 3448 adeo
3161 3394 3305 3450 clare
3339 3404 3567 3450 testatur
3596 3397 3738 3452 mul-

2163 3475 2233 3530 tis
2268 3475 2320 3529 in
2363 3475 2495 3532 locis
2534 3477 2932 3550 Hieronymus,
2971 3492 3030 3537 ut
3073 3483 3320 3540 dubitare
3361 3487 3580 3543 omnino
3622 3504 3739 3543 non

2161 3564 2337 3630 liceat,
2380 3569 2509 3637 quin
2557 3570 2671 3640 ipse
2714 3587 2744 3626 a
2777 3584 2964 3628 sancto
3008 3573 3250 3642 doctore,
3292 3585 3348 3631 ut
3382 3593 3558 3646 prava:
3589 3578 3738 3635 illius

2160 3657 2418 3714 doctrinae
2480 3667 2737 3731 patronus
2811 3664 3027 3721 habitus
3099 3666 3280 3721 fuerit.
3347 3668 3414 3724 Ut
3466 3671 3608 3724 enim
3668 3687 3735 3726 ea

2159 3760 2473 3820 praeteream
2509 3769 2629 3823 quae
2661 3756 2726 3810 de
2770 3757 2996 3827 Didymo
3036 3759 3252 3828 scripsit
3286 3760 3374 3815 ille
3399 3761 3492 3816 lib.
3529 3777 3544 3816 ι
3601 3764 3726 3819 adv.

2160 3842 2432 3913 Rufinum,
2457 3860 2626 3917 segm.
2657 3847 2710 3912 6,
2741 3857 2796 3903 et
2825 3848 2919 3904 lib.
2957 3864 3018 3916 ιι,
3063 3865 3233 3919 segm.
3268 3852 3357 3918 16,
3401 3868 3464 3908 ac
3501 3853 3595 3909 lib.
3641 3870 3735 3920 ιιι,

2156 3949 2326 4005 segm.
2352 3936 2441 4002 i2,
2476 3940 2605 4006 quid
2635 3942 2874 4009 apertius
2910 3942 2992 3996 his
3025 3957 3145 4012 qua:
3173 3943 3398 4014 legimus
3451 3962 3620 4014 segm.
3657 3949 3733 4004 28

2157 4023 2278 4080 libri
2317 4028 2500 4081 tertii?
2529 4029 2779 4085 Rulinum
2814 4032 2885 4088 ibi
2912 4034 2992 4089 sic
3019 4035 3306 4104 allaquitur
3338 4053 3352 4089 :
3391 4036 3531 4091 Hinc
3559 4050 3633 4092 est
3679 4051 3733 4094 et

2155 4117 2249 4170 illa
2279 4128 2369 4171 tua
2399 4136 2596 4175 arcana
2623 4122 2962 4194 interrogatio
2983 4167 2999 4193 ,
3029 4145 3192 4198 quare
3220 4130 3518 4184 moriantur
3545 4132 3736 4200 infan-

2155 4219 2248 4274 tes,
2279 4226 2396 4262 cum
2427 4224 2641 4280 propter
2673 4227 2904 4283 peccata,
2932 4233 3156 4288 corpora
3180 4223 3488 4289 acceperint.
3530 4221 3734 4281 Exstat

2154 4297 2284 4352 iiber
2313 4298 2525 4370 Didymi
2550 4303 2619 4356 ad
2647 4313 2716 4367 te,
2742 4322 2841 4375 quo
2870 4307 3162 4362 sciscitanti
3187 4309 3280 4362 tibi
3309 4313 3595 4378 respondit,
3619 4331 3734 4368 non

2152 4407 2238 4444 eos
2264 4391 2427 4445 multa
2452 4410 2709 4462 peccasse,
2737 4407 2785 4450 et
2810 4399 2925 4453 ideo
2947 4416 3221 4468 corporum
3254 4419 3484 4456 carceres
3521 4413 3731 4460 'antum

2151 4485 2225 4537 eis
2265 4487 2492 4557 tetigisse
2521 4489 2790 4557 sufﬁcere.
2825 4491 3162 4562 Quapropter
3184 4492 3473 4566 Didymum
3507 4499 3575 4551 ab
3609 4499 3730 4553 Ofi-

2151 4578 2376 4646 gcuismi
2433 4578 2552 4634 labe
2592 4580 2880 4638 defendere
2921 4599 3079 4640 nemo
3112 4597 3311 4656 potest,
3354 4589 3483 4656 quin
3527 4590 3730 4658 probet

2151 4677 2243 4720 aut
2268 4669 2478 4740 Didymi
2519 4672 2742 4741 scripta,
2767 4676 2835 4729 ob
2867 4690 2986 4744 qua:
3019 4677 3190 4747 ipsum
3225 4678 3585 4750 Hieronymus
3627 4698 3729 4736 ac-

2151 4772 2326 4825 cusat,
2349 4763 2417 4817 ab
2445 4761 2763 4833 Origenistis
2786 4779 3059 4837 corrupta,
3083 4769 3164 4822 vel
3193 4770 3317 4823 ticta
3343 4769 3530 4836 fuisse,
3556 4772 3727 4842 idque

2153 4846 2536 4921 Hieronymum
2569 4855 2848 4925 ignorasse
2882 4872 2900 4912 :
2936 4867 3028 4912 aut
3060 4859 3114 4914 id
3159 4860 3484 4932 Hieronymo
3516 4878 3726 4934 prapo-

2147 4941 2308 4992 situm
2333 4940 2522 5007 fuisse,
2554 4953 2612 4998 ut
2633 4945 2913 5016 Didymum
2937 4949 3361 5007 calumniarelur
3387 4969 3402 5006 :
3432 4963 3524 5008 aut
3558 4955 3730 5011 deni-

2145 5045 2249 5099 que
2277 5033 2421 5088 illutn
2453 5035 2662 5108 Didymi
2695 5051 2928 5096 mentem
2957 5044 3124 5111 probe
3152 5060 3260 5100 non
3289 5059 3624 5113 assecutum,
3654 5065 3725 5106 ea

2145 5122 2469 5192 Origeniano
2503 5141 2665 5183 sensu
2712 5130 2853 5186 dicta
2887 5135 3251 5204 existimasse,
3290 5153 3412 5208 quae
3445 5140 3726 5198 catholico

2139 5210 2440 5268 dictaverat
2473 5215 2748 5287 Didymus.
2783 5221 3020 5287 Quorum
3062 5226 3294 5293 primum
3327 5245 3394 5285 ne
3415 5231 3723 5291 verisimile

2138 5300 2351 5392 quidem
2412 5303 2622 5360 videtur
2669 5325 2684 5362 :
2739 5311 2966 5369 alterum
3021 5316 3126 5372 dici
3185 5332 3292 5374 non
3337 5329 3515 5390 potest
3578 5323 3715 5392 quin

2138 5391 2371 5447 maxima
2412 5397 2649 5453 maximo
2675 5401 2880 5459 doctori
2905 5443 2922 5469 ,
2945 5407 3394 5480 sanctissimeque
3416 5412 3534 5468 viro
3562 5391 3716 5486 inju-

2137 5480 2214 5535 ria
2271 5493 2472 5543 temere
2518 5490 2810 5550 inferatur:
2851 5499 3067 5555 tertium
3127 5517 3256 5558 vero
3295 5503 3437 5561 nulla
3482 5480 3716 5566 omnino

2137 5573 2346 5632 ratione
2373 5581 2697 5642 conﬁrmare
2734 5584 2846 5656 iam
2888 5589 3035 5660 licet,
3066 5594 3209 5663 quod
3237 5605 3292 5652 et
3321 5597 3577 5668 pleraque
3615 5601 3718 5657 Di-
