  <div class='ocr_page' id='page_1' title='image "/cluster/home/n/w/nwhite01/storage/ocr_20150623/39/hvd.32044037979440/108.png"; bbox 0 0 3970 6406; ppageno 0'>
   <div class='ocr_carea' id='block_1_1' title="bbox 251 363 324 415">
    <p class='ocr_par' dir='ltr' id='par_1_1' title="bbox 251 363 324 415">
     <span class='ocr_line' id='line_1_1' title="bbox 251 363 324 415; baseline -0.055 1"><span class='ocrx_word' id='word_1_1' title='bbox 251 363 324 415; x_wconf 74' lang='grc'><strong>197</strong></span> 
     </span>
    </p>
   </div>
   <div class='ocr_carea' id='block_1_2' title="bbox 1346 349 2297 407">
    <p class='ocr_par' dir='ltr' id='par_1_2' title="bbox 1346 349 2297 407">
     <span class='ocr_line' id='line_1_2' title="bbox 1346 349 2297 407; baseline -0.004 0"><span class='ocrx_word' id='word_1_2' title='bbox 1346 349 1916 407; x_wconf 72' lang='lat' dir='ltr'><strong>COMMENTARIUS.</strong></span> <span class='ocrx_word' id='word_1_3' title='bbox 1954 381 2019 390; x_wconf 90' lang='lat'><strong>—-</strong></span> <span class='ocrx_word' id='word_1_4' title='bbox 2063 349 2189 403; x_wconf 83' lang='lat' dir='ltr'><strong>LIB.</strong></span> <span class='ocrx_word' id='word_1_5' title='bbox 2235 349 2297 403; x_wconf 89' lang='lat' dir='ltr'><strong>ll.</strong></span> 
     </span>
    </p>
   </div>
   <div class='ocr_carea' id='block_1_3' title="bbox 3329 344 3432 400">
    <p class='ocr_par' dir='ltr' id='par_1_3' title="bbox 3329 344 3432 400">
     <span class='ocr_line' id='line_1_3' title="bbox 3329 344 3432 400; baseline 0 0"><span class='ocrx_word' id='word_1_6' title='bbox 3329 344 3432 400; x_wconf 71' lang='lat'><strong>198</strong></span> 
     </span>
    </p>
   </div>
   <div class='ocr_carea' id='block_1_4' title="bbox 247 461 3431 547">
    <p class='ocr_par' dir='ltr' id='par_1_4' title="bbox 247 461 3431 547">
     <span class='ocr_line' id='line_1_4' title="bbox 247 461 3431 547; baseline -0.005 -17"><span class='ocrx_word' id='word_1_7' title='bbox 247 475 358 547; x_wconf 75' lang='lat' dir='ltr'><strong>dymi</strong></span> <span class='ocrx_word' id='word_1_8' title='bbox 400 472 565 539; x_wconf 82' lang='lat' dir='ltr'><strong>scripta</strong></span> <span class='ocrx_word' id='word_1_9' title='bbox 620 468 963 530; x_wconf 88' lang='lat' dir='ltr'><strong>interierint,</strong></span> <span class='ocrx_word' id='word_1_10' title='bbox 1008 478 1063 520; x_wconf 93' lang='lat' dir='ltr'><strong>et</strong></span> <span class='ocrx_word' id='word_1_11' title='bbox 1106 468 1247 521; x_wconf 86' lang='lat' dir='ltr'><strong>circa</strong></span> <span class='ocrx_word' id='word_1_12' title='bbox 1299 468 1503 533; x_wconf 74' lang='lat' dir='ltr'><strong>quintze</strong></span> <span class='ocrx_word' id='word_1_13' title='bbox 1550 465 1737 535; x_wconf 83' lang='lat' dir='ltr'><strong>synodi</strong></span> <span class='ocrx_word' id='word_1_14' title='bbox 1769 470 1815 526; x_wconf 74' lang='grc' dir='ltr'>Α</span> <span class='ocrx_word' id='word_1_15' title='bbox 1844 464 2165 518; x_wconf 73' lang='lat' dir='ltr'><strong>habitatores</strong></span> <span class='ocrx_word' id='word_1_16' title='bbox 2200 476 2354 519; x_wconf 64' lang='lat' dir='ltr'><strong>terra:</strong></span> <span class='ocrx_word' id='word_1_17' title='bbox 2382 480 2399 518; x_wconf 93' lang='lat'><em>:</em></span> <span class='ocrx_word' id='word_1_18' title='bbox 2427 463 2698 533; x_wconf 86' lang='lat' dir='ltr'><strong>rapientes</strong></span> <span class='ocrx_word' id='word_1_19' title='bbox 2734 461 2923 530; x_wconf 89' lang='lat' dir='ltr'><strong>utique</strong></span> <span class='ocrx_word' id='word_1_20' title='bbox 2967 474 3029 515; x_wconf 87' lang='lat' dir='ltr'><strong>ea</strong></span> <span class='ocrx_word' id='word_1_21' title='bbox 3062 473 3182 529; x_wconf 67' lang='lat' dir='ltr'><strong>Quae</strong></span> <span class='ocrx_word' id='word_1_22' title='bbox 3217 469 3431 516; x_wconf 88' lang='lat' dir='ltr'><strong>terrena</strong></span> 
     </span>
    </p>
   </div>
   <div class='ocr_carea' id='block_1_5' title="bbox 249 556 1756 633">
    <p class='ocr_par' dir='ltr' id='par_1_5' title="bbox 249 556 1756 633">
     <span class='ocr_line' id='line_1_5' title="bbox 249 556 1756 633; baseline -0.007 -14"><span class='ocrx_word' id='word_1_23' title='bbox 249 577 448 633; x_wconf 82' lang='lat' dir='ltr'><strong>tempora,</strong></span> <span class='ocrx_word' id='word_1_24' title='bbox 474 576 528 615; x_wconf 86' lang='lat' dir='ltr'><strong>ac</strong></span> <span class='ocrx_word' id='word_1_25' title='bbox 554 568 667 628; x_wconf 89' lang='lat' dir='ltr'><strong>post</strong></span> <span class='ocrx_word' id='word_1_26' title='bbox 705 574 826 612; x_wconf 91' lang='lat' dir='ltr'><strong>eam</strong></span> <span class='ocrx_word' id='word_1_27' title='bbox 858 559 1123 628; x_wconf 81' lang='lat' dir='ltr'><strong>synodum</strong></span> <span class='ocrx_word' id='word_1_28' title='bbox 1159 556 1541 627; x_wconf 88' lang='lat' dir='ltr'><strong>quamplurimi</strong></span> <span class='ocrx_word' id='word_1_29' title='bbox 1565 593 1580 619; x_wconf 94' lang='lat'><strong>,</strong></span> <span class='ocrx_word' id='word_1_30' title='bbox 1622 556 1756 623; x_wconf 84' lang='lat' dir='ltr'><strong>qui-&#39;</strong></span> 
     </span>
    </p>
   </div>
   <div class='ocr_carea' id='block_1_6' title="bbox 247 649 1746 720">
    <p class='ocr_par' dir='ltr' id='par_1_6' title="bbox 247 649 1746 720">
     <span class='ocr_line' id='line_1_6' title="bbox 247 649 1746 720; baseline -0.007 -9"><span class='ocrx_word' id='word_1_31' title='bbox 247 660 322 711; x_wconf 88' lang='lat' dir='ltr'><strong>bos</strong></span> <span class='ocrx_word' id='word_1_32' title='bbox 348 657 536 708; x_wconf 74' lang='lat' dir='ltr'><strong>fortasse</strong></span> <span class='ocrx_word' id='word_1_33' title='bbox 567 666 624 704; x_wconf 87' lang='lat' dir='ltr'><strong>ea</strong></span> <span class='ocrx_word' id='word_1_34' title='bbox 662 651 845 720; x_wconf 81' lang='lat' dir='ltr'><strong>legere</strong></span> <span class='ocrx_word' id='word_1_35' title='bbox 880 651 1061 704; x_wconf 84' lang='lat' dir='ltr'><strong>datum</strong></span> <span class='ocrx_word' id='word_1_36' title='bbox 1111 660 1249 714; x_wconf 91' lang='lat' dir='ltr'><strong>erat,</strong></span> <span class='ocrx_word' id='word_1_37' title='bbox 1282 649 1552 710; x_wconf 83' lang='lat' dir='ltr'><strong>eamdem,</strong></span> <span class='ocrx_word' id='word_1_38' title='bbox 1585 663 1746 715; x_wconf 88' lang='lat' dir='ltr'><strong>quam</strong></span> 
     </span>
    </p>
   </div>
   <div class='ocr_carea' id='block_1_7' title="bbox 253 736 1747 814">
    <p class='ocr_par' dir='ltr' id='par_1_7' title="bbox 253 736 1747 814">
     <span class='ocr_line' id='line_1_7' title="bbox 253 736 1747 814; baseline -0.01 -12"><span class='ocrx_word' id='word_1_39' title='bbox 253 748 551 814; x_wconf 76' lang='lat' dir='ltr'><strong>Hieronymus,</strong></span> <span class='ocrx_word' id='word_1_40' title='bbox 594 742 825 811; x_wconf 89' lang='lat' dir='ltr'><strong>Didymo</strong></span> <span class='ocrx_word' id='word_1_41' title='bbox 870 750 1049 794; x_wconf 82' lang='lat' dir='ltr'><strong>nolam</strong></span> <span class='ocrx_word' id='word_1_42' title='bbox 1095 738 1411 792; x_wconf 88' lang='lat' dir='ltr'><strong>iuusserint.</strong></span> <span class='ocrx_word' id='word_1_43' title='bbox 1456 736 1587 803; x_wconf 63' lang='lat' dir='ltr'><strong>Quae</strong></span> <span class='ocrx_word' id='word_1_44' title='bbox 1623 751 1747 789; x_wconf 88' lang='lat' dir='ltr'><strong>cum</strong></span> 
     </span>
    </p>
   </div>
   <div class='ocr_carea' id='block_1_8' title="bbox 255 826 1748 898">
    <p class='ocr_par' dir='ltr' id='par_1_8' title="bbox 255 826 1748 898">
     <span class='ocr_line' id='line_1_8' title="bbox 255 826 1748 898; baseline -0.009 -7"><span class='ocrx_word' id='word_1_45' title='bbox 255 840 310 891; x_wconf 86' lang='lat' dir='ltr'><strong>ita</strong></span> <span class='ocrx_word' id='word_1_46' title='bbox 328 838 421 897; x_wconf 85' lang='lat' dir='ltr'><strong>sint,</strong></span> <span class='ocrx_word' id='word_1_47' title='bbox 441 836 485 887; x_wconf 91' lang='lat' dir='ltr'><strong>in</strong></span> <span class='ocrx_word' id='word_1_48' title='bbox 516 834 732 887; x_wconf 87' lang='lat' dir='ltr'><strong>dubium</strong></span> <span class='ocrx_word' id='word_1_49' title='bbox 766 831 1006 895; x_wconf 83' lang='lat' dir='ltr'><strong>revocari</strong></span> <span class='ocrx_word' id='word_1_50' title='bbox 1041 845 1146 883; x_wconf 92' lang='lat' dir='ltr'><strong>non</strong></span> <span class='ocrx_word' id='word_1_51' title='bbox 1187 839 1383 898; x_wconf 85' lang='lat' dir='ltr'><strong>potest,</strong></span> <span class='ocrx_word' id='word_1_52' title='bbox 1410 829 1538 897; x_wconf 90' lang='lat' dir='ltr'><strong>quin</strong></span> <span class='ocrx_word' id='word_1_53' title='bbox 1568 826 1748 894; x_wconf 87' lang='lat' dir='ltr'><strong>aliqua</strong></span> 
     </span>
    </p>
   </div>
   <div class='ocr_carea' id='block_1_9' title="bbox 260 919 1751 996">
    <p class='ocr_par' dir='ltr' id='par_1_9' title="bbox 260 919 1751 996">
     <span class='ocr_line' id='line_1_9' title="bbox 260 919 1751 996; baseline -0.009 -11"><span class='ocrx_word' id='word_1_54' title='bbox 260 933 398 986; x_wconf 85' lang='lat' dir='ltr'><strong>saltem</strong></span> <span class='ocrx_word' id='word_1_55' title='bbox 417 944 464 982; x_wconf 78' lang='lat' dir='ltr'><strong>ex</strong></span> <span class='ocrx_word' id='word_1_56' title='bbox 492 927 695 996; x_wconf 86' lang='lat' dir='ltr'><strong>Didymi</strong></span> <span class='ocrx_word' id='word_1_57' title='bbox 725 925 945 993; x_wconf 91' lang='lat' dir='ltr'><strong>scriptis</strong></span> <span class='ocrx_word' id='word_1_58' title='bbox 965 964 979 987; x_wconf 92' lang='lat'><strong>,</strong></span> <span class='ocrx_word' id='word_1_59' title='bbox 1016 939 1134 992; x_wconf 78' lang='lat' dir='ltr'><strong>qua:</strong></span> <span class='ocrx_word' id='word_1_60' title='bbox 1174 923 1586 984; x_wconf 89' lang='lat' dir='ltr'><strong>interciderunt,</strong></span> <span class='ocrx_word' id='word_1_61' title='bbox 1629 919 1751 974; x_wconf 86' lang='lat' dir='ltr'><strong>Ori-</strong></span> 
     </span>
    </p>
   </div>
   <div class='ocr_carea' id='block_1_10' title="bbox 260 1014 1751 1092">
    <p class='ocr_par' dir='ltr' id='par_1_10' title="bbox 260 1014 1751 1092">
     <span class='ocr_line' id='line_1_10' title="bbox 260 1014 1751 1092; baseline -0.007 -17"><span class='ocrx_word' id='word_1_62' title='bbox 260 1023 424 1092; x_wconf 78' lang='lat' dir='ltr'><strong>geniana</strong></span> <span class='ocrx_word' id='word_1_63' title='bbox 448 1022 550 1075; x_wconf 84' lang='lat' dir='ltr'><strong>labe</strong></span> <span class='ocrx_word' id='word_1_64' title='bbox 580 1020 854 1089; x_wconf 89' lang='lat' dir='ltr'><strong>inquinata</strong></span> <span class='ocrx_word' id='word_1_65' title='bbox 886 1018 1087 1072; x_wconf 83' lang='lat' dir='ltr'><strong>fuerint</strong></span> <span class='ocrx_word' id='word_1_66' title='bbox 1113 1034 1127 1069; x_wconf 92' lang='lat'><strong>:</strong></span> <span class='ocrx_word' id='word_1_67' title='bbox 1169 1032 1232 1070; x_wconf 89' lang='lat' dir='ltr'><strong>ac</strong></span> <span class='ocrx_word' id='word_1_68' title='bbox 1258 1014 1386 1071; x_wconf 89' lang='lat' dir='ltr'><strong>illud</strong></span> <span class='ocrx_word' id='word_1_69' title='bbox 1422 1024 1626 1068; x_wconf 88' lang='lat' dir='ltr'><strong>tantum</strong></span> <span class='ocrx_word' id='word_1_70' title='bbox 1656 1027 1751 1065; x_wconf 89' lang='lat' dir='ltr'><strong>no-</strong></span> 
     </span>
    </p>
   </div>
   <div class='ocr_carea' id='block_1_11' title="bbox 258 1101 1752 1180">
    <p class='ocr_par' dir='ltr' id='par_1_11' title="bbox 258 1101 1752 1180">
     <span class='ocr_line' id='line_1_11' title="bbox 258 1101 1752 1180; baseline -0.007 -15"><span class='ocrx_word' id='word_1_71' title='bbox 258 1113 315 1165; x_wconf 78' lang='lat' dir='ltr'><strong>bis</strong></span> <span class='ocrx_word' id='word_1_72' title='bbox 343 1113 555 1180; x_wconf 79' lang='lat' dir='ltr'><strong>integrum</strong></span> <span class='ocrx_word' id='word_1_73' title='bbox 604 1120 690 1163; x_wconf 91' lang='lat' dir='ltr'><strong>est</strong></span> <span class='ocrx_word' id='word_1_74' title='bbox 734 1122 1012 1177; x_wconf 66' lang='lat' dir='ltr'><strong>quaerere,</strong></span> <span class='ocrx_word' id='word_1_75' title='bbox 1061 1117 1241 1160; x_wconf 89' lang='lat' dir='ltr'><strong>utrum</strong></span> <span class='ocrx_word' id='word_1_76' title='bbox 1290 1103 1595 1172; x_wconf 70' lang='lat' dir='ltr'><strong>huiusmodi</strong></span> <span class='ocrx_word' id='word_1_77' title='bbox 1643 1101 1752 1157; x_wconf 89' lang='lat' dir='ltr'><strong>sint</strong></span> 
     </span>
    </p>
   </div>
   <div class='ocr_carea' id='block_1_12' title="bbox 253 1206 830 1272">
    <p class='ocr_par' dir='ltr' id='par_1_12' title="bbox 253 1206 830 1272">
     <span class='ocr_line' id='line_1_12' title="bbox 253 1206 830 1272; baseline -0.007 -14"><span class='ocrx_word' id='word_1_78' title='bbox 253 1206 366 1259; x_wconf 82' lang='lat' dir='ltr'><strong>etiam</strong></span> <span class='ocrx_word' id='word_1_79' title='bbox 389 1220 488 1272; x_wconf 66' lang='lat' dir='ltr'><strong>qua:</strong></span> <span class='ocrx_word' id='word_1_80' title='bbox 521 1210 830 1271; x_wconf 84' lang='lat' dir='ltr'><strong>supersunt.</strong></span> 
     </span>
    </p>
   </div>
   <div class='ocr_carea' id='block_1_13' title="bbox 301 1286 1750 1365">
    <p class='ocr_par' dir='ltr' id='par_1_13' title="bbox 301 1286 1750 1365">
     <span class='ocr_line' id='line_1_13' title="bbox 301 1286 1750 1365; baseline -0.009 -16"><span class='ocrx_word' id='word_1_81' title='bbox 301 1297 455 1365; x_wconf 85' lang='lat' dir='ltr'><strong>Itaque,</strong></span> <span class='ocrx_word' id='word_1_82' title='bbox 482 1308 536 1349; x_wconf 92' lang='lat' dir='ltr'><strong>ut</strong></span> <span class='ocrx_word' id='word_1_83' title='bbox 563 1297 618 1349; x_wconf 92' lang='lat' dir='ltr'><strong>in</strong></span> <span class='ocrx_word' id='word_1_84' title='bbox 650 1292 1076 1365; x_wconf 63' lang='lat' dir='ltr'><strong>prasexsistentia</strong></span> <span class='ocrx_word' id='word_1_85' title='bbox 1118 1291 1421 1343; x_wconf 88' lang='lat' dir='ltr'><strong>animarum</strong></span> <span class='ocrx_word' id='word_1_86' title='bbox 1467 1286 1750 1348; x_wconf 83' lang='lat' dir='ltr'><strong>sistamus,</strong></span> 
     </span>
    </p>
   </div>
   <div class='ocr_carea' id='block_1_14' title="bbox 245 1377 1752 1455">
    <p class='ocr_par' dir='ltr' id='par_1_14' title="bbox 245 1377 1752 1455">
     <span class='ocr_line' id='line_1_14' title="bbox 245 1377 1752 1455; baseline -0.009 -14"><span class='ocrx_word' id='word_1_87' title='bbox 245 1388 395 1441; x_wconf 89' lang='lat' dir='ltr'><strong>nullum</strong></span> <span class='ocrx_word' id='word_1_88' title='bbox 422 1388 523 1453; x_wconf 88' lang='lat' dir='ltr'><strong>eius</strong></span> <span class='ocrx_word' id='word_1_89' title='bbox 556 1387 843 1455; x_wconf 79' lang='lat' dir='ltr'><strong>vestigium</strong></span> <span class='ocrx_word' id='word_1_90' title='bbox 896 1398 1071 1453; x_wconf 88' lang='lat' dir='ltr'><strong>neque</strong></span> <span class='ocrx_word' id='word_1_91' title='bbox 1118 1384 1167 1435; x_wconf 93' lang='lat' dir='ltr'><strong>in</strong></span> <span class='ocrx_word' id='word_1_92' title='bbox 1210 1382 1346 1435; x_wconf 90' lang='lat' dir='ltr'><strong>libro</strong></span> <span class='ocrx_word' id='word_1_93' title='bbox 1398 1381 1514 1433; x_wconf 86' lang='lat' dir='ltr'><strong>adv.</strong></span> <span class='ocrx_word' id='word_1_94' title='bbox 1566 1377 1752 1430; x_wconf 85' lang='lat' dir='ltr'><strong>Mani-</strong></span> 
     </span>
    </p>
   </div>
   <div class='ocr_carea' id='block_1_15' title="bbox 240 1470 1750 1548">
    <p class='ocr_par' dir='ltr' id='par_1_15' title="bbox 240 1470 1750 1548">
     <span class='ocr_line' id='line_1_15' title="bbox 240 1470 1750 1548; baseline -0.005 -18"><span class='ocrx_word' id='word_1_95' title='bbox 240 1480 385 1542; x_wconf 78' lang='lat' dir='ltr'><strong>clutos,</strong></span> <span class='ocrx_word' id='word_1_96' title='bbox 429 1494 589 1548; x_wconf 83' lang='lat' dir='ltr'><strong>neque</strong></span> <span class='ocrx_word' id='word_1_97' title='bbox 641 1479 694 1531; x_wconf 89' lang='lat' dir='ltr'><strong>in</strong></span> <span class='ocrx_word' id='word_1_98' title='bbox 736 1478 871 1531; x_wconf 88' lang='lat' dir='ltr'><strong>libro</strong></span> <span class='ocrx_word' id='word_1_99' title='bbox 922 1475 996 1529; x_wconf 90' lang='lat' dir='ltr'><strong>De</strong></span> <span class='ocrx_word' id='word_1_100' title='bbox 1049 1475 1252 1541; x_wconf 78' lang='lat' dir='ltr'><strong>Spiritu</strong></span> <span class='ocrx_word' id='word_1_101' title='bbox 1295 1482 1499 1534; x_wconf 84' lang='lat' dir='ltr'><strong>sancto,</strong></span> <span class='ocrx_word' id='word_1_102' title='bbox 1551 1486 1649 1524; x_wconf 89' lang='lat' dir='ltr'><strong>nec</strong></span> <span class='ocrx_word' id='word_1_103' title='bbox 1698 1470 1750 1523; x_wconf 92' lang='lat' dir='ltr'><strong>in</strong></span> 
     </span>
    </p>
   </div>
   <div class='ocr_carea' id='block_1_16' title="bbox 237 1563 1751 1639">
    <p class='ocr_par' dir='ltr' id='par_1_16' title="bbox 237 1563 1751 1639">
     <span class='ocr_line' id='line_1_16' title="bbox 237 1563 1751 1639; baseline -0.005 -18"><span class='ocrx_word' id='word_1_104' title='bbox 237 1568 518 1638; x_wconf 77' lang='lat' dir='ltr'><strong>fragmentis,</strong></span> <span class='ocrx_word' id='word_1_105' title='bbox 558 1584 682 1639; x_wconf 66' lang='lat' dir='ltr'><strong>quae</strong></span> <span class='ocrx_word' id='word_1_106' title='bbox 735 1567 963 1636; x_wconf 85' lang='lat' dir='ltr'><strong>Didymo</strong></span> <span class='ocrx_word' id='word_1_107' title='bbox 1021 1566 1073 1618; x_wconf 91' lang='lat' dir='ltr'><strong>in</strong></span> <span class='ocrx_word' id='word_1_108' title='bbox 1130 1563 1346 1619; x_wconf 75' lang='lat' dir='ltr'><strong>Catenis</strong></span> <span class='ocrx_word' id='word_1_109' title='bbox 1420 1563 1751 1623; x_wconf 89' lang='lat' dir='ltr'><strong>tribuuntur,</strong></span> 
     </span>
    </p>
   </div>
   <div class='ocr_carea' id='block_1_17' title="bbox 234 1653 1755 1715">
    <p class='ocr_par' dir='ltr' id='par_1_17' title="bbox 234 1653 1755 1715">
     <span class='ocr_line' id='line_1_17' title="bbox 234 1653 1755 1715; baseline -0.004 -4"><span class='ocrx_word' id='word_1_110' title='bbox 234 1662 466 1715; x_wconf 77' lang='lat' dir='ltr'><strong>observare</strong></span> <span class='ocrx_word' id='word_1_111' title='bbox 502 1676 584 1714; x_wconf 87' lang='lat' dir='ltr'><strong>me</strong></span> <span class='ocrx_word' id='word_1_112' title='bbox 642 1660 885 1714; x_wconf 90' lang='lat' dir='ltr'><strong>memini.</strong></span> <span class='ocrx_word' id='word_1_113' title='bbox 924 1658 980 1710; x_wconf 86' lang='lat' dir='ltr'><strong>in</strong></span> <span class='ocrx_word' id='word_1_114' title='bbox 1032 1657 1184 1711; x_wconf 81' lang='lat' dir='ltr'><strong>libris</strong></span> <span class='ocrx_word' id='word_1_115' title='bbox 1217 1670 1347 1710; x_wconf 89' lang='lat' dir='ltr'><strong>vero</strong></span> <span class='ocrx_word' id='word_1_116' title='bbox 1387 1654 1463 1708; x_wconf 85' lang='lat' dir='ltr'><strong>De</strong></span> <span class='ocrx_word' id='word_1_117' title='bbox 1498 1653 1755 1706; x_wconf 83' lang='lat' dir='ltr'><strong>Trinitate</strong></span> 
     </span>
    </p>
   </div>
   <div class='ocr_carea' id='block_1_18' title="bbox 232 1744 1757 1821">
    <p class='ocr_par' dir='ltr' id='par_1_18' title="bbox 232 1744 1757 1821">
     <span class='ocr_line' id='line_1_18' title="bbox 232 1744 1757 1821; baseline -0.004 -17"><span class='ocrx_word' id='word_1_118' title='bbox 232 1752 449 1805; x_wconf 57' lang='lat' dir='ltr'><strong>nonnulla?</strong></span> <span class='ocrx_word' id='word_1_119' title='bbox 473 1753 692 1821; x_wconf 88' lang='lat' dir='ltr'><strong>quidem</strong></span> <span class='ocrx_word' id='word_1_120' title='bbox 721 1749 1356 1809; x_wconf 74' lang='lat' dir='ltr'><strong>occurrunt&#39;locntiones,</strong></span> <span class='ocrx_word' id='word_1_121' title='bbox 1383 1763 1501 1817; x_wconf 68' lang='lat' dir='ltr'><strong>qua:</strong></span> <span class='ocrx_word' id='word_1_122' title='bbox 1531 1746 1597 1799; x_wconf 89' lang='lat' dir='ltr'><strong>ad</strong></span> <span class='ocrx_word' id='word_1_123' title='bbox 1637 1744 1757 1800; x_wconf 89' lang='lat' dir='ltr'><strong>Ori-</strong></span> 
     </span>
    </p>
   </div>
   <div class='ocr_carea' id='block_1_19' title="bbox 1847 550 3429 622">
    <p class='ocr_par' dir='ltr' id='par_1_19' title="bbox 1847 550 3429 622">
     <span class='ocr_line' id='line_1_19' title="bbox 1847 550 3429 622; baseline -0.003 -12"><span class='ocrx_word' id='word_1_124' title='bbox 1847 566 1995 620; x_wconf 87' lang='lat' dir='ltr'><strong>sunt,</strong></span> <span class='ocrx_word' id='word_1_125' title='bbox 2040 565 2094 610; x_wconf 88' lang='lat' dir='ltr'><strong>et</strong></span> <span class='ocrx_word' id='word_1_126' title='bbox 2131 557 2335 611; x_wconf 88' lang='lat' dir='ltr'><strong>terreni</strong></span> <span class='ocrx_word' id='word_1_127' title='bbox 2398 556 2617 609; x_wconf 90' lang='lat' dir='ltr'><strong>indutos</strong></span> <span class='ocrx_word' id='word_1_128' title='bbox 2675 553 2929 622; x_wconf 78' lang='lat' dir='ltr'><strong>imagine.</strong></span> <span class='ocrx_word' id='word_1_129' title='bbox 2959 570 2977 603; x_wconf 73' lang='grc' dir='ltr'><strong><em>ι</em></strong></span> <span class='ocrx_word' id='word_1_130' title='bbox 3037 551 3115 605; x_wconf 88' lang='lat' dir='ltr'><strong>Ita</strong></span> <span class='ocrx_word' id='word_1_131' title='bbox 3152 550 3429 622; x_wconf 80' lang='lat' dir='ltr'><strong>Didymus.</strong></span> 
     </span>
    </p>
   </div>
   <div class='ocr_carea' id='block_1_20' title="bbox 1849 640 3433 712">
    <p class='ocr_par' dir='ltr' id='par_1_20' title="bbox 1849 640 3433 712">
     <span class='ocr_line' id='line_1_20' title="bbox 1849 640 3433 712; baseline -0.002 -17"><span class='ocrx_word' id='word_1_132' title='bbox 1849 645 1948 712; x_wconf 84' lang='lat' dir='ltr'><strong>Qui</strong></span> <span class='ocrx_word' id='word_1_133' title='bbox 1983 660 2113 699; x_wconf 91' lang='lat' dir='ltr'><strong>vero</strong></span> <span class='ocrx_word' id='word_1_134' title='bbox 2146 656 2301 699; x_wconf 91' lang='lat' dir='ltr'><strong>notas</strong></span> <span class='ocrx_word' id='word_1_135' title='bbox 2342 646 2392 698; x_wconf 92' lang='lat' dir='ltr'><strong>in</strong></span> <span class='ocrx_word' id='word_1_136' title='bbox 2429 644 2671 711; x_wconf 75' lang='lat' dir='ltr'><strong>margine</strong></span> <span class='ocrx_word' id='word_1_137' title='bbox 2720 642 2915 711; x_wconf 86' lang='lat' dir='ltr'><strong>adjecit</strong></span> <span class='ocrx_word' id='word_1_138' title='bbox 2952 662 2963 696; x_wconf 86' lang='lat'><strong>:</strong></span> <span class='ocrx_word' id='word_1_139' title='bbox 3000 640 3167 694; x_wconf 80' lang='lat' dir='ltr'><strong>Caute</strong></span> <span class='ocrx_word' id='word_1_140' title='bbox 3192 641 3320 709; x_wconf 84' lang='lat' dir='ltr'><strong>lege,</strong></span> <span class='ocrx_word' id='word_1_141' title='bbox 3349 642 3433 693; x_wconf 89' lang='lat' dir='ltr'><strong>in—</strong></span> 
     </span>
    </p>
   </div>
   <div class='ocr_carea' id='block_1_21' title="bbox 1850 731 3434 803">
    <p class='ocr_par' dir='ltr' id='par_1_21' title="bbox 1850 731 3434 803">
     <span class='ocr_line' id='line_1_21' title="bbox 1850 731 3434 803; baseline -0.003 -14"><span class='ocrx_word' id='word_1_142' title='bbox 1850 737 1985 803; x_wconf 88' lang='lat' dir='ltr'><strong>quit.</strong></span> <span class='ocrx_word' id='word_1_143' title='bbox 2020 752 2139 789; x_wconf 87' lang='lat' dir='ltr'><strong>nam</strong></span> <span class='ocrx_word' id='word_1_144' title='bbox 2167 736 2384 789; x_wconf 79' lang='lat' dir='ltr'><strong>subdole</strong></span> <span class='ocrx_word' id='word_1_145' title='bbox 2404 737 2609 789; x_wconf 85' lang='lat' dir='ltr'><strong>videtur</strong></span> <span class='ocrx_word' id='word_1_146' title='bbox 2635 735 2906 787; x_wconf 78' lang='lat' dir='ltr'><strong>insinuare</strong></span> <span class='ocrx_word' id='word_1_147' title='bbox 2932 734 3167 786; x_wconf 81' lang='lat' dir='ltr'><strong>Itwresint</strong></span> <span class='ocrx_word' id='word_1_148' title='bbox 3193 731 3434 800; x_wconf 78' lang='lat' dir='ltr'><strong>Oriqeuis</strong></span> 
     </span>
    </p>
   </div>
   <div class='ocr_carea' id='block_1_22' title="bbox 1850 828 3437 896">
    <p class='ocr_par' dir='ltr' id='par_1_22' title="bbox 1850 828 3437 896">
     <span class='ocr_line' id='line_1_22' title="bbox 1850 828 3437 896; baseline -0.002 -17"><span class='ocrx_word' id='word_1_149' title='bbox 1850 830 1913 879; x_wconf 88' lang='lat' dir='ltr'><strong>de</strong></span> <span class='ocrx_word' id='word_1_150' title='bbox 1966 828 2385 896; x_wconf 71' lang='lat' dir='ltr'><strong>pra&#39;exsistentia</strong></span> <span class='ocrx_word' id='word_1_151' title='bbox 2426 828 2724 880; x_wconf 87' lang='lat' dir='ltr'><strong>animarum</strong></span> <span class='ocrx_word' id='word_1_152' title='bbox 2772 835 2892 878; x_wconf 86' lang='lat' dir='ltr'><strong>ante</strong></span> <span class='ocrx_word' id='word_1_153' title='bbox 2922 840 3165 893; x_wconf 84' lang='lat' dir='ltr'><strong>corpora,</strong></span> <span class='ocrx_word' id='word_1_154' title='bbox 3209 834 3254 878; x_wconf 92' lang='lat' dir='ltr'><strong>et</strong></span> <span class='ocrx_word' id='word_1_155' title='bbox 3283 841 3437 877; x_wconf 83' lang='lat' dir='ltr'><strong>mun-</strong></span> 
     </span>
    </p>
   </div>
   <div class='ocr_carea' id='block_1_23' title="bbox 1849 920 2272 973">
    <p class='ocr_par' dir='ltr' id='par_1_23' title="bbox 1849 920 2272 973">
     <span class='ocr_line' id='line_1_23' title="bbox 1849 920 2272 973; baseline 0 0"><span class='ocrx_word' id='word_1_156' title='bbox 1849 922 1973 973; x_wconf 87' lang='lat' dir='ltr'><strong>dum</strong></span> <span class='ocrx_word' id='word_1_157' title='bbox 2000 920 2272 973; x_wconf 78' lang='lat' dir='ltr'><strong>visibilem.</strong></span> 
     </span>
    </p>
   </div>
   <div class='ocr_carea' id='block_1_24' title="bbox 1922 1005 3439 1082">
    <p class='ocr_par' dir='ltr' id='par_1_24' title="bbox 1922 1005 3439 1082">
     <span class='ocr_line' id='line_1_24' title="bbox 1922 1005 3439 1082; baseline -0.005 -15"><span class='ocrx_word' id='word_1_158' title='bbox 1922 1014 2028 1067; x_wconf 86' lang='lat' dir='ltr'><strong>Sed</strong></span> <span class='ocrx_word' id='word_1_159' title='bbox 2083 1014 2355 1082; x_wconf 79' lang='lat' dir='ltr'><strong>equidem,</strong></span> <span class='ocrx_word' id='word_1_160' title='bbox 2395 1022 2454 1065; x_wconf 90' lang='lat' dir='ltr'><strong>ut</strong></span> <span class='ocrx_word' id='word_1_161' title='bbox 2486 1024 2671 1065; x_wconf 78' lang='lat' dir='ltr'><strong>verum</strong></span> <span class='ocrx_word' id='word_1_162' title='bbox 2707 1008 2898 1075; x_wconf 78' lang='lat' dir='ltr'><strong>fatear,</strong></span> <span class='ocrx_word' id='word_1_163' title='bbox 2963 1023 3060 1062; x_wconf 90' lang='lat' dir='ltr'><strong>cur</strong></span> <span class='ocrx_word' id='word_1_164' title='bbox 3088 1022 3192 1060; x_wconf 93' lang='lat' dir='ltr'><strong>non</strong></span> <span class='ocrx_word' id='word_1_165' title='bbox 3230 1005 3439 1075; x_wconf 81' lang='lat' dir='ltr'><strong>possint</strong></span> 
     </span>
    </p>
   </div>
   <div class='ocr_carea' id='block_1_25' title="bbox 1851 1097 3427 1169">
    <p class='ocr_par' dir='ltr' id='par_1_25' title="bbox 1851 1097 3427 1169">
     <span class='ocr_line' id='line_1_25' title="bbox 1851 1097 3427 1169; baseline -0.006 -10"><span class='ocrx_word' id='word_1_166' title='bbox 1851 1105 2115 1159; x_wconf 83' lang='lat' dir='ltr'><strong>catholico</strong></span> <span class='ocrx_word' id='word_1_167' title='bbox 2172 1105 2283 1157; x_wconf 58' lang='lat' dir='ltr'><strong>hanc</strong></span> <span class='ocrx_word' id='word_1_168' title='bbox 2317 1118 2476 1157; x_wconf 89' lang='lat' dir='ltr'><strong>sensu</strong></span> <span class='ocrx_word' id='word_1_169' title='bbox 2506 1102 2701 1169; x_wconf 84' lang='lat' dir='ltr'><strong>accipi,</strong></span> <span class='ocrx_word' id='word_1_170' title='bbox 2733 1117 2838 1154; x_wconf 92' lang='lat' dir='ltr'><strong>non</strong></span> <span class='ocrx_word' id='word_1_171' title='bbox 2869 1100 3049 1153; x_wconf 88' lang='lat' dir='ltr'><strong>video.</strong></span> <span class='ocrx_word' id='word_1_172' title='bbox 3098 1097 3253 1151; x_wconf 85' lang='lat' dir='ltr'><strong>Nulla</strong></span> <span class='ocrx_word' id='word_1_173' title='bbox 3285 1100 3427 1152; x_wconf 91' lang='lat' dir='ltr'><strong>enim</strong></span> 
     </span>
    </p>
   </div>
   <div class='ocr_carea' id='block_1_26' title="bbox 1851 1191 3436 1265">
    <p class='ocr_par' dir='ltr' id='par_1_26' title="bbox 1851 1191 3436 1265">
     <span class='ocr_line' id='line_1_26' title="bbox 1851 1191 3436 1265; baseline -0.004 -15"><span class='ocrx_word' id='word_1_174' title='bbox 1851 1198 1938 1250; x_wconf 91' lang='lat' dir='ltr'><strong>hic</strong></span> <span class='ocrx_word' id='word_1_175' title='bbox 1965 1196 2430 1265; x_wconf 64' lang='lat' dir='ltr'><strong>przeexsistentiaz,</strong></span> <span class='ocrx_word' id='word_1_176' title='bbox 2464 1193 2609 1247; x_wconf 89' lang='lat' dir='ltr'><strong>nulla</strong></span> <span class='ocrx_word' id='word_1_177' title='bbox 2636 1191 3053 1263; x_wconf 66' lang='lat' dir='ltr'><strong>praecedentium</strong></span> <span class='ocrx_word' id='word_1_178' title='bbox 3091 1200 3436 1260; x_wconf 82' lang='lat' dir='ltr'><strong>peccatorum</strong></span> 
     </span>
    </p>
   </div>
   <div class='ocr_carea' id='block_1_27' title="bbox 1853 1279 3429 1354">
    <p class='ocr_par' dir='ltr' id='par_1_27' title="bbox 1853 1279 3429 1354">
     <span class='ocr_line' id='line_1_27' title="bbox 1853 1279 3429 1354; baseline -0.006 -13"><span class='ocrx_word' id='word_1_179' title='bbox 1853 1288 2070 1351; x_wconf 85' lang='lat' dir='ltr'><strong>mentio,</strong></span> <span class='ocrx_word' id='word_1_180' title='bbox 2122 1288 2213 1340; x_wconf 90' lang='lat' dir='ltr'><strong>sed</strong></span> <span class='ocrx_word' id='word_1_181' title='bbox 2270 1294 2625 1354; x_wconf 61' lang='lat' dir='ltr'><strong>temporaneas</strong></span> <span class='ocrx_word' id='word_1_182' title='bbox 2681 1284 2940 1335; x_wconf 79' lang='lat' dir='ltr'><strong>duntaxat</strong></span> <span class='ocrx_word' id='word_1_183' title='bbox 3019 1280 3323 1332; x_wconf 90' lang='lat' dir='ltr'><strong>animarum</strong></span> <span class='ocrx_word' id='word_1_184' title='bbox 3378 1279 3429 1332; x_wconf 94' lang='lat' dir='ltr'><strong>in</strong></span> 
     </span>
    </p>
   </div>
   <div class='ocr_carea' id='block_1_28' title="bbox 1851 1370 3437 1448">
    <p class='ocr_par' dir='ltr' id='par_1_28' title="bbox 1851 1370 3437 1448">
     <span class='ocr_line' id='line_1_28' title="bbox 1851 1370 3437 1448; baseline -0.007 -14"><span class='ocrx_word' id='word_1_185' title='bbox 1851 1378 2166 1448; x_wconf 87' lang='lat' dir='ltr'><strong>corporibus</strong></span> <span class='ocrx_word' id='word_1_186' title='bbox 2223 1376 2567 1430; x_wconf 86' lang='lat' dir='ltr'><strong>habitationis</strong></span> <span class='ocrx_word' id='word_1_187' title='bbox 2611 1388 2760 1428; x_wconf 89' lang='lat' dir='ltr'><strong>:nec</strong></span> <span class='ocrx_word' id='word_1_188' title='bbox 2810 1373 2955 1426; x_wconf 85' lang='lat' dir='ltr'><strong>aliud</strong></span> <span class='ocrx_word' id='word_1_189' title='bbox 3025 1380 3272 1441; x_wconf 84' lang='lat' dir='ltr'><strong>spectare</strong></span> <span class='ocrx_word' id='word_1_190' title='bbox 3306 1370 3437 1424; x_wconf 86' lang='lat' dir='ltr'><strong>mihi</strong></span> 
     </span>
    </p>
   </div>
   <div class='ocr_carea' id='block_1_29' title="bbox 1851 1461 3438 1540">
    <p class='ocr_par' dir='ltr' id='par_1_29' title="bbox 1851 1461 3438 1540">
     <span class='ocr_line' id='line_1_29' title="bbox 1851 1461 3438 1540; baseline -0.007 -14"><span class='ocrx_word' id='word_1_191' title='bbox 1851 1474 2062 1526; x_wconf 89' lang='lat' dir='ltr'><strong>videtur</strong></span> <span class='ocrx_word' id='word_1_192' title='bbox 2102 1469 2380 1540; x_wconf 86' lang='lat' dir='ltr'><strong>Didymus,</strong></span> <span class='ocrx_word' id='word_1_193' title='bbox 2444 1467 2547 1521; x_wconf 89' lang='lat' dir='ltr'><strong>nisi</strong></span> <span class='ocrx_word' id='word_1_194' title='bbox 2606 1476 2659 1519; x_wconf 89' lang='lat' dir='ltr'><strong>ut</strong></span> <span class='ocrx_word' id='word_1_195' title='bbox 2704 1472 2941 1530; x_wconf 90' lang='lat' dir='ltr'><strong>moneat,</strong></span> <span class='ocrx_word' id='word_1_196' title='bbox 2991 1480 3096 1517; x_wconf 91' lang='lat' dir='ltr'><strong>non</strong></span> <span class='ocrx_word' id='word_1_197' title='bbox 3154 1478 3273 1517; x_wconf 90' lang='lat' dir='ltr'><strong>esse</strong></span> <span class='ocrx_word' id='word_1_198' title='bbox 3320 1461 3438 1515; x_wconf 88' lang='lat' dir='ltr'><strong>ani-</strong></span> 
     </span>
    </p>
   </div>
   <div class='ocr_carea' id='block_1_30' title="bbox 1854 1553 3436 1622">
    <p class='ocr_par' dir='ltr' id='par_1_30' title="bbox 1854 1553 3436 1622">
     <span class='ocr_line' id='line_1_30' title="bbox 1854 1553 3436 1622; baseline -0.006 -9"><span class='ocrx_word' id='word_1_199' title='bbox 1854 1576 1970 1614; x_wconf 85' lang='lat' dir='ltr'><strong>mas</strong></span> <span class='ocrx_word' id='word_1_200' title='bbox 2028 1574 2094 1613; x_wconf 86' lang='lat' dir='ltr'><strong>ex</strong></span> <span class='ocrx_word' id='word_1_201' title='bbox 2150 1569 2361 1612; x_wconf 84' lang='lat' dir='ltr'><strong>terrena</strong></span> <span class='ocrx_word' id='word_1_202' title='bbox 2410 1556 2751 1620; x_wconf 80' lang='lat' dir='ltr'><strong>substantia;</strong></span> <span class='ocrx_word' id='word_1_203' title='bbox 2818 1554 3061 1622; x_wconf 89' lang='lat' dir='ltr'><strong>alioquin</strong></span> <span class='ocrx_word' id='word_1_204' title='bbox 3118 1553 3436 1607; x_wconf 88' lang='lat' dir='ltr'><strong>dicerentur</strong></span> 
     </span>
    </p>
   </div>
   <div class='ocr_carea' id='block_1_31' title="bbox 1857 1641 3442 1713">
    <p class='ocr_par' dir='ltr' id='par_1_31' title="bbox 1857 1641 3442 1713">
     <span class='ocr_line' id='line_1_31' title="bbox 1857 1641 3442 1713; baseline -0.008 -8"><span class='ocrx_word' id='word_1_205' title='bbox 1857 1667 1963 1705; x_wconf 89' lang='lat' dir='ltr'><strong>non</strong></span> <span class='ocrx_word' id='word_1_206' title='bbox 2012 1652 2246 1713; x_wconf 76' lang='lat' dir='ltr'><strong>aduente,</strong></span> <span class='ocrx_word' id='word_1_207' title='bbox 2311 1649 2403 1702; x_wconf 89' lang='lat' dir='ltr'><strong>sed</strong></span> <span class='ocrx_word' id='word_1_208' title='bbox 2435 1647 2772 1700; x_wconf 82' lang='lat' dir='ltr'><strong>Imbitatrices</strong></span> <span class='ocrx_word' id='word_1_209' title='bbox 2799 1656 2984 1709; x_wconf 74' lang='lat' dir='ltr'><strong>terrm;</strong></span> <span class='ocrx_word' id='word_1_210' title='bbox 3023 1659 3117 1698; x_wconf 90' lang='lat' dir='ltr'><strong>eas</strong></span> <span class='ocrx_word' id='word_1_211' title='bbox 3166 1658 3293 1698; x_wconf 89' lang='lat' dir='ltr'><strong>vero</strong></span> <span class='ocrx_word' id='word_1_212' title='bbox 3322 1641 3442 1694; x_wconf 92' lang='lat' dir='ltr'><strong>ani-</strong></span> 
     </span>
    </p>
   </div>
   <div class='ocr_carea' id='block_1_32' title="bbox 1860 1736 3441 1811">
    <p class='ocr_par' dir='ltr' id='par_1_32' title="bbox 1860 1736 3441 1811">
     <span class='ocr_line' id='line_1_32' title="bbox 1860 1736 3441 1811; baseline -0.006 -14"><span class='ocrx_word' id='word_1_213' title='bbox 1860 1758 1995 1807; x_wconf 86' lang='lat' dir='ltr'><strong>mas,</strong></span> <span class='ocrx_word' id='word_1_214' title='bbox 2023 1757 2142 1811; x_wconf 75' lang='lat' dir='ltr'><strong>qum</strong></span> <span class='ocrx_word' id='word_1_215' title='bbox 2180 1741 2367 1793; x_wconf 82' lang='lat' dir='ltr'><strong>habent</strong></span> <span class='ocrx_word' id='word_1_216' title='bbox 2407 1740 2819 1806; x_wconf 69' lang='lat' dir='ltr'><strong>compa~~sionem</strong></span> <span class='ocrx_word' id='word_1_217' title='bbox 2866 1736 3062 1802; x_wconf 87' lang='lat' dir='ltr'><strong>carnis,</strong></span> <span class='ocrx_word' id='word_1_218' title='bbox 3115 1736 3166 1789; x_wconf 92' lang='lat' dir='ltr'><strong>id</strong></span> <span class='ocrx_word' id='word_1_219' title='bbox 3194 1744 3296 1798; x_wconf 90' lang='lat' dir='ltr'><strong>est,</strong></span> <span class='ocrx_word' id='word_1_220' title='bbox 3321 1747 3441 1803; x_wconf 69' lang='lat' dir='ltr'><strong>qua:</strong></span> 
     </span>
    </p>
   </div>
   <div class='ocr_carea' id='block_1_33' title="bbox 229 1812 3443 1912">
    <p class='ocr_par' dir='ltr' id='par_1_33' title="bbox 229 1812 3443 1912">
     <span class='ocr_line' id='line_1_33' title="bbox 229 1812 3443 1912; baseline -0.006 -15"><span class='ocrx_word' id='word_1_221' title='bbox 229 1845 465 1912; x_wconf 77' lang='lat' dir='ltr'><strong>genianum</strong></span> <span class='ocrx_word' id='word_1_222' title='bbox 504 1846 651 1899; x_wconf 89' lang='lat' dir='ltr'><strong>hunc</strong></span> <span class='ocrx_word' id='word_1_223' title='bbox 682 1858 922 1898; x_wconf 88' lang='lat' dir='ltr'><strong>errorem</strong></span> <span class='ocrx_word' id='word_1_224' title='bbox 960 1842 1151 1897; x_wconf 82' lang='lat' dir='ltr'><strong>referri</strong></span> <span class='ocrx_word' id='word_1_225' title='bbox 1195 1849 1423 1910; x_wconf 89' lang='lat' dir='ltr'><strong>queant,</strong></span> <span class='ocrx_word' id='word_1_226' title='bbox 1456 1838 1753 1906; x_wconf 89' lang='lat' dir='ltr'><strong>cuiusmodi</strong></span> <span class='ocrx_word' id='word_1_227' title='bbox 1788 1812 1831 1870; x_wconf 79' lang='grc' dir='ltr'><strong>Β</strong></span> <span class='ocrx_word' id='word_1_228' title='bbox 1865 1834 2105 1889; x_wconf 86' lang='lat' dir='ltr'><strong>carnalia</strong></span> <span class='ocrx_word' id='word_1_229' title='bbox 2142 1831 2433 1894; x_wconf 88' lang='lat' dir='ltr'><strong>desideria,</strong></span> <span class='ocrx_word' id='word_1_230' title='bbox 2478 1830 2865 1899; x_wconf 87' lang='lat' dir='ltr'><strong>passionesque</strong></span> <span class='ocrx_word' id='word_1_231' title='bbox 2903 1838 3197 1891; x_wconf 81' lang='lat' dir='ltr'><strong>sectantur,</strong></span> <span class='ocrx_word' id='word_1_232' title='bbox 3244 1828 3443 1897; x_wconf 79' lang='lat' dir='ltr'><strong>indige-</strong></span> 
     </span>
    </p>
   </div>
   <div class='ocr_carea' id='block_1_34' title="bbox 228 1930 1757 2006">
    <p class='ocr_par' dir='ltr' id='par_1_34' title="bbox 228 1930 1757 2006">
     <span class='ocr_line' id='line_1_34' title="bbox 228 1930 1757 2006; baseline -0.005 -17"><span class='ocrx_word' id='word_1_233' title='bbox 228 1944 292 1989; x_wconf 78' lang='lat' dir='ltr'><strong>est</strong></span> <span class='ocrx_word' id='word_1_234' title='bbox 315 1935 387 1989; x_wconf 89' lang='lat' dir='ltr'><strong>illa</strong></span> <span class='ocrx_word' id='word_1_235' title='bbox 413 1951 524 2005; x_wconf 68' lang='lat' dir='ltr'><strong>qure</strong></span> <span class='ocrx_word' id='word_1_236' title='bbox 557 1951 685 2006; x_wconf 81' lang='lat' dir='ltr'><strong>pag.</strong></span> <span class='ocrx_word' id='word_1_237' title='bbox 732 1935 838 1989; x_wconf 73' lang='grc'><strong>248</strong></span> <span class='ocrx_word' id='word_1_238' title='bbox 873 1934 1107 2003; x_wconf 78' lang='lat' dir='ltr'><strong>legitur:</strong></span> <span class='ocrx_word' id='word_1_239' title='bbox 1143 1930 1249 1985; x_wconf 83' lang='lat' dir='ltr'><strong>Pro</strong></span> <span class='ocrx_word' id='word_1_240' title='bbox 1287 1942 1426 1985; x_wconf 87' lang='lat' dir='ltr'><strong>terra</strong></span> <span class='ocrx_word' id='word_1_241' title='bbox 1457 1947 1638 1983; x_wconf 78' lang='lat' dir='ltr'><strong>rursus</strong></span> <span class='ocrx_word' id='word_1_242' title='bbox 1662 1930 1757 1981; x_wconf 91' lang='lat' dir='ltr'><strong>do-</strong></span> 
     </span>
    </p>
   </div>
   <div class='ocr_carea' id='block_1_35' title="bbox 228 2018 1758 2094">
    <p class='ocr_par' dir='ltr' id='par_1_35' title="bbox 228 2018 1758 2094">
     <span class='ocr_line' id='line_1_35' title="bbox 228 2018 1758 2094; baseline -0.003 -16"><span class='ocrx_word' id='word_1_243' title='bbox 228 2026 476 2078; x_wconf 76' lang='lat' dir='ltr'><strong>ttatctelttm</strong></span> <span class='ocrx_word' id='word_1_244' title='bbox 499 2043 516 2091; x_wconf 90' lang='lat'><strong>;</strong></span> <span class='ocrx_word' id='word_1_245' title='bbox 556 2025 656 2079; x_wconf 90' lang='lat' dir='ltr'><strong>sed</strong></span> <span class='ocrx_word' id='word_1_246' title='bbox 695 2023 935 2094; x_wconf 87' lang='lat' dir='ltr'><strong>singulas</strong></span> <span class='ocrx_word' id='word_1_247' title='bbox 973 2022 1248 2077; x_wconf 88' lang='lat' dir='ltr'><strong>catholico</strong></span> <span class='ocrx_word' id='word_1_248' title='bbox 1277 2035 1439 2075; x_wconf 88' lang='lat' dir='ltr'><strong>sensu</strong></span> <span class='ocrx_word' id='word_1_249' title='bbox 1479 2018 1758 2073; x_wconf 85' lang='lat' dir='ltr'><strong>commode</strong></span> 
     </span>
    </p>
   </div>
   <div class='ocr_carea' id='block_1_36' title="bbox 227 2112 1760 2189">
    <p class='ocr_par' dir='ltr' id='par_1_36' title="bbox 227 2112 1760 2189">
     <span class='ocr_line' id='line_1_36' title="bbox 227 2112 1760 2189; baseline -0.003 -20"><span class='ocrx_word' id='word_1_250' title='bbox 227 2118 362 2189; x_wconf 84' lang='lat' dir='ltr'><strong>accipi</strong></span> <span class='ocrx_word' id='word_1_251' title='bbox 385 2134 533 2187; x_wconf 89' lang='lat' dir='ltr'><strong>posse</strong></span> <span class='ocrx_word' id='word_1_252' title='bbox 583 2117 822 2179; x_wconf 88' lang='lat' dir='ltr'><strong>ostendi,</strong></span> <span class='ocrx_word' id='word_1_253' title='bbox 864 2118 915 2170; x_wconf 89' lang='lat' dir='ltr'><strong>ui</strong></span> <span class='ocrx_word' id='word_1_254' title='bbox 964 2116 1140 2180; x_wconf 79' lang='lat' dir='ltr'><strong>fallor,</strong></span> <span class='ocrx_word' id='word_1_255' title='bbox 1179 2115 1231 2169; x_wconf 90' lang='lat' dir='ltr'><strong>in</strong></span> <span class='ocrx_word' id='word_1_256' title='bbox 1282 2115 1445 2176; x_wconf 89' lang='lat' dir='ltr'><strong>notis,</strong></span> <span class='ocrx_word' id='word_1_257' title='bbox 1492 2122 1547 2166; x_wconf 91' lang='lat' dir='ltr'><strong>ut</strong></span> <span class='ocrx_word' id='word_1_258' title='bbox 1578 2112 1760 2165; x_wconf 86' lang='lat' dir='ltr'><strong>videre</strong></span> 
     </span>
    </p>
   </div>
   <div class='ocr_carea' id='block_1_37' title="bbox 226 2196 1759 2275">
    <p class='ocr_par' dir='ltr' id='par_1_37' title="bbox 226 2196 1759 2275">
     <span class='ocr_line' id='line_1_37' title="bbox 226 2196 1759 2275; baseline -0.004 -19"><span class='ocrx_word' id='word_1_259' title='bbox 226 2206 323 2259; x_wconf 83' lang='lat' dir='ltr'><strong>licet</strong></span> <span class='ocrx_word' id='word_1_260' title='bbox 348 2221 454 2275; x_wconf 82' lang='lat' dir='ltr'><strong>pag.</strong></span> <span class='ocrx_word' id='word_1_261' title='bbox 494 2205 560 2258; x_wconf 83' lang='lat'><strong>87</strong></span> <span class='ocrx_word' id='word_1_262' title='bbox 585 2203 802 2265; x_wconf 78' lang='lat' dir='ltr'><strong>etlH,</strong></span> <span class='ocrx_word' id='word_1_263' title='bbox 836 2199 1051 2273; x_wconf 75' lang='lat' dir='ltr'><strong>[XLIX]</strong></span> <span class='ocrx_word' id='word_1_264' title='bbox 1108 2200 1211 2254; x_wconf 74' lang='lat' dir='ltr'><strong>5M</strong></span> <span class='ocrx_word' id='word_1_265' title='bbox 1261 2209 1315 2253; x_wconf 88' lang='lat' dir='ltr'><strong>et</strong></span> <span class='ocrx_word' id='word_1_266' title='bbox 1359 2197 1485 2263; x_wconf 63' lang='lat'><strong>248,</strong></span> <span class='ocrx_word' id='word_1_267' title='bbox 1533 2196 1759 2265; x_wconf 86' lang='lat' dir='ltr'><strong>aliisque</strong></span> 
     </span>
    </p>
   </div>
   <div class='ocr_carea' id='block_1_38' title="bbox 223 2289 1759 2359">
    <p class='ocr_par' dir='ltr' id='par_1_38' title="bbox 223 2289 1759 2359">
     <span class='ocr_line' id='line_1_38' title="bbox 223 2289 1759 2359; baseline -0.005 -13"><span class='ocrx_word' id='word_1_268' title='bbox 223 2295 324 2350; x_wconf 79' lang='lat' dir='ltr'><strong>locis</strong></span> <span class='ocrx_word' id='word_1_269' title='bbox 354 2297 417 2351; x_wconf 85' lang='lat' dir='ltr'><strong>ibi</strong></span> <span class='ocrx_word' id='word_1_270' title='bbox 452 2295 725 2349; x_wconf 86' lang='lat' dir='ltr'><strong>indicatis.</strong></span> <span class='ocrx_word' id='word_1_271' title='bbox 775 2293 914 2359; x_wconf 80' lang='lat' dir='ltr'><strong>Quin</strong></span> <span class='ocrx_word' id='word_1_272' title='bbox 966 2291 1049 2345; x_wconf 88' lang='lat' dir='ltr'><strong>vel</strong></span> <span class='ocrx_word' id='word_1_273' title='bbox 1097 2290 1212 2359; x_wconf 91' lang='lat' dir='ltr'><strong>ipse</strong></span> <span class='ocrx_word' id='word_1_274' title='bbox 1254 2289 1582 2359; x_wconf 77' lang='lat' dir='ltr'><strong>Augustinus</strong></span> <span class='ocrx_word' id='word_1_275' title='bbox 1640 2294 1759 2355; x_wconf 90' lang='lat' dir='ltr'><strong>post</strong></span> 
     </span>
    </p>
   </div>
   <div class='ocr_carea' id='block_1_39' title="bbox 222 2383 1758 2458">
    <p class='ocr_par' dir='ltr' id='par_1_39' title="bbox 222 2383 1758 2458">
     <span class='ocr_line' id='line_1_39' title="bbox 222 2383 1758 2458; baseline -0.005 -18"><span class='ocrx_word' id='word_1_276' title='bbox 222 2391 484 2441; x_wconf 74' lang='lat' dir='ltr'><strong>damnatura</strong></span> <span class='ocrx_word' id='word_1_277' title='bbox 540 2388 661 2458; x_wconf 84' lang='lat' dir='ltr'><strong>iam</strong></span> <span class='ocrx_word' id='word_1_278' title='bbox 714 2387 781 2440; x_wconf 89' lang='lat' dir='ltr'><strong>ab</strong></span> <span class='ocrx_word' id='word_1_279' title='bbox 840 2384 1075 2440; x_wconf 85' lang='lat' dir='ltr'><strong>Ecclesia</strong></span> <span class='ocrx_word' id='word_1_280' title='bbox 1134 2383 1574 2452; x_wconf 80' lang='lat' dir='ltr'><strong>Origenismum,</strong></span> <span class='ocrx_word' id='word_1_281' title='bbox 1636 2393 1758 2434; x_wconf 93' lang='lat' dir='ltr'><strong>cum</strong></span> 
     </span>
    </p>
   </div>
   <div class='ocr_carea' id='block_1_40' title="bbox 222 2475 1757 2545">
    <p class='ocr_par' dir='ltr' id='par_1_40' title="bbox 222 2475 1757 2545">
     <span class='ocr_line' id='line_1_40' title="bbox 222 2475 1757 2545; baseline -0.002 -17"><span class='ocrx_word' id='word_1_282' title='bbox 222 2479 408 2545; x_wconf 82' lang='lat' dir='ltr'><strong>quadam</strong></span> <span class='ocrx_word' id='word_1_283' title='bbox 478 2494 541 2533; x_wconf 82' lang='lat' dir='ltr'><strong>ex</strong></span> <span class='ocrx_word' id='word_1_284' title='bbox 593 2476 897 2544; x_wconf 72' lang='lat' dir='ltr'><strong>huiusmodi</strong></span> <span class='ocrx_word' id='word_1_285' title='bbox 976 2475 1334 2530; x_wconf 87' lang='lat' dir='ltr'><strong>locutionibus</strong></span> <span class='ocrx_word' id='word_1_286' title='bbox 1396 2486 1531 2527; x_wconf 88' lang='lat' dir='ltr'><strong>usus</strong></span> <span class='ocrx_word' id='word_1_287' title='bbox 1574 2481 1757 2535; x_wconf 79' lang='lat' dir='ltr'><strong>esset,</strong></span> 
     </span>
    </p>
   </div>
   <div class='ocr_carea' id='block_1_41' title="bbox 218 2562 1762 2634">
    <p class='ocr_par' dir='ltr' id='par_1_41' title="bbox 218 2562 1762 2634">
     <span class='ocr_line' id='line_1_41' title="bbox 218 2562 1762 2634; baseline -0.004 -13"><span class='ocrx_word' id='word_1_288' title='bbox 218 2583 313 2622; x_wconf 80' lang='lat' dir='ltr'><strong>eam</strong></span> <span class='ocrx_word' id='word_1_289' title='bbox 348 2571 394 2622; x_wconf 91' lang='lat' dir='ltr'><strong>in</strong></span> <span class='ocrx_word' id='word_1_290' title='bbox 433 2566 911 2623; x_wconf 81' lang='lat' dir='ltr'><strong>Retractationibus</strong></span> <span class='ocrx_word' id='word_1_291' title='bbox 954 2566 1046 2619; x_wconf 87' lang='lat' dir='ltr'><strong>lib.</strong></span> <span class='ocrx_word' id='word_1_292' title='bbox 1091 2581 1144 2629; x_wconf 82' lang='grc' dir='ltr'><strong>ι,</strong></span> <span class='ocrx_word' id='word_1_293' title='bbox 1201 2579 1321 2634; x_wconf 85' lang='lat' dir='ltr'><strong>cap.</strong></span> <span class='ocrx_word' id='word_1_294' title='bbox 1368 2564 1438 2625; x_wconf 82' lang='grc'><strong>1,</strong></span> <span class='ocrx_word' id='word_1_295' title='bbox 1487 2562 1587 2617; x_wconf 87' lang='lat' dir='ltr'><strong>sibi</strong></span> <span class='ocrx_word' id='word_1_296' title='bbox 1647 2562 1762 2630; x_wconf 88' lang='lat' dir='ltr'><strong>qni-</strong></span> 
     </span>
    </p>
   </div>
   <div class='ocr_carea' id='block_1_42' title="bbox 220 2650 1762 2718">
    <p class='ocr_par' dir='ltr' id='par_1_42' title="bbox 220 2650 1762 2718">
     <span class='ocr_line' id='line_1_42' title="bbox 220 2650 1762 2718; baseline -0.003 -8"><span class='ocrx_word' id='word_1_297' title='bbox 220 2659 317 2711; x_wconf 83' lang='lat' dir='ltr'><strong>dem</strong></span> <span class='ocrx_word' id='word_1_298' title='bbox 350 2676 441 2712; x_wconf 92' lang='lat' dir='ltr'><strong>non</strong></span> <span class='ocrx_word' id='word_1_299' title='bbox 486 2658 715 2713; x_wconf 89' lang='lat' dir='ltr'><strong>omnino</strong></span> <span class='ocrx_word' id='word_1_300' title='bbox 762 2658 1001 2711; x_wconf 87' lang='lat' dir='ltr'><strong>arridere</strong></span> <span class='ocrx_word' id='word_1_301' title='bbox 1048 2656 1283 2718; x_wconf 88' lang='lat' dir='ltr'><strong>indicat,</strong></span> <span class='ocrx_word' id='word_1_302' title='bbox 1330 2653 1423 2708; x_wconf 89' lang='lat' dir='ltr'><strong>sed</strong></span> <span class='ocrx_word' id='word_1_303' title='bbox 1465 2662 1519 2706; x_wconf 91' lang='lat' dir='ltr'><strong>ut</strong></span> <span class='ocrx_word' id='word_1_304' title='bbox 1570 2650 1762 2705; x_wconf 88' lang='lat' dir='ltr'><strong>absur-</strong></span> 
     </span>
    </p>
   </div>
   <div class='ocr_carea' id='block_1_43' title="bbox 218 2743 1762 2820">
    <p class='ocr_par' dir='ltr' id='par_1_43' title="bbox 218 2743 1762 2820">
     <span class='ocr_line' id='line_1_43' title="bbox 218 2743 1762 2820; baseline -0.003 -19"><span class='ocrx_word' id='word_1_305' title='bbox 218 2752 315 2804; x_wconf 85' lang='lat' dir='ltr'><strong>dam</strong></span> <span class='ocrx_word' id='word_1_306' title='bbox 350 2767 447 2805; x_wconf 89' lang='lat' dir='ltr'><strong>non</strong></span> <span class='ocrx_word' id='word_1_307' title='bbox 483 2751 697 2820; x_wconf 86' lang='lat' dir='ltr'><strong>respuit</strong></span> <span class='ocrx_word' id='word_1_308' title='bbox 739 2766 752 2802; x_wconf 94' lang='lat'><strong>:</strong></span> <span class='ocrx_word' id='word_1_309' title='bbox 789 2750 869 2803; x_wconf 88' lang='lat' dir='ltr'><strong>sic</strong></span> <span class='ocrx_word' id='word_1_310' title='bbox 907 2749 1048 2802; x_wconf 89' lang='lat' dir='ltr'><strong>enim</strong></span> <span class='ocrx_word' id='word_1_311' title='bbox 1097 2762 1215 2801; x_wconf 85' lang='lat' dir='ltr'><strong>eam</strong></span> <span class='ocrx_word' id='word_1_312' title='bbox 1240 2752 1496 2799; x_wconf 87' lang='lat' dir='ltr'><strong>retractat</strong></span> <span class='ocrx_word' id='word_1_313' title='bbox 1540 2761 1555 2798; x_wconf 90' lang='lat'><strong>:</strong></span> <span class='ocrx_word' id='word_1_314' title='bbox 1592 2761 1609 2794; x_wconf 76' lang='grc' dir='ltr'>ι</span> <span class='ocrx_word' id='word_1_315' title='bbox 1644 2743 1762 2797; x_wconf 86' lang='lat' dir='ltr'><strong>Alio</strong></span> 
     </span>
    </p>
   </div>
   <div class='ocr_carea' id='block_1_44' title="bbox 218 2838 1762 2914">
    <p class='ocr_par' dir='ltr' id='par_1_44' title="bbox 218 2838 1762 2914">
     <span class='ocr_line' id='line_1_44' title="bbox 218 2838 1762 2914; baseline -0.002 -21"><span class='ocrx_word' id='word_1_316' title='bbox 218 2842 314 2898; x_wconf 88' lang='lat' dir='ltr'><strong>loco</strong></span> <span class='ocrx_word' id='word_1_317' title='bbox 334 2861 444 2898; x_wconf 87' lang='lat' dir='ltr'><strong>cum</strong></span> <span class='ocrx_word' id='word_1_318' title='bbox 467 2859 690 2914; x_wconf 79' lang='lat' dir='ltr'><strong>agerem</strong></span> <span class='ocrx_word' id='word_1_319' title='bbox 716 2844 781 2897; x_wconf 88' lang='lat' dir='ltr'><strong>de</strong></span> <span class='ocrx_word' id='word_1_320' title='bbox 806 2842 1011 2905; x_wconf 86' lang='lat' dir='ltr'><strong>animo,</strong></span> <span class='ocrx_word' id='word_1_321' title='bbox 1039 2840 1148 2895; x_wconf 84' lang='lat' dir='ltr'><strong>dixi</strong></span> <span class='ocrx_word' id='word_1_322' title='bbox 1181 2858 1194 2894; x_wconf 88' lang='lat'><strong>:</strong></span> <span class='ocrx_word' id='word_1_323' title='bbox 1223 2838 1476 2893; x_wconf 87' lang='lat' dir='ltr'><strong>Securior</strong></span> <span class='ocrx_word' id='word_1_324' title='bbox 1496 2838 1762 2890; x_wconf 88' lang='lat' dir='ltr'><strong>rediturus</strong></span> 
     </span>
    </p>
   </div>
   <div class='ocr_carea' id='block_1_45' title="bbox 217 2928 1761 3002">
    <p class='ocr_par' dir='ltr' id='par_1_45' title="bbox 217 2928 1761 3002">
     <span class='ocr_line' id='line_1_45' title="bbox 217 2928 1761 3002; baseline -0.002 -17"><span class='ocrx_word' id='word_1_325' title='bbox 217 2936 461 2991; x_wconf 72' lang='lat' dir='ltr'><strong>iuratum.</strong></span> <span class='ocrx_word' id='word_1_326' title='bbox 500 2936 693 2990; x_wconf 73' lang='lat' dir='ltr'><strong>[turus</strong></span> <span class='ocrx_word' id='word_1_327' title='bbox 730 2947 929 2999; x_wconf 88' lang='lat' dir='ltr'><strong>autem,</strong></span> <span class='ocrx_word' id='word_1_328' title='bbox 970 2948 1131 3002; x_wconf 88' lang='lat' dir='ltr'><strong>quam</strong></span> <span class='ocrx_word' id='word_1_329' title='bbox 1179 2931 1466 2993; x_wconf 85' lang='lat' dir='ltr'><strong>rediturus,</strong></span> <span class='ocrx_word' id='word_1_330' title='bbox 1501 2928 1761 2984; x_wconf 79' lang='lat' dir='ltr'><strong>dixissem</strong></span> 
     </span>
    </p>
   </div>
   <div class='ocr_carea' id='block_1_46' title="bbox 216 3020 1765 3098">
    <p class='ocr_par' dir='ltr' id='par_1_46' title="bbox 216 3020 1765 3098">
     <span class='ocr_line' id='line_1_46' title="bbox 216 3020 1765 3098; baseline -0.005 -17"><span class='ocrx_word' id='word_1_331' title='bbox 216 3031 459 3091; x_wconf 87' lang='lat' dir='ltr'><strong>securius,</strong></span> <span class='ocrx_word' id='word_1_332' title='bbox 494 3036 721 3098; x_wconf 90' lang='lat' dir='ltr'><strong>propter</strong></span> <span class='ocrx_word' id='word_1_333' title='bbox 752 3040 845 3080; x_wconf 93' lang='lat' dir='ltr'><strong>eos</strong></span> <span class='ocrx_word' id='word_1_334' title='bbox 887 3025 977 3094; x_wconf 90' lang='lat' dir='ltr'><strong>qui</strong></span> <span class='ocrx_word' id='word_1_335' title='bbox 1017 3031 1208 3093; x_wconf 91' lang='lat' dir='ltr'><strong>putant</strong></span> <span class='ocrx_word' id='word_1_336' title='bbox 1243 3022 1456 3076; x_wconf 90' lang='lat' dir='ltr'><strong>animos</strong></span> <span class='ocrx_word' id='word_1_337' title='bbox 1496 3020 1765 3075; x_wconf 89' lang='lat' dir='ltr'><strong>humanos</strong></span> 
     </span>
    </p>
   </div>
   <div class='ocr_carea' id='block_1_47' title="bbox 1858 1920 2900 1996">
    <p class='ocr_par' dir='ltr' id='par_1_47' title="bbox 1858 1920 2900 1996">
     <span class='ocr_line' id='line_1_47' title="bbox 1858 1920 2900 1996; baseline -0.006 -15"><span class='ocrx_word' id='word_1_338' title='bbox 1858 1927 1939 1981; x_wconf 88' lang='lat' dir='ltr'><strong>nis</strong></span> <span class='ocrx_word' id='word_1_339' title='bbox 1967 1927 2144 1996; x_wconf 82' lang='lat' dir='ltr'><strong>potius</strong></span> <span class='ocrx_word' id='word_1_340' title='bbox 2167 1940 2327 1995; x_wconf 89' lang='lat' dir='ltr'><strong>quam</strong></span> <span class='ocrx_word' id='word_1_341' title='bbox 2363 1923 2572 1977; x_wconf 83' lang='lat' dir='ltr'><strong>advenis</strong></span> <span class='ocrx_word' id='word_1_342' title='bbox 2594 1920 2900 1975; x_wconf 88' lang='lat' dir='ltr'><strong>assimiluri.</strong></span> 
     </span>
    </p>
   </div>
   <div class='ocr_carea' id='block_1_48' title="bbox 1929 2012 3444 2087">
    <p class='ocr_par' dir='ltr' id='par_1_48' title="bbox 1929 2012 3444 2087">
     <span class='ocr_line' id='line_1_48' title="bbox 1929 2012 3444 2087; baseline -0.003 -16"><span class='ocrx_word' id='word_1_343' title='bbox 1929 2018 2107 2085; x_wconf 82' lang='lat' dir='ltr'><strong>Quid?</strong></span> <span class='ocrx_word' id='word_1_344' title='bbox 2133 2018 2273 2087; x_wconf 91' lang='lat' dir='ltr'><strong>quod</strong></span> <span class='ocrx_word' id='word_1_345' title='bbox 2334 2016 2621 2070; x_wconf 86' lang='lat' dir='ltr'><strong>absurdam</strong></span> <span class='ocrx_word' id='word_1_346' title='bbox 2678 2012 2929 2083; x_wconf 80' lang='lat' dir='ltr'><strong>Origenis</strong></span> <span class='ocrx_word' id='word_1_347' title='bbox 2964 2014 3030 2069; x_wconf 87' lang='lat' dir='ltr'><strong>de</strong></span> <span class='ocrx_word' id='word_1_348' title='bbox 3067 2012 3444 2083; x_wconf 69' lang='lat' dir='ltr'><strong>praeexsisten-</strong></span> 
     </span>
    </p>
   </div>
   <div class='ocr_carea' id='block_1_49' title="bbox 1859 2105 3444 2183">
    <p class='ocr_par' dir='ltr' id='par_1_49' title="bbox 1859 2105 3444 2183">
     <span class='ocr_line' id='line_1_49' title="bbox 1859 2105 3444 2183; baseline -0.005 -16"><span class='ocrx_word' id='word_1_349' title='bbox 1859 2112 1933 2167; x_wconf 88' lang='lat' dir='ltr'><strong>tia</strong></span> <span class='ocrx_word' id='word_1_350' title='bbox 1966 2112 2274 2183; x_wconf 81' lang='lat' dir='ltr'><strong>Opinionem</strong></span> <span class='ocrx_word' id='word_1_351' title='bbox 2304 2117 2495 2179; x_wconf 88' lang='lat' dir='ltr'><strong>aperte</strong></span> <span class='ocrx_word' id='word_1_352' title='bbox 2523 2106 2719 2161; x_wconf 90' lang='lat' dir='ltr'><strong>ibidem</strong></span> <span class='ocrx_word' id='word_1_353' title='bbox 2758 2116 2880 2177; x_wconf 90' lang='lat' dir='ltr'><strong>post</strong></span> <span class='ocrx_word' id='word_1_354' title='bbox 2906 2106 3231 2175; x_wconf 84' lang='lat' dir='ltr'><strong>paucissima</strong></span> <span class='ocrx_word' id='word_1_355' title='bbox 3280 2105 3444 2159; x_wconf 89' lang='lat' dir='ltr'><strong>verba</strong></span> 
     </span>
    </p>
   </div>
   <div class='ocr_carea' id='block_1_50' title="bbox 1860 2197 3444 2272">
    <p class='ocr_par' dir='ltr' id='par_1_50' title="bbox 1860 2197 3444 2272">
     <span class='ocr_line' id='line_1_50' title="bbox 1860 2197 3444 2272; baseline -0.006 -13"><span class='ocrx_word' id='word_1_356' title='bbox 1860 2219 2295 2259; x_wconf 89' lang='lat' dir='ltr'><strong>commemorans</strong></span> <span class='ocrx_word' id='word_1_357' title='bbox 2319 2202 2601 2272; x_wconf 90' lang='lat' dir='ltr'><strong>Didymus,</strong></span> <span class='ocrx_word' id='word_1_358' title='bbox 2640 2201 2712 2253; x_wconf 86' lang='lat' dir='ltr'><strong>ita</strong></span> <span class='ocrx_word' id='word_1_359' title='bbox 2740 2199 3060 2267; x_wconf 88' lang='lat' dir='ltr'><strong>quibusdam</strong></span> <span class='ocrx_word' id='word_1_360' title='bbox 3083 2214 3203 2253; x_wconf 89' lang='lat' dir='ltr'><strong>eam</strong></span> <span class='ocrx_word' id='word_1_361' title='bbox 3237 2197 3444 2261; x_wconf 88' lang='lat' dir='ltr'><strong>tribuit,</strong></span> 
     </span>
    </p>
   </div>
   <div class='ocr_carea' id='block_1_51' title="bbox 1860 2290 3445 2356">
    <p class='ocr_par' dir='ltr' id='par_1_51' title="bbox 1860 2290 3445 2356">
     <span class='ocr_line' id='line_1_51' title="bbox 1860 2290 3445 2356; baseline -0.004 -4"><span class='ocrx_word' id='word_1_362' title='bbox 1860 2307 1918 2352; x_wconf 93' lang='lat' dir='ltr'><strong>ut</strong></span> <span class='ocrx_word' id='word_1_363' title='bbox 1949 2296 2192 2351; x_wconf 88' lang='lat' dir='ltr'><strong>indicare</strong></span> <span class='ocrx_word' id='word_1_364' title='bbox 2216 2296 2461 2350; x_wconf 89' lang='lat' dir='ltr'><strong>videatur</strong></span> <span class='ocrx_word' id='word_1_365' title='bbox 2510 2296 2613 2351; x_wconf 88' lang='lat' dir='ltr'><strong>sibi</strong></span> <span class='ocrx_word' id='word_1_366' title='bbox 2674 2296 2819 2350; x_wconf 89' lang='lat' dir='ltr'><strong>illam</strong></span> <span class='ocrx_word' id='word_1_367' title='bbox 2872 2309 2978 2348; x_wconf 90' lang='lat' dir='ltr'><strong>non</strong></span> <span class='ocrx_word' id='word_1_368' title='bbox 3028 2290 3292 2356; x_wconf 88' lang='lat' dir='ltr'><strong>arridere,</strong></span> <span class='ocrx_word' id='word_1_369' title='bbox 3352 2300 3445 2346; x_wconf 91' lang='lat' dir='ltr'><strong>aut</strong></span> 
     </span>
    </p>
   </div>
   <div class='ocr_carea' id='block_1_52' title="bbox 1860 2382 3445 2455">
    <p class='ocr_par' dir='ltr' id='par_1_52' title="bbox 1860 2382 3445 2455">
     <span class='ocr_line' id='line_1_52' title="bbox 1860 2382 3445 2455; baseline -0.004 -13"><span class='ocrx_word' id='word_1_370' title='bbox 1860 2388 1934 2443; x_wconf 92' lang='lat' dir='ltr'><strong>ita</strong></span> <span class='ocrx_word' id='word_1_371' title='bbox 1958 2397 2127 2448; x_wconf 86' lang='lat' dir='ltr'><strong>certe,</strong></span> <span class='ocrx_word' id='word_1_372' title='bbox 2198 2395 2258 2441; x_wconf 91' lang='lat' dir='ltr'><strong>ut</strong></span> <span class='ocrx_word' id='word_1_373' title='bbox 2312 2386 2458 2440; x_wconf 89' lang='lat' dir='ltr'><strong>illam</strong></span> <span class='ocrx_word' id='word_1_374' title='bbox 2506 2385 2581 2440; x_wconf 91' lang='lat' dir='ltr'><strong>ibi</strong></span> <span class='ocrx_word' id='word_1_375' title='bbox 2638 2402 2745 2439; x_wconf 93' lang='lat' dir='ltr'><strong>non</strong></span> <span class='ocrx_word' id='word_1_376' title='bbox 2776 2386 3151 2455; x_wconf 91' lang='lat' dir='ltr'><strong>amplectatur.</strong></span> <span class='ocrx_word' id='word_1_377' title='bbox 3188 2382 3257 2437; x_wconf 89' lang='lat' dir='ltr'><strong>Ut</strong></span> <span class='ocrx_word' id='word_1_378' title='bbox 3301 2382 3445 2436; x_wconf 88' lang='lat' dir='ltr'><strong>enim</strong></span> 
     </span>
    </p>
   </div>
   <div class='ocr_carea' id='block_1_53' title="bbox 1860 2473 3447 2549">
    <p class='ocr_par' dir='ltr' id='par_1_53' title="bbox 1860 2473 3447 2549">
     <span class='ocr_line' id='line_1_53' title="bbox 1860 2473 3447 2549; baseline -0.003 -17"><span class='ocrx_word' id='word_1_379' title='bbox 1860 2478 2020 2549; x_wconf 89' lang='lat' dir='ltr'><strong>paulo</strong></span> <span class='ocrx_word' id='word_1_380' title='bbox 2046 2479 2300 2548; x_wconf 88' lang='lat' dir='ltr'><strong>superius</strong></span> <span class='ocrx_word' id='word_1_381' title='bbox 2325 2479 2584 2545; x_wconf 79' lang='lat' dir='ltr'><strong>diximus,</strong></span> <span class='ocrx_word' id='word_1_382' title='bbox 2632 2477 2864 2532; x_wconf 71' lang='lat' dir='ltr'><strong>ail‘erens</strong></span> <span class='ocrx_word' id='word_1_383' title='bbox 2904 2476 3051 2531; x_wconf 83' lang='lat' dir='ltr'><strong>Pauli</strong></span> <span class='ocrx_word' id='word_1_384' title='bbox 3076 2476 3259 2541; x_wconf 86' lang='lat' dir='ltr'><strong>verba,</strong></span> <span class='ocrx_word' id='word_1_385' title='bbox 3297 2473 3447 2529; x_wconf 80' lang='lat' dir='ltr'><strong>Sicut</strong></span> 
     </span>
    </p>
   </div>
   <div class='ocr_carea' id='block_1_54' title="bbox 1860 2567 3441 2641">
    <p class='ocr_par' dir='ltr' id='par_1_54' title="bbox 1860 2567 3441 2641">
     <span class='ocr_line' id='line_1_54' title="bbox 1860 2567 3441 2641; baseline -0.004 -15"><span class='ocrx_word' id='word_1_386' title='bbox 1860 2571 2011 2641; x_wconf 85' lang='lat' dir='ltr'><strong>elegit</strong></span> <span class='ocrx_word' id='word_1_387' title='bbox 2032 2588 2125 2625; x_wconf 89' lang='lat' dir='ltr'><strong>nos</strong></span> <span class='ocrx_word' id='word_1_388' title='bbox 2154 2572 2209 2625; x_wconf 90' lang='lat' dir='ltr'><strong>in</strong></span> <span class='ocrx_word' id='word_1_389' title='bbox 2239 2571 2355 2640; x_wconf 87' lang='lat' dir='ltr'><strong>ipso</strong></span> <span class='ocrx_word' id='word_1_390' title='bbox 2382 2582 2504 2626; x_wconf 85' lang='lat' dir='ltr'><strong>ante</strong></span> <span class='ocrx_word' id='word_1_391' title='bbox 2532 2571 2783 2641; x_wconf 83' lang='lat' dir='ltr'><strong>originem</strong></span> <span class='ocrx_word' id='word_1_392' title='bbox 2812 2569 2992 2623; x_wconf 88' lang='lat' dir='ltr'><strong>mundi</strong></span> <span class='ocrx_word' id='word_1_393' title='bbox 3015 2584 3124 2623; x_wconf 90' lang='lat' dir='ltr'><strong>esse</strong></span> <span class='ocrx_word' id='word_1_394' title='bbox 3149 2578 3356 2622; x_wconf 88' lang='lat' dir='ltr'><strong>sanctos</strong></span> <span class='ocrx_word' id='word_1_395' title='bbox 3376 2567 3441 2630; x_wconf 85' lang='lat'><strong>&quot;,</strong></span> 
     </span>
    </p>
   </div>
   <div class='ocr_carea' id='block_1_55' title="bbox 1862 2661 3447 2732">
    <p class='ocr_par' dir='ltr' id='par_1_55' title="bbox 1862 2661 3447 2732">
     <span class='ocr_line' id='line_1_55' title="bbox 1862 2661 3447 2732; baseline -0.005 -13"><span class='ocrx_word' id='word_1_396' title='bbox 1862 2664 1940 2719; x_wconf 85' lang='lat' dir='ltr'><strong>sic</strong></span> <span class='ocrx_word' id='word_1_397' title='bbox 1973 2677 2035 2717; x_wconf 87' lang='lat' dir='ltr'><strong>ea</strong></span> <span class='ocrx_word' id='word_1_398' title='bbox 2062 2663 2282 2731; x_wconf 84' lang='lat' dir='ltr'><strong>exponit</strong></span> <span class='ocrx_word' id='word_1_399' title='bbox 2316 2681 2331 2717; x_wconf 88' lang='lat'>:</span> <span class='ocrx_word' id='word_1_400' title='bbox 2383 2663 2525 2717; x_wconf 89' lang='lat' dir='ltr'><strong>Licet</strong></span> <span class='ocrx_word' id='word_1_401' title='bbox 2563 2664 2698 2716; x_wconf 87' lang='lat' dir='ltr'><strong>enim</strong></span> <span class='ocrx_word' id='word_1_402' title='bbox 2724 2661 3175 2732; x_wconf 70' lang='lat' dir='ltr'><strong>quidamdicant,</strong></span> <span class='ocrx_word' id='word_1_403' title='bbox 3198 2661 3447 2730; x_wconf 87' lang='lat' dir='ltr'><strong>quoniam</strong></span> 
     </span>
    </p>
   </div>
   <div class='ocr_carea' id='block_1_56' title="bbox 1862 2752 3449 2823">
    <p class='ocr_par' dir='ltr' id='par_1_56' title="bbox 1862 2752 3449 2823">
     <span class='ocr_line' id='line_1_56' title="bbox 1862 2752 3449 2823; baseline -0.004 -13"><span class='ocrx_word' id='word_1_404' title='bbox 1862 2772 2061 2823; x_wconf 86' lang='lat' dir='ltr'><strong>semper</strong></span> <span class='ocrx_word' id='word_1_405' title='bbox 2079 2766 2125 2808; x_wconf 90' lang='lat' dir='ltr'><strong>et</strong></span> <span class='ocrx_word' id='word_1_406' title='bbox 2155 2762 2276 2808; x_wconf 87' lang='lat' dir='ltr'><strong>ante</strong></span> <span class='ocrx_word' id='word_1_407' title='bbox 2298 2754 2549 2809; x_wconf 86' lang='lat' dir='ltr'><strong>mundum</strong></span> <span class='ocrx_word' id='word_1_408' title='bbox 2578 2754 2973 2807; x_wconf 84' lang='lat' dir='ltr'><strong>rationabilium</strong></span> <span class='ocrx_word' id='word_1_409' title='bbox 3024 2752 3317 2807; x_wconf 76' lang='lat' dir='ltr'><strong>substantia</strong></span> <span class='ocrx_word' id='word_1_410' title='bbox 3343 2752 3449 2815; x_wconf 87' lang='lat' dir='ltr'><strong>sit;</strong></span> 
     </span>
    </p>
   </div>
   <div class='ocr_carea' id='block_1_57' title="bbox 1865 2844 3446 2925">
    <p class='ocr_par' dir='ltr' id='par_1_57' title="bbox 1865 2844 3446 2925">
     <span class='ocr_line' id='line_1_57' title="bbox 1865 2844 3446 2925; baseline -0.004 -23"><span class='ocrx_word' id='word_1_411' title='bbox 1865 2848 2528 2914; x_wconf 77' lang='lat' dir='ltr'><strong>verumtamenprwvidens</strong></span> <span class='ocrx_word' id='word_1_412' title='bbox 2578 2846 2714 2925; x_wconf 80' lang='lat' dir='ltr'><strong>Deus</strong></span> <span class='ocrx_word' id='word_1_413' title='bbox 2752 2846 2933 2915; x_wconf 83' lang='lat' dir='ltr'><strong>ﬁdem,</strong></span> <span class='ocrx_word' id='word_1_414' title='bbox 2992 2855 3039 2899; x_wconf 91' lang='lat' dir='ltr'><strong>et</strong></span> <span class='ocrx_word' id='word_1_415' title='bbox 3097 2856 3245 2898; x_wconf 88' lang='lat' dir='ltr'><strong>actus</strong></span> <span class='ocrx_word' id='word_1_416' title='bbox 3276 2844 3446 2897; x_wconf 83' lang='lat' dir='ltr'><strong>homi-</strong></span> 
     </span>
    </p>
   </div>
   <div class='ocr_carea' id='block_1_58' title="bbox 1866 2936 3449 3010">
    <p class='ocr_par' dir='ltr' id='par_1_58' title="bbox 1866 2936 3449 3010">
     <span class='ocr_line' id='line_1_58' title="bbox 1866 2936 3449 3010; baseline -0.003 -16"><span class='ocrx_word' id='word_1_417' title='bbox 1866 2957 1990 2994; x_wconf 89' lang='lat' dir='ltr'><strong>num</strong></span> <span class='ocrx_word' id='word_1_418' title='bbox 2100 2940 2434 3008; x_wconf 76' lang='lat' dir='ltr'><strong>prwscienter</strong></span> <span class='ocrx_word' id='word_1_419' title='bbox 2466 2939 2615 3010; x_wconf 87' lang='lat' dir='ltr'><strong>elegit</strong></span> <span class='ocrx_word' id='word_1_420' title='bbox 2663 2955 2749 2994; x_wconf 89' lang='lat' dir='ltr'><strong>eos</strong></span> <span class='ocrx_word' id='word_1_421' title='bbox 2788 2941 2844 2992; x_wconf 89' lang='lat' dir='ltr'><strong>in</strong></span> <span class='ocrx_word' id='word_1_422' title='bbox 2868 2937 3078 2993; x_wconf 78' lang='lat' dir='ltr'><strong>Christo</strong></span> <span class='ocrx_word' id='word_1_423' title='bbox 3122 2947 3243 2992; x_wconf 89' lang='lat' dir='ltr'><strong>ante</strong></span> <span class='ocrx_word' id='word_1_424' title='bbox 3266 2936 3449 2991; x_wconf 85' lang='lat' dir='ltr'><strong>mundi</strong></span> 
     </span>
    </p>
   </div>
   <div class='ocr_carea' id='block_1_59' title="bbox 1866 3033 2140 3102">
    <p class='ocr_par' dir='ltr' id='par_1_59' title="bbox 1866 3033 2140 3102">
     <span class='ocr_line' id='line_1_59' title="bbox 1866 3033 2140 3102; baseline -0.004 -16"><span class='ocrx_word' id='word_1_425' title='bbox 1866 3033 2140 3102; x_wconf 85' lang='lat' dir='ltr'><strong>originem.</strong></span> 
     </span>
    </p>
   </div>
   <div class='ocr_carea' id='block_1_60' title="bbox 215 3112 3451 3214">
    <p class='ocr_par' dir='ltr' id='par_1_60' title="bbox 215 3112 3451 3214">
     <span class='ocr_line' id='line_1_60' title="bbox 215 3112 3451 3214; baseline -0.004 -42"><span class='ocrx_word' id='word_1_426' title='bbox 215 3133 294 3188; x_wconf 86' lang='lat' dir='ltr'><strong>pro</strong></span> <span class='ocrx_word' id='word_1_427' title='bbox 330 3122 525 3175; x_wconf 86' lang='lat' dir='ltr'><strong>meritis</strong></span> <span class='ocrx_word' id='word_1_428' title='bbox 552 3127 903 3214; x_wconf 76' lang='lat' dir='ltr'><strong>peccaturum</strong></span> <span class='ocrx_word' id='word_1_429' title='bbox 932 3113 1413 3214; x_wconf 39' lang='lat' dir='ltr'><strong>suorum-decano</strong></span> <span class='ocrx_word' id='word_1_430' title='bbox 1444 3113 1620 3181; x_wconf 90' lang='lat' dir='ltr'><strong>lapsos</strong></span> <span class='ocrx_word' id='word_1_431' title='bbox 1652 3112 1765 3166; x_wconf 83' lang='lat' dir='ltr'><strong>sive</strong></span> <span class='ocrx_word' id='word_1_432' title='bbox 1792 3153 1838 3214; x_wconf 64' lang='grc' dir='ltr'>ο</span> <span class='ocrx_word' id='word_1_433' title='bbox 1938 3123 2006 3176; x_wconf 52' lang='lat' dir='ltr'><strong>At</strong></span> <span class='ocrx_word' id='word_1_434' title='bbox 2029 3123 2075 3178; x_wconf 71' lang='lat' dir='ltr'><strong>si</strong></span> <span class='ocrx_word' id='word_1_435' title='bbox 2111 3123 2225 3178; x_wconf 50' lang='lat' dir='ltr'><strong>hac</strong></span> <span class='ocrx_word' id='word_1_436' title='bbox 2260 3122 2331 3176; x_wconf 53' lang='lat' dir='ltr'><strong>ita</strong></span> <span class='ocrx_word' id='word_1_437' title='bbox 2366 3135 2425 3177; x_wconf 73' lang='lat' dir='ltr'><strong>se</strong></span> <span class='ocrx_word' id='word_1_438' title='bbox 2456 3121 2682 3189; x_wconf 54' lang='lat' dir='ltr'><strong>habent,</strong></span> <span class='ocrx_word' id='word_1_439' title='bbox 2721 3121 2815 3191; x_wconf 73' lang='lat' dir='ltr'><strong>qui</strong></span> <span class='ocrx_word' id='word_1_440' title='bbox 2849 3120 2907 3175; x_wconf 73' lang='grc' dir='ltr'><strong>[ίι</strong></span> <span class='ocrx_word' id='word_1_441' title='bbox 2935 3135 3085 3191; x_wconf 61' lang='grc' dir='ltr'><strong>περ,</strong></span> <span class='ocrx_word' id='word_1_442' title='bbox 3127 3120 3365 3189; x_wconf 60' lang='lat' dir='ltr'><strong>inquies,</strong></span> <span class='ocrx_word' id='word_1_443' title='bbox 3392 3127 3451 3174; x_wconf 74' lang='grc' dir='ltr'><strong>ιιι</strong></span> 
     </span>
    </p>
   </div>
   <div class='ocr_carea' id='block_1_61' title="bbox 215 3204 1759 3276">
    <p class='ocr_par' dir='ltr' id='par_1_61' title="bbox 215 3204 1759 3276">
     <span class='ocr_line' id='line_1_61' title="bbox 215 3204 1759 3276; baseline -0.003 -15"><span class='ocrx_word' id='word_1_444' title='bbox 215 3209 438 3276; x_wconf 83' lang='lat' dir='ltr'><strong>deiectos,</strong></span> <span class='ocrx_word' id='word_1_445' title='bbox 479 3212 531 3264; x_wconf 91' lang='lat' dir='ltr'><strong>in</strong></span> <span class='ocrx_word' id='word_1_446' title='bbox 574 3223 809 3276; x_wconf 88' lang='lat' dir='ltr'><strong>corpora</strong></span> <span class='ocrx_word' id='word_1_447' title='bbox 843 3206 941 3260; x_wconf 87' lang='lat' dir='ltr'><strong>ista</strong></span> <span class='ocrx_word' id='word_1_448' title='bbox 970 3204 1201 3259; x_wconf 83' lang='lat' dir='ltr'><strong>detrudi.</strong></span> <span class='ocrx_word' id='word_1_449' title='bbox 1241 3204 1348 3259; x_wconf 80' lang='lat' dir='ltr'><strong>Sed</strong></span> <span class='ocrx_word' id='word_1_450' title='bbox 1376 3218 1477 3275; x_wconf 85' lang='lat' dir='ltr'><strong>ego</strong></span> <span class='ocrx_word' id='word_1_451' title='bbox 1509 3212 1759 3275; x_wconf 84' lang='lat' dir='ltr'><strong>propter-</strong></span> 
     </span>
    </p>
   </div>
   <div class='ocr_carea' id='block_1_62' title="bbox 214 3296 1764 3366">
    <p class='ocr_par' dir='ltr' id='par_1_62' title="bbox 214 3296 1764 3366">
     <span class='ocr_line' id='line_1_62' title="bbox 214 3296 1764 3366; baseline -0.004 -11"><span class='ocrx_word' id='word_1_452' title='bbox 214 3315 263 3355; x_wconf 89' lang='lat' dir='ltr'><strong>ea</strong></span> <span class='ocrx_word' id='word_1_453' title='bbox 306 3320 401 3357; x_wconf 91' lang='lat' dir='ltr'><strong>non</strong></span> <span class='ocrx_word' id='word_1_454' title='bbox 441 3301 691 3357; x_wconf 84' lang='lat' dir='ltr'><strong>dubitavi</strong></span> <span class='ocrx_word' id='word_1_455' title='bbox 738 3300 947 3362; x_wconf 87' lang='lat' dir='ltr'><strong>dicere,</strong></span> <span class='ocrx_word' id='word_1_456' title='bbox 977 3299 1101 3366; x_wconf 87' lang='lat' dir='ltr'><strong>quia</strong></span> <span class='ocrx_word' id='word_1_457' title='bbox 1152 3297 1225 3352; x_wconf 91' lang='lat' dir='ltr'><strong>ita</strong></span> <span class='ocrx_word' id='word_1_458' title='bbox 1261 3296 1411 3361; x_wconf 84' lang='lat' dir='ltr'><strong>dixi,</strong></span> <span class='ocrx_word' id='word_1_459' title='bbox 1456 3297 1511 3350; x_wconf 89' lang='lat' dir='ltr'><strong>in</strong></span> <span class='ocrx_word' id='word_1_460' title='bbox 1557 3296 1764 3361; x_wconf 69' lang='lat' dir='ltr'><strong>cretum,</strong></span> 
     </span>
    </p>
   </div>
   <div class='ocr_carea' id='block_1_63' title="bbox 216 3387 1769 3460">
    <p class='ocr_par' dir='ltr' id='par_1_63' title="bbox 216 3387 1769 3460">
     <span class='ocr_line' id='line_1_63' title="bbox 216 3387 1769 3460; baseline -0.001 -15"><span class='ocrx_word' id='word_1_461' title='bbox 216 3400 439 3460; x_wconf 84' lang='lat' dir='ltr'><strong>tanquam</strong></span> <span class='ocrx_word' id='word_1_462' title='bbox 479 3392 747 3457; x_wconf 89' lang='lat' dir='ltr'><strong>dicerem,</strong></span> <span class='ocrx_word' id='word_1_463' title='bbox 772 3390 839 3441; x_wconf 90' lang='lat' dir='ltr'><strong>ad</strong></span> <span class='ocrx_word' id='word_1_464' title='bbox 879 3388 1061 3441; x_wconf 85' lang='lat' dir='ltr'><strong>Deum.</strong></span> <span class='ocrx_word' id='word_1_465' title='bbox 1094 3426 1109 3441; x_wconf 96' lang='lat'><strong>.</strong></span> <span class='ocrx_word' id='word_1_466' title='bbox 1148 3428 1161 3440; x_wconf 93' lang='lat'><strong>.</strong></span> <span class='ocrx_word' id='word_1_467' title='bbox 1196 3429 1211 3444; x_wconf 94' lang='lat'><strong>.</strong></span> <span class='ocrx_word' id='word_1_468' title='bbox 1247 3427 1262 3443; x_wconf 94' lang='lat'><strong>.</strong></span> <span class='ocrx_word' id='word_1_469' title='bbox 1307 3387 1370 3442; x_wconf 87' lang='lat' dir='ltr'><strong>Et</strong></span> <span class='ocrx_word' id='word_1_470' title='bbox 1400 3388 1452 3441; x_wconf 92' lang='lat' dir='ltr'><strong>in</strong></span> <span class='ocrx_word' id='word_1_471' title='bbox 1496 3387 1633 3442; x_wconf 90' lang='lat' dir='ltr'><strong>libro</strong></span> <span class='ocrx_word' id='word_1_472' title='bbox 1666 3388 1769 3443; x_wconf 83' lang='lat' dir='ltr'><strong>Ec-</strong></span> 
     </span>
    </p>
   </div>
   <div class='ocr_carea' id='block_1_64' title="bbox 216 3478 1767 3552">
    <p class='ocr_par' dir='ltr' id='par_1_64' title="bbox 216 3478 1767 3552">
     <span class='ocr_line' id='line_1_64' title="bbox 216 3478 1767 3552; baseline -0.002 -16"><span class='ocrx_word' id='word_1_473' title='bbox 216 3482 449 3538; x_wconf 62' lang='lat' dir='ltr'><strong>clesiaste:</strong></span> <span class='ocrx_word' id='word_1_474' title='bbox 471 3485 743 3552; x_wconf 87' lang='lat' dir='ltr'><strong>scriptum</strong></span> <span class='ocrx_word' id='word_1_475' title='bbox 762 3491 847 3535; x_wconf 90' lang='lat' dir='ltr'><strong>est</strong></span> <span class='ocrx_word' id='word_1_476' title='bbox 874 3498 887 3534; x_wconf 74' lang='grc' dir='ltr'>ί</span> <span class='ocrx_word' id='word_1_477' title='bbox 914 3480 1145 3549; x_wconf 85' lang='lat' dir='ltr'><strong>Spiritus</strong></span> <span class='ocrx_word' id='word_1_478' title='bbox 1174 3490 1464 3535; x_wconf 81' lang='lat' dir='ltr'><strong>revertatur</strong></span> <span class='ocrx_word' id='word_1_479' title='bbox 1485 3480 1555 3535; x_wconf 82' lang='lat' dir='ltr'><strong>atl</strong></span> <span class='ocrx_word' id='word_1_480' title='bbox 1576 3478 1767 3546; x_wconf 87' lang='lat' dir='ltr'><strong>Deum,</strong></span> 
     </span>
    </p>
   </div>
   <div class='ocr_carea' id='block_1_65' title="bbox 212 3574 780 3641">
    <p class='ocr_par' dir='ltr' id='par_1_65' title="bbox 212 3574 780 3641">
     <span class='ocr_line' id='line_1_65' title="bbox 212 3574 780 3641; baseline 0.002 -17"><span class='ocrx_word' id='word_1_481' title='bbox 212 3575 286 3641; x_wconf 83' lang='lat' dir='ltr'><strong>qui</strong></span> <span class='ocrx_word' id='word_1_482' title='bbox 306 3576 435 3628; x_wconf 84' lang='lat' dir='ltr'><strong>dedit</strong></span> <span class='ocrx_word' id='word_1_483' title='bbox 460 3575 626 3628; x_wconf 86' lang='lat' dir='ltr'><strong>illum</strong></span> <span class='ocrx_word' id='word_1_484' title='bbox 653 3574 719 3626; x_wconf 82' lang='lat'><strong>&quot;.</strong></span> <span class='ocrx_word' id='word_1_485' title='bbox 761 3591 780 3624; x_wconf 73' lang='grc' dir='ltr'><strong><em>ι</em></strong></span> 
     </span>
    </p>
   </div>
   <div class='ocr_carea' id='block_1_66' title="bbox 271 3663 1770 3735">
    <p class='ocr_par' dir='ltr' id='par_1_66' title="bbox 271 3663 1770 3735">
     <span class='ocr_line' id='line_1_66' title="bbox 271 3663 1770 3735; baseline 0.001 -19"><span class='ocrx_word' id='word_1_486' title='bbox 271 3663 540 3735; x_wconf 80' lang='lat' dir='ltr'><strong>Reliquum</strong></span> <span class='ocrx_word' id='word_1_487' title='bbox 573 3674 667 3718; x_wconf 81' lang='lat' dir='ltr'><strong>est</strong></span> <span class='ocrx_word' id='word_1_488' title='bbox 714 3677 844 3732; x_wconf 89' lang='lat' dir='ltr'><strong>ergo</strong></span> <span class='ocrx_word' id='word_1_489' title='bbox 879 3671 936 3716; x_wconf 89' lang='lat' dir='ltr'><strong>ut</strong></span> <span class='ocrx_word' id='word_1_490' title='bbox 990 3664 1344 3731; x_wconf 61' lang='lat' dir='ltr'><strong>quaestionem</strong></span> <span class='ocrx_word' id='word_1_491' title='bbox 1375 3664 1517 3719; x_wconf 85' lang='lat' dir='ltr'><strong>hanc</strong></span> <span class='ocrx_word' id='word_1_492' title='bbox 1551 3677 1770 3717; x_wconf 91' lang='lat' dir='ltr'><strong>omnem</strong></span> 
     </span>
    </p>
   </div>
   <div class='ocr_carea' id='block_1_67' title="bbox 214 3753 1770 3818">
    <p class='ocr_par' dir='ltr' id='par_1_67' title="bbox 214 3753 1770 3818">
     <span class='ocr_line' id='line_1_67' title="bbox 214 3753 1770 3818; baseline 0.001 -12"><span class='ocrx_word' id='word_1_493' title='bbox 214 3755 269 3807; x_wconf 85' lang='lat' dir='ltr'><strong>ad</strong></span> <span class='ocrx_word' id='word_1_494' title='bbox 296 3754 680 3809; x_wconf 78' lang='lat' dir='ltr'><strong>Enarrationes</strong></span> <span class='ocrx_word' id='word_1_495' title='bbox 735 3753 1120 3809; x_wconf 71' lang='lat' dir='ltr'><strong>contrahemus</strong></span> <span class='ocrx_word' id='word_1_496' title='bbox 1166 3768 1181 3807; x_wconf 89' lang='lat'><strong>:</strong></span> <span class='ocrx_word' id='word_1_497' title='bbox 1233 3753 1287 3807; x_wconf 93' lang='lat' dir='ltr'><strong>in</strong></span> <span class='ocrx_word' id='word_1_498' title='bbox 1338 3753 1423 3809; x_wconf 89' lang='lat' dir='ltr'><strong>his</strong></span> <span class='ocrx_word' id='word_1_499' title='bbox 1452 3754 1596 3807; x_wconf 90' lang='lat' dir='ltr'><strong>enim</strong></span> <span class='ocrx_word' id='word_1_500' title='bbox 1624 3769 1770 3818; x_wconf 90' lang='lat' dir='ltr'><strong>eum,</strong></span> 
     </span>
    </p>
   </div>
   <div class='ocr_carea' id='block_1_68' title="bbox 216 3845 1777 3918">
    <p class='ocr_par' dir='ltr' id='par_1_68' title="bbox 216 3845 1777 3918">
     <span class='ocr_line' id='line_1_68' title="bbox 216 3845 1777 3918; baseline -0.001 -17"><span class='ocrx_word' id='word_1_501' title='bbox 216 3848 270 3903; x_wconf 80' lang='lat' dir='ltr'><strong>de</strong></span> <span class='ocrx_word' id='word_1_502' title='bbox 291 3865 388 3918; x_wconf 87' lang='lat' dir='ltr'><strong>quo</strong></span> <span class='ocrx_word' id='word_1_503' title='bbox 411 3850 715 3918; x_wconf 85' lang='lat' dir='ltr'><strong>loquimur,</strong></span> <span class='ocrx_word' id='word_1_504' title='bbox 746 3863 986 3903; x_wconf 88' lang='lat' dir='ltr'><strong>errorem</strong></span> <span class='ocrx_word' id='word_1_505' title='bbox 1022 3845 1262 3901; x_wconf 89' lang='lat' dir='ltr'><strong>nonnulli</strong></span> <span class='ocrx_word' id='word_1_506' title='bbox 1293 3862 1351 3902; x_wconf 90' lang='lat' dir='ltr'><strong>se</strong></span> <span class='ocrx_word' id='word_1_507' title='bbox 1382 3846 1658 3902; x_wconf 85' lang='lat' dir='ltr'><strong>detexisse</strong></span> <span class='ocrx_word' id='word_1_508' title='bbox 1684 3862 1777 3900; x_wconf 89' lang='lat' dir='ltr'><strong>ar-</strong></span> 
     </span>
    </p>
   </div>
   <div class='ocr_carea' id='block_1_69' title="bbox 214 3940 1774 4011">
    <p class='ocr_par' dir='ltr' id='par_1_69' title="bbox 214 3940 1774 4011">
     <span class='ocr_line' id='line_1_69' title="bbox 214 3940 1774 4011; baseline 0.002 -18"><span class='ocrx_word' id='word_1_509' title='bbox 214 3942 374 3996; x_wconf 81' lang='lat' dir='ltr'><strong>bitrati</strong></span> <span class='ocrx_word' id='word_1_510' title='bbox 414 3954 566 3997; x_wconf 90' lang='lat' dir='ltr'><strong>sunt.</strong></span> <span class='ocrx_word' id='word_1_511' title='bbox 599 3940 776 3997; x_wconf 89' lang='lat' dir='ltr'><strong>Locus</strong></span> <span class='ocrx_word' id='word_1_512' title='bbox 804 3952 1005 4005; x_wconf 89' lang='lat' dir='ltr'><strong>autem,</strong></span> <span class='ocrx_word' id='word_1_513' title='bbox 1029 3956 1188 4011; x_wconf 88' lang='lat' dir='ltr'><strong>quem</strong></span> <span class='ocrx_word' id='word_1_514' title='bbox 1221 3942 1644 4011; x_wconf 87' lang='lat' dir='ltr'><strong>reprehendunt,</strong></span> <span class='ocrx_word' id='word_1_515' title='bbox 1676 3955 1774 3996; x_wconf 77' lang='lat' dir='ltr'><strong>ex-</strong></span> 
     </span>
    </p>
   </div>
   <div class='ocr_carea' id='block_1_70' title="bbox 215 4031 1769 4102">
    <p class='ocr_par' dir='ltr' id='par_1_70' title="bbox 215 4031 1769 4102">
     <span class='ocr_line' id='line_1_70' title="bbox 215 4031 1769 4102; baseline 0 -17"><span class='ocrx_word' id='word_1_516' title='bbox 215 4044 305 4088; x_wconf 74' lang='lat' dir='ltr'><strong>Stat</strong></span> <span class='ocrx_word' id='word_1_517' title='bbox 336 4036 483 4090; x_wconf 89' lang='lat' dir='ltr'><strong>initio</strong></span> <span class='ocrx_word' id='word_1_518' title='bbox 512 4034 893 4089; x_wconf 81' lang='lat' dir='ltr'><strong>Enarrationis</strong></span> <span class='ocrx_word' id='word_1_519' title='bbox 923 4035 980 4087; x_wconf 88' lang='lat' dir='ltr'><strong>in</strong></span> <span class='ocrx_word' id='word_1_520' title='bbox 1014 4034 1244 4102; x_wconf 85' lang='lat' dir='ltr'><strong>primam</strong></span> <span class='ocrx_word' id='word_1_521' title='bbox 1276 4033 1421 4088; x_wconf 88' lang='lat' dir='ltr'><strong>Petri</strong></span> <span class='ocrx_word' id='word_1_522' title='bbox 1455 4031 1769 4102; x_wconf 85' lang='lat' dir='ltr'><strong>Epistolam,</strong></span> 
     </span>
    </p>
   </div>
   <div class='ocr_carea' id='block_1_71' title="bbox 214 4125 1777 4195">
    <p class='ocr_par' dir='ltr' id='par_1_71' title="bbox 214 4125 1777 4195">
     <span class='ocr_line' id='line_1_71' title="bbox 214 4125 1777 4195; baseline 0.003 -20"><span class='ocrx_word' id='word_1_523' title='bbox 214 4125 288 4179; x_wconf 79' lang='lat' dir='ltr'><strong>ubi</strong></span> <span class='ocrx_word' id='word_1_524' title='bbox 306 4128 590 4195; x_wconf 83' lang='lat' dir='ltr'><strong>explicatis</strong></span> <span class='ocrx_word' id='word_1_525' title='bbox 629 4125 935 4181; x_wconf 85' lang='lat' dir='ltr'><strong>litteraiiter</strong></span> <span class='ocrx_word' id='word_1_526' title='bbox 977 4126 1064 4181; x_wconf 89' lang='lat' dir='ltr'><strong>his</strong></span> <span class='ocrx_word' id='word_1_527' title='bbox 1089 4126 1294 4193; x_wconf 85' lang='lat' dir='ltr'><strong>verbis,</strong></span> <span class='ocrx_word' id='word_1_528' title='bbox 1326 4127 1538 4180; x_wconf 85' lang='lat' dir='ltr'><strong>advenis</strong></span> <span class='ocrx_word' id='word_1_529' title='bbox 1571 4126 1777 4195; x_wconf 88' lang='lat' dir='ltr'><strong>disper-</strong></span> 
     </span>
    </p>
   </div>
   <div class='ocr_carea' id='block_1_72' title="bbox 216 4216 1776 4289">
    <p class='ocr_par' dir='ltr' id='par_1_72' title="bbox 216 4216 1776 4289">
     <span class='ocr_line' id='line_1_72' title="bbox 216 4216 1776 4289; baseline 0.003 -21"><span class='ocrx_word' id='word_1_530' title='bbox 216 4216 354 4272; x_wconf 79' lang='lat' dir='ltr'><strong>sionis</strong></span> <span class='ocrx_word' id='word_1_531' title='bbox 384 4218 565 4283; x_wconf 82' lang='lat' dir='ltr'><strong>Ponti,</strong></span> <span class='ocrx_word' id='word_1_532' title='bbox 598 4219 656 4272; x_wconf 89' lang='lat' dir='ltr'><strong>in</strong></span> <span class='ocrx_word' id='word_1_533' title='bbox 688 4218 830 4272; x_wconf 90' lang='lat' dir='ltr'><strong>hunc</strong></span> <span class='ocrx_word' id='word_1_534' title='bbox 873 4218 1089 4273; x_wconf 92' lang='lat' dir='ltr'><strong>modum</strong></span> <span class='ocrx_word' id='word_1_535' title='bbox 1124 4219 1299 4289; x_wconf 87' lang='lat' dir='ltr'><strong>pergit</strong></span> <span class='ocrx_word' id='word_1_536' title='bbox 1330 4234 1345 4272; x_wconf 88' lang='lat'><strong>:</strong></span> <span class='ocrx_word' id='word_1_537' title='bbox 1381 4235 1401 4269; x_wconf 70' lang='grc' dir='ltr'><strong><em>ι</em></strong></span> <span class='ocrx_word' id='word_1_538' title='bbox 1430 4217 1486 4271; x_wconf 82' lang='lat' dir='ltr'><strong>Si</strong></span> <span class='ocrx_word' id='word_1_539' title='bbox 1521 4219 1647 4286; x_wconf 90' lang='lat' dir='ltr'><strong>quid</strong></span> <span class='ocrx_word' id='word_1_540' title='bbox 1678 4234 1776 4272; x_wconf 87' lang='lat' dir='ltr'><strong>au-</strong></span> 
     </span>
    </p>
   </div>
   <div class='ocr_carea' id='block_1_73' title="bbox 216 4309 1777 4382">
    <p class='ocr_par' dir='ltr' id='par_1_73' title="bbox 216 4309 1777 4382">
     <span class='ocr_line' id='line_1_73' title="bbox 216 4309 1777 4382; baseline 0.002 -20"><span class='ocrx_word' id='word_1_541' title='bbox 216 4320 305 4365; x_wconf 83' lang='lat' dir='ltr'><strong>tem</strong></span> <span class='ocrx_word' id='word_1_542' title='bbox 335 4327 494 4382; x_wconf 86' lang='lat' dir='ltr'><strong>supra</strong></span> <span class='ocrx_word' id='word_1_543' title='bbox 520 4320 734 4366; x_wconf 80' lang='lat' dir='ltr'><strong>textum</strong></span> <span class='ocrx_word' id='word_1_544' title='bbox 770 4310 857 4365; x_wconf 89' lang='lat' dir='ltr'><strong>hic</strong></span> <span class='ocrx_word' id='word_1_545' title='bbox 908 4319 1085 4381; x_wconf 83' lang='lat' dir='ltr'><strong>potest</strong></span> <span class='ocrx_word' id='word_1_546' title='bbox 1144 4309 1389 4381; x_wconf 89' lang='lat' dir='ltr'><strong>intelligi,</strong></span> <span class='ocrx_word' id='word_1_547' title='bbox 1432 4310 1777 4365; x_wconf 89' lang='lat' dir='ltr'><strong>animadver-</strong></span> 
     </span>
    </p>
   </div>
   <div class='ocr_carea' id='block_1_74' title="bbox 216 4403 1771 4472">
    <p class='ocr_par' dir='ltr' id='par_1_74' title="bbox 216 4403 1771 4472">
     <span class='ocr_line' id='line_1_74' title="bbox 216 4403 1771 4472; baseline 0.002 -21"><span class='ocrx_word' id='word_1_548' title='bbox 216 4408 411 4458; x_wconf 81' lang='lat' dir='ltr'><strong>tendum</strong></span> <span class='ocrx_word' id='word_1_549' title='bbox 442 4416 528 4460; x_wconf 89' lang='lat' dir='ltr'><strong>est</strong></span> <span class='ocrx_word' id='word_1_550' title='bbox 582 4406 691 4460; x_wconf 83' lang='lat' dir='ltr'><strong>hoc</strong></span> <span class='ocrx_word' id='word_1_551' title='bbox 720 4405 785 4458; x_wconf 88' lang='lat' dir='ltr'><strong>de</strong></span> <span class='ocrx_word' id='word_1_552' title='bbox 816 4403 1014 4458; x_wconf 68' lang='lat' dir='ltr'><strong>animae</strong></span> <span class='ocrx_word' id='word_1_553' title='bbox 1067 4404 1297 4466; x_wconf 90' lang='lat' dir='ltr'><strong>ratione,</strong></span> <span class='ocrx_word' id='word_1_554' title='bbox 1330 4403 1482 4472; x_wconf 90' lang='lat' dir='ltr'><strong>quasi</strong></span> <span class='ocrx_word' id='word_1_555' title='bbox 1514 4408 1771 4457; x_wconf 86' lang='lat' dir='ltr'><strong>advenam</strong></span> 
     </span>
    </p>
   </div>
   <div class='ocr_carea' id='block_1_75' title="bbox 1871 3213 3451 3289">
    <p class='ocr_par' dir='ltr' id='par_1_75' title="bbox 1871 3213 3451 3289">
     <span class='ocr_line' id='line_1_75' title="bbox 1871 3213 3451 3289; baseline -0.004 -18"><span class='ocrx_word' id='word_1_556' title='bbox 1871 3216 2228 3289; x_wconf 63' lang='lat' dir='ltr'><strong>Hieronymus</strong></span> <span class='ocrx_word' id='word_1_557' title='bbox 2266 3214 2658 3285; x_wconf 84' lang='lat' dir='ltr'><strong>Origenianum</strong></span> <span class='ocrx_word' id='word_1_558' title='bbox 2692 3214 2758 3270; x_wconf 90' lang='lat' dir='ltr'><strong>de</strong></span> <span class='ocrx_word' id='word_1_559' title='bbox 2812 3213 3240 3284; x_wconf 72' lang='lat' dir='ltr'><strong>pneexsistentia</strong></span> <span class='ocrx_word' id='word_1_560' title='bbox 3296 3224 3451 3265; x_wconf 88' lang='lat' dir='ltr'><strong>erro-</strong></span> 
     </span>
    </p>
   </div>
   <div class='ocr_carea' id='block_1_76' title="bbox 1872 3303 3451 3381">
    <p class='ocr_par' dir='ltr' id='par_1_76' title="bbox 1872 3303 3451 3381">
     <span class='ocr_line' id='line_1_76' title="bbox 1872 3303 3451 3381; baseline -0.006 -15"><span class='ocrx_word' id='word_1_561' title='bbox 1872 3327 1983 3367; x_wconf 91' lang='lat' dir='ltr'><strong>rem</strong></span> <span class='ocrx_word' id='word_1_562' title='bbox 2013 3311 2239 3381; x_wconf 90' lang='lat' dir='ltr'><strong>Didymo</strong></span> <span class='ocrx_word' id='word_1_563' title='bbox 2266 3310 2506 3365; x_wconf 83' lang='lat' dir='ltr'><strong>tribuat?</strong></span> <span class='ocrx_word' id='word_1_564' title='bbox 2536 3306 2741 3377; x_wconf 79' lang='lat' dir='ltr'><strong>Nempe</strong></span> <span class='ocrx_word' id='word_1_565' title='bbox 2768 3306 3129 3377; x_wconf 82' lang='lat' dir='ltr'><strong>Hieronymus</strong></span> <span class='ocrx_word' id='word_1_566' title='bbox 3151 3319 3213 3360; x_wconf 87' lang='lat' dir='ltr'><strong>ea</strong></span> <span class='ocrx_word' id='word_1_567' title='bbox 3242 3303 3451 3375; x_wconf 83' lang='lat' dir='ltr'><strong>Didymi</strong></span> 
     </span>
    </p>
   </div>
   <div class='ocr_carea' id='block_1_77' title="bbox 1869 3398 3452 3472">
    <p class='ocr_par' dir='ltr' id='par_1_77' title="bbox 1869 3398 3452 3472">
     <span class='ocr_line' id='line_1_77' title="bbox 1869 3398 3452 3472; baseline -0.005 -14"><span class='ocrx_word' id='word_1_568' title='bbox 1869 3404 2070 3472; x_wconf 82' lang='lat' dir='ltr'><strong>scripta</strong></span> <span class='ocrx_word' id='word_1_569' title='bbox 2106 3404 2331 3472; x_wconf 86' lang='lat' dir='ltr'><strong>respicit</strong></span> <span class='ocrx_word' id='word_1_570' title='bbox 2382 3416 2502 3471; x_wconf 66' lang='lat' dir='ltr'><strong>quae</strong></span> <span class='ocrx_word' id='word_1_571' title='bbox 2547 3402 2659 3472; x_wconf 85' lang='lat' dir='ltr'><strong>iam</strong></span> <span class='ocrx_word' id='word_1_572' title='bbox 2715 3398 2859 3454; x_wconf 86' lang='lat' dir='ltr'><strong>nulla</strong></span> <span class='ocrx_word' id='word_1_573' title='bbox 2899 3409 3057 3465; x_wconf 88' lang='lat' dir='ltr'><strong>sunt;</strong></span> <span class='ocrx_word' id='word_1_574' title='bbox 3093 3411 3191 3453; x_wconf 88' lang='lat' dir='ltr'><strong>nos</strong></span> <span class='ocrx_word' id='word_1_575' title='bbox 3230 3411 3358 3453; x_wconf 91' lang='lat' dir='ltr'><strong>vero</strong></span> <span class='ocrx_word' id='word_1_576' title='bbox 3386 3410 3452 3451; x_wconf 87' lang='lat' dir='ltr'><strong>ea</strong></span> 
     </span>
    </p>
   </div>
   <div class='ocr_carea' id='block_1_78' title="bbox 1871 3492 2750 3565">
    <p class='ocr_par' dir='ltr' id='par_1_78' title="bbox 1871 3492 2750 3565">
     <span class='ocr_line' id='line_1_78' title="bbox 1871 3492 2750 3565; baseline -0.002 -16"><span class='ocrx_word' id='word_1_577' title='bbox 1871 3492 2138 3550; x_wconf 89' lang='lat' dir='ltr'><strong>duntaxat</strong></span> <span class='ocrx_word' id='word_1_578' title='bbox 2159 3510 2281 3565; x_wconf 86' lang='lat' dir='ltr'><strong>quae</strong></span> <span class='ocrx_word' id='word_1_579' title='bbox 2309 3494 2485 3549; x_wconf 90' lang='lat' dir='ltr'><strong>adhuc</strong></span> <span class='ocrx_word' id='word_1_580' title='bbox 2515 3501 2750 3549; x_wconf 86' lang='lat' dir='ltr'><strong>exstant.</strong></span> 
     </span>
    </p>
   </div>
   <div class='ocr_carea' id='block_1_79' title="bbox 2160 3643 3160 3701">
    <p class='ocr_par' dir='ltr' id='par_1_79' title="bbox 2160 3643 3160 3701">
     <span class='ocr_line' id='line_1_79' title="bbox 2160 3643 3160 3701; baseline -0.002 -1"><span class='ocrx_word' id='word_1_581' title='bbox 2160 3644 2292 3701; x_wconf 73' lang='lat' dir='ltr'><strong>CAP.</strong></span> <span class='ocrx_word' id='word_1_582' title='bbox 2325 3643 2417 3699; x_wconf 83' lang='lat' dir='ltr'><strong>XI.</strong></span> <span class='ocrx_word' id='word_1_583' title='bbox 2460 3644 2538 3698; x_wconf 92' lang='lat' dir='ltr'><strong>De</strong></span> <span class='ocrx_word' id='word_1_584' title='bbox 2563 3645 2737 3699; x_wconf 73' lang='lat' dir='ltr'><strong>carnis</strong></span> <span class='ocrx_word' id='word_1_585' title='bbox 2767 3644 3160 3699; x_wconf 87' lang='lat' dir='ltr'><strong>resurrectione.</strong></span> 
     </span>
    </p>
   </div>
   <div class='ocr_carea' id='block_1_80' title="bbox 1947 3760 3541 3827">
    <p class='ocr_par' dir='ltr' id='par_1_80' title="bbox 1947 3760 3541 3827">
     <span class='ocr_line' id='line_1_80' title="bbox 1947 3760 3541 3827; baseline -0.001 -11"><span class='ocrx_word' id='word_1_586' title='bbox 1947 3760 2315 3817; x_wconf 89' lang='lat' dir='ltr'><strong>Transeamus</strong></span> <span class='ocrx_word' id='word_1_587' title='bbox 2376 3763 2535 3817; x_wconf 88' lang='lat' dir='ltr'><strong>modo</strong></span> <span class='ocrx_word' id='word_1_588' title='bbox 2583 3763 2648 3816; x_wconf 88' lang='lat' dir='ltr'><strong>ad</strong></span> <span class='ocrx_word' id='word_1_589' title='bbox 2712 3762 2894 3817; x_wconf 89' lang='lat' dir='ltr'><strong>carnis</strong></span> <span class='ocrx_word' id='word_1_590' title='bbox 2952 3761 3450 3827; x_wconf 84' lang='lat' dir='ltr'><strong>resurrectionem;</strong></span> <span class='ocrx_word' id='word_1_591' title='bbox 3536 3809 3541 3815; x_wconf 93' lang='lat'><strong>.</strong></span> 
     </span>
    </p>
   </div>
   <div class='ocr_carea' id='block_1_81' title="bbox 1874 3854 3452 3926">
    <p class='ocr_par' dir='ltr' id='par_1_81' title="bbox 1874 3854 3452 3926">
     <span class='ocr_line' id='line_1_81' title="bbox 1874 3854 3452 3926; baseline -0.001 -14"><span class='ocrx_word' id='word_1_592' title='bbox 1874 3871 2000 3912; x_wconf 87' lang='lat' dir='ltr'><strong>nam</strong></span> <span class='ocrx_word' id='word_1_593' title='bbox 2032 3856 2098 3910; x_wconf 90' lang='lat' dir='ltr'><strong>de</strong></span> <span class='ocrx_word' id='word_1_594' title='bbox 2131 3854 2231 3909; x_wconf 90' lang='lat' dir='ltr'><strong>ista</strong></span> <span class='ocrx_word' id='word_1_595' title='bbox 2257 3869 2472 3924; x_wconf 91' lang='lat' dir='ltr'><strong>quoque</strong></span> <span class='ocrx_word' id='word_1_596' title='bbox 2500 3870 2780 3925; x_wconf 88' lang='lat' dir='ltr'><strong>perperam</strong></span> <span class='ocrx_word' id='word_1_597' title='bbox 2808 3864 3093 3912; x_wconf 89' lang='lat' dir='ltr'><strong>senserunt</strong></span> <span class='ocrx_word' id='word_1_598' title='bbox 3117 3854 3452 3926; x_wconf 71' lang='lat' dir='ltr'><strong>Origenistte.</strong></span> 
     </span>
    </p>
   </div>
   <div class='ocr_carea' id='block_1_82' title="bbox 1878 3946 3456 4019">
    <p class='ocr_par' dir='ltr' id='par_1_82' title="bbox 1878 3946 3456 4019">
     <span class='ocr_line' id='line_1_82' title="bbox 1878 3946 3456 4019; baseline -0.001 -15"><span class='ocrx_word' id='word_1_599' title='bbox 1878 3949 1954 4004; x_wconf 90' lang='lat' dir='ltr'><strong>De</strong></span> <span class='ocrx_word' id='word_1_600' title='bbox 1985 3946 2214 4019; x_wconf 91' lang='lat' dir='ltr'><strong>Didymo</strong></span> <span class='ocrx_word' id='word_1_601' title='bbox 2246 3957 2422 4000; x_wconf 89' lang='lat' dir='ltr'><strong>autem</strong></span> <span class='ocrx_word' id='word_1_602' title='bbox 2453 3946 2532 4001; x_wconf 88' lang='lat' dir='ltr'><strong>sic</strong></span> <span class='ocrx_word' id='word_1_603' title='bbox 2569 3958 2749 4004; x_wconf 88' lang='lat' dir='ltr'><strong>statuo</strong></span> <span class='ocrx_word' id='word_1_604' title='bbox 2798 3967 2812 4003; x_wconf 94' lang='lat'><strong>:</strong></span> <span class='ocrx_word' id='word_1_605' title='bbox 2851 3949 3057 4004; x_wconf 91' lang='lat' dir='ltr'><strong>nullum</strong></span> <span class='ocrx_word' id='word_1_606' title='bbox 3086 3960 3328 4014; x_wconf 83' lang='lat' dir='ltr'><strong>exstare,</strong></span> <span class='ocrx_word' id='word_1_607' title='bbox 3362 3960 3456 4003; x_wconf 91' lang='lat' dir='ltr'><strong>aut</strong></span> 
     </span>
    </p>
   </div>
   <div class='ocr_carea' id='block_1_83' title="bbox 1879 4040 3455 4110">
    <p class='ocr_par' dir='ltr' id='par_1_83' title="bbox 1879 4040 3455 4110">
     <span class='ocr_line' id='line_1_83' title="bbox 1879 4040 3455 4110; baseline 0.001 -16"><span class='ocrx_word' id='word_1_608' title='bbox 1879 4040 2082 4094; x_wconf 91' lang='lat' dir='ltr'><strong>nullum</strong></span> <span class='ocrx_word' id='word_1_609' title='bbox 2122 4048 2269 4094; x_wconf 88' lang='lat' dir='ltr'><strong>certe</strong></span> <span class='ocrx_word' id='word_1_610' title='bbox 2327 4043 2460 4096; x_wconf 88' lang='lat' dir='ltr'><strong>mihi</strong></span> <span class='ocrx_word' id='word_1_611' title='bbox 2505 4051 2688 4096; x_wconf 91' lang='lat' dir='ltr'><strong>notum</strong></span> <span class='ocrx_word' id='word_1_612' title='bbox 2746 4056 2864 4097; x_wconf 86' lang='lat' dir='ltr'><strong>esse</strong></span> <span class='ocrx_word' id='word_1_613' title='bbox 2898 4041 3094 4106; x_wconf 88' lang='lat' dir='ltr'><strong>locum,</strong></span> <span class='ocrx_word' id='word_1_614' title='bbox 3143 4042 3196 4095; x_wconf 93' lang='lat' dir='ltr'><strong>in</strong></span> <span class='ocrx_word' id='word_1_615' title='bbox 3255 4055 3362 4110; x_wconf 92' lang='lat' dir='ltr'><strong>quo</strong></span> <span class='ocrx_word' id='word_1_616' title='bbox 3388 4041 3455 4095; x_wconf 92' lang='lat' dir='ltr'><strong>de</strong></span> 
     </span>
    </p>
   </div>
   <div class='ocr_carea' id='block_1_84' title="bbox 1880 4133 3458 4203">
    <p class='ocr_par' dir='ltr' id='par_1_84' title="bbox 1880 4133 3458 4203">
     <span class='ocr_line' id='line_1_84' title="bbox 1880 4133 3458 4203; baseline 0.001 -16"><span class='ocrx_word' id='word_1_617' title='bbox 1880 4134 2281 4191; x_wconf 84' lang='lat' dir='ltr'><strong>resurrectione</strong></span> <span class='ocrx_word' id='word_1_618' title='bbox 2304 4149 2367 4189; x_wconf 91' lang='lat' dir='ltr'><strong>ea</strong></span> <span class='ocrx_word' id='word_1_619' title='bbox 2407 4134 2654 4190; x_wconf 88' lang='lat' dir='ltr'><strong>docuerit</strong></span> <span class='ocrx_word' id='word_1_620' title='bbox 2693 4149 2812 4203; x_wconf 75' lang='lat' dir='ltr'><strong>qua:</strong></span> <span class='ocrx_word' id='word_1_621' title='bbox 2849 4135 3098 4189; x_wconf 90' lang='lat' dir='ltr'><strong>docuisse</strong></span> <span class='ocrx_word' id='word_1_622' title='bbox 3125 4134 3321 4188; x_wconf 90' lang='lat' dir='ltr'><strong>dicitur</strong></span> <span class='ocrx_word' id='word_1_623' title='bbox 3346 4133 3458 4189; x_wconf 85' lang='lat' dir='ltr'><strong>Ori-</strong></span> 
     </span>
    </p>
   </div>
   <div class='ocr_carea' id='block_1_85' title="bbox 1887 4223 3450 4296">
    <p class='ocr_par' dir='ltr' id='par_1_85' title="bbox 1887 4223 3450 4296">
     <span class='ocr_line' id='line_1_85' title="bbox 1887 4223 3450 4296; baseline -0.001 -16"><span class='ocrx_word' id='word_1_624' title='bbox 1887 4240 2077 4296; x_wconf 88' lang='lat' dir='ltr'><strong>genes.</strong></span> <span class='ocrx_word' id='word_1_625' title='bbox 2113 4223 2247 4279; x_wconf 89' lang='lat' dir='ltr'><strong>Cum</strong></span> <span class='ocrx_word' id='word_1_626' title='bbox 2283 4226 2426 4279; x_wconf 93' lang='lat' dir='ltr'><strong>enim</strong></span> <span class='ocrx_word' id='word_1_627' title='bbox 2480 4243 2532 4280; x_wconf 85' lang='grc' dir='ltr'><strong>ιη</strong></span> <span class='ocrx_word' id='word_1_628' title='bbox 2562 4226 2877 4287; x_wconf 87' lang='lat' dir='ltr'><strong>canonibus,</strong></span> <span class='ocrx_word' id='word_1_629' title='bbox 2929 4227 3043 4279; x_wconf 85' lang='lat' dir='ltr'><strong>sive</strong></span> <span class='ocrx_word' id='word_1_630' title='bbox 3103 4225 3450 4279; x_wconf 86' lang='lat' dir='ltr'><strong>anathemati-</strong></span> 
     </span>
    </p>
   </div>
   <div class='ocr_carea' id='block_1_86' title="bbox 1880 4315 3458 4386">
    <p class='ocr_par' dir='ltr' id='par_1_86' title="bbox 1880 4315 3458 4386">
     <span class='ocr_line' id='line_1_86' title="bbox 1880 4315 3458 4386; baseline -0.002 -13"><span class='ocrx_word' id='word_1_631' title='bbox 1880 4318 2012 4373; x_wconf 85' lang='lat' dir='ltr'><strong>smis</strong></span> <span class='ocrx_word' id='word_1_632' title='bbox 2041 4328 2222 4371; x_wconf 88' lang='lat' dir='ltr'><strong>contra</strong></span> <span class='ocrx_word' id='word_1_633' title='bbox 2266 4316 2538 4386; x_wconf 87' lang='lat' dir='ltr'><strong>Origenem</strong></span> <span class='ocrx_word' id='word_1_634' title='bbox 2572 4316 2765 4371; x_wconf 71' lang='lat' dir='ltr'><strong>saeculo</strong></span> <span class='ocrx_word' id='word_1_635' title='bbox 2802 4325 2959 4369; x_wconf 81' lang='lat' dir='ltr'><strong>sexto</strong></span> <span class='ocrx_word' id='word_1_636' title='bbox 2989 4315 3218 4369; x_wconf 91' lang='lat' dir='ltr'><strong>conditis</strong></span> <span class='ocrx_word' id='word_1_637' title='bbox 3248 4330 3458 4370; x_wconf 63' lang='lat' dir='ltr'><strong>accuse;</strong></span> 
     </span>
    </p>
   </div>
   <div class='ocr_carea' id='block_1_87' title="bbox 1885 4407 3460 4479">
    <p class='ocr_par' dir='ltr' id='par_1_87' title="bbox 1885 4407 3460 4479">
     <span class='ocr_line' id='line_1_87' title="bbox 1885 4407 3460 4479; baseline -0.001 -16"><span class='ocrx_word' id='word_1_638' title='bbox 1885 4419 1972 4463; x_wconf 88' lang='lat' dir='ltr'><strong>tur</strong></span> <span class='ocrx_word' id='word_1_639' title='bbox 1995 4411 2110 4477; x_wconf 90' lang='lat' dir='ltr'><strong>ipse</strong></span> <span class='ocrx_word' id='word_1_640' title='bbox 2144 4408 2430 4479; x_wconf 83' lang='lat' dir='ltr'><strong>Origenes,</strong></span> <span class='ocrx_word' id='word_1_641' title='bbox 2463 4416 2556 4462; x_wconf 89' lang='lat' dir='ltr'><strong>aut</strong></span> <span class='ocrx_word' id='word_1_642' title='bbox 2584 4409 2773 4462; x_wconf 90' lang='lat' dir='ltr'><strong>saltem</strong></span> <span class='ocrx_word' id='word_1_643' title='bbox 2796 4407 3129 4476; x_wconf 85' lang='lat' dir='ltr'><strong>Origeuiani,</strong></span> <span class='ocrx_word' id='word_1_644' title='bbox 3158 4408 3299 4476; x_wconf 86' lang='lat' dir='ltr'><strong>quod</strong></span> <span class='ocrx_word' id='word_1_645' title='bbox 3340 4422 3460 4461; x_wconf 86' lang='lat' dir='ltr'><strong>cor-</strong></span> 
     </span>
    </p>
   </div>
   <div class='ocr_carea' id='block_1_88' title="bbox 217 4493 3461 4571">
    <p class='ocr_par' dir='ltr' id='par_1_88' title="bbox 217 4493 3461 4571">
     <span class='ocr_line' id='line_1_88' title="bbox 217 4493 3461 4571; baseline -0 -16"><span class='ocrx_word' id='word_1_646' title='bbox 217 4509 319 4549; x_wconf 68' lang='lat' dir='ltr'><strong>eam</strong></span> <span class='ocrx_word' id='word_1_647' title='bbox 336 4498 463 4552; x_wconf 72' lang='lat' dir='ltr'><strong>velit</strong></span> <span class='ocrx_word' id='word_1_648' title='bbox 495 4496 749 4569; x_wconf 79' lang='lat' dir='ltr'><strong>agnosci.</strong></span> <span class='ocrx_word' id='word_1_649' title='bbox 778 4495 928 4551; x_wconf 83' lang='lat' dir='ltr'><strong>Unde</strong></span> <span class='ocrx_word' id='word_1_650' title='bbox 974 4495 1138 4550; x_wconf 81' lang='lat' dir='ltr'><strong>etiam</strong></span> <span class='ocrx_word' id='word_1_651' title='bbox 1166 4495 1368 4550; x_wconf 86' lang='lat' dir='ltr'><strong>diclum</strong></span> <span class='ocrx_word' id='word_1_652' title='bbox 1398 4495 1646 4549; x_wconf 69' lang='lat' dir='ltr'><strong>Videtur:</strong></span> <span class='ocrx_word' id='word_1_653' title='bbox 1679 4493 1780 4548; x_wconf 80' lang='lat' dir='ltr'><strong>Pe—</strong></span> <span class='ocrx_word' id='word_1_654' title='bbox 1809 4510 1858 4568; x_wconf 82' lang='lat'><strong>1)</strong></span> <span class='ocrx_word' id='word_1_655' title='bbox 1889 4517 1988 4571; x_wconf 92' lang='lat' dir='ltr'><strong>pus</strong></span> <span class='ocrx_word' id='word_1_656' title='bbox 2014 4501 2223 4555; x_wconf 92' lang='lat' dir='ltr'><strong>Domini</strong></span> <span class='ocrx_word' id='word_1_657' title='bbox 2251 4509 2370 4569; x_wconf 92' lang='lat' dir='ltr'><strong>post</strong></span> <span class='ocrx_word' id='word_1_658' title='bbox 2403 4499 2857 4554; x_wconf 89' lang='lat' dir='ltr'><strong>resurrectionem</strong></span> <span class='ocrx_word' id='word_1_659' title='bbox 2887 4498 3178 4552; x_wconf 71' lang='lat' dir='ltr'><strong>aethereum</strong></span> <span class='ocrx_word' id='word_1_660' title='bbox 3217 4508 3268 4553; x_wconf 90' lang='lat' dir='ltr'><strong>et</strong></span> <span class='ocrx_word' id='word_1_661' title='bbox 3295 4500 3461 4568; x_wconf 72' lang='lat' dir='ltr'><strong>spira:-</strong></span> 
     </span>
    </p>
   </div>
   <div class='ocr_carea' id='block_1_89' title="bbox 218 4586 1780 4662">
    <p class='ocr_par' dir='ltr' id='par_1_89' title="bbox 218 4586 1780 4662">
     <span class='ocr_line' id='line_1_89' title="bbox 218 4586 1780 4662; baseline -0.001 -20"><span class='ocrx_word' id='word_1_662' title='bbox 218 4592 432 4655; x_wconf 79' lang='lat' dir='ltr'><strong>rcgrinus</strong></span> <span class='ocrx_word' id='word_1_663' title='bbox 469 4609 599 4662; x_wconf 86' lang='lat' dir='ltr'><strong>ergo</strong></span> <span class='ocrx_word' id='word_1_664' title='bbox 643 4589 975 4662; x_wconf 84' lang='lat' dir='ltr'><strong>[legendum,</strong></span> <span class='ocrx_word' id='word_1_665' title='bbox 1018 4586 1133 4659; x_wconf 85' lang='lat' dir='ltr'><strong>ego]</strong></span> <span class='ocrx_word' id='word_1_666' title='bbox 1167 4591 1220 4640; x_wconf 87' lang='lat' dir='ltr'><strong>in</strong></span> <span class='ocrx_word' id='word_1_667' title='bbox 1259 4598 1422 4652; x_wconf 83' lang='lat' dir='ltr'><strong>terra,</strong></span> <span class='ocrx_word' id='word_1_668' title='bbox 1454 4596 1505 4642; x_wconf 84' lang='lat' dir='ltr'><strong>et</strong></span> <span class='ocrx_word' id='word_1_669' title='bbox 1560 4588 1780 4652; x_wconf 82' lang='lat' dir='ltr'><strong>advena,</strong></span> 
     </span>
    </p>
   </div>
   <div class='ocr_carea' id='block_1_90' title="bbox 214 4673 1785 4744">
    <p class='ocr_par' dir='ltr' id='par_1_90' title="bbox 214 4673 1785 4744">
     <span class='ocr_line' id='line_1_90' title="bbox 214 4673 1785 4744; baseline 0.003 -20"><span class='ocrx_word' id='word_1_670' title='bbox 214 4673 331 4729; x_wconf 72' lang='lat' dir='ltr'><strong>sicut</strong></span> <span class='ocrx_word' id='word_1_671' title='bbox 360 4693 538 4731; x_wconf 83' lang='lat' dir='ltr'><strong>omnes</strong></span> <span class='ocrx_word' id='word_1_672' title='bbox 602 4686 779 4744; x_wconf 85' lang='lat' dir='ltr'><strong>patres</strong></span> <span class='ocrx_word' id='word_1_673' title='bbox 832 4677 939 4730; x_wconf 87' lang='lat' dir='ltr'><strong>mei</strong></span> <span class='ocrx_word' id='word_1_674' title='bbox 967 4676 1033 4729; x_wconf 82' lang='lat'><strong>&quot;.</strong></span> <span class='ocrx_word' id='word_1_675' title='bbox 1096 4676 1161 4729; x_wconf 83' lang='lat' dir='ltr'><strong>Et</strong></span> <span class='ocrx_word' id='word_1_676' title='bbox 1210 4675 1403 4729; x_wconf 89' lang='lat' dir='ltr'><strong>iterum</strong></span> <span class='ocrx_word' id='word_1_677' title='bbox 1447 4693 1461 4730; x_wconf 90' lang='lat'><strong>:</strong></span> <span class='ocrx_word' id='word_1_678' title='bbox 1502 4674 1619 4729; x_wconf 82' lang='lat' dir='ltr'><strong>Heu</strong></span> <span class='ocrx_word' id='word_1_679' title='bbox 1668 4675 1785 4729; x_wconf 87' lang='lat' dir='ltr'><strong>me!</strong></span> 
     </span>
    </p>
   </div>
   <div class='ocr_carea' id='block_1_91' title="bbox 215 4766 1783 4837">
    <p class='ocr_par' dir='ltr' id='par_1_91' title="bbox 215 4766 1783 4837">
     <span class='ocr_line' id='line_1_91' title="bbox 215 4766 1783 4837; baseline 0.003 -20"><span class='ocrx_word' id='word_1_680' title='bbox 215 4770 443 4829; x_wconf 65' lang='lat' dir='ltr'><strong>quoniam</strong></span> <span class='ocrx_word' id='word_1_681' title='bbox 474 4768 743 4821; x_wconf 83' lang='lat' dir='ltr'><strong>incolatus</strong></span> <span class='ocrx_word' id='word_1_682' title='bbox 774 4783 918 4821; x_wconf 86' lang='lat' dir='ltr'><strong>meus</strong></span> <span class='ocrx_word' id='word_1_683' title='bbox 961 4766 1302 4837; x_wconf 86' lang='lat' dir='ltr'><strong>prolongatus</strong></span> <span class='ocrx_word' id='word_1_684' title='bbox 1327 4777 1404 4821; x_wconf 87' lang='lat' dir='ltr'><strong>est</strong></span> <span class='ocrx_word' id='word_1_685' title='bbox 1432 4768 1499 4820; x_wconf 78' lang='lat'><strong>“.</strong></span> <span class='ocrx_word' id='word_1_686' title='bbox 1547 4769 1783 4821; x_wconf 75' lang='lat' dir='ltr'><strong>Advente</strong></span> 
     </span>
    </p>
   </div>
   <div class='ocr_carea' id='block_1_92' title="bbox 214 4852 1783 4924">
    <p class='ocr_par' dir='ltr' id='par_1_92' title="bbox 214 4852 1783 4924">
     <span class='ocr_line' id='line_1_92' title="bbox 214 4852 1783 4924; baseline 0.001 -19"><span class='ocrx_word' id='word_1_687' title='bbox 214 4852 458 4924; x_wconf 88' lang='lat' dir='ltr'><strong>siquidem</strong></span> <span class='ocrx_word' id='word_1_688' title='bbox 504 4857 646 4911; x_wconf 84' lang='lat' dir='ltr'><strong>ﬁunt</strong></span> <span class='ocrx_word' id='word_1_689' title='bbox 700 4855 974 4911; x_wconf 87' lang='lat' dir='ltr'><strong>hominum</strong></span> <span class='ocrx_word' id='word_1_690' title='bbox 1029 4857 1224 4909; x_wconf 86' lang='lat' dir='ltr'><strong>animae</strong></span> <span class='ocrx_word' id='word_1_691' title='bbox 1268 4854 1586 4924; x_wconf 88' lang='lat' dir='ltr'><strong>corporibus</strong></span> <span class='ocrx_word' id='word_1_692' title='bbox 1618 4869 1783 4923; x_wconf 88' lang='lat' dir='ltr'><strong>copu-</strong></span> 
     </span>
    </p>
   </div>
   <div class='ocr_carea' id='block_1_93' title="bbox 217 4945 1780 5018">
    <p class='ocr_par' dir='ltr' id='par_1_93' title="bbox 217 4945 1780 5018">
     <span class='ocr_line' id='line_1_93' title="bbox 217 4945 1780 5018; baseline 0.001 -19"><span class='ocrx_word' id='word_1_693' title='bbox 217 4945 341 5013; x_wconf 60' lang='lat' dir='ltr'><strong>latae,</strong></span> <span class='ocrx_word' id='word_1_694' title='bbox 372 4951 498 5004; x_wconf 87' lang='lat' dir='ltr'><strong>dum</strong></span> <span class='ocrx_word' id='word_1_695' title='bbox 560 4951 617 5004; x_wconf 91' lang='lat' dir='ltr'><strong>in</strong></span> <span class='ocrx_word' id='word_1_696' title='bbox 672 4949 753 5002; x_wconf 79' lang='lat' dir='ltr'><strong>eis</strong></span> <span class='ocrx_word' id='word_1_697' title='bbox 782 4948 1149 5018; x_wconf 88' lang='lat' dir='ltr'><strong>temporaliter</strong></span> <span class='ocrx_word' id='word_1_698' title='bbox 1182 4962 1304 5003; x_wconf 88' lang='lat' dir='ltr'><strong>esse</strong></span> <span class='ocrx_word' id='word_1_699' title='bbox 1351 4947 1780 5001; x_wconf 89' lang='lat' dir='ltr'><strong>constituuntur.</strong></span> 
     </span>
    </p>
   </div>
   <div class='ocr_carea' id='block_1_94' title="bbox 217 5036 1784 5109">
    <p class='ocr_par' dir='ltr' id='par_1_94' title="bbox 217 5036 1784 5109">
     <span class='ocr_line' id='line_1_94' title="bbox 217 5036 1784 5109; baseline 0.001 -17"><span class='ocrx_word' id='word_1_700' title='bbox 217 5036 332 5095; x_wconf 73' lang='lat' dir='ltr'><strong>Nam</strong></span> <span class='ocrx_word' id='word_1_701' title='bbox 360 5043 406 5097; x_wconf 91' lang='lat' dir='ltr'><strong>si</strong></span> <span class='ocrx_word' id='word_1_702' title='bbox 436 5050 631 5099; x_wconf 80' lang='lat' dir='ltr'><strong>essent</strong></span> <span class='ocrx_word' id='word_1_703' title='bbox 679 5056 747 5097; x_wconf 90' lang='lat' dir='ltr'><strong>ex</strong></span> <span class='ocrx_word' id='word_1_704' title='bbox 778 5057 841 5096; x_wconf 90' lang='lat' dir='ltr'><strong>ea</strong></span> <span class='ocrx_word' id='word_1_705' title='bbox 888 5040 1211 5106; x_wconf 88' lang='lat' dir='ltr'><strong>substantia,</strong></span> <span class='ocrx_word' id='word_1_706' title='bbox 1253 5055 1380 5095; x_wconf 89' lang='lat' dir='ltr'><strong>vera</strong></span> <span class='ocrx_word' id='word_1_707' title='bbox 1423 5054 1650 5109; x_wconf 82' lang='lat' dir='ltr'><strong>corpora</strong></span> <span class='ocrx_word' id='word_1_708' title='bbox 1691 5053 1784 5093; x_wconf 90' lang='lat' dir='ltr'><strong>es—</strong></span> 
     </span>
    </p>
   </div>
   <div class='ocr_carea' id='block_1_95' title="bbox 219 5133 1782 5203">
    <p class='ocr_par' dir='ltr' id='par_1_95' title="bbox 219 5133 1782 5203">
     <span class='ocr_line' id='line_1_95' title="bbox 219 5133 1782 5203; baseline 0.003 -21"><span class='ocrx_word' id='word_1_709' title='bbox 219 5136 706 5190; x_wconf 71' lang='lat' dir='ltr'><strong>senthahitatrices</strong></span> <span class='ocrx_word' id='word_1_710' title='bbox 759 5145 934 5189; x_wconf 62' lang='lat' dir='ltr'><strong>terras.</strong></span> <span class='ocrx_word' id='word_1_711' title='bbox 987 5135 1228 5203; x_wconf 90' lang='lat' dir='ltr'><strong>Denique</strong></span> <span class='ocrx_word' id='word_1_712' title='bbox 1273 5134 1469 5189; x_wconf 75' lang='lat' dir='ltr'><strong>animae</strong></span> <span class='ocrx_word' id='word_1_713' title='bbox 1520 5133 1782 5187; x_wconf 85' lang='lat' dir='ltr'><strong>habentes</strong></span> 
     </span>
    </p>
   </div>
   <div class='ocr_carea' id='block_1_96' title="bbox 221 5225 1781 5295">
    <p class='ocr_par' dir='ltr' id='par_1_96' title="bbox 221 5225 1781 5295">
     <span class='ocr_line' id='line_1_96' title="bbox 221 5225 1781 5295; baseline -0.002 -14"><span class='ocrx_word' id='word_1_714' title='bbox 221 5230 636 5295; x_wconf 73' lang='lat' dir='ltr'><strong>wmpassioncm</strong></span> <span class='ocrx_word' id='word_1_715' title='bbox 694 5230 896 5291; x_wconf 87' lang='lat' dir='ltr'><strong>carnis,</strong></span> <span class='ocrx_word' id='word_1_716' title='bbox 945 5241 1067 5282; x_wconf 88' lang='lat' dir='ltr'><strong>esse</strong></span> <span class='ocrx_word' id='word_1_717' title='bbox 1107 5227 1160 5281; x_wconf 91' lang='lat' dir='ltr'><strong>in</strong></span> <span class='ocrx_word' id='word_1_718' title='bbox 1225 5225 1557 5280; x_wconf 87' lang='lat' dir='ltr'><strong>habitatione</strong></span> <span class='ocrx_word' id='word_1_719' title='bbox 1582 5239 1781 5279; x_wconf 87' lang='lat' dir='ltr'><strong>carnea</strong></span> 
     </span>
    </p>
   </div>
   <div class='ocr_carea' id='block_1_97' title="bbox 220 5316 1783 5388">
    <p class='ocr_par' dir='ltr' id='par_1_97' title="bbox 220 5316 1783 5388">
     <span class='ocr_line' id='line_1_97' title="bbox 220 5316 1783 5388; baseline 0.004 -25"><span class='ocrx_word' id='word_1_720' title='bbox 220 5326 610 5384; x_wconf 81' lang='lat' dir='ltr'><strong>nuncupantur,</strong></span> <span class='ocrx_word' id='word_1_721' title='bbox 652 5327 709 5371; x_wconf 87' lang='lat' dir='ltr'><strong>et</strong></span> <span class='ocrx_word' id='word_1_722' title='bbox 740 5317 1028 5383; x_wconf 82' lang='lat' dir='ltr'><strong>vetatione,</strong></span> <span class='ocrx_word' id='word_1_723' title='bbox 1060 5332 1370 5388; x_wconf 89' lang='lat' dir='ltr'><strong>quanquam</strong></span> <span class='ocrx_word' id='word_1_724' title='bbox 1406 5316 1626 5370; x_wconf 67' lang='lat' dir='ltr'><strong>advena:</strong></span> <span class='ocrx_word' id='word_1_725' title='bbox 1655 5324 1783 5369; x_wconf 92' lang='lat' dir='ltr'><strong>sunt</strong></span> 
     </span>
    </p>
   </div>
   <div class='ocr_carea' id='block_1_98' title="bbox 224 5398 1785 5481">
    <p class='ocr_par' dir='ltr' id='par_1_98' title="bbox 224 5398 1785 5481">
     <span class='ocr_line' id='line_1_98' title="bbox 224 5398 1785 5481; baseline 0.001 -23"><span class='ocrx_word' id='word_1_726' title='bbox 224 5398 267 5453; x_wconf 78' lang='lat' dir='ltr'><strong>in</strong></span> <span class='ocrx_word' id='word_1_727' title='bbox 293 5415 484 5460; x_wconf 82' lang='lat' dir='ltr'><strong>terram</strong></span> <span class='ocrx_word' id='word_1_728' title='bbox 521 5407 691 5478; x_wconf 77' lang='lat' dir='ltr'><strong>[lego,</strong></span> <span class='ocrx_word' id='word_1_729' title='bbox 750 5410 805 5461; x_wconf 87' lang='lat' dir='ltr'><strong>in</strong></span> <span class='ocrx_word' id='word_1_730' title='bbox 831 5408 1017 5481; x_wconf 86' lang='lat' dir='ltr'><strong>terra],</strong></span> <span class='ocrx_word' id='word_1_731' title='bbox 1073 5410 1167 5464; x_wconf 89' lang='lat' dir='ltr'><strong>sed</strong></span> <span class='ocrx_word' id='word_1_732' title='bbox 1200 5409 1373 5478; x_wconf 78' lang='lat' dir='ltr'><strong>magis</strong></span> <span class='ocrx_word' id='word_1_733' title='bbox 1410 5408 1785 5462; x_wconf 87' lang='lat' dir='ltr'><strong>assimilantnr</strong></span> 
     </span>
    </p>
   </div>
   <div class='ocr_carea' id='block_1_99' title="bbox 223 5493 1782 5573">
    <p class='ocr_par' dir='ltr' id='par_1_99' title="bbox 223 5493 1782 5573">
     <span class='ocr_line' id='line_1_99' title="bbox 223 5493 1782 5573; baseline 0.004 -26"><span class='ocrx_word' id='word_1_734' title='bbox 223 5493 488 5566; x_wconf 77' lang='lat' dir='ltr'><strong>indigenis.</strong></span> <span class='ocrx_word' id='word_1_735' title='bbox 519 5500 680 5555; x_wconf 88' lang='lat' dir='ltr'><strong>Unde</strong></span> <span class='ocrx_word' id='word_1_736' title='bbox 707 5511 761 5556; x_wconf 87' lang='lat' dir='ltr'><strong>et</strong></span> <span class='ocrx_word' id='word_1_737' title='bbox 795 5510 1031 5557; x_wconf 88' lang='lat' dir='ltr'><strong>terrores</strong></span> <span class='ocrx_word' id='word_1_738' title='bbox 1078 5502 1389 5557; x_wconf 80' lang='lat' dir='ltr'><strong>inferuntur</strong></span> <span class='ocrx_word' id='word_1_739' title='bbox 1418 5499 1653 5573; x_wconf 86' lang='lat' dir='ltr'><strong>[respicit</strong></span> <span class='ocrx_word' id='word_1_740' title='bbox 1682 5500 1782 5554; x_wconf 89' lang='lat' dir='ltr'><strong>Di-</strong></span> 
     </span>
    </p>
   </div>
   <div class='ocr_carea' id='block_1_100' title="bbox 223 5585 1785 5667">
    <p class='ocr_par' dir='ltr' id='par_1_100' title="bbox 223 5585 1785 5667">
     <span class='ocr_line' id='line_1_100' title="bbox 223 5585 1785 5667; baseline 0.003 -23"><span class='ocrx_word' id='word_1_741' title='bbox 223 5585 387 5653; x_wconf 60' lang='lat' dir='ltr'><strong>dymus</strong></span> <span class='ocrx_word' id='word_1_742' title='bbox 404 5593 723 5647; x_wconf 71' lang='lat' dir='ltr'><strong>versiculum</strong></span> <span class='ocrx_word' id='word_1_743' title='bbox 753 5594 819 5648; x_wconf 76' lang='lat' dir='ltr'><strong>l3</strong></span> <span class='ocrx_word' id='word_1_744' title='bbox 861 5596 1043 5662; x_wconf 87' lang='lat' dir='ltr'><strong>capitis</strong></span> <span class='ocrx_word' id='word_1_745' title='bbox 1082 5610 1177 5649; x_wconf 87' lang='lat' dir='ltr'><strong>vut</strong></span> <span class='ocrx_word' id='word_1_746' title='bbox 1226 5594 1589 5667; x_wconf 71' lang='lat' dir='ltr'><strong>Apocalypsis&#39;]</strong></span> <span class='ocrx_word' id='word_1_747' title='bbox 1623 5609 1785 5665; x_wconf 87' lang='lat' dir='ltr'><strong>super</strong></span> 
     </span>
    </p>
   </div>
   <div class='ocr_carea' id='block_1_101' title="bbox 288 5789 1412 5861">
    <p class='ocr_par' dir='ltr' id='par_1_101' title="bbox 288 5789 1412 5861">
     <span class='ocr_line' id='line_1_101' title="bbox 288 5789 1412 5861; baseline 0.004 -16"><span class='ocrx_word' id='word_1_748' title='bbox 288 5789 328 5822; x_wconf 84' lang='lat'><strong>&quot;</strong></span> <span class='ocrx_word' id='word_1_749' title='bbox 358 5790 536 5848; x_wconf 80' lang='lat' dir='ltr'><strong>Ecclc.</strong></span> <span class='ocrx_word' id='word_1_750' title='bbox 569 5810 665 5859; x_wconf 87' lang='lat' dir='ltr'><strong>xu,</strong></span> <span class='ocrx_word' id='word_1_751' title='bbox 696 5796 745 5847; x_wconf 87' lang='lat'><strong>7.</strong></span> <span class='ocrx_word' id='word_1_752' title='bbox 827 5796 870 5826; x_wconf 84' lang='grc'><strong>⁵³</strong></span> <span class='ocrx_word' id='word_1_753' title='bbox 893 5794 1028 5851; x_wconf 83' lang='lat' dir='ltr'><strong>Psal.</strong></span> <span class='ocrx_word' id='word_1_754' title='bbox 1064 5810 1291 5861; x_wconf 75' lang='lat' dir='ltr'><strong>xxxvnt,</strong></span> <span class='ocrx_word' id='word_1_755' title='bbox 1326 5794 1412 5850; x_wconf 73' lang='lat' dir='ltr'><strong>i3.</strong></span> 
     </span>
    </p>
   </div>
   <div class='ocr_carea' id='block_1_102' title="bbox 1883 4588 3460 4658">
    <p class='ocr_par' dir='ltr' id='par_1_102' title="bbox 1883 4588 3460 4658">
     <span class='ocr_line' id='line_1_102' title="bbox 1883 4588 3460 4658; baseline -0.001 -12"><span class='ocrx_word' id='word_1_756' title='bbox 1883 4592 2055 4646; x_wconf 87' lang='lat' dir='ltr'><strong>ricum</strong></span> <span class='ocrx_word' id='word_1_757' title='bbox 2083 4592 2321 4646; x_wconf 87' lang='lat' dir='ltr'><strong>evasisse</strong></span> <span class='ocrx_word' id='word_1_758' title='bbox 2368 4590 2656 4654; x_wconf 91' lang='lat' dir='ltr'><strong>voluerint,</strong></span> <span class='ocrx_word' id='word_1_759' title='bbox 2709 4604 2770 4642; x_wconf 90' lang='lat' dir='ltr'><strong>ac</strong></span> <span class='ocrx_word' id='word_1_760' title='bbox 2832 4598 3016 4641; x_wconf 90' lang='lat' dir='ltr'><strong>nostra</strong></span> <span class='ocrx_word' id='word_1_761' title='bbox 3060 4588 3184 4642; x_wconf 92' lang='lat' dir='ltr'><strong>item</strong></span> <span class='ocrx_word' id='word_1_762' title='bbox 3233 4605 3460 4658; x_wconf 86' lang='lat' dir='ltr'><strong>corpora</strong></span> 
     </span>
    </p>
   </div>
   <div class='ocr_carea' id='block_1_103' title="bbox 1882 4675 3460 4751">
    <p class='ocr_par' dir='ltr' id='par_1_103' title="bbox 1882 4675 3460 4751">
     <span class='ocr_line' id='line_1_103' title="bbox 1882 4675 3460 4751; baseline 0.001 -18"><span class='ocrx_word' id='word_1_763' title='bbox 1882 4690 2007 4751; x_wconf 88' lang='lat' dir='ltr'><strong>post</strong></span> <span class='ocrx_word' id='word_1_764' title='bbox 2040 4680 2495 4735; x_wconf 89' lang='lat' dir='ltr'><strong>resurrectionem</strong></span> <span class='ocrx_word' id='word_1_765' title='bbox 2520 4682 2751 4732; x_wconf 84' lang='lat' dir='ltr'><strong>:etherea</strong></span> <span class='ocrx_word' id='word_1_766' title='bbox 2791 4675 2923 4742; x_wconf 74' lang='lat' dir='ltr'><strong>fore,</strong></span> <span class='ocrx_word' id='word_1_767' title='bbox 2960 4686 3011 4731; x_wconf 90' lang='lat' dir='ltr'><strong>et</strong></span> <span class='ocrx_word' id='word_1_768' title='bbox 3049 4675 3143 4749; x_wconf 70' lang='grc' dir='ltr'><strong>[ι]</strong></span> <span class='ocrx_word' id='word_1_769' title='bbox 3176 4680 3460 4745; x_wconf 73' lang='lat' dir='ltr'><strong>sphterica,</strong></span> 
     </span>
    </p>
   </div>
   <div class='ocr_carea' id='block_1_104' title="bbox 1889 4770 3460 4837">
    <p class='ocr_par' dir='ltr' id='par_1_104' title="bbox 1889 4770 3460 4837">
     <span class='ocr_line' id='line_1_104' title="bbox 1889 4770 3460 4837; baseline 0 -12"><span class='ocrx_word' id='word_1_770' title='bbox 1889 4772 1999 4825; x_wconf 91' lang='lat' dir='ltr'><strong>imo</strong></span> <span class='ocrx_word' id='word_1_771' title='bbox 2023 4773 2234 4825; x_wconf 89' lang='lat' dir='ltr'><strong>tandem</strong></span> <span class='ocrx_word' id='word_1_772' title='bbox 2266 4770 2620 4825; x_wconf 89' lang='lat' dir='ltr'><strong>substantiam</strong></span> <span class='ocrx_word' id='word_1_773' title='bbox 2671 4782 2955 4837; x_wconf 89' lang='lat' dir='ltr'><strong>corporum</strong></span> <span class='ocrx_word' id='word_1_774' title='bbox 3014 4770 3066 4822; x_wconf 84' lang='lat' dir='ltr'><strong>in</strong></span> <span class='ocrx_word' id='word_1_775' title='bbox 3108 4770 3331 4823; x_wconf 91' lang='lat' dir='ltr'><strong>nihilum</strong></span> <span class='ocrx_word' id='word_1_776' title='bbox 3363 4771 3460 4826; x_wconf 81' lang='lat' dir='ltr'><strong>ab-</strong></span> 
     </span>
    </p>
   </div>
   <div class='ocr_carea' id='block_1_105' title="bbox 1891 4858 3463 4928">
    <p class='ocr_par' dir='ltr' id='par_1_105' title="bbox 1891 4858 3463 4928">
     <span class='ocr_line' id='line_1_105' title="bbox 1891 4858 3463 4928; baseline -0.001 -13"><span class='ocrx_word' id='word_1_777' title='bbox 1891 4863 2087 4916; x_wconf 88' lang='lat' dir='ltr'><strong>ituram</strong></span> <span class='ocrx_word' id='word_1_778' title='bbox 2135 4862 2476 4925; x_wconf 87' lang='lat' dir='ltr'><strong>censuerint;</strong></span> <span class='ocrx_word' id='word_1_779' title='bbox 2534 4859 2664 4913; x_wconf 91' lang='lat' dir='ltr'><strong>nihil</strong></span> <span class='ocrx_word' id='word_1_780' title='bbox 2702 4858 2808 4913; x_wconf 87' lang='lat' dir='ltr'><strong>tale</strong></span> <span class='ocrx_word' id='word_1_781' title='bbox 2870 4874 3107 4928; x_wconf 90' lang='lat' dir='ltr'><strong>unquam</strong></span> <span class='ocrx_word' id='word_1_782' title='bbox 3142 4860 3193 4914; x_wconf 93' lang='lat' dir='ltr'><strong>in</strong></span> <span class='ocrx_word' id='word_1_783' title='bbox 3218 4861 3323 4915; x_wconf 93' lang='lat' dir='ltr'><strong>ullo</strong></span> <span class='ocrx_word' id='word_1_784' title='bbox 3372 4860 3463 4915; x_wconf 85' lang='lat' dir='ltr'><strong>Di-</strong></span> 
     </span>
    </p>
   </div>
   <div class='ocr_carea' id='block_1_106' title="bbox 1890 4953 3463 5026">
    <p class='ocr_par' dir='ltr' id='par_1_106' title="bbox 1890 4953 3463 5026">
     <span class='ocr_line' id='line_1_106' title="bbox 1890 4953 3463 5026; baseline 0.001 -17"><span class='ocrx_word' id='word_1_785' title='bbox 1890 4956 2037 5026; x_wconf 87' lang='lat' dir='ltr'><strong>dymi</strong></span> <span class='ocrx_word' id='word_1_786' title='bbox 2064 4970 2229 5023; x_wconf 87' lang='lat' dir='ltr'><strong>opere</strong></span> <span class='ocrx_word' id='word_1_787' title='bbox 2250 4956 2497 5010; x_wconf 84' lang='lat' dir='ltr'><strong>invenire</strong></span> <span class='ocrx_word' id='word_1_788' title='bbox 2518 4953 2664 5024; x_wconf 82' lang='lat' dir='ltr'><strong>potui</strong></span> <span class='ocrx_word' id='word_1_789' title='bbox 2694 4972 2707 5007; x_wconf 89' lang='lat'>:</span> <span class='ocrx_word' id='word_1_790' title='bbox 2738 4953 2867 5023; x_wconf 91' lang='lat' dir='ltr'><strong>quin</strong></span> <span class='ocrx_word' id='word_1_791' title='bbox 2895 4967 2925 5008; x_wconf 89' lang='lat' dir='ltr'><strong>e</strong></span> <span class='ocrx_word' id='word_1_792' title='bbox 2950 4955 3226 5009; x_wconf 87' lang='lat' dir='ltr'><strong>contrario</strong></span> <span class='ocrx_word' id='word_1_793' title='bbox 3248 4955 3299 5008; x_wconf 92' lang='lat' dir='ltr'><strong>in</strong></span> <span class='ocrx_word' id='word_1_794' title='bbox 3335 4955 3463 5010; x_wconf 91' lang='lat' dir='ltr'><strong>mul-</strong></span> 
     </span>
    </p>
   </div>
   <div class='ocr_carea' id='block_1_107' title="bbox 1890 5046 3464 5117">
    <p class='ocr_par' dir='ltr' id='par_1_107' title="bbox 1890 5046 3464 5117">
     <span class='ocr_line' id='line_1_107' title="bbox 1890 5046 3464 5117; baseline 0.001 -16"><span class='ocrx_word' id='word_1_795' title='bbox 1890 5056 1943 5101; x_wconf 89' lang='lat' dir='ltr'><strong>ta</strong></span> <span class='ocrx_word' id='word_1_796' title='bbox 1981 5047 2144 5102; x_wconf 92' lang='lat' dir='ltr'><strong>incidi</strong></span> <span class='ocrx_word' id='word_1_797' title='bbox 2183 5046 2321 5113; x_wconf 88' lang='lat' dir='ltr'><strong>loca,</strong></span> <span class='ocrx_word' id='word_1_798' title='bbox 2355 5048 2555 5117; x_wconf 88' lang='lat' dir='ltr'><strong>quibus</strong></span> <span class='ocrx_word' id='word_1_799' title='bbox 2591 5046 2725 5101; x_wconf 91' lang='lat' dir='ltr'><strong>satis</strong></span> <span class='ocrx_word' id='word_1_800' title='bbox 2759 5054 2943 5116; x_wconf 89' lang='lat' dir='ltr'><strong>aperte</strong></span> <span class='ocrx_word' id='word_1_801' title='bbox 2969 5061 3029 5102; x_wconf 85' lang='lat' dir='ltr'><strong>se</strong></span> <span class='ocrx_word' id='word_1_802' title='bbox 3052 5047 3331 5102; x_wconf 74' lang='lat' dir='ltr'><strong>catholica.-</strong></span> <span class='ocrx_word' id='word_1_803' title='bbox 3360 5048 3464 5102; x_wconf 85' lang='lat' dir='ltr'><strong>Ec-</strong></span> 
     </span>
    </p>
   </div>
   <div class='ocr_carea' id='block_1_108' title="bbox 1889 5136 3463 5208">
    <p class='ocr_par' dir='ltr' id='par_1_108' title="bbox 1889 5136 3463 5208">
     <span class='ocr_line' id='line_1_108' title="bbox 1889 5136 3463 5208; baseline 0.001 -16"><span class='ocrx_word' id='word_1_804' title='bbox 1889 5137 2071 5192; x_wconf 88' lang='lat' dir='ltr'><strong>clesiae</strong></span> <span class='ocrx_word' id='word_1_805' title='bbox 2130 5137 2435 5193; x_wconf 91' lang='lat' dir='ltr'><strong>doctrinam</strong></span> <span class='ocrx_word' id='word_1_806' title='bbox 2483 5138 2632 5205; x_wconf 87' lang='lat' dir='ltr'><strong>sequi</strong></span> <span class='ocrx_word' id='word_1_807' title='bbox 2692 5137 2914 5193; x_wconf 90' lang='lat' dir='ltr'><strong>indicat.</strong></span> <span class='ocrx_word' id='word_1_808' title='bbox 2994 5136 3173 5193; x_wconf 91' lang='lat' dir='ltr'><strong>Unum</strong></span> <span class='ocrx_word' id='word_1_809' title='bbox 3231 5139 3463 5208; x_wconf 76' lang='lat' dir='ltr'><strong>exempli</strong></span> 
     </span>
    </p>
   </div>
   <div class='ocr_carea' id='block_1_109' title="bbox 1888 5227 3467 5299">
    <p class='ocr_par' dir='ltr' id='par_1_109' title="bbox 1888 5227 3467 5299">
     <span class='ocr_line' id='line_1_109' title="bbox 1888 5227 3467 5299; baseline 0 -15"><span class='ocrx_word' id='word_1_810' title='bbox 1888 5245 2048 5284; x_wconf 89' lang='lat' dir='ltr'><strong>causa</strong></span> <span class='ocrx_word' id='word_1_811' title='bbox 2079 5228 2299 5299; x_wconf 86' lang='lat' dir='ltr'><strong>profero</strong></span> <span class='ocrx_word' id='word_1_812' title='bbox 2355 5244 2421 5283; x_wconf 91' lang='lat' dir='ltr'><strong>ex</strong></span> <span class='ocrx_word' id='word_1_813' title='bbox 2469 5228 2802 5283; x_wconf 85' lang='lat' dir='ltr'><strong>Corderiana</strong></span> <span class='ocrx_word' id='word_1_814' title='bbox 2833 5240 3027 5284; x_wconf 88' lang='lat' dir='ltr'><strong>catena</strong></span> <span class='ocrx_word' id='word_1_815' title='bbox 3077 5231 3131 5282; x_wconf 88' lang='lat' dir='ltr'><strong>in</strong></span> <span class='ocrx_word' id='word_1_816' title='bbox 3182 5227 3467 5284; x_wconf 79' lang='lat' dir='ltr'><strong>Joannem.</strong></span> 
     </span>
    </p>
   </div>
   <div class='ocr_carea' id='block_1_110' title="bbox 1884 5320 3471 5391">
    <p class='ocr_par' dir='ltr' id='par_1_110' title="bbox 1884 5320 3471 5391">
     <span class='ocr_line' id='line_1_110' title="bbox 1884 5320 3471 5391; baseline -0.001 -15"><span class='ocrx_word' id='word_1_817' title='bbox 1884 5322 2071 5376; x_wconf 77' lang='lat' dir='ltr'><strong>Exstat</strong></span> <span class='ocrx_word' id='word_1_818' title='bbox 2104 5337 2231 5375; x_wconf 87' lang='lat' dir='ltr'><strong>vero</strong></span> <span class='ocrx_word' id='word_1_819' title='bbox 2264 5336 2385 5391; x_wconf 89' lang='lat' dir='ltr'><strong>pag.</strong></span> <span class='ocrx_word' id='word_1_820' title='bbox 2418 5320 2536 5383; x_wconf 74' lang='grc'><strong>159,</strong></span> <span class='ocrx_word' id='word_1_821' title='bbox 2591 5321 2679 5375; x_wconf 82' lang='lat' dir='ltr'><strong>ubi</strong></span> <span class='ocrx_word' id='word_1_822' title='bbox 2723 5321 3011 5390; x_wconf 89' lang='lat' dir='ltr'><strong>exponitur</strong></span> <span class='ocrx_word' id='word_1_823' title='bbox 3073 5320 3372 5375; x_wconf 80' lang='lat' dir='ltr'><strong>versiculus</strong></span> <span class='ocrx_word' id='word_1_824' title='bbox 3398 5321 3471 5375; x_wconf 73' lang='lat'><strong>29</strong></span> 
     </span>
    </p>
   </div>
   <div class='ocr_carea' id='block_1_111' title="bbox 1885 5412 3471 5485">
    <p class='ocr_par' dir='ltr' id='par_1_111' title="bbox 1885 5412 3471 5485">
     <span class='ocr_line' id='line_1_111' title="bbox 1885 5412 3471 5485; baseline -0.001 -17"><span class='ocrx_word' id='word_1_825' title='bbox 1885 5416 2057 5485; x_wconf 91' lang='lat' dir='ltr'><strong>quinti</strong></span> <span class='ocrx_word' id='word_1_826' title='bbox 2092 5413 2415 5482; x_wconf 87' lang='lat' dir='ltr'><strong>capitis,qui</strong></span> <span class='ocrx_word' id='word_1_827' title='bbox 2450 5423 2530 5466; x_wconf 89' lang='lat' dir='ltr'><strong>est</strong></span> <span class='ocrx_word' id='word_1_828' title='bbox 2566 5412 2909 5481; x_wconf 86' lang='lat' dir='ltr'><strong>huiusmodi:</strong></span> <span class='ocrx_word' id='word_1_829' title='bbox 2945 5412 3135 5468; x_wconf 86' lang='lat' dir='ltr'><strong>Omnes</strong></span> <span class='ocrx_word' id='word_1_830' title='bbox 3156 5413 3319 5480; x_wconf 90' lang='lat' dir='ltr'><strong>quiin</strong></span> <span class='ocrx_word' id='word_1_831' title='bbox 3356 5429 3471 5467; x_wconf 89' lang='lat' dir='ltr'><strong>mo-</strong></span> 
     </span>
    </p>
   </div>
   <div class='ocr_carea' id='block_1_112' title="bbox 1887 5488 3467 5578">
    <p class='ocr_par' dir='ltr' id='par_1_112' title="bbox 1887 5488 3467 5578">
     <span class='ocr_line' id='line_1_112' title="bbox 1887 5488 3467 5578; baseline -0.001 -18"><span class='ocrx_word' id='word_1_832' title='bbox 1887 5508 2139 5560; x_wconf 85' lang='lat' dir='ltr'><strong>numentis</strong></span> <span class='ocrx_word' id='word_1_833' title='bbox 2168 5516 2307 5566; x_wconf 85' lang='lat' dir='ltr'><strong>sunt,</strong></span> <span class='ocrx_word' id='word_1_834' title='bbox 2340 5505 2553 5558; x_wconf 84' lang='lat' dir='ltr'><strong>audient</strong></span> <span class='ocrx_word' id='word_1_835' title='bbox 2609 5521 2776 5558; x_wconf 84' lang='lat' dir='ltr'><strong>vocent</strong></span> <span class='ocrx_word' id='word_1_836' title='bbox 2811 5503 2943 5559; x_wconf 85' lang='lat' dir='ltr'><strong>Filii</strong></span> <span class='ocrx_word' id='word_1_837' title='bbox 2978 5506 3091 5561; x_wconf 88' lang='lat' dir='ltr'><strong>Dei.</strong></span> <span class='ocrx_word' id='word_1_838' title='bbox 3134 5488 3467 5578; x_wconf 82' lang='lat' dir='ltr'><strong>Didymiau-</strong></span> 
     </span>
    </p>
   </div>
   <div class='ocr_carea' id='block_1_113' title="bbox 1888 5596 3463 5665">
    <p class='ocr_par' dir='ltr' id='par_1_113' title="bbox 1888 5596 3463 5665">
     <span class='ocr_line' id='line_1_113' title="bbox 1888 5596 3463 5665; baseline -0.001 -14"><span class='ocrx_word' id='word_1_839' title='bbox 1888 5606 1997 5652; x_wconf 87' lang='lat' dir='ltr'><strong>tem</strong></span> <span class='ocrx_word' id='word_1_840' title='bbox 2023 5599 2181 5652; x_wconf 88' lang='lat' dir='ltr'><strong>verba</strong></span> <span class='ocrx_word' id='word_1_841' title='bbox 2218 5596 2406 5651; x_wconf 87' lang='lat' dir='ltr'><strong>Latine</strong></span> <span class='ocrx_word' id='word_1_842' title='bbox 2432 5613 2460 5651; x_wconf 90' lang='lat' dir='ltr'><strong>a</strong></span> <span class='ocrx_word' id='word_1_843' title='bbox 2501 5597 2758 5653; x_wconf 59' lang='grc' dir='ltr'><strong>(Σοί-κιαι·ἰο</strong></span> <span class='ocrx_word' id='word_1_844' title='bbox 2792 5598 2869 5652; x_wconf 89' lang='lat' dir='ltr'><strong>sic</strong></span> <span class='ocrx_word' id='word_1_845' title='bbox 2894 5612 3051 5653; x_wconf 76' lang='lat' dir='ltr'><strong>versa</strong></span> <span class='ocrx_word' id='word_1_846' title='bbox 3088 5608 3254 5655; x_wconf 89' lang='lat' dir='ltr'><strong>sunt:</strong></span> <span class='ocrx_word' id='word_1_847' title='bbox 3295 5597 3463 5665; x_wconf 86' lang='lat' dir='ltr'><strong>Illud,</strong></span> 
     </span>
    </p>
   </div>
   <div class='ocr_carea' id='block_1_114' title="bbox 1491 5794 2514 5866">
    <p class='ocr_par' dir='ltr' id='par_1_114' title="bbox 1491 5794 2514 5866">
     <span class='ocr_line' id='line_1_114' title="bbox 1491 5794 2514 5866; baseline 0.001 -17"><span class='ocrx_word' id='word_1_848' title='bbox 1491 5795 1534 5827; x_wconf 78' lang='lat'><strong>“</strong></span> <span class='ocrx_word' id='word_1_849' title='bbox 1566 5794 1705 5851; x_wconf 87' lang='lat' dir='ltr'><strong>Psal.</strong></span> <span class='ocrx_word' id='word_1_850' title='bbox 1730 5810 1875 5865; x_wconf 83' lang='lat' dir='ltr'><strong>cxtx,</strong></span> <span class='ocrx_word' id='word_1_851' title='bbox 1994 5796 2038 5827; x_wconf 82' lang='grc'><strong>⁸⁵</strong></span> <span class='ocrx_word' id='word_1_852' title='bbox 2071 5795 2265 5866; x_wconf 85' lang='lat' dir='ltr'><strong>Ephes.</strong></span> <span class='ocrx_word' id='word_1_853' title='bbox 2304 5814 2339 5862; x_wconf 80' lang='grc' dir='ltr'><strong>ι,</strong></span> <span class='ocrx_word' id='word_1_854' title='bbox 2378 5797 2431 5864; x_wconf 65' lang='lat'><strong>4,</strong></span> 
     </span>
    </p>
   </div>
  </div>
