3970 6406
458 288 559 348 190

1908 283 2074 338 DED

2184 281 2293 338 ’ΜΟ
3637 270 3702 326 ΞΟ

457 426 479 462 ι
515 409 706 462 Omnes
745 408 834 478 qui
891 409 947 461 in
987 406 1334 460 monumentis
1371 415 1514 470 sunt,
1542 424 1558 456 ι
1598 404 1732 457 idem
1786 411 1862 455 est
1904 419 1966 453 ac
2005 401 2050 454 si
2082 410 2130 467 Α
2159 402 2314 454 modo
2337 399 2606 468 deposna,
2655 413 2719 452 ac
2753 397 2967 451 demum
3019 397 3216 451 iterum
3258 402 3542 463 assumpta
3571 392 3624 446 in
3652 408 3729 447 re-

459 500 637 553 dicat:
673 498 867 552 Omnes
893 500 1104 552 mortui.
1129 498 1374 567 Alioquin
1405 499 1540 550 enim
1585 512 1765 548 eorum
1793 494 1936 562 quia
1972 495 2051 562 [τι-

461 593 530 644 ris
551 594 723 660 igneve
747 592 1040 658 consumpti
1080 600 1225 654 sunt,
1275 605 1495 658 corpora
1547 603 1647 640 non
1706 595 2050 654 resurgerent.

477 678 662 733 Verum
691 679 1112 750 quandoquidem
1149 679 1382 731 ontninm
1424 677 1727 729 mortalium
1763 675 1944 743 futura
1987 676 2054 726 sit

464 772 796 836 resurrectio,
847 771 923 823 illi
975 772 1133 823 etiam
1181 784 1386 832 eorum,
1421 769 1510 838 qui
1574 767 1628 819 in
1689 766 2056 819 monumentis

466 876 611 926 Sunt,
639 879 853 916 numero
894 863 1156 915 censendi.
1195 861 1347 926 Quod
1373 861 1417 913 si
1446 859 1821 912 contentiosius
1849 869 2059 910 contra-

467 952 666 1014 dicunt,
699 951 964 1003 sciendum
995 951 1080 1016 iis,
1124 951 1256 1002 sicut
1302 950 1390 1019 qui
1436 948 1568 1001 bona
1606 947 1848 1018 malaque
1869 963 2056 1013 perpe—

472 1053 700 1109 trarunt,
733 1059 835 1095 non
860 1055 978 1096 sunt
1007 1059 1252 1108 corpora,
1277 1058 1392 1110 qua:
1422 1042 1475 1092 in
1507 1041 1854 1093 monumentis
1877 1053 2059 1092 recon-

471 1137 582 1188 dita
609 1144 750 1198 sunt,
783 1137 855 1187 sic
886 1151 1047 1204 neque
1084 1132 1304 1187 Verbum
1341 1133 1724 1201 prohibiturum
1755 1134 1892 1200 ipsos
1932 1150 2064 1201 quo-

474 1228 644 1280 minus
679 1242 895 1290 corpora
940 1244 1033 1278 sua
1067 1227 1172 1294 igni
1224 1226 1390 1276 aliave
1436 1225 1638 1277 ratione
1684 1225 1956 1292 absumpta
1984 1239 2064 1277 re-

480 1329 710 1370 sumont.
739 1319 874 1384 Quid
907 1318 1149 1372 clarius?
1197 1315 1311 1370 Non
1345 1317 1598 1380 auberea,
1643 1331 1748 1369 non
1796 1316 2061 1383 Sphzerica

475 1419 850 1478 assumpturos
881 1425 980 1462 nos
1017 1424 1139 1462 esse
1165 1409 1293 1462 dicit
1326 1423 1572 1476 corpora,
1631 1407 1724 1461 scd
1768 1407 1836 1459 τὰ
1865 1407 1996 1477 πυρὶ
2027 1405 2060 1477 ἢ

476 1499 650 1563 ἄλλως
679 1499 1049 1567 ἀναλωθέντα,
1100 1501 1150 1554 id
1179 1511 1264 1554 est
1297 1516 1356 1553 ea
1391 1501 1504 1569 ipsa
1545 1515 1666 1568 quae
1709 1511 1838 1554 ante
1861 1503 2063 1553 obitum

476 1595 836 1655 habebamus,
865 1593 968 1647 etsi
1007 1595 1143 1646 torte
1180 1593 1250 1645 ab
1283 1593 1430 1662 igne,
1468 1602 1563 1645 aut
1595 1591 1700 1646 alia
1746 1604 2067 1646 ouacuneue

481 1687 694 1740 ratione
717 1687 1004 1751 absumpta
1043 1684 1266 1738 fuerint.

2157 508 2218 546 Sil
2230 503 2519 545 l'l'€(‘l|0ll8.

2228 581 2331 635 Sed
2361 581 2534 650 pergit
2557 580 2698 650 loqui
2726 580 2985 651 Didymus
3011 581 3064 634 in
3095 583 3238 634 hunc
3262 580 3476 632 modum
3504 595 3518 631 :
3543 577 3602 632 Si
3629 579 3744 645 quis

2155 690 2275 727 vero
2302 676 2411 726 hare
2439 690 2503 726 ea:
2550 689 2772 741 persona
2802 672 3022 725 Ilavidis
3061 672 3166 724 dici
3227 672 3498 739 opinatur,
3541 671 3744 722 desinat

2157 783 2266 818 sese
2295 764 2672 832 simpliciorum
2695 765 2962 817 sententia:
2985 765 3048 817 de
3073 763 3448 816 resurrectione
3471 777 3744 829 opponere.

2162 858 2410 923 Quamvis
2433 859 2566 910 enim
2594 856 2648 909 hi
2687 857 3045 909 demonstrare
3074 860 3142 909 ad
3186 854 3394 908 oculum
3426 871 3526 907 non
3553 856 3746 920 possint

2159 948 2299 1016 quod
2328 949 2585 1009 credunt;
2641 946 2725 1011 pie
2768 954 2942 998 tamen
2989 962 3042 998 se
3068 954 3277 1013 gerunt,
3307 961 3422 998 cum
3453 947 3604 997 aiunt
3631 961 3751 996 car—

2162 1056 2276 1092 nem
2326 1055 2615 1107 resurgere,
2657 1049 2708 1090 ut
2743 1037 2978 1106 spiritale
3031 1046 3079 1092 et
3115 1037 3508 1104 incorruptibile
3563 1054 3749 1104 corpus

2162 1133 2258 1184 sit.
2292 1131 2422 1182 sicut
2456 1131 2591 1182 enint
2615 1141 2852 1181 mortuus
2883 1131 2972 1197 qui
2996 1130 3242 1197 resurgit,
3263 1142 3375 1197 post
3413 1132 3752 1183 resurrectio-

2166 1239 2282 1274 nem
2306 1223 2449 1275 vivus
2478 1229 2574 1286 est,
2601 1237 2701 1273 non
2729 1237 2846 1274 vero
2871 1230 3111 1274 mortuus
3127 1238 3147 1285 ;
3174 1223 3245 1274 ita
3268 1239 3391 1276 caro
3442 1223 3751 1276 resuscitata

2164 1325 2278 1381 post
2311 1313 2744 1364 resurrectionem
2777 1311 3016 1377 spiritale
3063 1323 3108 1365 et
3143 1313 3540 1381 incorruptibile
3563 1328 3752 1381 corpus

2166 1410 2271 1456 est.
2303 1401 2439 1454 Huic
2475 1412 2653 1455 autem
2684 1403 2803 1453 loco
2829 1416 2932 1453 non
2959 1401 3234 1456 dissimilis
3266 1415 3348 1455 est
3386 1403 3541 1466 alter,
3578 1403 3668 1470 qui
3703 1406 3754 1456 in

2166 1495 2428 1547 extremis
2461 1493 2903 1546 enarrationibus
2949 1493 3163 1559 legitur,
3217 1505 3268 1548 et
3300 1506 3385 1548 est
3418 1495 3750 1558 lmjnsmodi.

2173 1605 2191 1635 ι
2217 1584 2488 1654 Scriptum
2512 1601 2742 1656 namque
2757 1588 2822 1642 de
2849 1587 3150 1654 hujusmodi
3176 1587 3336 1654 justis
3358 1597 3436 1639 est
3459 1588 3619 1654 (Dan.
3637 1602 3755 1652 χιιι,

2168 1675 2264 1743 5);
2301 1674 2599 1746 Fulgebunt
2651 1677 2786 1730 sicut
2817 1679 3030 1730 claritas
3083 1677 3422 1746 firmamenti,
3462 1686 3511 1729 et
3566 1677 3759 1730 intelli-

561 1775 814 1846 Superest
848 1776 1029 1845 itaque
1055 1784 1288 1839 tantum,
1322 1781 1382 1827 ut
1405 1773 1612 1841 potiora
1640 1773 1884 1842 quaedam
1914 1774 2078 1843 Didy-
2111 1774 2152 1830 Β
2179 1780 2354 1840 gentes
2401 1781 2550 1822 erunt
2584 1772 2716 1823 sicut
2745 1781 2910 1824 astra.
2965 1769 3256 1840 Propterea
3298 1786 3530 1839 namque
3583 1771 3756 1824 sancti

483 1868 555 1921 mi
587 1869 702 1920 loca
757 1867 943 1921 lectori
977 1867 1296 1930 exhibeam,
1324 1874 1382 1918 ut
1408 1864 1655 1934 judicare
1683 1874 1867 1931 rueat,
1898 1877 2078 1921 utrum

483 1960 782 2014 orthodoxa
817 1959 944 2022 sint,
979 1971 1168 2012 necne.

553 2051 794 2105 Primum
831 2051 1056 2104 desumo
1081 2063 1147 2104 ex
1179 2047 1382 2102 Niceta:
1407 2057 1598 2102 catena
1625 2049 1679 2101 in
1705 2045 1922 2114 Jobum,
1951 2062 2076 2118 pag.

487 2141 610 2203 187,
646 2141 838 2194 (ἶνεξιεει
895 2151 1076 2195 tamen
1110 2139 1274 2194 verba
1337 2139 1595 2193 omittens
1623 2139 1907 2194 brevitatis
1924 2155 2062 2210 ergo

487 2249 552 2288 ac
581 2248 644 2286 ea
675 2231 866 2286 Latine
901 2241 1138 2298 tantum,
1182 2232 1276 2285 sed
1323 2230 1576 2296 ﬁdeliter,
1628 2241 1681 2284 et
1707 2232 1774 2285 ad
1805 2232 2023 2286 verbum
2049 2247 2079 2284 a

488 2341 574 2379 me
597 2337 854 2379 conversa
888 2323 1142 2378 atterens.
1192 2323 1442 2391 Explicat
1489 2323 1559 2377 ibi
1593 2324 1848 2395 Didymus
1877 2340 2077 2378 nonum

490 2419 869 2487 decimamque
905 2417 1233 2471 versiculum
1270 2417 1484 2486 septimi
1534 2418 1750 2485 capitis,
1781 2419 1866 2471 ubi
1893 2417 2078 2472 Graeca

492 2511 773 2566 translatio
821 2512 933 2564 haec
971 2510 1133 2564 habet
1186 2527 1199 2563 :
1245 2509 1306 2564 Si
1328 2511 1465 2562 enint
1491 2511 1644 2562 homo
1680 2511 1998 2564 descenderit
2024 2511 2077 2563 in

491 2599 779 2668 infernum,
820 2617 921 2653 non
954 2600 1176 2669 amplius
1201 2598 1463 2663 ascendet,
1514 2615 1675 2669 neque
1721 2610 1999 2652 revertetur
2024 2601 2078 2652 in

492 2692 760 2760 propriam
798 2691 1032 2753 domum,
1083 2705 1244 2760 neque
1269 2698 1512 2757 agnoscet
1539 2705 1654 2741 eum
1691 2689 1912 2755 amplius
1933 2689 2078 2742 locus

493 2784 629 2852 ejus.
669 2783 799 2850 Qua:
828 2783 954 2836 dum
994 2784 1237 2850 exponit,
1273 2783 1351 2836 sic
1395 2781 1631 2849 loquitur
1665 2798 1678 2832 :
1709 2781 1815 2835 Alii
1856 2799 1972 2835 vero
2003 2785 2080 2835 di-

494 2886 614 2929 cunt
644 2890 662 2928 :
695 2874 819 2927 Non
845 2886 898 2926 ut
943 2886 1084 2943 neget
1114 2876 1542 2928 resurrectionem
1598 2871 1830 2944 (Jolms),
1861 2875 1971 2926 ha'c
1998 2874 2079 2926 di-

497 2975 564 3022 cit
594 2983 612 3021 :
643 2967 732 3021 sed
764 2969 838 3020 ita
876 2968 1112 3035 loquitur
1142 2969 1368 3036 primum
1401 2968 1606 3036 quidem
1653 2977 1708 3017 ut
1734 2965 1965 3018 homines
1991 2982 2080 3017 ca-

497 3061 658 3113 ducos
693 3076 804 3112 esse
826 3074 886 3110 ac
909 3059 1102 3111 debiles
1129 3063 1366 3110 ostendat
1400 3071 1418 3110 :
1450 3057 1636 3109 deinde
1657 3057 1782 3124 quia
1809 3057 1895 3124 qui
1923 3055 2078 3107 semel

2183 1872 2530 1932 resurgentes
2569 1879 2598 1915 a
2648 1863 2874 1918 mortuis
2937 1878 3060 1918 cum
3097 1863 3493 1930 illCOl‘t‘llplibiil
3533 1872 3587 1916 et
3642 1864 3758 1931 spi-

2183 1954 2360 2007 rituali
2407 1969 2656 2023 corpore,
2704 1953 2835 2009 solis
2885 1963 2939 2008 et
2985 1955 3143 2019 lunae,
3181 1966 3233 2008 et
3288 1955 3524 2009 siderum
3576 1955 3761 2025 gloriae

2183 2057 2587 2114 comparantur.
2614 2065 2633 2098 ι
2695 2045 2857 2102 Hisce
2907 2059 3088 2102 autem
3123 2048 3175 2101 in
3223 2047 3355 2102 locis
3380 2047 3490 2119 [LI]
3522 2050 3646 2101 dum
3676 2063 3750 2104 re-

2183 2141 2519 2210 surgentium
2586 2155 2812 2209 corpora
2900 2141 3161 2210 spiritalia
3229 2153 3275 2195 et
3336 2141 3761 2208 incorruptibilia

2190 2244 2372 2298 vocat,
2399 2233 2618 2301 respicit
2648 2238 2764 2288 sine
2811 2235 2974 2287 dubio
3020 2233 3170 2287 Pauli
3205 2235 3363 2287 verba
3405 2252 3418 2287 :
3458 2234 3762 2287 Seminatnr

2183 2341 2372 2393 corpus
2407 2326 2656 2388 animale,
2706 2335 2936 2394 resurget
2961 2342 3148 2394 corpus
3175 2328 3406 2393 spiritale
3421 2327 3489 2383 ⁵⁸.
3518 2327 3761 2397 Itemque

2183 2415 2274 2469 illa
2311 2433 2324 2469 :
2363 2416 2426 2468 Et
2455 2418 2647 2470 mortui
2681 2425 2951 2486 resurgeut
2976 2416 3266 2487 incorrupti
3297 2419 3365 2473 ⁵⁷.

2254 2507 2626 2578 Suspicionem
2677 2519 2858 2563 tamen
2905 2509 3088 2575 alicui,
3122 2526 3187 2564 ne
3230 2511 3358 2578 quid
3399 2511 3757 2578 dissimn.em,

2183 2614 2400 2654 movere
2438 2609 2613 2667 potest
2638 2601 2778 2668 quod
2813 2616 3024 2654 carnem
3048 2616 3076 2653 a
3111 2617 3328 2669 corpore
3363 2603 3525 2656 veluti
3562 2603 3761 2657 distin-

2181 2706 2344 2760 gnere
2369 2692 2610 2746 videatur
2642 2692 2918 2763 Didymus,
2949 2697 3073 2747 dum
3105 2696 3201 2762 ait,
3234 2711 3443 2748 carnem
3469 2713 3757 2766 resurgere,

2182 2794 2236 2836 ut
2287 2783 2523 2851 spiritale
2573 2792 2624 2836 et
2679 2784 3074 2853 incorruptibile
3120 2803 3308 2854 corpus
3366 2789 3454 2840 sit.
3496 2787 3760 2843 Jonnnem

2181 2877 2324 2929 enim
2355 2875 2870 2947 Jerosolymitanum
2903 2879 3181 2948 redarguit
3222 2879 3600 2950 Hieronymus,
3620 2879 3765 2949 quod

2182 2969 2247 3022 de
2285 2977 2619 3022 mortuorum
2657 2971 3054 3025 resurrectione
3107 2972 3349 3040 loquens,
3380 2975 3630 3040 corporis,
3655 2990 3762 3027 non

2183 3059 2351 3111 carnis
2381 3060 2644 3114 vocabulo
2675 3077 2806 3116 usus
2838 3073 2985 3116 esset
3014 3080 3026 3115 :
3063 3079 3127 3116 ex
3169 3079 3279 3132 quo
3314 3066 3496 3127 infert,
3530 3081 3650 3118 eum
3693 3068 3763 3120 de

497 3162 731 3204 mortuus
758 3163 852 3212 est,
880 3151 932 3202 in
963 3149 1096 3202 hanc
1129 3149 1517 3218 corruptibtlem
1545 3150 1706 3200 vitam
1730 3164 1830 3200 non
1861 3159 2076 3200 reverte-
2103 3145 2144 3199 C
2181 3151 2577 3204 resurrectione
2636 3153 2775 3205 idem
2825 3170 2947 3207 cum
3006 3153 3235 3225 Origene
3305 3159 3565 3212 sensisse.
3615 3160 3766 3225 Alia,

499 3253 605 3308 tur,
641 3259 799 3313 neque
825 3243 1103 3310 quisquant
1134 3241 1301 3306 ipsum
1353 3241 1542 3294 videbit
1583 3257 1642 3293 ea
1670 3240 2081 3308 [acientemqute

501 3337 672 3404 facere
697 3343 1057 3388 consueverat.
1086 3333 1273 3403 Itaque
1294 3335 1457 3386 verbis
1488 3334 1616 3395 illis,
1663 3351 1680 3383 ε
1709 3331 1829 3385 Non
1858 3335 2080 3400 amplius

500 3429 740 3481 ascendet
765 3442 829 3480 ea:
861 3425 1086 3492 inferno,
1114 3442 1134 3477 ι
1190 3424 1557 3494 conjungenda
1600 3433 1718 3476 sunt
1767 3427 1917 3476 verba
1947 3423 2079 3488 lucc,

508 3539 526 3572 ι
557 3519 621 3572 In
650 3519 914 3586 prOpriam
978 3518 1190 3570 domum
1236 3533 1338 3569 non
1389 3527 1690 3569 revertetur.
1718 3534 1736 3566 ι
1788 3513 1858 3568 Ut
1901 3532 2081 3569 sensus

501 3614 564 3667 sit
590 3628 610 3666 :
633 3610 878 3680 Itesurget
902 3610 1130 3681 quidem,
1189 3625 1292 3662 non
1323 3618 1602 3662 revertetur
1640 3618 1811 3661 tamen
1853 3607 2082 3660 insuam

501 3699 733 3753 domum.
764 3697 866 3752 Sed
906 3697 1189 3767 probabilis
1210 3699 1418 3767 quidem
1456 3711 1526 3750 est
1551 3697 1661 3750 Ita'c
1690 3698 2080 3766 interpretatio;

502 3791 670 3846 verior
713 3802 888 3843 autem
945 3799 1019 3843 est
1071 3791 1217 3857 prior
1258 3789 1374 3852 illa,
1422 3789 1561 3857 quod
1593 3804 1772 3856 nempe
1811 3789 2081 3858 ignorabat

500 3884 676 3951 iustus
702 3881 911 3951 (Jobus)
959 3895 1075 3952 qua:
1102 3881 1355 3948 pertinent
1404 3882 1471 3933 ad
1525 3881 1975 3934 resurrectionem.
2006 3879 2083 3934 lta

504 3972 784 4044 Didymus,
818 3971 970 4036 nihil,
1001 3981 1058 4024 ut
1091 3972 1305 4040 opinor,
1345 3970 1638 4036 all‘trmans,
1666 3973 1805 4042 quod
1829 3971 2084 4026 Ecclesia:

505 4065 767 4118 doctrinm
814 4065 878 4116 de
925 4077 1216 4130 corporum
1273 4062 1669 4118 resurrectione
1718 4065 2080 4118 adversetur:

503 4158 605 4211 etsi
633 4171 696 4210 ex
727 4155 956 4218 duabus,
984 4169 1119 4222 quas
1147 4153 1368 4216 indicat,
1399 4153 1932 4222 interpretationibus
1961 4169 2082 4210 eam

509 4247 766 4316 amplecti
802 4247 1072 4311 videatur,
1097 4260 1217 4314 quae
1252 4245 1429 4298 minus
1461 4247 1756 4314 probabilis
1779 4257 1882 4300 est.

576 4339 729 4393 Alter
778 4339 932 4392 locus
981 4337 1178 4407 legitur
1208 4347 1338 4390 tom.
1365 4335 1428 4390 IV
1461 4338 1846 4391 Anecdotorum
1880 4337 2078 4392 Wollii.

505 4430 676 4486 Alfert
727 4433 797 4485 ibi
851 4431 1109 4502 Didymus
1155 4446 1220 4485 ex
1280 4446 1423 4485 vers.
1472 4428 1543 4484 26
1590 4431 1785 4499 capitis
1831 4447 1869 4486 tt
1920 4433 2085 4485 Acto-

508 4540 626 4577 rum
685 4521 844 4575 vcrba
901 4522 1093 4575 Psaltis
1135 4542 1148 4578 :
1199 4505 1424 4585 Insuper
1459 4532 1506 4575 et
1553 4539 1675 4576 caro
1725 4539 1837 4576 mea
1887 4524 2087 4593 requie-

507 4623 612 4668 scet
637 4612 770 4680 (sive
796 4612 1074 4680 habitabit)
1104 4612 1156 4666 in
1194 4627 1282 4677 spe
1306 4625 1325 4664 :
1356 4627 1466 4664 tum
1502 4612 1614 4665 lucc
1637 4612 1931 4681 subjungit,
1966 4629 2086 4682 quae

509 4703 690 4758 Wollii
725 4703 1131 4756 translationem
1157 4719 1185 4756 a
1221 4717 1306 4756 me
1337 4704 1532 4758 alicubi
1572 4703 1800 4758 ﬁdeliter
1828 4707 2086 4759 emenda-

508 4808 614 4849 tam
653 4811 886 4865 sequens
939 4795 1127 4850 altero.
1191 4795 1454 4862 Quoniam
1507 4795 1683 4860 Jesus,
1727 4797 1784 4850 in
1832 4808 2085 4865 quantum

506 4903 724 4943 mortem
757 4891 936 4952 subiit,
991 4905 1222 4952 carnem,
1271 4905 1428 4954 quam
1484 4889 1671 4942 salutis
1699 4899 1892 4945 nostra:
1923 4907 2084 4945 causa

508 4990 880 5046 assumpserat,
906 4979 1168 5044 deposuit,
1199 4990 1252 5031 ut
1283 4995 1395 5032 eam
1423 4981 1575 5032 tertia
1607 4979 1692 5031 die
1717 4993 1782 5032 ex
1812 4989 1974 5031 morte
1999 4995 2083 5032 re-

509 5073 818 5134 suscitaret;
869 5072 1053 5125 merito
1082 5073 1216 5125 hanc
1238 5072 1318 5124 sui
1353 5072 1514 5141 ipsius
1555 5088 1760 5124 carnem
1790 5071 1842 5123 in
1877 5087 1964 5138 spe
1991 5071 2086 5124 ha-

506 5166 698 5225 bitasse
720 5166 876 5229 dicit;
925 5167 986 5217 ob
1014 5165 1448 5231 exspectationem
1498 5164 1693 5217 scilicet
1727 5161 1862 5234 [sive
1919 5163 2083 5236 spent]

504 5257 920 5312 resurrectionis.
960 5252 1228 5306 Hactenus
1259 5253 1514 5322 Didymus
1543 5252 1674 5308 nihil
1703 5252 1829 5305 dicit
1861 5268 1962 5304 non
1993 5267 2084 5305 or-

503 5347 802 5402 thodoxam
862 5344 1050 5400 :nulla
1094 5344 1181 5397 hic
1243 5345 1444 5397 mentio
1476 5345 1722 5410 mtherei,
1760 5343 2085 5411 spinet-irim

505 5439 771 5506 corporis,
801 5439 892 5492 sed
916 5439 1074 5491 unius
1115 5447 1318 5490 tantum
1352 5437 1701 5506 ejusdemque
1733 5438 1936 5502 carnis,
1969 5453 2087 5505 qua:

509 5531 740 5602 primum
773 5547 801 5584 a
856 5529 1084 5586 Domino
1113 5537 1386 5601 assumpta
1443 5526 1630 5595 fuerit,
1669 5537 1780 5584 tum
1829 5532 2087 5600 quodam-

581 5729 670 5788 ⁵⁸1
706 5730 830 5786 Cor.
858 5747 949 5798 xv,
989 5733 1053 5787 Η
1155 5732 1346 5788 "ibid.
1378 5732 1465 5788 52.

2186 3241 2394 3308 inquit,
2447 3243 2641 3307 carnis,
2702 3245 2813 3298 alia
2861 3248 3096 3316 corporis
3146 3249 3380 3316 tle/initio
3433 3261 3554 3306 est:
3593 3254 3766 3308 omnis

2183 3344 2308 3384 caro
2337 3343 2411 3384 εει
2447 3349 2653 3402 corpus,
2689 3351 2791 3388 non
2823 3353 2973 3390 omne
3010 3353 3198 3406 carpas
3235 3350 3308 3391 εει
3347 3357 3493 3393 εανο.
3526 3341 3664 3396 σανο
3687 3352 3766 3395 εει

2181 3423 2390 3489 prOprie
2417 3439 2534 3492 qua:
2561 3426 2814 3494 sanguine
2835 3467 2848 3487 ,
2890 3428 3052 3491 venis,
3087 3430 3310 3488 ossibus.
3341 3432 3611 3500 nervisque
3638 3449 3769 3486 con-

2183 3514 2478 3584 stringitur.
2521 3514 2722 3585 Corpns
2746 3535 3042 3589 quanquam
3076 3531 3122 3573 et
3159 3538 3286 3574 caro
3327 3524 3556 3586 dicatur,
3594 3525 3768 3578 inter-

2183 3609 2309 3658 dum
2368 3617 2542 3662 tamen
2591 3609 2912 3675 tethereum,
2967 3611 3042 3663 vel
3095 3628 3304 3665 aereum
3363 3617 3766 3674 nominatam...

2198 3695 2370 3760 Vides,
2407 3716 2499 3776 nos
2538 3700 2830 3770 intelligere
2859 3703 3174 3758 subtilitates
3211 3714 3431 3769 vestras,
3464 3718 3511 3761 et
3542 3724 3766 3772 arcana,

2183 3805 2300 3859 quin
2337 3791 2393 3844 in
2423 3793 2698 3858 cubiculis,
2730 3805 2778 3848 et
2823 3796 2958 3848 inter
2988 3799 3243 3864 perfectos
3276 3800 3616 3866 loquimini...
3652 3799 3770 3854 Pa-

2186 3889 2253 3933 tet
2284 3898 2446 3950 quare
2483 3885 2736 3950 corporis,
2765 3895 2811 3939 et
2859 3903 2960 3940 non
3003 3890 3179 3941 carnis
3214 3895 3641 3944 resurrectionem
3683 3893 3772 3946 di-

2184 3973 2322 4023 xeris
2352 3987 2370 4024 :
2400 3972 2596 4026 scilicet
2628 3985 2683 4026 ut
2728 3991 2821 4028 nos
2857 3979 3011 4032 rudes
3065 3997 3272 4034 carnem
3321 3993 3370 4035 te
3402 3985 3572 4036 dicere
3613 3998 3774 4048 puta-

2186 4076 2356 4115 remus
2384 4063 2438 4116 in
2471 4079 2704 4131 corpore,
2746 4077 2792 4119 et
2829 4068 2884 4121 hi
2927 4069 3020 4137 qui
3075 4071 3289 4140 perfecti
3327 4085 3471 4135 sunt,
3506 4075 3772 4143 intellige-

2185 4163 2296 4204 rent
2324 4169 2533 4208 carnem
2561 4156 2614 4209 in
2635 4172 2848 4225 corpore
2895 4160 3181 4230 denegari..
3223 4161 3290 4216 In
3311 4162 3551 4233 Symbolo
3569 4165 3772 4234 ﬁdei...

2186 4260 2335 4299 omne
2368 4243 2656 4302 Christiani
2697 4250 2954 4319 dogmatis
3011 4267 3419 4322 sacramentum,
3455 4258 3634 4312 carnis
3677 4274 3770 4313 re-

2186 4337 2522 4392 surrectione
2555 4339 2906 4394 concluditur.
2958 4341 3020 4395 Et
3049 4355 3106 4396 tu
3134 4347 3395 4399 intantum
3425 4350 3477 4400 in
3508 4351 3770 4416 corporis,

2189 4434 2238 4479 et
2266 4427 2452 4478 iterum
2480 4429 2738 4496 corporis,
2765 4439 2814 4483 et
2849 4433 3004 4485 tertio
3048 4438 3304 4503 corporis,
3332 4447 3378 4490 et
3409 4454 3567 4506 usque
3592 4441 3774 4495 novies

2191 4517 2424 4584 corporis
2451 4517 2526 4570 vel
2554 4535 2810 4586 sermone,
2838 4522 2914 4576 vel
2953 4539 3169 4578 numero
3203 4527 3522 4593 immoraris,
3558 4545 3651 4584 nec
3683 4549 3771 4586 se-

2192 4609 2292 4661 mel
2348 4609 2626 4664 nominans
2661 4627 2891 4666 carnem.
2937 4614 3061 4670 Haec
3112 4616 3475 4690 Hieronymus
3519 4623 3775 4680 adversus

2190 4700 2472 4769 Joannem,
2509 4717 2628 4771 quae
2665 4703 2721 4758 in
2765 4706 3051 4777 Didyntum
3090 4711 3254 4764 etiam
3289 4711 3578 4767 convenire
3609 4730 3779 4784 posse

2191 4805 2412 4850 censeat
2431 4797 2577 4864 quis.

2263 4883 2465 4941 Verum
2484 4897 2772 4959 antequam
2791 4890 3074 4962 Didymum
3091 4893 3337 4960 damnes,
3353 4895 3540 4964 lector,
3554 4913 3774 4968 aequum

2190 4989 2296 5043 est,
2329 4979 2509 5035 uthtec
2538 4985 3774 5054 quoqueanimadverlas:primo,resuscitato~

2195 5085 2313 5123 rum
2336 5084 2562 5138 corpora
2582 5088 2681 5126 nec
2701 5089 2882 5137 aerea,
2899 5090 2995 5128 nec
3018 5076 3275 5138 aetherea,
3303 5094 3404 5133 nec
3430 5081 3690 5147 sphaerica
3707 5084 3780 5137 ab

2193 5159 2312 5229 ipso
2350 5161 2437 5216 hic
2465 5161 2590 5226 dici,
2621 5178 2722 5217 nec
2754 5165 2902 5228 alibi,
2930 5166 3074 5232 quod
3112 5166 3314 5233 sciam;
3371 5170 3628 5234 secundo,
3655 5171 3778 5225 haec

2192 5251 2364 5307 multo
2385 5268 2510 5308 ame
2544 5255 2777 5311 dictasse
2807 5254 3115 5327 Didymum,
3144 5273 3305 5329 quant
3341 5259 3590 5313 subtilem
3611 5261 3777 5315 istan

2193 5345 2373 5400 carnis
2412 5363 2440 5399 a
2464 5362 2693 5418 corpore
2720 5350 3119 5407 distinctionem
3149 5355 3485 5422 exposuisset
3505 5353 3777 5424 Hierony-

2194 5452 2332 5503 mus,
2354 5453 2775 5511 suspectumque
2807 5443 3129 5499 reddidisset
3157 5447 3389 5513 corporis
3417 5444 3776 5512 vocabulum;

2197 5531 2378 5599 tertio,
2425 5533 2544 5588 ideo
2581 5533 2813 5592 fortasse
2857 5537 3102 5605 corporis
3144 5538 3343 5606 potius,
3385 5553 3544 5608 quain
3586 5540 3782 5598 carnis
