3970 6406
270 304 344 358 'le1
1353 288 1772 351 COMMENTAF

1875 289 1926 344 Ξ.
1967 321 2036 331 —
2071 292 2202 348 LIB.
2242 295 2307 348 II.

3315 298 3424 354 202

268 424 439 477 nomine
465 434 599 473 usum
627 434 750 474 esse
788 418 1093 488 theologum
1136 426 1405 480 nostrum,
1436 415 1575 485 quod
1620 412 1759 466 Pau-
1789 410 1836 467 Α
1865 411 2105 467 turbatos
2145 412 2311 468 fuisse
2344 413 2419 467 ait
2443 411 2580 481 apud
2611 410 2863 466 Wolﬂum
2905 421 3051 469 torno
3093 413 3159 469 IV
3192 416 3425 470 Anecdo-

270 516 333 566 lus
352 514 484 566 citato
514 510 559 563 in
598 508 718 563 Ioco
746 509 965 575 dixerit,
994 519 1218 576 resurget
1272 522 1457 574 corpus
1505 503 1756 571 spiritale.

266 604 485 659 Postremo
511 601 885 669 simpliciorum
918 601 1234 655 sententiam
1265 598 1475 654 delendi
1509 598 1594 651 hic
1624 610 1653 649 a
1679 594 1765 649 Di-

269 696 415 764 dymo;
448 690 756 761 Origenistis
803 700 984 745 autem
1030 690 1083 745 in
1126 704 1274 744 more
1303 688 1534 758 positum
1573 684 1760 747 fuisse,

270 796 415 839 utnon
443 783 659 853 seipsos,
685 782 779 838 sed
808 782 1113 838 Catholicos
1143 781 1458 850 simplicium
1488 778 1641 834 titulo
1666 779 1764 831 do-

275 885 431 938 narent,
451 884 499 927 ut
526 874 730 928 centies
760 874 961 928 indicat
995 872 1376 943 Hieronymus.

326 964 436 1019 Nunc
456 965 566 1019 bina
605 966 709 1020 alia
740 965 1014 1020 coronidis
1061 964 1181 1018 loco
1218 961 1525 1018 exscribere
1553 974 1761 1031 possem

278 1054 426 1123 Didymi
446 1055 499 1109 de
518 1056 914 1109 resurrectione
930 1053 1226 1123 fragmenta
1253 1056 1319 1108 ab
1346 1053 1672 1123 Hieronymo
1686 1051 1765 1105 al—

272 1145 347 1200 lata
372 1148 411 1201 in
441 1147 652 1216 epistola
703 1148 827 1211 119,
856 1148 926 1200 ad
956 1147 1269 1201 Minervium
1306 1158 1353 1200 et
1384 1146 1760 1201 Alexandrum.

272 1238 346 1292 Sed
366 1254 463 1293 cum
486 1240 635 1296 valde
675 1240 830 1308 longa
864 1240 993 1305 sint,
1025 1239 1273 1308 nihilque
1321 1238 1373 1293 in
1409 1239 1489 1293 eis
1534 1239 1761 1302 dicatur,

266 1332 370 1400 quod
389 1348 439 1388 se
470 1343 614 1388 recte
644 1348 751 1388 non
780 1332 996 1397 habeat,
1050 1332 1218 1387 satius
1247 1332 1384 1386 duco
1413 1330 1501 1384 illa
1546 1340 1766 1399 prseter-

264 1426 455 1490 mittere;
502 1425 634 1480 satis
707 1426 850 1480 enim
900 1440 966 1480 ex
1015 1424 1100 1479 his
1155 1437 1275 1494 quae
1327 1424 1582 1478 hactenus
1632 1424 1762 1485 dixi,

260 1524 457 1569 constare
484 1515 715 1579 videtur,
747 1523 964 1569 rectene
989 1513 1250 1584 Didymus
1280 1515 1345 1569 de
1372 1516 1550 1567 carnis
1586 1527 1765 1567 resur-

257 1606 451 1660 rectione
477 1607 733 1672 senserit,
764 1621 834 1660 an
860 1620 1035 1661 secus.

352 1716 461 1772 CAP.
485 1716 597 1773 XII.
629 1719 707 1772 De
744 1734 1016 1801 partarum
1055 1718 1283 1783 reprobis
1324 1718 1640 1787 inﬂictarum

833 1800 1137 1843 aeternitate.

303 1876 428 1941 Quod
459 1892 581 1932 vero
639 1880 872 1946 pertinet
905 1878 969 1930 ad
1012 1892 1286 1946 pinnarum
1334 1876 1662 1931 daemonibus
1705 1892 1768 1932 ac

247 1968 447 2034 reprobis
495 1966 820 2021 inﬂictarum
870 1969 1246 2031 aeternitatem,
1292 1967 1421 2022 nihil
1482 1968 1545 2021 iis
1577 1968 1770 2020 addere

249 2068 427 2109 necesse
453 2070 549 2119 εει,
617 2072 731 2125 qua:
755 2057 863 2126 jam
891 2058 996 2111 dixi
1037 2073 1155 2128 pag.
1190 2058 1311 2119 151,
1361 2065 1495 2120 ηοι.,
1545 2056 1769 2124 aliisque

246 2144 287 2197 in
311 2147 430 2200 notis
455 2148 652 2202 ibidem
684 2148 951 2202 indicatis.
976 2147 1105 2202 Nam
1138 2149 1288 2217 plura
1333 2149 1549 2216 quidem
1578 2148 1682 2201 alia
1710 2147 1763 2200 in

244 2233 417 2305 Didymi
453 2241 672 2308 Scriptis
698 2240 875 2294 inveni
909 2240 1047 2306 loca,
1079 2241 1130 2293 in
1174 2241 1368 2309 quibus
1400 2239 1593 2293 inferni
1645 2254 1769 2308 snp-

241 2332 366 2399 plieis
393 2342 590 2386 aeterna
623 2333 860 2397 diceret;
896 2333 987 2387 sed
1025 2346 1092 2386 ne
1143 2348 1305 2385 unum
1334 2332 1546 2400 quidem
1592 2332 1771 2386 hacte-

244 2437 322 2475 nus
344 2425 523 2491 reperi,
561 2424 657 2478 ubi
697 2439 758 2478 ea
794 2425 1122 2492 sempiterna
1154 2423 1270 2476 fore
1308 2423 1656 2477 inliciurctur.

664 2514 793 2569 CAP.
827 2513 956 2567 XIII.
986 2512 1059 2567 De
1091 2513 1313 2583 angelis.

294 2603 408 2658 Cum
463 2605 610 2659 haud
666 2620 833 2673 pauca
887 2606 952 2659 de
1000 2605 1204 2671 angelis
1246 2604 1299 2658 in
1352 2603 1583 2675 Didymo
1630 2604 1767 2669 loca,

236 2708 376 2764 eaque
395 2707 484 2751 aut
510 2695 1016 2759 animadversionis,
1043 2705 1131 2748 aut
1164 2709 1404 2749 censura:
1433 2696 1591 2765 digna
1620 2696 1768 2750 vide-

235 2788 337 2849 rim,
369 2803 540 2858 operae
570 2789 810 2859 pretium
843 2786 1127 2841 eritsimul
1159 2786 1248 2840 hic
1268 2785 1473 2848 omnia,
1506 2786 1591 2840 vel
1622 2797 1769 2842 certe

235 2879 479 2945 potissima
515 2878 713 2934 lectori
742 2877 1002 2943 indicare,
1034 2891 1143 2947 quo
1169 2876 1381 2931 facilius
1404 2876 1577 2932 valeat
1605 2878 1772 2947 ipsius

231 2966 315 3018 hac
336 2968 396 3021 de
422 2983 481 3022 re
510 2968 669 3022 omni
695 2967 1033 3035 opinationes
1056 2981 1401 3037 cognoscere.

285 3055 449 3112 Primo
482 3059 676 3127 itaque
731 3058 905 3127 ipsum
954 3058 1005 3112 in
1052 3073 1114 3113 ea
1164 3058 1329 3114 fuisse
1370 3059 1613 3127 suspicor
1651 3059 1768 3132 opi-

227 3148 382 3212 nione,
414 3160 472 3204 ut
504 3149 694 3219 angeli
727 3164 830 3202 non
858 3148 1005 3203 omni
1038 3150 1257 3203 omnino
1286 3165 1509 3217 corpore
1531 3150 1770 3205 destituti

226 3238 333 3299 sint,
375 3241 467 3295 sed
514 3251 780 3310 respectu
827 3252 1068 3295 nostrum
1102 3241 1476 3296 tantummodo
1525 3241 1774 3296 dicantur

222 3330 505 3399 incorporei.
544 3334 754 3388 Verum
804 3336 937 3388 satis
976 3334 1041 3388 de
1073 3334 1175 3388 hoc
1208 3333 1320 3387 dixi
1355 3334 1405 3388 in
1436 3333 1662 3403 epistola
1707 3333 1773 3387 ad
1808 3316 1813 3319 ⁷

222 3424 687 3488 praeclarissimum
720 3426 997 3493 prmsulem
1042 3423 1300 3480 Joannem
1341 3424 1774 3495 Archintumla).

276 3517 541 3579 Secundo,
563 3520 743 3572 bonos
769 3517 991 3585 angelos
1016 3516 1304 3584 proborum
1336 3517 1632 3581 hominum,
1663 3531 1777 3570 ma-

217 3605 286 3659 los
311 3624 429 3663 vero
460 3609 841 3678 improborum
873 3607 1122 3662 custodes
1148 3620 1269 3662 esse
1297 3609 1475 3674 dot-et,
1504 3607 1549 3662 si
1590 3616 1776 3662 auctor

216 3695 314 3763 ipse
340 3699 637 3769 fragmenti
662 3708 767 3765 est,
801 3701 941 3768 quod
972 3703 1071 3754 sub
1115 3699 1231 3768 ejus
1258 3701 1475 3755 nomine
1506 3701 1773 3768 scriptum

219 3791 371 3854 reperi
400 3791 453 3844 in
486 3791 741 3844 Naniano
770 3791 955 3846 codice
980 3791 1114 3845 alias
1148 3804 1177 3845 a
1209 3805 1292 3845 me
1339 3805 1459 3861 pag.
1496 3789 1601 3844 277
1637 3791 1776 3844 inter

218 3884 349 3928 notas
386 3862 716 3930 l’nemorato.
758 3877 885 3931 Nam
920 3878 1111 3948 pagina
1148 3879 1252 3933 528
1279 3876 1394 3945 ejus
1423 3879 1623 3933 codicis
1666 3879 1778 3933 haec

218 3962 302 4032 legi
318 3968 461 4021 εΔιδύ
469 3987 597 4039 μου.
621 3967 760 4041 [ιιι]
779 3969 914 4032 Τοὺς
932 3969 1030 4040 μὲν
1044 3968 1230 4038 ἁγίους
1242 3969 1561 4038 φωταγωγοὶ
1574 3969 1777 4039 φυλάτ-

215 4068 375 4108 τουσιν
408 4058 669 4127 ἄγγελοι·
718 4059 844 4122 τοὺς
874 4059 933 4111 δε
974 4059 1206 4128 φαύλους
1256 4059 1534 4122 σκοτεινοί,
1572 4060 1623 4115 id
1652 4070 1773 4115 est:

222 4142 426 4214 Didymi.
460 4146 699 4201 Sanctos
722 4148 926 4216 quidem
961 4148 1256 4202 custodiunt
1295 4148 1465 4217 angeli
1498 4150 1780 4215 lucis,nta-

219 4234 284 4291 los
314 4256 425 4295 vero
450 4244 635 4313 angeli
664 4242 1017 4296 tenebrarum.

276 4329 471 4401 Tertio,
501 4333 800 4403 quemdam
829 4332 897 4387 ab
921 4336 1037 4403 ipso
1063 4334 1371 4406 angelorum
1397 4334 1640 4389 ordinem
1674 4333 1776 4388 ad-

1868 512 2037 555 tornm
2095 519 2215 573 pag.
2268 504 2338 558 26
2389 504 2495 569 (ad
2534 517 2676 558 vers.
2725 504 2793 559 58
2835 506 3023 573 capitis
3072 522 3148 561 vn
3195 507 3425 563 Actuum

1872 602 2045 660 apost.
2083 594 2242 664 infra)
2280 612 2293 648 :
2329 594 2461 649 Cum
2506 596 2602 661 ibi,
2652 595 2825 665 inquit
2871 596 3085 667 (nempe
3135 598 3189 652 in
3242 600 3425 668 ctelo),

1868 682 2039 734 adhuc
2074 694 2240 736 essent
2282 684 2454 752 angeli
2485 694 2759 753 apostataz,
2791 695 2941 741 terra:
2982 688 3226 757 aﬁ'ectum
3252 691 3429 760 alliu-

1868 782 1985 824 rant
2014 787 2124 827 :ex
2159 790 2260 843 quo
2309 774 2441 827 illud
2487 787 2816 831 consecutum
2864 786 2972 843 est,
3024 790 3081 833 ut
3128 795 3155 834 e
3195 782 3323 836 caelo
3370 783 3427 836 in

1868 873 2059 916 terram
2100 864 2501 933 projicerentur.
2547 867 2719 922 Simili
2753 871 2912 923 modo
2941 869 3170 927 Irenzrus
3220 871 3311 927 lib.
3350 887 3425 939 tv,

1871 967 1993 1021 cap.
2026 952 2131 1009 16:
2169 955 2349 1023 Angeli
2376 956 2581 1022 quidem
2620 958 2951 1026 transgressi,
2982 959 3178 1029 inquit,
3219 962 3426 1015 decide-

1870 1052 1993 1097 runt
2028 1045 2082 1097 in
2112 1053 2325 1100 terram.
2357 1046 2552 1115 Atque,
2584 1057 2640 1101 ut
2680 1049 2814 1103 alios
2848 1058 3186 1117 praeteream,
3230 1051 3429 1106 Panta-

1870 1137 1989 1191 leon
2033 1138 2291 1193 diaconus
2329 1150 2490 1210 atque
2527 1140 2926 1211 Chartophylax
2974 1141 3025 1197 in
3074 1142 3141 1196 32
3192 1142 3428 1199 Naniano

1868 1230 2056 1285 codice
2110 1245 2228 1302 pag.
2266 1232 2387 1297 187,
2428 1232 2583 1286 Κατὰ
2642 1231 2737 1286 τοῦ
2800 1233 3104 1287 ἀποπάτου
3157 1235 3275 1305 (ait)
3336 1238 3431 1289 καὶ

1870 1321 2104 1394 πονηροῦ
2146 1323 2359 1376 Σατανᾶ
2381 1340 2393 1353 δ
2426 1323 2519 1377 τοῦ
2558 1324 2635 1388 ὡς
2665 1325 2918 1396 ἀστραπὴ
2969 1326 3034 1378 ἐκ
3073 1325 3165 1379 τοῦ
3197 1327 3426 1398 οὐρανοῦ

1870 1412 2005 1482 πρὸς
2034 1411 2133 1483 τὴν
2175 1412 2278 1483 γῆν
2302 1413 2770 1476 κατασπασθέντος
2821 1415 2916 1467 σὺν
2956 1417 3065 1479 τοῖς
3103 1416 3430 1489 ἀκαθάρτοις

1870 1506 1963 1559 καὶ
2018 1508 2269 1576 πονηροῖς
2314 1506 2475 1560 αὑτοῦ
2509 1507 2827 1579 πνεύμασιν,
2861 1510 2910 1562 id
2952 1519 3056 1573 est,
3080 1509 3272 1564 Contra
3304 1529 3429 1580 apo-

1870 1606 2056 1650 statam
2094 1606 2140 1649 et
2193 1598 2386 1651 malum
2413 1596 2690 1663 Satanam,
2732 1599 2820 1667 qui
2851 1608 2907 1652 ut
2934 1599 3112 1669 fulgur
3146 1617 3173 1653 e
3209 1601 3333 1655 coelo
3374 1604 3430 1655 in

1871 1699 2062 1743 terram
2091 1689 2352 1743 detractus
2366 1700 2443 1744 est
2460 1706 2564 1743 una
2593 1706 2710 1743 cum
2736 1692 3021 1745 immundis
3043 1695 3153 1747 suis
3176 1694 3430 1763 malisque

1800 1770 1841 1824 Β
1870 1780 2153 1847 spiritibus.
2172 1781 2240 1834 At
2258 1796 2377 1835 cum
2410 1781 2714 1852 Didymum,
2746 1791 2854 1836 tum
2879 1783 3011 1838 alios
3042 1784 3111 1839 ita
3149 1785 3428 1854 loquentes

1873 1870 2005 1924 nihil
2045 1870 2186 1924 aliud
2217 1881 2489 1940 spectasse
2528 1872 2872 1936 crediderim,
2914 1889 3072 1940 quam
3100 1876 3239 1943 quod
3264 1873 3430 1930 Isaias

1869 1963 1945 2016 ait
1976 1979 2093 2033 cap.
2131 1978 2240 2029 xiv,
2272 1978 2411 2017 vers.
2443 1963 2509 2017 12
2539 1982 2552 2016 :
2598 1963 2868 2029 Quomodo
2908 1967 3140 2019 cecidisti
3179 1968 3426 2031 decreto,

1871 2053 2081 2124 Lucifer
2103 2055 2193 2109 ?...
2226 2056 2470 2109 corruisti
2514 2057 2566 2111 in
2620 2067 2831 2109 terram.
2881 2055 2982 2111 Ubi
3020 2066 3199 2111 tamen
3249 2039 3427 2112 statim

1871 2130 2148 2214 subiungit
2189 2147 2447 2215 pmpheta
2483 2165 2495 2200 :
2540 2146 2904 2201 Verumtamen
2942 2148 3011 2202 ad
3063 2149 3323 2218 infernum
3350 2154 3433 2205 tle-

1870 2236 2091 2290 traberis
2140 2237 2193 2290 in
2238 2238 2555 2306 profundum
2586 2238 2708 2293 laci.
2754 2238 2879 2293 Haec
2934 2239 3075 2294 enim
3136 2244 3313 2295 omnia
3366 2244 3433 2296 de

1872 2327 2082 2382 diabolo
2134 2329 2400 2384 intellecta
2452 2329 2616 2384 fuisse
2659 2345 2687 2384 a
2728 2330 2948 2401 Didymo
3009 2340 3225 2386 constat
3268 2346 3333 2386 ex
3368 2332 3435 2387 iis

1870 2435 1988 2489 quae
2017 2418 2194 2489 legere
2238 2421 2360 2475 licet
2389 2422 2439 2473 in
2482 2432 2673 2476 catena
2700 2422 2753 2475 in
2783 2421 3038 2476 Joannem
3070 2422 3136 2477 ad
3185 2437 3305 2491 cap.
3346 2437 3429 2487 nt,

1872 2530 2011 2569 vers.
2039 2515 2125 2578 1'5,
2155 2529 2275 2583 pag.
2306 2514 2392 2569 91.

1942 2608 2126 2671 Sexto,
2170 2607 2234 2661 de
2285 2605 2488 2677 angelis
2528 2604 2813 2660 rebellibus
2850 2620 2953 2659 non
2990 2604 3121 2659 satis
3152 2614 3299 2661 recte
3329 2605 3432 2660 ιιΙί-

1870 2700 1990 2753 cubi
2025 2698 2170 2767 loqui
2205 2697 2370 2751 videri
2407 2706 2601 2765 potest,
2634 2697 2757 2751 dum
2791 2697 2856 2751 de
2889 2696 2954 2750 iis
2984 2704 3043 2750 ut
3085 2697 3139 2750 in
3187 2697 3271 2751 via
3301 2696 3429 2751 olim

1871 2790 2255 2845 exsistentibus
2304 2789 2431 2859 egit.
2482 2788 2721 2859 Namque
2775 2789 2825 2842 in
2857 2787 3322 2855 Enarratianibus,
3363 2791 3431 2844 ad

1875 2880 2196 2937 versiculum
2227 2880 2259 2936 9
2288 2880 2538 2950 Epistolze
2568 2879 2716 2934 Ju'dte
2759 2882 2870 2935 hinc
2906 2880 3130 2950 legimus
3160 2899 3174 2935 :
3209 2879 3321 2935 Nec
3358 2891 3433 2936 est

1871 2975 2110 3029 diabolus
2153 2983 2357 3027 terrena
2392 2972 2717 3034 substantia;
2761 2972 2941 3025 habuit
2982 2972 3118 3025 enim
3148 2972 3433 3039 aliquando

1873 3067 2104 3120 divinam
2153 3064 2395 3134 gloriam,
2448 3072 2495 3117 et
2548 3072 2786 3116 sanctam
2842 3062 2937 3116 Dei
2984 3063 3273 3128 scientiam,
3314 3065 3433 3117 licet

1874 3170 2146 3210 conversus
2203 3154 2268 3205 de
2310 3152 2671 3222 magnitudine
2713 3162 2859 3205 tanta
2889 3153 3151 3207 ceciderit.
3194 3152 3249 3206 In
3298 3154 3434 3209 libro

1873 3254 2051 3301 autem
2093 3244 2167 3298 De
2210 3243 2411 3313 Spiritu
2440 3254 2643 3309 sancto,
2687 3258 2835 3296 num.
2866 3242 2953 3309 12,
2993 3254 3272 3312 postquam
3304 3260 3434 3299 san-

1873 3338 1988 3385 ctos
2043 3328 2259 3397 angelos
2335 3338 2542 3383 natura:
2596 3328 2865 3381 mutabilis
2936 3342 3053 3383 esse
3110 3328 3433 3391 amrmavit,

1876 3422 1987 3476 htec
2015 3420 2177 3475 verba
2203 3421 2346 3474 addit
2378 3436 2392 3472 :
2424 3419 2565 3473 Licet
2591 3422 2643 3473 in
2677 3418 2995 3474 beatitudine
3021 3431 3067 3475 et
3090 3422 3435 3475 sanctimonia

1873 3521 2209 3582 perseverent.
2230 3511 2308 3567 Ac
2334 3512 2489 3580 paulo
2511 3521 2632 3581 post
2654 3512 2952 3582 subiungit,
2976 3513 3020 3567 si
3048 3528 3209 3567 unum
3245 3514 3433 3568 saltem

1875 3604 2118 3674 angelum
2147 3600 2527 3666 convertibilis,
2554 3602 2603 3656 id
2626 3611 2711 3656 est
2749 3601 3022 3657 mutabilis
3073 3615 3273 3658 naturae
3314 3620 3436 3659 esse

1874 3695 2287 3760 ostenderimus,
2311 3695 2500 3748 merito
2525 3694 2629 3748 dici
2665 3709 2823 3764 posse
2848 3709 3037 3749 omnes
3075 3696 3296 3749 omnino
3340 3711 3433 3749 an-

1876 3787 2021 3859 gelos
2066 3802 2185 3842 esse
2231 3786 2501 3842 mutabilis
2536 3796 2759 3851 naturas,
2792 3786 2931 3851 licet,
2961 3787 3155 3856 inquit,
3185 3804 3288 3841 non
3332 3788 3442 3840 sint

1876 3879 2104 3934 conversi
2140 3878 2194 3934 in
2228 3878 2543 3933 beatitudine
2573 3889 2967 3947 perseverantes.
3005 3879 3075 3933 At
3100 3881 3142 3934 si
3163 3880 3310 3950 juxta
3342 3880 3435 3934 Di-

1876 3973 2091 4044 dymum
2138 3971 2313 4044 angeli
2352 3974 2443 4043 qui
2480 3988 2586 4027 non
2640 3987 2954 4041 peccavere,
3009 3972 3063 4027 in
3109 3975 3439 4030 beatitudine

1877 4071 2311 4132 perseverarunt,
2338 4061 2486 4131 sequi
2518 4062 2750 4124 videtur,
2787 4072 2845 4115 ut
2882 4077 2974 4117 eos
3003 4065 3091 4132 qui
3126 4074 3436 4129 peccaruut,

1876 4169 1942 4209 ex
1969 4154 2299 4209 beatitudine
2332 4154 2598 4210 excidisse
2630 4154 3047 4220 existimaverit,
3084 4155 3308 4223 ideoque
3348 4170 3443 4208 an-

1878 4246 2031 4313 gelis,
2065 4261 2187 4301 cum
2226 4247 2281 4300 in
2322 4247 2405 4300 via
2451 4246 2626 4303 adhuc
2656 4248 3010 4313 exsistebant,
3053 4246 3439 4303 beatitudinem

1882 4336 2152 4391 tribuerit.

219 4424 417 4481 missum
457 4442 587 4483 esse
636 4428 916 4496 suspicor,
956 4428 1045 4497 qui
1087 4429 1139 4483 in
1192 4428 1473 4497 Scriptura
1508 4440 1775 4483 vocentur
1802 4440 1854 4504 η
1946 4425 2216 4491 Attamen,
2248 4433 2308 4479 ut
2338 4440 2527 4481 verum
2574 4425 2770 4491 fatear,
2801 4426 2889 4479 vix
2934 4426 2986 4480 in
3011 4426 3246 4482 animum
3284 4427 3442 4483 indu-

218 4514 414 4583 .Eones.
445 4522 568 4575 sive
602 4518 839 4583 Saecula,
886 4528 945 4573 ut
975 4519 1081 4574 dixi
1114 4535 1235 4590 pag.
1273 4520 1396 4587 155,
1428 4530 1537 4573 not.
1572 4518 1643 4575 De
1670 4534 1775 4589 qua

218 4607 447 4675 opinione
472 4611 709 4682 legenda
732 4618 994 4678 suntquae
1021 4610 1238 4676 scripsit
1270 4608 1564 4665 C0telerius
1594 4608 1776 4663 tomol

222 4697 418 4754 Patrum
450 4700 898 4771 apostolicorunt,
924 4717 1043 4771 pag.
1076 4700 1202 4762 405,
1233 4708 1345 4754 not.
1372 4698 1459 4761 18,
1480 4707 1534 4752 et
1560 4713 1611 4767 p.
1648 4696 1772 4751 406.

277 4789 493 4857 Quarto,
519 4792 809 4847 daemones
841 4793 910 4846 ab
935 4790 1225 4845 lmmundis
1256 4787 1535 4858 spiritibus
1582 4788 1775 4842 distiu-

214 4895 357 4943 guere
390 4884 624 4938 videtur
660 4882 716 4937 in
740 4882 877 4937 libro
908 4881 984 4935 De
1025 4880 1233 4951 Spiritu
1269 4890 1472 4944 sancto,
1502 4894 1651 4934 num.
1685 4878 1771 4932 56.

217 4969 279 5022 lbi
302 4975 438 5027 enim
470 4974 721 5045 primum
742 4973 1003 5028 vocabulo
1040 4973 1254 5041 spiritus
1274 4972 1568 5040 nuncupari
1585 4972 1662 5025 ait
1682 4988 1775 5024 su-

215 5077 377 5125 pernas
394 5064 850 5132 rationabilesqus
866 5064 1099 5128 virtutes,
1119 5063 1168 5116 id
1188 5071 1272 5116 est
1289 5069 1503 5115 sanctos
1517 5059 1732 5130 angelos
1755 5078 1769 5114 ε

218 5151 388 5210 deinde
412 5154 719 5210 rationales
745 5170 946 5225 quoque
987 5154 1121 5208 alias
1148 5162 1436 5218 creaturas,
1462 5163 1510 5205 et
1547 5152 1611 5205 de
1644 5151 1775 5205 bono

216 5242 261 5294 is
286 5249 473 5303 malum
500 5257 698 5316 sponte
727 5248 940 5316 propria
984 5246 1301 5314 proﬂuentes
1345 5243 1523 5298 vocari
1558 5242 1774 5311 spiritus

219 5337 438 5395 Mos
467 5347 526 5392 et
561 5336 785 5404 spiritus
817 5334 1136 5388 immundos.
1203 5332 1337 5387 Tum
1376 5331 1594 5385 demum
1644 5330 1775 5385 sub-

214 5421 383 5497 iungit,
433 5430 673 5499 spiritus
712 5443 911 5497 quoque
950 5426 1209 5480 dwmones
1251 5425 1304 5477 in
1356 5422 1650 5493 Evangeliis
1682 5439 1774 5491 ap-

217 5520 397 5581 Mari.

274 5610 489 5680 Quinto,
543 5612 771 5683 angelos
814 5620 1084 5682 apostatas
1122 5612 1174 5665 in
1216 5619 1411 5667 terram
1447 5624 1477 5666 e
1514 5609 1650 5665 coelo
1682 5610 1773 5665 de-

278 5726 350 5795 (a)
375 5728 565 5785 Exstat
602 5726 769 5781 infra.

526 5820 806 5880 ΡΑτιιοι..
851 5817 968 5879 Gn.
1013 5815 1312 5877 XXXIX.

1890 4530 2013 4571 cere
2043 4531 2202 4586 queo,
2228 4516 2511 4587 Didymum
2544 4516 2596 4570 in
2630 4531 2692 4571 ea
2725 4516 2889 4572 fuisse
2919 4518 3204 4585 sententia,
3236 4529 3295 4575 ut
3343 4536 3445 4576 au-

1882 4606 1983 4676 geli
2031 4606 2246 4677 reprobi
2291 4607 2543 4663 beatiﬁca
2582 4607 2676 4663 Dei
2711 4608 2916 4663 visione
2958 4609 3246 4678 aliquando
3290 4614 3443 4682 potiti

1882 4699 2011 4763 sint,
2050 4715 2154 4769 qua
2182 4701 2518 4769 postmodum
2554 4700 2745 4769 privati
2779 4698 2996 4755 fuerint.
3032 4700 3162 4755 Nam
3203 4712 3259 4758 et
3287 4705 3441 4758 allata

1882 4788 1997 4844 loca
2029 4798 2176 4844 recto
2204 4804 2365 4844 sensu
2403 4789 2534 4844 satis
2573 4789 2850 4844 commode
2888 4791 3080 4859 exponi
3114 4805 3270 4860 posse
3300 4808 3442 4858 reor,

1882 4895 1982 4935 nec
2011 4880 2134 4934 alibi
2160 4895 2402 4950 usquam,
2445 4880 2587 4950 quod
2617 4879 2806 4946 sciam,
2846 4880 3103 4948 ejusmodi
3136 4883 3441 4953 opinionem

1882 4981 2098 5026 εεειιιιιε
2124 4981 2225 5026 CSI.

1951 5060 2104 5127 Quod
2149 5062 2343 5118 attinet
2376 5063 2557 5128 itaque
2599 5061 2667 5117 ad
2696 5066 2928 5133 primum
2972 5064 3167 5130 locum,
3196 5066 3445 5135 equidem
3522 5076 3525 5077 '

1882 5170 2003 5210 cum
2034 5156 2240 5210 videam
2274 5155 2686 5209 Enarrationum
2724 5156 3015 5211 editionem
3046 5158 3254 5213 mendis
3281 5158 3449 5212 refer-

1881 5254 1990 5299 tam
2032 5260 2171 5310 esse,
2197 5256 2255 5300 ut
2286 5247 2526 5302 dicebam
2569 5249 2835 5317 superius,
2861 5248 2974 5303 sive
2998 5249 3069 5303 ob
3098 5252 3447 5321 lypngraphoo

1882 5353 1998 5392 rum
2024 5338 2303 5404 incuriam,
2345 5339 2456 5393 sive
2501 5340 2643 5407 quod
2694 5338 2886 5394 unicus
2932 5339 3020 5394 ille
3053 5341 3218 5395 codex
3252 5356 3445 5396 manu-

1882 5432 2132 5500 scriptus,
2159 5445 2224 5486 ex
2259 5445 2367 5501 quo
2409 5430 2639 5498 primum
2668 5431 2942 5501 impressae
2973 5441 3117 5497 sunt,
3154 5435 3443 5489 mendosus

1882 5520 2055 5586 foret;
2096 5521 2318 5587 proinde
2361 5521 2613 5591 conjicio,
2642 5519 2892 5574 Latinum
2934 5523 3239 5576 earumdem
3272 5520 3446 5575 Enar-

1882 5613 2141 5665 rationum
2192 5612 2538 5668 internretetn
2584 5629 2691 5668 non
2738 5614 3025 5684 scripsisse
3064 5614 3291 5668 divinam
3327 5615 3443 5683 glo-

3104 5806 3138 5863 7
