3970 6406
489 338 597 395 203

1915 321 2001 374 DE
2038 317 2296 374 DIDYMO

3603 316 3710 372 2M

494 449 650 512 riam,
677 444 790 510 sed,
827 441 1052 496 divinant
1081 440 1342 510 gratiam;
1386 446 1494 492 tum
1545 453 1643 505 pro
1673 435 1902 492 dictione
1929 451 2051 504 gra-
2081 439 2124 492 Α
2154 442 2325 484 tamen
2349 430 2538 484 detenti
2573 429 2823 496 supplicio
2852 429 3152 497 resipiscent
3176 427 3310 482 unde
3337 427 3652 482 ceciderunt.
3686 449 3704 480 ι

495 541 621 591 tiam
654 534 932 602 irrepsisse
969 545 1157 586 vocem
1199 529 1418 599 gloriam
1449 543 1468 581 :
1496 543 1600 596 quo
1646 525 1772 580 nihil
1815 524 2044 590 facilius,

491 634 616 680 cum
641 624 693 678 in
720 622 971 676 vestustis
995 619 1320 674 membranis
1341 617 1749 687 compendiaria:
1775 615 2050 683 utriusque

498 717 642 770 vocis
683 715 958 778 scripturae
988 726 1173 780 parum
1210 727 1238 763 a
1273 725 1330 764 se
1373 708 1598 762 invicem
1630 707 1827 770 absint,
1873 715 1930 758 ut
1973 704 2050 759 sic

499 807 708 876 loquar,
743 819 805 857 ac
843 803 996 856 valde
1029 801 1231 854 similes
1269 800 1396 853 sint.
1438 797 1587 863 Quod
1628 797 1671 851 si
1715 793 2049 848 retinendum

501 897 720 953 omnino
781 897 899 963 quis
946 891 1075 947 Velit
1130 889 1440 944 vocabulum
1481 888 1719 954 gloriam,
1774 884 2051 958 Didymum

501 990 690 1041 divina!
732 984 911 1053 gloria:
952 981 1166 1036 nomine
1201 996 1304 1052 non
1335 976 1632 1033 beatificam
1660 975 1917 1028 visionem
1966 973 2056 1025 de-

503 1077 746 1145 signasse
776 1072 1125 1142 respondebo,
1159 1069 1252 1124 sed
1282 1067 1616 1137 splendorem
1649 1064 1831 1134 gratize
1868 1078 1930 1117 ac
1961 1062 2058 1116 do-

505 1183 698 1222 norum
738 1162 1224 1232 supernaturalium
1274 1158 1484 1214 Satante
1519 1171 1547 1209 a
1577 1155 1864 1209 Conditore
1897 1153 2060 1208 colla-

511 1268 705 1311 torum.
740 1254 873 1308 Nam
916 1269 1012 1307 vox
1043 1251 1186 1315 δόξα,
1235 1250 1346 1304 sive
1377 1245 1542 1317 gloria
1579 1261 1718 1314 stupe
1756 1259 1785 1297 a
1837 1244 2059 1314 Didymo

512 1348 580 1399 ita
609 1345 888 1412 accipitur,
923 1351 980 1395 ut
1000 1340 1289 1394 claritatem
1311 1337 1755 1406 splendoremque
1773 1333 2057 1404 significet,

511 1440 644 1490 sicut
697 1435 819 1488 alibi
877 1432 1351 1487 monuimusznec
1400 1426 1612 1496 proprie
1663 1425 1833 1479 sancti
1887 1425 2060 1491 angeli

511 1524 668 1598 [LIII]
694 1525 940 1579 dicuntur
968 1522 1148 1574 habere
1175 1519 1405 1572 divinant
1439 1515 1752 1588 gloriant,id
1790 1525 1872 1570 est
1894 1505 2062 1570 beati-

512 1619 664 1670 ticam
696 1615 979 1668 visionem'
1017 1610 1108 1664 sed
1163 1609 1268 1678 frui
1315 1609 1486 1662 divina
1519 1607 1706 1678 gloria,
1740 1616 1832 1660 aut
1887 1606 2063 1662 notius

512 1705 698 1759 cmlesti
730 1703 914 1772 gloria.

2156 521 2226 573 Ita
2259 519 2571 589 Basnagius.
2601 519 2703 572 Sed
2752 520 3014 587 integrum
3049 517 3252 587 Didymi
3287 516 3460 570 locum
3510 519 3713 572 exscri-

2156 613 2282 665 bere
2312 625 2487 678 operte
2515 610 2742 678 pretium
2773 618 2876 663 est.
2904 609 3144 676 Explicat
3185 609 3253 661 ibi
3285 620 3563 662 enarrator
3595 625 3715 664 ver-

2157 702 2355 756 siculos
2388 701 2477 764 10,
2513 701 2570 753 ll
2631 716 2694 754 ac
2729 700 2796 753 12
2845 701 3035 768 capitis
3073 700 3250 769 primi,
3285 700 3335 753 in
3363 701 3558 768 quibus
3600 703 3713 754 haec

2159 796 2297 848 inter
2329 802 2518 847 cratera
2549 794 2794 862 leguntur
2836 809 2848 844 :
2889 793 2964 846 De
3005 811 3106 862 qua
3143 793 3310 847 salute
3357 793 3713 862 eaquisierunt

2159 895 2308 954 atque
2335 885 2550 937 scrutati
2582 895 2699 937 sunt
2733 884 3063 952 prophetae...
3089 885 3273 947 quibus
3313 885 3589 938 revelatum
3615 896 3714 947 est,

2159 976 2296 1046 quod
2331 993 2431 1030 non
2471 977 2618 1045 ipsis,
2659 975 2800 1028 vobis
2830 987 3001 1028 autent
3040 976 3402 1041 ministrabant
3441 977 3570 1037 Iure,
3600 994 3716 1044 qua:

2162 1085 2295 1121 nunc
2350 1069 2658 1120 annuntiata
2704 1078 2821 1120 sunt
2862 1068 3068 1120 vobis...
3114 1067 3169 1120 in
3204 1083 3318 1135 qua:
3351 1070 3719 1135 concupiscunt

2163 1159 2332 1228 angeli
2369 1160 2680 1227 prospicere.
2720 1157 2994 1211 Postrema
3023 1167 3196 1212 autem
3223 1159 3334 1212 haec
3363 1158 3519 1211 verba
3546 1161 3616 1212 ita
3648 1162 3721 1212 in-

2151 1256 2492 1326 terpretatur
2522 1266 2536 1301 :
2577 1267 2596 1299 ί
2632 1246 2720 1302 Sic
2753 1248 3059 1317 exponitur,
3094 1249 3136 1300 si
3163 1248 3284 1316 quis
3308 1248 3717 1312 existimaverit,

2165 1340 2432 1410 qua’sitam
2478 1357 2510 1392 a
2554 1341 2810 1408 prapltetis
2843 1339 3060 1393 salutem
3095 1340 3145 1392 in
3197 1339 3299 1393 fine
3343 1355 3460 1395 esse
3497 1343 3717 1394 mundi.-

2167 1431 2305 1497 quod
2331 1429 2383 1482 in
2413 1430 2680 1492 omnibus,
2714 1439 2767 1483 et
2791 1429 2842 1482 in
2874 1444 3081 1482 sununo
3102 1439 3184 1484 cst
3214 1431 3482 1499 appetitu:
3509 1433 3722 1499 quando

2169 1520 2333 1589 ipsius
2365 1521 2576 1588 quidem
2621 1533 2783 1574 causa
2829 1519 2928 1572 alia
2969 1529 3161 1574 cuncta
3200 1518 3352 1582 fiunt,
3384 1520 3555 1589 ipsum
3596 1535 3729 1574 vero

2169 1612 2318 1680 cujus
2351 1628 2509 1666 causa
2534 1611 2725 1664 nullius
2753 1612 2945 1681 agitur.
2979 1630 2997 1662 ι
3033 1609 3362 1681 [.llendosant
3400 1612 3482 1663 hic
3513 1626 3620 1663 esse
3647 1610 3724 1662 le-

2170 1706 2387 1757 ctionem
2409 1704 2732 1772 perspicuum
2761 1711 2834 1757 est
2863 1717 2882 1755 :
2913 1720 2981 1756 an
3013 1702 3227 1755 delenda
3269 1718 3364 1754 vos:
3390 1701 3576 1771 cujus?
3609 1701 3726 1774 (οη

582 1795 637 1849 ln
702 1794 869 1848 altero
929 1801 1101 1847 autem
1160 1790 1308 1856 loco,
1371 1804 1528 1857 quem
1585 1787 1826 1857 superius
1887 1786 2067 1856 attigi-
2095 1781 2140 1841 Β
2175 1813 2193 1845 ι
2227 1793 2338 1848 Non
2368 1796 2461 1848 abs
2495 1810 2551 1847 re
2591 1804 2670 1849 est
2700 1795 2858 1848 etiam
2902 1793 3122 1863 intelligi
3164 1795 3227 1847 de
3265 1794 3464 1846 sanctis
3498 1795 3725 1863 angelis,

513 1901 651 1953 mus,
694 1885 810 1939 ideo
839 1893 1050 1938 sanctos
1073 1881 1291 1951 angelos
1329 1881 1382 1933 in
1409 1879 1720 1932 beatitudine
1747 1893 2067 1946 perseverare

514 1980 610 2042 ait,
633 1989 690 2030 ut
713 1985 858 2046 puto,
898 1973 1038 2043 quod
1069 1980 1163 2026 aut
1207 1971 1323 2025 illos
1355 1978 1560 2038 spectet
1592 1977 1852 2037 quatenus
1881 1969 1936 2021 in
1973 1984 2068 2036 pa-

517 2070 640 2133 tria,
677 2083 782 2122 non
817 2068 871 2119 in
910 2066 990 2118 via
1017 2064 1361 2128 exsistentcs;
1390 2070 1482 2115 aut
1508 2075 1603 2130 per
1632 2061 2067 2130 anticipationem

518 2161 740 2230 loquens
800 2155 1166 2210 beatitudinem
1218 2162 1372 2208 vocet
1417 2167 1536 2206 eum
1595 2160 1814 2217 statum,
1866 2152 1916 2205 in
1966 2165 2072 2220 quo

517 2259 674 2304 erant
715 2264 836 2302 cum
888 2246 1060 2300 adhuc
1103 2254 1285 2298 essent
1323 2243 1380 2296 in
1419 2243 1533 2308 via;
1561 2252 1651 2295 aut
1682 2242 1896 2297 demum
1945 2242 2072 2312 quia

521 2341 690 2397 creati
743 2348 868 2393 sunt
925 2338 980 2390 in
1037 2335 1350 2390 beatitudine
1401 2333 1736 2402 imperfecta,
1791 2342 1852 2387 ut
1918 2333 2076 2387 docet

523 2435 581 2490 S.
609 2433 862 2488 Thomas.
901 2429 956 2484 In
997 2429 1180 2483 eodem
1220 2443 1347 2482 sane
1388 2426 1522 2481 libro
1567 2426 1638 2480 De
1665 2425 1862 2494 Spiritu
1900 2435 2074 2478 sancto

524 2539 670 2576 num.
723 2519 812 2582 61,
849 2527 1045 2572 statum
1083 2531 1145 2570 ex
1177 2530 1281 2586 quo
1307 2515 1502 2570 excidit
1532 2513 1781 2579 Satanas,
1808 2528 2077 2583 exponens

525 2614 781 2682 Didymus
839 2609 1009 2678 inquit
1054 2628 1066 2662 :
1115 2606 1261 2660 Unde
1316 2618 1360 2660 et
1407 2605 1747 2660 convertibilis
1803 2605 2075 2676 (Satanas)

525 2720 676 2774 atque
715 2693 1002 2768 mttlalritis,
1027 2715 1054 2754 e
1079 2699 1353 2753 sanctitate
1382 2697 1570 2752 decidit
1601 2707 1751 2766 atque
1787 2699 1996 2752 virtute.
2015 2696 2080 2751 Et

529 2796 579 2846 in
630 2780 1062 2845 Eum-rationibus
1109 2790 1173 2844 ad
1222 2798 1378 2856 caput
1427 2804 1442 2842 ι
1497 2789 1667 2856 Epist.
1717 2787 1736 2840 l
1779 2787 1963 2841 Petri:
2013 2787 2081 2840 In

527 2887 789 2954 iit/initum
829 2883 1093 2936 beatorum
1147 2879 1460 2949 permanebit
1512 2878 1807 2933 ltwreditas.
1858 2881 1937 2933 Ac
1989 2878 2080 2932 de-

528 2991 673 3031 mum
703 2975 758 3028 in
789 2973 927 3026 libro
955 2970 1197 3024 adversus
1230 2967 1545 3021 Manichazos
1577 2983 1694 3037 cap.
1727 2969 1777 3031 l,
1813 2968 2081 3023 diabolum

528 3073 686 3119 vocat
715 3062 993 3131 principem
1024 3058 1303 3119 malorum,
1341 3066 1388 3111 et
1418 3058 1638 3124 primum
1687 3059 1775 3127 qui
1831 3075 1862 3110 a
1893 3059 2081 3112 virtute

2170 1895 2224 1941 et
2269 1885 2584 1953 simpliciter
2638 1886 2846 1940 cunctis
2891 1885 3061 1939 beatis
3110 1883 3458 1937 rationalibus
3509 1884 3607 1937 hoc
3651 1884 3732 1936 di-

2171 1985 2334 2042 ctum,
2369 1991 2485 2030 cum
2515 1991 2700 2030 omnes
2747 1976 3038 2046 appetitum
3071 1975 3298 2028 habeant
3325 1975 3630 2043 prospicere
3660 1990 3727 2029 ea

2171 2084 2287 2139 quae
2347 2068 2400 2120 in
2452 2067 2554 2121 line
2614 2065 2792 2120 saeculi
2848 2076 2973 2119 sunt
3023 2067 3246 2133 agenda.
3283 2065 3339 2119 Si
3389 2080 3515 2119 vero
3564 2065 3730 2118 alium

2172 2157 2451 2228 quemdam
2483 2165 2680 2210 statum
2708 2155 2946 2209 fecerunt
2968 2156 3178 2208 beatum
3205 2154 3323 2223 (per
3343 2169 3405 2208 ea
3429 2170 3546 2222 quae
3577 2169 3733 2209 reve-

2173 2251 2278 2304 lata
2307 2258 2430 2305 sunt
2474 2264 2503 2302 a
2537 2247 2736 2318 Spiritu
2761 2256 2948 2302 sancto
2989 2246 3066 2300 eis
3100 2245 3190 2313 qui
3223 2244 3570 2314 Evangelium
3608 2259 3735 2297 sus-

2174 2338 2450 2408 ceperunt)
2503 2347 2698 2407 praeter
2725 2351 2845 2391 eum
2880 2336 2971 2405 qui
3007 2335 3194 2389 ductus
3238 2345 3319 2390 est
3360 2333 3516 2405 [lego,
3554 2335 3734 2389 dictus

2174 2429 2308 2500 est];
2335 2427 2612 2483 dicendum
2652 2437 2733 2482 est
2765 2436 2818 2481 et
2841 2427 3223 2494 concupiscere
3263 2425 3316 2479 in
3359 2440 3480 2479 eum
3517 2425 3745 2494 prospia

2177 2537 2298 2577 cere
2323 2520 2558 2590 angelos,
2591 2519 2682 2588 qui
2713 2520 2766 2573 in
2797 2518 3223 2588 transgressione
3253 2517 3479 2586 quadam
3529 2517 3735 2571 inventi

2176 2621 2318 2668 sunt.
2358 2610 2490 2665 Nam
2523 2612 2648 2666 licet
2676 2610 2892 2681 quidam
2927 2624 3112 2664 eorum
3156 2609 3306 2678 pravi
3340 2609 3465 2673 sint,
3493 2618 3737 2662 attamen

2179 2704 2378 2760 detenti
2435 2705 2715 2775 supplicio,
2778 2704 3152 2774 resipiscentes
3206 2703 3349 2757 unde
3413 2703 3736 2757 ceciderunt

2183 2797 2341 2868 (quod
2371 2797 2530 2850 etiam
2575 2796 2831 2851 studiosis
2877 2794 3184 2850 hominibus
3236 2794 3750 2862 compromittitur),

2183 2887 2452 2941 habebunt
2489 2885 2809 2941 desideri-um
2847 2885 2928 2940 vel
2970 2900 3065 2955 per
3108 2883 3369 2939 fenestras
3413 2900 3476 2938 ea
3509 2885 3751 2952 respice-v

2183 2991 2258 3030 re.
2306 2996 2324 3028 ι
2365 2978 2559 3031 Totum
2609 2977 2752 3030 hunc
2802 2976 2975 3032 locum
3024 2977 3195 3042 attuli,
3243 2984 3300 3028 ut
3337 2976 3510 3028 videat
3546 2974 3754 3037 lector,-

2184 3080 2304 3120 eum
2332 3065 2526 3118 alicubi
2562 3066 2714 3118 valde
2747 3065 3033 3119 obscurum
3063 3081 3204 3128 esse,
3239 3066 3353 3118 sive
3384 3065 3434 3117 id
3467 3079 3531 3117 ex
3562 3063 3754 3117 Latini:

532 3153 720 3223 defecit
760 3167 778 3205 :
820 3166 939 3219 cap.
981 3163 1108 3202 vero
1140 3145 1208 3200 12
1253 3164 1268 3201 :
1317 3143 1552 3210 Factus,
1591 3146 1800 3215 inquit,
1842 3156 1898 3199 ut
1958 3156 2080 3200 esset

2189 3156 2491 3224 interpretis
2512 3155 2752 3211 barbarie
2781 3157 3122 3225 repetendum
3149 3156 3238 3219 sit,
3268 3157 3378 3208 sive
3406 3170 3469 3208 ex
3500 3163 3745 3208 vetusto-

535 3245 714 3308 bonus,
746 3250 1043 3311 potestatent
1076 3238 1282 3293 virtutis
1331 3238 1592 3307 capienda:
1640 3237 1988 3307 imperfectam
2040 3248 2088 3292 et

534 3351 774 3389 mancam
822 3332 1037 3386 servavit
1082 3327 1401 3401 (diabolus);
1454 3338 1758 3398 potestatem
1812 3346 1928 3384 vero
1977 3331 2090 3384 vitii

534 3421 847 3490 suscipiendi
876 3421 944 3473 ad
973 3428 1147 3472 actum
1175 3419 1438 3480 perduxit.

611 3513 871 3582 Septimo,
909 3509 1072 3564 Verbi
1099 3509 1520 3563 incarnationem
1553 3522 1658 3562 non
1688 3509 1839 3576 prius
1865 3507 2090 3576 angelis,

538 3621 698 3676 quam
744 3603 896 3660 nobis
937 3613 1115 3659 notam
1149 3616 1269 3657 esse
1307 3601 1525 3666 factam,
1573 3603 1680 3655 imo
1713 3617 1826 3656 eam
1865 3618 1958 3671 per
1996 3618 2093 3657 nos

539 3695 740 3763 angelis
770 3696 1063 3750 innotuisse
1090 3695 1243 3749 docet
1281 3693 1375 3748 lib.
1405 3708 1461 3748 Ill
1505 3692 1576 3747 De
1607 3695 1770 3760 Trin.,
1813 3710 1933 3764 pag.
1967 3695 2091 3750 592.

539 3783 690 3851 Quod
724 3792 899 3837 tamen
934 3782 1290 3852 explicatione
1329 3782 1504 3851 aliqua
1537 3781 1778 3853 indigere
1808 3799 1964 3839 nemo
1990 3800 2092 3839 non

537 3876 703 3936 videt,
738 3891 804 3929 ne
833 3873 962 3928 illud
996 3885 1378 3942 consequatur.
1419 3881 1476 3926 ut
1504 3875 1671 3928 beata:
1699 3874 1902 3944 Virgini
1927 3891 1989 3930 ac
2011 3891 2097 3944 pa-

541 3965 794 4028 storibus,
858 3964 1050 4032 quibus
1099 3963 1393 4018 Salvatoris
1451 3964 1705 4018 nativitas
1768 3965 1835 4020 ab
1893 3965 2097 4035 angelis

541 4057 784 4112 nuntiata
816 4065 918 4119 est,
948 4056 1096 4124 prius
1129 4065 1305 4109 notam
1348 4056 1513 4109 luisse
1551 4055 1974 4112 incarnationem
2000 4073 2095 4112 vo-

542 4148 705 4202 luerit
729 4147 1003 4217 Didymus,
1037 4160 1197 4214 quam
1225 4144 1458 4200 Gabrieli
1487 4146 1903 4218 archangelo,.et
1932 4163 2097 4218 auge--

540 4239 627 4303 lis,
665 4239 751 4306 qui
787 4236 1080 4292 Salvatoris
1116 4236 1400 4289 adventum
1437 4235 1615 4292 Maria:
1656 4238 1778 4307 ipsi,
1813 4253 1875 4292 ac
1916 4249 2099 4308 pasto-

541 4329 691 4382 ribus
720 4326 1128 4381 annuntiarunt.
1161 4323 1386 4380 Sanctus
1409 4324 1641 4381 Thomas
1669 4342 1796 4382 sane
1818 4329 2032 4398 angelos
2069 4342 2100 4383 a

541 4418 805 4488 principio
831 4432 940 4472 suae
975 4415 1320 4470 beatitudinis
1350 4417 1686 4486 praescivisse
1712 4417 1866 4472 docet
1900 4427 2096 4490 myste-

543 4508 683 4561 rium
715 4507 1124 4572 incarnationis,
1154 4507 1325 4574 quoad
1368 4507 1722 4560 substantiam
1761 4516 1958 4576 tamen,
1992 4525 2095 4564 non

543 4611 670 4647 vero
721 4595 895 4664 quoad
946 4610 1132 4649 omnes
1174 4596 1621 4650 circumstantias.
1662 4596 1790 4661 Quae
1833 4600 2098 4654 sententia

545 4687 700 4741 facile
727 4701 846 4739 cum
875 4686 1083 4756 Didymi
1117 4686 1294 4740 verbis
1317 4687 1593 4740 conciliari
1622 4699 1817 4756 potest.

615 4797 838 4861 Octavo,
871 4799 936 4851 de
972 4798 1174 4868 angelis
1207 4798 1367 4866 lapsis
1397 4801 1604 4856 duobus
1642 4802 1694 4854 in
1724 4801 1856 4857 locis
1882 4801 2102 4871 loquens

547 4889 821 4961 Didymus,
853 4889 1148 4958 aliquorum
1177 4891 1621 4961 rcsipiscentiam,
1645 4895 2101 4959 entendationetn,

547 4997 608 5035 ac
649 4982 872 5035 salutem
928 4996 1022 5050 per
1062 4981 1331 5036 Christum
1361 4984 1426 5037 ab
1447 4984 1525 5039 eis
1565 4985 1838 5040 obtentam
1869 4965 2105 5042 comme—

549 5086 742 5128 morat.
773 5073 985 5127 Primus
1020 5073 1168 5128 locus
1211 5085 1388 5130 exstat
1437 5077 1611 5143 capite
1671 5078 1694 5130 Ι
1735 5077 2104 5133 Etiarrationis

543 5153 602 5218 in
632 5165 916 5232 Epistolam
942 5165 969 5218 1
1000 5165 1164 5228 Petri,
1198 5176 1251 5219 et
1276 5183 1303 5219 a
1343 5167 1604 5237 Basnagio
1634 5177 1762 5222 tom.
1790 5167 2110 5222 lLectt.An-

551 5259 677 5326 tiqq.
703 5257 900 5310 Canisii
939 5273 1062 5325 pag.
1095 5256 1192 5310 l99
1215 5296 1229 5320 ,
1260 5258 1337 5311 sic
1367 5259 1702 5328 redarguitur
1735 5276 1747 5289 ·
1793 5277 1809 5309 ι
1855 5258 2108 5314 Homines

548 5362 761 5414 pravos,
793 5346 972 5412 etjam
998 5356 1197 5400 mterno
1223 5347 1504 5402 damnatos
1541 5348 1804 5418 supplicio
1846 5349 2110 5415 paeniten-

549 5437 679 5490 tiam
719 5435 843 5487 olim
888 5445 1123 5498 acturos,
1157 5444 1219 5490 ut
1252 5446 1305 5489 et
1340 5437 1628 5500 dmmonas,
1655 5437 1880 5490 credidit
1921 5437 2107 5507 (Didy-

548 5526 709 5594 mus).
741 5521 882 5578 Nam
904 5525 1044 5591 licet,
1073 5525 1264 5596 inquit,
1287 5526 1499 5595 quidam
1521 5529 1689 5597 angeli
1715 5531 1817 5582 sint
1837 5529 2002 5597 pravi,
2026 5538 2111 5581 at-

2189 3265 2304 3302 rum
2335 3249 2756 3313 amanuensium,
2781 3250 2893 3303 sive
2925 3263 2990 3302 ex
3023 3249 3467 3318 typographorum
3511 3247 3758 3300 meudis..

2191 3339 2517 3409 Quocunque
2566 3351 2744 3394 autem
2800 3340 2957 3394 modo
3007 3353 3065 3394 se
3111 3354 3196 3393 res
3235 3339 3445 3404 habeat,
3494 3339 3748 3408 equidem

2190 3446 2331 3500 aegre
2359 3430 2592 3484 adducor
2632 3439 2690 3484 ut
2723 3431 2937 3484 credam
2981 3430 3264 3498 genuinam
3297 3446 3418 3484 esse
3461 3430 3761 3487 lectionem:

2191 3520 2432 3575 vocabuli
2461 3522 2832 3590 resipiscentes.
2865 3519 3052 3575 Nonne
3086 3520 3252 3574 multo
3276 3520 3590 3575 concinnior
3617 3535 3758 3573 seno.

2194 3612 2354 3667 tentia
2385 3612 2508 3677 erit,
2539 3613 2584 3667 si
2613 3612 2895 3682 legerimus
2935 3627 2948 3662 :
2991 3613 3316 3678 respicientes
3367 3612 3502 3663 unde
3549 3612 3754 3664 cecide-

2194 3701 2356 3755 runt?
2381 3701 2512 3768 Quis
2545 3717 2776 3771 unquam
2810 3701 3011 3754 audivit
3058 3701 3359 3768 hujusmodi
3399 3701 3766 3765 locutionem,-

2197 3792 2546 3859 resipiscentes
2583 3792 2721 3844 unde
2753 3790 3085 3843 ceciderunt?
3115 3799 3206 3844 aut
3246 3790 3498 3857 quidnam
3533 3792 3755 3844 tandem

2195 3879 2368 3933 valet?
2405 3880 2666 3934 Cancrum
2722 3879 2836 3932 sive
2890 3879 3212 3946 respicientes
3265 3876 3419 3949 [LIV]
3469 3879 3756 3947 legendum

2189 3971 2286 4036 ,sit,
2329 3971 2452 4023 sive
2487 3969 2856 4036 resipiscentes,
2888 3969 3077 4023 falsum
3115 3970 3331 4024 omnino
3374 3976 3455 4022 est
3508 3969 3647 4036 quod
3679 3969 3763 4024 ait

2197 4059 2512 4128 Basnagius.
2546 4058 2797 4128 Didymus
2824 4059 2966 4112 enim
3010 4073 3110 4113 nec
3147 4061 3212 4112 de
3239 4059 3541 4114 hominibus
3569 4073 3764 4128 repro-

2197 4151 2302 4212 bis,
2331 4166 2430 4204 nec
2459 4151 2524 4205 de
2549 4150 2873 4205 daemonibus
2915 4151 3171 4220 loquitur,
3207 4152 3296 4205 sed
3333 4152 3398 4204 de
3435 4151 3762 4219 quibusdam

2201 4242 2402 4311 angelis
2436 4242 2620 4311 lapsis,
2654 4243 2847 4311 quibus
2881 4241 3022 4297 Deus
3055 4242 3385 4311 paenitentia:
3412 4241 3588 4295 locum
3628 4258 3767 4296 con-

2200 4334 2440 4399 cesserit,
2474 4349 2538 4389 eo
2586 4335 2728 4403 quod
2782 4335 2957 4389 minus
3010 4333 3300 4403 peccarint,
3335 4332 3446 4388 sive
3482 4332 3539 4386 in
3585 4341 3769 4387 trans-

2199 4425 2458 4495 gressione
2478 4428 2702 4494 quadam
2737 4427 2927 4480 inventi
2947 4426 3073 4479 sint.

2275 4516 2436 4571 Multo
2482 4518 2624 4572 enim
2654 4517 2850 4571 clarius
2883 4517 2933 4570 id
2966 4517 3136 4585 ipsum
3170 4511 3436 4567 aﬂirmare
3465 4513 3678 4567 videtur
3707 4512 3770 4567 in

2203 4609 2514 4676 alteroloco
2544 4611 2632 4679 qui
2657 4619 2829 4664 exstat
2855 4612 2907 4662 in
2933 4609 3117 4662 eadem
3135 4606 3506 4669 Enarratione,
3527 4620 3643 4673 cap.
3675 4620 3767 4669 ιιι,

2205 4704 2271 4756 ad
2305 4703 2415 4757 hinc
2449 4702 2591 4756 Petri
2627 4703 2787 4756 verba
2817 4718 2831 4754 :
2865 4701 2966 4765 Qui
2995 4710 3066 4753 est
3102 4701 3156 4752 in
3186 4700 3395 4752 dextera
3435 4697 3548 4760 Dei,
3575 4696 3774 4765 deglu-

2207 4793 2336 4846 tiens
2362 4804 2604 4859 mortem,
2651 4801 2707 4846 ut
2753 4793 2871 4847 vita,
2916 4801 3121 4845 (eterna:
3164 4791 3390 4845 lttcredes
3429 4790 3772 4858 eﬂiceremur,

2205 4885 2463 4954 profectus
2491 4887 2544 4938 in
2568 4884 2739 4950 ctelos,
2765 4884 3005 4951 subjectis
3031 4883 3129 4936 sibi
3157 4882 3376 4952 angelis,
3412 4891 3460 4934 et
3492 4882 3777 4946 potestati-

2209 4977 2323 5040 bus,
2363 4984 2411 5029 et
2465 4977 2752 5030 virtutibus.
2819 4975 2890 5028 Ea
2943 4975 3086 5028 enim
3126 4975 3205 5028 sic
3256 4973 3472 5042 exponit
3509 4986 3523 5024 :
3558 4989 3580 5022 ‹
3615 4972 3781 5026 Sicut

2208 5083 2306 5137 per
2339 5066 2529 5120 Filium
2561 5067 2671 5130 Dei,
2705 5067 2845 5134 quod
2874 5064 3100 5119 Verbum
3124 5073 3225 5129 est,
3260 5080 3352 5118 seu
3389 5064 3563 5125 Ratio,
3591 5078 3756 5116 essen

2213 5159 2342 5212 tiam
2371 5166 2560 5212 cuncta
2592 5157 2892 5222 rationalia,
2920 5165 2973 5211 et
2995 5165 3053 5210 ut
3079 5166 3280 5224 essent,
3317 5155 3657 5216 habuerunt;
3693 5155 3783 5208 sic

2211 5264 2306 5320 per
2335 5263 2456 5302 eum
2487 5251 2723 5304 omnium
2748 5263 2931 5303 eorum
2965 5247 3110 5301 salus
3139 5245 3328 5300 effecta
3355 5254 3456 5298 est.
3489 5242 3590 5308 Qui
3625 5245 3784 5297 enim

2216 5339 2461 5411 [fortasse
2497 5340 2784 5408 legendum,
2813 5339 2935 5408 quia
2969 5334 3136 5406 enim]
3176 5349 3278 5389 non
3321 5331 3783 5399 substantialiter,

2212 5431 2304 5484 sed
2364 5430 2677 5500 acquisitive
2730 5429 3065 5484 sanctitatem
3102 5425 3318 5492 habent,
3355 5439 3474 5478 cum
3508 5433 3791 5480 creaturas

2214 5533 2338 5580 sunt
2369 5523 2596 5596 [videtur
2619 5525 2909 5596 legendum,
2936 5521 3088 5596 sint],
3117 5521 3239 5592 jure
3260 5521 3503 5592 purgatio
3523 5518 3668 5574 facta
3695 5530 3796 5575 est.

616 5693 692 5768 (α)
726 5695 859 5752 Vide
891 5706 1042 5752 notas
1070 5697 1136 5752 ad
1169 5696 1310 5752 hunc
1337 5695 1512 5752 locum
1545 5697 1596 5751 in
1625 5714 1759 5752 nova
1788 5701 2096 5755 recensione
2131 5699 2286 5755 infra.
2321 5699 2456 5757 Eutr
