3970 6406
256 373 344 428 905

1319 359 1886 419 COMMENTARIUS.
1926 389 1994 400 —
2035 358 2166 414 LIB.
2210 357 2276 413 ll.

3321 364 3428 419 206

256 496 373 550 circa
415 496 586 545 cuncta
625 486 729 541 hoc
764 486 924 539 modo
951 484 1201 540 habentia
1238 484 1555 540 bonitatem.
1609 485 1757 539 Unde
1787 491 1834 544 Α
1863 497 1984 545 nus,
2009 490 2064 533 ut
2089 487 2318 534 testatur
2342 480 2562 536 Photius
2593 481 2643 536 in
2671 483 2989 538 Bibliotheca
3011 486 3131 540 cod.
3163 501 3426 540 ccxxxut.

257 584 386 637 etiam
408 577 601 634 sublimi
628 590 720 632 ore
745 574 1039 646 [legendum
1063 586 1205 640 puto,
1231 573 1620 644 sublimiorem]
1645 589 1759 629 cor-

255 671 496 726 rectionem
550 665 866 733 suscipiunt.
921 660 1228 729 Paeiﬁmvit
1275 661 1415 715 enim
1465 661 1620 716 Jesus
1677 675 1766 728 per

257 761 507 830 unguine»:
531 757 696 812 crucis
733 771 844 810 sua:
878 771 993 822 quae
1023 755 1074 806 in
1111 752 1272 817 caelis,
1306 763 1354 806 et
1388 768 1504 821 qua:
1541 753 1594 805 in
1628 759 1765 805 terra

258 853 416 915 sunt”,
450 864 600 904 omne
642 848 840 903 bellum
877 846 1160 900 destruens
1206 854 1260 898 et
1312 844 1615 897 tumultum.
1646 842 1764 895 Mox

263 945 415 1001 etenim
445 942 492 996 in
523 943 782 998 descensu
809 939 944 1008 ejus,
981 947 1034 992 et
1059 936 1335 991 nativitate
1373 935 1509 988 facta
1551 935 1616 988 de
1644 931 1765 986 Vir-

265 1039 359 1108 gine
399 1037 580 1090 dictum
639 1043 722 1086 est
775 1048 789 1083 :
840 1031 1019 1086 Gloria
1060 1030 1115 1083 in
1165 1029 1384 1083 excelsis
1442 1027 1567 1088 Deo,
1606 1036 1654 1079 et
1712 1027 1767 1076 in

265 1141 368 1181 terra
391 1143 478 1194 pax
498 1128 565 1178 δν.
597 1123 945 1178 Concorditer
987 1130 1160 1177 autem
1214 1129 1269 1174 et
1318 1119 1370 1172 iu
1415 1118 1766 1188 prmsentihus

261 1221 412 1274 dictum
433 1229 528 1282 est,
563 1217 714 1284 quia,
753 1229 874 1269 cum
913 1212 1299 1267 resurrexisset
1349 1227 1377 1264 a
1433 1209 1678 1269 mortuis,
1713 1216 1770 1261 et

257 1313 421 1366 sederet
453 1312 501 1365 in
527 1310 750 1365 dextera
802 1308 854 1361 in
885 1306 1133 1366 excelsis,
1164 1308 1426 1375 profectus
1465 1305 1519 1356 in
1562 1303 1764 1368 caelum,

252 1407 425 1474 subjecti
457 1413 572 1456 sunt
602 1401 773 1469 angeli
803 1401 874 1461 ei,
903 1407 1176 1467 potestates
1224 1409 1376 1462 atque
1404 1397 1631 1448 virtutes.
1658 1393 1771 1448 Sic-

248 1507 293 1552 ut
328 1499 450 1552 enim
496 1497 741 1550 homines
780 1492 1112 1547 abstinentes
1172 1505 1200 1542 a
1255 1489 1507 1558 peccatis,
1545 1486 1766 1553 subjecti

246 1601 371 1653 Sunt;
400 1590 464 1642 ita
491 1597 543 1642 et
571 1586 852 1655 superiora
882 1583 1160 1636 rationalia
1193 1591 1432 1634 correcta
1460 1579 1768 1647 spontaneis

240 1680 401 1750 eulpis,
427 1694 539 1748 qua!
565 1677 723 1750 [1e90,
753 1674 909 1746 quas]
938 1674 1160 1728 forsitan
1199 1673 1522 1733 habuerunt,
1555 1669 1602 1723 ei
1639 1669 1767 1723 sub-

237 1773 352 1840 jecta
379 1780 514 1837 sunt,
546 1769 814 1838 completa
846 1767 1241 1835 dispensatione
1265 1765 1446 1818 habita
1478 1779 1576 1832 pro
1597 1761 1770 1815 salute

1864 577 2158 628 Accusatus
2181 584 2264 628 est
2287 573 2342 626 S.
2373 573 2604 630 Isidorus
2629 574 2918 639 Pelusiota,
2945 592 3041 646 pro
3063 591 3168 645 quo
3196 576 3428 646 Stepha-

1866 683 1990 721 num
2034 660 2304 721 GOharum
2337 667 2674 731 Tritheitam,
2710 678 2768 722 ut
2803 670 2904 722 hoc
2942 669 3075 741 [LV]
3123 670 3191 723 ab
3230 684 3294 723 eo
3330 670 3432 723 cri-

1867 773 1986 812 men
2033 758 2338 826 depelleret,
2381 759 2663 827 scripsisse
2702 759 2930 812 allirmat
2972 761 3164 813 ibidem
3209 759 3432 813 Photius

1867 849 1985 901 cod.
2013 847 2138 902 259..
2177 849 2474 902 Accusatus
2519 861 2601 904 est
2645 851 2700 902 S.
2740 850 2968 905 Joannes
3017 852 3432 922 Chrysostomus

1871 952 1898 988 a
1926 936 2220 1004 Theophilo
2245 938 2627 992 Alexandrino.
2649 940 2924 1007 Theophili
2954 955 3079 994 vero
3098 940 3231 994 liber
3250 950 3433 993 contra

1868 1026 2285 1096 Chrysostomum
2331 1029 2583 1096 scriptus,
2621 1029 2810 1083 Latine
2862 1046 3149 1086 conversus
3179 1041 3263 1086 est
3301 1047 3330 1083 a
3369 1032 3426 1085 S.

1869 1119 2212 1189 Hieronymo,
2242 1120 2464 1189 ejusque
2489 1121 2857 1176 translationis
2892 1123 3246 1193 fragmentum
3278 1121 3435 1193 affert

1869 1210 2156 1264 Facundus
2193 1211 2594 1266 llermianensis
2646 1211 2738 1265 lib.
2776 1228 2852 1274 v1,
2897 1228 3014 1280 cap.
3047 1212 3099 1264 5.
3140 1213 3434 1266 Accusatus

1869 1303 1968 1356 fuit
1997 1303 2245 1371 denique,
2282 1317 2348 1357 ne
2389 1317 2578 1358 omnes
2619 1319 2949 1370 enumerem,
2986 1305 3044 1359 S.
3074 1304 3306 1359 Hilarius
3351 1303 3435 1358 Pi-

1871 1394 2174 1447 ctaviensis.

1939 1485 2070 1539 Cum
2101 1485 2280 1553 itaque
2304 1499 2489 1540 omnes
2533 1487 2695 1541 hosce
2745 1489 2808 1542 de
2852 1487 3187 1558 Origenismo
3235 1489 3431 1558 injuria

1873 1588 2152 1632 accusatos
2182 1578 2346 1632 luisse
2378 1593 2533 1632 nemo
2574 1579 2685 1648 jam
2719 1580 2946 1645 dubitet,
3009 1582 3268 1648 suspicari
3321 1581 3435 1634 for-

1873 1678 2019 1724 tasse
2070 1670 2192 1738 quis
2235 1679 2436 1739 posset,
2503 1671 2783 1742 Didymum
2817 1686 3028 1740 quoque
3068 1673 3334 1725 immerito
3370 1673 3434 1724 de

1872 1759 2059 1813 eodem
2097 1767 2404 1813 accusatum
2432 1759 2628 1822 fuisse;
2667 1775 2787 1812 nam
2831 1770 2954 1815 ante
3000 1769 3210 1814 sextum
3243 1761 3433 1814 Eccle-

238 1875 537 1918 cunctorum.
573 1858 839 1914 Possihile
877 1866 960 1910 est
989 1865 1164 1908 autem
1213 1853 1423 1922 aliquos
1466 1851 1764 1920 hujusmodi
1802 1831 1843 1888 Β
1873 1849 1964 1902 size
1993 1849 2244 1903 saeculum
2271 1849 2444 1904 nullus
2469 1852 2687 1903 omnino
2715 1851 2964 1916 scriptor,
2989 1860 3180 1919 praeter
3209 1849 3266 1903 S.
3309 1849 3434 1903 Hie-

237 1955 510 2023 spoutaneis
532 1950 803 2022 passionis
824 1948 1184 2003 voluntatibus
1207 1946 1536 1999 abstinentes
1564 1943 1764 2006 dicere,

236 2048 337 2114 quia
363 2061 461 2099 non
489 2045 714 2100 omnino
737 2040 963 2095 mutatio
997 2039 1137 2093 facta
1169 2039 1502 2107 signiﬁcatur
1527 2036 1769 2090 subdito-

235 2154 334 2191 rum
367 2137 673 2192 animalium
708 2134 1068 2203 superiorum.
1109 2149 1128 2181 ›
1169 2130 1438 2184 Hactenus
1492 2128 1768 2197 Didymus.

233 2230 318 2295 Qui
344 2230 466 2284 adeo
492 2227 781 2298 perspicue
809 2225 897 2278 hic
929 2223 1187 2290 loquitur,
1220 2229 1278 2274 ut
1309 2218 1492 2289 negari
1519 2220 1628 2288 jam
1665 2232 1770 2271 non

232 2321 392 2386 possit,
423 2321 550 2386 quin
587 2319 798 2385 aliquos
825 2314 1038 2382 angelos
1066 2320 1470 2382 spontanearum
1501 2308 1774 2378 culparum

233 2421 350 2469 reos,
383 2408 560 2462 salvos
602 2420 697 2475 per
727 2403 904 2458 Jesum
935 2402 1204 2456 Christum
1240 2399 1412 2454 factos
1437 2411 1555 2454 esse
1587 2398 1774 2453 existi-

231 2499 449 2564 maverit,
483 2512 548 2552 ac
577 2505 826 2565 purgatos
863 2500 1022 2561 atque
1050 2499 1327 2545 correctos.

289 2588 357 2642 Ex
387 2590 482 2642 hoc
507 2598 696 2640 tamen
724 2586 986 2638 duntaxat
1014 2583 1130 2636 loco
1167 2582 1287 2650 jure
1322 2579 1509 2634 inferri
1548 2593 1653 2634 non
1684 2591 1778 2646 po-

229 2686 337 2743 test,
363 2688 417 2731 ut
442 2677 663 2745 opinor,
695 2675 741 2730 ei
773 2689 983 2727 omnem
1011 2671 1320 2740 Origeniani
1355 2670 1658 2741 systematis
1684 2667 1776 2722 al)-

229 2768 514 2821 surditatem
542 2767 828 2834 probatam
869 2762 1051 2816 fuisse.
1091 2761 1217 2813 Nam
1253 2761 1425 2829 primo
1458 2774 1562 2814 non
1591 2759 1653 2811 de
1674 2759 1780 2810 dte-

227 2862 452 2915 tnouihus
485 2861 627 2929 agit,
663 2859 757 2912 sed
798 2859 861 2909 de
901 2855 1104 2922 angelis
1132 2853 1313 2921 lapsis,
1344 2865 1535 2920 nempe
1580 2865 1684 2903 non
1714 2849 1778 2902 de

226 2952 451 3005 omnibus
501 2949 677 3018 lapsis
713 2946 936 3014 angelis,
982 2945 1074 2999 sed
1115 2945 1179 2997 de
1210 2943 1547 3012 quibusdam.
1581 2941 1780 2995 Deinde

224 3057 313 3095 non
347 3042 409 3096 de
453 3038 698 3110 peccatis
739 3035 1070 3095 mortalibus,
1099 3033 1168 3087 ob
1211 3046 1329 3100 qua:
1369 3030 1559 3084 inferni
1595 3043 1780 3097 pmnas

225 3133 521 3196 meruerint,
577 3132 790 3183 videtur
829 3126 1118 3200 loqui,.sed
1153 3126 1217 3179 de
1244 3123 1416 3191 culpis
1449 3121 1776 3175 venialibus:

221 3235 271 3279 ut
306 3226 526 3295 proinde
574 3222 798 3276 tertium
831 3219 1096 3288 quoddam
1129 3215 1436 3285 angelorum
1482 3228 1650 3283 genus
1687 3213 1780 3266 ad-

223 3320 415 3372 misisse
451 3316 728 3378 videatur,
758 3313 847 3380 qui
884 3310 1041 3364 medii
1082 3309 1188 3364 sint
1215 3309 1354 3362 inter
1383 3315 1595 3360 sanctos
1620 3318 1782 3372 ange-

223 3410 309 3472 los,
339 3420 391 3465 et
426 3407 660 3479 angelos
690 3403 972 3471 reprobos,
1003 3402 1118 3456 sive
1153 3404 1443 3454 daemones.
1475 3397 1530 3451 ln
1569 3396 1782 3464 scriptis

220 3517 354 3567 sane,
397 3515 519 3569 quae
555 3497 724 3553 hodie
762 3503 1068 3565 supersunt,
1099 3506 1324 3562 quaeque
1377 3490 1492 3558 ipse
1543 3487 1782 3557 legerim,

220 3608 464 3662 nusquam
515 3589 751 3650 indicat,
777 3587 831 3640 ni
866 3585 1042 3648 fallor,
1075 3583 1236 3637 ullam
1265 3596 1329 3636 ex
1367 3579 1606 3649 reprohis
1634 3592 1785 3632 crea-

221 3687 343 3740 turis
370 3687 438 3739 ab
472 3683 681 3738 inferni
723 3679 898 3750 ptenis
931 3679 1207 3732 liberatam
1254 3675 1439 3737 fuisse,
1471 3681 1561 3725 aut
1589 3671 1786 3725 libera-

220 3783 316 3826 tum
344 3775 405 3829 iri
437 3794 452 3830 ε
480 3774 627 3843 quin
661 3786 690 3826 e
724 3769 996 3825 contrario
1033 3766 1225 3833 saepius
1258 3764 1433 3828 docet,
1467 3771 1522 3816 ut
1544 3761 1787 3830 superius

220 3865 338 3928 dixi,
380 3865 749 3934 reprohorum
794 3857 1050 3928 supplicia
1098 3856 1213 3911 fore
1261 3854 1607 3923 sempiterna.
1665 3850 1788 3905 ldeo

221 3965 384 4009 autem
420 3955 473 4009 in
508 3955 657 4009 hanc
698 3951 763 4005 de
800 3948 1107 4016 angelorum
1151 3945 1501 4014 quorumdam
1537 3941 1788 3996 emenda-

222 4047 354 4102 tione
379 4045 719 4103 sententiam
747 4042 1034 4109 Didymum
1071 4037 1287 4091 venisse
1318 4035 1566 4104 conjicio,
1601 4043 1660 4088 ut
1685 4050 1790 4088 ma-

222 4138 296 4206 gis
343 4140 632 4210 magisque
690 4149 808 4188 sese
864 4129 1166 4185 Manicbazis
1229 4136 1523 4198 opponeret
1575 4145 1590 4181 :
1657 4126 1788 4181 mihi

221 4231 348 4284 enim
380 4232 557 4299 ipsius
606 4225 990 4281 Enarrationes
1023 4219 1222 4290 legenti
1261 4219 1347 4272 vix
1382 4218 1484 4272 alia
1523 4219 1590 4272 de
1629 4234 1790 4272 causa

226 4335 346 4390 opus
366 4321 497 4375 illud
534 4316 920 4383 composuisse
948 4314 1178 4378 videtur,
1212 4326 1370 4380 quam
1398 4319 1455 4364 ut
1481 4309 1790 4379 pestiferam

224 4411 432 4464 istorum
462 4407 731 4464 haeresim
758 4404 1078 4460 confutaret.
1120 4402 1251 4456 Cum
1295 4401 1473 4468 itaque
1503 4397 1792 4452 Catholicis

1879 1953 2183 2010 ronymum,
2207 1939 2344 1992 hanc
2373 1940 2421 1992 ei
2443 1947 2620 1992 notant
2647 1941 2864 2004 inussit,
2891 1941 2940 1993 ni
2969 1940 3124 1994 fallor
3148 1959 3163 1995 :
3188 1940 3280 1994 sed
3301 1956 3432 2004 con-

1876 2040 1957 2084 tra
1993 2032 2142 2084 multi
2171 2032 2395 2086 summis
2422 2047 2541 2086 eum
2571 2033 2818 2087 laudibus
2869 2034 3202 2098 extulerunt,
3238 2043 3294 2086 ut
3326 2033 3429 2087 So-

1881 2132 2083 2189 crates,
2139 2123 2489 2188 Sozomenus,
2538 2125 2928 2179 Theodoretus.
2992 2126 3183 2179 Mirum
3255 2135 3431 2181 autem

1874 2216 2041 2269 videri
2086 2226 2281 2284 potest,
2334 2215 2474 2284 quod
2536 2230 2798 2284 nusquam
2846 2231 2966 2270 eum
3022 2220 3436 2286 reprehenderit

1877 2322 2102 2378 magnus
2135 2308 2222 2360 ille
2253 2308 2678 2372 OrigeniSIarum
2737 2308 3080 2362 adversarius
3112 2309 3172 2362 S.
3204 2309 3438 2377 Epipha-

1879 2400 2021 2462 nius,
2051 2413 2222 2466 neque
2255 2399 2306 2451 in
2331 2397 2570 2466 Epistola
2593 2401 2660 2450 ad
2691 2399 2946 2452 Joannem
2972 2402 3261 2468 episcopum
3287 2400 3440 2453 Jero-

1880 2491 2253 2559 solymitanum
2285 2490 2404 2557 (etsi
2441 2491 2491 2542 in
2516 2506 2576 2543 ea
2606 2490 2673 2543 de
2718 2489 3038 2559 Origenislis
3073 2491 3293 2559 loquens
3324 2491 3438 2545 Ru-

1883 2581 2072 2643 finum,
2099 2594 2161 2632 ac
2189 2578 2483 2633 Palladium
2512 2579 2767 2645 incuset),
2793 2594 2966 2646 neque
2993 2580 3042 2632 in
3074 2579 3331 2644 Panario,
3349 2580 3441 2635 ubi

1880 2675 1947 2727 de
1975 2673 2221 2726 omnibus
2249 2672 2565 2735 haeresibus,
2591 2686 2654 2724 ac
2699 2672 2980 2740 praecipuis
3027 2687 3213 2726 earum
3259 2682 3440 2740 patro-

1880 2765 1964 2818 nis
1987 2779 2289 2818 sermonem
2333 2765 2510 2824 habet,
2551 2779 2724 2832 neque
2761 2764 2812 2816 in
2845 2764 2950 2818 ullo
2973 2765 3078 2818 alio
3095 2780 3274 2832 opere.
3294 2763 3435 2830 Quin

1883 2855 2010 2909 illud
2038 2856 2198 2908 etiam
2229 2854 2638 2908 admirationem
2703 2854 2936 2922 aliquam
2996 2856 3193 2911 habere
3240 2866 3440 2924 potest,

1883 2947 2023 3014 quod
2051 2960 2225 3015 neque
2256 2945 2584 3014 Augustinus
2614 2945 2682 2998 'iu
2747 2945 2884 3000 libro
2927 2944 3005 2999 De
3045 2947 3326 3001 Itcereaibus
3355 2948 3445 3003 Di-

1883 3038 2100 3108 dymum
2162 3046 2448 3102 memoret,
2488 3051 2587 3090 nec
2633 3035 2877 3090 Gelasius
2915 3039 3216 3108 apocrypha
3255 3054 3448 3094 recen-

1885 3144 2012 3183 sens
2081 3143 2239 3198 opera
2301 3128 2464 3180 ullum
2523 3126 2740 3197 Didymi
2791 3142 2924 3196 Opus
2957 3131 3216 3190 nominet,
3271 3144 3446 3198 neque

1889 3219 2217 3288 Theophilus
2256 3219 2653 3272 Alexandrinus
2688 3218 3140 3288 Origenistarum,
3182 3233 3232 3273 et
3257 3219 3448 3290 Orige-

1885 3312 2030 3366 niani
2062 3311 2370 3381 systematis
2397 3311 2700 3370 damnator,
2735 3312 3062 3365 mentionem
3111 3312 3318 3381 Didymi
3349 3329 3448 3366 ttu-

1885 3420 2045 3474 quam
2071 3404 2234 3458 faciat
2272 3404 2324 3456 iu
2351 3403 2594 3472 epistolis
2625 3413 2811 3456 contra
2843 3402 3126 3471 Origeuem
3151 3415 3310 3473 atque
3327 3405 3448 3459 Ori-

1887 3496 2126 3566 genistas
2151 3495 2390 3563 scriptis,
2412 3508 2482 3548 ac
2513 3495 2565 3547 in
2592 3493 2890 3547 Nitrieuses
2919 3494 3132 3562 quidem
3158 3495 3449 3551 monachos

1891 3588 2198 3651 invehatur,
2233 3586 2501 3638 neminem
2540 3598 2666 3637 vero
2715 3595 3117 3649 commemoret,
3146 3602 3301 3654 quem
3323 3586 3448 3642 Ori-

1887 3678 2132 3748 genianis
2163 3676 2434 3729 erroribus
2482 3689 2512 3728 a
2540 3675 2763 3742 Didyme
2787 3675 3041 3727 imbutum
3069 3676 3313 3731 allirmet.
3337 3677 3451 3732 lmo

1890 3784 1956 3823 ne
1986 3769 2038 3822 in
2066 3768 2270 3840 synodo
2302 3768 2540 3837 quidem,
2576 3781 2736 3834 quant
2775 3767 2826 3820 in
2884 3766 3051 3820 Nitria
3091 3771 3156 3821 ad
3200 3770 3452 3824 condem-

1890 3862 2102 3917 nandos
2134 3860 2468 3928 Origenistas
2523 3859 2710 3912 habuit
2763 3857 2876 3926 ipse
2942 3857 3288 3927 Theophilus,
3345 3860 3448 3914 ulla

1891 3953 2101 4024 Didymi
2133 3953 2334 4005 mentio
2359 3949 2494 4002 facta
2525 3960 2637 4004 est:
2669 3957 2722 4001 ut
2743 3965 2808 4002 ex
2834 3964 2898 4002 eo
2925 3949 3134 4017 colligo,
3162 3952 3300 4018 quod
3332 3951 3454 4006 Hie-

1891 4057 2144 4114 ronymus
2171 4043 2224 4096 in
2267 4041 2490 4112 epistola
2518 4041 2619 4094 155
2647 4041 2713 4093 ad
2743 4039 3130 4102 Ctesiphontem
3157 4058 3281 4112 pag.
3313 4043 3455 4098 1025

1901 4145 1956 4189 et
1977 4134 2246 4206 sequenti,
2272 4134 2468 4188 multos
2495 4147 2838 4198 enumerans,
2872 4149 2934 4188 ac
2961 4135 3262 4197 nominans,
3294 4138 3383 4204 qui
3401 4138 3452 4189 iu

1892 4242 1957 4283 eo
1972 4227 2202 4283 concilio
2218 4225 2452 4281 damnati
2467 4233 2609 4290 sunt,
2628 4223 2908 4295 Didymum
2924 4241 3030 4302 nep
3047 4237 3451 4282 commemorat.

1962 4319 2034 4372 At
2059 4318 2310 4388 quamvis
2343 4317 2458 4371 hmo
2486 4317 2556 4370 ita
2589 4331 2646 4369 se
2677 4317 2931 4380 habeant,
2957 4318 3000 4371 si
3030 4319 3242 4386 probari
3275 4329 3454 4374 tamen

1900 4419 2084 4480 posset
2118 4410 2259 4479 quod
2289 4408 2558 4462 Baronius
2602 4416 2656 4462 et
2700 4405 2903 4462 Natalis
2953 4409 3257 4464 Alexander
3285 4411 3455 4474 aiunt,

226 4503 338 4556 illud
361 4505 638 4572 objicere,
675 4514 740 4553 ac
772 4497 1024 4552 dictitare
1052 4511 1156 4550 non
1187 4503 1464 4549 cessarent
1495 4491 1780 4552 Manichaei,

1901 4504 2179 4557 Melaniam
2207 4505 2470 4559 seniorem
2491 4505 2831 4574 Origenianis
2856 4502 3131 4557 erroribus
3157 4517 3187 4555 a
3235 4503 3458 4572 Ditlymo

224 4595 482 4650 daemones
513 4607 643 4648 esse
678 4601 867 4644 natura
907 4588 1099 4651 malos,
1128 4587 1287 4656 idque
1320 4586 1572 4656 Didymus
1604 4584 1793 4637 falsum

225 4697 331 4738 asc
365 4688 674 4739 ostendere
717 4680 914 4744 vellet;
951 4693 1016 4733 eo
1058 4680 1315 4733 adductus
1354 4685 1456 4740 est,
1491 4684 1548 4730 ut
1576 4675 1796 4739 diceret,

224 4775 420 4844 aliquos
453 4775 689 4846 quidem
732 4788 796 4827 ex
824 4771 1026 4841 angelis
1065 4771 1252 4840 lapsis,
1287 4770 1426 4840 quod
1464 4769 1658 4834 minus,
1704 4777 1796 4820 aut

224 4869 498 4922 venialiter
521 4864 896 4936 peccaverint,
927 4863 1209 4916 damnatos
1257 4875 1359 4914 non
1391 4875 1528 4925 esse,
1555 4859 1649 4913 sed
1683 4873 1797 4928 poe-

226 4957 451 5014 nitentiae
481 4959 676 5013 locum
709 4954 956 5009 relictum
981 4954 1060 5008 eis
1091 4952 1287 5017 fuisse;
1312 4951 1448 5006 alios
1473 4965 1621 5017 vero,
1655 4951 1796 5017 quod

227 5049 515 5102 mortaliter
562 5044 934 5116 peccaverint,
963 5053 1015 5098 et
1058 5041 1117 5107 ἐξ
1146 5041 1350 5104 οἰκείας
1375 5041 1595 5112 γνώμης
1621 5040 1798 5094 ἀδόκι-

229 5154 310 5208 μοι
334 5139 426 5192 καὶ
443 5137 702 5210 βέϐηλοι.
726 5144 784 5188 ιιι
804 5136 916 5205 ipse
934 5133 1024 5189 lib.
1050 5151 1088 5188 ιι
1113 5133 1190 5188 De
1211 5133 1381 5198 Trin.,
1412 5148 1528 5201 cap.
1551 5133 1604 5198 6,
1624 5147 1675 5200 p.
1701 5133 1796 5186 I48

229 5228 472 5297 loquitur,
492 5230 633 5283 facti
649 5225 1096 5295 fuerintjazternis
1111 5224 1383 5295 suppliciis
1398 5224 1691 5278 cruciatum
1710 5225 1796 5281 iri.

321 5320 451 5376 Car.
484 5320 638 5376 XIV.
673 5319 748 5372 De
776 5317 1098 5386 Origenismo
1126 5318 1412 5385 generatim.
1443 5324 1687 5382 spectato.

291 5411 478 5468 Plures
507 5411 699 5480 quarti
722 5409 904 5464 saeculi
934 5409 1119 5462 Patres
1143 5408 1207 5462 de
1228 5405 1565 5480 Origeuismo
1590 5423 1803 5464 accusa-

237 5503 515 5563 tosfuisse,
552 5501 717 5570 pauci
745 5509 872 5555 sunt
901 5498 1128 5568 theologi
1151 5500 1238 5567 qui
1274 5500 1541 5570 ignorent.
1569 5501 1803 5555 Accusa-

239 5599 314 5645 tas
341 5594 440 5647 fuit.
479 5593 546 5647 S.
577 5591 879 5664 Gregorius
913 5589 1204 5661 Nyssenus,
1245 5607 1402 5660 quem
1434 5590 1502 5646 ab
1531 5592 1630 5646 hac
1681 5599 1803 5645 nota

240 5681 465 5737 defendit
495 5684 562 5738 S.
589 5683 897 5738 Germanus
923 5681 1225 5749 patriarcha
1253 5681 1804 5752 Constantinopolita-

301 5795 346 5828 "
369 5797 587 5854 Coloss.
624 5811 663 5863 ι,
689 5796 784 5851 20.
863 5797 906 5828 '°
930 5796 1057 5853 Luc.
1085 5813 1144 5864 ιι,
1171 5797 1250 5852 ll.

1910 4595 2172 4650 imbutam
2207 4594 2391 4658 fuisse,
2425 4596 2598 4649 nullus
2619 4597 2728 4662 jam
2755 4594 3144 4661 relinqueretur
3167 4593 3232 4673 de
3251 4594 3458 4663 Didymi

1903 4688 2246 4757 Origenismo
2272 4689 2552 4744 dubitandi
2589 4688 2758 4742 locus.
2791 4688 2894 4742 Sed
2928 4698 3107 4740 utrum
3158 4688 3208 4742 id
3258 4687 3458 4743 eﬂicaci

1902 4780 2080 4848 aliquo
2112 4790 2430 4850 argumento
2463 4780 2766 4834 conﬁrmari
2791 4781 2979 4847 possit,
3024 4779 3165 4831 haud
3199 4779 3331 4832 scio.

1971 4869 2106 4935 Quid
2134 4884 2261 4940 ergo
2292 4871 2524 4933 tandem,
2560 4869 2791 4939 inquies,
2809 4869 3149 4922 statuendum
3174 4870 3290 4922 est?
3313 4868 3461 4922 Fuit-

1903 4976 1972 5016 ne
2019 4961 2274 5031 Didymus
2320 4961 2646 5030 Origenista,
2683 4960 2899 5015 annon?
2923 4960 3065 5015 Satis
3100 4961 3326 5015 fortasse
3348 4961 3458 5028 jam

1905 5051 2027 5107 alibi
2061 5053 2184 5121 quid
2237 5053 2366 5107 mihi
2416 5053 2694 5123 probetur,
2765 5053 3018 5108 iudicavi.
3077 5051 3338 5105 Nimirum
3367 5067 3464 5120 pro

1904 5144 2195 5211 compertis
2223 5144 2334 5196 haec
2389 5152 2594 5195 tantum
2643 5141 2886 5196 habenda
2935 5142 3204 5206 existimo,
3255 5157 3372 5210 quae
3397 5157 3464 5196 ex

1907 5244 2132 5289 veterum
2160 5233 2476 5287 testimoniis
2503 5243 2753 5286 constant
2781 5233 2833 5285 in
2892 5243 3132 5287 extremo
3181 5234 3282 5286 hoc
3319 5233 3467 5287 volu-

1906 5327 2112 5380 minea
2153 5340 2240 5378 me
2296 5325 2473 5380 editis.
2531 5323 2744 5387 Primo,
2802 5323 3050 5393 Origenis
3107 5324 3463 5378 eruditionem

1907 5430 2172 5470 summum
2204 5415 2257 5467 in
2291 5413 2505 5468 modum
2532 5414 2826 5467 mirabatur
2858 5413 3130 5483 Didymus.
3175 5413 3306 5476 Quis
3339 5429 3466 5467 vero

1905 5522 2022 5561 eam
2052 5521 2158 5560 non
2190 5504 2453 5558 miretur‘l
2486 5504 2758 5564 Secundo,
2801 5503 2853 5555 in
2883 5503 2948 5555 iis
2969 5504 3215 5557 onmihus
3246 5518 3363 5572 quae
3397 5503 3466 5558 ad

1905 5599 2298 5653 sanctissimam
2331 5597 2648 5651 Trinitatem
2677 5603 2953 5662 spectant,
2985 5595 3313 5650 orthodoxus
3348 5595 3465 5648 sine

1906 5691 2066 5746 dubio
2090 5689 2314 5758 exstitit,
2348 5690 2462 5760 ipso
2491 5689 2542 5743 id
2570 5688 2770 5744 fatente
2795 5686 3134 5748 Hieronymo.
3159 5687 3250 5742 sed
3279 5684 3464 5754 Orige-
