3970 6406
456 369 560 425 207

1889 362 1976 418 DE
2015 359 2267 417 DlDYMO

3562 353 3671 410 208

463 485 547 539 nis
597 490 771 537 tamen
824 482 998 551 quoad
1049 481 1164 536 haec
1226 487 1593 551 propugnator
1637 478 2011 549 apertis-simus
2040 480 2084 538 Α
2116 476 2184 532 tis
2218 473 2484 543 conjicere
2514 472 2659 527 licet.
2695 470 2749 525 ld
2782 483 3001 536 autem,
3033 470 3077 524 si
3114 470 3191 525 sic
3226 482 3285 523 se
3313 467 3497 533 habet,
3526 470 3668 524 haud

462 573 582 637 fuit,
612 574 751 641 quod
775 585 838 624 eu
850 587 898 624 ni
925 571 992 625 de
1018 569 1278 625 Trinitate
1306 569 1569 624 catholice
1628 568 1861 624 sensisse
1885 582 2012 623 con-

464 664 725 721 tenderet.
762 664 963 729 Tertio,
1001 663 1051 716 in
1084 662 1150 716 iis
1176 677 1293 731 qua:
1321 669 1532 716 exstant
1566 660 1779 727 scriptis
1830 659 2008 729 plures

463 754 682 808 adhibet
706 752 1021 817 locutiones,
1051 765 1184 818 quas
1243 759 1398 803 antea
1440 750 1695 819 Origenes
1724 762 2014 816 usurpave-

464 856 568 908 rat,
615 860 842 914 quteque
896 843 1111 897 etiamsi
1160 841 1482 896 catholicum
1547 854 1763 894 sensum
1822 840 2017 894 habere

463 945 683 1003 queant,
711 942 831 1003 post
857 933 1063 1002 Didymi
1118 940 1292 985 tamen
1342 931 1544 985 obitum
1585 936 1845 998 suspectae
1897 942 2019 982 eva-

464 1038 817 1095 serunt,,tum
849 1024 1199 1080 scilicetcum
1243 1036 1427 1076 earum
1483 1020 1767 1074 nonnullas
1798 1019 2013 1089 quidem

466 1131 494 1168 a
526 1115 851 1186 Pelagianis,
888 1114 1022 1168 alias
1053 1127 1183 1166 vero
1206 1111 1271 1165 ab
1295 1109 1737 1179 Origeuianorutn
1766 1122 2013 1163 errorum

466 1208 705 1278 patronis
734 1220 898 1276 pravo
931 1218 1090 1259 sensu
1131 1202 1369 1256 adhiberi
1412 1209 1747 1270 compertum
1792 1207 1895 1255 est.
1922 1200 2019 1253 De-

471 1304 629 1370 nique
652 1299 992 1356 cumsaeculo
1020 1298 1207 1367 quinto
1257 1296 1503 1350 maximae
1553 1294 1891 1350 auctoritatis
1937 1294 2021 1348 vir

468 1395 841 1465 Hieronymus,
881 1401 935 1447 et
973 1406 1002 1445 a
1032 1398 1185 1444 sexto
1214 1387 1432 1453 saeculo,
1455 1387 1567 1441 sive
1614 1400 1645 1439 a
1697 1386 1900 1454 quinta:
1932 1399 2023 1455 sy-

470 1486 589 1539 nodi
618 1493 853 1553 tempore
880 1495 1047 1550 usque
1072 1480 1135 1533 ad
1167 1480 1305 1533 hanc
1356 1488 1569 1531 attatem
1630 1475 1722 1530 alii
1775 1476 2012 1545 plurimi,

468 1592 697 1646 quorum
752 1576 912 1628 verba
948 1574 999 1629 in
1048 1584 1272 1627 veterum
1324 1569 1677 1635 Testimouiis,
1733 1570 1799 1624 de
1831 1569 2025 1639 quibus

470 1668 625 1721 modo
662 1666 925 1728 dicebam,
965 1665 1063 1733 legi
1121 1672 1363 1733 possunt,
1410 1662 1688 1730 Didymum
1746 1671 1804 1714 ut
1838 1660 2025 1730 Orige-

472 1759 664 1811 nistam
703 1757 1011 1819 habuerint,
1039 1757 1146 1809 imo
1165 1755 1504 1807 anathemate
1546 1751 1893 1820 perculerint,
1922 1752 2025 1805 du-

471 1848 629 1902 bitari
661 1848 851 1902 merito
892 1862 995 1900 non
1050 1854 1243 1915 potest,
1290 1844 1418 1914 quin
1446 1844 1560 1913 ipse
1608 1845 1747 1907 inter
1770 1844 2019 1914 Origeni-
2052 1832 2093 1887 Β

471 1948 583 1993 stas
612 1938 970 1992 numerandus
996 1940 1087 1991 sit.

543 2032 648 2087 Sed
673 2048 778 2101 quo
808 2047 988 2096 sensu,
1016 2039 1075 2084 ut
1105 2030 1174 2083 ita
1204 2029 1396 2096 dicam,
1430 2026 1592 2083 fuerit
1625 2028 1949 2099 Origenista,
1971 2029 2023 2083 id

472 2133 583 2189 est,
614 2139 733 2177 cum
772 2132 850 2176 tut
877 2122 983 2175 siut
1011 2135 1223 2174 errores
1269 2118 1485 2187 Origeni
1544 2118 1751 2185 tributi,
1805 2121 2023 2188 quibus.

474 2230 595 2268 nam
633 2214 917 2267 adhazserit
945 2213 1221 2281 Didymus,
1258 2212 1396 2265 haud
1421 2210 1534 2265 scio
1558 2226 1624 2264 an
1669 2221 1781 2264 tuto
1814 2211 2021 2265 deﬁniri

476 2314 659 2373 queat.
693 2304 824 2358 Nam
860 2304 911 2356 in
939 2303 1153 2370 scriptis
1182 2301 1419 2370 quidem,
1447 2318 1565 2371 qua:
1590 2312 1896 2371 supersunt,
1935 2302 2025 2355 vix

475 2397 577 2450 ulla
616 2396 717 2449 alia
743 2403 890 2448 certo
936 2402 1158 2462 apparet
1214 2391 1535 2462 Origeniana
1584 2392 1787 2459 opinio,
1836 2401 2027 2459 przeter

474 2504 614 2552 eam,
650 2502 808 2555 quam
838 2487 1014 2555 capite
1041 2484 1307 2554 superiori
1357 2484 1534 2550 attuli,
1570 2486 1636 2540 de
1682 2486 1887 2556 angelis
1907 2486 2028 2555 qui-

476 2578 725 2641 busdam,
756 2590 982 2645 quorum
1010 2575 1194 2644 lapsus
1223 2574 1483 2642 ejusmodi
1522 2574 1700 2638 fuerit,
1729 2584 1785 2627 ut
1811 2574 2027 2628 aeternis

474 2668 752 2737 suppliciis
785 2682 888 2721 non
924 2668 1108 2720 statim
1140 2681 1260 2721 cum
1289 2667 1530 2735 reprobis
1567 2667 1771 2735 angelis
1793 2666 2027 2719 damnati

474 2761 605 2822 sint,
641 2759 732 2813 sed
758 2758 1087 2816 poenitentiae
1109 2758 1258 2812 locus
1286 2758 1363 2811 eis
1398 2772 1684 2812 concessus
1734 2759 1914 2811 fuerit.
1952 2757 2028 2811 Ex

477 2850 729 2904 omnibus
780 2858 958 2903 autem
1014 2848 1291 2903 veteribus
1321 2848 1692 2918 scriptoribus,
1741 2850 1830 2917 qui
1866 2847 2026 2919 Didy-

480 2957 622 2999 mum
655 2940 977 3007 Origenismi
1002 2949 1349 3003 accusarunt,
1412 2955 1479 2993 ne
1527 2955 1662 2994 unus
1705 2940 1915 3009 quidem
1946 2951 2029 2994 est

472 3035 565 3103 qui
590 3033 702 3087 loca
730 3034 903 3102 aliqua
932 3048 995 3087 ex
1029 3032 1249 3102 Didymo
1271 3033 1604 3101 deprompta,
1645 3041 1805 3101 atque
1846 3032 2029 3101 Orige-

481 3124 744 3177 nistarum
768 3123 1127 3192 blasphemias
1160 3122 1489 3177 continentia
1548 3123 1701 3177 nobis
1730 3122 2024 3193 reliquerit,
2054 3159 2096 3217 C

477 3214 633 3287 [LVI]
662 3217 766 3270 imo
790 3230 860 3270 ne
873 3230 1008 3270 unus
1034 3214 1246 3284 quidem
1263 3224 1344 3271 est
1366 3215 1432 3286 (si
1460 3213 1838 3286 Hieronymum
1871 3231 2029 3271 exce-

477 3307 640 3375 peris,
672 3306 737 3359 de
759 3321 865 3374 quo
898 3322 1019 3359 mox
1061 3306 1256 3376 dicam)
1296 3304 1388 3374 qui
1448 3319 1543 3360 eos
1599 3306 1786 3359 saltem
1819 3306 2028 3377 Didymi

481 3397 646 3451 libros
676 3397 1050 3461 nominaverit,
1082 3397 1134 3451 in
1166 3397 1361 3465 quibus
1378 3397 1591 3453 easdem
1617 3397 1975 3469 blasphemiae
1997 3414 2027 3454 a

479 3487 703 3557 Didyme
728 3487 905 3541 doceri
938 3488 1347 3543 existimaverit.

546 3574 742 3630 Fateor
773 3577 1014 3646 quidem,
1042 3576 1095 3630 in
1146 3575 1336 3630 Latina
1377 3575 1587 3645 Evagrii
1620 3575 1920 3631 scholastici
1948 3578 2028 3630 in-

478 3672 855 3739 terpretatione
877 3670 977 3724 lib.
1010 3686 1083 3734 tv,
1108 3685 1225 3740 cap.
1258 3670 1346 3732 58,
1373 3670 1471 3740 legi
1502 3686 1517 3724 :
1548 3669 1847 3724 Retulerunt
1870 3672 2028 3724 etiam

477 3763 634 3815 iidem
676 3761 856 3815 Patres
886 3762 1077 3815 multas
1101 3761 1235 3815 alias
1263 3761 1492 3832 Didymi,
1523 3760 1752 3832 Evagrii,
1778 3779 1840 3815 ac
1872 3761 1914 3816 Τ
1916 3764 2031 3816 hes-

475 3854 593 3905 dori
626 3853 991 3919 blasphemias,
1030 3868 1157 3919 quas
1188 3853 1419 3906 studiose
1454 3852 1733 3906 admodum
1765 3869 1827 3907 ea:
1850 3869 2028 3907 eorum

476 3943 621 3994 libris
648 3953 1026 4009 excerpserunt.
1053 3942 1157 3996 Sed
1190 3944 1348 3997 verba
1380 3945 1515 4011 haec,
1538 3961 1601 3998 ea:
1643 3961 1820 3999 eorum
1860 3946 2026 4008 libris,

476 4035 542 4088 de
562 4048 660 4087 suo
678 4034 881 4088 addidit
905 4032 1125 4088 Latinus
1150 4034 1435 4103 interpres,
1461 4051 1581 4090 cum
1608 4037 1659 4089 in
1695 4036 1881 4090 Graeco
1904 4036 2026 4089 fon-

478 4133 553 4188 te,
583 4139 647 4179 ex
679 4139 785 4193 quo
803 4123 974 4178 locum
1008 4123 1160 4177 attuli
1192 4139 1311 4193 pag.
1363 4126 1490 4189 485,
1521 4141 1623 4179 non
1673 4126 1949 4196 legantur;
1984 4128 2029 4184 is

476 4215 616 4270 enim
641 4215 802 4269 habet
823 4230 837 4267 :
859 4213 939 4267 Τὰ
953 4215 1080 4285 περὶ
1107 4217 1308 4268 τούτων
1336 4215 1733 4285 ὲκλεξαμένοτς,
1773 4231 1874 4269 non
1904 4232 2030 4273 vero

476 4306 628 4378 παρὰ
662 4288 917 4371 τούτων,’
949 4316 1007 4360 ut
1072 4306 1290 4375 proinde
1349 4308 1661 4361 vertendum
1719 4308 1894 4378 potius
1924 4310 2025 4364 sit:

475 4400 563 4466 qui
585 4400 816 4453 studiose
841 4398 1119 4452 admodum
1136 4414 1251 4467 qua:
1266 4400 1333 4451 ad
1356 4399 1489 4452 hanc
1528 4416 1633 4453 rem
1664 4399 1799 4471 [aut,
1818 4416 1931 4469 qua:
1960 4402 2028 4454 ad

2116 567 2291 630 magni
2332 567 2429 619 hac
2463 565 2514 617 in
2547 579 2606 619 re
2638 562 2921 631 Nicephori
2958 562 3254 616 auctoritas
3278 559 3533 615 momenti
3555 570 3659 615 est.

2114 657 2267 726 Apud
2293 655 2575 726 Evagrium
2630 655 2773 709 enim
2830 653 2931 723 legi
2987 651 3231 722 profecto
3258 651 3415 705 debet
3444 652 3513 705 τὰ
3541 649 3676 723 περὶ

2114 747 2336 813 τούτων,
2366 761 2468 800 non
2505 759 2632 799 vero
2649 743 2797 813 παρὰ
2822 742 3043 807 τούτων,
3067 752 3158 795 aut
3183 741 3251 796 τὰ
3279 742 3429 814 παρὰ
3446 740 3671 795 τούτων.

2117 841 2329 895 Etenim
2368 839 2412 893 si
2452 839 2601 910 παρὰ
2630 838 2853 900 τούτων,
2886 847 2979 892 aut
3004 836 3073 890 τὰ
3089 835 3239 907 παρὰ
3265 834 3467 889 τούτων
3496 836 3675 905 legere

2116 934 2236 1001 quis
2262 932 2410 995 velit,
2464 941 2554 983 aut
2576 930 2805 985 hiulcam
2838 930 2930 993 ibi,
2966 940 3059 984 aut
3091 928 3444 999 inelegantem
3485 930 3676 985 reddet

2119 1022 2411 1092 Nicephori
2445 1024 2767 1077 orationem.

2190 1116 2349 1170 Solus
2384 1130 2509 1186 ergo
2532 1114 2685 1168 nobis
2713 1114 2869 1167 modo
2917 1111 3242 1181 relinquitur
3291 1111 3675 1185 Hieronymus,

2118 1223 2275 1278 quem
2319 1218 2468 1263 certo
2491 1216 2700 1261 constet
2725 1221 2828 1259 non
2880 1205 3104 1259 aliorum
3150 1206 3295 1267 ﬁdei,
3334 1220 3429 1259 seu
3492 1219 3678 1259 narra-

2121 1301 2251 1359 tioni
2287 1300 2551 1361 innixum,
2588 1313 2687 1352 nec
2715 1297 3034 1367 fragmentis
3072 1314 3101 1351 e
3133 1296 3358 1366 Didymo
3384 1297 3677 1367 excerptis,

2120 1393 2371 1462 equibus
2421 1406 2559 1461 saepe
2603 1406 2727 1445 vera
2786 1390 3020 1445 auctoris
3071 1390 3335 1445 sententia
3384 1390 3562 1460 colligi
3586 1406 3682 1444 ne-

2121 1486 2259 1555 quit,
2292 1484 2569 1554 Didymum
2618 1493 2676 1536 ut
2725 1480 3083 1551 Origenistam
3137 1481 3460 1547 traduxisse,
3479 1482 3575 1536 sed
3611 1496 3676 1537 ex

2122 1576 2254 1646 ipsis
2287 1574 2493 1645 Didymi
2551 1574 2827 1643 operibus,
2882 1574 3055 1642 iisque
3112 1572 3361 1643 genuinis
3409 1572 3566 1643 (nihil
3595 1581 3680 1628 est

2122 1670 2263 1722 enim
2294 1682 2390 1721 cur
2431 1668 2497 1720 de
2530 1666 2630 1720 hoc
2688 1664 3013 1725 dubitemus)
3070 1665 3466 1719 accusationem
3513 1680 3671 1719 suam

2125 1758 2541 1828 deprompsisse.
2583 1756 2695 1812 Etsi
2718 1758 2859 1811 enim
2885 1756 3119 1825 quandiu
3156 1757 3209 1809 in
3234 1756 3368 1810 vivis
3391 1755 3491 1809 fuit
3517 1755 3681 1827 Didy-

2122 1867 2260 1913 mus,
2287 1851 2492 1919 magnis
2538 1864 2659 1903 eum
2716 1848 2965 1902 laudibus
3019 1847 3289 1911 extulerit,
3322 1862 3385 1901 ac
3423 1846 3678 1901 videntem

2121 1941 2440 2010 prophetam,
2470 1949 2515 1991 et
2550 1938 2827 2007 Didymum
2860 1938 3137 1999 videntem,
3178 1946 3232 1991 et
3251 1937 3430 1990 oculos
3477 1938 3679 1991 haben-

2124 2044 2223 2087 tem
2254 2048 2454 2100 sponsa:
2499 2030 2562 2083 de
2599 2029 2811 2083 Cantica
2860 2029 3217 2093 canticorum,
3265 2038 3320 2082 et
3370 2030 3678 2097 magistrum

2124 2140 2271 2179 suum
2298 2140 2418 2177 eum
2449 2121 2751 2191 appellarit,
2802 2120 3094 2190 paucisque
3156 2128 3277 2189 post
3330 2119 3445 2189 ejus
3471 2119 3678 2175 obitum

2125 2216 2279 2270 annis
2302 2223 2537 2267 sanctum
2564 2212 2840 2283 Didymum
2865 2212 3042 2280 ipsum
3077 2211 3389 2274 nominarit,
3431 2210 3538 2265 imo
3561 2210 3684 2280 plu-

2125 2309 2275 2364 ribus
2304 2308 2460 2362 annis
2488 2315 2609 2375 post
2654 2305 2881 2374 scriptos
2930 2305 2981 2358 in
3018 2302 3267 2357 Ruﬁnum
3309 2303 3478 2357 libros
3510 2302 3679 2372 Didy-

2126 2415 2269 2453 mum
2295 2411 2601 2451 memorans
2628 2410 2687 2448 se
2721 2394 2859 2447 illius
2895 2394 3128 2447 amicum
3164 2390 3330 2445 fuisse
3371 2389 3535 2444 veluti
3566 2388 3683 2457 glo-

2127 2492 2295 2544 riatus
2317 2487 2473 2542 fuerit
2504 2488 2585 2540 his
2644 2484 2820 2547 verbis
2853 2500 2866 2537 :
2902 2481 3065 2551 Cujus
3108 2496 3268 2547 nuper
3306 2479 3560 2532 amicitiis
3592 2477 3681 2531 usi

2126 2596 2340 2637 sumus:
2366 2581 2417 2633 in
2446 2579 2596 2633 libris
2638 2586 2814 2631 tamen
2862 2583 3043 2628 contra
3097 2572 3348 2641 Ruﬁnum
3376 2572 3535 2627 editis
3572 2586 3681 2626 non

2134 2673 2290 2727 modo
2318 2671 2600 2739 Didymum
2629 2666 2958 2737 Origeniano
2982 2674 3272 2735 systemate
3299 2665 3682 2733 praeexsisten-

2129 2764 2216 2818 tite
2237 2761 2533 2815 animarum
2559 2758 2817 2813 imbutum
2846 2756 3013 2810 fuisse
3042 2753 3292 2819 allirmat,
3317 2768 3499 2808 verum
3514 2755 3680 2808 etiam

2127 2854 2291 2908 libros
2326 2851 2544 2914 indicat,
2583 2850 2634 2904 in
2695 2848 2893 2917 quibus
2953 2844 3257 2912 huiusmodi
3302 2856 3535 2915 systema
3566 2845 3685 2915 ipse

2128 2943 2385 3013 Didymus
2409 2948 2624 2995 secutus
2666 2936 2860 2999 fuerat,
2881 2934 3349 2989 commentariolos
3375 2934 3581 2990 scilicet
3624 2934 3681 2988 in

2128 3032 2373 3103 Origenis
2401 3033 2564 3086 libros
2594 3030 2669 3083 De
2697 3028 2991 3096 principiis,
3033 3041 3062 3079 a
3107 3025 3332 3080 Socrate
3370 3026 3531 3081 etiam
3568 3039 3686 3079 me—

2132 3135 2386 3187 moratos,
2412 3132 2466 3177 et
2502 3122 2695 3175 librum
2724 3121 2787 3173 ad
2818 3119 3064 3173 Ruﬁnum
3087 3118 3161 3172 De
3187 3127 3350 3171 morte
3372 3117 3682 3187 infantium.

2129 3216 2259 3283 Quis
2280 3223 2459 3268 autem
2510 3224 2709 3281 negare
2758 3210 2920 3275 ausit,
2960 3209 3436 3279 locupletissimum
3490 3217 3683 3262 testem

2126 3323 2247 3364 esse
2280 3307 2684 3377 Hieronymum,
2716 3303 3054 3373 maximaque
3108 3301 3393 3373 pollentem
3447 3302 3687 3356 auctori-

2130 3408 2237 3456 tate
2255 3400 2279 3453 ?

2196 3490 2265 3543 At
2308 3488 2530 3543 Ruﬁnus
2560 3485 2938 3556 Aquileiensis,
2969 3484 3200 3554 inquies,
3238 3483 3520 3540 manifeste
3543 3484 3686 3538 indi-

2128 3590 2215 3635 cat
2238 3579 2374 3633 libro
2420 3593 2460 3634 ιι
2506 3577 2889 3632 lnvectivarum
2941 3576 3055 3630 sive
3108 3575 3373 3644 Apologiae
3410 3590 3558 3628 num.
3590 3574 3685 3642 43,

2127 3672 2398 3727 immerito
2426 3670 2705 3741 Didymum
2728 3670 2795 3724 ab
2822 3667 3147 3739 Hieronymo
3183 3667 3317 3720 inter
3355 3666 3563 3735 εωθιιὲ
3600 3666 3688 3717 di-

2126 3780 2276 3819 versa
2296 3765 2359 3817 ab
2390 3761 2640 3816 Ecclesit's
2662 3762 2899 3824 doceant,
2936 3759 3203 3813 collocari.
3239 3758 3453 3813 Fateor.
3482 3756 3683 3811 Verum

2130 3867 2419 3925 antequam
2452 3853 2675 3909 solemni
2714 3852 2920 3923 judicio
2961 3850 3219 3923 Origenes
3252 3852 3592 3906 Alexandria:
3616 3867 3685 3907 ac

2130 3950 2311 4004 Romae
2340 3948 2810 4011 condemnaretur,
2841 3946 2956 3999 haec
3002 3943 3217 4014 scripsit
3261 3943 3506 4010 Ruﬁnus,
3540 3946 3685 4013 quod

2128 4044 2183 4097 in
2213 4057 2275 4097 ea
2303 4050 2412 4095 tum
2441 4049 2583 4095 esset
2634 4037 2909 4106 opinione,
2952 4043 3011 4091 ut
3061 4044 3313 4091 censeret
3334 4036 3685 4107 quaestionem

2130 4136 2195 4190 de
2223 4135 2518 4188 animarum
2544 4129 2967 4201 prmexsisteutia
2989 4129 3053 4183 ad
3078 4129 3233 4183 ﬁdem
3264 4145 3367 4183 non
3390 4130 3685 4197 pertinere,

2129 4225 2222 4279 sed
2256 4238 2373 4278 esse
2398 4222 2764 4291 adiaphoram.
2799 4218 2856 4274 ld
2902 4218 3044 4273 enim
3077 4228 3261 4287 aperte
3300 4216 3527 4271 aﬁirmat
3559 4232 3685 4271 cum

2129 4315 2278 4382 alibi,
2319 4324 2429 4367 tum
2470 4314 2704 4367 maxime
2763 4314 2814 4365 in
2866 4310 3135 4379 Apologia,
3174 4309 3287 4363 sive
3343 4308 3580 4376 Epistola
3614 4310 3687 4361 ad

2130 4406 2469 4459 Anastasium
2502 4420 2712 4473 papam,
2742 4402 2829 4456 ubi
2856 4401 2923 4455 de
2967 4398 3238 4453 erroribus
3283 4399 3334 4451 in
3367 4398 3595 4467 Origene
3616 4400 3690 4453 ab

476 4491 596 4561 nos]
616 4490 934 4558 spectabant,
956 4489 1240 4559 selegerunt
1261 4506 1279 4543 :
1312 4489 1413 4553 vel,
1449 4506 1563 4560 quae
1596 4491 1659 4544 de
1700 4492 1779 4545 Itis
1838 4493 2029 4547 retule-
2058 4489 2103 4545 Ι)
2137 4498 2465 4568 Hieronymo
2496 4495 2836 4564 reprehensis
2878 4492 3122 4561 loquens,
3166 4489 3441 4545 catholica:
3466 4488 3688 4559 quidem

477 4594 596 4636 runt
629 4584 842 4651 (nempe
866 4592 959 4635 aut
986 4584 1050 4637 de
1077 4582 1318 4653 Didymo,
1352 4582 1598 4651 Evagrio,
1645 4598 1708 4638 ac
1745 4583 2028 4640 Theodoro

478 4673 871 4743 Mopsuesteno,
898 4684 992 4727 aut
1023 4674 1086 4728 de
1111 4676 1191 4727 his
1244 4674 1586 4742 blasphemiis
1618 4690 1632 4730 :
1668 4675 1914 4744 ambigua
1942 4683 2029 4731 est

478 4767 618 4821 enim
647 4781 747 4819 vox
775 4765 987 4834 Grieca)
1022 4766 1326 4835 selegerant.

544 4856 740 4911 Fateor
772 4857 931 4913 etiam
962 4858 1140 4912 multis
1177 4868 1296 4926 post
1325 4855 1538 4929 Evagrii
1574 4868 1783 4914 aetatem
1819 4860 2027 4917 saeculis

476 4962 538 5002 ea
569 4950 851 5018 scripsisse
880 4948 1263 5019 Nicephorum,
1299 4964 1416 5018 quae
1472 4949 1677 5005 Latinae
1707 4952 1829 5005 huic
1863 4953 2028 5022 ipsius

478 5040 692 5111 Evagrii
725 5042 1008 5096 verborum
1039 5042 1465 5110 interpretationi
1504 5052 1859 5098 consentanea
1882 5053 2026 5099 sunt.

477 5130 609 5185 Nam
641 5133 692 5186 iu
725 5133 1055 5197 testimonio,
1084 5135 1224 5201 quod
1255 5135 1429 5187 attulit
1467 5150 1587 5204 pag.
1645 5134 1744 5189 496
1792 5151 1856 5189 ex
1891 5135 2029 5193 libro

476 5238 611 5285 xm,
639 5239 753 5293 cap.
789 5224 879 5289 27,
918 5225 997 5279 sic
1055 5225 1287 5295 loquitur
1338 5225 1663 5295 Nicephorius
1697 5246 1710 5282 :
1740 5228 1896 5300 Παρὰ
1922 5228 2029 5282 τῶν

476 5312 660 5376 κακῶς
719 5314 1137 5385 συγγραφέντων
1210 5315 1436 5378 ἐκείνοις
1490 5316 1902 5389 ἀπολεξάμενοι,
1929 5319 2031 5374 hoc

475 5412 579 5464 est,
604 5401 735 5454 Cant
758 5404 900 5472 ipsas
923 5404 1271 5473 blasphemias
1317 5422 1381 5458 ea:
1412 5408 1496 5469 iis,
1522 5424 1637 5475 qua:
1666 5425 1931 5479 perperam
1965 5409 2028 5461 ab

474 5489 583 5542 illis
618 5490 867 5562 (Didymo
896 5506 1108 5561 nempe,
1153 5492 1381 5561 Evagrio
1421 5504 1473 5547 et
1503 5494 1802 5567 Theodoro)
1833 5499 2029 5566 scripta

475 5580 1073 5653 fuerant,collegissent.
1134 5583 1331 5639 Verum
1401 5586 1563 5640 citata
1624 5588 1834 5657 Evagrii
1868 5591 2029 5643 verba

477 5683 588 5737 pne
606 5671 770 5723 oculis
804 5671 891 5725 hic
925 5672 1195 5738 habuisse,
1227 5672 1333 5725 imo
1363 5671 1477 5728 fere
1504 5676 1854 5743 exscripsisse
1882 5677 2031 5732 vide-

482 5770 571 5815 tur
597 5756 948 5833 Nicephorus,
973 5775 1029 5819 ut
1051 5781 1117 5820 ex
1149 5765 1431 5834 utriusque
1461 5765 1591 5823 locis
1616 5767 1754 5824 inter
1773 5782 1830 5824 se
1851 5768 2014 5825 colla-

2133 4588 2385 4643 Ecclesiae
2444 4586 2692 4656 dogmata
2744 4598 2864 4638 esse
2907 4581 3187 4652 proﬁtetur
3232 4589 3287 4634 et
3327 4594 3508 4634 veram
3543 4592 3691 4633 vera:

2132 4682 2315 4735 carnis
2354 4676 2825 4739 resurrectionem,
2856 4683 2909 4727 et
2933 4686 3213 4743 pinnarum
3250 4670 3443 4725 inferni
3470 4671 3691 4723 artemi-

2135 4782 2329 4835 tatem;
2361 4770 2452 4824 sed
2495 4768 2635 4837 quod
2690 4774 2895 4837 spectat
2949 4765 3014 4817 ad
3059 4757 3359 4816 animarum
3402 4760 3690 4829 originem,

2134 4870 2245 4916 tres
2265 4862 2339 4916 ait
2360 4874 2477 4915 esse
2505 4858 2817 4922 sententias,
2846 4871 2965 4927 qua:
3015 4855 3159 4909 salva
3192 4854 3293 4907 ﬁde
3316 4850 3525 4907 delendi
3560 4866 3691 4921 pos-

2133 4956 2271 5009 sint:
2305 4954 2531 5023 primam
2560 4951 2764 5005 scilicet
2791 4949 2854 5003 de
2885 4948 3078 5001 anima:
3122 4945 3403 5001 dili'usione
3453 4958 3549 5014 per
3579 4953 3693 4997 tra-

2132 5048 2353 5109 ducem;
2387 5044 2631 5106 alteram,
2665 5042 2805 5110 quod
2828 5039 3067 5109 formatis
3106 5039 3159 5091 in
3192 5047 3336 5091 utero
3382 5036 3692 5101 corporibus

2134 5138 2273 5193 Deus
2309 5137 2539 5208 quotidie
2570 5136 2728 5203 faciat
2775 5136 3002 5198 animas,
3049 5142 3097 5186 et
3148 5130 3429 5199 infundat;
3476 5127 3691 5183 tertiam

2133 5228 2397 5298 Origenis,
2424 5228 2560 5297 quod
2620 5226 2785 5296 factas
2838 5225 2945 5285 iam
3004 5224 3149 5288 olim,
3195 5223 3251 5275 id
3284 5229 3382 5284 est,
3422 5230 3546 5273 tunc
3571 5236 3693 5274 cum

2135 5321 2309 5373 omnia
2338 5318 2475 5372 Deus
2502 5319 2695 5371 creavit
2742 5332 2806 5370 ex
2842 5315 3029 5378 nihilo,
3074 5330 3209 5368 nunc
3242 5330 3330 5367 eas
3358 5312 3561 5382 judicio
3594 5328 3694 5363 suo

2134 5412 2388 5478 dispenset
2415 5411 2466 5463 in
2488 5425 2717 5477 corpore.
2760 5407 2837 5461 Ex
2875 5410 3049 5462 tribus
3083 5415 3261 5460 autem
3313 5406 3461 5458 hisce
3488 5402 3697 5471 opinio-

2136 5502 2293 5556 nibus
2318 5517 2478 5570 quam
2530 5502 2679 5571 sequi
2731 5502 2941 5565 debeat,
2992 5515 3049 5554 se
3101 5501 3349 5569 ignorare
3396 5495 3690 5565 subjungit.

2135 5590 2467 5660 Quapropter
2500 5592 2691 5643 mirum
2725 5606 2826 5644 non
2857 5600 2960 5653 est,
3019 5591 3063 5644 si
3092 5590 3369 5659 Didymum
3417 5600 3689 5654 nunquam

2136 5680 2404 5733 contraria
2427 5680 2705 5733 catholica:
2736 5680 2990 5735 Ecclesiae
3011 5678 3190 5752 [LVII]
3210 5677 3551 5747 dogmatibus
3578 5686 3694 5731 tra-

2135 5770 2335 5825 didisse
2366 5770 2438 5824 ait
2465 5769 2711 5837 Ruliuus,
2736 5772 2835 5828 etsi
2869 5771 3120 5842 Didymus
3166 5772 3278 5842 ipse
3303 5770 3549 5841 Origenis
3574 5771 3693 5840 opi-
