3970 6406
888 306 943 315 τιυ-

297 372 399 431 209

1409 385 1979 445 COMMENTARIUS.
2016 420 2085 433 —
2122 388 2250 446 LIB.
2293 388 2359 444 ll.

3412 392 3519 448 210

299 489 498 545 nionem
525 492 590 546 de
614 492 922 553 animarum
952 502 1376 571 pratexsistcntia
1408 516 1499 561 aut
1533 508 1852 574 defenderit,
1884 518 1925 574 Α
1957 512 2295 582 Origenismo
2340 509 2564 565 infectos
2597 524 2717 567 esse
2740 506 3289 580 censebat,lldelibus
3315 512 3522 567 denun-

297 590 387 635 sut
428 584 610 638 saltem
661 602 772 644 non
825 594 1047 648 omnino
1079 594 1485 665 improbabilem
1512 614 1635 657 esse
1682 601 1848 658 duxe-

298 672 384 728 rit.

359 763 501 833 Quod
516 777 695 822 autem
715 769 770 825 in
795 772 982 827 eodem
1006 776 1243 831 secundo
1264 776 1422 845 libro,
1441 794 1608 851 segm.
1632 780 1685 849 8,
1712 798 1845 852 que-

303 856 425 911 ritur
447 856 695 929 Ruﬁnus,
721 862 1127 936 Hieronymum,
1179 869 1304 924 dum
1338 870 1620 940 Origenem
1661 889 1725 929 ac
1766 876 1852 930 Di—

307 948 503 1018 dymum
526 957 825 1025 redarguit,
852 973 964 1012 reos
984 975 1077 1013 nec
1104 960 1471 1032 interrogatos,
1507 982 1596 1020 nec
1640 983 1852 1035 respon-

306 1039 463 1096 dentes
486 1044 875 1115 condemnare;
900 1058 951 1104 et
975 1068 1078 1106 non
1105 1052 1275 1108 solum
1322 1070 1426 1108 non
1467 1058 1849 1127 respondentes,

302 1134 381 1186 sed
400 1150 488 1187 nec
514 1149 828 1205 prasentes;
858 1151 907 1195 et
946 1159 1047 1197 non
1072 1144 1240 1199 solum
1278 1164 1379 1200 non
1421 1162 1717 1217 praesentes,
1760 1153 1851 1206 sed

297 1233 341 1277 et
372 1234 636 1292 mortuos;
667 1241 715 1284 et
738 1246 841 1286 non
861 1232 1032 1287 solum
1066 1247 1320 1302 mortuos,
1360 1241 1453 1293 sed
1497 1249 1547 1294 et
1597 1258 1681 1296 eos
1721 1260 1849 1313 quos

292 1332 482 1386 semper
501 1330 623 1375 ante
642 1320 986 1389 laudaverat;
1007 1336 1054 1380 et
1074 1343 1175 1382 non
1204 1330 1373 1383 solum
1395 1348 1482 1385 eos
1513 1349 1640 1403 quos
1662 1334 1849 1388 lauda-

288 1419 443 1469 verat,
469 1411 564 1463 sed
587 1422 635 1465 et
661 1428 767 1476 eos,
791 1431 919 1482 quos
941 1426 1144 1470 secutus
1167 1419 1360 1485 fuerat,
1387 1432 1434 1475 et
1455 1425 1732 1494 magistros
1761 1426 1850 1480 Ita-

284 1499 465 1554 inerat
488 1515 513 1552 :
544 1502 752 1558 videtur
788 1506 843 1560 id
882 1507 1099 1576 quidem
1145 1510 1368 1578 alicujus
1410 1526 1530 1568 esse
1576 1517 1846 1584 ponderis,

279 1593 372 1644 sed
402 1592 542 1647 tanti
571 1609 678 1649 non
705 1605 811 1662 est,
844 1608 903 1653 ut
940 1612 1091 1655 certo
1130 1604 1377 1659 ostendat
1418 1606 1698 1678 Didymum
1748 1627 1844 1665 no-

277 1691 455 1737 strum
486 1686 636 1754 (nam
664 1688 731 1742 de
751 1686 980 1759 Origene
1009 1693 1153 1763 loqui
1188 1697 1290 1752 mei
1326 1712 1432 1753 non
1471 1710 1553 1755 est
1594 1702 1845 1775 instituti)

275 1776 343 1829 ab
372 1777 527 1830 omni
552 1777 880 1850 Origeniano
900 1798 1085 1840 errore
1107 1786 1341 1842 alienum
1376 1788 1543 1846 fuisse
1577 1809 1590 1846 :
1620 1791 1849 1849 fortasse

1963 604 2139 665 tiaret,
2178 617 2284 672 quo
2322 601 2410 657 isti
2458 602 2665 657 facilius
2706 601 2806 658 sibi
2833 604 2900 658 ab
2928 618 3111 659 errore
3154 616 3345 657 cavere
3393 616 3522 671 pos-

1959 702 2097 747 sent.
2124 692 2325 758 Tertio,
2360 691 2697 747 excusandus
2741 692 2793 746 in
2836 706 2902 747 eo
2931 693 3034 747 erit
3084 692 3334 757 Rufinus,
3377 691 3520 762 quod

1957 797 2099 853 argre
2124 781 2311 849 ferret,
2348 798 2471 837 eum
2506 792 2610 838 tam
2640 792 2827 853 aperte
2858 794 2915 838 ut
2951 784 3336 839 heterodoxum
3369 784 3521 837 dam.

1959 874 2097 937 nari,
2124 874 2212 942 qui
2243 872 2642 943 Origenismum
2669 883 2853 944 aperte
2881 889 2984 930 non
3024 875 3387 943 prmdicasset,
3413 874 3522 929 imo

1959 968 2123 1021 multa
2155 966 2491 1035 Origeniante
2527 967 2784 1021 doctrinae
2826 967 3002 1037 capita
3050 967 3388 1037 apertissime
3432 980 3521 1021 re-

1952 1056 2192 1125 jecisset.
2229 1058 2465 1127 Denique
2501 1072 2567 1111 ne
2596 1058 2724 1113 illud
2759 1059 2972 1127 quidem
3008 1058 3343 1120 mirabimur,
3376 1058 3520 1128 quod

1958 1147 2239 1218 Didymum
2288 1148 2376 1202 alii
2423 1149 2659 1217 quidem,
2699 1150 2907 1203 tametsi
2956 1150 3023 1205 ab
3067 1149 3384 1220 Origeniana
3424 1150 3520 1205 do-

1956 1240 2134 1294 ctrina
2185 1240 2363 1305 alieni,
2420 1242 2651 1296 maxime
2695 1240 3047 1308 laudaverint,
3106 1241 3195 1297 alii
3236 1256 3363 1298 vero
3395 1255 3518 1298 eum

1956 1337 2144 1383 contra
2173 1329 2612 1399 vituperaverint.

2404 1487 2532 1541 CAP.
2571 1484 2683 1539 XV.
2732 1486 2809 1540 De
2844 1486 3054 1555 nuptiis.

2026 1599 2177 1655 Hunc
2205 1608 2462 1670 praeterea
2490 1600 2713 1672 Didymo
2755 1614 2996 1655 errorem
3050 1601 3235 1655 tribuit
3284 1599 3519 1658 Iacobus

1954 1691 2249 1764 Basnagius
2298 1693 2351 1747 in
2391 1691 2956 1758 Animadversioaibus,
3012 1707 3134 1762 pag.
3200 1692 3322 1760 l99,
3376 1695 3517 1762 quod

1954 1786 2168 1856 nuptias
2192 1786 2399 1840 Veteris
2425 1783 2752 1840 Testamenti
2782 1794 3020 1853 tempore
3040 1782 3208 1838 malas
3231 1783 3394 1837 fuisse
3423 1786 3516 1836 do-

274 1865 427 1921 enim
447 1873 923 1930 commentariolos
948 1875 1178 1947 Didymi,
1201 1894 1336 1947 quos
1353 1880 1605 1948 diximus,
1632 1882 1849 1938 librum-
1878 1877 1920 1932 B
1949 1876 2141 1932 cuerit.
2184 1874 2391 1931 Revera
2436 1885 2614 1929 autem
2648 1875 2700 1929 in
2742 1874 2877 1929 libro
2906 1874 3153 1929 adversus
3192 1873 3515 1928 Manicha'os

272 1975 381 2028 que
414 1962 487 2016 ad
531 1960 775 2031 Ruﬁnum
818 1967 1052 2021 nondum
1080 1968 1283 2038 legerat
1318 1970 1694 2043 Hieronymus,
1727 1991 1845 2031 eum

272 2051 484 2121 deipso
519 2053 1021 2127 Didymotanquam
1060 2061 1127 2116 de
1173 2062 1422 2134 theologo
1482 2068 1627 2120 omni
1685 2084 1847 2124 esce-

270 2144 460 2215 ',~L"one
491 2146 686 2215 majori
720 2148 927 2206 locutus
976 2160 1078 2219 est,
1110 2153 1367 2208 videntem
1397 2156 1700 2224 prophetam
1725 2174 1846 2214 eum

270 2254 620 2307 nuncupans.

338 2328 669 2400 Quanquam
715 2331 843 2387 mihi
870 2334 938 2388 de
972 2332 1173 2390 dilﬁcili
1225 2336 1327 2391 hac
1372 2339 1670 2407 quaestione
1700 2340 1849 2411 cogi-

269 2422 413 2476 tanti
444 2421 576 2475 iIIud
619 2422 672 2477 in
715 2433 948 2480 mentem
978 2427 1144 2494 venit,
1184 2427 1287 2481 alia
1326 2429 1488 2483 etiam
1536 2445 1635 2484 nos
1689 2445 1847 2499 posse

268 2514 358 2568 vis
388 2514 665 2578 incedere,
698 2530 770 2571 ac
793 2530 858 2571 eo
883 2517 1096 2574 tandem
1133 2520 1432 2589 pervenire,
1472 2531 1530 2577 ut
1562 2532 1615 2577 et
1650 2523 1842 2579 Hiem-

265 2619 525 2676 nymum,
554 2616 610 2660 et
650 2605 930 2674 Ruﬁnum,
962 2617 1018 2665 et
1056 2608 1188 2665 alios
1223 2609 1433 2682 Didymi
1485 2628 1606 2668 cum
1665 2614 1847 2669 lauda-

266 2708 441 2761 tores,
475 2707 590 2752 tum
624 2699 1039 2769 vituperatores,
1072 2710 1127 2755 et
1163 2703 1337 2771 ipsum
1365 2719 1557 2775 magna
1594 2721 1660 2760 ex
1696 2716 1847 2775 parte

265 2788 561 2861 Didymum
589 2805 697 2845 non
719 2792 839 2845 sine
864 2792 1335 2850 verisimilitudine
1380 2805 1641 2851 tueamur.
1680 2797 1848 2852 Nimi-

266 2898 390 2939 rum
425 2897 554 2937 cum
584 2880 942 2953 Hieronymus
967 2885 1033 2939 ab
1064 2884 1150 2947 iis,
1195 2902 1329 2954 quos
1356 2887 1672 2956 Origenismi
1714 2888 1846 2943 insi-

267 2974 465 3039 mulat,
500 2973 826 3043 Origeniana
853 2975 1101 3045 dogmata
1134 2992 1237 3032 non
1265 2977 1460 3046 palam.
1490 2980 1582 3033 sed
1626 2980 1841 3033 clancu-

273 3065 385 3120 lum
416 3067 771 3121 disseminata
806 3068 971 3124 fuisse
1019 3069 1247 3125 allirmet
1298 3070 1513 3139 saepius,
1566 3072 1844 3143 Didymum

275 3170 401 3210 vero
427 3170 602 3226 usque
645 3159 712 3212 ad
759 3172 963 3214 annum
1013 3157 1213 3214 Christi
1261 3161 1843 3230 quadringentesimum

276 3262 552 3317 nunquam
582 3262 687 3302 non
722 3250 1218 3318 commendaverit;
1250 3252 1455 3306 idcirco
1486 3252 1751 3322 suspicor,
1777 3269 1843 3308 ne

278 3336 328 3390 in
359 3338 427 3391 iis
478 3338 699 3407 quidem
744 3339 953 3410 Didymi
998 3342 1235 3411 scriptis,
1276 3358 1394 3411 qua:
1435 3344 1839 3412 interciderunt,

276 3427 675 3501 Origenismum
708 3433 777 3486 ita
806 3432 954 3488 clare
1003 3435 1344 3503 praedicatum
1402 3436 1586 3501 fuisse,
1619 3447 1675 3492 ut
1724 3438 1841 3491 nul.

277 3521 355 3577 Ius
398 3522 685 3578 catholica:
728 3527 1165 3593 Interpretationi
1225 3527 1374 3583 locus
1428 3529 1839 3600 relinqueretur,

276 3616 372 3668 etsi
406 3616 595 3669 multae
626 3615 679 3668 iu
717 3616 782 3670 iis
822 3630 1170 3673 occurrerent
1215 3619 1509 3675 locutiones
1556 3624 1838 3694 Origenia-

277 3720 377 3760 me.
411 3704 470 3759 Id
504 3705 549 3759 si
585 3720 771 3760 verum
797 3722 918 3762 esse
944 3724 1230 3777 ponamus,
1260 3721 1405 3766 recte
1432 3716 1609 3766 omnia
1641 3730 1698 3769 se
1742 3717 1841 3769 ha-

276 3796 498 3851 bebunt.
524 3795 659 3851 Nam
686 3800 884 3867 primo,
911 3800 1192 3869 desperata
1230 3818 1333 3857 non
1359 3804 1462 3858 erit
1484 3804 1691 3875 Didymi
1717 3821 1843 3861 cau-

273 3900 352 3949 sa,
398 3888 444 3942 si
477 3888 616 3943 nihil
643 3903 767 3943 eum
818 3890 1055 3946 dictasse
1083 3906 1419 3959 censeamus,
1474 3896 1615 3965 quod
1658 3898 1842 3952 ortho-

276 3977 412 4031 doxo
439 3993 607 4033 sensu
636 3980 809 4049 accipi
847 3997 951 4035 non
987 3993 1167 4052 posset
1212 4002 1226 4039 :
1275 3985 1329 4039 in
1359 3985 1495 4041 libro
1544 3998 1719 4043 autem
1765 3989 1842 4045 De

273 4082 436 4126 morte
464 4072 750 4141 infantium
794 4089 897 4127 non
934 4084 1041 4128 tam
1066 4089 1133 4129 ex
1164 4090 1286 4141 sua,
1317 4091 1477 4147 quam
1508 4094 1572 4133 ex
1598 4078 1843 4150 Origenis

273 4164 563 4228 sententia,
598 4164 665 4217 de
695 4180 795 4234 qua
824 4181 853 4218 a
881 4163 1077 4221 Ruliuo
1115 4167 1475 4239 interrogatus
1526 4170 1720 4238 fuerat,
1765 4174 1843 4226 ln-

271 4267 455 4311 eutum
486 4248 925 4324 essefSecuudo,
954 4260 1149 4314 mirum
1180 4277 1283 4316 non
1314 4262 1439 4329 erit,
1477 4264 1523 4317 si
1560 4264 1839 4334 Didymum

274 4344 635 4418 Hieronymus
660 4348 1006 4404 alﬁrmaverit
1036 4354 1354 4421 apertissime
1380 4355 1431 4407 in
1451 4353 1688 4425 Origenis
1713 4358 1843 4411 scita

272 4438 557 4492 concedere
592 4454 611 4492 :
640 4454 759 4493 cum
782 4442 925 4494 enim
956 4441 1137 4511 plures
1172 4443 1470 4499 locutiones
1499 4448 1565 4499 ab
1616 4445 1843 4515 Origene

273 4529 568 4594 adhibitos,
598 4531 783 4599 quales
807 4531 858 4586 in
898 4530 1049 4588 libris
1087 4532 1154 4588 de
1202 4532 1469 4590 Trinitate
1510 4550 1608 4590 nos
1636 4537 1844 4591 inveni-

273 4634 415 4686 mus,
476 4620 531 4675 in
582 4620 809 4693 Didymo
858 4624 1167 4693 repetisset,
1226 4642 1362 4697 quas
1405 4627 1473 4682 ah
1527 4627 1847 4699 Origeuistis

272 4726 443 4781 pravo
482 4726 648 4768 sensu
690 4716 1029 4783 pronuntiari
1084 4727 1342 4787 noverat;
1391 4718 1674 4791 Didymum
1721 4736 1848 4775 vero

274 4805 452 4872 ipsum
485 4804 540 4859 in
565 4797 634 4859 iis
661 4820 778 4875 qua:
798 4808 865 4862 ad
891 4806 1207 4866 Trinitatem
1234 4820 1497 4880 spectant,
1524 4814 1845 4867 acerrimum

273 4891 533 4966 Origenis
566 4894 904 4953 defensorem
930 4913 1048 4954 esse
1074 4908 1378 4969 constaret;
1408 4901 1540 4956 nihil
1561 4903 1845 4970 dubitavit,

272 4989 401 5056 quin
434 5002 607 5058 pravo
633 5001 791 5043 sensu
820 4990 1021 5046 dictata
1064 4992 1241 5046 forent
1286 5007 1617 5063 quaecunque
1652 4995 1705 5049 in
1753 4993 1845 5047 Di-

274 5082 419 5149 dymi
468 5081 729 5151 operibus
774 5081 1053 5152 sapiebant
1092 5082 1494 5154 Origenismum
1550 5104 1565 5140 :
1622 5101 1687 5142 ex
1743 5102 1846 5155 quo

275 5168 479 5226 factum
504 5181 611 5236 est,
644 5181 705 5228 ut
743 5174 858 5243 ipse
892 5184 1079 5245 utpote
1128 5190 1341 5232 summo
1392 5178 1671 5233 catholica:
1726 5178 1848 5233 ﬁdei

280 5265 397 5320 zelo
423 5264 792 5321 inﬂammatus
823 5282 927 5323 non
970 5268 1128 5323 modo
1159 5266 1554 5339 Origenismum
1592 5271 1849 5325 radicitus

282 5357 717 5428 exstirpandum,
758 5369 922 5429 atque
977 5360 1044 5415 ab
1092 5360 1409 5432 Epiphanio,
1471 5377 1500 5417 a
1554 5361 1849 5432 Theophilo

282 5446 665 5513 Alexandrino,
692 5458 746 5504 et
770 5464 799 5503 a
822 5448 1062 5505 Romano
1093 5452 1344 5522 episcopo
1389 5453 1441 5507 in
1484 5452 1674 5523 primis
1718 5468 1847 5508 con-

288 5540 637 5595 demnandum
665 5552 903 5607 curaret,
950 5557 1134 5598 verum
1159 5543 1321 5597 etlam
1360 5559 1566 5611 omnes,
1622 5560 1844 5615 quorum

292 5632 601 5688 auctoritate
658 5646 781 5687 sese
851 5635 1136 5691 tuebantur
1192 5635 1543 5709 Origenistm,
1605 5654 1844 5696 unusnuo

355 5807 399 5841 "
433 5810 585 5871 Rom.
624 5830 747 5881 vni,
775 5814 828 5869 ὅ.

1948 1983 2067 2037 cap.
2091 1968 2145 2035 9,
2170 1968 2241 2022 ita
2264 1968 2330 2023 de
2350 1967 2550 2036 nuptiis
2578 1966 2814 2035 loquitur
2833 1965 3107 2034 theologus
3128 1975 3328 2031 noster,
3357 1974 3434 2031 ut,
3469 1965 3515 2018 si

1945 2061 2241 2116 oscitanter
2264 2060 2471 2130 legatur
2495 2058 2585 2114 ille
2615 2058 2784 2123 locus,
2811 2057 2979 2111 videri
3002 2058 3254 2127 possitita
3281 2058 3516 2112 sensisse

1946 2162 2006 2208 ut
2030 2152 2141 2207 vult
2172 2152 2485 2221 Basnagius.
2516 2151 2589 2205 At
2640 2149 2771 2204 mihi
2802 2149 3016 2219 quidem
3046 2148 3161 2217 ejus
3195 2146 3355 2203 verba
3401 2162 3517 2219 per-

1946 2243 2198 2315 pendenti
2235 2243 2311 2313 (id
2339 2244 2483 2298 enim
2530 2240 2834 2310 theologum
2866 2248 3124 2310 praestare
3157 2248 3389 2310 oportet,
3422 2239 3515 2309 qui

1948 2337 2013 2390 de
2061 2334 2376 2405 theologicis
2434 2334 2686 2404 operibus
2730 2332 2988 2403 judicium
3028 2332 3191 2397 ferre,
3243 2331 3516 2400 multoque

1949 2427 2119 2496 magis
2154 2427 2244 2496 qui
2277 2442 2339 2481 ea
2392 2425 2787 2495 reprehendere
2851 2425 3001 2495 velit)
3061 2426 3277 2479 videtur
3322 2424 3516 2492 injuste

1947 2520 2191 2576 accusari
2226 2519 2483 2589 Didymus
2529 2532 2561 2571 a
2606 2517 2889 2588 Basnagio.
2933 2516 3105 2570 Tuum
3144 2518 3269 2583 erit,
3322 2516 3513 2583 lector,

1943 2613 2203 2685 judicare,
2242 2622 2363 2667 uter
2388 2610 2599 2683 Didymi
2628 2619 2859 2664 mentem
2884 2619 3163 2664 assecutus
3193 2611 3281 2674 sit,
3316 2609 3516 2663 Basna-

1946 2700 2084 2772 gius,
2108 2716 2173 2755 an
2192 2715 2309 2769 ego.
2335 2700 2439 2755 Sed
2461 2714 2543 2753 res
2564 2698 2723 2753 altius
2748 2696 2953 2769 [LVIII]
2973 2698 3255 2768 repetenda
3282 2709 3363 2755 est
3409 2715 3516 2769 quo

1945 2792 2170 2847 clariora
2200 2792 2307 2846 sint
2328 2805 2444 2860 quae
2472 2790 2666 2845 dicturi
2689 2804 2895 2844 sumus.

2016 2883 2160 2938 Inter
2187 2893 2382 2939 caetera
2435 2884 2617 2953 itaque
2662 2891 3001 2953 argumenta,
3036 2881 3230 2950 quibus
3261 2896 3512 2936 exsecrao

1947 2977 2081 3032 biles
2124 2976 2404 3031 Manichzei
2454 2976 2763 3041 utebantur,
2811 2975 3077 3043 quoddam
3130 2983 3250 3029 erat
3295 2989 3360 3028 ex
3408 2973 3515 3028 illis

1948 3068 2241 3138 Scriptura:
2271 3067 2401 3122 locis
2430 3065 2736 3132 deductum,
2779 3065 2830 3119 in
2877 3065 3068 3133 quibus
3123 3082 3244 3118 caro
3290 3064 3512 3133 peccati,

1949 3168 2038 3213 aut
2063 3175 2250 3229 corpus
2278 3158 2473 3228 peccati
2499 3157 2810 3213 nominatur
2836 3172 2849 3209 :
2878 3155 3002 3210 inde
3028 3155 3169 3210 enim
3195 3154 3515 3225 colligebant
3580 3154 3585 3161 ’

1952 3250 2339 3306 admittendam
2392 3265 2513 3306 esse
2574 3262 2793 3304 carnem
2850 3257 3060 3315 natura,
3107 3255 3160 3301 et
3209 3247 3514 3302 necessario

1952 3344 2168 3397 malam.
2193 3342 2343 3398 Hauc
2370 3343 2638 3397 rationem
2673 3353 2730 3398 ut
2764 3344 2998 3398 inﬁrmet
3026 3340 3302 3411 Didymus,
3330 3350 3514 3393 osten-

1952 3437 2028 3491 dit
2054 3454 2260 3491 curnem
2293 3438 2492 3507 peccati
2523 3437 2625 3491 dici
2661 3451 2763 3491 non
2809 3450 2875 3490 ex
2910 3450 2975 3489 eo
3018 3435 3157 3503 quod
3208 3445 3396 3487 natura
3445 3432 3515 3487 sit

1955 3525 2114 3592 mala,
2150 3526 2240 3579 sed
2271 3525 2410 3593 quod
2443 3525 2605 3579 homo
2633 3525 2746 3594 ipsa
2779 3538 2941 3578 carne
2982 3523 3235 3577 abutatur
3287 3525 3351 3576 ad
3394 3539 3517 3593 pec-

1952 3618 2200 3671 candum.
2239 3615 2351 3671 Hoc
2389 3598 2964 3670 demonstratoilocum
3008 3615 3155 3669 Pauli
3203 3614 3376 3679 all‘ert,
3427 3615 3515 3669 ubi

1954 3707 2097 3767 Deus
2123 3706 2319 3760 dicitur
2344 3706 2546 3759 misisse
2568 3703 2767 3758 Filium
2791 3722 2945 3759 suum
2974 3706 3024 3758 in
3046 3706 3386 3758 similitudine
3404 3720 3517 3758 car-

1953 3800 2031 3852 uis
2074 3798 2274 3867 peccati
2308 3798 2373 3851 ⁸ο.
2407 3796 2529 3851 Ideo
2563 3807 2740 3851 autem
2771 3796 2971 3851 Christi
2996 3812 3212 3851 carnem
3242 3811 3516 3864 nuncupa-

1954 3902 2061 3946 tam
2092 3891 2167 3945 ait
2198 3889 2590 3944 similitudinem
2625 3890 2797 3944 carnis
2825 3890 3043 3958 peccati,
3080 3888 3203 3956 quia
3248 3889 3346 3943 etsi
3377 3896 3518 3942 esset

1950 4000 2077 4039 vera
2113 3998 2259 4049 caro,
2309 3998 2437 4051 non,
2484 3992 2542 4036 ut
2587 3981 2837 4037 volebant
2881 3980 3182 4045 Manichaei,
3235 3980 3515 4043 simulata,

1953 4093 2058 4133 non
2088 4085 2208 4131 erat
2242 4085 2418 4132 tamen
2466 4090 2531 4130 es
2567 4075 2731 4131 coitu.
2769 4075 2920 4141 Quod
2960 4077 3003 4129 si
3038 4089 3231 4143 corpus
3263 4088 3328 4128 ex
3370 4074 3515 4127 coitu

1952 4182 2266 4244 conceptum
2301 4170 2616 4239 sumpsisset
2651 4170 2920 4237 Salvator,
2965 4169 3305 4225 existimatus
3337 4166 3518 4234 utique

1952 4276 2118 4331 esset,
2150 4265 2340 4336 inquit,
2370 4264 2619 4335 originali
2651 4274 2866 4333 peccato
2901 4272 2955 4318 et
2985 4264 3096 4332 ipse
3123 4264 3404 4317 obnoxius.

2022 4354 2116 4409 His
2141 4354 2432 4425 praemissis
2462 4357 2573 4409 haec
2602 4354 2808 4417 subdit,
2838 4367 2955 4422 qua:
2979 4368 3043 4406 ex
3079 4352 3325 4407 Turriani
3352 4353 3517 4406 inter-

1952 4447 2256 4516 pretatione
2282 4444 2447 4500 aﬂ‘ero
2478 4463 2492 4501 :
2528 4464 2547 4496 ι
2581 4443 2637 4499 Si
2662 4460 2789 4498 vero
2814 4444 3067 4509 dixerint,
3095 4443 3152 4498 Si
3176 4438 3301 4498 caro
3321 4444 3518 4512 peccati

1952 4549 2029 4593 est
2060 4554 2177 4607 qua:
2204 4554 2268 4592 ea:
2294 4538 2653 4606 conjunctione
2681 4537 2776 4591 viri
2795 4550 2843 4591 et
2874 4536 3081 4605 femina:
3110 4548 3232 4591 nata
3265 4546 3361 4604 est,
3399 4554 3514 4591 ma-

1950 4634 2017 4686 la:
2044 4640 2161 4685 sunt
2198 4631 2427 4700 nuptiae;
2466 4630 2684 4685 audiant
2717 4629 2825 4693 isti,
2861 4628 3003 4699 quod
3050 4639 3176 4683 ante
3225 4628 3515 4684 adventum

1951 4723 2265 4792 Salvatoris,
2304 4724 2392 4793 qui
2420 4723 2641 4777 abstulit
2672 4733 2952 4793 peccatum
2986 4721 3195 4786 mundi,
3239 4722 3283 4775 si
3328 4734 3517 4775 omnes

1951 4817 2216 4881 homines,
2248 4816 2388 4873 sicut
2416 4815 2517 4871 alia
2548 4830 2667 4871 cum
2704 4823 2924 4886 peccato
2955 4815 3208 4885 agebant,
3242 4813 3319 4868 sic
3354 4813 3514 4867 etiam

1949 4908 2159 4977 nuptias
2181 4923 2300 4963 cum
2344 4918 2566 4977 peccato
2614 4907 2905 4962 habebant.
2948 4905 3105 4962 Unde
3151 4905 3401 4960 similiter
3452 4904 3519 4958 de

1948 5002 2267 5070 corporibus
2294 5016 2361 5056 ex
2407 5000 2672 5056 connubio
2722 5000 2863 5055 natis
2908 4999 3312 5069 intelligendum
3365 5006 3449 5053 est
3498 5015 3513 5051 :

1965 5093 2221 5179 juiapost
2254 5101 2531 5164 peccatum
2559 5091 2700 5147 facta
2737 5092 2837 5147 fuit
2877 5089 3181 5161 conjunctio
3223 5091 3353 5145 Adae
3392 5107 3515 5145 cum

1951 5182 2081 5250 Eva,
2110 5185 2314 5240 idcirco
2341 5185 2479 5239 dicta
2508 5193 2592 5239 est
2631 5199 2753 5237 caro
2806 5183 3003 5253 peccati
3049 5181 3251 5255 [malim
3300 5191 3515 5240 vertere.

1951 5277 2091 5332 dicta
2119 5284 2244 5331 sunt
2268 5293 2390 5330 caro
2410 5274 2748 5348 peccati].....
2786 5276 3164 5331 Verumtamen
3192 5288 3289 5343 per
3312 5273 3517 5327 adven-

1951 5377 2062 5420 tum
2092 5365 2314 5429 Cbristi,
2339 5365 2477 5421 sicut
2507 5366 2576 5421 ab
2609 5365 2727 5420 aliis
2757 5365 2916 5420 rebus
2942 5364 3176 5419 ablatum
3207 5372 3291 5417 est
3326 5378 3520 5433 pecca-

1952 5464 2086 5521 tum,
2114 5455 2192 5510 sic
2213 5456 2374 5510 etiam
2401 5470 2431 5509 a
2459 5456 2678 5525 nuptiis.
2707 5454 2889 5526 Itaque
2923 5469 3067 5510 nunc
3094 5455 3183 5525 qui
3217 5456 3513 5509 secundum

1952 5545 2299 5616 Evangelium
2327 5547 2536 5614 vivunt,
2569 5548 2768 5603 habere
2797 5556 3023 5615 possunt
3056 5546 3391 5601 honorabiles
3421 5563 3517 5599 nu-

1950 5638 2087 5707 ptias
2112 5649 2155 5692 et
2184 5648 2351 5694 torum
2386 5641 2867 5696 immaculatwn....
2904 5641 2977 5696 Ex
3009 5658 3114 5712 quo
3148 5642 3205 5698 lit
3244 5651 3301 5697 ut
3347 5654 3519 5708 neque
