3970 6406
456 367 552 422 2H

458 492 734 586 peccatum
779 497 848 538 su
891 489 1217 559 coniugium.
1259 495 1426 551 Aliter
1473 501 1633 554 etiam
1681 503 1782 557 dici
1835 513 2081 572 potestA
2113 509 2162 561 in
2191 511 2516 577 Abrahamo,
2563 515 2789 586 aliisque
2837 524 3042 578 sanctis
3092 542 3158 580 ex
3210 527 3407 584 Christi

457 568 630 636 magis
658 570 895 640 physice.
931 576 1116 630 Divina
1144 582 1384 647 quzedam
1416 601 1500 642 res
1525 601 1608 642 est
1636 592 1932 657 virginitas,
1955 607 2008 649 et

463 669 715 728 tanquam
748 665 797 717 in
831 667 1115 725 virtutibus
1139 675 1366 729 exsistit.
1393 677 1449 732 Si
1471 681 1590 749 quis
1619 683 1778 752 igitur
1799 690 2008 754 nuptias

457 767 577 804 cum
631 754 1287 834 virgitiitate‘conferens,
1350 769 1493 836 ipsas
1543 773 1684 828 dicat
1729 789 2007 843 peccatum

456 861 596 912 esse,
635 863 738 900 non
776 851 1016 906 absolute
1059 865 1182 909 sunt
1212 871 1490 925 peccatum
1543 881 1558 918 :
1617 867 1811 922 malum
1867 872 2008 924 enim

456 952 560 989 non
594 943 992 1008 comparatione
1015 947 1138 1000 boui
1169 950 1365 1004 malum
1395 963 1511 1020 est;
1544 957 1802 1026 siquidem
1831 975 1925 1030 per
1952 977 2010 1016 se

460 1025 563 1080 tale
589 1037 690 1082 est.
732 1049 752 1081 ›
810 1030 1077 1088 Hactenus
1124 1038 1376 1108 Didymus
1423 1062 1437 1096 ;
1483 1025 1641 1114 quem
1687 1025 1851 1116 pravo
1897 1028 2010 1105 litec

459 1131 614 1171 sensu
643 1120 874 1176 dictasse
903 1126 1151 1193 equidem
1188 1144 1498 1196 persuasum
1531 1150 1635 1189 non
1664 1137 1852 1192 habeo.

532 1209 661 1261 Nam
688 1211 880 1279 primo,
917 1216 1037 1284 quis
1059 1220 1242 1272 credat
1267 1234 1410 1287 cum,
1438 1225 1528 1292 qui
1571 1237 1856 1295 perpetuus
1901 1229 2011 1282 Ma-

460 1302 785 1356 nichaeorum
823 1306 1160 1362 adversarius
1191 1309 1310 1374 fuit,
1357 1316 1566 1382 nuptias
1609 1319 1912 1384 damnasse,
1954 1330 2010 1374 ut

457 1394 734 1448 Manichaci
768 1397 1055 1464 faciebant,
1092 1403 1248 1472 idque
1289 1404 1337 1458 in
1372 1421 1436 1460 eo
1489 1408 1624 1462 libro
1673 1426 1830 1478 quem
1873 1413 2009 1465 scri-

459 1488 562 1552 psit
591 1490 836 1541 adversus
868 1489 1224 1547 Manicbmos.’
1252 1497 1516 1560 Secundo.
1547 1510 1760 1555 sanctos
1803 1500 2011 1557 Veteris

459 1573 783 1631 Testamenti
818 1582 1018 1635 sanctis
1063 1581 1194 1637 Novi
1235 1585 1558 1642 Testameuti
1609 1592 1840 1657 aequales
1890 1608 2010 1650 esse

459 1665 572 1718 vult
615 1666 887 1738 Didymus,
922 1672 1080 1740 idque
1122 1674 1237 1729 fuse
1265 1681 1492 1745 probare
1529 1680 1717 1737 nititur
1750 1684 1802 1738 iu
1836 1684 2012 1740 Euar-

459 1756 766 1811 rationibus.
793 1762 859 1812 At
889 1763 1008 1831 quis
1033 1768 1201 1820 nescit
1223 1767 1504 1838 plerosque
1526 1770 1713 1827 saltem
1742 1790 1772 1828 e
1808 1782 2010 1833 sanctis

1889 385 1974 439 DE
2017 385 2274 443 DIDYMO

3564 413 3669 467 2ιὲ

3461 541 3671 589 venturi

2116 600 2322 654 meritis
2354 617 2368 651 :
2402 605 2517 670 sed,
2552 616 2607 658 ut
2639 605 2738 676 ego
2761 624 2972 676 censeo.
3007 616 3206 671 nullam
3241 619 3398 674 aliam
3432 624 3501 677 ob
3545 641 3672 678 can-

2115 703 2229 743 sam
2265 708 2324 744 ea
2355 695 2512 749 verba
2559 698 2752 768 adjecit
2794 700 3068 772 Didymus,
3119 709 3218 762 nisi
3259 722 3315 764 ut
3355 713 3516 767 alium
3564 715 3674 768 Ma-

2115 781 2440 837 nichaeorum
2488 803 2724 842 errorem
2769 791 3057 858 refelleret,
3099 799 3187 866 qui
3227 803 3438 870 nuptias
3485 819 3674 860 omnes

2115 868 2227 922 sive
2260 870 2309 923 in
2339 870 2542 936 Veteri,
2571 876 2685 929 sive
2719 878 2768 931 in
2804 879 2951 934 Novo
2985 868 3328 942 Testamento
3361 891 3528 943 malas
3557 905 3676 946 esse

2116 962 2400 1016 docebant.
2432 965 2524 1019 IIis
2546 969 2866 1036 praemissis,
2891 971 3095 1038 judicet
3123 976 3310 1042 lector,
3345 991 3522 1040 utrum
3546 981 3673 1036 alla-

2118 1059 2201 1106 tus
2231 1051 2438 1123 Didymi
2471 1057 2619 1112 locus
2651 1060 2843 1115 merito
2874 1073 3158 1119 accusetur
3191 1083 3219 1121 a
3251 1067 3533 1141 Basnagio.

2323 1214 2447 1268 CAP.
2490 1215 2624 1271 XVI.
2670 1218 2742 1273 De
2778 1219 3016 1289 Epistula
3047 1227 3273 1280 secunda
3312 1227 3473 1284 Petri.

2190 1324 2490 1383 Secundam
2537 1329 2682 1385 Petri
2735 1333 3015 1398 epistolam
3076 1338 3128 1390 in
3177 1340 3672 1398 deuterocanonicis
3725 1325 3733 1335 ⁸

2119 1415 2413 1486 Scripturis
2455 1423 2724 1475 numerari
2769 1435 2966 1478 norunt
3017 1426 3267 1498 theologi.
3307 1428 3488 1500 Itaque
3531 1434 3671 1488 side

2116 1523 2178 1562 ea
2212 1513 2313 1564 hoc
2356 1521 2559 1566 tantum
2591 1515 2812 1570 dixisset
2843 1517 3117 1588 Didymus,
3145 1520 3306 1587 ipsam
3338 1539 3439 1576 non
3462 1540 3573 1578 esse
3618 1526 3673 1578 in

2117 1599 2342 1668 Canone,
2387 1607 2731 1660 excusatione
2759 1606 2950 1678 dignus
2985 1610 3161 1665 foret:
3199 1614 3422 1667 necdum
3451 1617 3594 1670 enim
3618 1617 3670 1670 in

2120 1688 2515 1762 Scripturarum
2562 1694 2834 1752 Canonem
2880 1703 2947 1754 ab
2991 1702 3260 1768 omnibus,
3302 1721 3401 1760 nec
3439 1707 3668 1762 solemni

2119 1786 2439 1841 universalis
2490 1787 2740 1844 Ecclesiae
2767 1791 2982 1847 decreto
3028 1794 3194 1848 relata
3238 1796 3430 1851 fuerat.
3473 1797 3671 1852 Verum

466 1845 667 1902 Vetusti
697 1847 1022 1906 Testamenti
1065 1856 1194 1911 viris
1225 1873 1391 1913 uxore
1421 1876 1524 1916 non
1552 1864 1822 1920 caruisse?
1879 1867 2014 1922 Ter.-
2043 1867 2086 1922 B
2117 1876 2283 1944 ipsam
2309 1888 2564 1947 praeterea
2592 1881 2838 1949 falsatum
2861 1884 3011 1938 dicit.
3035 1883 3129 1939 His
3157 1887 3300 1941 enim
3324 1888 3502 1945 verbis
3523 1905 3677 1945 enar-

461 1941 554 2002 tio,
581 1938 824 1994 Graecum
855 1943 1009 2012 huius
1056 1946 1158 2000 loci
1196 1956 1399 2003 textum
1446 1965 1550 2006 nou
1589 1956 1805 2011 omnino
1841 1957 2015 2013 since-

461 2046 574 2082 rum
613 2032 679 2085 ad
709 2047 806 2087 nos
833 2036 1137 2101 pervenisse
1171 2041 1509 2108 perspicuum
1556 2054 1637 2099 est
1682 2063 1697 2099 :
1745 2063 1867 2101 nam
1925 2051 2012 2104 ubi

461 2120 757 2177 Turriauus
783 2125 976 2178 vertit:
1007 2127 1235 2180 Audiant
1258 2130 1367 2196 isti,
1405 2133 1544 2200 quod
1581 2143 1702 2188 ante
1740 2137 2014 2191 adventum

458 2212 768 2277 Saluatoris,
789 2217 876 2284 qui
907 2215 1119 2270 abstulit
1148 2233 1411 2287 peccatum
1437 2226 1640 2290 mundi,
1665 2228 1710 2278 si
1734 2243 1905 2281 omnes
1930 2229 2016 2282 Ito-

460 2306 620 2359 ntines
643 2316 696 2360 et
712 2307 911 2378 reliqua
934 2328 948 2376 ;
973 2312 1333 2382 quid,quaaso,
1358 2316 1586 2371 sibivult
1609 2319 1791 2373 vocula
1821 2320 1906 2374 illa
1929 2322 2017 2375 si?

460 2412 637 2452 nonne
667 2399 969 2468 perplexam
1013 2405 1208 2470 reddit,
1243 2407 1349 2460 iuio
1402 2407 1631 2462 hiulcam
1679 2412 2013 2466 orationem?

459 2487 657 2542 Eadem
695 2499 870 2544 tamen
897 2492 1169 2548 estGrzcci
1199 2495 1360 2548 etiam
1399 2505 1572 2552 textus
1617 2498 1790 2553 lectio.
1830 2499 2015 2569 Itaque

461 2594 580 2633 meo
606 2580 822 2648 quidem
859 2581 1062 2651 judicio
1092 2597 1374 2655 corruptus
1397 2599 1496 2654 est,
1531 2604 1595 2642 ac
1643 2591 1928 2645 mendosus
1950 2606 2012 2645 ea

458 2674 573 2743 ipsa
623 2678 675 2729 in
731 2688 900 2747 parte,
956 2696 1060 2748 qua
1109 2683 1342 2736 maxime
1399 2682 1644 2750 innititur
1696 2682 2008 2754 Basnagius.

457 2764 680 2831 Quarto,
739 2768 784 2821 si
834 2771 1045 2837 nuptias
1073 2781 1196 2826 ante
1249 2772 1448 2828 Christi
1500 2775 1783 2830 adventum
1845 2778 2015 2834 malas

459 2854 626 2910 fuisse
659 2856 906 2923 Opinatus
952 2858 1140 2913 fuisset
1171 2860 1444 2930 Didymus,
1497 2865 1748 2918 continuo
1792 2866 2012 2920 alteram

458 2947 855 3015 responsionem
891 2964 992 3003 non
1022 2952 1312 3006 addidisset
1356 2971 1370 3006 :
1416 2953 1474 3008 Si
1516 2957 1631 3024 quis
1655 2961 1858 3024 nuptias
1896 2975 2010 3010 cum

456 3039 751 3107 virginitate
786 3041 1072 3108 conferens,
1109 3042 1244 3118 ipsas
1284 3046 1422 3097 dicat
1463 3058 1726 3114 peccatum
1760 3064 1887 3112 esse,
1911 3066 2012 3102 non

457 3128 690 3183 absolute
718 3140 838 3183 sunt
867 3145 1148 3199 peccatum,
1182 3144 1285 3188 etc.
1332 3134 1632 3202 Postremo,
1653 3142 1808 3208 xquod
1855 3149 2011 3210 caput

458 3229 566 3285 est,
594 3222 831 3289 postulat
876 3225 1119 3291 aequitas,
1161 3234 1218 3277 ut
1263 3237 1368 3279 tam
1401 3229 1568 3296 turpis
1601 3245 1751 3284 error
1787 3230 2012 3302 Didymo

459 3327 562 3366 non
595 3313 880 3382 tribuatur,
906 3317 1007 3370 nisi
1048 3317 1234 3373 saltem
1260 3318 1313 3372 in
1339 3317 1511 3375 allatis
1542 3322 1738 3390 verbis,
1772 3324 1892 3379 licet
1918 3325 2016 3379 ali-

457 3403 581 3456 cubi
607 3405 895 3471 mendosis,
927 3408 1204 3474 perSpicue
1230 3409 1274 3463 is
1316 3420 1587 3479 appareat.
1639 3413 1828 3468 Verum
1851 3414 1896 3469 si
1931 3426 2012 3470 at-

463 3504 604 3548 tente
631 3495 834 3564 singula
863 3480 1070 3568 Didymi
1117 3500 1279 3553 verba
1326 3503 1760 3570 expenderitnus,
1808 3506 2011 3561 nullum

459 3587 810 3650 inveniemus,
833 3590 974 3657 quod
998 3603 1117 3644 eum
1143 3592 1500 3646 condemnare
1523 3609 1618 3649 nos
1663 3607 1837 3665 cogat.
1881 3598 2011 3653 Dum

456 3681 600 3735 enim
632 3681 730 3746 ait,
765 3680 996 3751 Nuptias
1026 3699 1142 3736 cum
1169 3694 1376 3752 peccato
1409 3685 1683 3752 habebant,
1719 3689 1848 3743 nihil
1869 3691 2012 3745 aliud

457 3772 696 3836 denotat,
726 3783 783 3826 ut
811 3784 958 3842 puto,
984 3774 1084 3828 nisi
1118 3785 1395 3844 peccatum
1433 3777 1714 3846 originale,
1753 3782 1893 3849 quod
1921 3797 2017 3851 per

458 3864 730 3918 Christum
764 3865 995 3920 deletum
1031 3877 1134 3931 est,
1168 3884 1232 3923 ac
1262 3870 1490 3924 deletur.
1542 3868 1599 3925 Si
1646 3871 1789 3925 enim
1838 3876 2016 3930 verbis

461 3956 608 4010 hisce
641 3955 992 4024 indicaretur,
1019 3958 1186 4012 malas
1209 3959 1334 4013 olim
1363 3959 1533 4014 fuisse
1563 3976 1748 4016 omnes
1777 3966 2012 4033 nuptias,

458 4057 776 4116 sequeretur
806 4056 861 4100 ut
884 4050 1043 4102 verba
1072 4051 1231 4103 etiam
1257 4066 1376 4119 quae
1407 4054 1650 4120 proxime
1670 4057 2012 4124 antecedunt,

456 4137 578 4190 Alia
611 4154 724 4190 cum
748 4148 958 4206 peccato
985 4139 1220 4208 agebant,
1249 4141 1614 4210 signiﬁcarent
1653 4145 1819 4199 malas
1850 4145 2016 4203 fuisse

456 4231 726 4300 quaslibet
757 4232 967 4284 illorqu
996 4233 1235 4286 omnium
1263 4234 1526 4301 actiones,
1553 4235 1640 4303 qui
1671 4246 1792 4290 ante
1816 4237 2014 4292 Christi

459 4325 744 4377 adventum
784 4323 985 4379 fuere:
1029 4340 1134 4393 quo
1182 4325 1316 4380 nihil
1363 4340 1469 4380 non
1525 4329 1684 4382 modo
1731 4329 2014 4384 absurdius

456 4415 750 4483 excogitari
794 4425 990 4485 potest,
1049 4416 1141 4470 sed
1178 4432 1246 4471 ne
1290 4417 1515 4487 Didymo
1572 4417 1788 4488 quidem
1842 4423 2011 4490 magis

2118 1968 2376 2023 rationem
2423 1970 2476 2024 in
2507 1973 2638 2026 hanc
2683 1974 2952 2041 epistolam
2983 1977 3255 2034 concludit
3281 1997 3294 2033 :
3333 1977 3452 2032 Non
3482 1992 3554 2034 est
3576 1983 3674 2051 igi-

2118 2065 2204 2108 tur
2254 2059 2637 2127 ignorandum,
2694 2073 2996 2130 prwsentem
3027 2067 3298 2133 epistolam
3359 2085 3468 2123 esse
3508 2069 3674 2137 falsa-

2117 2155 2271 2201 tam:
2317 2165 2432 2217 (μιαί
2457 2150 2576 2204 licet
2628 2152 2941 2220 publicetur,
2989 2170 3090 2209 non
3137 2168 3307 2212 tamen
3357 2159 3412 2212 in
3462 2157 3675 2216 Conone

2115 2246 2208 2291 est.

2183 2328 2459 2397 Adjectam
2496 2329 2658 2384 fuisse
2699 2335 2766 2386 ab
2790 2332 2966 2404 aliquo
3004 2335 3144 2390 hanc
3168 2335 3462 2391 clausulam
3491 2339 3673 2409 suspi-

2115 2427 2270 2472 catur
2297 2418 2614 2490 Basnagius.
2639 2421 2802 2492 Cuius
2830 2425 3135 2496 opinionem
3164 2427 3393 2482 libenter
3421 2429 3666 2497 equidem

2116 2506 2493 2576 amplecterer,
2529 2511 2573 2564 si
2635 2528 2844 2568 nossem
2901 2530 3005 2584 qua
3043 2517 3249 2570 ratione
3300 2528 3446 2573 certo
3473 2519 3671 2574 conﬁr-

2115 2600 2249 2651 mari
2292 2600 2480 2667 possit.
2524 2597 2648 2666 Sed,
2685 2617 2805 2656 cum
2841 2603 2893 2658 id
2941 2606 3200 2675 ignorem,
3246 2606 3374 2661 illud
3412 2609 3675 2664 duntaxat

2117 2697 2229 2743 tuto
2267 2689 2367 2744 hac
2405 2691 2457 2744 in
2509 2707 2564 2745 re
2596 2702 2834 2748 statuere
2875 2710 3030 2764 posse
3063 2698 3189 2751 mihi
3223 2700 3426 2767 videor,
3470 2703 3676 2772 episto-

2115 2780 2218 2834 lam
2264 2781 2404 2837 hanc
2445 2792 2502 2836 ut
2543 2800 2821 2838 sacrarum
2862 2786 3261 2856 Scripturarum
3310 2792 3527 2857 librum,
3577 2805 3672 2849 aut

2114 2877 2317 2936 partem
2344 2870 2578 2938 agnitam
2613 2887 2642 2924 a
2665 2873 2890 2944 Didymo
2926 2875 3114 2931 fuisse.
3143 2879 3196 2930 In
3234 2879 3385 2933 libris
3423 2883 3562 2934 enim
3595 2882 3673 2936 De

2118 2958 2372 3013 Trinitate
2405 2961 2560 3016 Petro
2591 2965 2785 3029 sacpius
2822 2979 2940 3019 eam
2986 2969 3192 3035 tribuit,
3232 2979 3287 3025 et
3332 2973 3504 3026 instar
3540 2974 3677 3028 alio-

2117 3063 2236 3100 runt
2293 3049 2588 3120 Scriptura:
2626 3053 2883 3108 librorum
2935 3057 3102 3124 citat;
3145 3061 3194 3113 iu
3232 3059 3671 3120 Enarrationibus

2069 3195 2080 3214 ,
2116 3153 2244 3192 vero
2280 3140 2447 3206 ipsam
2477 3157 2686 3212 quoque
2712 3161 2814 3199 una
2855 3162 2974 3200 cum
3011 3150 3130 3204 aliis
3153 3150 3444 3208 Catholicis
3464 3155 3669 3223 episto-

2113 3228 2180 3284 lis
2216 3232 2594 3299 interpretatur
2623 3254 2635 3288 :
2667 3251 2730 3291 ac
2767 3239 2978 3293 demum
3014 3243 3065 3294 iu
3092 3242 3266 3298 allatis
3317 3248 3494 3302 verbis
3535 3263 3673 3317 opus

2112 3322 2428 3389 publicatum
2479 3325 2622 3379 illam
2658 3341 2948 3400 nuncupat.
2988 3333 3124 3400 Quid
3181 3345 3358 3389 autem
3411 3338 3671 3394 librorum

2112 3412 2492 3480 publicatorum
2520 3418 2772 3475 vocabulo
2813 3423 3073 3493 designet,
3100 3424 3399 3496 intelligere
3435 3429 3560 3484 licet
3605 3445 3673 3484 ex

2114 3504 2180 3558 iis
2224 3519 2340 3573 quae
2403 3507 2448 3560 is
2499 3509 2721 3564 dictavit
2783 3513 2838 3566 in
2878 3519 3276 3572 commentariis
3302 3521 3356 3572 in
3404 3524 3553 3586 Acta,
3603 3524 3673 3577 ad

2113 3607 2253 3647 vers.
2307 3594 2374 3649 39
2404 3599 2590 3667 capitis
2625 3616 2739 3654 vut.
2791 3603 2866 3658 lbi
2913 3606 3052 3658 enim
3089 3618 3370 3676 postquam
3400 3610 3672 3666 Enochum

2116 3686 2427 3739 translatum
2476 3690 2637 3746 fuisse
2675 3693 2830 3760 dixit,
2883 3696 2934 3750 id
2979 3708 3060 3751 est
3107 3716 3174 3753 ex
3217 3702 3337 3755 loco
3395 3703 3446 3755 in
3496 3702 3675 3759 locum

2115 3776 2370 3844 delatum,
2419 3781 2688 3850 subjungit
2751 3801 2765 3838 :
2823 3783 3081 3850 Quoniam
3114 3805 3226 3842 vero
3259 3791 3316 3843 ἐν
3362 3794 3483 3855 ταῖς
3527 3793 3678 3864 δεδη»

2118 3871 2495 3940 μοσιευμέναις
2525 3872 2745 3941 βίϐλοις,
2785 3877 2834 3929 id
2869 3889 2969 3942 est,
3002 3880 3052 3932 in
3084 3880 3226 3934 libris
3248 3881 3541 3948 publicatis,
3568 3901 3676 3938 non

2118 3965 2424 4029 exprimitur
2461 3980 2561 4033 quo
2589 3965 2630 4016 is
2656 3968 2937 4032 pervenerit
2961 3986 2981 4032 ;
3033 3971 3083 4020 in
3113 3971 3416 4040 apocryphis
3457 3972 3675 4039 dicitur,

2117 4070 2229 4107 eum
2286 4057 2337 4106 in
2379 4056 2683 4122 paradisum
2740 4059 3047 4111 translatum
3075 4076 3205 4114 esse.

2186 4144 2322 4208 Quid
2353 4155 2527 4198 autem
2561 4146 2663 4200 sibi
2715 4149 2838 4201 velit
2885 4149 3158 4220 Didymus,
3209 4167 3331 4206 cum
3378 4167 3496 4207 eam
3546 4153 3678 4223 Epi-

2119 4234 2307 4287 stolam
2361 4234 2611 4302 falsatum
2641 4252 2759 4292 esse
2793 4238 3020 4294 allirmat
3046 4279 3061 4304 ,
3107 4243 3313 4296 nescire
3359 4259 3446 4298 me
3481 4242 3673 4298 fateor.

2119 4327 2418 4396 Exprobrat
2448 4331 2660 4398 quidem
2701 4333 2813 4401 ipse
2848 4335 3113 4390 haereticis
3153 4337 3288 4391 libro
3349 4351 3390 4390 ιι
3438 4337 3512 4390 De
3554 4336 3712 4412 Tri-g

2123 4420 2301 4483 nitate,
2354 4423 2496 4487 quod
2535 4421 2684 4490 plura
2733 4423 3022 4492 Scriptura:
3060 4424 3176 4480 loca
3218 4427 3534 4496 depravare,
3576 4442 3678 4484 seta

457 4505 810 4560 contrarium.
858 4504 991 4561 Nam
1051 4515 1105 4562 et
1155 4517 1372 4563 sanctos
1424 4507 1636 4566 Veteris
1689 4511 2014 4570 Testamenti
2046 4528 2093 4587 ι)
2123 4511 2318 4578 falsare
2344 4514 2519 4564 conati
2553 4515 2696 4580 sint;
2737 4517 2865 4584 quin
2895 4516 3056 4569 etiam
3090 4518 3413 4586 exemplaria
3452 4519 3531 4572 sic
3559 4519 3674 4588 fal-

456 4595 643 4648 laudat
673 4594 726 4648 in
763 4596 1011 4651 omnibus
1051 4597 1141 4666 qui
1191 4607 1405 4653 exstant
1452 4599 1637 4665 libris;
1694 4612 1747 4656 et
1799 4619 2011 4659 omnem

455 4687 630 4756 quoad
665 4687 767 4742 hoc
801 4687 1187 4742 dubitationem
1221 4690 1410 4745 tollunt
1449 4707 1566 4761 quae
1604 4693 1655 4747 in
1705 4693 2011 4749 Enarratio—

456 4779 605 4833 nibus
636 4779 702 4832 ad
732 4788 892 4848 caput
926 4795 939 4832 I
969 4780 1218 4847 Epistulae
1247 4780 1268 4834 I
1296 4781 1441 4836 Petri
1492 4783 1711 4839 disserit
1758 4785 1872 4853 ipse
1922 4788 2012 4842 Di-

455 4869 647 4938 dymus
677 4867 743 4922 de
767 4867 966 4936 duplici
1001 4867 1202 4926 Christi
1245 4876 1497 4939 adventu,
1535 4873 1774 4928 sensibili
1820 4874 2011 4940 altern,

455 4960 627 5013 altero
658 4958 1000 5028 intelligibili,
1043 4960 1193 5028 cujus
1223 4963 1511 5033 participes
1542 4963 1706 5019 fuisse
1740 4965 1901 5036 [LIX]
1940 4966 2012 5020 ait

453 5063 674 5106 sanctos
705 5048 923 5105 Veteris
953 5051 1306 5108 Testameuti.
1341 5055 1544 5120 Quibus
1575 5056 1768 5110 similia
1797 5057 1931 5110 libro
1956 5073 2013 5111 ιιι

457 5143 532 5196 De
577 5142 722 5199 Trin.
759 5158 881 5212 cap.
911 5143 1002 5207 28,
1036 5143 1277 5212 dictavit,
1332 5163 1453 5216 pag.
1489 5147 1612 5202 δη.
1678 5147 1828 5214 Quod
1855 5164 2014 5204 'vero

454 5233 731 5304 subjungit
759 5234 1034 5305 Didymus,
1075 5252 1166 5302 per
1209 5237 1406 5291 Christi
1449 5239 1722 5292 adventum
1768 5240 1903 5294 sicut
1947 5238 2010 5292 ab

456 5329 574 5381 aliis
604 5330 774 5396 rebus,
809 5329 883 5382 sic
913 5346 944 5382 a
977 5333 1172 5399 nuptiis
1206 5331 1437 5388 ablatum
1483 5351 1590 5388 esse
1626 5345 1911 5402 peccatum,
1963 5335 2013 5388 id

455 5435 668 5489 quoque
713 5423 778 5476 de
818 5432 1040 5490 peccato
1109 5424 1353 5492 originali
1407 5425 1807 5495 intelligendum
1860 5437 2010 5494 puto.

457 5514 678 5565 Demum
715 5527 833 5581 qua:
869 5514 1014 5568 addit
1043 5517 1106 5569 de
1135 5515 1522 5569 honorabilibus
1551 5517 1761 5584 nuptiis,
1809 5533 1914 5570 non
1950 5532 2013 5572 eo

456 5612 723 5670 spectant,
761 5614 817 5658 ut
846 5606 1044 5674 nuptiae
1082 5607 1133 5660 in
1167 5606 1347 5660 Veteri
1398 5605 1743 5661 Testamento
1787 5607 2013 5662 honora-

456 5692 582 5746 biles
623 5707 744 5748 esse
787 5710 889 5749 non
921 5707 1159 5765 possent,
1191 5697 1291 5751 etsi
1325 5697 1557 5750 nondum
1596 5698 1660 5751 ad
1695 5699 2012 5752 sacramenti

458 5784 768 5856 dignitatem
799 5799 1024 5856 evectae;
1068 5789 1407 5845 honorabiles
1453 5790 1592 5845 enim
1645 5791 1816 5861 reipsa
1863 5790 2013 5848 fuere

2116 4612 2234 4654 sata
2261 4603 2311 4655 iu
2342 4600 2772 4658 Orthodoxorum
2814 4621 3003 4661 manus
3037 4610 3247 4663 venisse
3287 4611 3670 4679 conqueritur;

2115 4709 2379 4762 nusquam
2407 4705 2582 4748 tamen
2616 4705 2704 4748 aut
2732 4696 2866 4766 ipse,
2892 4708 2983 4750 aut
3009 4698 3145 4752 ullus
3175 4699 3313 4753 alius
3339 4715 3370 4755 e
3397 4701 3676 4758 veteribus

2115 4783 2363 4838 Patribus
2395 4786 2630 4854 scripsit,
2677 4785 2971 4841 Ecclesiam
3009 4789 3234 4844 sinceris
3261 4789 3667 4860 Scripturarum

2114 4874 2509 4942 exemplaribus
2565 4877 2873 4930 destitutam
2914 4877 3112 4932 luisse.
3167 4877 3436 4934 Credibile
3485 4881 3671 4950 itaque

2115 4976 2221 5016 non
2255 4963 2479 5028 videtur,
2508 4963 2645 5018 hanc
2679 4978 2797 5018 esse
2820 4965 3025 5035 Didymi
3064 4975 3321 5032 mentem,
3357 4977 3414 5022 ut
3435 4969 3668 5037 genuina

2114 5054 2360 5110 secunda:
2395 5055 2537 5109 Petri
2575 5056 2811 5124 epistola:
2857 5059 3182 5128 exemplaria
3221 5061 3416 5115 amissa
3451 5061 3575 5116 velit
3603 5064 3674 5117 ab

2114 5145 2372 5199 Ecclesia.
2405 5148 2474 5200 At
2519 5146 2562 5200 si
2608 5148 2658 5200 id
2712 5148 2886 5217 reipsa
2920 5149 3192 5216 voluisset,
3241 5151 3472 5207 absurda
3513 5152 3674 5222 plane

2115 5245 2254 5289 esset
2288 5235 2428 5290 illius
2463 5238 2747 5292 sententia.

2114 5346 2241 5401 CAP.
2272 5346 2435 5404 XVII.
2473 5348 2549 5402 De
2576 5349 2788 5420 Didymi
2833 5351 2977 5420 fama
3020 5362 3130 5418 post
3171 5353 3363 5408 obitum
3393 5352 3541 5408 valde
3581 5353 3675 5408 ob-

2767 5435 3000 5475 iscurata.
3477 5444 3486 5452 ’

2185 5505 2329 5562 Satis
2363 5508 2471 5576 jam
2516 5525 2578 5566 ea
2625 5525 2742 5581 quae
2784 5513 2836 5566 in
2893 5512 3104 5584 Didymi
3148 5513 3364 5584 scriptis
3397 5524 3487 5569 aut
3527 5514 3672 5584 jure,

2113 5610 2206 5654 aut
2234 5602 2428 5671 injuria
2474 5608 2798 5674 reprehensa
2830 5606 3002 5672 fuere,
3037 5611 3298 5676 persecuti
3327 5624 3532 5663 sumus.
3562 5608 3672 5664 Su-

2114 5707 2294 5760 perest
2324 5710 2468 5750 nunc
2511 5707 2739 5763 tantum,
2778 5708 2833 5752 ut
2879 5700 2945 5754 de
2988 5701 3130 5755 illius
3168 5701 3565 5756 existimatione
3607 5718 3673 5757 ac

2116 5786 2256 5842 fama
2287 5803 2626 5860 summopere
2668 5802 2786 5860 post
2829 5792 3032 5848 obitum
3063 5792 3346 5849 obscurata
3389 5795 3666 5861 dicamus;
