3970 6406
296 357 400 414 213

1413 364 1975 423 COMMENTARIUS.
2017 398 2084 409 —-
2125 370 2252 423 LIB.
2296 369 2361 424 lI.

3398 376 3507 432 214

294 474 465 545 ipsum
505 475 644 528 enim
696 490 729 528 a
785 475 1030 544 pluribus
1072 479 1381 553 damnatum
1432 492 1590 548 atque
1637 483 1852 536 anathe-
1878 489 1923 545 Α
1960 484 2126 537 trario
2152 484 2298 537 illum
2355 495 2675 551 magnopere
2721 481 3182 536 commendarunt.
3222 481 3303 537 lll.
3336 483 3507 554 lnsy-

298 577 436 620 mate
460 568 763 636 perculsum
801 570 967 624 fuisse
995 580 1112 639 post
1132 571 1374 640 quintum
1414 571 1663 626 Ecclesiae
1688 588 1855 627 saecu-

296 657 422 721 lum,
456 674 610 713 nemo
653 659 871 714 nescius
897 671 1000 715 est.
1051 661 1154 715 Sed
1196 677 1317 716 cum
1353 662 1656 731 hujusmodi
1694 679 1852 733 argu-

300 761 522 803 mentum
569 759 625 803 et
662 754 1069 817 controversias,
1120 765 1171 807 et
1211 753 1431 822 periculi
1486 754 1696 820 plenum
1738 767 1856 808 esse

305 845 529 907 videam,
572 859 635 899 ac
694 860 845 899 meas
897 847 1115 917 insuper
1157 848 1298 902 vires
1351 848 1399 901 ei
1455 863 1550 917 pro
1601 849 1856 918 dignitate

288 937 566 1007 VtraCtando
614 938 852 1007 impares
890 953 1008 993 esse
1052 955 1359 1007 agnoscam,
1410 940 1537 993 nihil
1588 941 1727 994 aliud
1769 940 1853 993 fa-

256 1022 450 1091 -iciam,
473 1028 571 1080 nisi
603 1028 862 1095 breviter,
893 1030 984 1082 sed
1010 1030 1218 1083 sincere
1242 1032 1498 1099 attingam
1524 1046 1855 1099 quaecunque

308 1131 412 1167 cum
439 1118 694 1171 adversus
739 1118 1041 1187 Didymum,
1078 1127 1187 1172 tum
1227 1134 1321 1188 pro
1357 1120 1445 1172 illo
1476 1117 1655 1173 aII'erri
1691 1135 1852 1189 posse

304 1208 567 1273 existimo;
606 1220 663 1263 ut
689 1210 943 1264 omnibus
972 1210 1109 1263 inter
1137 1225 1195 1263 se
1238 1210 1443 1265 collatis
1484 1211 1743 1280 judicium
1780 1212 1855 1265 le-

302 1310 404 1350 ctor
428 1299 576 1353 ferre
614 1309 797 1367 queat.
834 1300 1097 1356 Exordior
1126 1310 1301 1356 autem
1347 1318 1377 1355 a
1412 1302 1616 1371 primis,
1649 1304 1747 1356 hoc
1775 1311 1858 1355 est

297 1390 357 1442 ab
395 1390 475 1453 iis,
508 1404 631 1460 qua:
666 1392 863 1446 bonam
916 1393 1123 1464 Didymi
1167 1393 1617 1449 existtrnationem
1672 1394 1857 1448 obscu-

295 1490 495 1535 rarunt.

357 1572 497 1645 [ως]
534 1572 852 1644 Quanquam
897 1576 951 1630 in
981 1575 1126 1631 hisce
1157 1575 1325 1632 fusius
1354 1576 1716 1632 describendis
1762 1576 1857 1629 im-

290 1666 486 1718 morari
519 1680 741 1721 necesse
792 1682 897 1721 non
935 1677 1035 1733 est,
1065 1683 1185 1722 cum
1224 1678 1277 1721 et
1305 1667 1460 1737 vulgo
1494 1677 1616 1721 nota
1649 1668 1774 1732 sint,
1803 1675 1858 1720 et

287 1759 539 1825 superius
565 1773 594 1810 a
624 1759 778 1812 nobis
814 1760 1071 1825 indicata,
1117 1770 1169 1814 et
1199 1759 1371 1815 fusius
1421 1760 1470 1813 in
1524 1759 1855 1812 Testimoniis

286 1859 515 1901 seterum
548 1864 577 1901 a
610 1866 695 1903 me
722 1850 965 1905 collectis
990 1851 1233 1919 exposita
1270 1850 1371 1920 legi
1395 1860 1615 1921 queant.
1647 1850 1724 1903 Ad
1747 1851 1853 1905 duo

286 1949 467 1993 autent
523 1942 638 1995 haec
684 1942 863 2010 capita
910 1954 1233 1996 revocantur
1276 1942 1543 1996 universa.
1599 1941 1639 1995 Ι.
1702 1940 1854 2007 Quod

284 2031 577 2102 Didymum
636 2032 996 2105 Hieronymus
1066 2034 1337 2104 perversis
1410 2034 1855 2104 Origenianorum

285 2123 577 2178 sententiis
632 2124 887 2179 infectum
957 2125 1122 2179 fuisse
1175 2124 1539 2180 aﬂirmaverit.
1592 2125 1651 2178 ll.
1707 2125 1856 2189 Quod

284 2216 498 2268 etiamsi
536 2216 591 2268 in
639 2216 789 2269 Actis
825 2216 1024 2285 quinta:
1063 2217 1410 2271 tecumenicae
1451 2217 1639 2286 synodi
1690 2216 1855 2285 Didy-

286 2321 437 2359 mum
490 2320 562 2359 ne
610 2307 774 2359 seuth
823 2307 1036 2374 quidem
1074 2317 1423 2362 memoratum
1478 2308 1735 2377 legamus,
1777 2319 1856 2361 ta-

285 2411 409 2449 men
452 2397 522 2450 ab
553 2396 646 2449 illa
688 2400 892 2466 synodo
927 2409 1019 2452 aut
1050 2399 1245 2467 ipsum,
1278 2408 1369 2453 aut
1397 2400 1641 2469 dogmata
1671 2415 1789 2468 quae
1812 2401 1856 2454 is

283 2496 636 2555 sequeretur,
666 2490 916 2543 damnata
964 2489 1127 2544 fuisse
1158 2490 1372 2561 plurimi
1410 2493 1852 2559 asseveraverint,

283 2579 575 2647 ipsumque
605 2581 816 2648 ipsimet
861 2582 1184 2647 damnariut,
1233 2597 1423 2652 nempe
1460 2582 1689 2655 Cyrillus
1726 2585 1857 2655 Scy-

284 2672 680 2737 tbopolitanus,
742 2671 1000 2742 Evagrius
1056 2674 1445 2741 Scholasticus,
1498 2677 1555 2732 S.
1615 2676 1855 2745 SOphro-

282 2760 431 2824 nius,
478 2760 761 2816 Heraclius
810 2764 1119 2833 imperator,
1188 2766 1424 2835 synodus
1482 2764 1857 2822 Lateranensis

282 2854 388 2906 sub
424 2852 709 2908 Martinol
748 2854 945 2921 habita,
989 2856 1046 2910 S.
1092 2858 1409 2912 Anastasius
1442 2856 1670 2925 Siuaita,
1698 2873 1859 2930 syno-

284 2945 391 2997 dus
421 2954 580 2998 sexta
628 2948 916 3015 generalis,
949 2947 1328 3003 Constantinus
1359 2948 1659 3018 Pogonatus
1699 2950 1859 3019 impe-

284 3048 474 3100 rator,
541 3038 648 3092 Leo
698 3038 741 3092 Il
798 3055 968 3109 papa,
1028 3042 1261 3112 synodus
1319 3041 1665 3111 quinisexta,
1721 3042 1859 3097 liber

288 3130 532 3184 Diurnus
584 3130 948 3186 Romanorum
995 3132 1334 3200 Pontiﬁcum,
1389 3135 1700 3189 Theodorus
1760 3149 1857 3202 pa-

288 3220 535 3274 triarcha
568 3220 1035 3292 Ierosolymitanus
1061 3264 1075 3283 .
1108 3224 1359 3280 Tarasius
1387 3226 1690 3295 patriarcha
1715 3224 1855 3279 Con-

287 3314 844 3381 stantinopolitanus,
896 3317 1131 3386 synodus
1182 3318 1407 3387 septima
1461 3317 1749 3388 generalis,
1798 3316 1856 3370 S.

289 3402 633 3473 Nicephorus
687 3405 997 3474 patriarcha
1047 3405 1693 3476 Constantinopolitanus,
1745 3404 1861 3458 alii-

291 3508 402 3562 que
426 3495 689 3551 nonnulli.
744 3493 848 3549 Nec
900 3497 1040 3550 enim
1088 3496 1325 3566 singulos
1370 3498 1435 3551 ad
1475 3512 1634 3550 unum
1671 3509 1861 3550 nume-

299 3599 421 3639 rare
470 3600 692 3640 necesse
742 3595 842 3651 est,
893 3602 1012 3640 cum
1052 3588 1357 3657 plerosque,
1389 3598 1549 3656 atque
1578 3587 1710 3642 adeo
1746 3586 1861 3640 illos

303 3688 521 3737 omnes,
579 3690 804 3744 quorum
877 3691 1065 3747 magna
1130 3688 1212 3734 est
1281 3681 1607 3743 auctoritas,
1685 3677 1860 3731 nomi-

304 3766 493 3820 uarim.

369 3858 499 3924 Quae
523 3869 700 3913 autem
732 3876 829 3928 pro
859 3861 1082 3933 Didymo
1111 3861 1287 3918 afferri
1316 3879 1472 3934 posse
1497 3881 1711 3931 censeo,
1749 3871 1862 3925 haec

305 3951 638 4019 potissimum
662 3962 807 4008 sunt.
836 3952 876 4008 I.
920 3954 1173 4020 Quamvis
1200 3954 1555 4028 Hieronymus
1581 3960 1861 4032 Didymum

306 4052 357 4094 ut
383 4040 745 4113 Origenistam
797 4046 848 4099 in
898 4047 1049 4101 libris
1092 4048 1337 4103 adversus
1377 4050 1627 4119 Ruﬁnum
1663 4054 1862 4123 aliquot

304 4146 418 4202 post
448 4137 621 4204 ipsius
665 4138 872 4208 Didymi
906 4140 1108 4194 obitum
1154 4157 1325 4196 annos
1370 4144 1583 4213 scriptis
1614 4147 1864 4201 traduxe—

304 4226 397 4291 rit;
436 4236 619 4281 tamen
654 4238 708 4282 et
742 4230 888 4282 illum
931 4241 1087 4285 antea
1133 4247 1343 4302 semper
1371 4237 1860 4303 commendaverat,

302 4328 353 4372 ct
378 4321 627 4374 eumdem
655 4330 832 4390 utpote
864 4321 915 4375 in
948 4323 1200 4377 Ecclesiae
1254 4339 1384 4392 pace
1414 4334 1467 4378 et
1491 4330 1865 4384 communione

300 4410 401 4477 jam
438 4412 808 4475 demortuum,
859 4424 1091 4467 sanctum
1136 4414 1418 4485 Didymum
1477 4418 1761 4487 appellavit
1808 4421 1861 4473 in

302 4503 525 4570 epistola
564 4502 652 4566 7i,
681 4503 749 4554 ad
770 4501 1066 4557 Lacinium.
1093 4503 1225 4559 Novi
1252 4508 1495 4576 equidem
1526 4509 1860 4575 vocabulum,
1894 4540 1937 4593 Β

300 4593 489 4658 sancti,
541 4607 572 4645 a
626 4592 921 4646 Veronensi
969 4594 1173 4649 editore
1219 4596 1290 4649 ibi
1337 4608 1658 4666 expunctum
1698 4615 1857 4655 esse:

301 4687 389 4739 sed
420 4701 544 4738 cum
581 4683 709 4738 illud
758 4696 812 4739 et
839 4686 890 4738 in
930 4696 1139 4741 vetusto
1175 4689 1521 4745 membraneo
1561 4691 1743 4745 codice
1782 4692 1867 4747 bi-

301 4775 588 4829 bliotheca:
631 4783 827 4828 nostrae
858 4773 1209 4832 Bononiensis
1256 4779 1509 4848 epistolas
1550 4779 1862 4852 Hieronymi

304 4866 613 4920 continente
660 4866 773 4935 ipse
816 4866 1058 4934 legerim,
1092 4878 1145 4924 et
1180 4870 1235 4923 in
1275 4871 1508 4940 antiquis
1533 4872 1652 4927 aliis
1693 4888 1863 4927 mem-

304 4954 506 5022 branis,
559 4965 615 5009 et
660 4970 787 5012 vero
835 4960 890 5009 in
949 4958 1223 5028 impressis
1270 4961 1433 5015 etiam
1470 4962 1864 5032 exemplaribus

304 5045 401 5115 legi
432 5056 681 5112 constet;
723 5048 945 5115 proinde
990 5051 1324 5105 retinendum
1350 5068 1471 5107 esse
1518 5069 1624 5107 non
1657 5056 1858 5111 dubito.

305 5134 415 5192 Huc
444 5137 654 5191 accedit
684 5140 826 5207 quod
858 5137 1213 5210 Hieronymus
1246 5141 1359 5211 ipse
1382 5142 1591 5213 Didymi
1628 5146 1862 5200 amicum

306 5245 359 5284 se
384 5230 552 5285 fuisse
593 5232 857 5301 gloriatus
900 5232 970 5286 sit
998 5232 1240 5301 pluribus
1284 5236 1438 5290 annis
1468 5247 1748 5305 postquam
1803 5237 1865 5292 li-

308 5321 423 5373 bros
460 5322 514 5374 in
570 5320 822 5389 Ruﬁnum
869 5322 1230 5392 evulgaverat,
1280 5334 1337 5379 ut
1371 5326 1612 5394 superius
1663 5327 1863 5379 dictum

310 5422 402 5466 est.
439 5412 514 5465 Ex
547 5414 747 5482 quibus
774 5414 1024 5468 omnibus
1055 5414 1184 5468 illud
1221 5416 1584 5484 consequitur,
1620 5426 1676 5469 ut
1708 5418 1865 5487 Didy—

314 5503 376 5554 mi
405 5505 718 5559 memoriam
769 5505 922 5573 quasi
966 5505 1280 5561 heterodoxi
1313 5506 1660 5577 damnatique
1696 5508 1866 5561 homi-

317 5593 391 5646 nis
421 5606 699 5649 aversatus
726 5610 835 5649 non
867 5596 958 5650 sit.
986 5596 1046 5649 ll.
1080 5597 1363 5668 Didymum
1408 5599 1583 5653 nullus
1630 5614 1863 5668 unquam

316 5682 438 5740 alius
487 5688 725 5757 scriptor
768 5696 828 5740 ut
874 5687 1257 5742 heterodoxum
1308 5690 1542 5743 traduxit
1581 5705 1747 5759 usque
1800 5690 1865 5741 ad

314 5788 506 5835 sextum
533 5779 820 5840 saeculum,
853 5782 993 5847 quod
1028 5782 1194 5838 sciam
1230 5803 1240 5836 :
1289 5782 1416 5851 quin
1466 5782 1618 5836 multi
1668 5798 1698 5837 e
1740 5798 1867 5838 con-

1960 577 2100 629 nodo
2168 574 2425 628 Nitrieusi
2477 575 2541 626 ad
2605 571 3060 627 condemnandum
3116 573 3507 644 Origenismnm

1954 668 2051 721 sub
2099 665 2393 734 The0phi|o
2448 665 2808 718 Alexandrino
2850 665 3102 733 episcopo
3146 675 3265 734 post
3303 667 3507 737 Didymi

1953 758 2158 813 obitum
2201 766 2541 825 c0ugregata,
2577 755 2823 824 quamvis
2864 755 3043 821 plures
3068 756 3382 825 Origenistae
3409 772 3509 811 no-

1953 848 2193 901 minatim
2222 847 2456 900 damnati
2486 848 2610 910 sint,
2659 846 2801 898 nulla
2846 856 3021 899 tamen
3073 846 3277 915 Didymi
3309 848 3513 901 mentio

1952 938 2092 992 facta
2118 947 2219 991 est.
2248 938 2430 1007 Itaque
2458 937 2717 1004 suspicari
2762 938 3023 1005 quispiam
3064 936 3282 990 forsitan
3316 948 3510 1006 potest,

1953 1040 2046 1083 aut
2069 1030 2243 1098 aliqua
2270 1030 2475 1100 Didymi
2506 1030 2703 1097 scripta
2735 1030 3073 1099 postmodum
3100 1030 3165 1083 ab
3194 1028 3513 1096 Origenistis

1954 1128 2200 1187 corrupta
2236 1118 2418 1183 fuisse,
2460 1129 2552 1172 aut
2607 1119 3003 1188 supposititium
3052 1119 3286 1187 aliquem
3344 1118 3510 1172 fetum

1954 1210 2053 1265 sub
2084 1210 2199 1278 ejus
2232 1212 2441 1264 nomine
2472 1210 2539 1264 ab
2588 1210 2777 1264 iisdem
2831 1210 3129 1280 ernlgatum
3181 1212 3331 1263 bonae
3374 1209 3513 1263 illius

1954 1302 2333 1355 existimationi
2365 1301 2650 1369 plurimum
2690 1302 2955 1356 nocuisse.
2986 1300 3072 1354 IV.
3104 1299 3159 1354 In
3192 1303 3325 1354 actis
3356 1303 3514 1369 quin—

1957 1403 2023 1447 tae
2047 1392 2232 1463 synodi
2264 1392 2469 1461 Didymi
2519 1408 2709 1446 nomen
2753 1408 3016 1462 nusquam
3046 1401 3242 1455 exstat,
3291 1406 3345 1444 ut
3378 1392 3510 1445 dixi.

1955 1486 2021 1538 γ.
2080 1484 2158 1539 Ne
2215 1484 2550 1539 Justinianus
2615 1485 2828 1553 quidem
2886 1486 3177 1553 imperator
3230 1484 3510 1553 Didymum

1958 1592 2190 1646 unquam
2222 1578 2459 1630 nominat
2499 1577 2548 1629 in
2579 1577 2684 1631 nllo
2713 1593 2743 1631 e
2776 1578 3011 1645 scriptis,
3036 1592 3153 1645 qua:
3179 1587 3362 1630 contra
3392 1575 3516 1630 Ori-

1957 1684 2144 1737 genem
2178 1669 2363 1723 edidit.
2408 1667 2494 1721 Vl.
2536 1668 2747 1722 Nullum
2788 1678 2965 1723 exstat
3014 1671 3290 1737 antiquum
3333 1682 3516 1720 moun-

1958 1772 2220 1826 mentum,
2253 1761 2392 1830 quod
2421 1777 2517 1815 nos
2548 1762 2754 1826 doceat,
2782 1764 3119 1829 qnandonam
3155 1759 3359 1829 Didymi
3388 1772 3514 1827 ope-

1885 1836 1927 1895 Β
1957 1866 2014 1904 ra
2043 1862 2313 1915 accurate,
2363 1861 2419 1904 ut
2478 1868 2573 1919 par
2637 1863 2738 1916 est,
2802 1862 2854 1904 et
2906 1850 3161 1904 canonice
3208 1849 3511 1903 examinata

1956 1942 2093 2009 sint;
2128 1942 2326 1996 nullum
2361 1944 2507 2006 item,
2552 1943 2605 1996 in
2634 1957 2738 2011 quo
2782 1941 2870 1994 illa
2918 1942 3120 2011 Didymi
3155 1955 3312 2009 opera
3342 1939 3515 1993 nomi-

1956 2044 2171 2098 nentur,
2205 2050 2323 2105 quze
2367 2035 2807 2089 condemnatione
2854 2035 3011 2102 digna
3044 2033 3347 2087 existimata
3401 2034 3512 2085 sint

1957 2134 2048 2179 aut
2076 2125 2343 2179 declarata
2372 2140 2399 2178 a
2428 2126 2616 2194 quinta
2658 2125 2881 2195 synodo.
2920 2124 2994 2176 Ex
3025 2138 3133 2193 quo
3167 2124 3429 2192 sequitur,
3457 2132 3516 2175 ut

1957 2216 2216 2283 suspicari
2249 2216 2419 2284 possit
2470 2216 2666 2285 aliquis
2724 2215 2932 2285 Didymi
2984 2213 3254 2277 defensor,
3292 2228 3384 2266 eos
3423 2213 3515 2281 qui

1958 2307 2131 2378 ipsum
2164 2322 2193 2361 a
2243 2308 2430 2377 quinta
2479 2309 2681 2377 synodo
2711 2308 3123 2361 condemnatum
3174 2302 3341 2358 Iuisse
3370 2302 3517 2356 adir-

1958 2406 2191 2461 marunt,
2237 2412 2340 2453 non
2374 2399 2494 2452 ideo
2523 2398 2601 2451 sic
2642 2398 2849 2451 locutos
2890 2411 3029 2459 esse,
3071 2395 3212 2465 quod
3257 2408 3377 2449 eum
3419 2408 3516 2446 no-

1956 2489 2198 2543 minatim
2236 2490 2544 2543 damnatum
2598 2488 2957 2549 crediderint,
3005 2487 3097 2541 sed
3139 2486 3280 2555 quod
3330 2484 3509 2553 impli-

1957 2581 2063 2636 cite
2093 2580 2267 2649 ipsutn
2313 2595 2546 2650 quoque,
2579 2591 2668 2635 aut
2702 2582 2890 2635 saltem
2939 2578 3113 2648 aliqua
3164 2578 3307 2632 illius
3351 2592 3515 2647 Opera

1958 2673 2255 2740 proscripta
2304 2682 2429 2724 tunc
2475 2671 2639 2725 fuisse
2671 2660 2977 2724 censuerint
3007 2664 3036 2721 a
3069 2667 3252 2736 quinta
3282 2668 3509 2737 synodo,

1959 2779 2079 2817 cum
2132 2763 2246 2818 haec
2314 2762 2600 2833 Origenem
2657 2762 2875 2831 ejusque
2931 2776 3145 2815 errores
3194 2759 3513 2814 damnavit:

1958 2865 2236 2926 propterea
2281 2855 2485 2909 scilicet
2539 2854 2681 2923 quod
2731 2867 2939 2907 canone
2966 2866 3021 2905 xt
3072 2850 3345 2905 addiderit
3403 2848 3518 2903 ι)ωο

1960 2948 2159 2999 verba:
2209 2942 2277 2997 Et
2322 2960 2407 2999 eos
2454 2944 2540 3009 qui
2586 2940 2779 2996 similia
2825 2940 3090 3009 prtedictis
3138 2937 3394 2992 haereticis
3429 2951 3519 2989 sa-

1958 3046 2219 3105 prterunt,
2262 3044 2311 3090 et
2344 3036 2572 3103 sapiunt.
2628 3032 2735 3087 VII.
2770 3031 3098 3087 Justinianus
3142 3030 3433 3099 imperator
3465 3027 3518 3080 in

1960 3128 2181 3197 epistola
2210 3141 2378 3194 nuper
2406 3142 2436 3180 a
2465 3126 2579 3181 viro
2601 3125 2810 3179 clariss.
2843 3121 3104 3176 Bandinio
3124 3121 3388 3195 evulga‘ta,
3417 3120 3520 3173 Iur-

1961 3236 2130 3273 resum
2162 3219 2375 3289 quidem
2426 3226 2662 3272 auctores
2709 3216 3049 3270 anathemate
3083 3210 3398 3267 nominatim
3448 3210 3522 3265 fe-

1962 3314 2175 3366 riendos
2218 3325 2338 3366 esse
2375 3312 2483 3378 ait;
2537 3309 2655 3363 illos
2686 3323 2814 3365 vero
2846 3307 2935 3377 qui
2988 3307 3245 3360 hteresum
3280 3314 3519 3357 auctores

1959 3404 2120 3456 secuti
2149 3412 2292 3465 sunt,
2326 3415 2613 3471 suppresso
2653 3403 2888 3463 nomine,
2918 3412 2980 3451 ac
3010 3396 3242 3467 generali
3292 3393 3519 3449 formula

1961 3492 2393 3548 condemnandos
2445 3507 2584 3556 esse,
2631 3490 2884 3545 adhibitis
2922 3502 3112 3557 nempe
3155 3486 3240 3541 his
3291 3484 3519 3539 verbis:

1964 3585 2151 3640 Omnes
2180 3600 2379 3654 quoque
2406 3600 2520 3637 cum
2549 3586 2658 3651 ipso
2689 3583 2978 3636 sentientes.
3016 3581 3191 3648 Atque
3220 3578 3293 3632 ita
3332 3591 3522 3632 revera

1961 3690 2019 3731 se
2052 3677 2216 3745 gessit
2255 3676 2439 3745 quinta
2474 3675 2710 3745 synodus
2752 3686 2958 3728 canone
3011 3686 3085 3737 x1,
3140 3681 3196 3725 ut
3238 3670 3396 3724 modo
3442 3667 3523 3722 di-

1960 3778 2103 3824 ctum
2134 3776 2232 3823 est.
2276 3766 2583 3822 Verisimile
2621 3766 2802 3835 itaque
2832 3779 2939 3819 non
2990 3764 3223 3827 videtur,
3278 3762 3522 3831 quintam

1961 3863 2129 3931 ipsam
2191 3860 2448 3931 synodum
2517 3856 2977 3926 Constantinopoli
3057 3855 3157 3910 sub
3217 3853 3521 3910 Justiniano

1963 3953 2227 4019 habitam,
2289 3960 2383 4004 aut
2441 3950 2583 4003 aliud
2648 3943 3294 4015 Constantinopolitanum
3360 3939 3519 4013 [LXI]

1962 4044 2271 4111 concilium,
2327 4044 2469 4111 quod
2527 4041 2687 4110 paulo
2743 4048 2867 4094 ante
2918 4039 3113 4108 ipsam,
3176 4046 3236 4089 ut
3280 4033 3523 4089 nonnulli

1965 4137 2274 4206 opinantur,
2332 4135 2431 4189 sub
2474 4134 2659 4189 eodem
2701 4132 3024 4201 imperatore
3064 4130 3130 4183 ad
3168 4128 3526 4183 condemnan-

1964 4230 2087 4284 dum
2118 4228 2399 4298 Origenem
2432 4235 2783 4282 convocatum
2810 4222 2992 4288 fuerit,
3025 4222 3248 4291 Didymo
3284 4220 3526 4274 nomina-

1965 4321 2056 4374 tim
2099 4321 2383 4374 anathema
2427 4318 2660 4383 dixisse;
2701 4316 2795 4370 sed
2826 4321 3133 4369 contentam
3166 4311 3328 4366 fuisse
3363 4326 3526 4381 syno-

1964 4412 2089 4466 dum
2120 4410 2375 4465 credibile
2392 4418 2474 4464 est
2499 4409 2783 4479 Origenem
2808 4406 3149 4460 anathemate
3178 4401 3472 4473 percellere
3504 4420 3517 4457 :

1965 4503 2266 4558 Justiniano
2319 4503 2463 4556 enim
2512 4516 2715 4555 morem
2762 4513 2997 4568 gessere,
3043 4504 3301 4565 quantum
3350 4494 3522 4560 licuit,

1968 4595 2041 4650 illi
2091 4594 2302 4649 Patres.
2371 4590 2501 4647 VIII.
2574 4591 2806 4664 Cyrillus
2866 4587 3358 4659 Scythopolitanus,
3433 4586 3525 4653 qui

1966 4688 2123 4758 paulo
2157 4698 2276 4757 post
2329 4687 2571 4741 habitum
2619 4685 2866 4753 quintum
2918 4680 3204 4735 concilium
3255 4678 3314 4734 S.
3369 4676 3527 4731 Saba:

1966 4780 2128 4833 vitam
2158 4779 2397 4846 scripsit,
2427 4788 2711 4847 postquam
2752 4775 2804 4829 in
2833 4772 3019 4827 eadem
3053 4771 3207 4837 dixit,
3238 4769 3526 4839 Origeuem

1966 4890 1994 4925 a
2026 4873 2214 4941 quinta
2248 4871 2453 4941 synodo
2496 4870 2807 4922 damnatum
2865 4879 3005 4929 esse,
3061 4878 3167 4918 non
3226 4861 3527 4930 subjungit,

1965 4964 2371 5017 condemnatum
2416 4975 2535 5016 esse
2585 4962 2744 5013 etiam
2787 4956 3091 5027 Didymum,
3139 4954 3232 5008 sed
3278 4954 3528 5007 damnata

1963 5053 2129 5107 fuisse
2156 5052 2248 5105 illa
2276 5069 2393 5121 qua:
2431 5052 2492 5104 de
2531 5049 2939 5119 prwexsistentia
2974 5060 3020 5103 et
3070 5048 3396 5101 restitutione
3446 5050 3529 5098 di-

1965 5127 2048 5197 cta
2079 5154 2198 5198 sunt
2247 5161 2279 5197 a
2330 5143 2577 5212 Didyme.
2621 5142 2903 5209 Similique
2947 5142 3104 5193 modo
3154 5139 3390 5193 nonnulli
3436 5137 3526 5190 alii

1966 5235 2125 5290 locuti
2157 5245 2298 5290 sunt.
2329 5233 2419 5287 IX.
2445 5234 2738 5303 Gregorius
2765 5232 3007 5301 Magnus,
3041 5232 3132 5300 qui
3177 5231 3366 5301 synodi
3392 5231 3525 5283 Acta

1966 5344 2076 5399 pra:
2102 5327 2346 5382 manibus
2373 5341 2430 5380 se
2460 5326 2709 5380 habuisse
2750 5335 2974 5379 testatur
3005 5324 3096 5377 lib.
3135 5339 3233 5389 xu,
3272 5321 3432 5391 epist.
3472 5321 3525 5385 7,

1969 5425 2071 5477 tria
2104 5431 2306 5477 tantum
2349 5420 2600 5488 capitula,
2648 5430 2701 5475 et
2760 5434 2920 5475 unam
2971 5433 3287 5487 personam,
3337 5431 3529 5485 nempe

1968 5510 2309 5565 Theodorum
2382 5508 2855 5579 Mopsuestenum,
2920 5509 2973 5563 in
3045 5510 3232 5563 eodem
3297 5506 3529 5562 concilio

1970 5604 2220 5655 damnata
2271 5601 2437 5656 fuisse
2483 5602 2669 5655 scribit
2713 5601 2808 5657 lib.
2871 5616 2911 5654 Il
2942 5639 2958 5666 ,
3008 5600 3167 5668 epist.
3218 5598 3306 5652 '56.
3341 5598 3528 5661 Itaque

1970 5694 2147 5762 ignota
2184 5693 2281 5759 ipsi
2328 5692 2426 5747 fuit
2467 5693 2677 5764 Didymi
2726 5692 3121 5747 condemnatio.
3174 5690 3240 5744 Χ.
3276 5689 3532 5743 Tarasius

1972 5784 2277 5853 patriarcha
2313 5783 2936 5852 Constantinopolitauus
2984 5783 3037 5836 in
3085 5782 3366 5851 synodica,
3412 5789 3532 5848 quae
