3970 6406
404 302 512 360 215

1843 303 1931 358 DE
1968 301 2222 358 DIDYMO

3527 297 3638 358 216

405 429 584 476 exstat
618 428 725 477 act.
780 421 815 475 3
841 421 1082 492 septima:
1125 422 1336 493 synodi,
1373 422 1622 490 amrmat,
1671 437 1702 475 a
1753 420 1966 476 Nicaeus
1996 427 2044 482 Α
2071 429 2300 489 coeptam
2326 432 2448 475 esse
2470 427 2631 487 atque
2659 414 2990 475 absolutam:
3020 413 3076 477 3,
3107 412 3340 478 Menam,
3377 413 3444 467 ad
3475 429 3634 481 quem

407 513 579 582 prima
623 513 828 584 synodo
877 513 1188 569 damnatum
1236 514 1404 569 fuisse
1446 513 1656 576 Arium,
1712 512 1964 575 Aetium,

405 601 747 669 Eunomium,
781 612 929 658 etc.:
973 613 1207 658 attamen
1245 618 1340 658 nec
1386 603 1593 669 Aelius,
1635 617 1736 658 nec
1780 600 1964 656 Euno-

406 694 548 749 mius
590 709 623 747 a
651 693 883 749 concilio
915 694 1129 750 Niceno
1173 694 1572 750 commemorati
1603 702 1757 756 sunt;
1789 691 1965 762 impli-

405 787 512 840 cite
535 800 664 856 ergo
701 794 905 839 tantum
951 784 1190 840 damnati
1231 785 1300 839 ab
1343 785 1432 839 illo
1460 784 1564 838 dici
1599 792 1844 853 possunt.
1878 780 1964 836 Si-

405 877 519 930 mili
555 877 715 932 tnodo
758 877 894 932 liber
937 877 1168 932 Diurnus
1211 875 1577 931 Romanorum
1626 874 1961 943 pontiﬁcum,

404 967 642 1039 synodus
694 966 1144 1036 pseudoseptima,
1200 981 1264 1022 ac
1315 964 1538 1020 Photius
1595 964 1884 1020 Diodorum
1934 981 1962 1018 a

405 1056 595 1126 quinta
626 1056 832 1128 synodo
857 1057 1166 1112 damnatum
1195 1056 1364 1120 aiunt,
1395 1055 1496 1110 etsi
1537 1052 1801 1109 Diodorus
1837 1068 1964 1109 nus-

406 1163 564 1218 quam
589 1163 621 1202 a
659 1148 850 1218 quinta
883 1146 1086 1219 synodo
1114 1146 1442 1202 nominetur.
1492 1144 1560 1200 Et
1606 1144 1965 1214 Hieronymus

408 1238 460 1294 in
505 1237 728 1307 epistola
753 1238 820 1292 ad
852 1236 1251 1292 Pammachium
1276 1246 1326 1290 et
1361 1235 1570 1291 Avitum
1607 1235 1676 1290 de
1715 1234 1964 1290 Patribus

408 1327 636 1382 Nicrenis
687 1327 926 1383 scribit:
979 1326 1224 1382 Latenter
1275 1326 1548 1396 Origenent
1605 1327 1798 1395 fontem
1851 1327 1966 1380 Arii

406 1428 792 1486 percusserunt.
825 1417 1020 1485 Quidni
1049 1433 1178 1489 ergo
1221 1417 1400 1487 plures
1447 1432 1513 1473 ex
1567 1418 1633 1471 iis
1670 1417 1760 1488 qui
1795 1415 1962 1487 Didy-

408 1523 554 1561 mum
585 1523 614 1561 a
647 1507 833 1576 quinta
860 1507 1066 1578 synodo
1094 1506 1506 1560 condemnatum
1536 1504 1744 1570 dicunt,
1776 1503 1848 1558 ita
1879 1503 1964 1558 in-

409 1596 575 1668 telligi
601 1606 873 1667 poterunt,
906 1607 964 1652 ut
993 1597 1247 1666 intplicite
1276 1611 1340 1652 ac
1370 1595 1592 1649 latenter
1620 1594 1688 1650 ab
1717 1609 1781 1650 ea
1811 1593 1966 1649 dam-

408 1699 592 1742 natum
619 1689 903 1754 voluerint,
932 1704 1036 1744 non
1058 1703 1187 1744 vero
1215 1687 1486 1758 explicite,
1530 1701 1591 1740 ac
1612 1685 1966 1742 nominatim?

2071 512 2269 580 scripta
2313 520 2396 565 est
2439 507 2664 578 epistola
2714 507 2923 561 adnexa
2958 505 3212 560 tractatui
3256 520 3288 558 a
3327 503 3636 562 Iustiniano
3721 531 3726 536 ·

2070 600 2312 655 adversus
2381 599 2655 669 Origenem
2713 598 2939 666 scripto,
2997 596 3198 650 obiisse
3245 604 3376 650 ante
3419 594 3636 650 initium

2070 692 2272 761 quintae
2304 689 2513 761 synodi.
2562 687 2690 743 Hac
2721 697 2898 740 tamen
2942 701 3048 740 non
3081 699 3146 740 eo
3175 684 3452 749 adnotavi,
3493 685 3638 753 quod

2071 796 2340 845 censeam,
2375 778 2662 848 Origenem
2707 777 2760 831 in
2818 775 3006 846 quinta
3057 775 3264 846 synodo
3318 775 3638 830 damnatum

2070 889 2176 927 non
2207 872 2393 935 fuisse,
2423 879 2477 924 et
2502 884 2709 924 canone
2737 884 2816 932 ιι,
2845 883 2942 938 pro
2974 881 3108 923 voce
3151 866 3429 937 Origenem
3457 868 3641 938 legen-

2069 966 2195 1020 dum
2241 979 2362 1020 esse
2409 961 2739 1026 Dioscorum,
2788 970 2847 1016 ut
2891 960 3146 1030 opinatur
3173 958 3504 1026 Halloixius;
3539 959 3640 1015 sed

2068 1059 2208 1128 quod
2242 1058 2470 1128 probare
2503 1055 2810 1118 videantur,
2837 1053 3120 1122 Didymum
3151 1067 3182 1106 a
3211 1052 3396 1122 quinta
3425 1053 3640 1124 synodo

2069 1147 2398 1206 mcumenica
2427 1146 2740 1202 damnatum
2773 1158 2878 1199 non
2921 1156 3063 1206 esse,
3095 1144 3212 1209 sed,
3259 1141 3304 1197 si
3348 1141 3639 1198 damnatus

2068 1250 2171 1307 est,
2213 1240 2281 1294 ab
2307 1237 2411 1292 alio
2438 1235 2664 1292 concilio
2691 1235 3006 1290 damnatum
3054 1233 3243 1292 fuisse.
3272 1232 3412 1288 XIV.
3443 1233 3642 1289 Roma-

2069 1344 2168 1386 nos
2210 1327 2495 1385 Pontiﬁces
2545 1323 2820 1397 Vigilium,
2882 1322 3210 1394 Pelagiuml
3258 1333 3314 1379 et
3359 1323 3426 1388 ll,
3458 1339 3520 1379 ac
3571 1324 3636 1380 S.

2069 1422 2386 1492 Gregorium
2429 1418 2677 1489 Magnum
2709 1419 2912 1486 quinta:
2941 1417 3133 1486 synodi
3175 1427 3324 1487 gesta
3377 1416 3642 1486 probasse

2069 1515 2331 1570 duntaxat
2379 1512 2558 1581 quoad
2609 1511 2770 1565 trium
2820 1510 3178 1579 capitulorum
3231 1510 3638 1564 damnationem

2069 1605 2344 1662 contendit
2374 1602 2605 1658 Fabrius
2635 1601 2690 1654 in
2731 1599 3030 1656 Prodromo
3072 1598 3318 1655 Velitari.
3354 1598 3645 1654 Postremo

2070 1697 2129 1752 S.
2175 1694 2462 1758 Maximus,
2514 1693 2575 1748 ὃ.
2625 1691 2861 1748 Joannes
2917 1691 3300 1757 Damascenus,
3365 1688 3424 1746 S.
3479 1688 3640 1756 Nico,

407 1779 498 1834 XI.
546 1779 831 1854 Liberatus
866 1780 1124 1835 diaconus
1161 1779 1215 1833 in
1248 1778 1522 1832 Breviarw
1552 1793 1671 1848 cap-
1696 1777 1791 1843 23.
1833 1778 1964 1833 (3³³-
1993 1781 2036 1836 Β
2065 1786 2394 1842 Theodotius
2418 1784 2842 1849 Aurelianensis,
2869 1781 2925 1837 S.
2955 1783 3190 1836 Thomas
3213 1783 3479 1851 Aquinas,
3511 1780 3640 1838 alii-

408 1871 654 1926 siodorus
679 1872 732 1925 in
760 1869 966 1925 Divinis
1009 1868 1313 1924 lectionibus
1339 1884 1456 1938 cap.
1488 1868 1539 1933 1,
1576 1866 1826 1923 Nicolaus
1864 1866 1964 1922 lin

406 1961 627 2028 epistola
683 1961 751 2014 ad
795 1959 1104 2014 Michaelem
1140 1960 1524 2028 imperatorem,
1568 1958 1871 2014 Eustratius
1911 1959 1964 2012 in

416 2050 539 2104 Vita
593 2053 760 2105 sancti
810 2050 1074 2121 Eutychii,
1131 2051 1271 2120 apud
1326 2050 1700 2106 Bollandianos
1749 2063 1877 2105 toni.
1943 2050 1965 2105 Ι

407 2143 629 2212 Aprilis,
658 2159 782 2212 pag.
805 2143 929 2210 555,
955 2157 1050 2197 seu
1077 2158 1195 2212 cap.
1226 2142 1281 2210 5,
1305 2159 1453 2199 num.
1487 2143 1575 2210 19,
1617 2143 1815 2213 aliique
1840 2141 1965 2198 Ori-

407 2249 597 2305 genem
652 2237 866 2305 quidem
903 2251 935 2290 a
970 2237 1154 2307 quinta
1208 2237 1413 2309 synodo
1440 2237 1752 2292 damnatum
1801 2236 1967 2292 fuisse

410 2328 648 2394 tradunt,
679 2326 957 2397 Didymum
987 2341 1114 2383 vero
1143 2343 1248 2384 non
1281 2329 1577 2384 nominant.
1611 2329 1723 2384 lino
1752 2328 1968 2387 Cassio-

409 2419 574 2473 dorus
600 2433 704 2473 non
732 2418 1090 2475 mediocribus
1116 2421 1285 2490 ipsum
1318 2421 1564 2477 laudibus
1599 2421 1962 2492 prosequitur.

412 2507 524 2564 XII.
568 2513 717 2564 Adeo
744 2511 971 2566 obscura
1001 2521 1083 2566 est
1119 2513 1233 2569 haec
1268 2513 1332 2568 de
1379 2513 1590 2585 Didymi
1636 2514 1968 2570 condemna-

412 2602 558 2656 tione
592 2602 838 2668 historia,
889 2611 949 2657 ut
995 2604 1126 2658 nihil
1157 2606 1291 2660 certi
1330 2607 1396 2661 de
1437 2607 1556 2676 ejus
1585 2614 1845 2676 tempore,
1899 2605 1967 2659 de

411 2693 590 2756 modo,
625 2692 691 2747 de
737 2694 1048 2749 auctoribus
1091 2695 1303 2750 deliniri
1352 2710 1509 2766 posse
1541 2696 1830 2751 videatur:
1877 2694 1967 2748 alii

412 2784 558 2837 enim
589 2783 642 2837 itt
689 2783 796 2838 line
827 2784 1000 2852 quinti
1045 2787 1280 2854 concilii,
1338 2787 1426 2841 alii
1472 2787 1627 2842 initio
1657 2788 1968 2842 damnatum

412 2874 636 2928 volunt:
693 2874 784 2929 alii
839 2890 942 2930 non
994 2874 1298 2946 Didymum,
1334 2879 1429 2933 sed
1473 2878 1683 2949 Didymi
1730 2879 1965 2948 scripta:

411 2963 502 3018 alii
537 2977 642 3018 non
673 2978 704 3017 a
747 2964 930 3033 quinta
959 2964 1181 3035 synodo,
1221 2966 1314 3020 sed
1345 2965 1415 3022 ab
1445 2965 1551 3021 alio
1587 2967 1968 3022 Constantino-

409 3052 650 3123 politano
693 3053 921 3109 concilio
968 3065 1092 3108 ante
1139 3056 1382 3125 quintam
1429 3057 1689 3127 synodum
1745 3057 1966 3113 habito:

411 3145 496 3200 alii
533 3160 639 3199 non
673 3160 704 3200 a
733 3145 980 3209 concilio,
1009 3147 1102 3202 sed
1136 3163 1165 3201 a
1191 3146 1496 3204 Iustiniano
1519 3149 1635 3218 ipso
1661 3150 1971 3204 damnatum

411 3236 778 3306 suspicantur,
814 3237 906 3307 qui
939 3238 1174 3292 edictum
1221 3253 1377 3294 suum
1419 3254 1450 3294 a
1483 3240 1726 3311 pluribus
1764 3241 1976 3310 episco-

414 3327 513 3396 pis,
543 3327 595 3382 in
625 3329 853 3384 concilio
876 3339 1050 3383 tamen
1071 3345 1176 3384 non
1195 3333 1557 3402 congregatis,
1577 3333 1976 3403 subscriptione

413 3420 745 3487 probandum
773 3420 1060 3476 curaverit.
1093 3419 1230 3474 Xlll.
1265 3421 1494 3478 Tantum
1535 3425 1707 3490 abest,
1739 3437 1796 3478 ut
1839 3439 1974 3480 cou-

413 3519 520 3567 stet
549 3509 832 3581 Didymum
867 3527 898 3566 a
933 3513 1120 3582 quinta
1147 3517 1354 3586 synodo
1383 3516 1692 3571 damnatum
1739 3531 1878 3581 esse,
1921 3527 1980 3570 ιιι

414 3615 483 3658 ne
512 3601 686 3671 ipsum
728 3603 943 3672 quidem
989 3600 1274 3675 Origenem
1310 3608 1722 3661 condemnatum
1773 3607 1841 3662 ab
1886 3607 1977 3662 illa

414 3687 581 3744 fuisse
635 3699 889 3746 censeant
936 3691 1235 3749 llalloixius
1305 3703 1362 3751 et
1410 3694 1637 3752 Fabrius
1683 3714 1699 3750 :
1751 3711 1976 3766 quorum

416 3782 739 3836 sententiam
764 3783 865 3838 etsi
896 3799 1038 3840 nunc
1077 3802 1183 3840 non
1220 3789 1534 3856 amplectar,
1565 3797 1744 3843 tamen
1771 3790 1884 3845 hac
1913 3806 1979 3844 ex

416 3870 613 3928 Fabric
655 3875 968 3930 adnotabo:
1015 3876 1066 3941 l,
1105 3875 1468 3934 Iustinianum
1505 3881 1880 3950 imperatorem
1926 3883 1978 3936 in

417 3962 802 4045 litterisodatis
844 3965 910 4018 ad
966 3966 1204 4032 quintam
1255 3967 1514 4036 synodum
1567 3978 1760 4036 quarto
1803 3967 1983 4024 Nonas

420 4052 568 4118 Maii,
603 4054 654 4108 id
685 4064 770 4110 est
824 4068 888 4110 eo
921 4055 1037 4126 ipso
1067 4056 1173 4121 die,
1218 4073 1325 4127 quo
1367 4068 1543 4128 empta
1582 4069 1668 4114 est
1719 4061 1979 4131 synodus,

419 4146 625 4200 hortari
652 4146 867 4216 quidem
892 4146 1086 4203 Patres
1113 4156 1170 4202 ut
1197 4149 1299 4202 tria
1327 4149 1559 4218 capitula
1584 4149 1837 4206 damnent
1863 4191 1878 4216 ,
1914 4153 1982 4207 de

420 4234 652 4303 Origene
683 4245 884 4302 autem,
916 4252 982 4292 ac
1019 4235 1338 4308 Origenistis
1366 4237 1496 4292 nihil
1525 4239 1732 4306 dicere;
1770 4239 1826 4293 2.
1863 4240 1980 4309 epi-

418 4327 612 4381 stolam
641 4325 929 4384 Iustiniani
963 4330 1032 4383 ad
1056 4330 1312 4400 synodum
1340 4329 1981 4400 Constantinopolitanam

419 4421 487 4473 de
517 4417 767 4490 Origene,
786 4421 1007 4492 ejusque
1029 4424 1386 4478 sectatoribus
1403 4424 1576 4478 datam
1596 4439 1715 4480 esse
1745 4439 1885 4478 anno
1906 4422 1977 4476 25

420 4510 628 4580 imperii
655 4509 978 4580 Iustiniani;
1017 4514 1280 4584 synodum
1310 4528 1434 4569 vero
1473 4515 1715 4585 quintam
1745 4529 1885 4569 anno
1907 4513 1975 4567 27

2065 1890 2170 1944 que
2211 1874 2391 1945 plures
2441 1873 2722 1942 Didymum
2759 1880 2816 1925 ut
2867 1866 3054 1942 [LXII]
3093 1871 3372 1925 doctorem
3419 1869 3639 1935 citant;

2065 1964 2297 2021 Ioannes
2343 1977 2474 2018 vero
2521 1963 2588 2017 de
2637 1960 2898 2016 Columna
2947 1971 3188 2016 sanctum
3239 1960 3528 2023 doctorem,
3582 1969 3644 2014 et

2065 2059 2238 2114 Guido
2261 2057 2496 2112 Terrena
2527 2056 2788 2110 doctorem
2817 2051 3117 2109 ercorum
3166 2053 3455 2107 maximum
3509 2066 3641 2106 eum

2065 2157 2282 2211 vocant,
2307 2155 2366 2201 ut
2389 2152 2599 2200 constat
2631 2157 2698 2198 ex
2736 2158 2924 2198 eorum
2957 2141 3130 2197 verbis
3171 2156 3296 2210 pag.
3336 2140 3440 2196 497
3471 2156 3502 2194 a
3547 2154 3638 2194 me

2069 2240 2279 2296 allatis:
2327 2238 2655 2293 Trithemius
2715 2251 2844 2292 vero
2905 2236 3007 2290 uita
3080 2238 3392 2304 prwclarum
3440 2234 3630 2290 dicit:

2069 2333 2177 2387 imo
2221 2331 2274 2386 in
2306 2329 2458 2385 Actis
2514 2337 2875 2384 Sacrosaucta:
2927 2335 2983 2382 et
3030 2326 3379 2382 mcutnenica:
3440 2328 3637 2398 synodi

2067 2422 2390 2478 Florentius:
2423 2435 2528 2475 non
2563 2421 2821 2490 allegatur
2849 2428 3078 2485 tantum,
3116 2433 3298 2474 verum
3331 2419 3495 2472 etiam
3521 2436 3644 2474 ma-

2068 2530 2198 2585 gnus
2226 2513 2476 2583 Didymus
2504 2520 2858 2581 nuncupatur.

2139 2603 2263 2659 Haec
2301 2614 2425 2660 sunt
2456 2603 2790 2673 potissimum
2843 2617 2961 2671 quae
2999 2611 3055 2657 et
3097 2611 3288 2657 contra
3325 2602 3641 2673 Didymum,

2070 2707 2124 2749 et
2147 2710 2244 2764 pro
2275 2695 2496 2765 Didymo
2528 2692 2765 2747 breviter
2810 2692 3118 2762 attingenda
3174 2703 3322 2748 ratus
3365 2708 3508 2748 sum.
3553 2694 3638 2749 Ex

2070 2787 2156 2842 his
2177 2786 2435 2856 judicium
2463 2784 2600 2839 ferat
2637 2784 2835 2850 lector;
2873 2800 2995 2837 nam
3029 2799 3130 2853 ego
3173 2785 3390 2853 quidem
3433 2784 3487 2838 in
3529 2785 3637 2840 ob-

2071 2895 2227 2934 scura
2259 2877 2415 2943 adeo,
2447 2875 2756 2945 didicilique
2779 2878 3075 2945 quaestione
3099 2886 3247 2932 tanto
3295 2877 3640 2931 auctoritatis

2072 2969 2306 3040 pondere
2332 2982 2416 3022 me
2443 2967 2612 3036 premi
2647 2968 2822 3022 sentio
2853 2971 2921 3019 ab
2966 2967 3032 3021 iis
3063 2968 3153 3037 qui
3187 2967 3407 3037 Didymo
3436 2966 3638 3022 adver-

2029 3113 2041 3132 ,
2074 3061 2174 3114 sati
2203 3069 2350 3123 sunt,
2386 3068 2443 3113 ut
2465 3074 2530 3112 ne
2557 3058 2768 3113 hiscere
2805 3060 3018 3127 quidem
3049 3061 3299 3114 audeam.

2145 3155 2328 3212 Finem
2358 3155 2541 3223 itaque
2571 3155 2782 3208 tandem
2832 3154 2916 3208 his
2949 3153 3100 3209 libris
3145 3153 3380 3223 impono.
3417 3150 3477 3206 Si
3507 3152 3642 3221 quid

2075 3256 2252 3304 autem
2279 3245 2333 3301 in
2376 3245 2441 3300 iis
2482 3259 2590 3298 non
2635 3243 2768 3298 satis
2795 3255 2948 3298 caute
2984 3252 3077 3298 aut
3103 3257 3228 3298 vere
3258 3242 3461 3298 dixisse
3485 3242 3640 3297 vide-

2075 3340 2273 3406 bimur,
2309 3338 2448 3392 docti
2477 3337 2541 3390 ab
2587 3337 2788 3406 aliqua,
2832 3335 2987 3404 facile
3027 3344 3074 3389 et
3104 3335 3345 3399 libenter,
3375 3344 3434 3388 ut
3463 3332 3640 3389 ﬂaret

2075 3429 2235 3485 Tullii
2266 3428 2443 3484 verbis
2482 3440 2625 3490 utar,
2660 3428 2970 3481 sententiam
3010 3427 3468 3480 commutabimus.
3513 3423 3644 3478 Non

2080 3521 2214 3574 enim
2245 3535 2430 3588 parum
2461 3534 2726 3587 cognosse,
2784 3517 2872 3570 sed
2911 3518 2965 3570 in
3013 3532 3197 3586 parum
3235 3517 3440 3584 cognito
3483 3515 3646 3570 stulte

2076 3621 2122 3665 et
2143 3611 2234 3665 diu
2260 3625 2628 3679 perseverasse,
2669 3619 2819 3674 turpe
2862 3618 2936 3663 est
2965 3623 2984 3662 :
3029 3615 3299 3674 propterea
3328 3605 3466 3676 quod
3502 3606 3644 3658 alte-

2077 3717 2193 3753 rum
2230 3699 2493 3753 communi
2531 3696 2796 3750 hominum
2834 3695 3152 3763 inﬁrmitati,
3190 3692 3412 3746 alterum
3457 3692 3669 3766 singu-y

2078 3793 2180 3845 lari
2205 3790 2604 3858 uniuscujusque
2627 3788 2746 3842 vitio
2771 3797 2844 3840 est
2872 3786 3199 3838 attributum.
3241 3781 3345 3838 Sed
3381 3781 3643 3836 Romanae

2080 3884 2132 3937 in
2173 3882 2361 3952 primis
2409 3880 2662 3935 Ecclesia:
2692 3877 3053 3932 Ecclesiarum
3086 3874 3324 3929 omnium
3371 3872 3646 3940 magistrae

2074 3971 2276 4042 judicio
2308 3984 2430 4024 cum
2466 3969 2600 4033 haec,
2642 3977 2750 4022 tum
2798 3965 2899 4020 alia
2939 3977 3273 4034 quaecunque
3309 3962 3475 4026 edidi,
3510 3960 3643 4016 sub-

2072 4062 2212 4130 jecta
2251 4060 2388 4115 volo.
2430 4059 2508 4114 Tu
2537 4073 2686 4126 vero,
2727 4058 2920 4129 przrsul
2961 4057 3309 4126 amplissime,
3344 4063 3504 4109 tenue
3540 4054 3650 4108 hoc

2078 4152 2476 4218 munusculum,
2514 4161 2574 4206 ut
2605 4165 2738 4206 meae
2773 4151 2824 4204 in
2863 4159 2915 4206 te
2951 4149 3303 4206 observantia:
3329 4159 3649 4202 monumen-

2079 4250 2214 4307 tum,
2239 4257 2302 4296 ac
2325 4241 2520 4297 veteris
2541 4241 2793 4296 amicitia:
2817 4248 3015 4295 nostrae
3039 4237 3253 4308 pignus,
3285 4235 3513 4304 benigne
3541 4246 3647 4286 ex-

2081 4333 2199 4402 cipe
2245 4352 2259 4388 :
2301 4333 2346 4388 si
2397 4333 2540 4388 enim
2586 4331 2681 4386 tibi
2728 4331 2862 4395 haec,
2915 4328 3308 4399 qualiacunque
3354 4325 3482 4392 sint,
3536 4338 3647 4378 non

2085 4422 2423 4493 displicuisse
2458 4435 2781 4490 cognovero,
2815 4419 2952 4475 nihil
2983 4418 3098 4490 jam
3139 4417 3246 4472 erit
3275 4429 3371 4470 cur
3405 4412 3647 4482 suscepti

2085 4529 2171 4570 me
2201 4512 2400 4569 laboris
2430 4513 2709 4582 pteniteat.

445 4653 3637 4693 ΜΕ

763 4837 1445 4956 VETERUM
1505 4839 1686 4951 DE
1746 4837 2310 4954 DIDYMO
2373 4833 3302 4951 TESTIMONIA.

1347 5311 1598 5384 Didymus
1625 5315 1731 5383 ipse
1747 5313 1838 5367 lib.
1871 5311 1945 5368 De
1975 5310 2176 5380 Spiritu
2215 5318 2422 5375 sancto,
2458 5325 2603 5363 num.
2625 5307 2659 5363 5

495 5403 646 5472 Quod
676 5410 857 5476 autem
889 5403 958 5459 ab
982 5401 1102 5458 aliis
1126 5405 1369 5474 capiatur
1395 5405 1627 5476 Spiritus
1654 5413 1871 5460 sanctus
1895 5413 1950 5459 et
1983 5416 2089 5458 non
2115 5401 2218 5456 alia
2268 5401 2470 5470 capiat,
2529 5409 2584 5456 et
2634 5413 2800 5466 nunc,
2840 5407 2894 5455 et
2927 5397 2980 5453 in
3017 5395 3294 5453 Sectarum
3344 5393 3647 5464 volumine,

424 5483 586 5548 prout
613 5475 909 5545 potuimus,
937 5476 1323 5544 expressimus.

1865 5567 1932 5623 Et
1952 5583 2094 5621 num.
2126 5566 2218 5621 21.

498 5662 733 5732 Spiritus
770 5673 990 5719 sanctus
1023 5702 1037 5718 .
1065 5702 1080 5716 .
1114 5705 1129 5718 .
1161 5663 1331 5718 dictus
1373 5672 1454 5718 est
1482 5662 1715 5729 Spiritus
1737 5661 2057 5732 sapienlite_.
2098 5698 2112 5711 .
2145 5699 2160 5714 .
2192 5668 2242 5712 et
2277 5655 2620 5732 naturaeius
2670 5655 2800 5732 nihil
2848 5664 2932 5710 est
2989 5654 3131 5708 aliud
3161 5695 3177 5721 ,
3238 5654 3341 5710 nisi
3393 5651 3628 5721 Spiritus

426 5726 661 5791 ueritatis
686 5750 730 5790 et
754 5734 986 5805 Spiritus
1017 5733 1112 5790 Dei
1147 5751 1163 5788 :
1199 5736 1264 5792 de
1301 5734 1496 5806 quibus
1525 5726 1634 5804 iam
1665 5726 1998 5789 abundanter
2024 5729 2078 5786 in
2110 5732 2378 5785 Sectarum
2410 5727 2678 5782 volumine
2710 5726 3121 5795 disputavimus.
