3970 6406
559 357 670 415 εετ
1995 351 2127 405 DE}

2179 348 2377 404 IDYMO
3651 361 3747 420 5,23

558 472 912 546 eruditionem
941 485 1006 546 ac
1029 471 1305 546 scientiam
1338 471 1518 546 venit,
1531 480 1590 546 ut
1611 469 2215 546 scholzeecclesiastica:
2266 471 2451 546 doctor
2482 467 2796 546 exsisteret,
2837 470 3131 546 Athanasio
3155 472 3420 546 episcopo,
3451 479 3743 546 ueterisque

560 543 892 614 sapientibus
945 541 999 595 in
1049 542 1286 614 Ecclesia
1314 543 1444 614 viris
1490 542 1583 614 Dei
1630 542 1916 614 admodum
1959 541 2250 614 probatus:
2279 542 2371 593 sed
2403 549 2455 592 et
2480 537 2534 590 in
2569 541 2932 614 czeterissive
2967 537 3278 606 dialecticae,
3314 537 3422 598 sive
3451 537 3753 614 geometriae,

562 609 908 684 astronomia:
932 626 1164 684 quoque,
1196 611 1279 664 vel
1313 611 1671 684 arithmeticae
1710 610 2007 684 disciplinis
2037 610 2106 662 ita
2131 620 2277 684 esset
2323 617 2591 684 paratus,
2612 618 2668 662 ut
2719 609 3171 684 nullus-unquam
3215 609 3630 684 philosophorum
3667 609 3752 671 ali;

559 696 665 752 qua
688 697 753 735 ex
783 681 867 734 his
892 677 1096 752 artibus
1123 695 1467 752 proponensa
1476 680 1724 752 obtinere
1749 695 1895 740 eum,
1926 679 2006 730 vel
2037 678 2360 752 concludere
2389 677 2764 752 quiverittsed
2788 677 3072 752 statimhu’t
3100 677 3465 749 responsiones
3486 685 3596 749 ejus
3636 690 3760 740 acci-

560 747 732 820 peret,
769 751 1082 816 magistrum
1117 747 1235 804 eum
1261 751 1419 820 etiam
1456 749 1597 802 illius
1638 750 1703 802 de
1721 763 1833 820 qua
1888 749 2273 820 proposuisset,
2301 750 2569 820 __crederet
2615 747 2923 820 disciplinze.
2979 749 3145 818 Hujus
3183 747 3439 820 aliquanti
3481 747 3636 817 dicta,
3681 758 3752 810 vel

561 816 922 873 communiter
957 820 1248 886 disputata,
1277 818 1359 872 vel
1395 818 1818 888 proponentibus
1856 832 2132 884 responsa,
2186 817 2442 888 adhibitis
2490 816 2712 871 notariis
2769 816 3287 888 descripsere:qua£
3331 825 3487 876 etiam
3543 816 3671 878 nunc
3717 827 3758 878 in

561 904 752 958 magna
790 889 1144 958 admiratione
1172 886 1457 958 habentur.
1496 886 1602 958 Nos
1634 888 1928 958 tamenqni
1963 889 2179 958 etiviVae
2201 887 2347 958 vocis
2381 887 2496 954 ejus
2519 901 2585 938 ex
2612 897 2763 958 parte
2804 887 2977 956 aliqua
3015 886 3210 942 fuimus
3258 894 3521 946 auditores
3547 933 3561 955 ,
3605 901 3655 944 et
3685 910 3758 957 ea,

553 955 678 1030 quté
702 976 730 1010 a
759 957 1031 1012 nonnullis
1066 959 1275 1011 dicente
1303 973 1366 1010 eo
1396 956 1682 1030 descripta,
1727 956 1975 1030 legimus,
2024 956 2176 1030 longe
2207 955 2459 1030 maiorem
2491 955 2736 1030 gratiam,
2767 966 2820 1009 et
2860 955 3094 1030 divinum
3142 962 3322 1014 nescio
3357 963 3503 1029 quid,
3534 978 3590 1016 ac
3623 955 3762 1030 supra

560 1025 846 1098 humanam
909 1042 1090 1098 vocem
1131 1041 1351 1098 sonans,
1405 1025 1465 1098 in
1493 1026 1625 1098 iliis
1653 1027 1822 1098 magis
1852 1028 2238 1098 sermonibus,
2274 1025 2362 1098 qui
2397 1028 2463 1078 de
2488 1039 2581 1078 ore
2612 1025 2779 1091 ipsius
2815 1026 3244 1098 proferebantur,
3276 1025 3598 1098 agnovimus.
3635 1025 3764 1086 Hunc

558 1098 720 1150 etiam
756 1097 940 1148 beatus
974 1096 1236 1149 Antonius
1261 1110 1380 1149 cum
1439 1094 1558 1148 ﬁdei
1605 1095 1882 1148 Athanasii
1923 1097 2286 1149 teStimonium
2327 1095 2530 1146 laturus
2571 1100 2848 1147 adversum
2889 1097 3113 1150 Arianos
3150 1099 3216 1151 de
3251 1094 3516 1154 Thebaide
3556 1101 3762 1154 Alexan-

558 1167 732 1238 driam
761 1165 1145 1238 descendisset,
1175 1163 1476 1238 magniﬁcis
1505 1164 1924 1238 consolatusest
1959 1166 2176 1238 verbis;
2203 1164 2341 1216 Nihil
2371 1174 2440 1227 te,
2498 1164 2686 1232 inquit,
2739 1163 3050 1238 oﬁendat,_o
3088 1167 3326 1238 Didyme,
3379 1172 3514 1236 quod
3558 1171 3767 1223 carnali-

560 1234 658 1288 bus
685 1233 851 1287 oculis
882 1236 1079 1288 videris
1109 1235 1351 1287 orbatus.
1396 1234 1603 1286 Desunt
1628 1235 1768 1286 enim
1808 1235 1897 1286 tibi
1929 1235 2066 1287 oculi
2105 1233 2198 1295 illi,
2230 1249 2362 1301 quos
2390 1249 2588 1297 mures,
2624 1245 2677 1284 et
2703 1249 2896 1287 musca:
2927 1245 2978 1288 et
3007 1233 3221 1290 lacerta)
3246 1233 3461 1293 habent.
3491 1238 3590 1292 Sed
3613 1239 3767 1292 lzetare

560 1307 682 1371 quia
715 1304 1092 1373 habesioculos
1115 1319 1251 1373 quos
1286 1302 1460 1373 angui
1494 1303 1715 1365 habent,
1753 1313 1807 1356 et
1837 1304 2029 1366 quibus
2068 1304 2207 1358 Dens
2235 1304 2466 1364 videtur,
2506 1317 2599 1370 per
2622 1305 2887 1373 quoslibi
2928 1320 3174 1373 magnum
3209 1309 3445 1361 scienti:e
3485 1308 3652 1360 lumen
3684 1324 3766 1360 ac-

557 1369 822 1444 cenditur.
869 1369 1307 1437 Florebatigitur
1348 1369 1614 1441 Egyptus
1648 1388 1709 1425 ea
1741 1383 2055 1441 tempestate
2089 1389 2190 1425 non
2226 1373 2394 1425 solum
2421 1369 2643 1444 eruditis
2675 1373 2724 1424 in
2751 1369 3052 1444 Christiana
3078 1376 3409 1444 philosophia
3439 1379 3583 1441 viris,
3610 1393 3769 1430 verum

555 1443 718 1521 etiam
742 1443 838 1521 .his
861 1444 948 1563 qtii
980 1458 1081 1562 ιιεὶ
1101 1453 1307 1494 vastam
1339 1456 1581 1495 eremum
1620 1454 2033 1497 commanentes
2053 1481 2069 1507 ,
2095 1444 2245 1513 signa
2275 1451 2328 1496 et
2349 1443 2584 1511 prodigia
2635 1443 2926 1510 apostolica
2970 1443 3313 1513 simplicitate
3349 1448 3490 1512 vitae,
3534 1457 3584 1499 et
3614 1448 3771 1501 cordis

557 1519 872 1563 srncerrtate
929 1526 1046 1563 acre
1087 1519 1198 1563 ant.

557 1511 872 1564 sinceritate
908 1511 1198 1564 faciebant.

555 1601 674 1656 Lib.
700 1602 1024 1683 liApologia:
1059 1604 1110 1657 in
1139 1603 1518 1672 Hieronymum
1568 1618 1711 1656 num.
1759 1602 1793 1656 4
1834 1601 2378 1736 (ραῆὸρὸἔῗῖειὲιηῆἔίι
2405 1600 2636 1670 Operum
2680 1599 2879 1672 Ruﬁni)
2923 1602 3144 1672 Ruﬁnus
3172 1605 3280 1674 ipse
3319 1571 3679 1675 Hieronymum
3711 1607 3774 1657 sic

2061 1692 2119 1725 ει
2404 1689 2417 1723 :

1959 1689 2226 1742 oquentem
2256 1689 2378 1736 ιησιι
2404 1689 2417 1723 2

627 1769 684 1823 Si
715 1769 972 1836 Origenes
997 1767 1196 1836 aliquid
1221 1768 1284 1822 de
1306 1768 1498 1823 divina:
1539 1767 1956 1834 dispensationis
1999 1767 2378 1831 secretioribus
2408 1767 2705 1837 suspicatus
2729 1777 2832 1827 est.
2865 1783 3022 1822 nemo
3051 1769 3387 1837 recipiat.....
3427 1768 3635 1822 etiamsi
3661 1769 3776 1822 Gre-

555 1842 740 1907 gorius
764 1839 852 1891 ille
894 1838 1167 1900 Ponticus,
1191 1839 1286 1908 vir
1318 1839 1745 1908 apostolicarum
1794 1837 2052 1890 virtutum
2087 1856 2100 1891 :
2131 1838 2341 1908 etiamsi
2366 1837 2639 1908 isteialin‘s
2669 1836 3055 1908 iVazianzenns,
3087 1849 3138 1891 et
3165 1836 3430 1908 Didymus
3457 1839 3639 1908 videns
3669 1854 3775 1906 pro-

556 1905 736 1978 pheta,
773 1909 931 1962 ambo
961 1907 1199 1960 maaistri
1228 1905 1366 1974 mei,
1387 1908 1590 1978 quibus
1619 1907 1915 1975 sapientius
1954 1909 2005 1961 in
2045 1908 2147 1962 (ide
2177 1907 2376 1960 Christi
2420 1907 2552 1960 nihil
2601 1905 2787 1960 habuit
2818 1908 3063 1962 mundus.
3108 1905 3310 1964 Omnes
3343 1907 3435 1964 isti
3463 1915 3522 1962 ut
3541 1905 3778 1979 Origenes

554 1986 871 2033 erraverunt

834 2068 947 2120 Lib.
974 2083 1036 2131 tt,
1072 2076 1300 2136 ejusdem
1326 2064 1594 2133 Apologia;
1619 2063 1828 2134 (scripto
1859 2078 1996 2116 anno
2027 2062 2232 2114 circiter
2263 2059 2390 2120 401)
2415 2076 2558 2113 num.
2583 2059 2636 2124 8,
2663 2075 2783 2127 pag.
2817 2059 2942 2127 561,
2985 2069 3110 2114 tom.
3141 2060 3179 2123 l,
3214 2061 3353 2132 Opp.
3387 2065 3516 2132 Ruf.

625 2157 873 2224 Nunquid
902 2157 1045 2209 illum
1073 2156 1420 2218 imitabimur,
1446 2154 1537 2223 qui
1591 2167 1710 2206 reos
1745 2167 1843 2206 nec
1881 2153 2258 2220 interrogatos,
2303 2166 2402 2204 nec
2446 2150 2829 2224 respoailentes
2878 2154 3224 2222 condemnat,
3261 2170 3316 2212 et
3357 2175 3461 2212 non
3498 2161 3660 2214 solum
3691 2176 3780 2215 non

555 2221 957 2295 respondentes,
985 2228 1077 2279 sed
1110 2241 1207 2279 nec
1233 2221 1518 2295 praesentes
1536 2240 1565 2295 ;_
1603 2232 1656 2276 et
1697 2239 1801 2276 non
1837 2223 2008 2276 solum
2041 2238 2143 2274 non
2175 2230 2514 2295 praesentes,
2565 2221 2655 2295 sed
2706 2229 2760 2295 ct
2803 2234 3075 2288 mortuos;
3122 2238 3174 2279 et
3201 2221 3305 2280 non
3334 2231 3508 2283 solum
3540 2243 3778 2291 mortuos.

555 2291 729 2369 sed—et
754 2311 866 2360 eos,
894 2311 1027 2369 quos
1052 2291 1264 2369 semper
1297 2306 1421 2346 ante
1449 2293 1754 2369 laudaverat
1786 2307 1799 2322 '
1858 2302 1911 2345 et
1956 2305 2061 2345 non
2109 2291 2281 2344 solum
2317 2305 2432 2357 eos,
2465 2307 2598 2360 quos
2640 2291 2980 2358 laudaverat,
3015 2296 3105 2348 sed
3143 2307 3196 2350 et
3241 2313 3358 2365 eos,
3399 2316 3536 2369 quos
3583 2310 3780 2356 secutus

556 2367 751 2428 fuerat,
782 2373 837 2419 et
868 2365 1151 2434 magistros
1185 2364 1490 2417 habuerat?

557 2457 626 2511 Et
659 2473 804 2511 num.
827 2457 882 2523 9,
917 2468 1072 2527 atque
1096 2455 1224 2509 alibi
1251 2454 1561 2524 Hieronymi
1613 2455 1765 2509 verba
1804 2455 1958 2534 a/fert
1985 2453 2038 2507 in
2087 2453 2271 2534 quibus
2299 2453 2361 2574 dli
2390 2451 2609 2574 (Didng
2647 2471 2813 2508 sermo
2844 2463 2918 2508 est
2949 2471 2969 2508 :
2997 2457 3086 2509 sed
3123 2456 3232 2511 haec
3267 2463 3587 2517 omittimus.
3622 2474 3783 2517 utoote

1879 2541 1982 2574 mm
2015 2540 2252 2574 superius
2285 2539 2315 2573 a
2361 2539 2392 2574 a
2417 2540 2466 2574 α.

1868 2541 1982 2592 μιιη
2015 2540 2252 2591 superius
2285 2539 2466 2574 artata.

1829 2615 1896 2668 Et
1928 2631 2072 2668 num.
2111 2613 2198 2679 12,
2237 2630 2356 2683 pag.
2389 2613 2513 2669 566.

627 2716 902 2770 Caeterum
928 2712 1033 2767 iste
1057 2712 1145 2782 qui
1178 2713 1372 2785 intota
1404 2711 1512 2765 vita
1541 2726 1653 2785 sua
1674 2725 1782 2764 non
1813 2720 1954 2785 totos
1989 2709 2203 2785 triginta
2251 2709 2365 2762 dies
2403 2709 2758 2785 Alexandrize,
2807 2710 2896 2785 ubi
2940 2721 3058 2766 erat
3091 2713 3383 2785 Didymus,
3436 2730 3792 2774 commoratus

554 2796 660 2861 est,
713 2799 807 2861 per
850 2793 989 2836 totos
1037 2777 1174 2851 pene
1223 2781 1444 2861 libellos
1469 2797 1596 2861 suos
1641 2781 1796 2861 longe
1839 2780 2143 2861 lart.eqite_se
2183 2777 2376 2861 iuet-au
2403 2780 2880 2861 Didyminvidentis
2920 2797 3039 2861 esse
3069 2777 3420 2861 discipulum,
3468 2802 3522 2843 et
3570 2790 3792 2861 καθηγηο

550 2848 673 2927 dp),
785 2863 868 2906 est
899 2848 1302 2927 praeceptorem,
1327 2852 1379 2903 in
1413 2851 1706 2927 Scripturis
1743 2848 1947 2904 sanctis
1981 2849 2235 2903 habuisse
2282 2849 2586 2927 Didymutn.
2621 2848 2687 2902 Et
2717 2850 2892 2927 omnis
2942 2853 3040 2927 ista
3079 2848 3342 2927 iactantia
3390 2848 3443 2910 in
3480 2876 3587 2914 nno
3629 2848 3793 2912 mense

556 2920 776 2994 quaesita
807 2920 915 2976 est.
943 2923 1055 2992 Ego
1077 2923 1166 2990 qui
1191 2937 1284 2975 sex
1312 2923 1465 2994 annis
1490 2921 1578 2994 Dei
1604 2935 1763 2972 causa
1789 2929 2314 2994 coturnorattissum,
2342 2928 2395 2970 et
2419 2920 2605 2994 iterum
2637 2921 3116 2994 po_st_in_tervallum
3145 2925 3362 2991 aliquod
3421 2929 3548 2982 aliis
3581 2931 3776 2984 duobus

553 2987 642 3048 tibi
677 2994 950 3062 Didymus,
980 2987 1044 3044 de
1075 2987 1182 3060 quo
1208 3001 1261 3044 tu
1285 2991 1474 3062 soloite
1498 2990 1692 3062 jactus,
1716 2999 1782 3062 et
1811 2988 1898 3040 ubi
1932 2989 2021 3040 alii
2056 2988 2416 3062 nihilominus
2447 2987 2536 3039 illo
2569 3003 2670 3039 non
2700 2988 3003 3062 inferiores.
3045 3007 3179 3059 quos
3226 2987 3279 3048 tu
3345 3014 3416 3051 ne
3462 2999 3602 3053 facie
3658 3011 3796 3052 tenus

553 3058 963 3132 quidem-nosti,
998 3058 1278 3132 Serapion,
1315 3068 1369 3112 et
1396 3059 1642 3122 Menites,
1679 3060 1778 3111 viri
1809 3067 2039 3132 natura,
2081 3067 2135 3111 et
2182 3058 2441 3132 moribus,
2487 3066 2552 3132 e_t_
2583 3059 2882 3111 eruditione
2927 3058 3206 3127 germani:
3242 3067 3332 3118 ubi
3386 3067 3596 3122 Paulus
3645 3083 3795 3123 senex

553 3125 697 3187 Petri
734 3134 990 3253 martyris
1017 3125 1309 3197 discipulus
1336 3145 1348 3181 :
1376 3138 1447 3192 et,
1477 3138 1534 3181 ιιι
1564 3132 1628 3182 ad
1657 3127 1823 3182 eremi
1860 3129 2145 3191 magistros
2179 3127 2412 3187 veniam,
2445 3125 2638 3192 quibus
2675 3136 2728 3180 et
2757 3125 3030 3195 attentius,
3078 3142 3131 3183 et
3181 3134 3532 3204 frequentius
3587 3141 3802 3193 vacaba—

553 3218 697 3253 mus.
730 3203 818 3253 ubi
851 3202 880 3253 Β
905 3204 1118 3253 acarius
1144 3199 1358 3253 Antonii
1392 3199 1702 3253 discipulus.
1737 3209 1792 3250 et
1829 3197 1964 3250 alter
1993 3196 2275 3253 Macarius.
2321 3207 2373 3248 et
2401 3195 2656 3253 Isidorus.
2705 3208 2758 3250 et
2813 3196 3066 3253 Pambas.
3112 3216 3300 3253 Omnes
3338 3209 3506 3253 amici
3555 3209 3665 3253 Dei-
3717 3209 3800 3253 ηιιί

553 3218 697 3275 mus,
730 3203 818 3254 ubi
843 3195 1118 3275 biacarius
1144 3195 1702 3275 Antoniidiscipuliis,
1737 3209 1792 3275 et
1829 3197 1964 3250 alter
1993 3196 2275 3258 Macarius,
2321 3207 2373 3248 et
2401 3195 2656 3275 isidorus,
2697 3208 2758 3275 _et
2813 3196 3066 3265 Pambas,
3112 3195 3300 3259 omnes
3338 3209 3506 3262 amici
3555 3209 3668 3274 Dei,
3717 3209 3800 3275 qui

552 3289 655 3326 nos
682 3273 796 3325 hazc
825 3271 1107 3332 docebant,
1140 3285 1257 3338 quae
1281 3269 1379 3335 Ipsi
1413 3285 1439 3341 a
1469 3265 1574 3322 Deo
1603 3268 1879 3341 discebant
1900 3275 2200 3341 _:_qt_tantar_n
2233 3266 2420 3341 ego,_si
2450 3265 2557 3317 hoc
2576 3265 2646 3341 ita
2679 3266 2914 3328 deceret,
2953 3275 3385 3341 autexpediret,
3425 3280 3494 3331 de
3527 3279 3612 3334 his
3638 3265 3805 3333 omni-

550 3343 653 3396 bns
691 3342 890 3410 habere
925 3335 1195 3408 iactantiae
1245 3340 1519 3410 materiam
1561 3337 1818 3410 possem?
1895 3336 2002 3410 Sed
2059 3337 2318 3410 erubesco
2362 3335 2474 3410 ha:_c
2526 3335 3156 3410 etiam-retexensduni
3200 3346 3322 3398 volo
3366 3335 3467 3402 tibi
3511 3354 3804 3410 Ostendere,

553 3418 837 3489 non,utiu
865 3404 1020 3472 dicis,
1063 3408 1514 3489 nosuotingenio
1563 3404 1882 3489 magistros,
1907 3407 2024 3467 sed,
2049 3407 2189 3489 quod
2221 3405 2340 3489 plus
2357 3404 2540 3489 doleo,
2567 3405 2848 3489 magistris
2880 3406 3114 3465 defuisse
3159 3416 3334 3484 magis
3378 3418 3663 3489 ingenium
3717 3404 3807 3472 no;

554 3491 749 3534 strum.
780 3480 980 3535 Verum
1014 3480 1141 3549 quid
1166 3474 1487 3547 Stttltuscgo
1512 3474 1732 3533 sanctos
1767 3491 2024 3530 enmnero
2059 3475 2405 3528 Christianos
2437 3474 2624 3526 viros?

1833 3568 1902 3622 Et
1937 3585 2080 3622 num.
2116 3568 2208 3632 25,
2240 3584 2358 3636 pag.
2386 3566 2508 3621 577.

625 3665 732 3720 Sed
762 3666 1013 3738 quoniam
1041 3666 1262 3736 polliciti
1297 3683 1483 3723 sumus
1513 3667 1837 3738 probaturos
1868 3680 1984 3730 nos,
2022 3663 2513 3738 quomodolaeeret
2546 3660 2948 3735 (Hieronymus)
2975 3665 3151 3718 virum
3177 3669 3426 3724 omnium
3457 3675 3814 3730 admiratione

551 3731 1139 3808 dignum—Ambrosium
1174 3731 1544 3808 episcopumf.
1572 3781 1584 3793 .
1614 3777 1627 3791 .
1658 3753 1818 3791 unam
1843 3738 2022 3808 adhuc
2042 3731 2226 3802 ipsius
2262 3731 2634 3808 Praefationem
2661 3731 2938 3800 ponemus,
2991 3750 3056 3808 ex
3093 3750 3197 3808 qua
3227 3739 3472 3797 videatis
3502 3745 3588 3798 vel
3617 3759 3812 3798 tantum

552 3802 724 3859 virum
753 3822 912 3874 quam
965 3805 1106 3861 finde
1145 3802 1459 3878 eti'indigne
1508 3808 1728 3878 laceret,
1774 3805 1854 3862 vel
1903 3807 2099 3858 iterum
2152 3807 2422 3873 quomodo
2455 3802 2736 3872 Didymum
2768 3817 2938 3867 usque
2969 3807 3037 3859 ad
3065 3806 3258 3861 ctelutn
3291 3811 3502 3866 eﬂ'erat
3540 3815 3811 3878 laudibus,

551 3891 709 3944 quem
742 3891 930 3930 rursus
953 3891 1123 3945 usque
1147 3877 1214 3932 ad
1242 3878 1454 3932 inferna
1481 3877 1742 3947 demergit

1829 3969 1896 4024 Et
1927 3987 2068 4023 nam.
2104 3969 2198 4035 25,
2236 3985 2353 4037 pag.
2381 3967 2508 4022 578.

623 4059 845 4115 Etiamsi
883 4070 1104 4136 secutus
1129 4074 1209 4120 est
1242 4064 1324 4136 (S.
1359 4066 1701 4136 Ambrosius)
1737 4065 1958 4120 Grzecos
1995 4064 2298 4118 catholicos
2336 4073 2654 4136 nostrorum
2683 4061 2998 4136 scriptores,
3031 4072 3086 4118 et
3111 4062 3317 4136 aliquid
3353 4068 3426 4124 de
3454 4085 3654 4126 eorum
3686 4071 3819 4127 scri-

550 4132 659 4208 ptis
690 4133 1184 4208 prtesttmpsit,_non
1212 4130 1466 4208 continuo
1493 4137 1607 4208 haec
1631 4130 1814 4190 debuit
1847 4145 2076 4208 tuaesse
2100 4147 2308 4208 summa
2340 4147 2490 4208 cura.
2527 4133 2615 4184 hic
2641 4130 2813 4196 labor,
2866 4133 2966 4187 hoc
3000 4130 3257 4208 studium,
3295 4146 3356 4188 ut
3391 4155 3499 4208 pro
3531 4144 3639 4196 hac
3665 4159 3820 4197 causa

550 4201 1210 4275 interpretarerislibrum
1260 4207 1466 4275 Didymi
1519 4207 1592 4259 De
1635 4216 1815 4258 sancto
1864 4202 2083 4275 Spiritu,
2134 4211 2192 4254 ut
2239 4201 2379 4275 furta
2415 4201 2560 4275 illius
2600 4213 3075 4275 cognoscerentur,
3103 4205 3192 4275 qui
3227 4201 3492 4263 tortassis
3524 4215 3697 4265 etiam
3730 4229 3818 4265 ne-

547 4270 856 4352 cessitatem
909 4273 1186 4352 scribendi
1225 4270 1412 4352 passus
1437 4283 1538 4341 est,
1585 4286 1642 4328 ut
1668 4273 2081 4352 insanientibus
2111 4281 2238 4352 tunc
2269 4270 2536 4352 haereticis
2579 4273 2953 4351 responderet.
2979 4311 2994 4326 .
3019 4311 3034 4326 .
3060 4316 3072 4326 .
3103 4274 3156 4326 Si
3193 4284 3244 4352 tu
3279 4275 3621 4352 grigenem,
3655 4296 3815 4352 quem

549 4340 789 4420 aiierum.
834 4352 954 4408 post
984 4340 1254 4420 apostolos
1286 4347 1441 4410 dicis,
1484 4340 1633 4420 recte
1665 4345 1797 4397 lacis
1836 4343 2056 4420 imitari,
2101 4341 2228 4420 quid
2275 4340 2511 4420 concidis
2561 4356 2711 4420 eum,
2759 4341 2847 4408 qui
2892 4352 3107 4396 secutus
3151 4351 3232 4396 est
3285 4340 3618 4418 Dictynnam,
3667 4340 3822 4420 quem

550 4409 896 4482 nihilominus
923 4421 977 4463 et
1007 4409 1320 4480 prophetam
1362 4409 1627 4476 nominas,
1661 4423 1716 4466 et
1754 4411 2105 4482 apostolicum
2151 4411 2319 4464 virum
2351 4409 2632 4482 designas?
2659 4409 2714 4464 Si
2743 4426 2871 4479 ergo
2909 4429 3080 4481 neque
3112 4423 3258 4467 tanto
3306 4431 3373 4470 ac
3389 4409 3504 4472 'tali
3542 4409 3824 4474 viro'Am-

553 4481 732 4553 brosio
759 4482 1094 4553 pepercisti”
1117 4518 1133 4534 .
1155 4519 1170 4533 .
1198 4493 1251 4536 et
1287 4483 1564 4553 Didymnm
1617 4481 1998 4553 ipsum_hunc,
2049 4495 2205 4547 quem
2259 4495 2398 4533 nunc
2444 4481 2759 4553 prophetam
2790 4482 3093 4553 _videntem,
3125 4491 3177 4534 et
3231 4486 3462 4541 oculum
3523 4491 3824 4546 habentem

551 4547 776 4629 Sponsa:
802 4553 868 4603 de
899 4551 1120 4629 cantico
1135 4547 1503 4629 canticorum,
1527 4562 1587 4629 et
1618 4547 1967 4629 apostolicum
2001 4553 2178 4629 virum
2205 4547 2460 4604 sensuum
2499 4547 2716 4629 nomine
2750 4551 3036 4629 Ade-signos,
3077 4553 3268 4629 iterum
3295 4569 3428 4610 eum
3480 4576 3815 4629 perversum

547 4617 821 4695 ductorem
872 4621 1201 4683 criminaris,
1245 4632 1299 4675 et
1345 4624 1482 4676 inter
1527 4617 1900 4695 haereticorum
1946 4620 2239 4678 consortia,
2276 4629 2364 4673 tua
2404 4619 2672 4695 censoria,
2705 4627 2761 4672 ut
2788 4617 3122 4695 ais,:virgula
3163 4617 3497 4695 segregas.:
3533 4668 3548 4682 .
3581 4669 3598 4684 .
3632 4632 3704 4695 si,
3738 4632 3823 4684 in-

548 4702 728 4755 quam,
759 4690 888 4742 istos
914 4705 1122 4766 otnues,
1169 4706 1303 4766 quos
1339 4702 1429 4745 tuo
1453 4707 1547 4766 ore
1600 4694 1851 4757 laudasti,
1879 4698 1968 4744 tuo
2002 4705 2096 4744 ore
2139 4704 2352 4744 rursum
2393 4689 2736 4753 condemnas,
2781 4691 2907 4758 quid
2947 4689 3064 4759 ego,
3111 4692 3178 4744 ad
3213 4689 3351 4748 iitos
3383 4699 3595 4766 pulex,
3634 4689 3706 4758 de
3747 4705 3848 4756 me

549 4773 866 4826 conquerar,
895 4761 940 4812 si
968 4776 1051 4815 me
1080 4777 1220 4816 nunc
1249 4761 1489 4816 laceres?

1831 4851 1901 4905 Et
1935 4868 2077 4905 num.
2104 4851 2195 4915 ‘26,
2225 4867 2345 4919 pag.
2377 4848 2480 4903 580

618 4943 816 5000 Verum
848 4947 1374 5022 luecqnoqnomodo
1399 4949 1527 5014 sint,
1567 4961 1899 5022 quaecunque
1929 4947 2095 5022 habes
2122 4955 2177 5000 tu
2202 4960 2330 5022 cum_
2357 4946 2474 4999 istis
2497 4945 2578 4997 vel
2607 4945 2868 5022 antiquis,
2892 4947 2976 4999 vel
3029 4947 3251 5002 novellis
3277 4951 3694 5022 scriptoribus,
3721 4957 3838 5012 sive

546 5028 640 5090 eos
687 5025 758 5090 tu_
787 5015 1078 5085 apostolos,
1115 5015 1228 5072 sive
1259 5036 1375 5090 eos
1408 5015 1717 5073 venerarios
1759 5015 1988 5090 scribas,
2025 5018 2137 5090 sive
2181 5015 2470 5084 prephetas
2525 5026 2717 5090 eos__tu
2744 5053 2758 5077 ,
2827 5017 2939 5090 sive
2977 5031 3256 5090 perversos
3293 5015 3576 5079 doc-tores
3648 5015 3836 5090 voces,

549 5086 614 5137 ad
641 5100 722 5167 me
747 5084 845 5167 ista
877 5090 1000 5156 quid
1027 5090 1306 5167 spectant?
1339 5089 1415 5142 Tn
1442 5105 1538 5160 pro
1570 5090 1652 5167 his
1674 5089 2022 5144 varietatibus
2046 5087 2171 5152 tuis,
2201 5101 2298 5155 pro
2343 5084 2702 5149 contumeliis,
2753 5096 2806 5138 et
2848 5084 3261 5143 lacerationibus
3309 5092 3636 5164 bonorum,
3685 5084 3842 5152 recte

547 5158 918 5223 paenitentiam
946 5161 1142 5228 egeris,
1176 5161 1218 5214 si
1248 5168 1425 5214 tamen
1444 5158 1648 5228 egeris.

1823 5271 1891 5326 Et
1920 5288 2065 5329 num.
2100 5272 2187 5337 '55,
2222 5287 2344 5341 pag.
2379 5270 2502 5326 590.

598 5362 756 5444 "Quid
799 5367 1292 5444 ergo_mirum_est,
1325 5367 1824 5444 simeminimum,
1885 5375 1939 5444 et
1995 5365 2191 5444 nullius
2246 5366 2457 5420 numeri
2489 5365 2762 5420 hominem
2813 5365 3037 5431 laceret,
3081 5368 3124 5422 si
3158 5367 3531 5426 Ambrosmm
3574 5387 3764 5444 secet,
3795 5379 3841 5434 si

544 5430 828 5502 Hilarium,
862 5430 903 5490 si
941 5430 1303 5504 Lactantium,
1337 5438 1384 5493 si
1421 5438 1705 5508 Didymum
1744 5430 2143 5508 reprehendat?

1836 5555 1905 5610 Et
1937 5573 2079 5610 num.
2109 5556 2199 5622 45,
2223 5571 2344 5626 pag.
2371 5554 2497 5610 598.

615 5642 832 5700 Ostendi
865 5648 1051 5716 etiam,
1087 5664 1248 5718 quam
1298 5647 1513 5720 indigne
1561 5650 1859 5715 ministros,
1891 5659 1948 5702 et
1993 5649 2301 5704 sacerdotes
2331 5647 2531 5702 Christi
2567 5646 2887 5720 laceraverit
2915 5645 3339 5718 (Hieronymus).
3362 5686 3378 5699 .
3411 5689 3426 5702 .
3458 5688 3475 5703 .
3525 5653 3852 5720 Didymnm

542 5716 728 5840 etiar‘rli,
764 5732 922 5784 quem
948 5716 1145 5844 (illlt‘iufn
1181 5720 1321 5800 inter
1346 5716 1589 5778 videntes
1621 5722 1932 5792 prophetas,
1960 5729 2015 5774 et
2048 5720 2319 5790 apostolos
2342 5727 2617 5786 posuerat,
2650 5733 2791 5773 nunc
2826 5716 2966 5774 inter
2993 5733 3108 5786 eos,
3141 5716 3230 5789 qui
3257 5721 3494 5776 diversa
3535 5727 3617 5783 ab
3648 5716 3855 5788 Eccle-

543 5799 639 5840 sns
698 5800 910 5844 occant.
941 5805 1005 5844 co
1048 5800 1240 5844 ocartt.

543 5799 639 5840 SIIS
665 5799 863 5844 (10003"
873 5800 910 5856 ι,
941 5799 1240 5847 COHOCﬂl‘ll.
