3970 6406
237 391 334 448 273

1331 395 1418 451 DE
1457 397 1827 454 TRINITATE
1865 398 2064 454 LIBER
2108 396 2387 454 PRIMUS.

3371 398 3479 454 ⁸278

241 527 412 576 sror,"
454 505 592 565 ἀλλ’
640 511 816 567 ἅτινα
861 509 941 583 ἦν
963 532 1063 583 μοι
1097 514 1298 582 κέρδη,
1334 518 1520 570 ταῦτα
1560 519 1792 588 ἡγοῦμα

1913 519 2200 573 hensibilis.
2236 518 2337 572 Sed
2367 533 2484 588 qua:
2509 517 2635 571 mihi
2663 516 2869 584 fuerunt
2901 515 2952 585 3
2983 513 3154 579 lucra,
3193 513 3298 568 hate
3333 519 3481 569 artu-

247 601 338 656 διὰ
381 600 492 654 τόν
529 603 792 668 Χριστὸν
838 603 1069 672 ζημίαν.
1140 606 1322 660 Ἀλλά
1367 607 1662 677 μενοῦνγε
1712 610 1807 663 καὶ

244 695 487 765 ἠγοῦμαι
518 695 718 748 πάντα
745 696 957 764 ζημίαν
991 695 1140 751 εἶναι
1167 699 1263 751 διὰ
1290 701 1352 751 τὸ
1379 699 1674 769 ὑπερέχον
1702 702 1811 768 τῆς

250 785 518 853 frenante
584 786 780 851 Ἰησοῦ
844 786 914 859 [1
970 789 1045 861 bj
1102 790 1358 858 Χριστοῦ
1430 791 1538 845 τοῦ
1591 793 1810 858 Κυρίου

245 874 404 945 ἡμῶν
425 894 440 906 ·
473 875 548 928 δι’
578 877 653 928 ὃν
698 877 772 930 τὰ
810 879 1008 934 πάντα
1041 879 1384 950 ἐζημιώθην,
1427 883 1524 936 καὶ
1555 882 1810 952 ἡγοῦμαι

249 970 511 1023 σκύϐαλα
535 964 711 1036 εἶναι,
735 970 835 1024 ἵνα
876 973 1135 1040 Χριστὸν
1164 973 1436 1040 κερδήσω
1457 992 1468 1004 ·
1521 973 1807 1044 Ῥωμαίοις

252 1061 337 1112 δὲ·
369 1061 437 1113 Et
475 1062 587 1128 μὲν
629 1069 739 1132 γὰρ
773 1067 806 1116 ό
842 1063 1166 1132 ἐρχόμενος
1191 1064 1384 1118 ἄλλον
1439 1067 1672 1132 Ἰησοῦν
1700 1082 1806 1131 κη-

246 1152 472 1216 ρύσσει,
521 1151 594 1203 ὃν
645 1154 757 1206 οὐκ
792 1153 1186 1223 ἐκηρύξαμεν,
1241 1153 1279 1222 ἣ
1320 1153 1561 1222 Πνεῦμα
1605 1153 1810 1220 ἕτερον

248 1243 585 1310 λαμϐάνετε,
637 1245 668 1298 ὃ
705 1246 815 1299 οὐκ
860 1244 1120 1299 ἐλάϐετε.
1164 1242 1310 1318 τΑριίι
1347 1246 1402 1298 δὲ
1441 1246 1535 1298 καὶ
1581 1245 1716 1314 πρὸς
1757 1247 1807 1300 τί

245 1334 458 1398 ἀηδὼν,
503 1341 596 1390 καί
629 1333 722 1391 οἷα
751 1339 1048 1409 διανοηθεὶς
1068 1378 1081 1402 ,
1103 1338 1436 1408 ἀκραιφνοῦς
1483 1339 1807 1405 Θεογνωσξας

235 1422 382 1489 αὖθις
439 1427 546 1480 ἴδια
585 1430 882 1500 γέγραφεν,
937 1429 1240 1500 Κορινθίοις
1285 1429 1384 1500 μὲν
1432 1429 1492 1481 τὸ
1534 1429 1802 1499 δεύτερον,

233 1518 307 1570 ἇτι
333 1535 395 1586 γε
427 1521 476 1570 εἰ
500 1521 578 1590 τῷ
609 1520 719 1590 1⁸ξῷ
741 1540 824 1585 τις
850 1521 1182 1590 καταλλαγῇ,
1211 1520 1288 1590 τῷ
1317 1520 1435 1590 Θεῴ
1465 1519 1803 1590 κατηλλάγηο

233 1610 320 1663 καὶ
347 1612 430 1663 ὅτι
466 1614 525 1663 ὲν
551 1613 770 1684 Χριστῷ
805 1613 842 1678 ἡ
883 1614 1018 1684 πρὸς
1059 1613 1149 1664 τὸν
1181 1612 1311 1665 Θεὸν
1338 1613 1656 1680 σύμϐασις,
1690 1611 1806 1662 ἐστὶ

228 1699 317 1752 τοῦ
345 1702 586 1771 κόσμους
626 1701 775 1771 Ἔχει
805 1703 886 1755 δέ·
925 1701 1020 1766 Ὧς
1049 1701 1136 1753 ὅτι
1178 1699 1322 1765 Θεὸς
1349 1696 1424 1769 ἦν
1464 1700 1533 1752 ἐν
1576 1699 1805 1766 Χριστῷ

229 1793 461 1860 κόσμον
509 1792 956 1846 καταλλάσσων
1004 1791 1229 1856 ἐαυτῷ.
1277 1791 1364 1860 μὴ
1419 1790 1802 1859 λογιζόμενος

227 1883 428 1948 αὐτοῖς
478 1884 550 1937 τὰ
590 1884 1028 1953 παραπτώματα
1075 1883 1294 1946 αὐτῶν,
1331 1884 1430 1938 καὶ
1460 1885 1704 1954 θέμενος
1733 1886 1802 1937 ἐν
1836 1860 1875 1917 Β

227 1975 368 2044 ἡμῖν
395 1978 508 2028 τὸν
526 1979 715 2045 λόγον
743 1975 850 2042 τῆς
877 1975 1284 2044 καταλλαγῆς.
1326 1973 1508 2043 ’Υπὲρ
1543 1975 1802 2043 Χριστοῦ

224 2063 336 2122 οὖν
380 2071 795 2138 πρεσϐεύομεν
826 2071 906 2136 ὡς
952 2068 1058 2122 τοῦ
1111 2070 1260 2123 Θεοῦ
1304 2071 1802 2138 παρακαλοῦντος

222 2158 294 2212 δι’
323 2162 514 2228 ἡμῶν.
564 2163 820 2229 Δεόμεθα
858 2163 1008 2231 ὑπὲρ
1042 2162 1296 2231 Χριστοῦ
1321 2179 1334 2192 ο
1390 2161 1804 2230 καταλλάγητε

226 2252 300 2318 τῷ
329 2251 475 2317 Θεῷ.
509 2253 622 2306 Καὶ
644 2253 822 2316 πάλιν,
845 2253 920 2319 ὡς
943 2255 1116 2307 πάντα
1141 2254 1212 2307 τὰ
1242 2254 1394 2309 ἄλλα.
1429 2296 1442 2308 .
1487 2295 1501 2310 .
1546 2295 1560 2308 .
1603 2257 1638 2306 ἃ
1663 2271 1803 2325 παρ-

223 2348 303 2406 εὶς
352 2346 654 2415 ἐκήρυττεν
703 2345 915 2415 μεγάλα
949 2347 989 2377 ⁸⁸
1021 2347 1231 2417 αὐχῶν,
1265 2348 1345 2399 ὅτι
1383 2347 1477 2399 καὶ
1512 2346 1574 2398 τὸ
1613 2345 1800 2398 δοκοῦν

222 2437 583 2490 ἐπονείδιστον
600 2433 737 2490 εἶναι
765 2438 983 2510 Χριστῷ
1003 2439 1088 2491 διὰ
1109 2438 1205 2510 τὴν
1237 2439 1612 2510 φιλάνθρωπον
1637 2437 1799 2492 αὐτοῦ

219 2529 556 2597 οἰκονομίαν,
589 2531 768 2600 πᾶσαν
799 2528 1048 2584 εὔκλειαν
1075 2531 1167 2584 καὶ
1193 2531 1384 2602 ῥώμην
1417 2531 1570 2603 βρύει
1608 2531 1738 2598 ἐγὼ.
1782 2570 1798 2585 .

221 2657 237 2671 .
276 2659 288 2672 .
331 2618 494 2672 τοῦτο
523 2619 695 2673 ποιῶν
737 2621 796 2685 ἐξ
823 2621 984 2693 ἔργου
1005 2639 1017 2651 ο
1061 2622 1148 2676 ἵνα
1182 2623 1275 2676 καὶ
1305 2625 1333 2676 ὁ
1372 2625 1436 2676 ὲκ
1463 2622 1558 2676 τοῦ
1593 2621 1798 2686 ἐνδόξου

219 2710 425 2774 πάθους
453 2712 555 2782 τὴν
587 2712 847 2782 ἀγένητον
879 2715 971 2767 καὶ
1001 2715 1276 2786 ἀκήρατον
1308 2714 1404 2767 καὶ
1445 2753 1460 2768 .
1500 2753 1515 2768 .
1560 2753 1575 2767 .
1607 2753 1620 2768 .
1667 2755 1681 2770 .
1727 2753 1741 2768 .
1783 2754 1796 2768 .

220 2802 453 2873 θεάτητα
494 2805 571 2874 μὴ
603 2806 951 2860 κατοπτεύων
983 2809 1027 2838 ὀ
1058 2807 1280 2878 Γραφὴν
1326 2807 1378 2862 ὑ.
1419 2849 1431 2860 .
1472 2849 1487 2864 .
1543 2846 1558 2861 .
1603 2847 1617 2862 .
1653 2849 1668 2862 .
1712 2845 1727 2860 .
1781 2846 1796 2860 .

223 2935 238 2948 .
320 2937 334 2950 .
420 2936 434 2950 .
517 2935 534 2949 .
615 2936 630 2950 .
708 2935 723 2948 .
797 2937 811 2951 .
894 2936 909 2952 .
1003 2898 1183 2966 οφλοι·
1224 2897 1407 2966 ἔλεγεν
1437 2898 1494 2951 δὲ
1518 2899 1694 2952 τοιάδε
1725 2903 1796 2935 "-

221 2991 342 3041 Οὐκ
371 2989 585 3056 ἔκρινα
606 2987 711 3042 τοῦ
735 2987 953 3042 ειδέναι
978 3007 1032 3042 τι
1059 2991 1128 3043 ἐν
1151 2989 1314 3060 ὑμῖν,
1360 2992 1412 3044 εἰ
1429 2990 1514 3059 μὴ
1559 2992 1801 3057 Ἰησοῦν

217 3077 434 3145 Χριστὸ
443 3095 501 3142 ν,
526 3077 627 3130 καὶ
650 3077 864 3130 τοῦτον
885 3078 1339 3148 ἐσταυρωμένον
1357 3095 1370 3108 ·
1409 3080 1695 3150 Ῥωμαίοις
1717 3082 1792 3135 δέ·

215 3171 588 3237 Δικαιοσύνη
622 3168 690 3222 δὲ
714 3169 860 3223 Θεοῦ
888 3169 985 3223 διὰ
1009 3171 1265 3238 πίστεως
1305 3171 1498 3239 Ἰησοῦ
1539 3174 1796 3241 Χριστοῦ
1824 3200 1866 3258 C

216 3267 303 3329 εἰς
334 3262 574 3329 πάντας
611 3262 710 3316 καὶ
741 3262 839 3316 ἐπὶ
871 3261 1101 3328 πάντας
1137 3263 1278 3329 τοὺς
1309 3265 1703 3332 πιστεύοντας
1749 3267 1796 3298 ³⁸

219 3355 1796 3424 φησὶ..............ἀπὸ

217 3445 354 3500 Θεοῦ
406 3447 640 3508 ἕκαστος
687 3446 751 3498 ⁸⁸.
802 3446 1068 3510 Γαλάταις
1112 3447 1167 3500 δέ
1195 3465 1209 3479 ο
1268 3447 1542 3515 Εῐδότες,
1585 3448 1673 3502 ὅτι
1725 3451 1797 3503 οὐ

218 3536 554 3590 δικαιοῦται
608 3537 916 3604 ἅνθρωπος
969 3538 1036 3602 ἐξ
1083 3537 1268 3607 ἔργων
1311 3542 1524 3608 νόμου,
1571 3541 1679 3593 ἐὰν
1709 3541 1796 3610 μὴ

219 3624 318 3677 διὰ
358 3626 621 3690 πίστεως
673 3625 867 3693 Ἰησοῦ
895 3627 1150 3694 Χριστοῦ
1171 3668 1185 3690 ,
1217 3628 1315 3680 καὶ
1359 3628 1528 3697 ἡμεῖς
1556 3632 1640 3694 εὶς
1695 3631 1798 3696 Ἰη-

219 3717 378 3770 σοῦν
417 3717 683 3786 Χριστὸν
728 3718 1193 3787 ἐπιστεύσαμεν,
1241 3719 1342 3773 ινα
1401 3719 1797 3791 δικαιωθῶμεν

221 3811 288 3862 ἐκ
333 3813 593 3876 πίστεως
626 3810 905 3878 Χριστοῦ,
941 3811 1038 3864 καὶ
1081 3814 1190 3864 οὐκ
1232 3811 1301 3876 ἐξ
1334 3811 1522 3880 ἔργων
1567 3814 1753 3880 νόμου
1779 3831 1791 3843 ·

224 3901 311 3954 ὅτι
343 3904 411 3967 ἐξ
441 3904 500 3973 [2
529 3903 586 3974 α]
633 3903 821 3973 ἔργων
842 3906 1021 3972 νόμου
1047 3906 1117 3957 οὐ
1147 3903 1601 3969 δικαιωθήσεται
1627 3903 1796 3959 πᾶσα

225 3995 398 4065 σάρξ.
441 3997 747 4066 Ἑξηγείται
787 3996 844 4049 δὲ
889 3997 982 4049 καὶ
1019 3996 1264 4068 ἑτέρωθι,
1311 3999 1392 4051 ὅτι
1433 3999 1580 4050 Οῦτε
1635 4015 1793 4066 περι-

291 4241 404 4312 (16)
457 4242 591 4295 Iesu
652 4243 848 4299 Christi
899 4244 1104 4298 Domini
1158 4245 1339 4298 nostri.
1394 4244 1577 4300 Graeca
1627 4245 1793 4296 editio

225 4315 421 4388 habet;
448 4315 688 4388 Χριστοῦ
707 4313 895 4388 ΔἸησοῦ
919 4315 1010 4368 τοῦ
1039 4317 1244 4388 Κυρίου
1268 4333 1389 4385 μου,
1418 4315 1470 4369 id
1488 4325 1572 4368 est
1598 4313 1792 4367 Christi

222 4384 352 4439 Jesu
380 4383 594 4436 Domini
619 4385 738 4438 mei.
786 4383 794 4385 ’
1133 4383 1143 4388 ⁷
1270 4383 1278 4385 ἡ
1517 4427 1520 4430 .

296 4454 406 4520 (17)
431 4455 513 4505 Ad
551 4451 815 4509 Romanos
843 4471 981 4509 vero.
1014 4456 1296 4524 Didymum
1322 4455 1580 4509 memoria
1603 4453 1790 4507 fefellit

221 4525 326 4576 hoc
356 4527 405 4577 in
444 4526 597 4587 loco;
635 4541 731 4579 uec
757 4528 901 4580 enitn
935 4535 1153 4579 exstant
1194 4527 1304 4580 hate
1351 4525 1404 4577 in
1449 4525 1680 4592 Epi3to|a
1722 4524 1788 4576 ad

217 4593 500 4648 Romanos
541 4596 762 4663 scripta,
792 4599 885 4650 sed
910 4596 962 4648 in
996 4598 1225 4649 secunda
1257 4596 1320 4647 ad
1356 4596 1628 4653 Corinth.,
1664 4608 1784 4660 cap.

216 4681 298 4726 si,
335 4680 474 4718 vers.
512 4665 564 4718 4.
605 4665 661 4718 ln
703 4666 840 4720 libro
887 4680 1100 4734 quoque
1150 4667 1226 4718 De
1268 4665 1686 4734 Spiritu-sancto
1735 4665 1787 4734 in

210 4734 393 4787 simile
445 4747 690 4788 erratum
757 4733 1016 4800 labitur;
1060 4753 1180 4788 nam
1232 4733 1380 4790 num.
1431 4735 1463 4788 5
1531 4735 1688 4803 (pag.
1730 4733 1788 4792 5.

216 4816 351 4876 tom.
379 4805 418 4858 ll
456 4809 692 4872 Operum
719 4805 786 4876 VS.
820 4806 1126 4876 Hieronymi
1158 4807 1412 4859 editionis
1443 4803 1787 4876 Veronensis)

212 4874 411 4944 legitur
459 4895 472 4928 :
528 4895 545 4924 ι
576 4877 654 4927 Ad
701 4874 1269 4944 Corintliios'quoquc
1310 4877 1447 4927 idem
1495 4875 1785 4927 scribens:

215 4943 420 5006 Nolite,
449 4947 650 5012 inquit,
683 4949 991 4998 contristare
1027 4943 1274 5009 Spiritum
1304 4959 1572 4997 sanctum:
1613 4964 1630 4993 ι
1671 4959 1790 5012 qua:

213 5027 396 5068 tatueu
419 5019 586 5070 verba
613 5018 666 5068 itt
688 5013 919 5082 Epismla
938 5017 1174 5069 invenies
1196 5021 1258 5068 ad
1287 5016 1543 5083 Ephesios
1565 5015 1788 5082 scripta,

215 5101 336 5153 σοι).
370 5103 447 5144 tv.
479 5101 624 5138 vers.
658 5087 749 5149 50,
789 5103 890 5138 nott
921 5102 1045 5138 vero
1089 5087 1142 5154 _iu
1179 5085 1432 5153 Epistolis
1479 5087 1542 5137 ad
1591 5086 1786 5137 Corin-

219 5157 382 5209 thios.
432 5156 672 5210 Numero
706 5167 883 5208 autem
935 5157 1020 5219 Η,
1064 5172 1182 5224 pag.
1229 5156 1328 5210 H9
1364 5172 1390 5206 a
1442 5154 1608 5207 Paulo
1647 5155 1789 5208 dicta

225 5239 340 5276 esse
367 5233 445 5280 ait
475 5231 528 5280 iu
579 5228 728 5280 Actis
761 5225 1122 5295 apostolorum
1167 5227 1408 5294 qumdam
1441 5225 1624 5286 verba,
1667 5239 1788 5293 quae

225 5309 255 5346 ι
291 5295 448 5350 Petro
497 5306 628 5349 sunt
675 5296 1037 5363 pronuntiata.
1090 5295 1202 5349 Duo
1252 5295 1366 5348 haec
1401 5295 1691 5348 emendare
1734 5295 1785 5347 in

231 5380 321 5416 sua
367 5368 816 5433 interpretatione
868 5366 1226 5433 Hieronymus
1274 5365 1586 5428 debuisset,
1644 5363 1688 5416 si
1736 5365 1787 5418 id

226 5445 407 5487 “verum
449 5441 612 5496 foret,
642 5437 784 5502 quod
810 5437 1048 5488 nonnulli
1077 5437 1256 5488 nescio
1279 5435 1472 5502 quibus
1502 5446 1788 5502 argumeno

230 5504 301 5556 tis
323 5506 518 5559 inducti
567 5515 919 5566 censuerunt,
950 5520 1068 5558 eum
1114 5505 1289 5572 aliqua
1323 5507 1372 5557 in
1415 5503 1786 5556 transferendo

234 5586 296 5622 en
324 5574 453 5628 libro
482 5579 792 5636 addidisse,
827 5586 920 5626 aut
946 5575 1251 5632 abstulisse.
1289 5583 1383 5626 aut
1423 5575 1736 5626 immutasse
1769 5586 1784 5624 :

238 5639 287 5718 id
304 5648 432 5710 quod
466 5664 590 5700 eum
633 5646 850 5718 fecisse,
874 5645 1221 5718 inanimum
1254 5644 1506 5718 inducere
1554 5657 1783 5718 nequeo,

241 5711 304 5785 iis
323 5726 486 5768 tamen
511 5717 758 5785 exceptis
786 5715 937 5777 locis,
968 5715 1019 5767 in
1048 5715 1242 5784 quibus
1269 5713 1335 5785 is,
1366 5717 1454 5783 qui
1485 5728 1549 5785 ex
1580 5729 1682 5766 una
1732 5712 1786 5785 iu

243 5779 390 5855 aliain
441 5779 675 5855 linguam
737 5779 1412 5847 εοιινειιιὶι,ἰνοοδιιυιιιιῖι
1457 5781 1668 5855 aliquod
1706 5782 1783 5855 _in

245 5852 591 5924 translatione,
619 5872 728 5926 quo
753 5857 1019 5911 sententia
1045 5872 1146 5910 non
1174 5862 1428 5920 mutetur,
1482 5854 1576 5909 sed
1603 5852 1784 5908 decla-

1913 620 2084 662 tratus
2115 627 2226 663 sum
2265 620 2472 678 propter
2515 609 2783 662 Christum
2827 607 3161 660 detrimenta.
3207 604 3482 659 Verumta-

1912 717 2027 753 men
2050 702 2290 753 existimo
2313 700 2484 752 omnia
2502 700 2867 751 detrimentum
2887 713 2995 750 esse
3013 706 3222 765 propter
3251 697 3482 748 eminen-

1913 803 2011 844 tem
2028 793 2295 845 scientiam
2322 791 2448 844 Jesu
2476 791 2670 844 Cltristi
2700 789 2912 842 Domini
2938 791 3101 841 nostri
3121 786 3484 857 (l6)::tropter

1910 900 2056 954 quem
2084 885 2256 937 omnia
2278 884 2638 937 detrimentum
2667 883 2788 950 feci,
2815 891 2860 936 et
2889 883 3116 934 arbitror
3139 890 3192 932 ut
3229 890 3476 938 stercora,

1911 987 1966 1027 ut
2014 975 2276 1030 Christum
2331 977 2684 1044 tucrifaciam.
2738 976 2813 1028 Ad
2869 974 3139 1027 llottianos
3189 987 3315 1025 vero
3367 969 3478 1040 (17η)

1912 1065 2208 1118 scribens:
2254 1063 2394 1118 Nam
2449 1066 2495 1118 si
2541 1067 2583 1118 is
2637 1067 2725 1134 qui
2782 1065 2938 1124 venit,
2991 1064 3155 1116 alium
3212 1060 3477 1114 Christum

1910 1159 2180 1220 prwdicat,
2209 1174 2360 1223 quem
2397 1174 2498 1210 non
2537 1157 2956 1226 prwdicarimus,
3001 1166 3088 1207 aut
3117 1154 3278 1206 alium
3311 1149 3476 1218 Spiri-

1911 1261 2019 1301 tum
2067 1250 2322 1317 accipitis,
2363 1266 2507 1318 quem
2553 1266 2656 1302 non
2707 1250 2998 1317 accepistis.
3044 1247 3307 1311 Quidnam
3351 1257 3478 1295 vero

1910 1342 2203 1408 Spectabat,
2250 1355 2301 1394 et
2330 1342 2508 1409 qualia
2541 1341 2829 1409 cogitabat,
2881 1357 3000 1390 cum
3051 1353 3234 1391 rursus
3267 1349 3478 1402 germa-

1911 1450 1993 1486 na:
2049 1449 2111 1487 ac
2169 1450 2307 1487 vera:
2358 1434 2448 1486 Dei
2508 1435 2825 1502 cognitionis
2883 1431 3096 1499 propria
3143 1427 3361 1495 scripsit
3410 1427 3478 1478 ad

1909 1526 2219 1579 Corinthios
2276 1524 2390 1595 (l8)
2434 1526 2484 1578 itt
2531 1527 2768 1579 secunda
2815 1524 3048 1590 Epistula
3091 1519 3385 1582 allirmaus,
3428 1516 3474 1568 si

1908 1619 2028 1684 quis
2066 1616 2200 1669 Filio
2232 1617 2613 1670 reconciliatus
2668 1615 2853 1680 fuerit,
2908 1615 3017 1667 Deo
3069 1609 3474 1665 reconciliatum

1907 1722 2060 1771 esse;
2116 1718 2166 1760 et
2209 1708 2390 1762 mundi
2428 1722 2546 1760 cum
2586 1705 2694 1759 Deo
2740 1705 3229 1760 reconciliationem
3268 1714 3389 1754 esse
3423 1699 3472 1751 in

1908 1797 2157 1851 Christo?
2194 1797 2315 1851 llzrc
2360 1807 2539 1851 autem
2579 1799 2732 1852 habet
2767 1799 2877 1866 (l9)
2914 1817 2926 1852 :
2963 1796 3223 1861 Quoniam
3264 1791 3474 1862 quidem

1905 1889 2046 1942 Deus
2076 1903 2184 1942 erat
2228 1893 2278 1943 in
2306 1888 2518 1943 Christo
2559 1891 2809 1942 mundum
2841 1888 3182 1942 reconcilians
3222 1885 3318 1939 sibi
3352 1883 3471 1952 ipsi,

1904 1999 2006 2036 non
2033 1995 2276 2046 reputans
2307 1985 2410 2038 illis
2437 1985 2626 2038 delicta
2659 1986 2916 2052 ipsorum,
2956 1993 3001 2037 et
3029 1999 3221 2051 ponens
3254 1983 3305 2033 in
3329 1979 3473 2032 nobis

1903 2075 2111 2127 verbum
2166 2077 2627 2130 reconciliationis.
2675 2075 2779 2128 l'ro
2831 2075 3037 2128 Christo
3069 2089 3188 2142 ergo
3221 2072 3472 2140 legatione

1905 2166 2177 2234 fungimur
2210 2175 2459 2232 tanquam
2506 2167 2610 2218 Deo
2669 2168 2976 2220 exhortante
3013 2181 3102 2233 per
3144 2181 3260 2217 nos.
3314 2160 3472 2216 Obse-

1903 2275 2110 2312 cranms
2134 2246 2228 2328 pro
2262 2258 2471 2313 Christo
2507 2275 2524 2313 :
2559 2261 2972 2313 reconciliamini
3019 2259 3144 2310 Deo.
3170 2257 3236 2310 Et
3261 2271 3468 2315 rursus,

1904 2363 1963 2405 nt
1992 2352 2093 2404 alia
2123 2353 2324 2405 onmia.
2360 2393 2372 2404 .
2401 2392 2416 2406 .
2451 2393 2465 2406 .
2498 2393 2510 2406 .
2545 2393 2559 2406 .
2599 2389 2615 2406 .
2647 2391 2660 2404 .
2698 2393 2712 2406 .
2741 2390 2754 2404 .
2788 2394 2800 2407 .
2837 2390 2852 2405 .
2886 2393 2900 2408 .
2928 2393 2940 2405 .
2975 2391 2990 2406 .
3027 2391 3037 2401 .
3075 2385 3090 2402 .
3123 2389 3137 2404 .
3194 2348 3470 2411 omittens,

1902 2461 2227 2514 magnopere
2267 2445 2618 2514 gloriabatur,
2663 2460 2726 2498 ac
2773 2444 3105 2513 prwdicahat
3135 2441 3267 2496 illud
3307 2441 3471 2494 etiam

1901 2536 2043 2603 quod
2072 2535 2292 2590 Christo
2330 2547 2551 2605 propter
2579 2535 2866 2605 benignam
2897 2535 3012 2603 ejus
3042 2532 3470 2586 lncarnatiouetn

1903 2627 2319 2696 ignominiosum
2364 2642 2484 2679 esse
2533 2626 2762 2689 videtur,
2812 2625 3041 2693 gloriam
3091 2622 3469 2690 undequaque,

1901 2733 1964 2771 ac
1991 2719 2096 2770 vim
2124 2718 2286 2772 veluti
2319 2715 2611 2771 effundere.
2647 2755 2662 2771 .
2700 2755 2715 2771 .
2750 2753 2766 2770 .
2800 2757 2812 2770 .
2848 2754 2864 2768 .
2898 2753 2914 2768 .
2952 2757 2967 2772 .
3000 2755 3014 2769 .
3050 2753 3064 2767 .
3100 2751 3116 2768 .
3152 2751 3168 2768 .
3209 2753 3224 2768 .
3259 2750 3274 2765 .
3307 2748 3323 2764 .
3354 2749 3369 2765 .
3404 2753 3420 2768 .
3453 2747 3468 2762 .

1899 2816 1958 2860 ut
1981 2807 2092 2877 (‘20)
2118 2808 2280 2860 etiant
2313 2808 2404 2876 qui
2430 2807 2482 2860 in
2514 2806 2748 2875 gloriosa
2784 2804 3036 2860 Passione
3065 2804 3390 2866 increatam,
3418 2809 3472 2854 et.

1901 2899 2286 2966 immortalem,
2316 2909 2414 2952 et..
2452 2939 2467 2956 .
2508 2939 2520 2951 .
2555 2938 2570 2952 .
2607 2937 2622 2951 .
2656 2939 2670 2952 .
2711 2939 2725 2951 .
2756 2935 2774 2950 .
2814 2937 2830 2953 .
2871 2937 2886 2953 .
2925 2935 2940 2949 .
2975 2933 2991 2950 .
3030 2936 3043 2950 .
3079 2896 3332 2951 deitatem
3365 2908 3469 2947 non

1901 2992 2168 3062 agnoscit,
2195 2991 2553 3060 Scripturam.
2589 3029 2603 3046 .
2636 3028 2652 3044 .
2685 3030 2700 3044 .
2739 3030 2753 3045 .
2789 3029 2805 3045 .
2844 3029 2858 3044 .
2893 3029 2907 3043 .
2945 3025 2962 3042 .
2996 3030 3012 3046 .
3047 3029 3060 3042 .
3097 3031 3110 3044 .
3147 2987 3468 3042 .Aitautetn

1901 3084 1953 3138 in
1988 3085 2131 3139 hunc
2163 3084 2376 3138 modum
2413 3101 2427 3137 :
2457 3081 2578 3137 Non
2602 3081 2842 3153 judicavi
2866 3079 2978 3153 (2|)
3002 3098 3081 3136 me
3109 3081 3242 3135 scire
3270 3079 3469 3150 aliquid

1900 3177 2033 3230 inter
2059 3193 2168 3241 vos,
2206 3177 2309 3230 nisi
2348 3174 2529 3230 Jesum
2566 3175 2854 3240 Christum,
2887 3186 2933 3230 et
2974 3179 3112 3228 hunc
3135 3173 3463 3242 crucifixum.

1898 3269 1979 3321 Ad
2016 3267 2286 3324 Romanos
2315 3284 2442 3323 vero
2480 3271 2724 3324 scribens
2757 3270 2832 3322 ait
2870 3267 3126 3324 :Justitia
3153 3265 3264 3337 (Ξὲ)
3292 3275 3468 3320 auter..-

1900 3361 2000 3415 Dei
2032 3379 2122 3428 per
2151 3362 2303 3429 ﬁdem
2339 3360 2468 3415 Jesu
2495 3360 2709 3424 Christi,
2738 3361 2791 3414 in
2816 3376 3012 3424 omnes,
3048 3370 3098 3413 et
3121 3373 3277 3429 super
3292 3374 3470 3412 omnes

1899 3454 3466 3522 credentes........inquit................

1898 3544 1954 3616 4
2005 3564 2031 3596 a
2068 3544 2176 3598 Deo
2216 3545 2610 3613 unusquisque.
2675 3544 2756 3596 Ad
2813 3541 3031 3596 Galatas
3083 3556 3213 3594 vero
3245 3560 3256 3596 :
3287 3539 3469 3594 Scien-

1899 3650 1973 3690 tes
1993 3637 2106 3704 (23)
2151 3638 2288 3704 quod
2319 3653 2418 3689 non
2442 3636 2770 3702 iustiﬁcatur
2793 3637 2944 3687 homo
2962 3650 3025 3687 ea:
3055 3635 3292 3701 operibus
3316 3632 3464 3701 legis,

1901 3731 2002 3782 nisi
2026 3746 2114 3795 per
2143 3730 2298 3796 ﬁdem
2318 3729 2444 3781 Jesu
2473 3727 2704 3791 Christi;
2725 3736 2773 3780 et
2807 3742 2899 3778 nos
2925 3728 2978 3777 in
3002 3724 3263 3778 Christum
3285 3725 3464 3779 Iesum

1900 3819 2239 3880 credidimus,
2273 3818 2695 3886 utjusti/icemur
2725 3831 2789 3868 ex
2819 3815 2923 3882 [ide
2948 3814 3162 3878 Christi,
3185 3826 3230 3868 et
3275 3832 3378 3869 non
3401 3833 3465 3868 ex

1901 3909 2135 3975 operibus
2170 3909 2298 3978 legis
2327 3909 2486 3976 :quia
2525 3925 2590 3962 ea:
2629 3907 2866 3978 operibus
2909 3907 3032 3976 legis
3073 3924 3173 3960 non
3199 3907 3465 3975 justiﬁed-

1898 3999 2039 4052 bitur
2093 4001 2260 4052 onmis
2300 4015 2443 4052 caro.
2498 3997 2636 4052 Alibi
2688 4011 2816 4050 vero
2863 3999 3024 4051 etiam
3072 3997 3150 4050 sic
3187 3997 3404 4062 exponit
3445 4013 3458 4048 :

1901 4255 2072 4305 retur,
2099 4240 2389 4309 aliquando
2428 4243 2638 4312 cogitur
2683 4243 2938 4312 adjicere.
2969 4241 3240 4312 Caeterum
3281 4239 3370 4306 qui
3402 4239 3454 4291 in

1900 4323 2141 4366 veterum
2207 4312 2424 4365 Patrum
2486 4311 2716 4367 lectione
2753 4311 3172 4374 iversatisuut,
3239 4319 3454 4370 norunt,

1899 4398 2280 4449 nonnunquam
2345 4381 2647 4446 huiusmodi
2715 4383 2766 4436 in
2834 4381 2937 4436 illis
2994 4393 3206 4449 quoque
3266 4379 3456 4431 menda

1896 4467 2204 4516 occurrere,
2238 4467 2299 4504 ac
2337 4455 2633 4519 praesertim
2664 4453 2716 4507 in
2750 4453 3028 4508 Clemente
3073 4449 3458 4502 Alexandrino.

1896 4522 2076 4586 Quare
2127 4538 2231 4574 non
2286 4531 2370 4574 est
2415 4538 2510 4575 cur
2557 4525 2835 4587 miremur,
2889 4523 2933 4574 si
2987 4535 3164 4574 caecus
3221 4533 3458 4586 quoque,

1893 4594 1984 4657 qni
2022 4592 2332 4644 memoriter
2357 4591 2538 4644 omnia
2575 4593 2794 4652 citabat.
2831 4607 2895 4645 ac
2929 4606 3026 4658 per
3061 4593 3303 4643 notarios
3329 4591 3464 4643 scri-

1891 4660 2021 4716 bere
2073 4663 2385 4729 cogebatur,
2450 4663 2734 4730 aliquando
2791 4664 2841 4715 in
2889 4676 2950 4717 ea
3009 4660 3254 4714 inciderit
3287 4673 3300 4709 :
3333 4659 3462 4712 illud

1892 4733 2071 4800 potius
2105 4734 2296 4783 mirum
2332 4745 2709 4798 summopere.
2749 4743 2911 4799 atque
2950 4732 3085 4784 adeo
3129 4729 3299 4782 instar
3336 4743 3462 4796 pro—

1893 4801 2019 4868 digii
2049 4810 2153 4860 est,
2187 4802 2358 4869 ipsum
2393 4812 2498 4853 tam
2533 4802 2694 4853 utulta
2729 4816 3004 4854 Sacrorum
3044 4800 3302 4853 librorum
3341 4800 3459 4851 loca

1895 4872 2151 4923 memoria
2179 4872 2485 4932 retinuisse,
2515 4872 2757 4942 atquein
2783 4880 3056 4942 promptu,
3084 4871 3299 4942 quoties
3334 4882 3461 4920 usus

1891 4950 2052 5002 essoet,
2093 4942 2361 5001 habuisse,
2398 4955 2557 5008 quam
2605 4941 2768 4994 inulta
2797 4939 2860 4993 in
2892 4942 2994 4995 hoc
3024 4955 3187 5009 opere
3218 4939 3460 5008 allegan-

1895 5020 2012 5073 tur;
2045 5026 2160 5078 qua:
2189 5022 2310 5063 sunt
2335 5011 2762 5063 intutmet‘abilia.

1961 5076 2076 5148 (18)
2116 5080 2196 5132 Ad
2234 5079 2549 5132 Corinthios.
2590 5078 2729 5150 Lege
2757 5080 2793 5133 ΙΙ
2837 5082 2902 5132 ad
2946 5078 3072 5133 Cor.
3115 5076 3284 5150 v,18,
3316 5076 3381 5130 l9
3407 5085 3461 5130 et

1889 5150 1995 5210 20;
2042 5167 2137 5203 nec
2158 5150 2300 5202 enim
2351 5150 2495 5202 Pauli
2529 5152 2689 5201 verba
2722 5151 2808 5204 hic
2838 5150 3052 5218 allegat,
3088 5149 3182 5202 sed
3215 5161 3456 5201 sensum.

1961 5220 2073 5287 (l9)
2121 5219 2312 5271 Habet.
2345 5219 2381 5272 ll
2406 5221 2529 5272 Cor.
2560 5234 2611 5280 ν,
2645 5219 2707 5273 l9
2727 5230 2781 5273 et
2803 5222 2893 5272 ‘20.

1961 5290 2074 5358 tio)
2120 5289 2205 5343 Ut.
2255 5290 2328 5342 Ea
2367 5290 2558 5342 omitto
2599 5289 2648 5342 itt
2698 5289 3076 5350 translatione,
3127 5301 3356 5356 quorum
3407 5294 3461 5339 et

1891 5359 2068 5420 lectio,
2110 5370 2163 5414 et
2202 5359 2466 5412 sententia
2519 5359 2743 5414 incerta.
2822 5359 3128 5427 Legendum
3187 5359 3455 5419 fortasse,

1887 5430 2228 5500 ἐγνωσμένον
2265 5427 2420 5480 τοῦτο
2458 5427 2710 5500 ποιῷνίὲξ
2750 5428 2945 5500 ἔργων.

1960 5494 2080 5568 (21)
2109 5497 2228 5553 Non
2258 5499 2518 5568 judicaoi.
2563 5498 2584 5552 l
2615 5499 2741 5554 Cor.
2775 5494 2836 5564 it,
2867 5499 2923 5564 2,
2965 5498 3052 5553 ubi
3084 5497 3270 5554 Graeca
3295 5494 3462 5552 editio

1889 5566 2087 5623 habet:
2114 5571 2172 5638 οὐ
2213 5566 2321 5636 γὰρ
2343 5566 2552 5638 ἔκρινα.

1969 5639 2070 5703 [‘22)
2105 5637 2344 5690 Justitta.
2401 5637 2557 5692 Rom.
2603 5653 2686 5703 Ill,
2715 5638 2801 5692 22.

1981 5709 2069 5777 25)
2125 5709 2378 5762 Scietttes.
2426 5707 2602 5762 Galat.
2662 5726 2721 5769 ιι.
2783 5709 2869 5772 l6,
2914 5708 3005 5763 tibi
3060 5708 3244 5762 Graeca
3296 5703 3464 5777 editio

1891 5774 2095 5832 habet:
2135 5778 2225 5849 Et;
2263 5778 2494 5849 Χριστὸν
2522 5777 2773 5849 ΑἸησοῦν.
2827 5779 2890 5832 Et
2919 5779 3075 5846 paulo
3118 5787 3237 5849 post
3265 5794 3278 5828 :
3310 5774 3454 5830 Διῦτι

1886 5849 1948 5902 οὐ
1975 5847 2392 5920 δικαιωθήσεται
2424 5848 2483 5912 ἐξ
2506 5847 2682 5919 ἔργων
2711 5849 2874 5919 νόμον
2900 5850 3048 5901 πᾶσα
3076 5847 3231 5918 σάρξ.
