3970 6406
259 419 370 476 2ἷῖ

1384 432 1473 488 DE
1513 431 1886 490 TRINITATE
1923 434 2126 490 LIBER
2164 434 2446 494 PRIMUS.

3427 436 3550 495 27$
3593 384 3597 388 ί

259 546 323 597 τὸ
370 540 477 596 ὑπὸ
506 541 605 598 τοῦ
649 546 898 617 μείζονος
937 551 1029 604 καὶ
1066 553 1092 605 ὲ
1135 591 1148 605 .
1195 594 1208 607 .
1250 569 1363 622 mm
1382 571 1459 624 με
1492 574 1564 610 ου
1603 555 1842 628 παρτιιφέ¹

1961 558 2032 612 sit
2062 558 2153 628 qui
2193 557 2419 626 gloriam
2445 556 2491 612 ei
2521 557 2745 629 reddat)
2785 570 2886 626 qua
2938 556 3004 610 de
3063 571 3225 612 causa
3272 557 3383 631 (39.)
3430 575 3538 617 non

266 635 491 708 ρεσθαι’
540 639 735 712 (εἴπερ
767 643 892 695 κατ’
938 644 1132 708 αὑτοὺς
1169 645 1373 715 μείζων
1405 647 1498 700 τοῦ
1547 647 1676 701 ἰδίου
1724 648 1854 702 Υἱοῦ

261 729 438 797 Λόγου
479 731 508 783 δ
538 731 732 804 Πατὴρ
751 733 792 804 ),
851 736 1144 792 ἐϐάσκαινε
1177 743 1288 804 τοῖς
1344 741 1656 806 δοξάζουσιν
1696 743 1856 796 αὑτὸν

261 819 357 890 τὴν
390 819 457 872 δι’
499 821 700 875 ἑαυτοῦ
733 825 973 896 ποίησιν.
1009 829 1071 881 El
1102 828 1158 883 δὲ
1198 832 1290 884 καὶ
1325 833 1612 903 ὑπερηφαν
1661 875 1673 887 .
1718 875 1732 887 .
1781 877 1793 888 .
1838 876 1852 888 .

268 909 568 979 ἀδυναμίας
607 928 670 964 τε
702 913 818 984 ἄμα
857 917 1221 973 παντάπασιν
1264 919 1365 974 οὑκ
1407 919 1749 992 ἁτθήλλακται
1796 924 1858 978 τὸ

274 1000 362 1053 διὰ
392 1003 436 1032 ³⁸
470 1005 697 1073 μεσίτου
733 1025 926 1082 ποιειμ
963 1050 980 1067 .
1026 1051 1040 1064 .
1087 1050 1099 1064 .
1146 1049 1160 1064 .
1203 1051 1218 1066 .
1259 1012 1320 1065 τὸ
1349 1013 1730 1084 παραγόμενον
1762 1015 1855 1068 τοῦ

279 1091 612 1160 παράγοντος
657 1095 699 1126 ⁸⁷
727 1096 858 1151 αὑτὸ
892 1099 959 1153 δι’
1017 1101 1210 1155 ἑαυτοῦ
1247 1102 1395 1173 ἥπερ
1439 1103 1532 1157 τοῦ
1575 1104 1641 1158 δι’
1669 1106 1854 1176 ἑτέρου

276 1181 549 1248 ποιοῦντος
593 1186 815 1257 μείζονα
839 1190 940 1261 τὴν
962 1190 1117 1256 δόξαν
1137 1194 1384 1263 ἐκφαίνει
1400 1211 1415 1225 ο
1457 1194 1610 1249 οὑπω
1634 1196 1742 1268 γὰρ
1772 1197 1851 1263 ὃν,

273 1274 364 1327 τοῦ
407 1277 494 1330 ἀεὶ
543 1279 698 1346 δντος
730 1282 992 1354 νεύμασιν
1021 1275 1285 1340 ὑπακούει
1306 1328 1321 1350 ,
1356 1288 1452 1341 καὶ
1478 1290 1600 1343 ὅσον
1645 1290 1856 1344 οὐδέπω

267 1367 701 1441 διαπεραίνεται,
735 1377 828 1429 καὶ
860 1377 1034 1450 μέτρα
1065 1379 1110 1410 ²⁰
1143 1381 1489 1451 προσήκοντα
1531 1424 1545 1436 .
1592 1421 1607 1437 .
1653 1422 1668 1437 .
1710 1421 1725 1437 .
1762 1385 1854 1437 κα)¹

1961 649 2140 703 omnia
2180 664 2275 719 per
2299 648 2650 724 semetipsum
2683 649 2909 715 creavit,
2958 649 3052 703 sed
3093 663 3217 703 eum
3273 652 3540 720 quodam-

1961 744 2119 798 modo
2156 745 2267 812 (55)
2301 744 2544 816 piguitid
2570 744 2794 799 facere?
2843 742 2897 797 Si
2946 758 3075 798 vero
3126 745 3324 800 creatis
3380 745 3540 800 rebus

1959 834 2411 904 perhonoriﬁcum
2438 845 2519 889 est
2548 850 2576 886 a
2609 833 2794 901 majori
2849 832 2984 903 (54),
3012 844 3067 886 ει
3099 848 3127 885 a
3163 874 3177 886 .
3216 872 3232 888 .
3260 871 3276 887 .
3315 871 3330 887 .
3357 871 3373 886 .
3408 849 3538 903 pro-

1959 927 2211 991 duci,ac,
2267 943 2456 982 eorum
2522 927 2738 995 quidem
2784 926 3079 991 sententia,
3129 913 3347 994 proprio
3399 925 3543 983 Filio

1963 1015 2137 1073 Verbo
2161 1017 2330 1086 major
2352 1030 2433 1072 est
2457 1017 2615 1073 Pater
2640 1037 2662 1072 :*
2693 1019 2758 1073 iis
2787 1033 2938 1088 ergo,
2982 1033 3012 1071 a
3073 1002 3268 1088 quibus
3328 1018 3536 1088 gloriﬁ-

1959 1122 2136 1178 catur,
2168 1112 2497 1166 creationem
2541 1127 2638 1180 per
2692 1112 3041 1180 semetipsum
3092 1110 3287 1164 laetam
3345 1112 3538 1167 invidit

1961 1204 2074 1272 ipse
2101 1203 2280 1257 Pater.
2308 1205 2365 1258 Si
2397 1212 2575 1258 autem
2601 1218 2700 1258 nec
2734 1203 3026 1272 superbiae,
3062 1217 3238 1272 neque
3273 1187 3537 1271 impoten-

1961 1297 2045 1352 tia:
2071 1297 2115 1350 is
2149 1297 2371 1352 omnino
2422 1311 2619 1363 expers
2663 1305 2786 1353 est:
2836 1295 2976 1364 quod
3025 1309 3128 1362 .per
3185 1295 3534 1349 mediatorem

1960 1428 1975 1443 .
2004 1428 2018 1442 .
2052 1431 2064 1443 .
2092 1428 2106 1443 .
2145 1428 2159 1442 .
2188 1389 2327 1458 quod
2357 1390 2691 1457 producitur,
2734 1388 2872 1454 ejus,
2901 1387 2991 1456 qui
3019 1386 3148 1439 illud
3207 1401 3303 1455 per
3362 1395 3538 1440 seruet.

264 1460 365 1512 οὐκ
404 1461 520 1532 ἔχει
563 1464 619 1517 ἐν
646 1483 757 1521 τινι
786 1468 847 1521 τὸ
877 1470 922 1501 ²¹
957 1471 1200 1526 ἐλλεῖπον
1243 1513 1263 1525 .-
1299 1510 1316 1527 .
1362 1514 1376 1527 .
1421 1513 1434 1526 .
1484 1513 1496 1526 .
1544 1515 1556 1528 .
1599 1476 1842 1547 περήφα-

1959 1481 2073 1549 ipse
2095 1481 2545 1551 producil,quam
2577 1481 2714 1548 ejus,
2784 1481 2872 1548 qui
2938 1494 3032 1549 per
3087 1478 3317 1534 alterum
3365 1477 3536 1542 facit;-

262 1569 351 1617 νος
402 1556 567 1624 μόνον
592 1560 635 1590 ³³
669 1561 906 1633 ὁὺπερη
947 1597 963 1617 .
1008 1601 1024 1616 .
1068 1605 1084 1622 .
1129 1603 1143 1619 .
1190 1601 1206 1620 .
1251 1606 1266 1620 .
1308 1602 1324 1618 .
1369 1603 1383 1619 .
1417 1565 1658 1637 ἀλλ’ἤδη
1690 1569 1783 1620 καὶ
1810 1568 1842 1598 τε

1960 1571 2219 1638 majorem
2253 1571 2480 1640 gloriam
2507 1571 2712 1624 exserit
2742 1588 2754 1623 :
2787 1585 2908 1623 cum
2958 1570 3104 1624 enim
3165 1569 3402 1624 nondum
3452 1568 3530 1631 lit,

259 1648 433 1701 ταὺτὸ
473 1689 488 1703 .
534 1690 549 1703 .
595 1693 609 1706 .
651 1689 668 1705 .
713 1693 727 1708 .
769 1693 783 1706 .
829 1694 844 1709 .
889 1693 905 1708 .
948 1695 964 1710 .
1009 1696 1023 1710 .
1067 1695 1082 1710 .
1139 1673 1156 1709 ι
1200 1656 1436 1729 δειχθείη
1470 1658 1646 1712 πάντα
1677 1659 1775 1712 ὅσα
1810 1659 1842 1691 ²¹

1959 1663 2101 1716 illius
2134 1663 2356 1716 nutibus
2380 1672 2531 1731 paret
2558 1703 2574 1726 ,
2611 1661 2700 1731 qui
2736 1676 2950 1730 semper
2980 1661 3212 1723 exsistit,
3237 1669 3306 1732 et
3343 1661 3530 1716 statim

261 1740 1842 1828 ἂν...........ουσίανκαὶάπ....ρ.1

1959 1753 2256 1823 perlicitur,
2299 1763 2351 1807 ει
2373 1753 2758 1807 convenientes
2783 1753 2944 1806 habet
2997 1767 3300 1817 mensuras,
3361 1765 3533 1818 neque

263 1833 1409 1913 μ..”τ...........αρῷ
1461 1841 1842 1915 τεθνηκότι·¹⁴

1959 1844 2066 1898 ulla
2095 1848 2145 1899 in
2184 1860 2241 1900 re
2274 1845 2453 1899 delicit
2478 1883 2494 1898 .
2531 1885 2545 1898 .
2585 1884 2600 1899 .
2635 1884 2650 1898 .
2684 1844 2950 1912 superbus
2982 1852 3184 1897 tantum
3219 1883 3232 1896 .
3261 1879 3277 1895 .
3313 1880 3328 1894 .
3359 1881 3374 1894 .
3437 1841 3530 1896 sed

259 1925 1113 1995 Δεῦρ............
1175 1934 1433 2004 ἄλλῳο²⁷
1487 1935 1842 2005 Ἀφέονται.

1951 1936 2053 2005 jam
2081 1948 2180 1992 et.
2214 1978 2226 1990 .
2259 1977 2271 1990 .
2309 1975 2323 1990 .
2374 1937 2554 1992 omnia
2616 1951 2952 2005 quacunque
3009 1973 3024 1988 .
3067 1973 3080 1986 .
3108 1971 3124 1988 .
3172 1973 3185 1987 .
3237 1934 3533 1988 auctorita-

264 2058 281 2070 .
322 2057 342 2072 .
389 2060 404 2075 .
451 2060 469 2076 .
508 2061 521 2074 .
569 2061 584 2076 .
627 2061 644 2077 .
689 2065 702 2078 .
750 2064 764 2079 .
809 2065 824 2080 .
866 2064 880 2078 .
922 2025 1624 2091 έπιτάσσων²⁸.Ἕξε.λθε.
1667 2070 1681 2084 .
1721 2066 1736 2082 .
1775 2068 1842 2087 ..

1954 2043 2083 2094 tem,
2108 2039 2203 2082 ει.
2247 2065 2263 2081 .
2296 2067 2313 2081 .
2344 2066 2357 2080 .
2391 2065 2405 2080 .
2440 2069 2453 2082 .
2477 2065 2492 2081 .
2520 2027 2731 2080 Lazaro
2769 2036 2979 2078 mortuo
3014 2043 3026 2078 :
3073 2023 3201 2078 Veni
3226 2021 3337 2092 (55)
3360 2025 3528 2093 ‘foras

265 2152 282 2167 .
325 2152 341 2166 .
385 2153 403 2168 .
447 2153 462 2168 .
511 2154 527 2170 .
567 2156 581 2168 .
624 2156 638 2170 .
684 2157 697 2170 .
745 2156 761 2171 .
804 2159 820 2172 .
857 2122 1028 2172 ποιεῖν
1064 2119 1131 2173 δι’
1158 2119 1356 2174 ἄλλου·
1391 2104 1555 2192 [5a]
1592 2120 1732 2175 κατὰ
1760 2122 1842 2175 τὸν

1951 2157 1966 2173 .
2008 2157 2023 2172 .
2052 2161 2068 2177 .
2101 2107 2125 2172 .’
2155 2160 2169 2172 .
2211 2157 2224 2172 .
2266 2155 2282 2171 .
2316 2159 2330 2173 .
2361 2159 2374 2171 .
2403 2162 2418 2175 .
2451 2119 2603 2172 alteri
2634 2136 2647 2172 :
2679 2119 3034 2171 Dimittuntur
3059 2116 3168 2187 (56)
3207 2117 3296 2170 tibi
3347 2132 3530 2185 pecca-

261 2203 494 2258 ῑιιείνων
540 2205 664 2261 νοῦν
693 2208 934 2262 δείκνυσι
971 2211 1060 2264 τὸν
1094 2211 1192 2282 μὲν
1225 2211 1356 2266 Θεὸν
1393 2211 1631 2284 Πατέρα,
1681 2207 1742 2266 οὑ
1795 2216 1842 2267 αἱ

1951 2222 2094 2266 ta..
2141 2213 2644 2281 ...prmcipieus:
2702 2211 2806 2264 Exi
2859 2197 3522 2281 (57)...........

261 2300 481 2368 νοήσεις
513 2303 760 2371 ποιήσεις
809 2305 980 2369 εἰσὶν,
1013 2304 1088 2375 μὴ
1141 2303 1400 2359 δύνασθαι
1443 2305 1509 2360 δι’
1558 2305 1750 2360 ἑαυτοῦ
1789 2307 1850 2360 τὸ

262 2392 369 2442 πᾶν
398 2391 768 2464 διαπεραίνειν
796 2395 919 2466 δίχα
945 2396 1044 2466 τῆς
1072 2397 1393 2468 ἐπικουρίας
1421 2398 1628 2451 ἐκείνου
1658 2398 1752 2451 τοῦ
1782 2399 1849 2452 δι’

261 2472 320 2532 οὗ
349 2480 381 2549 ἢ
410 2483 468 2533 ὲν
573 2486 750 2535 ποιεῖ’
782 2484 871 2536 τὸν
901 2484 956 2537 δέ
981 2503 1042 2554 γε
1073 2485 1223 2553 Υίὸν,
1258 2485 1332 2550 ὥς
1360 2504 1414 2539 τι
1452 2485 1655 2557 ἄψυχον
1683 2487 1846 2558 ὄργα-

259 2589 378 2624 νονο
432 2572 553 2636 πῶς
608 2575 670 2627 οὑ
729 2575 872 2646 μέγα
929 2562 1304 2648 προσπτύσας,
1361 2578 1456 2635 καὶ
1515 2578 1612 2642 τὰς
1662 2583 1845 2652 χεῖρας

261 2666 463 2730 ὑπτίας
508 2668 745 2732 ἀντιθεὶς
790 2672 909 2733 ταῖς
951 2671 1150 2724 οὑτωσὶ
1203 2670 1423 2742 ἀγρίαις
1474 2670 1842 2741 δὐσφημίαις,

260 2759 635 2829 ἀναχωρήσει,
669 2760 858 2825 δεδιὼς
916 2763 989 2834 μὴ
1029 2763 1282 2826 ὑπόδικος
1307 2763 1532 2834 γένηται
1571 2762 1665 2816 τοῦ
1701 2763 1843 2817 θείου

257 2848 639 2922 δλιαστηρίου,
674 2853 768 2906 καὶ
803 2853 974 2923 ἀκοῆς
1004 2854 1370 2926 ἀπροαιρέτου
1404 2854 1596 2924 χάριν;

1947 2303 2129 2359 facere
2179 2319 2274 2374 per
2305 2305 2468 2358 alium
2520 2324 2532 2358 :
2580 2305 2731 2373 juxta
2787 2320 2971 2360 eorum
3028 2301 3525 2372 interpretationem

1944 2380 2219 2462 ostendit,
2241 2397 2405 2450 Deum
2435 2398 2650 2466 quidem
2684 2397 2921 2459 Patrem,
2949 2397 3032 2450 cui
3067 2390 3307 2465 cogitare
3329 2401 3411 2448 est
3441 2393 3524 2446 la-

1936 2480 2068 2542 cere
2099 2489 2232 2559 (58),
2260 2503 2364 2543 non
2388 2489 2888 2559 possc’universum
2913 2503 3012 2559 per
3039 2487 3387 2555 semetipsum
3405 2499 3527 2554 per-

1945 2581 2107 2636 ﬁcere
2129 2582 2244 2635 sine
2276 2581 2418 2637 illius
2446 2597 2570 2651 ope,
2597 2596 2694 2650 per
2721 2582 2777 2652 6
2823 2596 3007 2652 quem,
3044 2589 3136 2634 aut
3163 2579 3216 2642 in
3239 2594 3345 2647 quo
3397 2592 3528 2647 ope-

1945 2684 2138 2728 ratur:
2191 2672 2386 2728 Filium
2448 2689 2575 2729 vero
2636 2674 2799 2728 veluti
2862 2673 3127 2744 quoddam
3174 2671 3520 2726 inanimatum

1944 2767 2361 2822 instrumentum
2413 2783 2532 2822 esse
2581 2787 2593 2821 :
2645 2768 2915 2838 quomodo
2971 2765 3224 2820 recedere
3272 2764 3517 2834 poterit,

1943 2859 2074 2928 quin
2104 2859 2216 2912 haec
2252 2874 2575 2926 magnopere
2606 2868 2935 2922 contemnat,
2994 2874 3057 2912 ac
3115 2856 3274 2911 veluti
3326 2857 3522 2911 remis-

256 2955 348 2994 sas
378 2958 573 2997 manus
601 2945 711 3015 (59)
737 2955 920 3002 tenere
967 2948 1202 3012 desinat,
1266 2962 1364 3002 uec
1438 2962 1556 3002 sese
1619 2958 1726 3002 tam
1787 2949 2111 3008 immanibus
2163 2953 2512 3023 blasphemiis
2573 2951 2686 3022 (40)
2717 2962 2993 3022 opponat,
3047 2965 3233 3031 neque
3273 2959 3524 3005 vereatur

257 3048 329 3088 ne
366 3033 421 3088 in
452 3035 634 3091 divino
661 3037 915 3092 tribunali
945 3054 1070 3093 reus
1105 3039 1198 3092 iiut
1223 3039 1305 3094 vel
1327 3054 1393 3093 ex
1426 3055 1492 3094 eo
1546 3042 1689 3110 quod
1758 3042 2118 3100 iuvoluutarie
2149 3047 2262 3100 haec
2283 3044 2550 3099 audiverit
2574 3042 2689 3113 (ιιι)
2716 3043 2738 3096 ?

922 3129 1079 3183 ΚΕΦ.
1115 3128 1192 3184 Θθ.

257 3216 404 3286 Περὶ
429 3212 517 3295 ὧν
542 3216 832 3295 ,ζέζουςιν
854 3222 1161 3295 αἱρετικοζς
1190 3221 1326 3275 Ilo-te
1355 3225 1382 3277 ὁ
1407 3223 1533 3287 Υίδς
1553 3224 1836 3295 ἐγεννήθη,

404 3288 502 3342 καὶ
525 3287 587 3340 τὺ
616 3289 838 3361 Πνεῦμα
869 3290 1234 3362 ἐξεπορεύθη;
1272 3295 1369 3346 καὶ
1396 3295 1467 3348 τὰ
1493 3287 1696 3348 latini.

333 3374 623 3428 Τοσούτων
650 3376 828 3431 τοίνυν
855 3380 950 3432 καὶ
981 3378 1123 3433 οὕτω
1166 3381 1350 3451 σαφῶν
1387 3383 1712 3450 ἀποδείξεων
1746 3386 1839 3438 οὑ-

261 3465 393 3518 σῶν·
427 3468 521 3521 καὶ
553 3468 653 3540 τῆς
672 3470 893 3542 Γραφῆς
923 3472 1294 3552 παραινούσης
1319 3475 1618 3542 ποικίλαις
1634 3477 1731 3530 καὶ
1756 3476 1844 3539 ξέ-

333 3580 448 3648 (32)
478 3581 597 3659 Qua
625 3584 702 3659 _rl_e
748 3601 930 3639 causa.
971 3585 1133 3658 Lege,
1196 3588 1239 3642 si
1277 3588 1450 3658 magis
1492 3588 1688 3659 placet,
1733 3589 1849 3643 ἀνθ’

256 3652 401 3706 ὅτου.
434 3667 529 3718 pro
551 3653 794 3710 ἀνθότου.

332 3723 449 3793 (55)
512 3722 939 3789 Quodammodo.
983 3727 1126 3800 Lege
1172 3723 1283 3784 οἷον
1319 3731 1507 3796 εἴπως,
1544 3731 1629 3786 vel
1657 3731 1843 3784 οἱονεί-

257 3811 397 3848 παυς.

333 3863 521 3940 {54);}
574 3867 793 3940 majori.
818 3868 901 3940 _ln
952 3868 1138 3925 Graeco
1167 3870 1447 3940 legendum
1485 3869 1710 3927 fortasse
1738 3872 1842 3925 ὑπὸ

256 3933 632 4012 τοῦ-μείζονος
656 3933 751 4012 καὶ
781 3938 1137 4012 ἐξῃρημένον.

327 4005 449 4075 (55)
495 4004 647 4075 γρηὶ.
681 4004 1061 4073 Joan."x't,"45.
1338 4035 1342 4039 τ

330 4074 458 4152 (ὅθ).
479 4074 851 4152 Dimittuntur.
877 4079 1064 4135 Matth.
1090 4095 1165 4145 Ix,
1189 4082 1238 4134 ’2
1269 4089 1322 4135 ει
1435 4081 1596 4152 Lego,
1631 4082 1841 4150 ἀφέων-

264 4163 375 4212 ται,
406 4147 458 4198 id
507 4156 612 4212 est,
661 4149 880 4202 dimissa
931 4161 1070 4215 sunt,
1113 4153 1246 4214 sive,
1284 4147 1534 4206 utvertit'
1564 4147 1838 4218 Vulgatus,

264 4217 629 4290 dimittuntur.
681 4218 972 4289 Segmento
1020 4237 1234 4290 quoque
1282 4222 1343 4274 51
1378 4240 1430 4275 a.
1462 4221 1626 4275 codex
1661 4225 1848 4288 habet,

258 4287 552 4360 ἀσέονται.Δ
570 4287 640 4360 At
671 4287 838 4360 segni.
861 4290 929 4346 59
954 4308 1005 4351 a.
1040 4287 1336 4360 ἀφέωνται.

331 4356 444 4427 (57)
504 4356 631 4411 Exi.
683 4356 939 4414 Fertasse
992 4356 1385 4416 hic'citahatur
1423 4361 1548 4414 illud
1607 4360 1771 4417 Marc.
1802 4380 1837 4425 ι,

259 4425 354 4490 25,
400 4425 500 4498 tibi
561 4427 721 4483 Jesns
770 4431 978 4493 spiritui
1023 4432 1299 4485 immundo
1349 4433 1424 4485 ait
1481 4448 1493 4482 :
1537 4431 1754 4498 Ἔξελθε
1784 4434 1842 4498 ἐξ

260 4497 446 4568 αὑτοῦ,
486 4498 527 4568 1.
553 4515 605 4555 e.
646 4500 750 4552 Exi
775 4502 838 4551 ab
871 4502 1004 4568 ipso.

331 4567 444 4641 (58)
474 4566 574 4621 Est
599 4569 792 4641 facere.
839 4566 1076 4641 Respicit
1110 4572 1340 4627 fortasse
1374 4571 1500 4626 illud
1547 4572 1836 4640 Geneseos,

262 4621 481 4714 ρειαί..
533 4621 1838 4714 .._'tua...'.;;f'ii:.;;...;;.;as’nmargin};
1873 4621 1914 4673 υ

262 4708 525 4762 Joannem
557 4709 1066 4782 :lerosolymitanum
1103 4708 1313 4782 :Ctijus
1348 4712 1494 4773 velle,
1523 4714 1712 4780 inquit,
1761 4716 1840 4782 fe-

261 4783 387 4832 cisse
415 4789 516 4832 est.
545 4779 792 4834 Clemens
819 4779 1292 4837 Alexandritms'in
1315 4779 1636 4848 Protreptic’o
1667 4799 1683 4836 :
1708 4779 1837 4838 Sbla

260 4854 368 4918 ejus
407 4851 651 4903 voluntas
678 4861 751 4903 est
795 4855 975 4905 mundi
1004 4855 1220 4907 creatio.
1259 4853 1538 4920 Similique
1573 4857 1726 4906 modo
1756 4856 1836 4908 lo-

262 4930 500 4992 quuntur
555 4921 668 4973 fere
693 4927 1107 4992 omnessancti
1166 4923 1371 4992 Patres.
1432 4922 1568 4988 Quin
1625 4925 1836 4978 Aristo-

263 4991 470 5064 phanes
500 5005 744 5064 quoque
784 4991 1079 5064 :‘Ati‘latat
1129 4993 1238 5064 γὰρ
1304 4991 1415 5045 ἴσον
1469 4992 1546 5062 τῷ
1590 4993 1720 5064 δρᾷν
1776 4994 1837 5048 τὸ

262 5063 413 5132 νσεζν,
459 5061 624 5132 id_est
657 5080 672 5114 :
704 5059 968 5130 Cogilare,
990 5059 1227 5132 etfacere
1261 5075 1377 5116 sunt
1400 5059 1556 5116 idem.

327 5131 442 5205 (59)
511 5128 1151 5205 Βετηὶεεαείηιιιηαεζὴι
1214 5133 1433 5195 Graeco,
1491 5133 1590 5196 τὰς
1646 5136 1834 5205 χεῖζοας

264 5200 480 5264 ὑπτίας·
515 5216 635 5267 quae
663 5203 856 5272 locutio
895 5204 1156 5272 ignaviam
1191 5206 1431 5266 denotat,
1463 5213 1517 5256 et
1551 5200 1835 5272 :uquivalet

263 5272 354 5342 illi,
417 5285 546 5339 qua:
601 5272 654 5324 in
711 5270 931 5326 Graecis
971 5273 1157 5327 Bibliis
1213 5275 1409 5339 smpius
1469 5270 1681 5342 legitur,
1745 5276 1833 5329 ubi

261 5341 517 5394 dicuntur
545 5357 735 5394 manus
760 5342 1049 5409 dissolutae,
1092 5346 1223 5408 sive,
1275 5352 1434 5397 utest
1468 5341 1604 5410 apud
1643 5342 1832 5397 Isaiam

263 5413 513 5483 sua},
551 5414 732 5483 χεῖρες
763 5413 1064 5483 ἁνειμέναι.
1117 5413 1353 5479 Respicit
1395 5414 1626 5467 fortasse
1670 5415 1833 5483 Didy-

262 5496 385 5554 mus
424 5481 581 5535 illud
611 5481 730 5537 Jobi
779 5499 852 5544 XI,
888 5481 993 5538 1'5:
1048 5483 1328 5548 ὑπτιὰζεις
1368 5483 1424 5536 δὲ
1461 5486 1647 5554 χεῖρας
1701 5481 1836 5554 πρὸς

261 5551 441 5624 αὐτόν,
485 5555 630 5619 quod
679 5564 854 5606 tamen
888 5556 938 5607 in
976 5555 1204 5624 Vulgata
1236 5555 1316 5609 sic
1346 5569 1404 5608 se
1430 5551 1588 5607 habet
1617 5570 1631 5605 :
1669 5567 1714 5607 et
1745 5551 1836 5606 e2:-

264 5623 470 5674 tendisti
504 5636 572 5673 aa
601 5638 723 5674 eum
754 5639 938 5678 manus
963 5623 1100 5678 tuas.

333 5692 445 5764 (ω)
489 5692 860 5764 Blasphemiis.
889 5694 939 5746 In
972 5694 1178 5760 Graeco,
1208 5693 1556 5764 δυσφημίαις.
1589 5692 1711 5764 _Vox
1735 5710 1833 5747 au-

267 5766 371 5813 tem
407 5763 780 5834 δυσφημίαὶπ
819 5766 990 5818 sacris
1038 5765 1209 5829 libris,
1244 5762 1329 5819 ac
1352 5762 1555 5819 Graecis
1589 5762 1834 5819 Patribus

268 5843 406 5898 saepe
427 5833 799 5899 blasphemiam
826 5835 988 5898 valet,
1015 5851 1120 5890 non
1167 5851 1294 5889 vero
1320 5834 1634 5900 simpliciter
1663 5836 1834 5890 convi-

273 5911 430 5971 σιω,
483 5913 577 5958 aut
629 5905 757 5976 quid
809 5905 1002 5962 simile.
1053 5905 1126 5962 lta
1183 5905 1275 5961 lib.
1335 5906 1356 5959 Ι
1407 5903 1653 5961 Machab.
1740 5922 1831 5971 vn,

2591 3133 2744 3190 CAP.
2777 3132 2868 3189 1X.

1945 3228 2024 3282 De
2048 3243 2131 3288 eo,
2161 3226 2297 3296 quod
2333 3227 2511 3279 dicunt
2541 3226 2810 3280 haeretici:
2839 3224 3187 3296 Quanuonam
3213 3220 3324 3293 (42)
3352 3221 3519 3279 Filius

2036 3294 2249 3366 genitus
2277 3295 2397 3360 fuit,
2428 3307 2481 3351 et
2508 3296 2745 3366 Spiritus
2778 3295 3040 3364 processit
3067 3294 3089 3346 ?
3115 3303 3162 3347 et
3186 3306 3393 3347 caetera.

2019 3389 2192 3455 Quum
2219 3401 2347 3456 ergo
2395 3395 2502 3440 tam
2565 3387 2730 3440 multa
2783 3385 3176 3453 sint,,’tamque
3235 3383 3518 3438 manifesta

1950 3489 2265 3549 argumenta
2298 3478 2439 3551 (43):
2470 3479 2749 3549 Scriptura
2780 3493 2906 3532 vero
2938 3486 3154 3532 moneat
3187 3475 3299 3546 (Μ)
3333 3491 3399 3531 ue
3426 3493 3517 3531 va-

1954 3590 2059 3656 58,
2111 3591 2198 3646 ubi
2247 3591 2481 3662 legitur:
2535 3589 2800 3662 μνήσθητι
2857 3591 2964 3644 τῶν
3035 3591 3353 3662 δυσφημιῶν
3408 3593 3518 3644 αὑ-

1951 3662 2081 3727 τῶν,
2116 3661 2598 3730 τεειείνιιΙεειιιε
2650 3661 2919 3729 interpres
2972 3661 3204 3715 vertit:
3261 3673 3516 3715 memento

1949 3731 2294 3795 blasphemias
2310 3747 2508 3784 eorum.
2535 3730 2652 3796 Quo
2686 3732 2840 3785 modo
2864 3732 3310 3785 transtulitetiam
3341 3731 3430 3784 lib.
3470 3730 3516 3785 ll

1946 3801 2121 3856 Mach.
2163 3816 2285 3872 xnt,
2314 3800 2522 3855 H.Sed
2549 3815 2666 3870 cap.
2689 3816 2914 3872 rtvvers.
2945 3801 3033 3865 52,
3052 3801 3150 3872 ubi
3178 3800 3395 3869 legitur:
3415 3800 3517 3872 τὴν

1941 3874 2098 3942 χεῖρα
2157 3871 2250 3924 τοῦ
2294 3871 2626 3942 νδυσφήμου,
2675 3871 2932 3942 γυΙςειιιε
2977 3871 3188 3942 habet:
3235 3886 3391 3942 manu
3420 3871 3516 3925 ne-

1942 3940 2120 4010 faria;
2147 3953 2229 4007 at,
2259 3941 2302 3994 si
2341 3940 2562 3995 verbum
2590 3940 2752 3994 verbo
2787 3941 3007 3998 reddere
3046 3940 3218 4005 malis,
3255 3940 3385 3994 verti
3421 3956 3516 4006 p0-

1940 4020 2044 4066 test
2072 4029 2088 4068 :
2119 4011 2406 4070 blasphemi
2435 4010 2656 4064 hominis
2691 4019 2849 4063 manu
2875 4028 2892 4063 :
2925 4012 3064 4079 quod
3102 4021 3279 4065 tamen
3325 4011 3513 4065 eodem

1939 4082 2149 4152 recidit.
2178 4082 2385 4152 Didymi
2416 4083 2609 4142 nostri,
2643 4081 2780 4152 apud
2809 4080 3064 4134 Joannem
3100 4080 3514 4152 Damascenum,

1940 4153 1994 4205 in
2032 4151 2335 4217 Parallelis,
2368 4168 2484 4221 pag.
2510 4152 2634 4216 379,
2665 4151 2892 4204 similem
2943 4152 3053 4221 fere
3099 4151 3264 4204 hahes
3298 4163 3514 4221 senten-

1945 4223 2070 4274 tiam
2111 4241 2128 4292 7:
2167 4219 2457 4278 Κίνδυνονζ
2509 4221 2698 4290 inquit,
2741 4221 2894 4292 φέρει
2925 4220 3181 4282 πολλάκις
3218 4221 3284 4292 τὸν
3310 4219 3513 4291 δυσφή-

1946 4309 2077 4362 μους
2108 4291 2294 4361 λόγους
2325 4292 2561 4356 ἀκούειν,
2603 4307 2720 4360 qua:
2750 4291 2906 4344 verba
2940 4293 3016 4345 sic
3046 4291 3316 4362 transtulit
3341 4292 3510 4345 intero-

1941 4359 2065 4430 pres
2095 4380 2108 4414 :
2169 4359 2472 4415 Periculum
2507 4359 2642 4430 sirpe
2696 4361 2845 4429 a/fert
2882 4365 3053 4428 turpia
3101 4359 3254 4413 verba
3289 4362 3512 4424 audire;

1941 4433 2032 4486 sed
2059 4431 2235 4484 malim
2271 4451 2282 4484 :
2317 4432 2639 4500 blasphemas
2665 4447 2923 4484 sermones
2960 4432 3162 4482 audire.

2015 4501 2130 4574 (ιι)
2191 4504 2475 4574 Audiverit.
2541 4500 2803 4574 Nimirum
2875 4503 3013 4553 inter
3068 4502 3338 4574 actiones,
3390 4515 3511 4574 quae

1942 4569 2068 4625 olim
2121 4573 2170 4624 in
2224 4572 2429 4638 judicio
2466 4571 2900 4640 intendebantur,
2941 4577 3058 4623 erat
3098 4569 3287 4640 τέρψις
3318 4572 3507 4640 ἀκοῆς,

1946 4642 1994 4693 id
2023 4651 2128 4704 est,
2159 4641 2435 4695 delectatio
2466 4641 2700 4694 auditus.
2745 4639 2875 4692 Eum
2909 4654 3110 4693 morem
3150 4639 3384 4707 respexit
3425 4639 3510 4696 hic

1943 4711 2168 4765 fortasse
2222 4713 2500 4780 theologus
2553 4721 2780 4764 noster:
2819 4711 2922 4780 qui
2970 4710 3012 4763 si
3067 4712 3240 4762 vereri
3275 4711 3506 4773 videtur,

1943 4798 2008 4834 ne
2043 4784 2086 4834 is
2129 4796 2156 4834 a
2189 4783 2294 4835 Deo
2336 4779 2604 4850 puniatur.
2655 4780 2743 4849 qui
2779 4779 3138 4845 blusphemius
3200 4781 3508 4848 imprudens

1942 4853 2109 4911 audit,
2130 4852 2254 4918 quid
2282 4856 2346 4906 de
2378 4852 2479 4906 illis
2505 4850 3216 4904 adolescentibusdicturum
3236 4861 3506 4917 putamus,

1941 4924 2028 4990 qui
2060 4937 2219 4990 opera
2252 4925 2364 4975 sive
2401 4922 2795 4985 luereticomm,
2831 4919 3346 4990 siverimproborum
3389 4919 3506 4972 illo-

1941 4989 2056 5043 rum
2093 4989 2388 5051 homiuum,
2421 4993 2508 5060 qui
2547 5006 2663 5043 cum
2702 5005 2759 5042 se
2797 4989 3091 5042 catholicos
3120 4989 3288 5042 videri
3319 4992 3506 5051 velint,

1939 5061 2244 5115 Christiano
2279 5075 2454 5120 tamen
2493 5061 2708 5114 homine
2755 5062 2968 5124 indigna
3017 5060 3278 5124 scribunt,
3318 5075 3506 5128 pervo-

1941 5130 2112 5185 lutare
2142 5149 2245 5185 non
2274 5131 2562 5184 verentur?

2012 5200 2122 5271 (ii!)
2156 5201 2522 5266 Quandonam.
2554 5199 2714 5268 Lego,
2751 5201 2899 5253 πότε.

2011 5272 2121 5338 (45)
2169 5274 2500 5339 Argumenta.
2549 5271 2692 5333 Sive,
2746 5272 3058 5324 testimonia.
3109 5271 3335 5338 Ditlymo
3366 5271 3505 5324 enim

1938 5339 2228 5412 ἀπόδειξις,
2296 5339 2587 5411 μαρτυρία,
2659 5342 2902 5412 γραφικὴ
2955 5340 3245 5412 ἀπόδειξις,
3281 5340 3504 5412 Δπίστις,

1941 5411 2252 5479 κεφάλαιον,
2288 5407 2522 5479 ἐδάφων,
2559 5407 2990 5481 χωρίονξρητὺν,
3031 5412 3203 5481 ῥῆμα,
3233 5407 3397 5474 λέξις,
3423 5410 3503 5462 λό’

1939 5499 2054 5548 γος,
2113 5481 2358 5553 περιοχὴ,
2416 5479 3143 5552 γραφὴζίλόγιον,ίγραφίον,
3187 5495 3250 5534 ac
3289 5481 3332 5534 si
3379 5483 3504 5549 quid

1939 5553 2080 5606 aliud
2099 5562 2198 5615 est,
2229 5553 2370 5620 quod
2398 5553 2524 5605 mihi
2559 5556 2609 5605 in
2641 5567 2876 5621 praesens
2899 5567 3002 5605 non
3037 5560 3339 5617 succurrat,
3366 5566 3502 5672 saepe

3365 5637 3398 5672 ιι
3421 5637 3500 5672 em

3365 5637 3500 5674 lllClli

2011 5693 2124 5759 (44)
2187 5689 2420 5744 Maneat.
2474 5691 2638 5746 Hebr.
2695 5705 2817 5756 xm,
2865 5690 2918 5753 θ,
2987 5690 3073 5744 ubi
3138 5691 3324 5746 Graeca
3390 5691 3496 5743 edi-

1943 5764 2016 5816 tio
2071 5761 2231 5815 habet
2287 5763 2506 5832 verbum
2575 5760 2998 5832 περιφέρεσθαι,
3056 5763 3339 5832 quodest
3397 5761 3497 5832 cir-

1940 5832 2220 5902 cumferri;
2264 5833 2354 5883 sed
2412 5830 2664 5900 Didymus
2716 5831 2839 5898 legit
2900 5830 3333 5902 παραφέρεσθαι·
3398 5831 3495 5884 iure

1941 5912 1993 5959 et
2014 5901 2271 5970 Vulgatus
2302 5901 2587 5970 interpres,
2615 5918 2736 5957 cum
2774 5901 2992 5959 verterit
3018 5903 3224 5955 abduci.
