3970 6406
457 399 563 454 279

1708 402 1946 457 DIDYMI
1981 400 2456 457 ALEXANDRINI

3596 390 3704 444 280

457 535 549 572 σιιε
577 527 624 572 et
647 517 927 588 peregrinis
952 519 1199 574 doctrinis
1222 521 1567 588 abducamur,
1615 538 1791 593 neque
1842 540 2024 578 vocum
2054 549 2066 585 λ

2176 540 2257 587 21¢
2279 517 2548 587 διδαχαῖς
2562 515 2647 586 μὴ
2673 514 3123 582 παραφέρεσθαι,
3153 508 3370 580 φεύγειν
3398 506 3455 560 δὲ
3483 505 3588 571 τὰς
3609 524 3706 558 κε-

457 611 742 664 tnanitates
774 609 887 678 (45)
919 609 1187 679 fugiamus
1226 632 1239 666 :
1289 613 1603 667 heterodoxi
1642 629 1672 668 e
1729 613 2027 682 Scripturis

457 713 570 754 sua:
605 698 842 768 ipsorum
870 709 1031 754 sectae
1065 702 1314 770 dogmata
1345 703 1573 770 probare
1625 702 1943 770 nescientes,
1974 714 2028 758 et

462 802 714 860 tanquam
748 791 861 860 (46)
893 793 1029 846 ebrii
1055 808 1355 848 sermonem
1381 795 1638 850 habentes
1697 797 1763 850 de
1790 811 2030 864 unaqua-

459 897 565 951 que
596 897 654 936 re
677 883 780 936 hac
806 894 969 952 atque
991 883 1111 938 illac
1143 885 1302 938 veluti
1350 887 1610 953 jactatum
1663 897 1716 941 et
1768 887 2029 941 vacillan-

463 986 591 1038 tem,
623 975 770 1028 varia
819 975 1150 1043 sophismata
1175 975 1242 1030 ab
1267 977 1392 1046 ipsis
1421 978 1561 1032 malo
1603 979 1832 1032 artilicio
1882 993 2030 1032 com-

462 1066 682 1136 posita,
731 1077 786 1121 et
843 1066 933 1120 diu
986 1067 1320 1135 multumque
1383 1069 1639 1123 meditata
1705 1069 1970 1139 objiciunt
2015 1091 2028 1125 :

463 1157 758 1226 cujusmodi
784 1165 907 1211 sunt
937 1157 1077 1211 ista:
1121 1157 1306 1212 Nonne
1340 1174 1490 1226 ergo,
1528 1160 1796 1229 inquiunt,
1853 1160 2032 1214 omnia

467 1255 592 1300 sunt
620 1262 685 1300 ex
718 1246 864 1301 Deo?
899 1248 1102 1314 Quibus
1128 1249 1557 1314 respondendum
1603 1261 1682 1304 est
1714 1268 1731 1301 ι
1770 1251 1874 1304 Sed
1929 1266 2031 1304 non

467 1349 564 1403 per
601 1336 1088 1404 generationemmt
1141 1336 1344 1392 Filius:
1379 1353 1552 1406 neque
1599 1355 1694 1406 per
1736 1341 2035 1408 processio-

2133 613 2460 680 νοφωνίαςο
2506 611 2553 662 οἱ
2605 606 2896 678 ἑτερόδοξοι
2932 605 3193 673 συστῆσαι
3227 601 3334 655 ἀπὸ
3373 600 3600 669 Γραερῶν
3638 596 3710 651 τὰ

2133 707 2230 774 τῆς
2262 702 2556 774 θρησκείας
2599 701 2777 754 αὐτῶν
2806 696 3135 769 ἀποροῦντες
3157 733 3170 755 ,
3199 693 3292 746 καὶ
3317 693 3392 755 ὼς
3435 691 3500 744 ἂν
3529 691 3578 743 oi
3615 706 3712 756 με·

2136 796 2352 858 Θύοντες
2397 793 2523 863 τῇδε
2569 793 2789 845 κάκεῖσε
2822 790 2912 841 τὸν
2964 789 3048 856 ἐφ’
3080 787 3295 855 ἑκάστῳ
3338 783 3494 851 λόγον
3531 781 3712 851 διαρι-

2138 887 2439 956 πτούμενον
2459 884 2714 954 ἔχοντες,
2762 883 2992 953 διάφορα
3028 879 3337 948 σοφίσματα
3380 875 3713 942 συπαγέντα

2139 979 2322 1040 αὐτοῖς
2347 977 2690 1045 κακοτέχνως
2719 974 2810 1026 καὶ
2838 973 2979 1026 κατὰ
3008 971 3141 1023 πολὺ
3173 967 3532 1040 μελετηθέντα
3571 981 3712 1036 προ-

2137 1068 2439 1130 ϐάλλουσιν,
2474 1069 2530 1120 ὲν
2554 1060 2635 1129 οἷς
2664 1068 2777 1117 ἐστι
2810 1064 2978 1117 ταῦτα
3003 1080 3016 1092 ⁸
3045 1063 3126 1114 Τὰ
3155 1061 3441 1130 σύμπαντα
3468 1054 3580 1119 οὖν,
3610 1071 3717 1124 φη-

2140 1158 2242 1221 σὶν,
2278 1159 2377 1209 οὐκ
2414 1157 2558 1209 ἔστιν
2599 1159 2662 1208 ἐκ
2699 1156 2790 1209 τοῦ
2833 1153 2998 1219 Θεοῦς
3037 1149 3131 1216 Οἷς
3171 1151 3524 1223 ἀποκριτέον·
3569 1147 3716 1200 Ἀλλ’

2138 1249 2199 1299 οὐ
2230 1249 2522 1319 γεννητῶς,
2549 1247 2623 1310 ὡς
2662 1251 2689 1300 6
2721 1247 2845 1311 Υἱός
2868 1264 2880 1276 ·
2909 1247 3016 1300 οὐδ’
3044 1242 3466 1316 ὲκπορευτικῶς,
3500 1239 3647 1294 καθὰ
3666 1240 3711 1271 ¹¹

2139 1339 2200 1391 τὸ
2229 1339 2450 1410 Πνεῦμα
2478 1339 2570 1392 τοῦ
2595 1339 2730 1401 Θεοῦ
2756 1356 2766 1366 ⁸
2794 1339 2913 1392 οὐδὲ
2941 1338 3196 1391 τοιούτων
3225 1336 3370 1389 ἐστὶν
3396 1333 3716 1406 ἐνεργειῶν,

468 1441 612 1490 nem,
641 1435 697 1480 ut
751 1425 984 1497 Spiritus
1012 1426 1102 1480 Dei
1144 1445 1157 1479 :
1195 1443 1366 1497 neque
1426 1429 1551 1482 talia
1603 1441 1918 1498 operantur,
1946 1439 2036 1483 aut

2209 1430 2348 1484 οὕτω
2372 1431 2744 1502 περιϐλέπτων
2772 1433 2814 1460 ²²
2850 1429 3052 1500 ἠξιώθη
3084 1431 3414 1482 συστάσεων.
3458 1468 3471 1480 .
3517 1467 3530 1480 .
3579 1466 3592 1479 .
3639 1465 3650 1478 .
3698 1464 3713 1478 .

471 1528 580 1570 tam
606 1518 839 1572 illustres
865 1518 1215 1572 obtinuerunt
1254 1520 1722 1575 conﬁrmationes.
1752 1557 1768 1573 .
1807 1560 1820 1573 .
1857 1559 1870 1574 .
1900 1561 1914 1575 .
1947 1523 2037 1576 de-

2176 1514 2255 1570 ἱτσ
2283 1536 2295 1548 '
2341 1520 2476 1571 Πότε
2511 1515 2602 1571 οῦν
2635 1520 2663 1569 6
2717 1519 2839 1582 Υἱὸς
2871 1519 2916 1550 ’³
2951 1517 3212 1588 ἐγεννήθη
3256 1559 3269 1571 .
3314 1555 3327 1568 .
3373 1556 3386 1569 .
3432 1554 3444 1567 .
3484 1557 3500 1576 ,
3535 1554 3550 1569 .
3596 1557 3610 1568 .
3650 1555 3664 1568 .
3703 1532 3719 1578 ;

471 1602 595 1657 inde
619 1604 788 1656 aiunt:
818 1601 1171 1668 Quandonam
1200 1604 1370 1660 Filius
1394 1607 1606 1674 genitus
1659 1615 1762 1669 est,
1787 1617 1878 1660 aut
1913 1607 2037 1675 Spi-

2176 1607 2297 1673 ’ότε,
2328 1609 2416 1660 ὅτε
2445 1609 2473 1660 6
2516 1609 2704 1678 Πατὴρ
2734 1607 2779 1638 ’⁵
2818 1609 2917 1660 οὐκ
2948 1607 3230 1676 ἐγεννήθη.
3270 1607 3333 1658 Εἰ
3368 1605 3473 1676 γὰρ
3505 1605 3599 1657 κα)⁵
3638 1643 3652 1658 .
3696 1636 3718 1658 ο

398 1732 404 1741 .
472 1695 607 1748 ritus
656 1695 918 1761 processit
946 1695 1142 1749 iTunc
1172 1695 1412 1765 7quum
1451 1695 1615 1751 Pater
1661 1698 1875 1764 genitus
1933 1712 2036 1751 non

2201 1740 2214 1752 .
2257 1739 2270 1753 .
2310 1740 2325 1752 .
2368 1738 2382 1751 .
2426 1740 2439 1752 .
2479 1739 2492 1752 .
2530 1738 2545 1754 .
2590 1738 2604 1754 .
2643 1739 2656 1753 .
2696 1742 2710 1755 .
2761 1702 2877 1770 μετ’
2922 1699 3101 1760 αὐτὸν,
3137 1698 3230 1751 καὶ
3263 1698 3309 1729 ’⁸
3348 1697 3424 1759 ὡς
3462 1695 3725 1765 ἀθέμιτον

471 1784 574 1839 fuit
600 1785 733 1854 (Π).
769 1785 826 1839 Si
865 1787 1008 1840 enim
1071 1796 1125 1840 et
1148 1827 1160 1840 .
1191 1825 1206 1840 .
1239 1827 1252 1842 .
1282 1827 1295 1841 .
1328 1829 1340 1841 .
1368 1827 1382 1842 .
1409 1825 1426 1842 .
1466 1826 1479 1840 .
1505 1823 1521 1843 .
1568 1798 1688 1858 post
1733 1788 1930 1858 ipsum,
1987 1799 2040 1844 et

2176 1793 2458 1862 ὸζητεῖν.
3035 1790 3229 1861 γὰρέν
3271 1786 3723 1858 τόπῳ¹⁶ὲπειδὴ

472 1885 530 1930 ιιι
555 1874 638 1930 fas
688 1891 792 1930 non
835 1877 1234 1945 estiuquircre.
1276 1919 1290 1932 .
1332 1917 1346 1932 .
1375 1919 1388 1933 .
1420 1918 1433 1931 .
1472 1915 1488 1932 .
1530 1919 1544 1931 .
1592 1880 1735 1933 enim
1784 1897 1835 1934 tu
1889 1881 2043 1939 loco:

2176 1888 2766 1956 ιήτεπεριορ.....
2808 1881 3725 1954 .......ήσαςκα“ιὸ²⁷γεν-

472 1970 730 2034 quoniam
758 1983 950 2036 neque.
985 2007 1000 2024 .
1035 2007 1050 2021 .
1086 2008 1100 2021 .
1141 2008 1153 2020 .
1181 2007 1197 2020 .
1231 2008 1246 2023 .
1283 2007 1298 2022 .
1333 2007 1346 2021 .
1377 2009 1391 2023 .
1434 2010 1448 2025 .
1478 2009 1492 2022 .
1515 2009 1528 2022 .
1582 1971 1672 2039 qui
1727 1973 1929 2040 genuit,
1994 1984 2050 2029 et

2176 1978 2332 2047 ιηθεὶς
2377 1975 2552 2038 οὕτως
3523 1970 3725 2041 χρόνῳ.

473 2059 563 2128 qui
592 2069 879 2129 generatus
912 2067 1030 2127 est;
1067 2061 1137 2113 ita
1194 2075 1367 2130 neque
1392 2100 1406 2115 .
1458 2101 1472 2116 .
1507 2103 1520 2116 .
1556 2101 1572 2116 .
1599 2101 1613 2117 .
1653 2101 1666 2116 .
1693 2103 1707 2118 .
1744 2104 1758 2116 .
1785 2074 2047 2136 tempore:

2176 2069 2281 2132 θεὸς
2312 2069 2420 2139 γὰρ
2450 2066 2524 2120 ὢν
2555 2070 2600 2107 ’³
2632 2068 2660 2119 ὁ
2702 2066 2824 2128 Υἱὸς
2863 2065 2958 2118 καὶ
2992 2065 3180 2133 Λόγος,
3206 2063 3299 2116 τοῦ
3335 2101 3353 2116 .
3390 2103 3403 2116 .
3444 2105 3461 2122 .
3498 2099 3515 2117 .
3551 2103 3566 2115 .
3605 2100 3620 2115 .
3651 2099 3672 2118 .
3706 2102 3728 2120 .

475 2164 600 2204 cum
633 2149 781 2202 enim
814 2149 953 2202 Deus
982 2149 1050 2204 sit
1083 2149 1256 2205 Filius
1301 2159 1356 2206 et
1382 2151 1641 2208 Verbum.
1677 2193 1690 2206 .
1728 2195 1740 2208 .
1773 2194 1786 2207 .
1819 2193 1832 2208 .
1866 2194 1881 2208 .
1908 2194 1920 2206 .
1947 2195 1960 2207 .
1993 2197 2006 2209 .
2033 2194 2048 2209 .

479 2240 734 2296 similiter
762 2241 873 2313 (48)
909 2251 964 2297 et
994 2242 1252 2311 Spiritus.
1287 2285 1300 2298 .
1333 2281 1349 2296 .
1396 2284 1409 2296 .
1443 2285 1455 2297 .
1479 2285 1492 2299 .
1527 2285 1543 2300 .
1577 2286 1590 2301 .
1644 2245 1928 2313 Quomodo
1956 2264 2054 2302 au-

476 2340 612 2397 tem,
649 2334 919 2400 inquiunt,
953 2336 1165 2406 genitus
1193 2339 1322 2392 est?
1353 2338 1423 2392 At
1478 2340 1603 2406 hoc,
1631 2342 1732 2396 etsi
1795 2343 2052 2411 scriptum

480 2426 555 2480 sit
576 2424 644 2480 de
678 2425 817 2480 Filio
850 2427 1067 2496 quidem
1097 2446 1110 2482 :
1152 2429 1234 2482 Ea:
1263 2439 1409 2484 utero
1439 2430 1573 2502 (49).
1609 2441 1728 2484 ante
1753 2429 2055 2498 Luciferum

481 2519 634 2588 genui
665 2529 744 2581 te;
775 2520 840 2574 de
867 2519 1070 2588 Spiritu
1099 2531 1290 2576 sancto
1319 2531 1495 2577 autem
1515 2543 1528 2579 :
1547 2522 1773 2591 Spiritus
1801 2542 1833 2578 a
1860 2523 2054 2592 me(50)

480 2616 747 2678 procedit;
771 2621 825 2666 et
849 2611 1014 2666 David
1047 2613 1157 2682 (51)
1189 2614 1260 2666 ita
1284 2614 1499 2683 psallat:
1532 2613 1696 2670 Verbo
1713 2615 1926 2669 Domini
1943 2615 2056 2670 cadi

484 2699 679 2768 firmati
711 2711 852 2767 sunt,
885 2713 933 2756 et
958 2702 1147 2769 spiritu
1170 2705 1278 2758 oris
1312 2704 1425 2773 ejus
1475 2721 1650 2759 omnes
1697 2707 1912 2760 virtutes
1965 2724 2055 2760 eo-

487 2807 603 2844 rum
639 2791 786 2863 (53);
829 2803 884 2846 et
916 2793 1083 2849 Jobus
1107 2795 1271 2850 dicat:
1301 2795 1529 2863 Spiritus
1577 2799 1787 2852 divinus
1827 2799 1936 2868 (5'5)
1969 2801 2057 2866 qui

487 2883 612 2950 fecit
638 2898 737 2946 me,
761 2893 807 2936 et
841 2885 1001 2951 ﬂatus
1029 2881 1410 2954 Omnipotentis
1434 2887 1622 2941 docens
1643 2904 1760 2953 me;
1789 2899 1844 2942 et
1878 2890 2060 2943 Domi-

487 2987 595 3026 nus
620 2972 733 3040 ipse
761 2973 955 3028 doceat
981 2991 994 3026 :
1019 2972 1247 3042 Spiritus
1281 2978 1512 3031 veritatis
1546 2977 1679 3049 (54),
1729 2980 1870 3046 quia
1907 2979 2059 3034 Patre

489 3064 749 3131 procedit;
789 3081 852 3119 ac
897 3066 1097 3121 Paulus
1154 3067 1372 3122 demum
1438 3069 1644 3124 scribat
1699 3070 1833 3140 (55),
1884 3072 2058 3140 ipsum

491 3166 615 3206 esse
651 3152 916 3224 Spiritum
965 3155 1080 3218 Dei,
1130 3156 1272 3211 sicut
1321 3159 1634 3212 hominibus
1691 3168 1771 3212 est
1822 3161 2059 3229 ipsorum

2154 2201 2168 2214 .
2201 2199 2218 2214 .
2253 2202 2267 2216 .
2302 2201 2318 2213 .
2356 2199 2369 2212 .
2410 2198 2424 2213 .
2461 2201 2475 2216 .
2505 2176 2566 2212 το
2607 2159 2740 2212 ἀλλα
2783 2158 2876 2211 τοῦ
2910 2159 3080 2210 ποιεῖν
3114 2157 3157 2188 ³³
3205 2155 3463 2218 ὡσαύτως
3523 2155 3617 2207 καὶ
3659 2153 3732 2208 τὸ

2153 2251 2378 2322 Πνεῦμα
2421 2295 2434 2307 .
2476 2291 2490 2305 .
2535 2292 2548 2306 .
2595 2293 2607 2306 .
2647 2289 2660 2304 .
2707 2291 2722 2304 .
2757 2287 2772 2304 .
2811 2290 2824 2303 .
2867 2290 2880 2303 .
2912 2288 2928 2304 .
2966 2288 2981 2304 .
3031 2247 3153 2311 Πῶς
3196 2248 3286 2311 δὲ,
3333 2248 3514 2319 φησιν,
3569 2247 3733 2314 ἐγεν-

2154 2342 2328 2414 νηΘη;
2373 2341 2419 2372 ³⁰
2463 2341 2632 2395 Τοῦτο
2660 2341 2708 2393 εἰ
2751 2341 2846 2393 καὶ
2891 2339 3104 2410 ἐγράφη
3139 2338 3266 2408 περὶ
3306 2338 3403 2407 μὲν
3430 2335 3522 2388 τοῦ
3552 2335 3686 2388 Υἱοῦ
3709 2349 3732 2371 ο

2156 2433 2216 2506 [3
2265 2434 2319 2506 ὁ]
2365 2435 2458 2487 Ἐκ
2481 2433 2739 2501 γαστρός
2761 2432 2872 2499 πρὸ
2923 2431 3264 2499 Ἑωσφόρου
3292 2429 3589 2498 ἐγέννησα
3618 2443 3730 2480 σεο

2158 2527 2286 2597 περὶ
2330 2525 2386 2577 δὲ
2425 2524 2517 2576 τοῦ
2559 2524 2714 2592 ἁγίου
2762 2523 3098 2593 Πνεύματος·
3129 2521 3369 2590 Πνεῦμα
3407 2521 3540 2589 παρ’
3580 2519 3736 2589 ἐμοῦ

2156 2617 2568 2684 ἐκπορεύεταιο
2623 2615 2716 2669 καὶ
2761 2616 2809 2668 εἰ
2855 2613 3018 2668 Δαυῒδ
3053 2611 3242 2682 ψάλλει
3263 2631 3275 2642 ·
3311 2612 3392 2676 Τῷ
3419 2613 3574 2680 λόγῳ
3609 2614 3736 2665 Κυ-

2151 2707 2290 2776 ρίου
2325 2709 2378 2759 οἱ
2416 2705 2661 2774 οὐρανοὶ
2699 2702 3168 2773 ἐστερεώθησαν,
3207 2702 3302 2755 καὶ
3331 2699 3409 2765 τῷ
3439 2701 3740 2770 πνεύματι

2157 2796 2263 2850 τοῦ
2300 2797 2598 2864 στόματος
2636 2795 2821 2850 αὐτοῦ
2862 2793 3051 2849 πᾶσαι
3093 2797 3150 2848 αἱ
3190 2792 3473 2861 δυνάμεις
3497 2790 3733 2845 αὐτῶνθ

2159 2886 2253 2938 καὶ
2291 2889 2340 2939 εἰ
2371 2886 2517 2954 λέγει
2544 2888 2572 2938 6
2612 2884 2732 2938 Ἰώὸ
2756 2901 2769 2912 ·
2805 2885 3046 2955 Πνεῦμα
3069 2883 3229 2937 θεῖον
3255 2883 3320 2936 τὸ
3350 2870 3616 2950 ποιῆσαν
3629 2898 3740 2951 με,

2159 2980 2316 3045 πνοὴ
2360 2978 2427 3031 δὲ
2465 2978 2948 3046 Παντοκράτορος
2996 2979 3034 3046 ἡ
3072 2975 3448 3030 διδάσκουσα
3490 2991 3600 3044 με’
3636 2975 3741 3028 καὶ

2159 3074 2208 3124 εἰ
2241 3071 2441 3143 Κύριος
2484 3072 2721 3125 διδασκει
2747 3087 2760 3101 °
2816 3072 2883 3125 Τὸ
2937 3069 3178 3138 Πνεῦμα
3221 3067 3331 3136 τῆς
3367 3066 3652 3132 ἀληθείας
3701 3064 3738 3119 ὃ

2161 3165 2320 3233 παρὰ
2347 3164 2453 3218 τοῦ
2477 3163 2704 3231 Πατρός
2730 3163 3112 3230 ἐκπορεύεται
3131 3179 3144 3193 ο
3176 3161 3269 3212 καὶ
3293 3162 3342 3212 εἰ
3372 3157 3579 3221 Παῦλος
3599 3157 3744 3228 γρά-

492 3245 722 3315 spiritus
752 3265 766 3300 :
810 3257 987 3302 tamen
1013 3264 1230 3303 omnem
1267 3258 1502 3304 mentem
1533 3251 1743 3306 excedit
1773 3250 1903 3322 (56‘.
1928 3253 2061 3320 Quia

2176 3271 2275 3322 pst,
2310 3253 2534 3324 Πνεῦμα
2571 3249 2710 3307 εἶναι
2751 3253 2881 3306 αὐτὸ
2925 3252 3020 3304 τοῦ
3062 3249 3216 3316 Θεοῦ,
3243 3249 3318 3312 ὡς
3341 3248 3647 3320 ἀνθρώποις
3674 3249 3744 3302 τὸ

497 3427 639 3482 idem
685 3427 889 3494 valent;
928 3427 1230 3496 signiﬁcant
1277 3429 1483 3484 scilicet
1535 3429 1825 3498 Scriptura:
1873 3431 2068 3497 locum,

500 3497 874 3570 testimonium,
905 3499 1291 3570 auctoritatem,
1319 3499 1627 3568 capitulum,
1650 3497 1759 3554 etc.
1789 3501 1938 3567 Quod
1959 3517 2075 3570 spe-

499 3575 611 3621 ctat
637 3565 722 3638 ad
741 3581 924 3638 vocem
963 3566 1256 3638 ᾁτιᾴδειξις,
1297 3565 1414 3624 eam
1441 3583 1583 3638 saepe
1600 3570 1703 3624 hoc
1725 3565 1885 3623 sensu
1916 3565 2072 3624 usur-

503 3644 681 3706 patam
710 3634 946 3710 inyenies
991 3636 1146 3702 infra,
1189 3650 1248 3710 ut
1283 3654 1373 3710 ex.
1416 3655 1498 3710 gr.
1520 3634 1700 3710 'sergm.
1725 3639 1794 3693 54
1823 3642 1871 3694 ιι.
1895 3641 1966 3694 At
1986 3644 2077 3695 de-

505 3706 936 3778 monstrationem
963 3721 1175 3778 quoque
1208 3706 1514 3774 signiﬁcare
1548 3706 1634 3764 hic
1668 3719 1860 3778 potest.

577 3773 688 3847 μῆ)
713 3772 1025 3847 ριαηὶιαιεὶ.
1164 3772 1333 3847 prima
1365 3780 1430 3832 ad
1453 3779 1591 3833 Tim.
1629 3772 1699 3844 vi,
1725 3779 1817 3832 20.

579 3844 692 3914 (46)
724 3842 1016 3916 Tanquam.
1076 3842 1179 3916 Pro
1207 3848 1282 3910 ὡς
1310 3847 1376 3900 ἂν
1429 3852 1500 3911 oi,
1559 3842 1739 3903 malim
1772 3850 1946 3916 legere
2000 3851 2076 3914 ὡς

508 3917 576 3991 ᾃν
602 3916 804 3991 ei,_seu
836 3913 1054 3991 ὡσανεί.
1078 3915 1215 3991 __Pro
1248 3918 1718 3991 διαριπτοῦμενον,
1775 3913 1895 3986 lego
1919 3913 2075 3991 διαρὲ

509 3983 886 4110 Ῠιπτούμενον.
957 3985 1197 4039 Similem
1247 3983 1407 4054 porro
1451 3983 1707 4057 Didymus
1756 3983 2075 4043 sententiain

531 4058 672 4108 labet
699 4056 835 4110 apud
867 4051 1124 4106 Joannem
1153 4055 1539 4110 Damascenum
1564 4059 1615 4110 in
1633 4057 1931 4110 Paratletis.
1955 4075 2074 4110 nau.

531 4058 672 4128 labet
699 4051 835 4128 apud
867 4051 1124 4128 Joannem
1153 4051 1931 4128 Daiitascenum'inParatletis,
1955 4075 2074 4128 pag.

507 4125 612 4207 2:17
641 4141 652 4175 :
690 4124 754 4205 1}!
783 4122 1132 4207 on'bia'dt'lndei;
1162 4124 1330 4207 δοξαι,
1371 4128 1561 4207 inquit,
1722 4122 1929 4207 μυρίων
1951 4122 2080 4207 ψεῦ-

508 4193 761 4268 εολογιῷν
798 4193 1125 4268 βαδίζοῦσᾳι,
1159 4197 1284 4268 μίαν
1313 4197 1407 4250 καὶ
1442 4193 1540 4267 τὴν
1566 4193 1734 4268 αὐτὴν
1754 4193 1851 4265 τῆς
1875 4193 2078 4251 ἑαυτῶν

511 4265 865 4337 ⁸ἱοιτηχήςςεως,
897 4265 995 4318 οὐκ
1037 4265 1215 4335 ἔχουσι
1259 4265 1542 4337 διήγησιν·
1588 4265 1704 4334 quae
1759 4270 1836 4320 sic
1881 4278 2074 4337 verto:

516 4333 694 4388 Falsa:
715 4333 1006 4401 ’opiuiones,
1037 4333 1150 4388 cum
1175 4351 1262 4402 per
1288 4333 1526 4389 sexcenta
1556 4333 1807 4404 vagentur
1822 4336 2078 4402 falsarum

517 4405 972 4457 ratiocinationum
993 4417 1301 4469 commenta,
1328 4422 1488 4458 unum
1523 4406 1854 4475 eamdemque
1884 4407 2082 4459 doctri-

517 4490 600 4527 ηαξ
623 4489 732 4526 sum
757 4477 1139 4528 enarrationem
1171 4492 1272 4528 non
1303 4475 1512 4530 habent.

590 4543 702 4614 (47)
735 4543 950 4615 Genitus
982 4561 1083 4597 non
1114 4545 1233 4612 fuit.
1270 4545 1531 4598 Praeclara
1574 4545 1881 4614 responsio!
1913 4561 2072 4615 quam

517 4612 800 4684 Didymum
833 4613 1172 4683 exGregoriu
1200 4616 1554 4681 Nazianzeno,
1591 4612 1773 4684 paucis
1799 4612 2084 4670 ante—illius

2175 3433 2306 3486 citat
2343 3433 2480 3486 intra
2513 3433 2626 3500 ipse
2648 3431 2925 3502 Didymus
2953 3429 3048 3502 lib.
3083 3445 3144 3494 ιι,
3173 3444 3292 3498 cap.
3318 3429 3370 3502 2_,
3401 3441 3567 3502 segm.
3597 3429 3670 3485 52
3684 3447 3745 3486 a.

2174 3503 2432 3573 Vulgatus
2461 3498 2589 3557 vero
2623 3498 2885 3571 interpres
2916 3500 3073 3554 habet
3120 3518 3132 3553 :
3163 3502 3287 3568 quia
3326 3498 3551 3566 Spiritus
3593 3519 3624 3553 ιι
3651 3503 3746 3572 fa-

2175 3573 2250 3625 cie
2276 3589 2390 3624 mea
2409 3573 2718 3641 egredietur.

2247 3641 2358 3712 (51)
2390 3637 2578 3696 David.
2635 3641 2856 3694 Davidis
2908 3654 3102 3712 nomen
3130 3653 3198 3693 ne
3225 3637 3391 3712 semel
3427 3637 3641 3712 quidem
3685 3639 3744 3712 in

2177 3708 2291 3767 toto
2341 3713 2526 3766 codice
2566 3713 2828 3779 integrum
2860 3709 3132 3773 scribitur,
3185 3708 3278 3762 sed
3335 3708 3744 3779 compendiaria

2177 3798 2390 3850 semper
2438 3783 2660 3844 ratione,
2687 3777 2700 3779 “
2724 3795 2913 3845 nempe
2957 3779 3080 3850 Δαδ.
3108 3781 3176 3831 At
3213 3792 3332 3832 cum
3367 3777 3649 3850 segm._22
3693 3780 3745 3832 b.

2179 3846 2384 3905 scribat
2434 3852 2686 3904 librarius
2720 3849 3006 3901 Δαυῖτικόν
3025 3864 3141 3901 cum
3167 3865 3221 3908 υ,
3254 3863 3507 3917 noncum
3543 3846 3593 3915 β,
3636 3863 3746 3917 ego

2179 3923 2374 3986 ubique
2405 3921 2615 3988 scripsi,
2651 3918 2832 3972 Δαυῒδ.
2875 3919 3040 3971 Recte
3072 3926 3247 3971 tamen
3278 3916 3534 3988 scribitur
3575 3916 3747 3971 etiam

2177 3985 2359 4055 Δαϐίδ,
2417 3985 2536 4044 cum
2575 3990 2890 4042 Hehraicam
2925 3989 3154 4041 litteram
3196 4001 3294 4041 vau
3321 3985 3490 4041 Graeci
3525 3996 3748 4041 veteres

2177 4072 2232 4114 et
2268 4077 2362 4130 per
2387 4078 2416 4112 υ
2451 4070 2506 4113 et
2554 4074 2649 4128 per
2687 4057 2717 4128 β
2759 4057 3033 4130 efferrent,
3065 4066 3122 4108 ut
3152 4065 3372 4130 apparet
3399 4055 3480 4108 vel
3510 4069 3578 4109 ex
3615 4056 3746 4126 ipso

2181 4127 2397 4185 nomine
2422 4127 2706 4196 rau,’quod
2741 4127 3082 4196 reddiderunt
3119 4141 3213 4193 per
3245 4127 3368 4195 βαυ.

2252 4198 2362 4269 (52)
2425 4192 2658 4269 Virtutes
2705 4213 2911 4269 eorum.
2941 4195 3042 4269 iPs.
3093 4192 3446 4269 x’xstt,_vers.
3477 4194 3532 4248 6.
3589 4192 3753 4252 Hune

2183 4265 2356 4323 locum
2412 4283 2551 4336 swpe
2594 4267 2787 4332 allegat
2855 4266 3112 4334 Didymus
3169 4266 3222 4336 iu
3267 4265 3623 4336 ihochopere,
3683 4282 3753 4322 ac

2182 4354 2391 4408 semper
2413 4334 2564 4406 legit:
2594 4338 2765 4390 πᾶσαι
2796 4338 2849 4389 αἱ
2866 4336 3120 4408 δυνάμεις
3153 4335 3352 4399 αὐτῶν,
3381 4334 3431 4408 id
3447 4345 3543 4408 est
3568 4352 3753 4389 omnes

2182 4405 2394 4462 virtutes
2423 4405 2806 4472 eorum.Quam
2829 4407 3107 4459 lectionem
3135 4417 3351 4459 secutus
3375 4405 3538 4457 videri
3568 4415 3757 4472 potest

2182 4477 2636 4549 Nysseuussquod
2663 4479 2722 4549 _it_t
2746 4476 2990 4549 oratione
3015 4475 3361 4549 catechetica,
3381 4487 3502 4549 cap.
3524 4474 3578 4536 4,
3603 4477 3755 4549 scri-

2185 4543 2376 4618 pserit:
2404 4549 2465 4600 Ei
2480 4543 2558 4611 δὲ,
2580 4545 2760 4608 καθὼς
2781 4546 2927 4612 λέγει
2943 4543 3546 4618 Δαϐὶδηὲστερεώοησαν
3562 4543 3638 4618 τῷ

2186 4613 2266 4696 γῳ
2280 4618 2371 4696 τοῦ
2390 4618 2592 4696 Κυρεοῦ
2608 4618 2662 4696 οἱ
2678 4617 2914 4696 ορρανοὶ,
2929 4614 3029 4696 μαι
3044 4616 3096 4667 αἱ
3119 4613 3389 4696 διιςνιὶμειςτ
3403 4613 3579 4666 αὐτῶν
3591 4615 3650 4666 ἐν
3669 4615 3758 4696 τῷ

517 4680 724 4763 obitum
765 4684 920 4764 annis
976 4680 1246 4770 defuncto,
1270 4680 1661 4770 _tlesutnpsisse
1708 4686 1963 4770 euistimo
1987 4705 2001 4740 :
2029 4687 2066 4770 il:

2189 4680 2326 4742 Πνεύ
2336 4705 2462 4770 putt
2481 4680 2588 4739 ’τοῦ
2603 4680 2852 4757 Θεοῦτὴν
2863 4680 3487 4770 ,σιξστασινβσᾉρνηᾶριθ
3509 4701 3565 4763 κἶ
3588 4701 3641 4763 τ.
3662 4680 3756 4770 Αλζ,

519 4753 662 4807 enim
697 4753 941 4808 oratione
992 4753 1082 4816 '55,
1121 4769 1223 4822 qua
1269 4753 1631 4808 Eunmuianos
1670 4755 1878 4813 refellit,
1920 4755 2080 4808 simili

520 4822 679 4896 plane
708 4824 942 4896 Διἰιιὶοιιε
985 4825 1060 4896 ait
1092 4842 1106 4876 :
1137 4825 1272 4876 Πότε
1309 4826 1337 4878 6
1386 4825 1511 4888 Υἱὸς
1542 4825 1863 4896 γεγέννηται
1874 4841 1888 4888 ;
1955 4827 2082 4878 Ὅτε

522 4893 551 4944 ὁ
568 4892 773 4967 ⁸Πατὴρ
787 4893 1224 4967 οὑῼγεγέννηται,
1251 4896 1298 4967 id
1323 4906 1428 4948 est:
1447 4892 1793 4959 Quandonam
1815 4893 1986 4950 Filius
2006 4912 2092 4967 ge-

523 4963 663 5016 nitus
691 4963 804 5033 est]
837 4961 967 5015 Cum
993 4961 1154 5016 Pater
1173 4966 1374 5033 genitus
1407 4982 1508 5017 non
1537 4976 1632 5018 est.

597 5032 710 5102 (48)
749 5029 1018 5086 Similiter.
1091 5029 1408 5099 ln'codice,
1461 5034 1536 5098 ὡς
1587 5035 1784 5098 αὕτως,
1856 5036 2091 5090 divisim.

526 5103 739 5164 Scribe,
794 5103 839 5156 si
896 5103 1091 5169 placet,
1132 5105 1784 5172 conjunctiurgbsuérwq
1825 5108 1896 5158 ita
1950 5108 2093 5158 enim

526 5174 687 5240 vulgo
711 5187 851 5225 nunc
889 5174 1152 5226 scribunt.
1190 5172 1302 5243 Ego
1339 5185 1516 5229 tamen
1547 5177 1866 5243 scripturam
1895 5176 2094 5230 codicis

526 5244 747 5314 retinui,
801 5252 909 5314 tum
950 5243 1072 5310 quia
1128 5246 1198 5296 ita
1232 5260 1441 5314 semper
1478 5247 1665 5299 scribit
1707 5245 1992 5307 librarius,
2039 5246 2092 5298 id

527 5313 670 5381 quod
717 5313 767 5364 itt
801 5311 984 5365 multis
1012 5314 1172 5366 etiam
1205 5313 1323 5366 aliis
1348 5311 1476 5368 inss.
1509 5315 1780 5369 codicibus
1804 5315 2092 5369 observare

526 5397 616 5436 me
655 5383 895 5448 metnini,
927 5393 1036 5452 tum
1085 5385 1209 5452 quia
1252 5385 1536 5452 aliquando
1562 5387 1750 5438 Saltem
1779 5385 2093 5440 aveteribus

529 5452 600 5505 ita
633 5453 888 5518 scriptum
920 5451 1081 5507 luisse
1113 5451 1358 5516 'constat,
1405 5467 1459 5507 ut
1497 5457 1548 5507 iu
1586 5456 1674 5509 illo
1709 5453 1889 5508 Musaei
1935 5469 2091 5506 versu

529 5523 668 5587 apud
697 5520 1022 5576 Clementem
1054 5521 1467 5576 Alexandrinum
1493 5527 1542 5575 in
1564 5535 1712 5580 sexto
1735 5524 2090 5577 Stromatum:

540 5589 640 5654 Ὠς
667 5590 718 5664 ῥ’
747 5593 936 5664 αὕτως
964 5591 1058 5664 καὶ
1090 5594 1296 5660 φύλλα
1323 5594 1458 5662 φύει
1485 5592 1750 5664 ζείδωρος
1778 5593 2022 5662 ἄρουρα.

603 5661 713 5730 (49)
738 5660 1002 5716 Exulem.
1027 5663 1166 5716 Psal.
1198 5678 1307 5727 cut,
1327 5660 1480 5717 νει-δ.
1511 5665 1563 5717 5.

601 5730 716 5800 (50)
746 5731 975 5802 Spiritus
1007 5751 1037 5784 a
1072 5750 1172 5786 me.
1212 5732 1450 5802 Respicit
1480 5733 1580 5788 lsa.
1613 5750 1737 5799 Lvn,
1777 5736 1864 5802 ili,
1891 5735 1981 5789 ubi
2016 5734 2090 5790 le-

531 5798 676 5873 gitur
699 5798 724 5854 V:
771 5800 994 5873 Πνεῦμα
1019 5804 1126 5873 γὰρ
1167 5802 1295 5873 παρ’
1323 5798 1466 5872 ἐμοῦ
1497 5798 1858 5869 ἐξελεύσεται,
1887 5807 1936 5859 id
1984 5816 2086 5870 ctu,

534 5871 759 5940 Spiritus
787 5871 930 5928 enim
975 5893 1003 5928 ιι
1032 5871 1129 5928 me
1162 5871 1315 5928 exibit
1343 5871 1487 5944 :quo
1522 5878 1677 5932 modo
1727 5877 1902 5933 locum
1942 5879 2084 5931 hunc

2192 4759 2243 4812 id
2281 4751 2402 4813 est:
2435 4757 2494 4811 Si
2531 4771 2722 4820 autem,
2750 4751 2821 4809 ιη’
2842 4755 2966 4808 dicit
2990 4754 3178 4819 David,
3219 4751 3619 4806 Verbo—Domini
3650 4755 3760 4820 ﬁr-

2190 4830 2317 4880 mati
2354 4839 2472 4880 sunt
2521 4826 2632 4880 ctcli
2671 4839 2929 4880 eteorum
2969 4825 3182 4879 virtutes
3229 4826 3514 4877 consistunt
3565 4824 3616 4874 in
3659 4825 3762 4878 Der

2191 4896 2392 4964 Spiritu
2418 4914 2435 4950 :
2466 4914 2607 4965 ergo,
2638 4907 2742 4950 etc.
2774 4896 2971 4950 Verum
3002 4895 3250 4949 Clemens
3275 4893 3674 4965 Alexandrinus
3701 4897 3761 4948 in

2191 4963 2540 5033 Protreptico,
2593 4967 2917 5034 Theophilus
2953 4965 3002 5016 in
3033 4965 3184 5020 libris
3207 4966 3274 5017 ad
3302 4963 3638 5032 Autolycum,
3702 4975 3759 5019 et

2191 5037 2279 5106 alii
2314 5037 2494 5106 legunt
2524 5062 2536 5092 ι
2571 5035 2752 5091 Omnis
2783 5037 2942 5088 virtus
2983 5036 3264 5106 earum.Et
3293 5034 3368 5087 ita
3406 5035 3762 5088 habentcuttt

2192 5105 2381 5160 Gratea’
2403 5107 2585 5171 editio,
2618 5118 2727 5159 tum
2763 5105 2982 5169 Vulgata
3024 5105 3324 5159 translatio.

2268 5176 2376 5248 (55)
2411 5177 2640 5248 Spiritus
2674 5176 2900 5248 divinus.
2942 5171 3058 5248 _Job
3113 5191 3305 5248 χχχιιι,
3337 5172 3542 5248 lusio
3587 5170 3763 5248 habet.

2191 5240 2376 5300 Grieca
2419 5240 2580 5299 etiam
2621 5247 2804 5300 editio.
2858 5243 3115 5310 Vulgatus
3164 5247 3322 5297 habet
3360 5260 3371 5295 :
3405 5240 3632 5304 Spiritus
3659 5242 3764 5296 De!

2191 5318 2315 5384 fecit
2347 5333 2444 5374 me,
2478 5326 2526 5368 et
2554 5314 2888 5383 Spiruculum
2926 5311 3303 5384 Qumipotentis
3348 5312 3626 5380 viviﬁcavit
3650 5329 3764 5368 me.

2261 5386 2370 5453 (54)
2399 5381 2622 5450 Spiritus
2644 5387 2894 5453 veritatis1
2919 5381 3073 5436 Joan.
3104 5399 3189 5447 xv,
3216 5383 3303 5436 ‘26.

2263 5451 2369 5526 (55)
2417 5457 2616 5509 Pautus
2646 5451 2896 5507 scribatJ
2921 5453 2986 5504 ad
3016 5455 3138 5508 Cor.
3175 5469 3232 5519 ιι,
3262 5453 3343 5511 Η.
3371 5453 3622 5518 Sensum,
3647 5467 3764 5506 non

2191 5527 2355 5580 verba
2385 5528 2470 5579 hic
2512 5527 2658 5578 citat.

2264 5594 2374 5666 (56)
2408 5595 2644 5649 Excedit.
2677 5594 2900 5649 Locutio
2944 5592 3145 5645 Biblica
3191 5609 3256 5666 es
3302 5592 3470 5666 Epist.
3512 5590 3578 5644 ad
3610 5589 3765 5646 Phil.

2193 5663 2282 5731 tv,
2307 5667 2356 5718 7.
2380 5666 2524 5720 Verti
2553 5666 2712 5718 etiam
2743 5673 2921 5733 posset
2948 5681 2960 5716 :
2987 5672 3158 5716 tamen
3200 5664 3278 5716 sic
3325 5663 3499 5733 omnia
3529 5671 3765 5713 mentem

2187 5740 2458 5790 excedunt.
2491 5735 2624 5788 Cum
2679 5732 2822 5789 enim
2867 5749 3054 5788 tnanca
3083 5733 3157 5788 sit
3201 5732 3393 5798 oratio,
3418 5745 3610 5787 sensus
3643 5746 3766 5785 non

2186 5817 2267 5862 est
2285 5807 2500 5862 omnino
2527 5814 2727 5860 certus.
