3970 6406
198 378 287 435 281

1293 382 1378 436 DE
1416 383 1798 438 TRIMTATE
1838 384 2035 438 LIBER
2080 381 2354 438 PRIMUS.

3341 382 3453 441 289.

200 495 391 549 αὐτῶν·
432 496 585 564 ὅμως
632 494 779 549 οὕτω
824 498 1004 551 πάντα
1038 497 1161 551 νοῦν
1212 497 1563 570 ὑπερὸαίνειο
1622 504 1702 555 ὅτι
1743 503 1771 555 ὁ

1883 504 2015 555 idem
2050 503 2327 571 apostolus
2356 501 2654 557 Corinthiis
2690 501 2883 557 scribit
2914 518 2928 553 :
2965 499 3070 552 Dea
3114 510 3285 552 autem
3335 502 3447 569 (57)

201 589 346 650 αὐτὸς
381 586 681 650 ἀπόστολος
713 588 1025 658 Κορινθίοις
1050 590 1283 660 γράφει·
1315 591 1400 656 Τῷ
1431 591 1499 643 δὲ
1528 591 1647 656 Θεῷ
1674 592 1771 661 χά·

196 699 301 749 ρις,
342 676 418 743 τῷ
457 677 722 732 πάντοτε
760 682 1171 749 θριαμϐεύοντι
1215 681 1374 751 ἡμᾶς
1416 683 1486 738 ἐν
1522 683 1602 749 τῷ
1637 687 1802 753 Χρυ-⁸

202 769 331 835 οτῷ,
372 772 469 823 καὶ
502 768 621 837 τῆν
655 772 861 839 ὀσμὴν
886 771 995 840 τῆς
1043 773 1319 842 γνώσεως
1361 775 1769 843 φανερώσαντι

203 865 268 917 δι’
304 863 468 932 ἡμῶν
488 882 502 896 υ
534 863 612 927 ὡς
646 866 721 935 μὴ
763 865 945 935 πάσης
973 865 1073 935 τῆς
1105 866 1358 933 γνώσεως
1383 868 1549 937 ἡμᾶς,
1583 868 1670 919 διὰ
1710 866 1772 918 τὸ

207 956 495 1027 ἁχὼρητον,
529 956 647 1009 ἀλλ’
676 951 787 1010 οἷον
812 975 955 1020 τινος
980 958 1293 1027 ἰνδάλματπ
1317 960 1348 1028 ἣ
1382 958 1554 1027 αὔρας
1583 958 1770 1029 ὥσπερ

217 1051 583 1120 μετασχόντας.
630 1051 742 1103 Καὶ
792 1051 989 1103 πάλιν
1042 1051 1353 1121 Βλέπομεν
1406 1051 1475 1104 δὲ
1542 1052 1615 1104 δι’
1666 1052 1769 1104 ἐσ-

216 1143 420 1208 όπτρου
461 1142 555 1194 καὶ
591 1143 661 1195 ἐν
682 1143 978 1211 αἰνίγματι
1004 1144 1074 1196 τὰ
1106 1144 1232 1214 περὶ
1265 1143 1450 1196 αὑτοῦ.
1485 1144 1595 1196 Καὶ
1629 1144 1772 1214 μάλα

215 1234 442 1295 εἰκότως
475 1232 631 1297 Δόξα
658 1234 769 1302 γὰρ
801 1236 1022 1301 Κυρίου
1064 1238 1309 1303 κρύπτει
1331 1237 1517 1304 λόγον
1542 1236 1682 1289 κατὰ
1712 1236 1771 1288 τὸ

216 1324 338 1377 θεῖον
366 1327 551 1395 ῥητὸν.
586 1326 953 1395 ὑπερκειμένη
988 1327 1248 1397 ἁφράστῳ
1273 1330 1365 1381 καί
1392 1328 1603 1399 ἀπείρῳ
1631 1329 1771 1398 λόγῳ

210 1417 376 1486 πάσης
429 1416 735 1487 αἰσθήσεως
785 1416 1049 1488 γενητῆς’
1092 1418 1153 1470 οὐ
1199 1419 1287 1472 διὰ
1324 1420 1384 1471 τὸ
1432 1419 1772 1473 ἀὸάστακτον

209 1510 353 1578 μόνον
376 1549 393 1572 ,
422 1509 539 1562 ἀλλ’
575 1510 743 1562 ὅτιτὸ
787 1508 1111 1579 προαιώνιον
1151 1513 1245 1564 καὶ
1289 1512 1394 1583 πρὸ
1433 1513 1614 1582 πάσης
1656 1513 1770 1565 κτί-

206 1617 353 1663 σεως,
406 1604 457 1653 εἰ
503 1602 579 1671 μὴ
624 1602 727 1653 ὑπὸ
768 1603 1002 1673 Γραφῶν
1052 1603 1338 1673 δεδήλωτο,
1384 1604 1425 1633 ’⁸
1479 1607 1545 1674 τῇ
1596 1604 1771 1657 κτίσει

202 1696 343 1762 ἡγνω
373 1732 388 1745 .
418 1733 433 1745 .
469 1734 483 1746 .
527 1733 541 1746 .
588 1696 682 1747 καὶ
717 1695 878 1748 πάλιν
906 1698 1015 1759 τοῖς
1046 1696 1228 1759 αὐτοῖς
1250 1696 1312 1748 τὸ
1338 1696 1587 1767 δεύτερον
1614 1699 1657 1728 ³⁸
1692 1698 1771 1759 είς

202 1785 347 1838 τοῦτο
392 1787 649 1853 παγκαλο
681 1827 695 1842 .
730 1827 744 1840 .
780 1827 795 1841 .
832 1826 847 1841 .
884 1826 899 1840 .
930 1830 944 1843 .
979 1826 991 1839 .
1028 1830 1040 1842 .
1078 1825 1094 1841 .
1127 1826 1142 1840 .
1173 1804 1254 1840 ει·
1310 1787 1507 1856 Ἡμεῖς
1547 1787 1616 1839 δὲ
1659 1790 1769 1841 οὐκ

1873 594 2088 663 gratias,
2120 594 2208 661 qui
2232 608 2430 658 semper
2463 589 2745 657 triumphat
2780 607 2873 642 nos
2908 592 2960 641 in
2989 588 3221 652 Christo,
3246 598 3295 642 et
3318 591 3450 643 odo-

1874 701 1979 738 rem
2008 684 2315 753 cognitionis
2333 684 2684 751 manifestavit
2737 698 2829 750 per
2867 697 2958 733 nos
2989 696 3006 733 .·
3053 682 3194 749 quod
3243 681 3453 737 scilicet

1874 793 1983 830 non
2009 777 2190 830 omnis
2226 775 2726 845 cognitionis,quia
2756 790 2875 828 eam
2932 790 3128 842 capere
3161 789 3266 827 non
3326 790 3452 845 pos-

1873 884 2081 931 sumus,
2120 869 2417 936 participes
2449 870 2576 922 facti
2609 871 2804 931 simus,
2839 870 2932 922 sed
2961 870 3127 922 veluti
3166 870 3450 940 cujusdam

1871 960 2171 1025 simulacri,
2232 971 2326 1013 aut
2363 976 2508 1015 aurae
2560 961 2693 1033 (58).
2753 961 2817 1015 Et
2854 978 3040 1015 rursus
3071 961 3339 1017 ;Videmus
3395 966 3454 1035 8

1872 1066 2044 1107 autem
2070 1054 2182 1121 (b9)
2201 1070 2291 1117 per
2315 1054 2601 1119 speculum,
2630 1063 2678 1107 et
2701 1054 2755 1106 in
2783 1056 3060 1123 a’nigmate
3107 1070 3227 1123 qua}
3249 1057 3313 1108 de
3334 1058 3453 1125 ipso

1874 1146 2139 1197 novimus.
2168 1144 2231 1197 Et
2255 1146 2448 1198 metito
2467 1146 2683 1213 quidem
2712 1162 2723 1197 :
2756 1161 2876 1198 nam
2897 1146 3049 1214 juxta
3077 1147 3311 1199 divinam
3336 1162 3455 1199 sen-

1873 1236 2099 1290 tentiam
2132 1235 2312 1289 Gloria
2335 1236 2666 1306 Domini(60)
2680 1237 2812 1290 celat
2838 1238 3066 1303 verbum,
3097 1248 3145 1292 et
3172 1237 3450 1303 ineﬂ‘ahili,

1873 1336 2033 1395 atque
2050 1325 2257 1378 inﬁnita
2276 1326 2482 1379 ratione
2494 1342 2707 1381 omnem
2723 1337 2961 1381 creatum
2975 1345 3133 1383 sensu
3146 1346 3191 1380 m
3207 1329 3451 1383 excedit:

1874 1431 1979 1469 non
2003 1416 2162 1469 modo
2184 1415 2310 1482 quia
2343 1414 2468 1469 ferri
2498 1431 2601 1469 non
2628 1425 2824 1484 potest,
2855 1418 2945 1469 sed
2975 1419 3136 1470 etiam
3162 1420 3286 1485 quia
3312 1420 3453 1485 quod

1874 1518 1957 1561 est
1997 1519 2121 1561 ante
2165 1507 2363 1561 saecula
2403 1516 2471 1560 ει·
2490 1517 2615 1561 ante
2641 1522 2855 1561 onmem
2894 1521 3221 1573 creaturam,
3264 1511 3363 1564 nisi
3422 1524 3453 1563 a

1874 1597 2169 1667 Scripturis
2193 1597 2594 1652 manifestatum
2620 1598 2828 1661 fuisset,
2856 1614 2883 1651 a
2906 1612 3153 1653 creatura
3178 1602 3457 1669 ignorare-

1876 1699 1979 1742 tur.
1998 1689 2471 1743 Etrursusiisdem
2486 1688 2779 1742 Corinthiis
2794 1691 3030 1743 secundo
3051 1692 3298 1745 scribens
3319 1693 3454 1760 (6|),

1871 1780 1938 1833 ad
1980 1779 2081 1833 hoc
2116 1779 2597 1847 puleherrime.....
2650 1778 2763 1833 Nos
2802 1790 2973 1833 autem
3021 1796 3122 1833 non
3152 1782 3204 1834 in
3237 1783 3454 1836 immen-

202 1883 282 1945 εις
318 1882 395 1933 τὰ
424 1880 650 1948 ἄμετρα
690 1881 736 1911 ’³
770 1882 1226 1950 καυχησόμεθαο
1267 1878 1452 1951 [ἀλλὰ
1492 1879 1667 1951 κατ]ὰ
1706 1880 1774 1933 τὸ

1883 1886 1989 1923 sum
2022 1870 2518 1939 gloriabimur,sed
2560 1873 2844 1925 secundant
2896 1888 3193 1925 mensuram
3236 1875 3451 1942 regalia,

200 1966 412 2034 μέτρον
452 1966 561 2018 τοῦ
604 1967 893 2032 κανόνος,
938 1961 1009 2021 οὗ
1049 1964 1323 2034 ἐμέρισεν
1364 1964 1505 2032 ἡμῖν
1547 1969 1579 2019 ὀ
1630 1964 1773 2030 Θεὸς

205 2057 221 2129 [
241 2059 485 2126 μέτρου,
510 2056 820 2126 ἐφικέσθαι
865 2057 1002 2126 ἆχρι
1047 2059 1145 2113 καὶ
1196 2057 1425 2130 ὑμῶν).
1462 2058 1572 2110 Καὶ
1612 2060 1668 2111 ἐν
1705 2060 1771 2129 τῇ

201 2150 388 2222 πρώτῃ
416 2150 477 2202 δὲ
528 2148 812 2219 Ἐπιστολῇ
854 2166 1043 2219 φησιν·
1078 2150 1153 2204 El
1187 2149 1300 2222 τ[ις
1334 2149 1501 2204 δοκεῖ
1518 2133 1774 2222 εὶδέ]ναι

200 2258 271 2306 τι,
295 2242 466 2296 οὔπω
492 2243 755 2311 ἔγνωκεν
778 2240 972 2307 καθὼς
1000 2242 1044 2273 ³⁸
1078 2240 1174 2294 δεῖ
1198 2242 1443 2310 γνῶναι.
1483 2278 1498 2294 .
1538 2279 1554 2295 .
1579 2258 1611 2294 τ
1646 2277 1663 2295 .
1703 2282 1718 2295 .
1754 2280 1772 2297 .

305 2375 320 2389 .
355 2375 370 2388 .
406 2334 595 2406 αφορά
622 2337 719 2406 τῆς
742 2336 1047 2407 γεννήσεως
1075 2335 1120 2367 ’⁷
1164 2334 1258 2387 καὶ
1282 2336 1381 2405 τῆς
1407 2333 1678 2404 ὲκπορεύσ
1706 2372 1722 2387 .
1754 2372 1771 2388 .

204 2468 218 2480 .
247 2465 260 2479 .
291 2466 307 2481 .
336 2470 349 2482 .
386 2469 401 2482 .
435 2468 452 2481 .
490 2428 569 2490 ὡς
591 2428 619 2479 ὁ
659 2427 860 2497 τρόπος
902 2429 1196 2496 ἄγνωστος,
1242 2426 1384 2480 οὕτω
1419 2425 1475 2498 [4
1506 2424 1585 2497 α.)
1627 2424 1718 2478 καὶ
1740 2426 1774 2495 ἡ

199 2517 455 2587 διαφορὼ
488 2519 604 2586 εἴγε
633 2518 696 2590 δὴ
726 2521 833 2590 ἄρα
872 2519 990 2585 ἐξὸν
1020 2518 1151 2572 αὐτὸ
1174 2517 1331 2571 τοῦτο
1354 2516 1591 2580 ἀκούειν,
1615 2516 1646 2585 ἢ
1684 2516 1778 2568 λα-

200 2611 325 2664 λεῖν.
380 2612 459 2663 Τὸ
511 2611 621 2683 γὰρ
657 2612 834 2674 αἰτίας
882 2613 991 2665 τῶν
1041 2611 1180 2683 ὑπὲρ
1237 2612 1419 2664 πᾶσαν
1462 2610 1640 2663 αἰτίαν
1684 2609 1777 2662 καὶ

199 2703 378 2772 νόησιν
406 2703 736 2769 ἀποδιδόναι,
763 2703 1035 2773 τολμηρόν
1052 2719 1065 2730 ·
1090 2702 1152 2754 τὸ
1174 2702 1230 2755 δὲ
1258 2700 1560 2771 θαυμάζειν
1584 2702 1642 2753 τὸ
1661 2700 1779 2753 Θεῖ-

198 2810 274 2854 ον,
315 2794 410 2844 καὶ
440 2792 605 2859 φόῦον
637 2788 776 2845 εἶναι
807 2791 903 2861 τὴν
946 2791 1070 2861 περὶ
1109 2788 1273 2844 αὑτοῦ
1306 2788 1513 2841 ἔννοιαν
1544 2786 1777 2859 φοϐερὰν

199 2884 474 2951 νομίζειν,
504 2882 765 2950 ἀσφαλές.
820 2882 998 2934 Θέλων
1045 2875 1157 2943 οὖν,
1208 2879 1393 2950 φησὶν,
1434 2878 1721 2947 ἐγέννησεν
1751 2879 1780 2930 ὁ

197 2973 349 3035 θεω,
385 2974 421 3043 ἧ
475 2975 552 3043 μὴ
593 2973 797 3037 θέλων;
840 2973 977 3025 Ἀλλ’
1024 2974 1171 3042 ἡμᾶς
1206 2972 1312 3042 χρὴ
1363 2974 1646 3041 προειπεῖν
1689 2969 1779 3022 τὸν

201 3066 401 3118 σκοπὸν
432 3064 629 3123 αὐτῶν,
658 3066 752 3118 καὶ
776 3064 949 3126 οὕτως
988 3062 1404 3133 ἀποκρίνασθαι.
1450 3063 1509 3114 ’0
1532 3058 1624 3115 οὖν
1657 3078 1781 3113 σκο-

199 3158 298 3217 πός
328 3157 479 3207 ἐστιν
499 3196 514 3219 ,
542 3154 628 3207 ἵνα
660 3154 793 3227 πρὸς
819 3155 1115 3226 ἀκεραίους
1146 3153 1253 3206 ἀπὸ
1287 3152 1551 3222 ἑκατέρας
1584 3151 1780 3217 λέξεως

1872 1978 1975 2031 qua
1998 1964 2221 2029 partitus
2268 1974 2342 2017 est
2380 1963 2527 2016 nobis
2580 1962 2742 2026 Deus,
2791 1979 3086 2016 mensuram
3126 1967 3454 2036 pertingendi

1875 2071 2038 2124 usque
2071 2056 2138 2107 ad
2170 2071 2277 2108 vos.
2318 2055 2372 2108 lu
2408 2056 2579 2123 pritna
2615 2070 2745 2109 vero
2802 2055 3040 2124 Epistula
3066 2057 3177 2109 ait:
3224 2056 3284 2110 Si
3337 2058 3454 2126 quis

1874 2146 1972 2200 sibi
2003 2146 2113 2214 (62)
2136 2148 2342 2201 videtur
2360 2149 2494 2201 scire
2523 2148 2748 2217 aliquid,
2774 2150 3000 2200 nondum
3015 2150 3245 2218 cognovit
3273 2166 3456 2219 quem-

1875 2238 2157 2291 admodum
2192 2250 2424 2306 oporteat
2457 2256 2573 2294 eum
2623 2241 2775 2294 scire.
2815 2238 3036 2294 Frustra
3097 2257 3222 2296 vero
3258 2244 3457 2311 quaeri-

1875 2339 1967 2386 tur
1989 2330 2101 2403 (65)
2150 2333 2446 2387 discrimen
2492 2334 2885 2404 generationis,
2947 2345 2999 2391 et
3060 2340 3451 2406 processimus,

1876 2422 2032 2490 cujus
2066 2431 2213 2477 sicut
2249 2425 2441 2478 modus
2471 2435 2556 2479 est
2587 2426 2827 2494 ignotus,
2858 2450 2859 2453 η
2888 2427 2970 2482 sic
3021 2416 3079 2481 et
3130 2428 3455 2494 diﬂ‘erentia,

1836 2512 1923 2567 Osi
1947 2520 2129 2567 tamen
2158 2514 2260 2568 hoc
2282 2516 2456 2583 ipsum
2493 2515 2684 2569 audire
2720 2518 2863 2581 licet,
2900 2527 2994 2571 aut
3051 2517 3271 2585 dicere;
3333 2535 3459 2573 nam

1876 2618 2063 2659 eorum
2091 2619 2283 2659 causas
2310 2592 2557 2671 reddere,
2591 2622 2712 2675 quae
2738 2623 2953 2663 onmem
2982 2624 3227 2673 causam,
3266 2619 3321 2663 et
3373 2610 3457 2662 in-

1882 2694 2234 2765 telligentiam
2262 2708 2549 2766 superant,
2582 2701 2808 2753 audacis
2835 2710 2918 2754 est
2945 2717 2959 2754 :
2989 2700 3331 2753 divinitatem
3368 2716 3458 2751 νυ-

1878 2802 1940 2840 ro
1971 2787 2255 2852 admirari,
2287 2800 2342 2842 et
2389 2789 2641 2843 timorem
2696 2791 2790 2845 Dei
2835 2790 2888 2846 in
2937 2805 3002 2846 eo
3048 2792 3287 2859 positum
3335 2806 3457 2845 esse

1879 2879 2214 2943 existimare,
2258 2888 2317 2933 ut
2348 2895 2472 2934 cum
2507 2882 2703 2934 timore
2732 2880 2799 2935 de
2827 2882 2944 2951 ipso
2979 2883 3304 2952 cogitemus,
3366 2892 3455 2935 tu-

1881 2980 1994 3024 tum
2021 2979 2124 3024 est.
2166 2969 2415 3039 Nunquid
2452 2986 2582 3039 ergo
2614 2970 2749 3039 (64),
2808 2972 3087 3041 inquiunt,
3116 2972 3308 3026 volens
3358 2988 3454 3042 ge-

1882 3063 2000 3116 nuit
2036 3062 2199 3126 Deus,
2231 3078 2303 3116 an
2336 3062 2568 3116 nolens?
2601 3062 2707 3117 Sed
2742 3078 2840 3118 nos
2897 3064 3069 3133 prius,
3127 3064 3345 3133 quinam
3386 3062 3457 3118 sit

1884 3154 2096 3207 illorum
2131 3169 2349 3223 scOpus,
2371 3154 2552 3209 dicere
2580 3164 2809 3223 oportet,
2832 3164 2941 3209 tum
2976 3156 3321 3225 respondere.
3350 3155 3456 3209 Eo-

197 3247 293 3316 τὴν
336 3246 610 3299 ἀντίθεσιν
655 3245 935 3299 ποιῶνται.
976 3248 1140 3298 Ἤντε
1180 3245 1289 3315 γὰρ
1319 3244 1619 3314 δράζωνται
1657 3242 1775 3305 τοῦ,

1885 3261 2000 3298 rum
2026 3260 2154 3315 ergo
2184 3260 2381 3314 scopus
2410 3255 2513 3309 est,
2543 3255 2599 3301 ut
2631 3257 2818 3302 contra
2850 3247 3125 3315 simplices
3147 3246 3256 3317 (65)
3289 3245 3461 3303 homi-

198 3339 287 3404 Mi;
313 3338 486 3390 θέλων
512 3339 798 3407 ἐγέννησεν
838 3338 854 3407 (
880 3337 1050 3401 οὐδεὶς
1078 3337 1133 3389 δὲ
1159 3337 1340 3398 αὐτοῖς
1364 3334 1520 3387 τοῦτο
1557 3334 1785 3405 ἀποκρί-

199 3448 349 3482 νεται
373 3434 413 3497 },
451 3429 732 3497 λέγουσιν’
764 3430 877 3482 Οὐκ
914 3425 1025 3492 οὖν,
1064 3429 1092 3481 ὃ
1133 3428 1207 3497 μὴ
1235 3426 1375 3478 θέλει
1400 3425 1428 3476 ὁ
1462 3426 1615 3489 Θεὸς,
1657 3426 1787 3493 ὑπο-

198 3523 351 3592 μένει
381 3521 652 3589 γεννήσας
691 3520 782 3572 τὸν
816 3519 964 3579 Υἱὸν,
999 3520 1211 3588 φύσεως
1247 3518 1491 3584 ἀνάγκης
1520 3519 1597 3580 είς
1624 3514 1783 3569 τοῦτο

196 3615 405 3667 ἄκοντα
431 3612 594 3664 αὑτὸν
622 3612 988 3683 περιαγούσης
1008 3630 1021 3643 σ
1049 3613 1114 3681 ἦν
1143 3628 1201 3664 τε
1222 3610 1347 3682 δοθῇ
1375 3613 1559 3671 αὐτοῖς
1584 3610 1663 3673 τὸ,
1688 3609 1786 3661 Θέ-

196 3705 307 3757 λων
334 3704 652 3774 ἐγέννησεν,
692 3702 983 3770 ἐπάγουσιν
1006 3720 1020 3733 δ
1067 3705 1209 3773 "Ap;
1236 3722 1300 3772 γε
1331 3706 1365 3775 ἡ
1404 3702 1656 3773 γέννησις
1686 3699 1780 3754 τοῦ

197 3796 328 3847 Υἱοῦ
360 3795 593 3864 ἐξῆπται
637 3795 735 3865 τῆς
769 3796 1036 3867 πατρικῆς
1082 3796 1382 3868 θελήσεως,
1416 3794 1781 3867 δημιουγικῶς

198 3883 436 3955 ὓπαρξιν
480 3884 633 3953 αύτῴ
673 3884 1037 3954 παρεχούσης.
1100 3885 1163 3938 Ἡ
1211 3886 1267 3938 δὲ
1313 3886 1602 3956 ἀπόκρισις
1644 3884 1781 3956 αὕτη

196 3980 535 4047 εὖνουστάτη
588 3979 866 4046 τυγχάνει.
910 3978 1019 4047 Τῆς
1071 3976 1341 4048 θελήσειας
1383 3978 1491 4050 γὰρ
1546 3979 1636 4030 καὶ
1687 3978 1784 4048 τῆς

200 4073 560 4140 ἁνεθελησίας
617 4071 713 4123 καὶ
773 4071 952 4139 πάσης
1006 4070 1213 4133 ἑννοίας
1263 4068 1580 4142 προτερεύει
1636 4071 1665 4122 ὅ
1723 4086 1783 4122 τε

198 4166 469 4234 γεννήσας
536 4162 671 4225 Θεὸς
745 4162 839 4214 καὶ
903 4162 1129 4233 Πατὴρ,
1194 4162 1257 4214 τό
1312 4178 1372 4213 τε
1445 4160 1784 4233 ἀπαύγασμα

271 4413 387 4477 (57)
424 4409 532 4462 Deo
563 4418 760 4461 autem.
794 4406 834 4461 ll
876 4407 942 4459 ad
976 4405 1099 4460 Cor.
1130 4422 1190 4470 ll,
1222 4404 1307 4467 M,
1336 4404 1423 4458 ubi
1457 4404 1643 4477 Grieca
1667 4404 1785 4477 edi-

1890 3349 1986 3389 nes
2010 3351 2074 3388 ex
2105 3335 2361 3389 utralibet
2402 3338 2754 3405 responsione
2804 3337 3162 3405 objectionem
3231 3339 3453 3392 ducant.

1886 3424 2018 3478 Nam
2050 3426 2094 3479 si
2136 3426 2467 3493 respondeas
2494 3426 2626 3497 (66):
2658 3427 2857 3483 Nolens
2886 3429 3072 3497 genuit
3112 3428 3318 3487 (nemo
3356 3444 3458 3481 au-

1884 3525 1988 3569 tem
2022 3516 2153 3584 ipsis
2175 3517 2254 3571 sic
2308 3519 2651 3589 respondet);
2701 3520 2926 3573 dicunt:
2965 3520 3105 3589 Ergo
3148 3522 3295 3589 quod
3348 3535 3456 3574 non

1882 3606 1995 3658 vult
2028 3605 2188 3673 Deus,
2227 3608 2429 3676 patitur
2471 3606 2663 3661 Filium
2725 3624 3019 3677 generans,
3069 3610 3308 3663 naturali
3363 3624 3456 3663 ne-

1885 3697 2139 3752 cessitate
2172 3698 2345 3765 ipsum
2376 3699 2604 3751 invitum
2637 3699 2703 3751 ad
2736 3698 2841 3754 hoc
2870 3709 3120 3767 cogente.
3168 3699 3263 3752 Sin
3322 3714 3456 3753 vero

1887 3791 2019 3861 ipsis
2048 3790 2388 3859 reposueris:
2417 3788 2619 3843 Volens
2650 3791 2857 3860 genuit;
2886 3789 3125 3844 inferunt
3152 3808 3166 3843 :
3201 3790 3339 3860 Ergo
3362 3790 3456 3845 Fi-

1880 3882 1939 3936 lii
1979 3884 2254 3952 generatio
2303 3898 2371 3936 ex
2416 3881 2589 3935 Patris
2639 3882 2915 3937 voluntate
2956 3883 3177 3952 pendet,
3205 3897 3325 3951 qua:
3361 3897 3454 3937 ex-

1844 3958 2182 4031 rsistentiam
2245 3975 2346 4043 ipsi
2388 3988 2485 4045 per
2535 3976 2865 4029 creationem
2914 3978 3025 4029 dat.
3076 3975 3309 4030 Maxime
3357 3990 3459 4030 an-

1882 4077 1987 4122 tem
2045 4066 2289 4121 liberalis
2342 4076 2422 4121 est
2476 4067 2578 4121 ista
2651 4068 2985 4135 responsio:
3035 4083 3158 4121 nam
3214 4069 3459 4123 volunta-

1884 4171 2013 4229 tem,
2061 4170 2117 4216 et
2144 4161 2509 4228 uoluntatem,
2565 4172 2619 4218 et
2665 4179 2878 4218 onmem
2933 4166 3312 4233 cogitatcnem
3362 4179 3459 4217 au-

1959 4405 2071 4475 (65)
2118 4404 2344 4459 Frustra
2400 4424 2521 4461 vero
2566 4411 2843 4477 qmrritur.
2900 4406 3025 4460 Tria
3060 4410 3171 4462 haec
3198 4410 3455 4463 vocabula

205 4483 303 4543 tio,
328 4472 493 4550 quam
515 4478 927 4560 )‘ulgatusjnt.
985 4479 1231 4546 sequitur
1282 4478 1481 4529 habet:
1519 4474 1617 4543 τῆς
1647 4472 1785 4541 γνώ-
1813 4509 1863 4567 D
1889 4472 2068 4567 addidi
2095 4494 2160 4567 ex
2191 4478 2520 4567 conjectura,
2564 4472 2633 4531 ne
2671 4480 2846 4533 hiulca
2878 4491 3021 4532 esset
3054 4479 3353 4544 translatio,
3401 4491 3458 4535 ut

200 4569 337 4613 σεως
353 4549 357 4550 ί
376 4549 548 4605 αὑτοῦ
584 4549 928 4618 φανεροῦντι.

274 4623 388 4685 (58)
446 4623 559 4673 Aut
598 4614 772 4674 auria.
826 4618 1067 4685 Respicit
1094 4630 1301 4680 vocem,
1340 4615 1506 4686 ὀσμή,
1554 4630 1584 4668 a
1619 4614 1785 4669 Paulo

199 4694 548 4745 adhibitam:
592 4686 735 4758 αὖρα
776 4689 921 4741 enim
975 4690 1059 4742 hic
1115 4689 1253 4740 idem
1318 4688 1583 4758 signiticet
1625 4694 1786 4758 atque

200 4763 369 4831 ὀσμή,
426 4763 481 4815 id
510 4770 620 4823 est,
654 4754 899 4822 Odorem,
936 4773 1147 4824 auram,
1178 4758 1291 4811 sive
1310 4754 1581 4809 ellluvium
1611 4756 1786 4809 odori-

201 4838 399 4886 lerurn.
1040 4859 1052 4871 -

272 4902 383 4971 (59)
452 4899 706 4952 Videmus
758 4910 951 4971 autem.
986 4895 1059 4950 Ex
1095 4895 1110 4948 1
1142 4896 1212 4971 ad
1246 4894 1371 4971 Cpr.
1420 4910 1539 4971 xui,
1574 4895 1661 4971 l2,
1696 4895 1783 4948 ubi

202 4965 387 5025 Graeca
418 4971 589 5024 editio
623 4971 781 5021 habet
807 4987 820 5021 :
846 4968 1121 5038 Βλέπομεν
1145 4966 1264 5038 γὰρ
1282 4965 1405 5038 ἄρτι
1430 4965 1494 5017 δι’
1518 4966 1782 5038 ἐσόπτρου

206 5044 261 5092 ἐν
284 5043 589 5111 αἰνίγματι.
612 5038 868 5111 [)idymus
888 5052 1012 5091 vero
1028 5036 1404 5111 explicationis
1423 5050 1587 5111 causa
1611 5036 1780 5111 addit:

205 5114 271 5163 τέι
309 5105 664 5183 περϊαὺτοῦ,
713 5105 771 5163 id
816 5118 919 5174 est,
953 5123 1067 5177 qua:
1094 5110 1157 5161 de
1210 5105 1321 5175 ipso
1365 5108 1574 5175 cognita
1624 5105 1783 5158 habe-

280 5254 387 5321 (60)
413 5250 603 5305 Gloria
629 5249 863 5321 Domini.
906 5248 1156 5321 Proverh.
1192 5262 1319 5312 xxv,
1349 5247 1404 5310 2,
1432 5247 1518 5300 ubi
1555 5262 1650 5315 pro
1678 5246 1785 5299 Κυ-

216 5324 343 5389 pim.
370 5319 594 5391 legitur,
626 5319 785 5380 Θεοῦ,
813 5322 861 5391 id
892 5332 979 5373 est
1008 5319 1121 5374 Dei.

282 5397 388 5459 (tit)
431 5388 700 5447 Scriberis.
764 5391 805 5443 ll
835 5390 959 5443 Cor.
998 5406 1048 5453 χ,
1110 5390 1197 5443 15.
1226 5388 1355 5455 Qua:
1397 5388 1547 5459 uncis
1571 5388 1781 5444 inclusa

217 5478 335 5518 sunt
371 5458 421 5518 in
479 5464 697 5529 Gnaeo,
734 5460 970 5530 suppleri
1002 5476 1068 5514 ex
1100 5459 1289 5515 Graeca
1319 5458 1613 5514 Bibliorum
1661 5459 1780 5513 edi-

219 5541 375 5589 ltuttP.

289 5606 393 5669 (re)
453 5604 511 5659 Si
556 5604 677 5671 quis
729 5601 858 5671 sibi.
902 5599 921 5653 t
971 5600 1037 5654 ad
1099 5604 1351 5663 Corinth.
1391 5614 1523 5671 tvm.
1578 5599 1649 5671 2.,
1678 5600 1780 5671 ubi

221 5668 396 5728 arm
431 5668 594 5727 editio
629 5688 749 5742 pro,
804 5669 957 5723 οὔπω
1012 5670 1266 5738 ἔγνωκεν,
1316 5670 1475 5742 habet
1524 5670 1781 5724 εοὺδέπω

219 5743 365 5797 οὐδὲν
393 5740 754 5813 ἐγνωκε.’5οι1
783 5756 987 5813 vocem,
1005 5741 1179 5806 οὐδέν,
1205 5757 1308 5813 non
1326 5740 1480 5795 modo
1500 5742 1778 5813 Didymus,

224 5828 397 5872 acrum
425 5826 590 5872 etiam
624 5812 886 5884 Vulgatus
912 5812 1179 5882 interpres
1199 5812 1407 5867 videtur
1433 5827 1539 5867 non
1565 5812 1777 5882 legisse.

1887 4548 2076 4605 codex,
2103 4550 2201 4600 hoc
2233 4548 2284 4598 in
2312 4548 2447 4600 loco.

1960 4615 2071 4682 (64)
2112 4615 2362 4685 Nunquid
2387 4634 2528 4685 ergo.
2556 4618 2742 4671 Amnis
2780 4617 3072 4671 Catholieis
3110 4616 3294 4680 objicit
3324 4620 3451 4672 ,Ευ-

1886 4688 2098 4737 nomius
2134 4686 2184 4739 in
2221 4687 2523 4756 fragmento
2558 4690 2962 4753 Disputatiouis,
2995 4690 3138 4751 quod
3171 4700 3346 4741 exstat
3383 4702 3458 4743 to-

1886 4770 1974 4825 mo
2009 4757 2182 4822 primo
2211 4756 2419 4824 Autiqq.
2456 4756 2617 4811 Lecrt.
2655 4759 2855 4811 Canisii
2888 4773 2902 4808 :
2935 4757 3004 4809 ihi
3035 4757 3175 4808 enim
3212 4758 3406 4825 legitur
3434 4771 3455 4812 .'

1886 4822 2160 4885 Genuitne,
2226 4822 2643 4891 αιιηὸιίῩΑἱωιι,
2696 4826 2900 4881 Genuit.
2955 4825 3039 4879 Ex
3073 4822 3453 4893 substantiane,

1884 4909 1954 4945 an
1977 4910 2041 4946 ea:
2074 4896 2501 4951 voluntateiete.
2538 4896 2732 4951 Verum
2764 4898 2864 4949 hoc
2896 4897 3238 4960 Arianorum,
3278 4898 3457 4950 Euno-

1888 4963 2300 5039 niianorumque
2324 4978 2697 5039 argumentum
2737 4967 2915 5031 solvit,
2948 4976 3005 5039 u‘t
3040 4965 3358 5037 Nysseuum,
3391 4984 3453 5023 ac

1886 5030 2305 5105 lfazianzenum,
2368 5030 2605 5105 aliosque
2673 5030 2910 5090 vetustos
2969 5030 3157 5090 Patres
3227 5030 3452 5102 taceam,

1885 5101 2309 5174 S._Augustinus
2353 5101 2562 5174 quoque
2610 5108 2665 5160 in
2739 5108 2875 5161 libro
2926 5118 3108 5160 contra
3169 5123 3454 5160 sermonem

1881 5172 2225 5234 Arianorum,
2252 5172 2397 5227 num.
2433 5172 2487 5228 Ξ.

1954 5241 2064 5317 (65)
2088 5241 2380 5317 Simplices.
2407 5244 2585 5317 Codex
2617 5245 2796 5307 habet,
2820 5245 3097 5317 ἀκερέους.
3134 5244 3299 5313 Lego,
3328 5247 3456 5299 ἁκε-

1886 5311 2091 5380 ραίους.
2127 5313 2343 5367 Veteres
2370 5316 2511 5368 enim
2539 5316 2781 5369 librarios
2811 5318 2880 5371 ob
2908 5311 3021 5368 simi
3050 5311 3454 5369 similitudinem

1882 5398 2023 5450 sepe
2055 5400 2112 5435 αι
2145 5384 2197 5437 in
2228 5400 2254 5435 ε
2284 5394 2536 5449 mutasse,
2566 5397 2619 5439 et
2646 5389 2759 5439 vice
2780 5403 2953 5447 versa,
2989 5386 3254 5438 nemiuem
3299 5384 3453 5449 latet,

1880 5454 1974 5519 qui
2007 5451 2227 5507 Grzecos
2255 5454 2463 5509 calamo
2489 5466 2740 5509 exaratos
2767 5458 2979 5509 C(NiH'I'S
3016 5456 3322 5520 inspexerit.

1952 5522 2073 5596 (66)_
2122 5522 2182 5579 Si
2214 5528 2543 5596 respondeas.
2571 5526 2673 5579 Pro
2696 5525 3020 5596 δρᾲζωνται,
3073 5529 3185 5592 lege
3215 5524 3453 5596 δράξων-

1880 5608 1990 5647 ται.
2035 5594 2101 5647 Ει
2136 5594 2294 5663 paulo
2327 5604 2444 5658 post
2475 5612 2568 5664 pro
2611 5596 2709 5649 οὐκ
2732 5592 2851 5657 ὀῦν,
2896 5602 3028 5663 lege,
3065 5599 3106 5647 si
3139 5592 3306 5664 magis
3336 5599 3454 5664 pla--

1880 5673 1987 5727 cet,
2016 5664 2341 5732 conjunctint
2380 5665 2595 5721 οὐκοῦν.
2626 5668 2733 5736 ligo
2766 5669 2968 5721 codiets
2987 5668 3307 5737 scripturam
3336 5678 3455 5719 tnu-

1883 5738 2097 5789 tandam
2118 5750 2221 5788 non
2248 5736 2449 5803 putavi.
