3970 6406
507 365 619 424 285

1744 357 1982 412 DlDYMl
2021 357 2196 412 ALEX
2208 353 2491 412 ANDRINI

3654 351 3768 409 284

504 477 712 538 tecedit
763 490 888 534 cum
931 475 1075 532 Deus
1121 475 1187 530 'et
1242 474 1404 530 Pater
1464 475 1559 544 qui
1619 476 1915 546 generavit,
1978 487 2088 532 tum

2203 476 2294 546 τῆς
2341 475 2498 545 δόξης
2543 473 2710 526 αὐτου
2750 470 2780 524 ὁ
2823 469 2985 532 Υἱόςο
3021 468 3115 522 καὶ
3147 467 3297 521 οὐδὲν
3352 468 3542 523 τούτου
3600 473 3769 541 μέσον

505 571 562 639 9
585 569 838 638 splendor
866 567 975 636 (67)
1007 566 1192 636 gloria:
1223 566 1388 631 illius,
1421 566 1591 620 Filius
1628 585 1642 621 :
1685 567 1928 636 nihilque
1975 583 2088 622 me-

513 660 660 712 dium
699 659 840 712 inter
873 658 1036 721 hunc,
1070 665 1123 710 et
1156 658 1327 721 illum,
1359 673 1424 711 ex
1465 673 1572 725 quo
1601 667 1705 722 est,
1734 659 1961 728 cogitari
1991 675 2088 728 po-

513 757 640 802 test.
673 746 936 801 Similiter
965 762 1093 800 vero
1122 758 1178 800 et
1213 748 1388 816 imago
1426 747 1522 803 Dei
1541 749 1651 817 (68)
1698 764 1756 801 se
1785 750 1964 804 habet.
1998 750 2090 804 Est

512 844 694 890 autem
735 844 993 905 praeterea
1021 835 1060 889 F
1067 835 1188 889 ilius
1229 833 1338 904 (69)
1386 836 1558 903 prima
1599 835 1938 901 exsistentia,
1972 849 2090 903 quae

513 927 652 980 velle
689 937 780 980 aut
827 926 963 980 nolle
1009 941 1114 980 non
1165 927 1378 995 incipit,
1417 941 1520 980 nee
1549 927 1768 980 desinit.
1798 926 2092 980 Generavit

515 1033 645 1090 ergo
673 1019 725 1072 in
762 1028 977 1082 natura,
998 1033 1116 1087 qua:
1149 1018 1378 1072 consilio
1421 1027 1474 1070 et
1508 1026 1685 1071 mente
1713 1018 1959 1087 superior
1986 1026 2085 1088 est.

517 1109 622 1165 Sed
651 1107 997 1180 insuperl70)
1032 1112 1155 1175 ista,
1187 1125 1347 1178 quam
1378 1119 1706 1179 proponunt,
1739 1111 1961 1177 quaestio
1994 1111 2091 1162 ab-

516 1200 784 1256 surditate
812 1199 966 1268 plena
993 1212 1072 1255 est
1101 1221 1114 1255 :
1149 1198 1398 1268 praecedit
1419 1200 1561 1253 enim
1596 1200 1926 1254 voluntatem
1971 1199 2091 1270 qui-

519 1294 641 1347 dem
699 1291 879 1362 passio
933 1292 1206 1354 desiderii,
1264 1278 1365 1345 hac
1406 1301 1584 1344 autem
1638 1293 1779 1361 quod
1824 1300 1908 1346 est
1957 1291 2096 1346 nolle

517 1385 757 1454 quidem,
802 1385 894 1438 sed
935 1392 1108 1438 tamen
1161 1383 1359 1448 facere,
1404 1383 1660 1453 praecedit
1703 1384 1995 1438 necessitas
2041 1395 2097 1437 et

516 1476 792 1539 violentia,
824 1489 886 1528 ac
921 1475 1079 1529 simul
1103 1484 1228 1528 ante
1263 1475 1403 1529 hanc
1441 1475 1626 1528 volitio
1664 1474 2008 1541 intelligitur,
2045 1484 2099 1529 et

517 1574 646 1622 ante
697 1567 1008 1622 volitionem
1059 1566 1296 1636 cognitio
1341 1566 1697 1635 hypostaseos
1741 1567 1939 1631 Patris,
1980 1584 2098 1636 quae

521 1666 699 1712 tamen
745 1658 987 1721 omnino,
1045 1666 1102 1710 et
1150 1655 1396 1709 absolute
1453 1654 1552 1708 sibi
1607 1655 2096 1711 consubsistentem

520 1748 682 1803 habet
715 1748 1076 1817 splendorem.
1108 1747 1372 1800 Praeterea
1393 1745 1438 1800 si
1467 1746 1646 1799 omnia
1689 1761 1780 1815 per
1813 1746 2006 1800 Filium
2032 1761 2098 1800 ex

2187 569 2283 621 καὶ
2351 566 2564 620 ἐκείνου
2628 563 2689 628 ἐξ
2754 553 2815 615 οὗ
2875 564 3022 614 ἐστιν
3095 562 3450 632 ἐπινοηθῆναι
3515 561 3766 624 δύναται.

2145 710 2154 718 ,
2201 658 2432 730 Ὁμοίως
2463 657 2520 709 δὲ
2551 655 2648 710 καὶ
2690 657 2722 726 ή
2760 651 2923 708 εἰκὼν
2956 651 3048 706 τοῦ
3093 651 3250 705 Θεοῦ.
3285 653 3472 705 Ἔστιν
3512 652 3568 704 δὲ
3604 653 3770 709 πάλιν

2187 754 2216 807 ό
2250 751 2376 814 Υἱὸς
2413 752 2513 803 οὐκ
2548 748 2828 820 ἀρχομένη
2861 746 2982 800 οὐδὲ
3036 744 3316 815 παυομένη
3358 743 3548 816 πρώτη
3586 744 3774 817 ὓπαρ-

2192 845 2272 908 ξις
2307 843 2406 914 τῆς
2438 841 2746 912 θελήσεως,
2794 840 2826 910 ἢ
2866 838 2940 909 μὴ
2972 836 3263 908 θελήσεως.
3310 837 3628 908 Ἐγέννησεν
3671 833 3773 891 οὖν

2192 938 2248 989 ὲν
2274 936 2340 1006 τῇ
2378 934 2522 1005 ὑπὲρ
2559 931 2754 1003 βουλὴν
2782 931 2878 983 καὶ
2906 928 3032 982 νοῦν
3067 927 3247 998 φύσει.
3297 928 3457 981 Ἀλλὰ
3485 929 3578 982 καὶ
3609 930 3705 1000 ἥδε
3737 932 3771 1000 ἡ

2194 1024 2456 1095 πρότασις
2493 1019 2674 1075 αὐτῶν
2698 1059 2712 1084 ,
2753 1017 2986 1079 ἀτοπίας
3011 1015 3341 1085 ἀνάμεστος.
3386 1015 3631 1083 Ἦγεῖται
3658 1015 3774 1086 γάρ

2192 1112 2286 1166 τοῦ
2326 1114 2422 1184 μὲν
2455 1111 2652 1175 Θέλειν,
2696 1109 2868 1171 πάθος
2901 1105 3229 1178 ἐπιθυμίας·
3260 1103 3355 1159 τοῦ
3399 1103 3457 1156 δὲ
3492 1104 3565 1177 μὴ
3592 1104 3776 1159 Θέλειν

2199 1204 2317 1275 μὲν,
2354 1205 2528 1256 ποιεῖν
2557 1202 2634 1266 δὲ,
2675 1203 2709 1271 ἡ
2739 1199 2797 1266 ἐξ
2829 1199 3074 1269 ἀνάγκης
3104 1196 3195 1266 βία
3241 1193 3379 1266 μετά
3417 1193 3509 1248 τοῦ
3543 1212 3778 1266 προεπι-

2195 1295 2431 1349 νοεῖσθαι
2474 1296 2572 1364 τὴν
2618 1293 2906 1363 βούλησιν·
2947 1290 3041 1343 καὶ
3070 1288 3179 1358 πρὸ
3207 1288 3420 1359 ἐκείνης
3461 1288 3560 1358 τὴν
3601 1286 3671 1360 [4
3703 1286 3774 1361 b]

2195 1389 2379 1457 νόησιν
2411 1387 2513 1456 τῆς
2546 1385 2639 1439 τοῦ
2693 1384 2910 1454 Πατρὸς
2951 1381 3305 1444 ὑποστάσεως
3344 1381 3443 1452 τῆς
3487 1380 3660 1451 πάντη
3712 1397 3775 1434 τε

2197 1481 2290 1534 καὶ
2315 1479 2532 1541 πάντως
2562 1477 2793 1548 ἐχούσης
2818 1473 3146 1543 συνυφεστὺς
3170 1473 3227 1525 τὸ
3246 1473 3604 1542 ἀπαύγασμα.
3627 1472 3778 1541 Πρὸς

2197 1570 2372 1640 τούτῳ
2403 1573 2451 1622 εἰ
2480 1568 2792 1620 πιστεύουσι
2819 1566 2887 1619 τὰ
2916 1565 3094 1618 πάντα
3126 1566 3189 1616 ὲκ
3215 1561 3314 1632 τῆς
3345 1563 3651 1633 βουλήσεως
3677 1562 3776 1616 τοῦ

2199 1661 2410 1732 Πατρὸς
2453 1659 2540 1712 διὰ
2577 1657 2669 1712 τοῦ
2718 1656 2847 1710 Tia?)
2889 1655 3204 1724 γεγονέναι,
3249 1657 3310 1708 οὐ
3356 1654 3699 1726 προῦπάρχει
3743 1655 3779 1724 ἡ

2204 1752 2473 1822 βούλησις.
2515 1749 2819 1821 Ἀμήχανον
2852 1748 2960 1818 γὰρ
2989 1748 3082 1800 καὶ
3110 1745 3395 1808 ἀδύνατον,
3441 1744 3514 1815 μὴ
3544 1745 3636 1796 τὸν
3669 1748 3780 1814 Δη-

526 1839 802 1893 voluntate
865 1838 1040 1892 Patris
1100 1839 1238 1892 facta
1291 1852 1414 1891 esse
1473 1837 1735 1902 credunt,
1789 1853 1894 1891 non
1958 1855 2087 1906 prie-

2203 1843 2461 1915 μιουργὸν
2500 1842 2818 1911 ὑφεστάναι,
2859 1841 2953 1892 καὶ
2997 1837 3288 1909 μετέπειτα
3328 1835 3571 1906 δεδόχθαι
3609 1835 3669 1888 τὸ
3709 1835 3776 1888 δι’

521 1929 736 1982 exsistit
768 1928 1017 1983 voluntas
1052 1947 1064 1981 :
1099 1928 1212 1980 ﬁeri
1253 1926 1397 1980 enim
1442 1926 1586 1980 nullo
1621 1927 1778 1980 modo
1813 1937 2008 1996 potest,
2039 1937 2098 1982 ut

522 2020 704 2088 Opilex
737 2035 844 2073 non
879 2019 1161 2080 subsistat,
1200 2027 1253 2070 et
1293 2029 1478 2085 postea
1512 2025 1733 2086 putetur
1768 2019 1966 2082 aliquid
2003 2033 2100 2086 per

521 2110 695 2176 ipsum
728 2119 967 2163 creatum
995 2123 1132 2162 esse.
1166 2108 1360 2162 Verum
1413 2109 1513 2161 hoc
1551 2124 1765 2177 quoque
1785 2097 1894 2180 (7i)
1935 2109 2098 2163 insci-

523 2202 612 2254 tia:
664 2201 874 2269 plenum
916 2211 1017 2254 est.
1072 2201 1128 2254 Si
1153 2201 1294 2253 enim
1323 2199 1401 2253 ait
1436 2200 1549 2268 ipse
1576 2199 1718 2268 :ls‘go
1747 2216 1860 2252 sum
1882 2199 2016 2269 (72),
2050 2209 2100 2252 et

524 2301 756 2344 mutatus
792 2307 892 2344 non
946 2291 1042 2358 fui,
1084 2291 1348 2360 quomodo
1375 2290 1728 2345 immutabilis
1756 2301 1945 2344 natura
1980 2307 2091 2343 mu-

522 2382 712 2435 tationi
763 2381 950 2450 subjici
1012 2392 1186 2450 potest
1236 2382 1530 2436 secundum
1596 2383 1936 2452 hypostases,
1993 2396 2096 2436 non

2196 1932 2362 1986 αὐτοῦ
2391 1933 2823 2003 δημιουργήσαι.
2867 1929 3026 1982 Ἀλλά
3059 1927 3332 1982 καὶτοῦτο
3356 1928 3648 1990 ἀσυνεσίας
3681 1943 3782 1996 με·

2197 2023 2340 2078 στόν.
2377 2024 2438 2075 Εἰ
2470 2021 2578 2092 γὰρ
2617 2021 2779 2083 αὐτός
2806 2035 3000 2089 φησιν·
3044 2018 3184 2088 Ἐγὼ
3217 2018 3356 2087 εἰμὶ,
3393 2017 3491 2070 καὶ
3524 2019 3634 2070 οὐκ
3664 2017 3779 2082 ἠλ-

2196 2113 2475 2181 λοίωμαι·
2509 2111 2685 2182 πῶςὴ
2729 2109 3085 2172 ἀναλλοίωτος
3133 2107 3294 2177 φύσις
3324 2108 3608 2161 ἀλλοίωσιν
3650 2108 3783 2160 ὑπο-

2201 2204 2412 2272 σταίνη,
2449 2204 2589 2256 κατά
2626 2204 2724 2266 τὰς
2765 2202 3093 2264 ὑποστάσεις
3134 2199 3207 2270 μὴ
3241 2201 3297 2254 ὲν
3342 2200 3630 2269 ταυτότητι
3667 2198 3784 2252 τῶν

2206 2293 2512 2363 προσώπων
2566 2292 2815 2356 ἑστῶσα,
2868 2291 3004 2344 άλλά
3059 2292 3351 2360 κινουμένη
3399 2290 3494 2344 καὶ
3543 2290 3783 2360 μεταπι-

2205 2403 2447 2448 πτουσα;
2497 2386 2620 2438 Ἔτι
2661 2385 2764 2437 καὶ
2808 2383 2964 2437 τοῦτο
3016 2399 3026 2414 ·
3081 2384 3142 2435 Εἰ
3187 2382 3405 2451 ἀληθὲς,
3451 2382 3637 2452 ὥσπερ
3684 2377 3782 2434 οὖν

525 2474 791 2527 manendo
831 2474 882 2526 in
924 2471 1201 2527 identitate
1245 2489 1619 2542 personarum,
1651 2475 1744 2528 sed
1784 2474 1946 2526 veluti
1981 2489 2100 2527 mod

2206 2476 2420 2546 ἀληθὲς,
2452 2475 2530 2539 τὸ,
2563 2477 2740 2543 Ἃπερ
2775 2473 2852 2526 ἂν
2887 2477 2919 2527 ό
2946 2474 3148 2541 Πατὴρ
3186 2473 3349 2540 ποιτῇ,
3387 2473 3570 2525 ταῦτα
3608 2473 3711 2524 καὶ
3748 2475 3782 2525 ὁ

527 2575 639 2619 tmn
706 2580 768 2618 ac
829 2567 1334 2619 transmutationem
1403 2566 1720 2620 subeundo?
1782 2565 2003 2634 Insuper
2047 2575 2102 2618 et

526 2651 754 2724 boc(75)
793 2654 962 2706 addo:
996 2654 1048 2706 Si
1101 2669 1286 2707 verum
1343 2663 1443 2715 est,
1491 2664 1549 2707 ut
1591 2670 1777 2707 verum
1828 2669 1959 2708 sane
1997 2663 2100 2718 est,

529 2745 697 2799 illud:
732 2747 1064 2816 Quwcunque
1103 2747 1205 2816 ιο
1256 2747 1381 2815 facit
1403 2747 1514 2816 (74)
1560 2745 1744 2813 Pater,
1802 2746 1913 2798 luce
1948 2748 2104 2799 etiant

529 2834 703 2890 Filius
745 2839 984 2890 similiter
1038 2838 1200 2904 facit;
1235 2839 1395 2892 faciet
1426 2841 1584 2892 etiam
1615 2838 1785 2892 Filius
1815 2838 1976 2890 alium
2015 2837 2106 2890 Fi-

529 2925 680 2991 lium,
716 2938 772 2981 ut
799 2934 976 2983 omnia
1009 2931 1192 2999 faciat,
1231 2949 1348 3002 qua:
1393 2933 1520 2988 facit
1572 2934 1752 2988 Pater.
1795 2932 1930 2987 Cum
1977 2946 2106 3002 ergo

603 3105 714 3178 (6'7)
747 3105 1020 3178 Splendor.
1081 3110 1151 3164 Ex
1182 3110 1350 3178 Epist.
1388 3111 1451 3164 ad
1487 3110 1644 3165 llebr.
1681 3127 1721 3173 ι,
1750 3110 1804 3163 5.

601 3176 713 3243 (68)
744 3176 926 3244 Imago
976 3180 1092 3235 Dei.
1131 3176 1366 3248 Respicit
1387 3198 1448 3236 ea
1470 3180 1618 3234 Pauli
1649 3183 1711 3235 de
1742 3180 1958 3234 Christo
1986 3193 2104 3232 ver-

533 3244 621 3301 ba.
662 3262 778 3313 quae
802 3252 1090 3301 exstanti"
1132 3244 1359 3314 Epistula
1392 3253 1456 3304 ad
1491 3252 1696 3305 Coloss.
1737 3266 1773 3312 I,
1843 3248 1944 3303 15:
2002 3249 2102 3312 Ὃς

532 3317 678 3391 εστιν
724 3315 886 3391 sixth?
930 3319 1022 3371 τοῦ
1050 3319 1318 3391 ῌΘεοῦίτοῦ
1343 3321 1608 3391 ἀοράτου,
1650 3322 1698 3374 id
1735 3329 1839 3382 est,
1887 3318 2100 3391 Quiest

531 3386 702 3454 imago
743 3387 831 3439 Dei
854 3389 1150 3441 invisibilis.
1183 3386 1439 3444 Nimirum
1470 3390 1654 3451 Filius,
1689 3400 1746 3443 ut
1773 3390 1904 3444 scite
1931 3390 2102 3442 anim-

533 3454 1060 3527 atlj'erlil_0rigenes
1100 3461 1234 3513 libro
1273 3476 1325 3512 vt
1361 3470 1541 3513 contra
1579 3460 1808 3521 Celsum,
1831 3469 1913 3512 est
1939 3457 2102 3510 εἰκὼν

535 3523 825 3596 ῖοῦᾼφεοῦ,
859 3523 922 3578 id'
944 3540 1025 3580 est
1059 3530 1230 3596 imago
1274 3529 1394 3594 Dei,
1436 3545 1532 3583 nos
1577 3545 1703 3584 vero
1740 3529 1870 3582 κατ’
1918 3529 2103 3582 εἰκόνα

534 3593 689 3650 Θεοῦ.
727 3598 775 3667 id
804 3606 886 3648 est
920 3598 987 3650 od
1012 3593 1288 3662 imaginem
1333 3593 1444 3652 Dei.
1480 3600 1868 3667 Argumentum
1900 3615 2060 3667 porro
2084 3639 2099 3664 ,

534 3668 675 3740 quod
698 3666 787 3718 vix
820 3668 1028 3740 duobus
1048 3669 1224 3722 verbis
1246 3669 1458 3740 attingit
1488 3666 1742 3740 Didymus
1767 3666 1934 3740 hocin
1961 3669 2098 3740 loco,

536 3734 815 3802 aliquanto
871 3737 1028 3791 latius
1080 3749 1203 3792 ante
1251 3734 1408 3791 illuni
1452 3734 1740 3792 diduiterat
1796 3739 2104 3791 Alexander

535 3803 928 3877 Alexandrinus
954 3807 1004 3858 iu
1030 3808 1196 3874 prima
1219 3807 1500 3877 Encyclica
1520 3809 1758 3874 epistola,
1783 3823 1942 3876 quam
1973 3823 2101 3861 cono

540 3883 618 3925 Ira
643 3876 827 3945 Arium
873 3877 1107 3943 scripsit.
1153 3879 1210 3928 lit
1243 3876 1434 3930 metito
1481 3881 1720 3945 quidem.
1752 3879 1826 3932 Ex
1862 3897 1928 3934 eo
1959 3879 2101 3929 enim

539 3947 679 4006 quod
705 3943 870 3996 Filius
897 3947 1072 4013 imago
1099 3946 1270 4001 Patris
1299 3943 1534 4016 perfecta
1576 3949 1643 4000 sit
1670 3987 1684 4011 ,
1717 3961 1863 4002 recte
1891 3947 2102 4012 colligi-

539 4022 645 4086 tur.
681 4031 800 4066 eum
851 4024 1111 4086 :rternum
1142 4033 1290 4078 esse,
1345 4019 1483 4070 sicut
1521 4030 1755 4071 aeternus
1795 4028 1877 4072 est
1920 4016 2099 4070 Pater.

542 4081 720 4154 Neque
765 4086 902 4135 enim
938 4084 1111 4136 Patris
1142 4086 1317 4154 imago
1351 4097 1431 4139 est
1453 4127 1468 4150 ,
1501 4102 1562 4140 ex
1601 4089 1767 4140 nihilo
1797 4087 1934 4142 faeta
1961 4127 1976 4151 ,
2011 4089 2103 4140 sed

537 4152 604 4203 ab
631 4153 942 4219 illogenita,
986 4165 1042 4206 ιιι
1071 4152 1336 4208 testantur
1383 4172 1550 4210 sacrm
1576 4155 1793 4210 Littera:
1833 4175 1844 4211 :
1875 4172 2105 4224 quapro—

538 4232 677 4288 pter,
709 4233 763 4273 nt
802 4225 1000 4289 optime
1040 4225 1116 4277 ait
1151 4226 1198 4276 in
1236 4225 1373 4277 libro
1401 4236 1580 4277 contra
1617 4243 1900 4279 sermonem
1942 4228 2102 4277 Aria-

539 4307 724 4364 norum
755 4293 1106 4364 Augustinus,
1141 4294 1270 4364 nihil
1301 4297 1469 4348 minus
1503 4296 1681 4354 liabet,
1709 4313 1866 4364 quant
1896 4295 1982 4350 ille
2012 4311 2104 4348 cu-

531 4360 624 4434 jus
651 4363 819 4434 imago
852 4373 945 4413 est.
981 4361 1112 4434 _Vide
1144 4363 1366 4434 inferius
1407 4381 1574 4434 segm.
1610 4365 1674 4416 17
1704 4360 1750 4421 6.

2213 2566 2343 2631 Υἱὸς
2369 2567 2582 2633 ὁμοίως
2613 2565 2801 2618 ποιεῖ’
2836 2567 3052 2636 ποιήσει
3087 2567 3180 2619 καὶ
3211 2567 3238 2617 ὁ
3272 2567 3398 2625 Υἱὸς
3428 2565 3585 2618 ἄλλον
3622 2565 3778 2620 Υἱὸν.

2201 2657 2290 2711 ἵνα
2344 2657 2521 2710 πάντα
2567 2656 2768 2726 ὁμοίως
2834 2655 2912 2726 τῷ
2960 2656 3136 2728 Πατρὶ
3192 2657 3426 2728 ποιήσῃ·
3478 2657 3536 2707 εἰ
3572 2656 3625 2708 δὲ
3675 2656 3782 2709 οὐκ

2203 2748 2460 2818 ἐποίησεν
2492 2748 2614 2801 οὐδὲ
2640 2749 2816 2806 ποιεῖ,
2855 2749 2956 2800 οὐκ
2987 2748 3132 2800 ἔστιν
3162 2748 3388 2818 κτίσμα,
3418 2747 3525 2800 οὐδ’
3560 2749 3779 2816 ἡγεῖται

2204 2839 2369 2892 αὐτοῦ
2420 2839 2658 2912 πατρικὴ
2706 2839 2978 2910 βούλησις.
3036 2841 3257 2910 Εἵποιμι
3305 2841 3398 2893 καὶ
3439 2839 3664 2910 ἕτερον’
3715 2839 3780 2891 Εἰ

2205 2930 2408 2999 λέγειὸ
2450 2932 2674 3002 Σωτήρ·
2722 2931 2960 3000 Θέλημα
2999 2931 3106 2986 τοῦ
3149 2930 3498 2999 πέμψαι·τός
3532 2947 3629 2999 με,
3675 2930 3782 2984 ἵνα

2129 3111 2170 3168 C
2207 3107 2485 3168 itionibus,
2511 3107 2682 3175 qualis
2713 3118 2793 3161 est
2829 3118 2941 3162 tunc
2962 3149 2976 3170 ,
3014 3107 3092 3160 ἔτι
3124 3107 3215 3160 καὶ
3246 3107 3403 3160 τοῦτο
3425 3147 3440 3169 ,
3472 3118 3522 3159 ει
3557 3122 3618 3158 ea
3656 3123 3781 3176 qute

2207 3192 2330 3249 mox
2380 3189 2662 3249 occurret,
2702 3178 2910 3249 εἴποιμι
2950 3179 3043 3249 και
3077 3179 3286 3247 ἕτερον,
3322 3180 3488 3231 utitur
3519 3178 3780 3248 Didymus

2203 3247 2359 3300 initio
2387 3262 2600 3315 quoque
2631 3248 2749 3299 libri
2783 3247 2962 3301 contra
2993 3247 3331 3302 Manio/imos.

2274 3317 2384 3384 (74)
2420 3318 2750 3385 Quwcunqite
2781 3318 2928 3384 facit.
2961 3317 3152 3371 Joann.
3195 3333 3244 3378 ν,
3279 3318 3362 3380 19,
3409 3317 3497 3370 ubi
3533 3318 3776 3380 legitur:

2207 3388 2274 3459 Ἃ
2302 3387 2409 3459 γάρ
2438 3385 2503 3459 ᾂν
2539 3387 2742 3459 ἐκεῖνος
2773 3391 2918 3459 ποιῇ,
2957 3389 3131 3459 idest,
3157 3386 3489 3459 Qurecimque
3518 3388 3656 3459 enim
3688 3388 3782 3442 ille

2201 3455 2403 3524 fecerit.
2443 3455 2704 3510 Nimirum
2735 3455 2996 3512 ειιιιΓνοι
3017 3499 3031 3519 ,
3063 3458 3150 3510 ille
3175 3497 3189 3520 ,
3240 3455 3453 3510 Patrem
3492 3458 3778 3525 designet,

2205 3527 2404 3580 idcirco
2439 3526 2694 3595 Didymus
2725 3529 3096 3595 explicationis
3117 3542 3276 3580 causa
3328 3527 3468 3588 voci,
3504 3527 3615 3590 ille,
3644 3529 3780 3581 sub-

2202 3596 2376 3650 stituit
2398 3609 2604 3656 vocem,
2643 3595 2819 3652 Pater.
2846 3599 3041 3651 Eodem
3069 3598 3228 3651 modo
3259 3612 3367 3664 quo
3389 3595 3648 3665 Didymus
3680 3598 3783 3651 hoc

2201 3665 2255 3718 in
2289 3665 2425 3726 loco,
2455 3681 2516 3718 ea
2563 3667 2723 3736 verba
2757 3670 2890 3721 citat
2922 3669 3256 3736 Augustinus
3290 3667 3341 3718 in
3392 3666 3530 3719 libro
3563 3676 3777 3736 contra

2200 3751 2486 3806 sermonem
2523 3735 2860 3806 Arianorum,
2890 3734 3108 3806 cap.:‘15
3128 3775 3143 3798 ,
3169 3745 3222 3790 et
3249 3735 3339 3789 alii
3372 3737 3533 3789 etiam
3562 3734 3779 3790 Patres.

2203 3803 2461 3874 Didymus
2486 3819 2616 3858 vero
2641 3806 2694 3858 in
2729 3805 2864 3860 libro
2901 3803 2970 3859 De
3008 3805 3212 3866 Spiritu
3252 3816 3452 3869 sancto,
3490 3820 3614 3872 pag.
3646 3807 3778 3871 MS,

2203 3885 2262 3927 ut
2291 3883 2372 3928 est
2403 3875 2453 3944 in
2483 3874 2690 3936 Bibliis,
2720 3875 2790 3927 ita
2826 3878 2992 3930 citat:
3023 3876 3297 3944 Scriptum
3330 3889 3411 3930 est
3445 3882 3626 3928 autem
3662 3877 3778 3938 (ἕης

2203 3946 2333 4016 quit)
2362 3962 2375 3998 :
2403 3943 2533 4008 Quae
2557 3946 2695 4016 enim
2723 3944 2812 4000 ille
2842 3947 2990 4016 facit,
3016 3943 3156 3998 haud
3185 3946 3404 4016 dubium
3435 3945 3563 4016 quin
3594 3945 3781 4010 Pater,

2203 4012 2314 4067 haec
2343 4016 2522 4084 eadem
2559 4012 2732 4067 Filius
2777 4012 3020 4069 similiter
3050 4016 3197 4084 facit.
3233 4015 3431 4084 Nempe
3455 4012 3589 4069 illud
3616 4027 3776 4070 vetuo

2205 4087 2318 4155 stis
2338 4083 2585 4137 Patribus
2612 4085 2661 4155 in
2693 4100 2840 4139 more
2867 4083 3101 4155 positum
3131 4095 3233 4153 est,
3266 4094 3324 4138 ut
3363 4087 3522 4139 modo
3554 4086 3780 4152 quidem

2205 4154 2497 4221 Scriptura:
2529 4153 2713 4215 verba,
2745 4153 2906 4209 modo
2940 4169 3117 4209 autem
3148 4169 3363 4209 sensum
3406 4157 3671 4208 duntaxat
3700 4157 3783 4210 al-

2206 4223 2402 4292 legent.
2467 4223 2618 4288 Quod
2673 4234 2879 4292 spectat
2921 4226 2986 4279 ad
3036 4226 3168 4280 alios
3214 4223 3436 4290 Patres,
3494 4240 3608 4278 rem
3638 4226 3783 4280 hanc

2206 4293 2466 4361 exemplis
2495 4294 2768 4348 illustrare
2795 4309 3249 4364 supervacaneum
3277 4305 3404 4362 puto
3429 4313 3442 4347 :
3475 4294 3611 4349 satis
3631 4297 3783 4350 enim

2207 4373 2307 4424 est,
2343 4374 2399 4414 ut
2425 4364 2659 4432 quisvel
2694 4379 2862 4432 pauca
2893 4365 3183 4418 Clementis
3210 4364 3595 4428 Alexandrini,
3625 4367 3781 4419 verni

611 4429 721 4497 (159)
752 4433 939 4486 Filius.
980 4432 1286 4503 Legendum
1330 4429 1510 4488 forsa'n
1537 4474 1551 4499 ,
1603 4438 1630 4489 ὁ
1666 4437 1851 4507 Πατήρ
1875 4476 1890 4502 ,
1931 4436 1983 4490 id
2024 4447 2107 4490 est
2141 4449 2181 4504 ι)
2210 4435 2401 4507 gratia,
2429 4429 2518 4487 aut
2546 4429 2740 4507 Justini
2781 4435 2902 4486 l'olia
2939 4445 3237 4507 percurrat,
3260 4445 3456 4507 etrrem
3487 4436 3557 4487 ita
3588 4450 3648 4488 se
3680 4436 3783 4489 ita-

546 4496 721 4551 Pater.

618 4568 880 4645 (70)”Segl
914 4573 1142 4640 insuper.
1191 4571 1467 4628 Librarius
1494 4575 1711 4644 scripsit
1745 4593 1756 4628 :
1800 4576 1864 4628 'H
1894 4575 1950 4628 δὲ
1977 4576 2110 4645 πρό-

537 4655 709 4713 τασις,
741 4641 844 4713 Sed
872 4642 922 4713 in
974 4645 1299 4713 membrana:
1330 4646 1567 4713 margine
1596 4641 1938 4700 etnettdatutn
1979 4641 2061 4701 est
2091 4664 2104 4700 :

553 4709 717 4782 ’Δλζλᾲ
746 4711 839 4782 καὶ
864 4711 958 4778 ἥδε
987 4712 1020 4781 ἡ
1049 4713 1330 4782 πρότασις.

610 4780 720 4846 (7|)
771 4778 956 4832 Verum
1002 4778 1103 4834 hoc
1139 4799 1356 4851 quoque.
1398 4783 1525 4840 Ηίεε
1556 4785 1719 4839 verba
1755 4805 1766 4839 :
1813 4785 1971 4838 Ἀλλὰ
2015 4787 2109 4838 καὶ

539 4851 717 4925 τοῦτο,
754 4858 814 4925 ει
848 4852 1054 4925 reliqua
1092 4867 1260 4925 usque
1316 4856 1380 4908 ad
1427 4856 1522 4908 καὶ
1559 4857 1976 4925 μεταπίπτουσα
2001 4896 2015 4918 ,
2051 4858 2103 4909 in

541 4923 749 4974 codicis
784 4920 1149 4992 Passioneiani
1193 4925 1432 4992 margine
1461 4920 1640 4979 addita
1666 4939 1810 4980 sunt.
1838 4925 1978 4979 Fieri
2007 4941 2105 4992 po-

544 5000 649 5063 test
695 4999 751 5063 ut
793 4990 1130 5063 DitlYtllllell
1167 4992 1270 5046 sint
1306 4990 1334 5046 ;“
1355 5011 1454 5063 ego
1509 5011 1634 5048 vero
1681 5011 1740 5048 ea
1785 4997 1837 5049 in
1895 4990 2097 5049 textum

543 5059 745 5131 insrriti
772 5058 961 5131 ,φημι
996 5058 1202 5131 Didymi
1228 5079 1348 5117 esse
1385 5058 1764 5118 existimarint.

614 5128 726 5205 (7‘2)
765 5129 873 5205 Ego
898 5147 1030 5205 sum.
1065 5128 1299 5205 ll‘lalach.
1330 5137 1515 5205 "1,76,
1547 5135 1631 5188 ubi
1671 5136 1864 5205 legitur
1907 5154 1920 5190 :
1961 5135 2107 5203 Ἐγὼ

541 5199 746 5274 Ιξύριος
777 5200 806 5251 ὁ
839 5199 968 5274 Qad;
1006 5200 1194 5270 ὑμῶν,
1249 5203 1350 5256 οὐκ
1399 5199 1743 5274 ὴλλοίωμαιξ
1767 5205 1814 5258 id
1854 5215 1956 5268 est,
2000 5199 2110 5274 Ego

543 5270 800 5323 Dominus
852 5270 990 5322 Deus
1033 5283 1214 5333 vester,
1266 5290 1366 5326 non
1400 5270 1515 5328 sum
1566 5270 1822 5328 initiatus.
1859 5270 2108 5328 Nonnulli

544 5355 673 5417 vero
739 5355 866 5417 mss.
915 5341 1078 5417 codd.
1128 5342 1354 5417 habent
1402 5361 1416 5396 :
1483 5345 1577 5398 καὶ
1633 5347 1732 5399 οὐκ
1785 5345 2106 5417 ἡλλοίωμαι.

541 5409 850 5463 Alexander
902 5411 1292 5464 Alexandrinus
1343 5413 1394 5465 in
1437 5417 1669 5469 secunda
1715 5409 1890 5468 contra
1925 5409 2111 5468 Arium

543 5477 827 5554 Eurydica
862 5480 1099 5554 epistola,
1146 5497 1305 5546 quam
1341 5483 1621 5554 Didymum
1661 5489 1972 5542 memoriter
1996 5488 2111 5540 edi-

545 5549 741 5624 d_iei_s_se
773 5551 1091 5624 crediderim
1127 5553 1408 5624 (meritoria
1439 5549 1580 5624 enim
1607 5567 1722 5609 erat
1765 5555 2108 5624 incredibili),

547 5619 778 5672 similem
816 5620 1033 5673 Arianis
1077 5622 1341 5675 rationem
1376 5623 1581 5690 objicit,
1626 5639 1680 5680 et
1713 5627 1986 5682 Malachia:
2033 5619 2111 5682 lo-

545 5691 842 5768 cut‘tLbu'nc
871 5691 1062 5745 iisdem
1099 5693 1459 5768 verbishcitat,
1491 5697 1684 5768 quibus
1721 5696 1996 5768 Didymus.

616 5759 729 5831 (75)
759 5758 982 5831 Insuper
1026 5763 1223 5816 ethoc.
1275 5758 1532 5821 Brevibus
1581 5758 1882 5836 bujusmodi
1924 5779 2099 5824 trans-

2212 4506 2338 4556 bere
2365 4504 2677 4572 comperiet.
2707 4504 2859 4569 Quod
2893 4520 3021 4558 vero
3049 4505 3241 4557 attinet
3269 4505 3333 4556 ad
3367 4505 3650 4573 Didymum
3678 4521 3782 4559 tto-

2209 4584 2379 4626 strum
2408 4613 2422 4637 ,
2465 4589 2566 4626 non
2620 4588 2800 4642 pauca
2842 4574 3080 4638 ejusdem
3135 4574 3213 4626 rei
3247 4573 3400 4627 nobis
3450 4576 3699 4642 exempla
3738 4577 3786 4631 is

2211 4644 2409 4709 praebet
2439 4644 2491 4695 in
2517 4644 2651 4697 libro
2682 4643 2756 4694 De
2780 4641 2980 4708 Spiritu
3024 4653 3226 4707 sancto,
3269 4647 3320 4695 in
3355 4643 3492 4697 libro
3527 4641 3791 4699 adversus»

2210 4711 2554 4775 Manichwos,
2607 4714 2657 4766 in
2692 4711 3154 4775 Emtrrationibus,
3215 4721 3270 4766 et
3318 4714 3517 4781 passim
3561 4714 3616 4765 in
3675 4717 3781 4770 hoc

2209 4797 2390 4848 opere.
2421 4782 2559 4847 Quin
2595 4784 2721 4836 illud
2756 4798 2971 4852 quoque
3007 4783 3404 4845 animadverti,
3449 4783 3743 4852 Didymum
3765 4825 3784 4851 ,

2209 4867 2328 4904 cum
2362 4858 2519 4906 verba
2558 4855 2669 4921 ipsa
2691 4892 2706 4913 ,
2748 4870 2850 4906 non
2895 4868 3108 4907 sensum
3143 4863 3346 4906 tantum
3380 4854 3548 4906 citare
3591 4856 3784 4908 volue—

2213 4922 2301 4978 rit.
2333 4924 2527 4976 addere
2567 4925 2766 4990 passim
2813 4928 2908 4974 has
2954 4923 3210 4975 formulas
3235 4963 3249 4981 .
3297 4923 3440 4976 κατὰ
3465 4922 3612 4986 λέξιν
3637 4963 3653 4986 ,
3689 4925 3785 4978 ἐπὶ

2209 4990 2425 5064 λέξεως,
2456 4993 2750 5058 αὑτολεξεὶ,
2774 4993 2909 5064 αὐτῇ
2934 4992 3098 5064 λέξει,
3127 4992 3332 5057 λέξεσιν
3357 4994 3568 5057 αὑταῖς,
3597 4996 3787 5059 αὐτοῖς

2213 5063 2438 5132 ῥήμασι,
2472 5064 2672 5134 ῥητῶς,
2699 5065 2884 5127 αὑταῖς
2924 5063 3234 5134 συλλαϐαῖς,
3272 5073 3360 5116 aut
3383 5065 3517 5116 alias
3549 5064 3782 5125 amnes;

2213 5133 2262 5184 id
2297 5145 2378 5184 est
2404 5172 2418 5192 ,
2450 5133 2534 5184 ad
2557 5138 2795 5197 verbum,
2825 5137 3008 5187 iisdem
3050 5133 3250 5198 verbis,
3290 5149 3559 5201 expresse,
3593 5135 3787 5188 iisdem

2209 5202 2446 5270 syllabis,
2473 5215 2576 5257 etc.
2611 5204 2779 5268 Quem
2813 5219 3013 5257 morem
3042 5213 3288 5258 secutum
3324 5203 3435 5260 fere
3463 5205 3622 5256 video
3655 5206 3787 5258 Cle-

2213 5287 2446 5327 mentem
2476 5288 2687 5342 quoque
2733 5273 3154 5328 Alexandrinum
3177 5314 3191 5336 ,
3223 5274 3540 5340 Gregorium
3574 5275 3784 5344 Nysse-

2212 5355 2362 5406 num,
2388 5357 2450 5397 ac
2475 5343 2761 5396 nonnullos
2798 5345 2952 5396 alios.
2981 5344 3132 5397 Adeo
3167 5353 3224 5396 ut
3250 5345 3350 5396 nisi
3381 5344 3558 5410 aliqua
3584 5343 3650 5397 es
3688 5347 3785 5397 hu-

2207 5411 2440 5479 jusmodi
2482 5413 2724 5466 formulis
2756 5414 3004 5478 addatur,
3033 5425 3182 5466 certo
3211 5429 3316 5466 non
3339 5423 3572 5472 constet,
3599 5425 3784 5466 utrum

2213 5485 2372 5535 verba
2409 5483 2518 5551 ipsa
2545 5521 2560 5546 ,
2602 5498 2666 5536 an
2702 5484 2967 5536 sententia
3002 5484 3175 5535 solum
3218 5485 3476 5552 allegetur
3528 5484 3652 5537 llaec
3699 5499 3789 5536 se-

2212 5553 2316 5607 mel
2343 5555 2627 5607 adnotasse
2658 5553 2908 5614 sulliciat,
2942 5568 3009 5606 ne
3031 5554 3314 5621 quisquam
3348 5552 3654 5621 hujusmodi
3695 5567 3788 5608 va-

2213 5624 2452 5691 rietates,
2484 5639 2603 5694 qua:
2633 5625 2826 5691 sa‘pius
2857 5625 2906 5677 in
2939 5634 3209 5691 posterum
3246 5631 3537 5678 occurrent
3557 5661 3571 5686 ,
3617 5622 3787 5678 inire-

2213 5704 2320 5747 ιιιν.
