3970 6406
198 361 306 420 289

1301 363 1388 417 DE
1426 359 1800 418 TRINITATE
1834 359 2035 414 LIBER
2074 356 2355 413 PRIMUS.

3351 361 3462 422 290

203 495 359 535 κνυσι
387 476 598 548 κτίσμα
637 478 728 531 τὸν
755 477 919 532 Υξόν.
947 477 1058 531 Καὶ
1087 495 1193 548 μην
1224 479 1359 550 πρὸς
1386 478 1483 549 τὴν
1513 477 1781 547 ὲνανθρὼ-

1887 475 1985 528 Hic
2008 485 2080 527 est
2106 474 2214 543 (87)
2248 475 2278 526 ὁ
2303 471 2428 535 Υἱός
2452 488 2552 542 μου
2587 470 2664 541 (id
2691 479 2795 536 est,
2824 471 2997 526 Filius
3023 473 3185 542 meus)
3218 474 3460 542 dilectae,

205 586 372 638 πησιν
413 567 584 620 αὐτοῦ
621 568 742 621 ὅλον
795 569 1018 622 νένευκε
1052 570 1113 621 τὸ
1154 568 1352 639 νόημα.
1409 568 1627 638 Ἐπειδὴ
1676 569 1784 639 γὰρ

207 659 415 727 λέγοντι
473 659 662 729 αὐτῷ,
737 660 872 724 Υἱὸς
927 661 1078 714 Θεοῦ
1122 664 1271 729 ειμι,
1328 659 1780 730 ἀπεφθέγγοντο,

207 750 619 819 Βλασφημεῖς,
641 751 1017 820 ἐπεψηφίσατο
1040 752 1185 822 αὑτῷ
1209 754 1235 804 ὁ
1261 752 1470 823 Πατὴρ,
1504 753 1585 804 ὅτι
1617 745 1782 814 Οὗτος

213 842 369 911 μόνος
408 845 563 895 εστὶν
600 844 731 904 Υἱός
775 861 878 913 μου
917 845 1159 915 γνήσιος.
1196 844 1268 897 Τὸ
1305 845 1410 916 γὰρ
1449 841 1657 909 οὗτος,
1691 845 1785 896 καὶ

213 935 274 985 τὴ
302 934 623 1001 ἀγαπητὸς,
655 934 753 987 καὶ
782 935 842 986 τὸ
876 933 1012 1003 μετὰ
1047 933 1247 1006 ἄρθρου
1277 933 1589 1004 ὠνομάσθαι
1629 932 1780 997 Υἱὸς,

217 1023 376 1076 τοῦτο
409 1024 587 1093 δηλοῖ·
647 1024 736 1076 Ἐν
775 1021 971 1091 τούτῳ,
1015 1023 1199 1093 φησὶν,
1251 1022 1515 1091 εὐδόκησα
1555 1021 1644 1073 διὰ
1685 1021 1784 1090 τῆς

221 1113 683 1184 ὲνανθρωπήσεως
715 1112 880 1168 αὐτοῦ
911 1113 1010 1183 τὴν
1042 1113 1316 1184 σωτηρίαν
1350 1114 1476 1182 ὑμῖν
1520 1113 1783 1184 πορισθῆ-

224 1225 331 1260 ναι.
364 1207 479 1260 Κᾶν
511 1208 641 1277 περὶ
671 1206 769 1276 τῆς
793 1205 1046 1275 θεότητος
1079 1206 1133 1262 δὲ
1161 1205 1365 1276 ὲκλὰϐῃ
1388 1221 1470 1267 τις
1517 1205 1575 1257 τὸ
1613 1205 1783 1258 εὐδό-

223 1316 399 1365 κησα,
437 1298 500 1350 τὸ
549 1299 795 1367 σόφισμα
840 1297 1017 1350 αὐτῶν
1065 1297 1392 1366 ἀκυροῦταισ
1444 1295 1673 1368 ἐπείπερ
1723 1296 1782 1348 οὐ

221 1392 367 1442 πᾶσα
396 1389 546 1454 λέξις
581 1387 807 1457 ῥηθεῖσα
831 1387 981 1458 παρὰ
1005 1385 1099 1438 τοῦ
1123 1385 1257 1439 Θεοῦ
1286 1386 1378 1438 καὶ
1402 1385 1632 1455 μάλιστα
1658 1383 1785 1452 περὶ

214 1480 305 1532 τοῦ
349 1477 491 1532 Θεοῦ
539 1478 737 1544 Λόγου,
786 1475 1052 1546 κοσμικοῦ
1106 1474 1258 1538 ἔθους
1300 1474 1548 1526 ἀποτελεῖ
1586 1473 1780 1543 νόημα.

213 1574 449 1625 Ἔπειτα
493 1572 543 1623 εξ
574 1570 664 1622 ἐπὶ
697 1569 774 1640 τῷ
804 1568 903 1640 ἤδη
935 1567 1048 1621 ὄντι
1089 1566 1200 1637 Υἱῷ
1246 1566 1446 1636 ἔλεγεν,
1487 1567 1581 1618 Ἐν
1617 1565 1661 1630 ᾧ
1689 1567 1784 1618 εὑ-

207 1663 472 1731 δόκησα,
509 1664 612 1716 οὑκ
647 1662 800 1715 αἰτία
840 1663 874 1732 ἡ
917 1660 1132 1713 εὐδοκία
1162 1660 1261 1730 τῆς
1305 1660 1586 1729 ὑπάρξεως
1619 1657 1782 1711 αὑτοῦ

207 1756 556 1826 εὑρίσκεται.
595 1754 754 1805 Ὥστε
787 1751 845 1804 δὲ
891 1751 1219 1820 σαφέστερον
1249 1751 1310 1802 τὸ
1341 1749 1445 1802 ὑπὸ
1475 1749 1574 1819 τῆς
1600 1747 1782 1802 τοιαύ-

1885 570 1938 621 in
1979 585 2079 636 quo
2116 566 2426 634 complacui,
2454 568 2784 619 devenerunt
2817 564 2952 635 (88).
2985 580 3090 618 non
3132 576 3280 620 recto
3326 567 3458 622 illud

1886 675 2066 724 sensu,
2097 660 2190 714 sed
2223 673 2388 726 pravo
2420 657 2874 727 interpretantes:
2901 659 3137 727 alioquin
3173 660 3382 713 lirtnam
3409 662 3461 716 in

1887 751 1988 806 hoc
2042 752 2156 820 ipso
2209 761 2372 805 recta:
2414 750 2534 806 lidei
2578 751 2871 804 anchoram
2912 752 3248 805 habuissent.
3282 752 3350 805 At
3387 751 3460 809 itii

1887 847 2190 900 econtrario
2231 847 2402 909 aiunt,
2449 846 2675 900 vocibus
2704 847 2872 908 hisce.
2922 848 2987 900 In
3017 864 3116 916 quo
3149 847 3462 914 complucui,

1884 939 2116 1003 oSIendi,
2153 937 2344 992 Filium
2375 953 2494 991 csse
2523 949 2850 993 creaturam.
2882 939 3043 1005 Atqui
3074 940 3192 1006 ejus
3213 939 3461 991 incarna-

1887 1031 2082 1083 tionem
2117 1031 2275 1083 tolius
2300 1032 2578 1085 sententia:
2599 1032 2921 1099 significatio
2950 1030 3192 1097 respicit.
3224 1030 3456 1094 Etenim,

1885 1121 2136 1190 quoniam
2171 1121 2367 1174 dicenti
2417 1121 2534 1188 ipsi,
2593 1120 2764 1174 Filius
2816 1121 2909 1174 Dei
2947 1121 3223 1186 sunt(89),
3270 1135 3459 1176 contra

1887 1222 2269 1281 repnsuerunt,
2303 1210 2680 1280 Blasphemas;
2721 1212 2835 1281 ejus
2875 1213 3016 1266 dicta
3068 1214 3166 1265 huc
3196 1212 3458 1280 sullragio

1886 1303 2220 1359 conﬁrmavit
2266 1302 2421 1357 Pater
2461 1322 2472 1358 :
2512 1303 2608 1357 Hic
2639 1303 2784 1359 solus
2830 1313 2912 1357 est
2958 1304 3125 1358 Filius
3173 1320 3324 1355 meus
3365 1320 3460 1372 ge-

1886 1398 2098 1451 nuinus.
2137 1395 2268 1449 Nam
2316 1411 2440 1460 vox,
2485 1396 2588 1457 hic,
2616 1406 2672 1450 et
2699 1412 2823 1458 vox,
2853 1398 3086 1455 dilectus.
3121 1407 3172 1450 et
3207 1394 3340 1449 Filii
3363 1397 3458 1450 de-

1887 1490 2178 1543 nominatio
2213 1505 2330 1542 cum
2361 1490 2588 1544 articulo
2631 1490 2742 1561 (90)
2787 1491 2887 1560 l3
2921 1491 3017 1560 (ait
3046 1494 3212 1553 enim.
3243 1494 3272 1546 6
3303 1492 3453 1554 Υἱός,

1887 1581 1936 1632 id
1966 1590 2070 1646 est,
2099 1579 2187 1633 ille
2214 1579 2404 1650 Filius)
2424 1582 2522 1635 hoc
2551 1581 2843 1650 signiﬁcat.
2877 1579 3096 1649 Nempe,
3124 1581 3176 1634 In
3216 1584 3334 1645 hoc,
3370 1584 3455 1635 in-

1886 1671 2019 1740 quit,
2073 1672 2390 1739 complacui,
2427 1687 2520 1742 per
2581 1673 2695 1742 ejus
2753 1672 3179 1727 incarnationem
3226 1674 3454 1729 salutem

1887 1762 2037 1815 vobis
2072 1762 2392 1830 comparari.
2429 1763 2686 1829 Quamvis
2710 1778 2838 1817 vero
2879 1764 2945 1817 de
2978 1764 3260 1818 divinitate
3287 1765 3455 1819 inter-

206 1864 304 1917 της
353 1845 557 1908 λέξεως
599 1842 929 1914 δηλούμενον
974 1842 1249 1910 γενέσθαι,
1303 1841 1537 1912 μάρτυρι
1576 1839 1781 1910 χρησώ-

1885 1862 2121 1920 pretetur
2150 1853 2270 1921 quis
2319 1855 2540 1906 verbum
2580 1853 2867 1923 εὐδόκησα,
2915 1855 2967 1907 id
3001 1864 3104 1917 est,
3139 1855 3450 1922 complacui,

209 1937 350 2010 μεθα
399 1937 483 2007 τῷ
528 1935 784 2005 ψάλλοντι
829 1937 888 1987 ὲν
934 1936 1054 2005 ρμθ¹
1102 1932 1335 2004 ψαλμῷ·
1381 1933 1512 1985 "Ott
1555 1931 1788 1986 εὐδοκεῖ

205 2031 426 2096 Κύριος
452 2027 525 2079 ἐν
551 2025 632 2091 τῷ
660 2023 788 2089 λαῷ
820 2024 1027 2078 αὐτοῦ.
1059 2024 1132 2077 Οὐ
1168 2025 1392 2092 γέγονεν
1421 2022 1476 2075 δὲ
1502 2025 1534 2093 ή
1571 2023 1786 2076 εὐδοκία

207 2119 316 2188 ape
345 2118 444 2171 τοῦ
474 2116 628 2181 λαοῦ,
655 2116 792 2169 ἀλλὰ.
817 2118 934 2187 μετ’
965 2116 1146 2168 αὐτόν.
1180 2113 1312 2167 Τότε
1345 2113 1452 2186 γὰρ
1486 2114 1693 2167 εὐδὸκει
1723 2117 1780 2166 ὲν

205 2209 392 2280 αὐτῷ,
437 2209 535 2261 καὶ
573 2209 794 2279 εἰρήνην
827 2207 922 2260 xa‘t
961 2207 1118 2276 χάριν
1167 2205 1446 2275 ἔπεμπεν,
1482 2206 1569 2258 ὅτε
1609 2203 1784 2276 ὀρθῶς

207 2302 360 2372 αὑτῷ
389 2302 686 2370 ὲλάτρευεν
705 2317 718 2330 ⁸
749 2301 838 2353 ὅτε
865 2298 923 2351 δὲ
955 2300 1028 2369 μὴ
1055 2298 1250 2372 ὀρθῶς,
1278 2297 1588 2351 τούναντίον
1622 2299 1655 2368 ἢ
1688 2297 1782 2350 νῦν

211 2392 571 2466 προφητεύειν
601 2393 724 2444 Ὀτ’
749 2389 816 2444 ἂν
845 2390 1215 2444 ἀπέκτεινέν-εν
1242 2389 1484 2455 αὐτοὺς,
1512 2389 1643 2443 τότε
1689 2390 1784 2454 ἐξ·

208 2487 464 2555 εζτὴουν
505 2486 696 2539 αὐτόν
718 2501 730 2515 ·
769 2484 865 2538 καὶ
912 2485 970 2536 ὲν
1023 2488 1108 2553 μγ¹
1142 2481 1372 2553 ψαλμῷ·
1421 2482 1474 2534 Ὁ
1515 2482 1786 2552 βραχίων

208 2577 412 2633 αὐτῶν
459 2579 574 2632 οὐκ
607 2576 844 2630 ἔσωσεν
887 2574 1132 2639 αὐτοὺς,
1178 2574 1314 2628 ἀλλ’
1348 2574 1388 2640 ἠ
1437 2573 1605 2637 δεξιά
1645 2590 1785 2637 σου,

209 2671 309 2724 καὶ
342 2673 376 2725 ὁ
414 2669 694 2738 βραχίων
721 2685 858 2731 σου,
887 2667 988 2721 καὶ
1021 2669 1054 2720 ὁ
1095 2665 1396 2735 φωτισμὸς
1430 2665 1535 2720 τοῦ
1602 2681 1787 2735 προσ-

208 2763 376 2817 ώπου
424 2777 566 2828 σου,
610 2761 700 2815 ὅτι
727 2759 1064 2828 εὐδόκησας
1089 2759 1158 2812 ἐν
1207 2758 1440 2824 αὐτοῖς·
1485 2758 1663 2826 δεξιὰν
1695 2759 1788 2813 καὶ

207 2951 430 2992 sensum
469 2937 603 3006 satis
629 2936 874 3006 attigisse
905 2949 1010 2990 non
1044 2933 1254 3006 videtur
1293 2935 1561 3005 interpres
1587 2975 1602 2998 .
1653 2951 1777 2991 cmn

209 3009 438 3062 verterit
468 3024 482 3060 :
517 3025 536 3056 ι
564 3004 866 3076 Intelligant
896 3006 986 3059 isti
1018 3005 1189 3059 dicere
1207 3022 1279 3069 se,
1300 3022 1416 3075 quia
1441 3004 1576 3076 cum
1600 3023 1780 3060 conse-

207 3079 425 3146 quentia
447 3075 639 3144 Capitis
670 3075 923 3146 pugnant.
952 3114 967 3130 .
999 3114 1012 3126 .
1038 3113 1053 3129 .
1080 3116 1095 3129 .
1123 3077 1242 3146 .ait
1273 3077 1412 3130 enim
1449 3075 1691 3130 Salvator
1722 3077 1777 3131 in

1881 1956 2070 1996 eorum
2110 1952 2286 1997 tamen
2320 1944 2591 2013 supinisma
2640 1946 2801 2000 inane
2845 1946 3128 2000 redditur:
3157 1961 3256 2000 nec
3306 1947 3453 2002 enim

1881 2034 2130 2102 quaelibet
2186 2050 2285 2090 vox
2334 2051 2363 2089 a
2410 2037 2537 2100 Deo,
2579 2048 2633 2090 et
2671 2039 2970 2105 praesertim
3017 2039 3081 2092 de
3132 2039 3240 2094 Deo
3279 2037 3457 2094 Verbo

1881 2126 2048 2188 dicta,
2075 2141 2140 2180 eo
2178 2141 2337 2180 sensu
2371 2127 2679 2195 accipienda
2711 2139 2812 2192 est,
2857 2143 3014 2197 quem
3054 2131 3322 2183 mundana
3351 2131 3455 2184 l'ert

1879 2218 2230 2274 consuetudo.
2266 2217 2465 2273 Deinde
2499 2221 2541 2274 si
2574 2222 2639 2274 de
2664 2217 2930 2286 Filiojam
2953 2221 3246 2275 exsistente
3279 2221 3450 2274 dixit:

1881 2304 1946 2358 In
1970 2323 2071 2377 quo
2096 2307 2421 2376 complacui;
2462 2324 2564 2362 non
2611 2318 2696 2363 est
2729 2309 3058 2362 exsistentiae
3111 2309 3230 2364 Filii
3289 2324 3450 2364 causa

1882 2396 2292 2465 ccinplacentia.
2321 2397 2436 2462 Quo
2468 2407 2645 2451 autem
2673 2397 3022 2453 manifestum
3056 2399 3227 2467 magis
3267 2399 3320 2452 id
3359 2399 3455 2453 liat

1881 2487 2022 2554 quod
2079 2489 2180 2543 hac
2221 2489 2459 2543 dictione
2491 2489 2600 2560 (9i)
2639 2489 2994 2560 significatur,
3056 2498 3194 2546 teste
3237 2500 3455 2545 utamur

1881 2577 2089 2645 Psalle,
2134 2582 2223 2651 qui
2280 2581 2330 2635 in
2391 2582 2595 2651 ps:dmo
2659 2598 2817 2637 cxux
2865 2583 2940 2637 ait
2981 2600 2996 2640 :
3041 2583 3302 2648 Quoniam
3337 2581 3452 2653 (92)

1885 2669 2092 2724 εὐδοκεί
2121 2671 2196 2733 (id
2225 2680 2309 2726 est
2342 2671 2718 2738 beneplacitum
2744 2670 2864 2741 est),
2903 2671 3122 2725 Domino
3169 2673 3223 2725 in
3261 2670 3451 2740 populo

1884 2779 2000 2818 suo.
2023 2763 2136 2818 Non
2164 2763 2370 2818 exstitit
2400 2774 2578 2818 autem
2616 2763 3036 2833 beneplacitum,
3083 2777 3177 2817 seu
3215 2762 3452 2832 compla-

1954 2937 2066 3010 (90)
2114 2936 2247 2994 Cum
2279 2937 2526 3010 articulo.
2558 2937 2844 3008 Didymum
2891 2938 2976 3010 hic
3016 2952 3230 3008 quoque
3278 2951 3447 3007 agno-

1883 3008 2084 3063 scimus
2115 3027 2129 3063 :
2160 3009 2294 3063 solet
2326 3010 2466 3062 enim
2517 3009 2562 3062 is
2613 3024 2716 3062 non
2761 3023 2882 3063 raro
2923 3008 3127 3064 Graecis
3173 3010 3448 3062 nominum

1888 3080 2127 3133 articulis
2161 3095 2263 3131 non
2305 3078 2628 3148 mediocrem
2681 3078 2787 3132 vim
2835 3079 3094 3142 tribuere,
3136 3079 3276 3148 quod
3318 3081 3449 3129 arti-

208 3145 319 3200 alio
365 3148 565 3215 capite.
597 3165 615 3197 ι
670 3145 799 3200 Nam
854 3161 957 3198 vox
989 3145 1292 3217 _xe<pdt)tatov
1348 3147 1630 3215 utrobique
1676 3161 1780 3202 non
1809 3155 1850 3214 C
1885 3151 2053 3213 culus,
2083 3159 2140 3202 ut
2169 3152 2244 3200 ait
2274 3148 2406 3213 ipse,
2453 3150 2508 3202 in
2559 3147 2741 3202 Graeco
2783 3165 3018 3207 sermone
3054 3145 3444 3217 singularitatis

205 3228 366 3284 caput
396 3220 640 3280 denotat,
675 3216 766 3272 sed
801 3215 1105 3284 capitulum,
1133 3227 1226 3270 aut
1256 3216 1583 3271 versiculum.

280 3288 396 3358 (87)
439 3287 544 3341 Hic
591 3298 687 3342 est.
733 3285 950 3358 Duobus
1001 3287 1053 3339 in
1099 3287 1228 3340 locis
1278 3287 1391 3340 haec
1432 3285 1780 3358 refertﬂMat-

211 3355 406 3423 thteus,
429 3374 551 3426 cap.
590 3370 674 3421 tu,
701 3372 843 3411 vers.
879 3355 967 3419 17,
1001 3365 1054 3410 et
1090 3372 1207 3426 cap.
1249 3371 1384 3417 xvtt,
1420 3371 1564 3410 vers.
1601 3357 1653 3412 5.
1688 3356 1777 3412 Bis

209 3443 407 3498 nempe
437 3443 471 3481 θ
499 3428 637 3498 caelo
674 3427 851 3498 audita
897 3433 1074 3498 estea
1119 3442 1243 3491 vox,
1281 3427 1332 3480 in
1368 3426 1630 3498 baptismo
1673 3428 1782 3495 pri-

207 3497 391 3562 mum,
454 3497 650 3551 deinde
704 3497 1304 3567 intransligttratione.
1378 3497 1448 3549 At
1524 3498 1779 3567 Didymus

207 3570 447 3634 primum
475 3570 648 3622 locum
675 3566 916 3635 profeCIo
946 3583 1049 3619 non
1073 3568 1308 3635 respicit,
1342 3578 1399 3618 ut
1421 3566 1690 3620 constabit
1712 3582 1777 3618 ex

208 3639 296 3760 blis
318 3654 439 3706 qua:
463 3653 586 3692 mox
612 3646 938 3706 sequentur:
966 3635 1228 3705 reliquum
1251 3650 1331 3691 εει
1349 3652 1477 3706 ergo
1501 3647 1556 3690 ut
1576 3647 1780 3706 spectet

208 3724 239 3760 a
269 3718 466 3760 terum.
717 3736 724 3741 ι

207 3718 466 3761 alterum.
717 3736 724 3741 ‘

281 3779 396 3847 (88)
437 3778 797 3832 Devenerunt-
833 3774 1034 3844 Nempe
1081 3775 1357 3847 haeretici,
1415 3785 1607 3847 contra
1643 3791 1779 3844 quos

209 3845 420 3902 scribit.
469 3849 543 3902 Ex
587 3850 688 3901 hoc
716 3861 897 3915 porro,
925 3848 1152 3915 aliisque
1177 3845 1480 3914 hujusmodi
1513 3846 1644 3899 locis
1672 3862 1778 3900 non

211 3922 487 3972 immerito
516 3919 641 3988 quis
688 3917 920 3988 colligat,
957 3930 1163 3971 certum
1207 3916 1572 3988 quoddamac
1613 3930 1779 3984 pecu-

212 3989 347 4043 liare
365 4005 502 4057 Opus
529 3983 559 4041 ᾖ
588 3983 837 4058 Didymo'
858 3986 944 4040 hic
987 3986 1256 4058 spectari,
1305 3995 1363 4038 ut
1397 3983 1524 4038 alibi
1565 3983 1778 4053 quoque

213 4060 428 4126 aliquod
484 4059 650 4119 aliud,
702 4058 946 4126 quamvis
996 4057 1120 4120 illa,
1180 4070 1476 4122 eorumque
1527 4066 1777 4111 auctores

216 4130 437 4183 minime
459 4129 732 4192 nominet;
757 4131 856 4180 hoc
885 4142 1027 4180 enim
1054 4127 1104 4179 in
1132 4128 1267 4188 loco,
1297 4126 1425 4178 item
1461 4134 1517 4178 ut
1562 4127 1613 4178 in
1655 4126 1777 4180 aliis

216 4197 326 4253 fere
370 4214 611 4269 setttper,
677 4200 742 4269 de
796 4197 1162 4269 adversariis,
1228 4210 1368 4269 quos
1418 4208 1484 4249 ex
1532 4196 1776 4269 professo

216 4265 738 4331 confutat,'Arianis
769 4280 975 4333 nempe,
1019 4265 1383 4330 Eunomianis,
1435 4279 1497 4318 ac
1530 4265 1777 4319 Macedo-

217 4339 414 4405 nianis,
447 4339 640 4408 plurali
670 4351 900 4408 numero
922 4352 984 4389 ac
1027 4336 1622 4408 generatumloquitur,
1671 4349 1778 4389 uno

221 4421 425 4463 tantum
448 4405 545 4462 aut
579 4408 770 4466 altero,
804 4406 905 4460 nisi
931 4406 1186 4459 memoria
1213 4420 1299 4458 me
1329 4405 1483 4467 fallit,
1528 4417 1774 4473 excepto,

219 4480 302 4532 ubi
345 4488 442 4532 aut
489 4478 817 4532 Eunomium
863 4476 1032 4544 ipsum
1077 4490 1330 4543 expresse
1378 4478 1640 4537 nominat,
1685 4487 1776 4528 aut

218 4549 664 4603 Macedonianum
729 4547 1010 4614 quemdam
1075 4547 1425 4607 haereticum,
1493 4560 1780 4613 suppresso

221 4621 452 4677 nomine.
483 4616 803 4685 alloquitur,
832 4618 898 4669 ab
932 4615 1193 4685 Eunomio
1229 4628 1428 4680 tamen,
1466 4624 1527 4668 ut
1548 4617 1776 4679 videtur,

221 4687 372 4756 plane
409 4684 712 4743 diversum.
745 4690 1010 4739 Caeterum
1055 4690 1098 4738 si
1130 4684 1418 4738 Eunomius
1455 4685 1778 4756 ἥνδανε-ιυθεί

221 4755 318 4812 non
364 4775 489 4821 suo,
544 4757 640 4812 sed
690 4756 980 4826 gregalium
1020 4758 1235 4826 nomine
1260 4756 1537 4826 scribens,
1602 4755 1654 4826 in
1716 4757 1782 4809 iis

220 4834 396 4891 etiam,
435 4843 565 4898 qua:
593 4822 1564 4898 supersunt,opusculis,__Credimus_,
1609 4825 1782 4898 inquit

222 4892 519 4965 pluraliter,
564 4899 619 4950 in
663 4892 761 4948 Dei
800 4892 1032 4965 Filium,
1062 4904 1116 4947 et
1159 4895 1407 4965 reliqua:
1439 4895 1624 4963 quidni
1665 4895 1782 4963 plu-

224 4964 310 5020 rali
354 4983 588 5022 nantem
632 4966 709 5020 uti
756 4967 926 5034 possit
983 4964 1258 5034 Didymus,
1303 4964 1372 5018 ibi
1416 4981 1649 5032 quoque,
1693 4966 1781 5018 ubi

223 5050 418 5092 certum
432 5039 653 5107 aliquod
667 5039 926 5106 scriptum
942 5034 1184 5107 refellat?
1210 5034 1526 5107 Sedhacde
1543 5051 1604 5107 re
1625 5035 1779 5089 alias.

288 5108 397 5178 (89)
433 5103 614 5161 Filius
658 5107 753 5160 Dei
779 5103 920 5178 sum.
958 5103 1113 5178 Joatt.
1160 5121 1234 5178 ιη
1269 5103 1379 5178 56.⁵
1403 5105 1490 5156 tibi
1542 5105 1732 5178 legitur
1755 5123 1778 5178 _:

236 5169 412 5247 ’Υὶιεές
438 5180 627 5246 λέγετε
645 5219 659 5240 ,
688 5178 769 5229 ὅτι
791 5176 1009 5247 Βῂασφη
1020 5176 1138 5244 psi;
1155 5191 1169 5205 ·
1209 5175 1291 5247 ὅτι
1329 5169 1480 5247 εἷπον
1497 5190 1511 5204 ’
1544 5169 1665 5238 Υἱὸς
1689 5174 1781 5226 τοῦ

231 5243 352 5332 esse
385 5243 536 5332 silit"
588 5249 653 5332 id
670 5258 754 5328 est
787 5265 799 5300 :
837 5243 960 5332 Vosn
993 5243 1166 5332 dicitis
1190 5257 1208 5298 :
1236 5245 1632 5332 ΒιιημΙιεῖηιιιδςίΙ
1659 5249 1784 5314 quia

235 5323 370 5374 dixi:
399 5314 575 5372 Filius
605 5316 700 5371 Dei
740 5333 877 5370 sum.
923 5314 1054 5385 Cttm
1085 5318 1170 5368 hic
1206 5331 1364 5385 porro
1387 5355 1402 5376 ,
1455 5327 1512 5369 ut
1549 5316 1783 5378 videtur,

239 5387 475 5459 Didymus
509 5390 734 5450 indicet,
776 5383 1169 5459 priusAJudaaos
1209 5383 1588 5459 blasphemutn
1610 5386 1783 5459 _Chri-

239 5455 364 5514 stunt
389 5462 614 5541 dixisse,
639 5455 808 5541 quam
843 5455 1024 5510 audita
1053 5458 1118 5511 de
1145 5459 1282 5510 cudo
1312 5457 1471 5541 lue-rit
1507 5457 1783 5541 eanl’atris

243 5542 330 5582 vox
365 5549 379 5584 :
411 5530 508 5585 Hic
528 5541 604 5586 est
636 5524 810 5582 Filius
833 5544 996 5588 meus,
1037 5539 1167 5588 etc.,
1201 5534 1434 5594 oportet,
1467 5535 1545 5589 ut,
1571 5524 1782 5595 Didymi

243 5603 525 5668 sententia,
603 5596 1010 5668 transligttratio
1115 5596 1402 5668 contigerit
1500 5606 1781 5668 postquam

244 5665 707 5742 Qhristutn'impie
753 5665 1172 5742 exprobrassth
1215 5665 1382 5742 ,ξιιύωί
1437 5669 1598 5720 verbo
1644 5667 1781 5721 illo:

250 5732 574 5806 Blaspliemas.
619 5732 789 5808 'Quod
822 5732 907 5791 'an
959 5749 1143 5790 verum
1193 5737 1283 5804 sit,
1319 5750 1502 5790 meum
1549 5751 1653 5792 non
1699 5747 1783 5791 est

251 5814 534 5875 extendere.

1882 3218 2321 3291 signiﬁcatur)“.
2362 3218 2435 3271 Ita
2464 3219 2515 3291 in
2559 3217 2695 3291 libro
2726 3217 2799 3271 De
2833 3217 3036 3291 §piritu
3069 3229 3247 3291 sancto
3277 3219 3294 3291 (
3319 3233 3446 3291 pag.

1882 3289 1982 3343 108
2041 3291 2171 3344 edit.
2202 3288 2528 3344 Veronensis
2562 3287 2798 3356 Operum
2836 3287 3144 3356 Hieronymi
3180 3287 3307 3342 toni.
3354 3288 3445 3355 ll).

1881 3357 2032 3412 Unde
2117 3368 2164 3412 et
2248 3375 2366 3412 cum
2421 3359 2677 3422 articulo,
2738 3359 2943 3426 inquit,
3012 3359 3126 3427 ejus
3188 3359 3446 3424 meminit,

1878 3431 2029 3497 quasi
2055 3429 2346 3482 solitarium
2387 3442 2435 3480 et
2477 3444 2636 3480 unum
2671 3444 2782 3481 esse
2827 3439 3150 3492 contestans,
3196 3429 3283 3480 ubi
3320 3431 3422 3481 dici

1880 3515 1981 3551 non
2009 3500 2330 3567 simpliciter,
2375 3497 2597 3567 Πνεῦμα
2639 3498 2794 3566 ἅγιον
2828 3499 2994 3564 (sive,
3027 3506 3084 3550 ut
3115 3508 3198 3552 est
3229 3498 3280 3550 itt
3313 3514 3443 3552 mss.

1881 3569 2067 3620 codice
2117 3579 2314 3620 nostra:
2366 3568 2699 3621 bibliotheca:
2736 3570 2793 3622 S.
2833 3568 3130 3622 Salvatoris
3167 3568 3442 3634 Bononite,

1881 3637 2102 3706 Πνεῦμα
2133 3639 2190 3690 τὸ
2213 3637 2366 3704 ἅγιον
2393 3654 2406 3666 ·
2443 3649 2629 3690 neutra
2657 3638 2798 3690 enim
2838 3639 2994 3689 lectio
3028 3636 3376 3704 improbanda
3400 3639 3440 3706 ),

1878 3708 1973 3759 hoc
2009 3721 2102 3771 est,
2139 3707 2367 3776 Spiritus
2407 3717 2638 3776 sanctus,
2687 3709 2774 3759 sed
2806 3722 2922 3758 cum
2960 3707 3312 3776 additamenta
3353 3723 3448 3758 ar—

1879 3778 2044 3840 ticuli,
2082 3777 2141 3830 τὸ
2180 3773 2419 3846 ’Πνεῦμα
2464 3776 2523 3828 τὸ
2560 3775 2734 3843 ἅγιον,
2793 3777 2894 3830 hoc
2925 3785 3028 3846 est,
3068 3773 3170 3827 Hic
3212 3775 3445 3842 Spiritus

1877 3856 2112 3914 sanctus.
2160 3845 2355 3900 Allinia’
2395 3857 2536 3910 sunt,
2592 3862 2710 3912 quae
2763 3861 2883 3914 pag.
2921 3845 3043 3906 125,
3079 3847 3214 3900 idem
3252 3847 3443 3899 obser—

1878 3926 1986 3971 vat.
2021 3913 2078 3971 ln
2114 3928 2298 3971 catena
2331 3931 2457 3970 vero
2500 3917 2556 3968 in
2604 3913 2849 3968 Psalmos
2898 3931 3058 3968 manu
3096 3925 3338 3976 exarata,
3374 3915 3441 3968 25'

1878 3986 1993 4040 haec
2032 3987 2222 4056 psalmi
2267 4002 2355 4040 xw
2390 3988 2550 4056 verba
2579 4002 2592 4039 :
2621 3985 2918 4056 Σύντριψον
2948 3984 3038 4037 τὸν
3069 3985 3325 4055 βραχίονα
3347 3984 3441 4037 τοῦ

1879 4053 2227 4130 ἀμαρτωλοῦ,
2248 4059 2309 4130 id
2339 4065 2424 4130 est
2440 4074 2452 4108 :
2470 4053 2704 4130 Caruere
2724 4053 3445 4130 brae/tiaturpeccatoris.ltu-

1873 4126 2110 4199 justnodi
2160 4127 2414 4181 articulos
2458 4127 2643 4199 itidem
2693 4127 2932 4199 inculcat
2981 4126 3243 4199 Didymus
3276 4145 3294 4199 :_
3326 4126 3441 4199 han;

1876 4195 2020 4251 enim
2071 4199 2141 4251 ibi
2180 4199 2428 4266 leguntur
2462 4213 2474 4248 :
2506 4195 2760 4266 Διδύμου.
2793 4195 2947 4250 Μετὰ
2972 4195 3174 4266 ἄρθρου
3203 4195 3385 4266 ῥηθεὶς
3414 4196 3444 4247 ὁ

1876 4268 2214 4338 ἁμαρτωλὸς,
2245 4268 2335 4321 τὸν
2362 4265 2603 4319 διάϐολον
2625 4265 2793 4338 δηλοῖ,
2819 4269 2869 4320 id
2902 4278 2982 4320 est
3013 4265 3024 4317 :
3053 4265 3286 4338 Didymi.
3311 4266 3349 4316 ϐ
3358 4282 3443 4317 um

1878 4335 2100 4391 articulo
2157 4341 2329 4392 dictus
2381 4339 2408 4388 ὁ
2447 4335 2790 4407 ἁμαρτωλός,
2848 4338 2898 4390 id
2930 4344 3031 4399 est,
3066 4335 3152 4387 ille
3182 4347 3439 4407 pfccator,

1877 4407 2145 4461 diabolum
2179 4407 2460 4474 significat.
2490 4404 2691 4460 Eiistat
2729 4421 2854 4460 vero
2887 4421 2947 4458 ea
2979 4415 3166 4458 catena
3194 4404 3442 4474 (Venetiis

1886 4481 1936 4531 in
1996 4473 2343 4532 membranei)
2407 4478 2591 4530 codice
2640 4479 2819 4530 saeculi
2855 4492 2907 4540 x,
2963 4477 3013 4527 in
3069 4476 3123 4534 4,
3190 4473 3444 4527 Naniante

1814 4522 1948 4601 Dad
1991 4559 2208 4603 sanctos
2265 4547 2582 4601 Gervasiutn
2633 4562 2696 4600 ac
2733 4522 3029 4599 Protasium
3079 4522 3441 4605 liibliotbecaa,

1883 4619 1974 4686 qui
2008 4634 2230 4672 nuntero
2260 4617 2325 4671 21
2364 4633 2505 4671 nunc
2536 4617 2778 4686 signatus
2820 4624 2930 4674 est.
2967 4630 3029 4686 ac
3059 4615 3444 4686 foliis__constat

1882 4682 1970 4742 86.
2009 4689 2143 4746 Eum
2172 4690 2301 4742 mihi
2327 4682 2694 4742 commodavit
2719 4685 2953 4740 JOaIiues
2975 4684 3174 4737 Nanius
3207 4682 3444 4737 Venetus

1882 4758 2163 4829 presbyter
2192 4773 2256 4813 ac
2286 4757 2566 4829 patricius,
2597 4757 2688 4825 qui
2720 4766 2922 4829 quanto
2953 4755 3349 4829 demissiusde
3386 4769 3446 4806 se

1885 4825 2000 4897 ipse
2027 4825 2212 4890 sentit,
2249 4844 2370 4882 cum
2401 4828 2650 4880 maximis
2688 4826 2976 4897 Virtutibus
3012 4825 3440 4894 exsplendescat,

1885 4896 2034 4952 tanto
2059 4899 2254 4952 elatius
2287 4900 2351 4951 de
2380 4899 2495 4966 ipso
2529 4898 2618 4950 alii
2653 4896 2916 4951 sentiunt.

1957 4991 2066 5056 (9|)
2111 4989 2224 5042 Hoc
2273 4987 2516 5041 dictione.
2557 4987 2871 5041 Theodorus
2920 4985 3322 5056 Mopsttestenus
3385 4985 3437 5037 in

1885 5054 2287 5128 quintodecitno
2314 5059 2430 5126 ejus
2484 5059 2682 5126 operis,
2718 5058 2861 5128 quod
2896 5055 3118 5108 subdole
3145 5054 3441 5120 inscripse-

1888 5127 1970 5182 rat
2003 5148 2016 5183 :
2048 5128 2243 5183 Contra
2283 5145 2389 5190 eos,
2424 5130 2511 5196 qui
2537 5128 2794 5196 aﬂirmant
2830 5127 3061 5178 homines
3090 5140 3306 5191 peccare
3345 5141 3440 5176 nu-

1885 5209 2026 5262 tura,
2061 5215 2163 5250 non
2191 5199 2467 5258 roltmtale,
2497 5199 2563 5250 de
2598 5202 2694 5250 ista
2737 5211 2866 5248 voce
2913 5199 3020 5248 htec
3054 5207 3200 5247 recte
3228 5196 3445 5258 scripsit

1885 5274 2022 5338 apud
2050 5267 2332 5322 Leontium
2362 5267 2716 5336 Byzantinmn
2750 5284 2818 5338 :_i
2842 5265 3071 5338 Εὐδοκξο.
3093 5279 3244 5338 vero.
3287 5265 3338 5317 id
3362 5273 3446 5338 est

1886 5332 2308 5408 beneplacentia,
2349 5332 2435 5391 est
2474 5338 2686 5408 optima
2713 5336 2961 5389 voluntas
3012 5336 3124 5396 Dei,
3161 5351 3320 5408 quam
3365 5332 3445 5384 fa-

1885 5411 1992 5463 ciet
2024 5405 2076 5461 in
2111 5409 2567 5477 iis~acquiescens,
2603 5407 2690 5474 qui
2723 5409 3043 5477 Stud-uerunt
3073 5419 3131 5477 se
3157 5408 3204 5477 ei
3236 5405 3441 5477 dicare,

1885 5480 1993 5532 ἀπὸ
2017 5477 2112 5531 τοῦ
2145 5474 2203 5531 εὖ
2233 5473 2324 5531 κάξ
2351 5475 2490 5530 καλὰ
2510 5477 2684 5530 δοκεῖν
2715 5474 2862 5545 αὐτῷ
2898 5475 3023 5545 περὶ
3053 5473 3250 5537 αὐτῶν,
3288 5474 3445 5545 idest

1885 5567 1951 5604 ex
1977 5565 2042 5604 co
2070 5551 2213 5603 dicto
2244 5550 2429 5614 Verbo,
2461 5548 2602 5617 quod
2633 5548 2758 5601 bene
2805 5543 2861 5599 et
2893 5543 3027 5598 bona
3054 5548 3291 5612 placeant
3337 5543 3445 5596 Deo

1886 5624 1952 5675 de
1981 5621 2116 5672 illis.
2146 5638 2164 5670 ι

1956 5712 2066 5782 (92)
2103 5713 2383 5777 Quoniam.
2422 5709 2616 5766 Psalm.
2644 5723 2829 5772 cxux,
2867 5720 3003 5762 vers.
3037 5703 3092 5760 4.
