3970 6406
127 346 215 403 293

1209 337 1296 391 DE
1335 335 1708 396 TRlNlTATE
1745 334 1948 390 LIBER
1986 333 2270 390 PRIMUS.

3253 325 3366 387 ΞΜ

128 465 212 516 οὐκ
249 455 633 526 ἁμαὰὗλητον
667 455 731 507 τὸ
786 453 930 524 φῶς,
975 452 1072 523 τῆς
1115 451 1417 523 μεταϐολῆς
1458 449 1686 523 ἐργαζο-

1824 453 2018 506 1010510
2044 453 2230 506 morbo
2251 449 2486 506 obsistit.
2519 451 2575 506 SI
2601 449 2744 504 enim
2771 446 3150 501 transformata
3180 445 3266 500 lux
3287 446 3368 520 (3)

133 554 275 624 μένης
309 550 406 617 τὴν
457 545 555 599 τοῦ
597 547 1037 616 ἀπαυγασματος
1071 544 1406 616 ίδιοποίησιν.
1442 546 1505 596 Εἰ
1535 544 1592 597 δὲ
1630 543 1690 596 οὐ

134 644 448 720 mannos».
478 644 541 695 τὸ
582 641 725 710 φῶς,
752 642 1093 711 ἀπαύγασμα
1127 641 1473 710 γεγέννηκεν,
1509 638 1693 706 μεῖναν

132 740 209 794 καὶ
259 736 388 790 αὐτὸ
440 733 520 806 [5
551 738 566 755 ’
597 732 672 804 b]
713 732 848 802 φῶς,
903 733 995 785 καὶ
1061 731 1183 801 ἕχον
1241 730 1302 783 τὸ
1357 727 1696 796 ἀπαύγασμα

134 828 408 899 συμφύτως
471 825 531 890 ἐξ
593 823 760 876 αὑτοῦ
820 823 1056 876 τέλειονο
1122 822 1217 875 καὶ
1271 823 1299 874 ὁ
1357 820 1488 883 Θεὸς
1547 807 1695 890 μένει

138 921 400 991 ἀτρέπτως
441 916 600 979 θεὸς,
640 914 1074 984 ἀπαυγὰσματος
1118 912 1245 965 ίδίου
1275 911 1555 980 τυγχάνων
1589 910 1698 962 Πα-

139 1010 252 1080 τὴρ.
281 1009 378 1060 οὐκ
409 1007 485 1057 ἔτι
542 1003 746 1068 ἔξωθεν
787 1002 917 1055 αὐτὸ
958 1000 1295 1072 προσλαϐὼνν
1342 1000 1455 1053 ἀλλ’
1497 1000 1561 1051 ἐκ
1594 999 1698 1069 τῆς

146 1100 320 1162 οὐςίας
359 1098 621 1167 γεννήσας
665 1094 892 1148 τέλειον.

761 1319 919 1374 ΚΕΦ.
964 1321 1064 1373 1Α’.

146 1459 258 1525 Περὶ
293 1457 414 1510 τῶν
441 1457 875 1525 φλυαρούντων
902 1455 980 1519 ὡς
1016 1456 1081 1507 ἐκ
1112 1450 1216 1522 τῆς
1246 1453 1460 1524 Πατρὸς
1488 1454 1702 1525 όγομας

197 1522 332 1591 ἐνίας
359 1522 837 1595 παρηλλαγμένη
864 1525 1036 1578 ἐστὶν
1067 1526 1104 1593 ἡ
1144 1526 1325 1578 οὐσία
1356 1522 1542 1577 αὑτοῦ
1597 1523 1703 1576 τοῦ

203 1599 358 1652 Fiat).

192 1755 344 1808 Δὺτὰ
367 1754 502 1824 περὶ
530 1753 643 1805 τῶν
673 1751 854 1805 αὐτῶν
877 1750 1330 1814 ἁνακυκλοῦντες,
1347 1733 1452 1802 ’καὶ
1478 1749 1583 1812 ἕως
1611 1746 1704 1801 τοῦ

137 1847 325 1909 παντὸς
384 1843 902 1915 παρασημαίνοντες
933 1843 1031 1913 τῆς
1085 1841 1343 1914 ἀληθείας
1381 1843 1442 1896 τὸ
1487 1841 1697 1904 καλλος,

135 1938 429 2006 ambesis);
480 1935 763 1990 καὶτοῦτο
821 1935 1156 2005 φάσκονσιν⁸
1193 1927 1290 1986 Ὧν
1352 1934 1421 1986 τὰ
1466 1933 1705 2004 ὀνόματά

134 2032 235 2082 in.
271 2030 533 2098 διάφορα,
588 2027 793 2081 τούτων
840 2026 1218 2097 παρηλλάχθαι
1245 2026 1340 2079 καὶ
1381 2025 1478 2090 τὰς
1520 2025 1705 2088 οὐσίας

136 2141 339 2192 αναγκη
366 2139 380 2152 θ
423 2122 588 2190 φησὶν
636 2122 741 2190 γάρ
766 2136 779 2150 ⁸
819 2121 884 2173 Ἢ
914 2121 1117 2187 Πατὴρ
1147 2119 1290 2184 λέξις
1341 2120 1402 2172 οὐ
1456 2118 1709 2188 σημαίνει

133 2217 218 2283 τὴν
260 2214 418 2278 Υἱὸς,
461 2213 570 2265 οὐδ’
600 2208 666 2265 αὖ
709 2214 740 2282 ὴ
786 2211 920 2278 Υἱὸς
958 2211 1225 2281 ὀνομασία
1275 2211 1425 2281 δηλοί
1460 2211 1560 2281 τὴν
1594 2211 1708 2262 Πα-

133 2307 249 2376 apo;
273 2306 599 2358 ὑπόστασιν.
653 2304 1024 2356 Ἀκουὲτωσαν
1060 2303 1137 2368 δὲ,
1176 2303 1233 2357 ἓν
1271 2303 1388 2373 μὲν,
1425 2303 1508 2355 ὅτι
1531 2296 1592 2354 ἐί
1636 2299 1708 2372 μὴ

134 2397 454 2466 καταλλήλῳ
500 2395 840 2466 προσηγορίᾳ
887 2394 1270 2464 πεφανέρωντο
1308 2395 1366 2445 αί
1404 2393 1541 2444 θεῖαι
1582 2392 1712 2444 ὑπο-

137 2493 367 2551 στάσεις,
401 2489 548 2557 ποίῳ
578 2487 832 2556 συμϐόλῳ
853 2486 917 2539 ἄν
946 2504 1028 2549 τις
1047 2486 1408 2556 χρησάμενος,
1444 2483 1516 2555 μὴ
1541 2484 1713 2551 λέγων

135 2582 220 2651 τὴν
254 2579 476 2650 Πατρὸς
505 2578 899 2648 προσηγορίαν,
923 2577 1193 2646 ἐμήνυσεν
1219 2575 1379 2628 αὐτόν
1404 2593 1462 2628 τε
1485 2575 1574 2627 τὸν
1605 2576 1715 2627 Πα-

134 2676 282 2743 τέρα,
316 2672 413 2723 καὶ
457 2671 538 2722 ὅτι
577 2669 702 2721 Υἱὺν
734 2669 880 2738 ἔχεις
913 2667 945 2738 ἢ
996 2668 1070 2738 μὴ
1121 2666 1401 2736 ὀνομάζων
1445 2666 1544 2738 τὴν
1583 2667 1714 2732 Υἱὸς

138 2768 220 2816 καὶ
266 2763 516 2828 Πνεῦμα
565 2759 954 2831 προσηγορίαν,
1004 2757 1421 2830 προσεῃώνησεν
1452 2758 1612 2810 αὐτόν
1653 2775 1714 2810 τε

135 2860 218 2909 τὸν
251 2858 378 2910 rem
413 2855 449 2923 ἢ
500 2854 564 2906 τὸ
603 2853 825 2923 Πνεῦμα
848 2891 862 2913 ,
910 2851 1002 2904 καὶ
1040 2852 1121 2904 ὅτι
1153 2844 1308 2920 ὁμὲν
1349 2851 1473 2912 Υίὸς
1501 2851 1715 2920 Πατέρα

139 2952 264 3019 ἔχει.
295 2950 354 3001 τὸ
376 2950 436 3000 δὲ
464 2946 689 3015 Πνεῦμα
742 2945 834 2997 τοῦ
863 2944 996 2997 Θεοῦ
1030 2945 1177 2996 ἐστιν
1207 2941 1464 3012 Πνεῦμα;
1493 2943 1716 3014 Ἕτερον

138 3042 207 3104 δὲ,
239 3043 321 3094 ὅτι
351 3041 448 3093 ἐπὶ
475 3040 576 3108 τῆς
604 3038 764 3105 ἁγίας
788 3035 1015 3106 Τριάδος
1037 3075 1052 3098 ,
1095 3035 1234 3105 πλὴν
1257 3034 1351 3086 τοῦ
1382 3034 1601 3104 Πατέρα
1631 3033 1720 3086 λέ-

141 3134 323 3201 γςαῢαι
352 3132 448 3184 τὸν
490 3129 709 3199 ἀληθῶς
756 3129 884 3182 ὄντα
925 3127 1118 3192 τοῦτο,
1168 3125 1383 3181 καὶτοῦ
1440 3127 1717 3196 Μονογενῆ

211 3318 284 3384 (3)
326 3312 733 3384 Transformata
758 3311 869 3366 lux.
904 3311 1035 3366 Cum
1069 3309 1108 3363 F
1115 3310 1237 3384 ilius
1263 3325 1292 3362 a
1327 3308 1490 3384 Paulo
1525 3307 1698 3376 splen-
1725 3311 1771 3372 C

152 3379 429 3438 dorl’atris
463 3387 640 3436 dictus
672 3382 1148 3451 sit,argumentum
1175 3382 1272 3434 hoc
1300 3395 1365 3432 ex
1383 3379 1521 3451 lucis
1549 3395 1695 3451 com:

154 3458 424 3524 paratione
457 3455 798 3524 desumptum
831 3447 1350 3524 passim_inculcant
1383 3447 1572 3524 Patres
1592 3448 1693 3524 qui

154 3519 322 3577 contra
364 3525 598 3577 Arianos
647 3521 997 3586 scripserunt.
1034 3519 1284 3574 Fortasse
1313 3528 1491 3573 autem
1547 3520 1705 3589 Didy-

153 3611 266 3647 mus
298 3611 361 3647 εδ
405 3595 498 3646 hic
543 3591 889 3657 peculiariter
919 3590 1162 3644 refellere
1201 3592 1251 3643 in
1286 3591 1466 3643 animo
1495 3589 1701 3653 habuit,

189 3680 264 3716 me
293 3665 588 3730 scripserat
619 3663 670 3716 in
699 3660 1043 3728 Apologetico,
1073 3677 1218 3714 num.
1267 3659 1351 3730 l9,
1388 3657 1701 3730 Eunomius.

189 3680 264 3716 me
293 3679 588 3730 scripserat
619 3679 670 3716 111
699 3679 1043 3728 apotogeuco,
1073 3679 1218 3714 num.
1267 3679 1351 3719 πυ.
1388 3679 1701 3711 nunouuus.

151 3679 460 3799 ananqttam
505 3732 611 3796 his,
641 3731 863 3796 aliisque
890 3747 918 3782 a
953 3730 1172 3799 Didymo
1220 3729 1506 3783 confutatis
1528 3726 1705 3799 alIiuia

156 3797 282 3855 alios
311 3797 476 3854 etiam
508 3806 892 3853 Auomteorum
920 3797 1081 3852 libros
1113 3800 1384 3860 habuisse,
1419 3807 1475 3850 ut
1516 3797 1704 3866 [sago-

157 3876 315 3937 gicum
344 3871 607 3939 libellum,
646 3885 802 3937 quem
857 3868 1148 3939 Gregorius
1200 3869 1573 3939 Nazianzenus
1603 3884 1701 3920 ex-

158 3953 414 4005 secratur,
450 3951 542 3992 aut
570 3938 894 4007 Theoguosti
944 3938 1104 4005 opera
1141 3954 1166 3991 a
1203 3938 1444 4007 Nysseno
1472 3953 1709 3991 comme-

159 4022 375 4072 morata,
431 4021 523 4063 aut
577 4009 686 4063 Arii
749 4007 1014 4069 Thaliam,
1058 4017 1149 4061 aut
1188 4007 1502 4062 Eunomium
1545 4008 1714 4074 ipsum

161 4084 265 4134 sive
304 4083 354 4132 111
381 4080 604 4133 501101115
643 4081 697 4132 in
728 4079 862 4130 Aetii
893 4079 1184 4142 epistolam,
1213 4079 1325 4131 sive
1357 4077 1408 4130 in
1441 4092 1716 4131 commen-

165 4152 309 4230 tariis
339 4151 391 4202 in
425 4149 719 4230 Epistoiam
772 4149 844 4230 ad
874 4147 1182 4230 Romanam.
1205 4149 1319 4202 sive
1359 4146 1412 4198 in
1463 4148 1578 4227 suis
1603 4149 1713 4230 epi-

166 4224 326 4279 stolis,
357 4236 492 4288 quas
525 4219 914 4285 Pliilostorgius
956 4219 1323 4288 Δ1ἑ1111111111²11115
1371 4217 1716 4288 011³101157Εο-

165 4291 318 4341 nomii
343 4286 564 4358 scriptis
597 4290 895 4356 anteponit,
923 4286 1035 4340 sive
1072 4288 1123 4358 in
1171 4287 1323 4341 libris
1347 4296 1538 4340 contra
1561 4286 1714 4342 Basi-

167 4360 216 4412 111
245 4361 404 4413 libros-
437 4358 807 4427 apologoticis,
838 4357 1128 4411 verisimile
1157 4366 1258 4410 est.

232 4403 899 4498 (ἆῖὖὲεὲἷεῖῗίὲξῖὀίιέὶ
909 4403 1491 4498 ’1ἶᾴ1ἐξῖὄρῖἶῖηφιι11υιη
1532 4423 1713 4498 habet.

1825 4403 1948 4470 (uec
1979 4403 2123 4454 enim

170 4494 350 4550 Veram
405 4498 696 4551 lectionem
748 4497 988 4563 expressi
1035 4497 1086 4549 in
1144 4496 1521 4549 translatione.
1555 4494 1723 4548 Nimi-

173 4583 278 4619 rum
330 4567 612 4636 legendum
661 4576 780 4619 est:
819 4565 906 4636 Ὡς
933 4567 995 4617 ὲκ
1043 4565 1140 4636 τῆς
1188 4564 1726 4636 Πατρὸςνόνομασίας

171 4635 641 4716 mmmam.
705 4635 1130 4716 παρηλᾎαῖμὲγη
1175 4635 1319 4716 ἐρεῖ
1351 4635 1446 4688 καὶ
1500 4635 1726 4716 iam.“

171 4705 320 4758 αὑτοῦ
351 4705 629 4770 morior”),
661 4717 752 4759 aut
785 4705 911 4774 quid
945 4705 1140 4761 simile.
1175 4705 1305 4760 Vide
1341 4705 1529 4760 notam
1549 4706 1727 4777 proxi-

175 4791 247 4828 me
269 4787 601 4842 sequentem.

236 4845 307 4915 (5)
338 4845 636 4900 Essentias.
691 4845 822 4917 Vox,
847 4845 1048 4917 _oi»aia,
1100 4845 1146 4899 si
1189 4855 1401 4917 ctymon
1452 4843 1569 4912 ejus
1597 4859 1724 4917 spe-

177 4927 298 4978 ctes,
317 4917 617 4978 essentiam,
645 4916 806 4970 valet.
847 4915 958 4983 Ego
992 4926 1197 4970 veteres
1223 4915 1431 4973 Patres.
1465 4916 1726 4968 maxime-

180 5000 268 5052 que
316 4987 677 5054 Augustiuqu
725 4997 962 5048 secutus,
1015 4987 1172 5039 modo
1235 4986 1512 5040 essentiam
1569 4985 1727 5038 modo

181 5055 533 5119 substantiam,
575 5054 732 5108 modo
763 5064 1005 5124 naturam
1039 5057 1382 5124 interpretor,
1404 5071 1486 5115 ac,
1513 5055 1556 5107 si
1591 5068 1728 5123 opus

184 5123 343 5188 fuerit,
378 5140 571 5180 vocem
607 5126 779 5192 ipsam
815 5123 958 5178 Usite
1011 5127 1246 5180 retinere
1298 5141 1404 5178 non
1450 5126 1729 5177 dubitave-

183 5195 289 5246 rim.
318 5195 614 5248 Eunomius
654 5210 815 5263 porro
855 5196 906 5248 iu
938 5195 1293 5265 Apologetico,
1326 5210 1473 5247 num.
1510 5195 1598 5260 18,
1627 5195 1729 5248 1100

186 5266 472 5336 prtbodoxis
496 5275 876 5336 argumentum
903 5265 1106 5332 objicit.
1136 5275 1190 5320 et
1218 5265 1405 5336 iisdem
1439 5278 1575 5332 pene
1600 5279 1722 5336 ver-

187 5329 275 5405 bis,
299 5345 354 5387 ut
395 5329 627 5405 proinde
675 5350 797 5388 eum
846 5329 1020 5389 locum
1053 5346 1330 5404 spectasse
1359 5329 1620 5402 Didymus
1650 5334 1729 5387 vi-

189 5402 370 5479 deatur.
395 5402 523 5479 Ὀὓς
562 5405 756 5476 ἐχρῆν,
797 5405 966 5479 inquit
1016 5402 1220 5479 ipse,...
1255 5405 1728 5479 παρηλλαγμένῳν

191 5473 287 5550 τῷν,
319 5473 1131 5550 ὀνομάτωνῖξτὲαρηλλαγμένας
1177 5473 1457 5546 ὁμολογεῖν
1489 5473 1582 5550 acati
1629 5473 1730 5538 τὰς

193 5542 368 5614 οῷῖίις,
400 5542 446 5599 id
477 5560 582 5612 est,
621 5542 769 5611 Quos
810 5542 998 5615 'utiqu'e
1030 5542 1322 5610 deceret...,
1353 5542 1470 5598 cum
1523 5547 1728 5615 diversa

192 5618 524 5687 ἔξει-1101111110,
558 5617 791 5670 diversas
821 5614 980 5668 etiam
1011 5617 1258 5670 essentias
1281 5616 1534 5687 conﬁteri.
1566 5614 1728 5687 Lege,

195 5684 231 5762 {'3
262 5684 437 5762 Ριδεθι,
462 5699 677 5762 caetera
708 5708 724 5744 ;
772 5701 877 5743 nec
913 5688 1055 5741 enim
1101 5696 1244 5744 totus
1273 5688 1428 5742 nobis
1475 5686 1613 5742 liber
1643 5685 1730 5739 ille

195 5756 541 5813 exscribendas
571 5769 674 5814 est.

1795 540 1866 593 sit
1907 541 2177 610 splendor,
2236 555 2339 592 non
2387 539 2488 608 15
2545 547 2629 593 est
2672 536 3020 590 immutabilis
3061 535 3148 588 lux
3176 575 3193 598 ,
3243 551 3367 588 cum

1796 631 2098 700 splendoris
2154 631 2437 698 facturam,
2483 647 2601 700 quae
2662 629 2796 682 lucis
2848 627 3062 697 propria
3110 634 3210 686 est,
3251 641 3370 678 11111-

1800 723 1929 776 tatio
1964 731 2237 791 operetur.
2295 722 2352 777 Si
2387 737 2512 776 vero
2550 722 2662 784 lux,
2691 721 2818 790 quin
2842 728 3094 779 mutetur,
3128 717 3372 787 splcndo—

1798 829 1910 868 rem
1954 814 2252 882 generavit,
2301 829 2524 868 mancus
2579 814 2690 882 ipsa
2751 812 2864 874 lux,
2931 818 2985 864 et
3032 808 3370 878 splendorem

1800 903 2004 958 habens
2039 903 2460 956 conuaturaliter
2496 919 2560 957 ex
2614 904 2788 971 seipsa
2844 902 3174 970 perfectum:
3210 901 3371 952 etiam

1801 994 1940 1048 Deus
1993 1007 2173 1047 manet
2208 995 2616 1050 immutabiliter
2639 995 2798 1052 Deus.
2831 993 2931 1047 etsi
2969 990 3170 1062 proprii
3198 990 3378 1058 Splen-

1801 1084 1944 1138 doris
1973 1083 2132 1138 Pater
2168 1085 2260 1147 sit,
2305 1099 2424 1138 cum
2474 1101 2578 1138 non
2618 1085 2684 1138 ab
2719 1085 3019 1140 extrinseco
3050 1083 3194 1135 illum
3221 1096 3377 1134 acce-

1800 1177 1960 1244 perit,
1985 1177 2076 1230 sed
2108 1191 2174 1229 ex
2215 1176 2513 1230 substantia
2535 1192 2656 1231 eum
2689 1177 3024 1246 generaverit
3055 1173 3376 1245 perfectum.

2409 1326 2637 1383 CAPUT
2692 1327 2781 1382 XI.

1806 1460 1881 1514 De
1913 1462 1976 1514 iis
1998 1501 2012 1523 ,
2040 1465 2128 1531 qui
2153 1505 2167 1525 ,
2212 1481 2326 1516 cum
2368 1465 2546 1536 Patris
2576 1467 2935 1519 denominatio
2969 1465 3172 1518 diversa
3203 1465 3269 1518 sit
3302 1465 3379 1536 (4)

1877 1549 1905 1583 a
1950 1537 2371 1606 deuominatione
2411 1535 2562 1596 Filii,
2601 1537 2858 1588 (iit‘é’l'otﬂn
2883 1554 3082 1606 quoque
3106 1554 3215 1590 esse
3243 1535 3380 1604 11)Το-

1879 1612 2012 1655 ttnnt
2048 1605 2280 1671 ejusdem
2317 1603 2446 1658 Filii
2481 1611 2782 1662 essentiam.

1880 1759 2013 1816 Cum
2041 1761 2228 1813 eadem
2274 1761 2340 1814 de
2385 1759 2573 1814 iisdem
2614 1770 2881 1828 repetant,
2914 1768 2967 1812 et
2999 1759 3242 1813 veritatis
3263 1757 3383 1826 pul-

1810 1851 2178 1905 chritudinem
2209 1850 2430 1904 0111111110
2471 1849 2774 1903 adultereut
2802 1890 2816 1915 ,
2850 1850 2977 1902 illud
3008 1851 3170 1902 etiam
3204 1851 3385 1900 animo

1814 1942 1867 1996 111
1894 1942 2059 1995 Deum
2084 1941 2308 1994 inimico
2341 1941 2492 1993 aiunt
2519 1957 2533 1992 :
2563 1940 2800 2006 Quorum
2850 1942 3065 1993 notuiua
3112 1938 3382 2007 dilferuul,

1813 2033 2006 2088 horum
2050 2032 2319 2086 essentias
2347 2031 2422 2101 (5)
2463 2045 2674 2100 quoque
2720 2033 2966 2086 diversas
3003 2046 3123 2084 esse
3163 2046 3386 2085 necesse

1814 2136 1917 2178 est.
1948 2123 2060 2178 Vox
2116 2125 2260 2177 enim
2308 2124 2486 2189 Pater,
2543 2124 2790 2192 inquiunt
2827 2123 2935 2193 (6),
2984 2139 3088 2177 11011
3123 2125 3388 2192 signiﬁcat

1817 2229 2002 2270 vocem
2045 2213 2217 2267 Filius
2250 2233 2268 2278 ;
2306 2229 2480 2283 neque
2509 2215 2623 2267 vice
2657 2229 2808 2268 versa
2844 2213 2976 2268 Filii
3017 2215 3386 2269 denouiinatio

1816 2305 1991 2359 Patris
2037 2305 2370 2376 hypostasim
2411 2307 2648 2360 denotat.
2703 2306 2860 2360 Biuas
2896 2323 3024 2361 vero
3065 2308 3282 2359 audiant
3309 2306 3387 2376 (7)

1816 2398 2212 2466 responsiOues.
2263 2396 2441 2450 Prima
2483 2398 2698 2467 quidem
2739 2410 2850 2452 est:
2893 2398 3005 2452 Nisi
3055 2400 3248 2451 divina:
3293 2399 3388 2466 hy-

1819 2501 2064 2558 postases
2089 2489 2168 2559 (8)
2195 2489 2538 2542 convenieuti
2567 2490 3003 2544 deuominatione
3030 2490 3389 2543 manifestata:

1820 2580 2088 2643 fuissent,
2145 2581 2415 2647 quodnam
2457 2590 2601 2635 esset
2658 2583 2995 2651 symbolum,
3040 2597 3145 2651 quo
3178 2591 3389 2636 utentes

1820 2686 1942 2734 1105,
1969 2671 2073 2740 16
2091 2669 2374 2738 Patrisque
2387 2671 2872 2728 denominationcm
2897 2675 3228 2736 omittentes,
3247 2673 3389 2726 indi-

1821 2777 1946 2817 care
1982 2778 2262 2832 possemus
2304 2778 2425 2815 cum
2457 2765 2632 2832 ipsum
2677 2763 2928 2828 Patrem,
2969 2776 3076 2818 tum
3112 2766 3212 2821 hoc
3249 2765 3393 2836 quod

1822 2863 1926 2918 est,
1951 2870 2073 2908 eum
2099 2854 2296 2908 habere
2335 2854 2571 2909 Filium?
2595 2866 2688 2910 aut
2717 2859 2984 2926 quomodo
3029 2857 3160 2914 Filii
3179 2875 3241 2914 ac
3267 2859 3392 2928 Spi-

1823 2946 1957 2999 ritus
1994 2945 2430 3000 deuominatione
2464 2963 2567 3000 non
2607 2958 2856 3012 utentes,
2891 2964 3082 3005 vocare
3125 2952 3393 3020 potuisse-

1825 3052 1947 3091 mus
1986 3052 2107 3090 cum
2143 3037 2314 3106 ipsum
2345 3037 2540 3092 Filium
2567 3079 2582 3105 ,
2622 3049 2731 3094 tum
2779 3040 3037 3110 Spiritum
3066 3082 3081 3107 ,
3119 3053 3170 3096 et
3215 3044 3395 3097 verbis

1825 3126 2126 3192 declarare,
2181 3125 2320 3182 Filio
2376 3128 2593 3197 quidem
2654 3128 2869 3184 Patrem
2931 3146 3079 3194 esse,
3133 3129 3394 3198 Spiritum

1876 3309 1950 3380 (6)
1982 3309 2254 3380 Inquiunt.
2287 3308 2423 3366 Vide
2471 3319 2582 3367 not.
2617 3310 2708 3376 89,
2741 3325 2863 3381 pag.
2918 3311 3008 3378 12,
3054 3321 3110 3367 01
3151 3321 3262 3368 1101.
3302 3311 3393 3381 99,

1802 3394 1926 3451 pag.
1958 3381 2042 3435 14.

1882 3473 1958 3544 (7)
1987 3475 2242 3527 Audiam.
2282 3474 2522 3529 Similem
2573 3476 2878 3535 formulam,
2914 3490 3006 3529 seu
3041 3475 3380 3532 transitionis

1811 3545 1864 3598 in
1901 3545 2273 3614 respondendo
2319 3547 2531 3598 modum
2585 3547 2800 3599 adhibet
2834 3546 3087 3614 Didymus
3137 3547 3187 3599 iu
3243 3546 3383 3601 libro

1801 3617 2056 3667 adversus
2090 3613 2408 3668 Manichteos
2433 3633 2446 3668 :
2471 3616 2529 3667 Et
2551 3616 2606 3667 δὲ
2636 3615 2842 3682 λέγοιεν
2867 3615 3152 3684 (inquit)...
3179 3616 3391 3669 ἀκουέ-

1801 3700 2006 3738 τωσαν·
2039 3684 2160 3737 Ὀτι
2196 3685 2300 3754 πρὸ
2330 3685 2428 3754 τῆς
2460 3684 2552 3736 τοῦ
2585 3685 2852 3754 Σωτῆρος,
2881 3702 2935 3737 κ.
2977 3702 3026 3737 τ.
3061 3685 3109 3737 λ.
3170 3711 3175 3719 ι

1875 3773 1954 3842 (8)
1994 3771 2333 3844 Hypostases.
2366 3773 2499 3827 Cum
2539 3775 2830 3843 hypostasis
2859 3774 3174 3844 vocabulum
3210 3789 3238 3826 a
3275 3774 3388 3844 pri-

1811 3845 1916 3898 scis
1946 3844 2234 3911 aliquando
2283 3842 2709 3904 Ρ1111111115,⁷11110
2757 3855 2810 3896 et
2858 3859 2886 3896 a
2930 3842 3144 3897 Nicaeua
3175 3842 3380 3913 synodo

1807 3914 2002 3966 alicubi
2057 3913 2121 3965 ad
2180 3913 2588 3980 signiﬁcandam
2644 3914 2944 3976 essentiam,
2979 3914 3093 3967 sive
3121 3918 3370 3966 substan-

1816 3985 1942 4036 tiam
1982 3983 2280 4036 adhibitum
2315 3991 2478 4042 esset,
2509 3983 2742 4036 dubitari
2773 3988 2938 4052 C(Bpit
2982 3986 3299 4044 Antiocliite,
3323 3993 3380 4036 ut

1815 4053 2048 4121 theologi
2103 4063 2319 4115 norunt,
2374 4054 2515 4106 haud
2563 4053 2634 4106 ita
2669 4054 2852 4108 multis
2888 4054 3063 4114 annis,
3095 4064 3383 4122 antequam

1814 4124 1928 4178 lucc
1965 4123 2218 4193 Didymus
2249 4122 2494 4185 dictaret,
2527 4139 2594 4176 an
2625 4132 2727 4175 tres
2767 4123 2820 4176 in
2851 4124 2957 4178 Deo
2981 4125 3283 4193 hypostases
3311 4124 3394 4175 di-

1813 4195 1995 4247 cauda:
2028 4190 2226 4246 ferent.
2266 4193 2544 4246 Paulinum
2573 4193 2969 4247 Antiochenum
3011 4190 3179 4247 secuti
3239 4208 3382 4246 11011-

1814 4261 1944 4316 nulli
1975 4279 2134 4314 uuam
2164 4271 2370 4316 tantum
2397 4261 2682 4316 Trinitatis
2730 4263 3082 4332 hypostasim,
3119 4273 3228 4316 tres
3260 4277 3388 4316 vero

1816 4347 2077 4399 personas
2101 4332 2354 4386 dicemlas
2383 4347 2501 4386 esse
2545 4333 2965 4396 contendebant,
3004 4333 3153 4386 veriti
3187 4333 3396 4387 scilicet

2169 4402 2254 4473 de
2282 4403 2420 4456 bona
2469 4417 2656 4473 eorum
2690 4403 2794 4473 lide
2827 4403 3072 4456 dubitare
3100 4402 3392 4473 volumus),

1833 4487 1899 4525 ne
1928 4481 2036 4524 tres
2061 4471 2345 4535 essentias,
2371 4480 2463 4525 aut
2491 4471 2816 4526 substantias
2846 4473 3024 4526 dicere
3053 4471 3390 4527 viderentur.

1831 4539 2081 4612 Plerique
2112 4540 2215 4612 alii
2245 4555 2276 4594 e
2306 4542 2580 4612 contrario
2611 4552 2719 4595 tres
2743 4542 2805 4612 in
2841 4541 3102 4596 Triuitate
3135 4542 3389 4612 hyposta-

1832 4626 1919 4666 ses
1945 4611 2277 4664 conﬁdenter
2303 4611 2573 4676 dicebant,
2610 4611 2751 4679 quod
2794 4611 2865 4664 ita
2893 4628 3015 4666 cum
3048 4614 3393 4676 vetustiores,

1835 4691 1946 4733 tum
1980 4681 2306 4734 recentiores
2353 4681 2538 4734 Patres
2589 4676 2750 4750 locuti
2783 4681 2974 4736 forent.
3007 4680 3218 4750 Auceps
3257 4676 3398 4735 inter'

1834 4760 2118 4818 utramque
2171 4749 2476 4821 opinionem
2517 4752 2672 4806 ha:sit
2702 4749 3082 4821 Hieronymus,
3114 4753 3185 4804 ita
3218 4762 3398 4806 tamen

1835 4829 1952 4872 uta
1987 4821 2144 4872 triqu
2201 4820 2568 4888 hypostasium
2619 4820 3016 4889 nuncupatione
3072 4827 3250 4888 potius
3300 4822 3392 4873 ab-

1834 4890 2076 4944 horreret
2105 4903 2117 4940 :
2153 4903 2258 4960 qua
2308 4891 2372 4943 de
2420 4905 2584 4943 causa
2637 4889 2935 4945 Boiuauum
2963 4892 3268 4960 pontiﬁcem
3303 4891 3400 4943 Da-

1835 4973 2047 5030 masum
2079 4959 2365 5030 consuluit.
2408 4962 2474 5011 At
2508 4960 2762 5030 Didymus
2801 4962 2852 5014 in
2888 4959 2988 5015 hoc
3014 4976 3175 5030 opere
3200 4961 3398 5024 passim

1835 5029 2133 5097 hypostases
2175 5029 2225 5082 iu
2271 5027 2536 5084 Triuitate
2563 5027 2840 5097 pl'uraliter
2872 5033 3022 5084 dicit.
3057 5029 3238 5098 Neque
3264 5045 3393 5083 vero

1836 5098 2008 5165 ipsum
2055 5101 2122 5152 ab
2171 5114 2230 5149 ea
2280 5099 2549 5153 locutione
2598 5101 2648 5152 iu
2699 5100 2836 5153 libro
2883 5101 2958 5154 De
2988 5100 3186 5167 Spiritu
3219 5111 3397 5152 sancto

1838 5169 2168 5222 abstinuisse
2219 5170 2491 5233 existimo,
2534 5172 2781 5238 quamvis
2825 5172 2874 5224 id
2903 5187 3036 5239 opus
3075 5186 3139 5222 eo
3179 5171 3400 5222 circiter

1839 5247 2079 5306 tempore
2108 5241 2406 5305 dictaverit,
2437 5256 2543 5306 quo
2589 5241 2696 5303 illa,
2747 5257 2904 5308 quam
2957 5239 3396 5301 commemoravi,

1835 5309 2203 5363 controversia
2259 5310 2490 5376 vigebat.
2530 5309 2722 5362 Verum
2764 5311 3140 5380 Hieronymus,
3177 5310 3260 5380 cui
3307 5323 3399 5374 pa-

1837 5394 1955 5432 rum
1983 5380 2340 5446 hypostasium
2376 5379 2690 5432 vocabulum
2725 5377 3073 5446 probabatur,
3110 5382 3160 5430 in
3208 5377 3397 5431 Latina

1836 5449 1952 5516 ejus
1996 5450 2178 5516 operis
2219 5450 2655 5516 interpretatione
2677 5451 2743 5501 ab
2771 5467 2836 5505 eo
2860 5451 3037 5503 dedita
3077 5463 3237 5516 Opera
3271 5450 3398 5500 abs—

1839 5519 2066 5572 tinuisse
2102 5520 2310 5572 videtur
2346 5534 2359 5570 :
2393 5519 2534 5570 nulla
2567 5535 2694 5573 sane
2741 5521 2811 5574 ibi
2853 5523 2955 5572 alia
2991 5535 3132 5573 nunc
3170 5520 3392 5570 vocabu-

1834 5590 1885 5642 la
1925 5598 2237 5654 occurrunt,
2273 5603 2432 5656 quam
2465 5589 2788 5653 substantiw,
2837 5588 3184 5652 subsistentia,
3216 5601 3395 5656 perso-

1839 5675 2052 5726 narum,
2086 5668 2216 5724 etc.,
2249 5673 2509 5727 nusquam
2542 5677 2668 5714 vero
2703 5661 3076 5730 hypostasium.
