3970 6406
569 366 675 425 ῗόθ

1824 336 2055 420 nimii-tl
2087 363 2550 421 ALEXANDRIM

3693 362 3802 420 500

569 497 908 552 perspicuam
948 496 1011 538 ac
1038 482 1192 538 valde
1220 481 1556 537 manifestam
1586 481 1715 535 facit
1734 519 1749 545 ,
1782 494 2009 551 eamque
2037 483 2124 536 fu-

2231 466 2496 552 ρωμαῖστι
2521 478 2578 531 δὲ
2601 479 2633 548 ὴ
2665 477 3052 547 ἀπαρέμφατος
3077 477 3140 529 ὲκ
3167 476 3258 552 δύο
3276 473 3470 540 λέξεων
3499 473 3801 544 σύγκειται*

571 571 817 640 gieridam
847 587 966 626 esse
995 573 1247 627 ostendit.
1274 570 1408 625 Nam
1439 585 1540 624 vox
1565 608 1580 633 ,
1609 565 1698 640 ἦν,
1725 570 1776 623 id
1795 577 1878 626 est
1897 572 2128 635 erat,inv-

572 661 791 716 deﬁnita
820 673 902 715 est
932 681 945 716 :
974 662 1160 716 Latine
1187 671 1361 716 autem
1401 659 1738 724 vocabulum,
1769 675 1874 729 quo
1907 661 2128 716 verbum

571 753 830 820 inde/initi
863 766 984 808 esse
1014 753 1267 824 temporis
1295 752 1653 822 signiﬁcatur,
1693 765 1758 805 ex
1798 753 2003 807 duabus
2030 769 2128 808 vo-

544 847 755 909 cibus,
805 842 1094 913 Plusquam
1148 845 1403 914 perfectus
1450 844 1595 914 (2i),
1654 843 2011 912 componitur,
2066 859 2131 899 ac

572 938 818 1001 vertitur,
864 938 1025 992 πλέον
1065 937 1099 1007 ἢ
1144 937 1367 999 τέλειος.
1408 935 1591 1003 Itaque
1629 933 1718 987 hic
1745 933 1940 1003 exigit.
1967 939 2024 987 ut
2053 933 2131 986 in-

575 1033 843 1103 telligatur
870 1037 1300 1098 snperacternus.
1328 1037 1420 1080 aut
1451 1023 1698 1093 principii
1749 1036 1962 1091 expers.
1996 1021 2129 1075 Nam

574 1123 662 1191 qui
709 1131 820 1175 erat
849 1124 902 1174 in
933 1119 1184 1188 principio
1205 1156 1220 1183 ,
1253 1125 1381 1181 aut,
1410 1122 1469 1168 ut
1491 1113 1612 1183 quis
1639 1112 1834 1167 dixerit
1859 1152 1874 1176 ,
1908 1110 1996 1180 qui
2020 1118 2132 1164 erat

573 1211 860 1280 aliquando
896 1209 1208 1278 principium
1244 1205 1354 1276 (22)
1376 1245 1391 1270 ,
1440 1203 1706 1272 quomodo
1757 1217 1861 1255 non
1893 1202 1962 1253 ita
1994 1210 2130 1265 erat,

573 1314 632 1355 ut
666 1303 862 1356 nullam
888 1315 1102 1354 causam
1130 1297 1489 1368 agnosceret?
1524 1297 1632 1348 Aut
1658 1310 1844 1348 rursus
1867 1295 2132 1362 quomodo

577 1407 785 1463 tempus
817 1393 955 1462 quod
989 1391 1222 1445 nondum
1254 1387 1517 1451 exsistat,
1564 1400 1818 1439 mensura
1846 1384 1986 1437 illius
2013 1397 2132 1437 esse

574 1494 771 1553 potest,
795 1483 884 1551 qui
917 1481 1312 1551 tcmpusipsum
1347 1477 1634 1546 fccit(25)?
1663 1476 1792 1529 Illud
1821 1493 1834 1529 :
1868 1473 1997 1528 Erat
2030 1474 2134 1544 19

574 1573 711 1642 apud
760 1571 922 1626 Deum
943 1611 958 1636 ,
985 1570 1218 1625 ostendit
1244 1583 1363 1623 eam
1383 1607 1398 1635 ,
1444 1582 1604 1636 quam
1636 1567 1747 1638 (at)
1778 1565 1947 1620 Filius
1973 1565 2132 1619 habet

575 1678 696 1718 cum
731 1663 839 1717 Deo
873 1661 1032 1716 Patre
1050 1701 1067 1725 ,
1113 1669 1320 1716 natura:
1347 1658 1780 1714 communionem
1800 1697 1817 1723 ,
1845 1666 2006 1725 atque
2033 1656 2132 1710 hoc

574 1755 736 1809 etiam
775 1753 1041 1818 ostendit,
1073 1766 1139 1806 ex
1175 1764 1281 1819 quo
1309 1762 1501 1818 nempe
1528 1747 1663 1812 fuit,
1699 1747 1743 1801 si
1778 1745 1852 1799 ita
1878 1745 2017 1814 loqui
2050 1743 2130 1798 fas

2238 551 3803 642 ρμαεοιυίλωεειξεεοταςοἑρμηνεύεται

2229 664 2304 729 δὲ,
2377 665 2562 718 πλέον
2602 665 2638 732 ἢ
2689 663 2935 726 τέλειος.
2965 661 3126 714 Ὥστε
3175 660 3270 714 νῦν
3329 660 3549 712 ἀπαιτεῖ
3603 655 3804 725 νοηθῆ-

2229 771 2316 808 ναι
2357 753 2722 823 ὑπεράχρονος
2765 751 2796 821 ἢ
2846 750 3096 821 ἄναρχος.
3144 749 3197 801 '0
3238 747 3346 818 γὰρ
3377 747 3461 800 ὢν
3487 748 3557 800 ἐν
3599 745 3673 814 τῇ
3705 747 3802 814 ἁρ-

2232 841 2334 910 χῇ,
2360 843 2392 911 ἥ
2419 842 2483 895 ἄν
2511 857 2594 905 τις
2617 842 2758 893 εἴποι
2804 839 2859 910 [6
2891 838 2944 910 b]
2977 838 3117 909 ἀρχή
3149 855 3276 890 ποτε
3301 837 3550 899 ἀναιτίως
3579 837 3680 888 οὐκ
3707 832 3799 905 ἦν.

2236 937 2306 987 Ἦ
2335 935 2494 988 πάλιν
2521 936 2549 986 ὁ
2589 933 2808 1004 μηδέπω
2836 931 2910 986 ὣν
2931 932 3140 1001 χρόνος,
3168 930 3261 983 τοῦ
3291 930 3612 1000 ποιήσαντος
3636 929 3804 981 αὑτὸν

2231 1026 2346 1088 πῶς
2377 1020 2514 1078 εἶναι
2548 1024 2742 1095 μέτρον
2771 1023 3020 1087 δύναται;
3053 1021 3146 1083 Τὸ,
3167 1018 3278 1078 Ἦν
3306 1021 3454 1089 πρὸς
3481 1020 3588 1073 τὸν
3616 1019 3769 1074 Θεὸν
3787 1059 3803 1080 ,

2232 1116 2470 1186 παριστᾷ
2494 1115 2560 1185 ἢν
2593 1115 2720 1177 Υἱὸς
2743 1114 2852 1184 ἔχει
2891 1114 3022 1186 πρὸς
3047 1113 3177 1166 Θεὸν
3219 1112 3439 1182 Πατέρα
3468 1111 3680 1180 φύσεως
3723 1112 3806 1163 οἰ-

2233 1206 2502 1277 κειότητα,
2540 1206 2716 1259 καὶτὸ
2745 1205 2836 1274 ἀφ’
2866 1200 2926 1258 οὗ
2964 1199 3053 1274 ἦν,
3103 1205 3153 1256 ει
3187 1202 3344 1274 Θέμις
3391 1201 3560 1265 οὕτως
3603 1203 3804 1264 εἰπεῖν,

2230 1299 2258 1351 ὁ
2281 1298 2573 1367 αὐτογενὴς
2611 1297 2818 1367 Πατὴρ,
2847 1295 3212 1366 συνυπάρχειν
3240 1293 3389 1363 αὐτῷ
3430 1293 3522 1346 τὸν
3547 1292 3606 1357 ἐξ
3632 1291 3804 1346 αὐτοῦ

2232 1391 2378 1446 Υίόν.
2429 1389 2783 1461 Ἐρῤωμένως
2813 1388 2869 1440 δὲ
2914 1387 3129 1457 νοηθείη
3162 1386 3226 1438 ἂν
3246 1384 3328 1449 τὸ,
3354 1381 3465 1439 Ἦν
3515 1385 3664 1452 πρὸς
3693 1384 3806 1436 τὸν

2234 1480 2381 1535 Θεὸν
2405 1519 2421 1544 ,
2477 1482 2557 1532 ὅτι
2591 1477 2729 1532 κατὰ
2755 1477 2846 1530 τὸν
2875 1477 3006 1529 Θεὸν
3046 1471 3114 1545 ἦν
3141 1516 3154 1540 ,
3208 1475 3439 1544 ἄναρχος
3463 1511 3478 1536 ,
3513 1472 3802 1542 ἀγένητος,

2231 1571 2528 1643 ἁχώρητος,
2564 1568 2784 1637 ἀγαθὸς,
2822 1567 3119 1629 ἀθάνατος,
3167 1562 3557 1634 παμϐασιλεύς.
3589 1563 3650 1615 Ei
3690 1562 3805 1634 γὰρ

2235 1661 2308 1733 μὴ
2352 1660 2522 1723 οὓτως
2569 1659 2680 1728 ἔχει
2726 1658 2817 1710 ἐπὶ
2867 1657 2967 1726 τῆς
3019 1655 3305 1726 βρυθείσης
3351 1653 3539 1722 σοφίας
3573 1651 3803 1721 ταύτης,

2232 1751 2329 1821 οὐχ
2355 1749 2462 1814 seu
2499 1749 2606 1801 οὐδ’
2637 1748 2728 1799 ἐπὶ
2764 1748 2860 1816 τῆς
2901 1746 3086 1817 πηγῆς
3125 1745 3223 1815 τῆς
3258 1744 3534 1815 βρυσάσης
3573 1743 3673 1813 τὴν
3710 1759 3806 1794 σο-

573 1854 705 1912 est,
759 1845 1029 1900 increatus
1063 1842 1248 1906 Pater,
1287 1841 1388 1910 ipsi
1433 1838 1775 1895 coexsﬁtisse
1812 1833 2006 1892 Filium
2037 1837 2124 1906 qui

2235 1843 2380 1912 φίαν.
2421 1841 2574 1910 Ἔχει
2604 1839 2658 1892 δὲ
2689 1838 2862 1900 οὕτως
2896 1839 2980 1889 ἐπ’
3031 1838 3254 1906 ἀμφοῖν.
3318 1833 3616 1904 Ἐπιφανὴς
3665 1833 3805 1902 γὰρ,

571 1951 635 1992 ex
677 1939 791 2005 ipso
839 1945 939 1990 est.
989 1935 1127 2000 Quin
1181 1933 1341 1988 etiam
1388 1931 1601 1986 illorum
1632 1931 1940 1994 verborum,
1994 1927 2128 1982 Erat

573 2029 712 2098 apud
735 2029 900 2081 Deum
924 2067 939 2091 ,
971 2042 1099 2080 sana
1138 2025 1507 2093 interpretatio
1545 2021 1718 2086 foret,
1742 2021 1786 2076 si
1819 2021 1890 2074 ita
1924 2019 2124 2075 intelli-

573 2129 875 2186 gerentur:
931 2113 1058 2167 Erat
1112 2113 1394 2166 secundum
1447 2111 1647 2177 Deum,
1705 2111 1758 2165 id
1819 2117 1924 2174 est,
1986 2120 2122 2175 erat,

570 2220 722 2276 aeque
753 2219 816 2258 ac
852 2204 1012 2268 Dens,
1041 2202 1305 2271 principio
1332 2214 1544 2265 carens,
1570 2214 1673 2253 non
1700 2199 1894 2262 factus,
1917 2199 2123 2254 incom-

572 2294 954 2365 prehensibilis
1021 2293 1157 2362 (ΞΒ),
1230 2292 1425 2356 bonus,
1485 2291 1825 2356 immortalis,
1885 2291 2124 2345 omnium

569 2404 687 2443 rex.
735 2387 846 2442 Nisi
878 2387 1020 2442 enim
1059 2389 1112 2442 in
1151 2386 1480 2441 scaturiente
1505 2385 1605 2440 hac
1639 2385 1899 2454 sapientia
1939 2399 2026 2439 res
2053 2388 2127 2438 ita

571 2495 629 2534 se
662 2479 888 2543 habeat,
938 2493 1003 2532 ne
1040 2479 1093 2532 in
1132 2477 1278 2532 fonte
1316 2476 1564 2545 quidem,
1595 2488 1661 2530 ex
1701 2491 1808 2544 quo
1836 2476 1947 2544 ipsa
1974 2490 2125 2530 ema-

571 2577 692 2636 nat,
729 2569 808 2624 sic
845 2582 904 2624 se
953 2569 1190 2626 habebit.
1236 2569 1306 2621 At
1342 2569 1397 2621 in
1439 2567 1697 2621 ambobus
1727 2582 1914 2621 revera
1956 2568 2025 2620 ita
2067 2581 2128 2622 se

571 2660 736 2715 habet
766 2677 781 2714 :
814 2674 938 2714 nam
982 2659 1205 2714 Joannis
1239 2673 1467 2728 scopus,
1507 2667 1563 2714 et
1592 2658 1849 2713 divinitus
1894 2659 2124 2714 traditus

567 2753 690 2822 ejus
716 2766 897 2807 sermo
915 2792 931 2818 ,
963 2749 1279 2806 manifestus
1299 2759 1411 2813 est,
1438 2759 1494 2803 et
1527 2750 1713 2804 ﬁrmus
1738 2788 1754 2812 ,
1799 2765 1902 2803 non
1933 2765 2125 2816 super-

571 2858 794 2906 vacuus,
824 2843 918 2897 sed
949 2841 1115 2898 solam
1143 2849 1392 2911 spectans
1419 2840 1774 2895 divinitatem.
1802 2839 1951 2902 Illud,
1981 2841 2123 2895 Deus

571 2943 683 2988 erat
724 2933 985 2999 Verbum,
1035 2933 1225 3001 probat
1293 2931 1643 2988 substantiale
1691 2948 1808 2987 esse
1864 2932 2123 2998 Verbum,

573 3026 852 3094 ipsumque
875 3038 994 3080 esse
1015 3023 1201 3089 Deum,
1224 3024 1363 3078 sicut
1392 3023 1532 3079 Deus
1559 3033 1642 3078 est
1673 3024 1782 3089 ille,
1808 3024 1960 3094 cujus
1987 3025 2120 3080 Ver-

649 3159 756 3230 (2l)
797 3155 1096 3230 Plusquam
1131 3153 1402 3230 perlectus.
1435 3154 1595 3209 Binas
1637 3155 1825 3230 hasce,
1869 3165 2117 3230 seu_tres

573 3225 749 3300 potius
791 3225 1050 3300 dictiones
1084 3226 1153 3300 ita
1195 3225 1280 3278 hic
1321 3225 2016 3300 repraesentandascuravi,
2061 3237 2118 3280 ut

572 3294 666 3353 eas
699 3299 813 3367 ipse
843 3312 910 3350 ex
936 3296 1116 3349 codice
1139 3295 1192 3348 in
1221 3308 1337 3367 meo
1372 3294 1676 3367 apographo
1701 3294 2114 3367 delineaveram.

573 3364 912 3434 Quae—autem
944 3370 1009 3418 ex
1046 3364 1632 3434 temporisplusquam
1655 3364 1876 3432 perfecti
1931 3365 2114 3434 appel-

573 3432 773 3491 iatione
800 3436 964 3504 infert
1001 3433 1274 3504 Didymus,
1307 3432 1670 3504 frigidiuscula
1703 3448 1823 3487 esse
1860 3435 1980 3504 quis
2003 3432 2118 3489 non

572 3506 753 3560 videt?
796 3503 1054 3573 Equidem
1087 3502 1270 3563 miror.
1311 3502 1428 3573 viro
1457 3517 1663 3573 summa
1713 3503 1972 3564 doctrina,
2007 3520 2120 3557 ma-

573 3589 783 3645 gnoque
818 3571 1033 3645 ingenio
1068 3573 1287 3645 praedito
1334 3571 1833 3645 istiusmpdi_nugas
1881 3573 2121 3628 arridere

575 3640 835 3714 potuisse.
872 3643 1006 3709 Quin
1035 3643 1192 3696 etiam
1219 3656 1416 3714 parum
1455 3656 1514 3696 se
1531 3641 1596 3714 in
1639 3640 1826 3714 Latina
1851 3655 2123 3714 gramina-

576 3710 678 3769 tica
713 3713 1019 3784 profecisse
1044 3713 1306 3784 ostendit,
1344 3713 1802 3784 cumudetverbo,
1848 3710 1936 3784 ἦν,
1983 3713 2115 3779 sive,

573 3794 682 3838 erat
705 3780 729 3846 .’
759 3784 976 3852 perinde
1007 3781 1460 3852 loquitur,_quasi
1479 3780 1606 3852 illud
1634 3784 1705 3836 sit
1734 3780 1882 3850 apud
1904 3783 2120 3837 Latinos

578 3849 833 3920 temporis
859 3849 1136 3921 plusquam
1166 3849 1406 3919 perfecti.
1435 3849 1517 3904 Ab
1547 3851 1628 3904 his
1666 3849 1824 3918 porro
1849 3853 2119 3920 plusquam

575 3922 854 3989 perfectum
884 3922 1078 3974 dicitur
1115 3931 1305 3974 neutro
1336 3934 1552 3988 genere,
1586 3923 1725 3988 quod
1768 3921 2124 3976 subaudiatur

578 4005 702 4053 vox,
727 4001 923 4056 tempus
948 4007 967 4046 :
1006 3990 1256 4056 Didymus
1289 4003 1463 4042 autem
1493 3990 1784 4043 masculino
1817 3992 1942 4045 illud
1970 3990 2124 4046 effert

578 4075 788 4128 genere,
815 4060 954 4127 quod
982 4059 1048 4113 ad
1082 4059 1433 4130 masculinum
1465 4074 1655 4112 nomen
1683 4059 1870 4130 χρόνος
1901 4061 2119 4114 referat.

577 4131 682 4183 Sed
719 4131 935 4196 hujusce
989 4129 1125 4199 modi
1175 4129 1338 4182 tricas
1390 4129 1752 4199 omittamus:
1785 4139 1946 4199 atque
1992 4130 2122 4182 illud

578 4201 753 4267 potius
805 4197 1316 4267 animadvertamus,
1360 4197 1561 4250 nullum
1604 4197 1834 4252 fortasse
1861 4197 2015 4252 aliud
2067 4200 2120 4252 in

579 4265 846 4322 veteribus
895 4268 1241 4333 scriptoribus
1271 4265 1472 4321 Graecis
1501 4270 1798 4335 exemplum
1841 4282 2124 4322 occurrere

579 4338 781 4391 Latinae
821 4337 963 4406 vocis
1002 4337 1076 4389 ita
1107 4337 1378 4396 adhibitae,
1423 4347 1478 4388 ut
1520 4338 1742 4406 retentis
1781 4337 2055 4392 elementis
2091 4353 2123 4406 ᾳ

577 4416 633 4460 et
671 4408 712 4474 f,
754 4422 872 4476 quae
918 4405 1150 4476 Graecus
1178 4420 1353 4460 sermo
1391 4420 1495 4476 non
1522 4405 1950 4476 rhabet,ineque
1995 4422 2120 4461 vero

580 4458 869 4529 ὴίυὶἕιιὲίιὶί
904 4458 962 4538 ος
1000 4458 1374 4528 terminatione
1415 4474 1601 4527 Latina
1632 4458 1956 4539 us,'La_ti‘nis
1999 4458 2117 4531 om;
2150 4458 2198 4519 D

577 4545 703 4598 nino
752 4547 944 4599 litteris
994 4546 1280 4600 scribatur.
1328 4545 1438 4613 Ego
1485 4544 1698 4612 quidem
1755 4561 2021 4614 nunquam
2065 4549 2117 4600 in

578 4615 866 4683 quidquam
913 4614 1016 4670 tale
1057 4614 1256 4683 incidi:
1288 4617 1709 4682 qu0tiescunque
1744 4619 1886 4668 enim
1933 4615 2118 4670 Latina

576 4682 833 4752 vocabula
867 4695 956 4737 aut
998 4699 1061 4738 ex
1107 4682 1298 4736 Latino
1347 4697 1593 4736 sermone
1643 4685 1895 4752 allegant,
1937 4699 2027 4737 aut
2063 4688 2116 4740 in

577 4750 817 4824 Graecam
847 4753 1096 4824 linguam
1137 4754 1483 4824 aequioribus?
1521 4755 1727 4808 saeculis
1755 4750 1975 4809 invecta
2023 4756 2119 4808 ad-

579 4823 792 4894 hibent,
833 4821 1050 4894 Graecis
1095 4825 1170 4894 ut_i
1214 4821 1517 4894 :elementis
1581 4835 1972 4894 consueverunt
2020 4825 2113 4894 (a).

579 4892 656 4964 ita
698 4891 1010 4964 Plutarchus
1040 4892 1090 4964 in
1108 4890 1290 4964 _Gal_bia
1317 4907 1334 4944 :
1375 4892 1460 4943 Ἐν
1493 4894 1603 4954 τοῖς
1633 4893 1889 4964 ἀρχείοις,
1926 4890 2116 4962 inquit,

577 4959 614 5012 ἃ
637 4961 947 5029 πριγκίπια
973 4959 1192 5031 καλοῦσι
1228 4961 1505 5031 Ῥωμαῖοι,
1533 4964 1584 5014 id
1609 4959 1789 5026 esifin
1816 4959 2011 5016 ducum—
2040 4978 2122 5016 ta-

580 5031 866 5115 liet-uacula}
903 5046 1019 5115 qua:
1060 5030 1267 5115 Lnatinih
1283 5035 1542 5115 principia
1575 5043 1810 5115 39mm”:
1842 5044 1896 5086 et
1938 5033 2121 5115 Polluit

580 5100 668 5170 lib,
703 5116 773 5170 tv,
821 5116 937 5168 cap.
967 5101 1002 5153 4
1033 5119 1046 5152 :
1083 5100 1192 5170 Τὴν
1236 5100 1430 5170 ζώνην,
1472 5103 1537 5170 ἣν
1571 5101 1828 5170 ξΡωμαϊοι
1855 5104 2124 5169 φιλο-λίαν

579 5168 833 5231 καλοῦσι,
874 5171 923 5222 id
959 5181 1068 5232 est,
1110 5168 1313 5232 zonam,
1347 5168 1503 5238 quam
1560 5168 1730 5222 Latini
1778 5168 2000 5225 faselum
2039 5190 2126 5225 vo-

580 5251 699 5291 Cunt
737 5255 756 5291 :
780 5240 1050 5310 vocabula
1089 5253 1215 5310 vero
1263 5239 1526 5310 λίϐελλος,
1571 5240 1854 5310 δηνάριος,
1898 5243 2123 5309 κῆνο-ος,

581 5308 976 5378 σπικουλάτωρ,
1010 5303 1356 5379 πραιτώριον,
1390 5303 1719 5379 κοδράντὴςξ
1756 5303 1969 5379 μίλιον,’
1997 5303 2128 5363 alia?

579 5393 685 5449 que
730 5381 887 5446 hujus
939 5382 1150 5449 generis
1197 5379 1611 5449 quamplurima,
1663 5381 1864 5435 Grzecis
1893 5395 2127 5449 (semper

579 5448 860 5502 elementis
896 5463 925 5500 a
969 5447 1170 5503 Griecis
1199 5465 1318 5501 cum
1365 5447 1695 5512 auctoribus,
1737 5460 1844 5502 tum
1891 5447 2124 5502 librariis

578 5527 840 5587 exarata,
880 5520 1128 5572 omnibus
1176 5519 1268 5587 qui
1311 5519 1413 5572 hoc
1448 5520 1744 5574 studiorum
1793 5534 1986 5585 genere
2028 5521 2123 5571 de-

579 5584 864 5649 lectantur,
903 5600 1025 5640 nota
1076 5584 1220 5641 sunt.
1250 5587 1432 5656 Neque
1476 5603 1602 5642 vero
1655 5584 1873 5642 Latinas
1918 5589 2123 5656 aliquas

2235 1935 2329 1988 καὶ
2350 1932 2579 2002 βέϐαιος,
2613 1930 2707 1984 καὶ⁴
2728 1929 3072 2000 ἀπερίεργος,
3104 1927 3198 1980 καὶ
3237 1925 3371 1996 πρὸς
3399 1926 3462 1979 τὸ
3493 1926 3632 1979 θεῖον
3655 1925 3806 1995 ὁρῶν

2237 2023 2394 2094 μόνον
2416 2023 2444 2074 ὁ
2468 2019 2685 2082 σκοπὸς,
2715 2017 2808 2071 καὶ
2830 2020 2856 2071 ὁ
2882 2015 3274 2088 θεοπαράδοτος
3306 2015 3461 2084 λόγος
3490 2013 3584 2066 τοῦ
3625 2014 3806 2067 Ἰωάν-

2231 2131 2342 2168 νου.
2375 2113 2467 2177 Τὸ,
2500 2110 2643 2176 Θεὸς
2660 2106 2738 2179 ἦν
2767 2112 2799 2162 ὀ
2828 2111 3036 2176 Λόγος,
3066 2105 3288 2177 συνιστᾷ
3319 2105 3379 2158 τὸ
3404 2104 3630 2174 οὺσιώδη
3658 2100 3804 2158 εἶναι.

2229 2206 2321 2258 τὸν
2348 2205 2517 2272 Λόγον
2545 2203 2639 2256 καὶ
2673 2202 2802 2256 Θεὸν
2827 2197 2986 2265 εἶναι,
3016 2196 3127 2263 οἷός
3160 2200 3304 2252 ἐστιν
3329 2199 3459 2260 Θεὸς
3498 2199 3703 2260 ἐκεῖνος
3735 2190 3803 2248 οὗ

2233 2297 2405 2364 Λόγος
2433 2295 2579 2348 ἐστίν
2601 2311 2614 2324 ⁸
2648 2294 2742 2347 καὶ
2774 2289 2928 2354 αὖθις
2962 2291 3022 2344 τὸ
3041 2290 3296 2344 ἀναίτιον.
3349 2288 3441 2352 Τὸ,
3490 2289 3696 2341 Πάντα
3722 2287 3804 2341 δι’

2231 2386 2413 2439 αὐτοῦ
2443 2383 2694 2453 ἐγένετο,
2719 2383 2816 2436 καὶ
2849 2381 3026 2450 χωρὶς
3063 2380 3246 2435 αὑτοῦ
3279 2378 3513 2450 ἐγένετο
3535 2377 3678 2432 οὐδὲ
3704 2378 3803 2443 ἐν,

2233 2477 2517 2546 ἀποφαίνει
2549 2474 2729 2539 αὑτὸν,
2750 2475 2824 2538 ὡς
2847 2474 2946 2545 ἤδη
2974 2472 3191 2545 ἐλέχθη,
3225 2473 3504 2542 μονονουχὶ
3535 2471 3807 2542 δημιουρ-

2233 2571 2326 2640 γόν
2349 2586 2364 2601 ⁸
2399 2570 2511 2623 ἀλλ’
2538 2570 2619 2622 ὅτι
2663 2567 2754 2621 καὶ
2795 2569 2894 2620 οὐκ
2920 2566 3152 2636 ἐκτίσθη.
3190 2566 3253 2618 Ei
3295 2564 3401 2634 γὰρ
3441 2565 3573 2635 μηδὲ
3597 2563 3654 2616 ἒν
3683 2582 3806 2617 κτι-

2235 2663 2356 2717 στὸν
2388 2662 2554 2734 χωρὶς
2581 2660 2744 2716 αὑτοῦ
2769 2659 2828 2714 τὸ
2853 2654 2991 2712 εἶναι
3019 2657 3251 2722 ἐδέξατο,
3291 2656 3449 2708 παντί
3483 2673 3584 2708 που
3611 2655 3803 2724 δῆλον,

2229 2755 2304 2819 ὡς
2336 2755 2495 2817 αὐτὸς
2514 2754 2614 2806 οὐκ
2642 2754 2876 2821 ἐγένετο,
2907 2751 3022 2804 ἀλλ’
3037 2748 3299 2820 ἐγεννήθη
3332 2747 3545 2811 Θεῖκῶς.
3564 2746 3667 2800 Καὶ
3688 2747 3806 2814 γὰρ

2231 2848 2508 2916 ἀμήχανον
2541 2845 2604 2897 ὲκ
2634 2844 2706 2914 μὴ
2733 2843 2901 2896 ὄντων
2928 2843 3006 2905 εἰς
3035 2842 3094 2894 τὸ
3125 2837 3263 2894 εἶναι
3282 2841 3458 2910 ἥκειν,
3498 2839 3588 2892 τὸν
3612 2837 3803 2908 ὓπαρ-

2232 2937 2312 3001 ξιν
2337 2940 2448 2999 τοῖς
2474 2936 2636 2999 ὅλοις,
2657 2935 2751 2989 καὶ
2780 2938 2889 2997 τοῖς
2922 2934 3154 3003 λογικοῖς
3183 2934 3433 2986 οὑσίωσιν
3471 2933 3564 2984 καὶ
3588 2931 3801 2984 ἀθανα-

2232 3029 2351 3082 σίαν
2391 3028 2674 3081 δεδωκότα.
2701 3026 2863 3080 Οὐδὲν
2902 3025 3010 3097 γὰρ
3055 3024 3270 3078 κτιστὸν
3311 3023 3552 3086 οὑσιοῦν,
3607 3023 3640 3093 ῆ
3675 3025 3797 3076 ἁπ-

2228 3173 2386 3232 νοᾼερε
2419 3159 2657 3232 Αυὶᾶγιηο
2708 3159 2966 3232 _cognitas
3015 3159 3189 3232 tuisse
3239 3159 3286 3213 is
3336 3160 3639 3232 mirabitur,
3695 3178 3799 3232 qu.

2217 3230 2653 3300 animadverterit
2707 3228 2954 3282 Ruﬁnum
3014 3245 3081 3300 ac
3130 3228 3512 3300 Hieronymum
3579 3228 3794 3300 aliquo,

2217 3299 2317 3368 etsi
2371 3312 2473 3350 non
2525 3299 2696 3368 longo.
2745 3311 2980 3366 tempore
3035 3297 3153 3365 ejus
3202 3297 3370 3352 fuisse
3429 3297 3724 3368 discipulos
3772 3297 3789 3358 ἐ

2220 3366 2464 3421 Latinam
2494 3366 2636 3422 vero
2667 3369 2898 3437 linguam
2949 3368 3040 3437 qui
3084 3378 3209 3437 tunc
3246 3369 3296 3420 in
3349 3366 3582 3422 Oriente
3621 3385 3800 3424 exco-

2218 3438 2411 3500 lerent,
2451 3453 2555 3491 non
2595 3436 2864 3491 defuisse:
2902 3436 3023 3491 nam
3066 3449 3119 3492 et
3151 3436 3210 3492 S.
3247 3437 3601 3505 Epiphanius,
3637 3449 3696 3492 ιιι
3735 3441 3798 3496 in

2219 3509 2452 3559 secundo
2493 3519 2670 3560 contra
2720 3506 2964 3576 Ruﬁnum
2999 3507 3356 3576 Hieronymus
3392 3516 3637 3567 testatur,
3667 3525 3796 3564 eam

2219 3575 2468 3646 callebat.
2501 3588 2555 3630 et
2603 3575 2834 3646 Cyrillus
2880 3575 3386 3645 Jerosolynii’tanus,
3415 3592 3493 3646 iac
3526 3577 3793 3633 Gelasius

2219 3645 2477 3698 Caesarea:
2521 3648 2572 3700 in
2638 3645 2914 3700 Palaestina
2965 3647 3280 3714 episcopus,
3323 3649 3366 3698 si
3411 3645 3604 3700 Photio
3654 3651 3801 3703 lides

2219 3716 2516 3770 adhibenda
2584 3726 2702 3778 est,
2768 3715 3189 3769 Ecclesiasticam
3261 3715 3439 3769 Ruﬁni
3508 3717 3799 3770 historiam

2219 3783 2402 3838 Graece
2444 3787 2851 3838 transtulerunt.
2896 3785 3073 3852 Atque
3128 3786 3241 3838 hzec
3287 3786 3428 3838 docti
3485 3786 3629 3839 illius
3691 3790 3802 3840 viri

2220 3855 2388 3921 gratia
2420 3855 2558 3907 dicta
2599 3855 2724 3912 sint.
2767 3856 2856 3922 qui
2893 3869 3013 3908 cum
3061 3855 3113 3908 in
3159 3855 3417 3923 opusculo
3449 3871 3478 3907 a
3512 3872 3597 3909 me
3646 3857 3805 3909 edito

2221 3923 2394 3976 locum
2430 3927 2569 3976 hunc
2600 3923 2806 3993 Didymi
2840 3924 3128 3990 allegatum
3183 3925 3420 3992 legisset,
3461 3925 3805 3990 conjiciebat

2220 4008 2354 4064 opus
2385 3993 2511 4046 illud
2548 4003 2908 4064 pervetustum
2938 4008 3059 4048 esse
3093 4009 3197 4047 non
3234 4009 3412 4062 posse,
3461 3995 3514 4048 in
3545 4010 3654 4064 quo
3688 3994 3810 4048 La-

2224 4062 2345 4115 tinae
2379 4077 2539 4118 voces
2555 4061 2914 4118 efferrentur.

2291 4131 2403 4199 (22)
2447 4131 2551 4196 Qui
2607 4142 2717 4185 erat
2761 4131 3046 4201 aliquando
3093 4131 3428 4200 principium.
3467 4131 3648 4187 Codex
3688 4133 3806 4188 hoc

2221 4200 2273 4254 in
2310 4202 2444 4265 loco,
2490 4213 2546 4253 ut
2579 4201 2823 4269 equidem
2871 4202 3084 4270 opinor,
3131 4203 3260 4254 vitio
3295 4218 3424 4270 (non
3473 4215 3644 4254 caret.
3681 4202 3806 4265 Ego

2221 4271 2301 4344 sic
2332 4270 2598 4344 transtuli,
2630 4272 2781 4344 quasi
2815 4269 3093 4344 legendum
3125 4271 3202 4324 sic
3231 4287 3244 4322 :
3291 4269 3347 4344 '_t)
3377 4271 3487 4344 γὰρ
3517 4271 3592 4344 ὢν
3623 4274 3681 4323 ὲν
3724 4277 3805 4344 τῇ

2221 4341 2359 4411 έιρχῇ
2383 4340 2459 4411 ζῆ
2503 4339 2565 4411 ἀν
2589 4357 2672 4403 τις
2703 4341 2842 4393 εεποι
2873 4339 3012 4411 ἀρχή
3047 4357 3205 4411 ποτε·
3242 4339 3659 4411 «exemi»;
3690 4339 3812 4398 οὑξ

2220 4405 2505 4479 ἧνῖΜιιίὶι
2535 4409 2760 4464 fortasse
2789 4405 2927 4478 quis,
2947 4405 3213 4472 ’ἀναιτίως
3243 4407 3336 4463 οὖν
3369 4407 3458 4479 ἧν.

2294 4480 2405 4549 (9.3)
2448 4477 2615 4533 Fecit.
2651 4477 2819 4534 Hane
2849 4481 3108 4533 rationem
3144 4481 3231 4532 alii
3281 4477 3445 4534 etiam
3479 4479 3668 4534 Patres
3719 4484 3816 4536 af-

2223 4550 2421 4612 ferunt,
2469 4563 2532 4602 ac
2579 4550 2889 4603 nominatim
2935 4549 3241 4602 Alexander
3287 4550 3683 4603 Alexandrinus
3747 4555 3810 4608 in

2224 4619 2395 4690 prima
2421 4627 2603 4671 contra
2628 4620 2814 4672 Arium
2840 4618 3074 4685 Epistola
3103 4620 3384 4690 encyclica.
3414 4621 3613 4673 Omnes
3643 4623 3811 4690 enim

2225 4689 2278 4742 in
2319 4703 2384 4742 eo
2425 4690 2796 4751 consentiunt,
2828 4701 2884 4741 ut
2920 4696 3130 4754 tempus
3165 4706 3193 4740 a
3229 4691 3332 4741 Deo
3369 4689 3562 4741 fat'lttm
3608 4689 3811 4744 dicen—

2225 4760 2350 4812 dum
2385 4757 2484 4820 sit,
2511 4757 2665 4824 juxta
2715 4759 2842 4810 illud
2885 4757 3029 4810 Pauli
3061 4775 3073 4810 :
3110 4755 3214 4809 Per
3249 4775 3399 4825 quem
3434 4758 3555 4826 fecit
3593 4767 3644 4810 et
3687 4777 3816 4812 ste-

2225 4828 2343 4880 c-ula
2368 4843 2386 4879 .‘
2413 4835 2466 4880 et
2495 4827 2619 4879 illud
2655 4828 2904 4881 EcL'lesiaa
2933 4828 2981 4878 in
3022 4829 3220 4895 hymno
3244 4844 3258 4880 :
3304 4826 3413 4880 Rea:
3443 4841 3594 4895 atque
3622 4826 3818 4892 factor

2229 4908 2530 4960 temporum.
2570 4896 2684 4961 Quo
2732 4912 2888 4950 sensu
2946 4909 3121 4948 autem
3160 4898 3207 4948 id
3259 4898 3626 4964 accipiendum
3684 4901 3810 4962 sit,

2231 4965 2462 5019 viderint
2507 4967 2830 5034 philosophi.
2878 4967 3024 5019 Scite
3059 4969 3388 5033 Augustinus
3423 4971 3556 5017 libro
3606 4980 3812 5020 contra

2229 5051 2511 5088 sermonem
2541 5035 2878 5093 Arianorum,
2911 5051 3055 5088 ||tltll.
3082 5034 3117 5086 2
3147 5056 3156 5088 ;
3189 5034 3405 5100 Tempus
3433 5037 3652 5104 (Inquit)
3681 5038 3816 5089 sine

2233 5105 2490 5171 aliquibus
2536 5116 2790 5156 creatura:
2831 5106 3050 5155 motibus
3093 5120 3193 5156 non
3224 5116 3386 5170 potest
3425 5122 3555 5168 esse,
3588 5115 3637 5155 et
3677 5109 3816 5158 ideo

2230 5189 2322 5240 per
2350 5173 2497 5225 illum
2533 5172 2619 5244 (id
2647 5186 2730 5228 est
2770 5172 2995 5240 Filium)
3046 5175 3186 5241 facta
3227 5177 3532 5241 conﬁtemur
3569 5185 3617 5225 et
3663 5186 3822 5227 tern-

2265 5258 2377 5296 ora.

2227 5260 2410 5382 pagi)
2445 5309 2635 5382 Quam.
2667 5309 2773 5364 Pro
2800 5306 2889 5382 ἦν,
2923 5309 2980 5382 id
3002 5319 3103 5374 est,
3122 5316 3255 5382 erat,
3293 5308 3382 5378 ἦν,
3411 5309 3461 5362 id
3490 5317 3818 5373 est,quam.

2323 5382 2414 5450 25)
2465 5381 3032 5449 lncompreltensibilis,
3082 5381 3134 5432 id
3183 5386 3287 5442 est,
3335 5381 3673 5445 incapabilis,
3747 5395 3827 5436 ut.

2228 5462 2439 5505 veteres
2469 5450 2640 5504 Latini
2681 5451 2867 5504 Patres
2907 5451 3231 5518 loquuntur;
3281 5463 3491 5516 nempe,
3525 5450 3616 5516 qui
3651 5454 3819 5518 capi,

2226 5533 2317 5573 aut
2357 5522 2737 5588 comprehendi
2788 5536 2894 5574 non
2948 5529 3159 5589 potest;
3203 5518 3256 5572 id
3308 5519 3455 5572 enim
3503 5519 3646 5572 valet
3699 5535 3830 5576 vot

2226 5589 2527 5659 ἀχώρητος.

640 5678 712 5739 (a)
736 5677 1105 5744 Animadvertas
1140 5686 1304 5744 tamen
1345 5679 1492 5727 velim
1530 5679 1856 5744 Theophilum
1895 5679 2268 5744 Antegessorem
2311 5680 2729 5744 Griecoisermoni
2753 5681 2889 5743 plura
2919 5680 3089 5744 Latina
3128 5677 3582 5744 vgcabulalatinis
3610 5678 3829 5730 litteris

579 5746 777 5806 erarata
798 5739 1135 5802 immiscuisse,
1161 5742 1405 5802 similique
1445 5742 1588 5790 modo
1607 5741 1975 5791 Constantinum
2008 5739 2308 5803 Pogonatum
2335 5745 2391 5806 (ι.
2417 5743 2503 5794 Vll
2527 5743 2724 5804 Concil.,
2753 5739 2798 5806 ᾖ).
2826 5743 2966 5804 1155)
2999 5755 3117 5793 voce
3152 5741 3324 5792 Latina
3362 5739 3622 5790 Sanctum:
3657 5755 3830 5792 usum

578 5801 746 5852 fuisse.
