3970 6406
242 339 343 394 501

1384 346 1471 399 DE
1510 348 1881 403 TRINITATE
1918 350 2119 406 LIBER
2159 350 2436 408 PRIMUS.

3386 347 3492 401 502

245 451 583 517 αθανατοῦν,
622 456 656 526 ἢ
703 455 954 524 λογικοῦς
994 462 1164 514 ποιεῖν
1197 458 1449 513 δύναται·
1478 460 1590 514 ἀλλ’
1618 462 1682 515 ἐκ
1728 464 1823 533 τῆς

1937 465 2058 517 bum
2110 475 2193 519 est
2223 482 2237 519 :
2271 465 2397 533 quin
2462 464 2621 519 etiam
2674 462 2898 531 probat,
2964 460 3161 513 nullam
3190 460 3235 512 ei
3269 475 3490 514 causam

247 547 352 617 ἠδη
385 547 535 617 παρὰ
559 546 657 599 τοῦ
693 547 830 601 Θεοῦ
854 550 910 616 ἐξ
938 550 1034 603 ούκ
1059 551 1224 604 ὄντων
1254 554 1623 625 παραχθείσης
1642 556 1827 618 οὐσίας

250 636 476 707 χρυσοῦ,
510 636 543 708 ἢ
582 638 855 711 ἀργύρου,
888 640 919 709 ἢ
950 640 1178 709 χαλκοῦ,
1231 641 1261 712 ἢ
1295 643 1532 713 σιδήρου,
1578 644 1611 714 ἢ
1647 644 1822 711 ξύλου,

250 731 287 799 ἢ
321 729 468 782 λίθου
524 731 855 801 δημιουργεῖ
894 731 1096 802 ἄψυχον
1149 734 1241 786 καὶ
1288 734 1479 802 ἄλογον
1533 734 1597 807 [7
1631 739 1699 808 aj
1731 739 1826 791 ἀν-

252 822 477 892 δριάντα
497 823 680 891 τυχὸν,
713 823 747 892 ἡ
777 839 829 874 τι
858 821 1040 891 ἕτερον
1065 840 1077 852 ·
1107 824 1236 878 αὐτὸ
1266 825 1319 878 δὲ
1341 826 1527 878 οὐσίαν
1564 826 1636 897 μὴ
1665 822 1827 880 οὖσαν

258 916 523 983 προοῖσαι,
550 913 585 981 ἢ
626 912 870 983 ἔμψυχον
900 916 991 967 καὶ
1050 915 1268 986 λογικὴν
1317 916 1623 980 ἀναδεῖξαι,
1662 918 1829 988 μόνης

262 1005 363 1072 τῆς
388 1004 731 1073 πανδυνάμου
764 1006 858 1058 καὶ
892 1007 1207 1070 αὐτοτελοῦς
1242 1010 1369 1077 μιᾶς
1397 1008 1581 1079 θεῖκῆς
1616 1008 1828 1077 φύσεως

268 1098 396 1149 [διον
424 1096 507 1148 καὶ
532 1096 812 1167 ἐξαίρετον
842 1098 1093 1167 τυγχάνει
1121 1099 1198 1153 ὃν.
1218 1100 1536 1167 Ἐποίησεν
1558 1100 1613 1152 δὲ
1641 1100 1704 1153 δι’
1734 1103 1829 1153 αὑ-

266 1186 356 1239 τοῦ
378 1189 405 1239 ὁ
436 1186 639 1257 Πατὴρ,
679 1186 754 1249 ὼς
780 1187 896 1255 φῶς
920 1186 986 1240 δι’
1017 1187 1215 1241 οἰκείου
1249 1190 1698 1260 ἀπαυγάσματος,
1735 1190 1828 1243 καὶ

260 1276 335 1337 ὡς
357 1276 479 1339 νοῦς
510 1277 599 1329 διὰ
619 1277 799 1345 λόγου.
834 1278 928 1341 Τὸ,
971 1278 1065 1331 Ἐν
1096 1278 1256 1344 αὐτῷ
1284 1278 1393 1348 ζωὴ
1426 1277 1523 1349 ἦν,
1556 1280 1829 1334 ἐπεκδιόά-
1868 1332 1869 1335 η

260 1386 398 1429 σχει,
430 1371 513 1421 ὅτι
549 1369 709 1433 αὑτός
732 1370 879 1423 ἐστιν
916 1372 1183 1443 ἀνάρχως,
1212 1375 1245 1443 ἡ
1280 1372 1389 1444 ζωὴ
1419 1374 1516 1443 τῆς
1567 1376 1695 1444 μιᾶς
1736 1377 1827 1428 καὶ

252 1460 516 1514 ἀνωτάτω
540 1462 752 1529 φύσεως
776 1462 1054 1532 ὑπάρχων,
1080 1465 1173 1517 καὶ
1213 1465 1473 1535 μηδαμῶς
1501 1465 1667 1519 ὄντων
1691 1468 1825 1520 πάν-

250 1570 379 1616 των,
422 1553 599 1615 αἴτιος
621 1551 693 1605 ὣν
710 1553 816 1607 τῶν
833 1553 1023 1607 ὄντων.
1044 1555 1136 1607 Διὸ
1168 1556 1260 1608 καὶ
1284 1556 1443 1620 αὐτός
1477 1573 1657 1627 φησιν’
1689 1557 1827 1626 Ἐγώ

246 1647 364 1711 εἰμι
414 1646 455 1713 ἡ
508 1642 649 1713 ζωή·
683 1645 794 1713 ἐγώ
821 1647 936 1715 ειμι
971 1646 1037 1699 τὸ
1075 1645 1217 1715 φῶς.
1256 1647 1615 1719 Φιλοτιμεῖται
1660 1649 1716 1701 δὲ
1748 1648 1826 1718 τῷ

249 1736 477 1805 eum,»
506 1736 606 1799 τὰς
634 1736 935 1808 μαρτυρίας
967 1738 1289 1802 τοσαυτάκις
1327 1742 1495 1793 εἰπὼν
1544 1742 1603 1793 τὸ
1630 1781 1644 1805 ,
1671 1738 1782 1796 Ἦν
1808 1758 1820 1770 ·

248 1828 338 1880 ἵνα
370 1831 438 1897 τῇ
476 1829 726 1898 συνεχείᾳ
758 1830 857 1911 τῇς
886 1829 1137 1900 τοιαύτης
1188 1832 1387 1902 φωνῆς,
1448 1832 1480 1903 ἢ
1538 1832 1824 1903 αἱρετικῶν

248 1919 348 1980 τὶς
378 1917 577 1985 κωφὰς
603 1918 769 1980 ἀκοὰς
794 1918 1029 1989 διανοίξῃ
1051 1962 1065 1985 ,
1107 1920 1139 1990 ἢ
1194 1920 1359 1990 μηδὲν
1395 1922 1523 1991 περὶ
1561 1920 1653 1973 τοῦ
1671 1962 1685 1987 ,
1708 1917 1827 1974 Ἶιν

259 2008 350 2061 ἴτε
382 2011 497 2061 οὐκ
532 2004 628 2077 ἦν,
661 2010 719 2061 ὲν
747 2012 810 2080 τῇ
844 2010 1108 2083 μελλούσῃ
1146 2011 1403 2081 καθολικῇ
1459 2013 1551 2065 καὶ
1582 2013 1825 2083 ἀπαρεγ-

249 2098 421 2166 χλξτῳ
475 2096 762 2166 διαγνώσει
816 2098 1081 2169 πρόφασις
1124 2100 1490 2171 ύπολειφΟείη.
1528 2102 1619 2165 Τὸ,
1652 2103 1759 2155 Καὶ
1788 2105 1824 2171 ὴ

249 2190 363 2258 ζωὴ
398 2187 482 2261 ἦν
514 2193 583 2243 τὸ
616 2191 741 2260 φῶς
790 2192 908 2245 τῶν
956 2193 1299 2261 ἀνθρώπων,
1336 2195 1642 2249 ὲκπαιδεύει
1674 2193 1827 2260 αὖθις

250 2284 320 2336 τὰ
352 2284 515 2339 αὐτά.
542 2284 711 2354 Φησὶν
734 2286 872 2355 γάρ’
915 2284 1060 2357 Αὕτη
1095 2286 1127 2355 ή
1161 2286 1419 2357 ἀγένητος
1449 2285 1592 2357 ζωὴ,
1629 2288 1826 2341 σύστα-

252 2394 335 2441 σις
355 2378 462 2448 τῆς
489 2377 726 2447 γενητῆς
746 2375 1045 2448 ἀνθρώπων
1072 2378 1282 2445 φύσεως
1316 2380 1567 2450 ὑπάρχει.
1598 2379 1688 2445 Τὸ,
1716 2379 1827 2433 Kal

249 2471 317 2522 τὸ
365 2468 496 2537 φῶς
535 2470 607 2521 ἐν
631 2468 706 2537 τῇ
735 2471 950 2534 σκοτίᾳ
976 2470 1190 2537 φαίνει,
1221 2470 1317 2523 καὶ
1369 2472 1407 2537 ἠ
1440 2471 1651 2523 σκοτία
1682 2472 1827 2525 αὐτὸ

251 2560 323 2612 οὐ
350 2558 705 2623 κατέλαϐεν,
732 2559 829 2611 οὐκ
850 2559 1096 2627 ἀνέχεται
1125 2559 1230 2612 τῶν
1254 2560 1542 2630 αἱρετικῶν
1562 2560 1828 2631 δοξασμά-

244 2664 376 2700 των.
418 2646 688 2717 Κρυφίως
702 2646 807 2717 γὰρ
833 2647 927 2700 καὶ
960 2645 1095 2715 ἄγαν
1116 2646 1350 2718 δριμέως
1372 2647 1538 2717 δηλοῖ,
1568 2648 1642 2711 ὡς
1661 2648 1826 2719 ὅνπερ

245 2736 315 2792 ἄν
346 2754 434 2799 τις
490 2736 814 2808 προχρόνιον
862 2736 1068 2807 χρόνον,
1113 2738 1145 2808 ἢ
1191 2737 1476 2808 ἁκαριαίαι
1528 2739 1697 2808 ῥοπὴν
1725 2777 1739 2801 ,
1791 2738 1824 2808 ἢ

247 2829 585 2900 προαιιὶινιον
608 2829 781 2882 αἰῶνα
809 2829 1071 2901 ὑπολάϐῃ,
1111 2829 1289 2898 φαίνει
1319 2829 1501 2892 ἀϊδίως
1528 2830 1601 2892 ὡς
1629 2829 1828 2901 ἀχώρι-

247 2939 375 2974 ιπον
409 2920 758 2990 ἀπαύγασμα
793 2920 886 2973 τοῦ
914 2920 1067 2981 Θεοῦ,
1103 2921 1197 2973 καὶ
1248 2920 1440 2973 οὔποτε
1489 2920 1674 2973 σκοτία
1730 2923 1825 2975 ἀν-

245 3014 522 3087 υπαρξῖας
546 3012 683 3067 αὐτὸ
708 3012 1020 3067 κατέλαϐεν.
1051 3013 1143 3077 Τὸ,
1171 3012 1223 3065 '0
1252 3014 1689 3081 παντοκράτωρ,
1707 3014 1826 3066 οὐδὲ

244 3108 549 3181 ἑρμηνείας
580 3108 770 3159 δεῖται.
793 3105 1037 3159 Δείκνυσι
1064 3106 1171 3177 γὰρ
1196 3105 1495 3175 ἀδιαίρετον
1525 3105 1666 3175 ἔχειν
1693 3108 1827 3177 πρὸς

244 3201 335 3253 τὸν
363 3199 501 3251 Θεὸν
534 3198 755 3268 Πατέρα
784 3198 877 3250 καὶ
907 3197 968 3249 τὸ
992 3198 1142 3265 ἆγιον
1164 3195 1386 3266 Πνεῦμα
1410 3197 1569 3249 αὐτοῦ
1601 3197 1697 3268 τὴν
1732 3197 1826 3267 βα-

246 3291 481 3348 σιλείαν.
516 3291 616 3343 καὶ
650 3285 785 3342 εἶναι
806 3289 901 3342 ἐπὶ
943 3289 1181 3342 πάντων
1202 3293 1367 3344 Θεόν.
1416 3289 1486 3361 [7
1516 3290 1583 3362 b]
1630 3292 1723 3357 Τὸ,
1768 3292 1819 3344 Ὀ

248 3382 597 3451 ἐρχόμενος,
625 3376 717 3431 τὸν
741 3379 867 3432 Υἱὸν
881 3378 1030 3449 δηλοῖ
1054 3380 1313 3449 μέλλοντα
1343 3379 1595 3451 ἔρχεσθαι
1625 3383 1684 3435 τὸ
1710 3382 1822 3436 δεύ-

254 3491 443 3545 tam,
500 3474 601 3526 καὶ
659 3472 861 3540 κρίνειν
912 3471 1118 3535 ζῶντας
1155 3472 1249 3526 καὶ
1282 3474 1524 3545 νεκρούς.

1934 558 2139 611 dedisse
2170 567 2226 611 ut
2262 570 2423 612 esset.
2454 556 2600 617 Illud,
2636 555 2824 609 Omnia
2847 570 2935 622 per
2970 553 3139 619 ipsum
3177 552 3317 618 facta
3345 561 3493 615 sunt,

1929 659 1975 700 et
2010 651 2120 702 sine
2152 650 2263 717 ipso
2297 667 2358 702 ne
2394 667 2497 703 una
2534 650 2739 719 quidem
2784 664 2862 700 res
2912 647 3055 715 facta
3087 656 3159 698 est
3186 684 3201 706 ,
3232 659 3336 697 non
3381 657 3498 696 m0—

1931 738 1997 791 do
2049 740 2160 809 (‘26)
2203 742 2373 808 ipsum
2400 740 2727 794 conditorem
2754 754 2875 794 esse
2909 739 3263 800 demonsrrat,
3288 746 3348 788 ιιι
3376 734 3489 801 jam

1930 828 2132 884 dictum
2173 842 2276 893 est,
2316 832 2410 885 sed
2439 832 2600 887 etiam
2638 848 2742 885 non
2775 846 2895 885 esse
2931 838 3172 884 creatum
3216 848 3228 882 :
3262 828 3306 881 si
3348 827 3492 881 enim

1932 936 1993 974 ne
2015 938 2117 974 una
2153 924 2358 991 quidem
2399 933 2643 978 creatura
2675 925 2792 978 sine
2823 924 2937 992 ipso
2978 921 3185 990 accepit
3228 918 3495 973 exsisten-

1932 1013 2097 1075 ti.un,
2152 1014 2400 1068 uiiinibus
2444 1015 2786 1068 manifestum
2834 1024 2958 1075 est,
3014 1014 3187 1082 ipsum
3237 1024 3339 1063 non
3370 1022 3496 1062 esse

1931 1101 2157 1167 factum,
2190 1105 2282 1158 sed
2320 1106 2554 1175 genitum
2603 1106 2783 1160 divino
2837 1105 3181 1159 modoznam
3229 1098 3343 1153 fieri
3389 1112 3493 1151 nou

1928 1204 2138 1263 p0test,
2174 1206 2229 1248 ιιι
2272 1211 2338 1250 ex
2374 1196 2542 1251 nihilo
2571 1196 2679 1267 (27)
2705 1199 2769 1251 ad
2813 1196 3185 1251 exsistentiam
3221 1191 3428 1275 veniat‘
3451 1189 3496 1242 is

1928 1289 2017 1356 qui
2069 1291 2319 1345 omnibus
2371 1294 2634 1347 creaturis
2674 1293 3083 1354 essnstentiatn,
3137 1288 3495 1344 rationalibus

1928 1396 2058 1435 vero
2107 1384 2511 1438 subsistentiam
2557 1386 2735 1449 dedit,
2796 1394 2956 1455 atque
2991 1380 3490 1442 immortalitatem;

1929 1472 2070 1525 nulla
2102 1474 2245 1527 enim
2274 1484 2523 1529 creatura
2560 1485 2738 1544 potest
2764 1485 2857 1528 aut
2897 1474 3185 1529 essentiam
3217 1474 3374 1534 dare,
3402 1477 3495 1523 aut

1927 1563 2423 1633 immortalitatem,
2479 1579 2572 1622 aut
2610 1569 3025 1622 rationalitatem
3060 1584 3073 1618 :
3107 1566 3199 1620 sed
3248 1580 3314 1617 ex
3367 1563 3493 1617 sub-

1926 1657 2121 1709 stantia
2157 1658 2306 1723 auri,
2356 1668 2449 1712 aut
2502 1660 2746 1723 argenti,
2782 1668 2873 1711 aut
2903 1657 3059 1721 teris,
3090 1665 3183 1708 aut
3213 1652 3376 1715 ferri,
3402 1660 3495 1704 aut

1925 1746 2088 1818 ligni,
2124 1756 2217 1801 aut
2258 1748 2449 1818 lapidis
2484 1750 2594 1820 jam
2632 1766 2658 1802 a
2699 1751 2806 1804 Deo
2834 1765 2863 1803 e
2897 1748 3063 1801 nihilo
3097 1745 3355 1813 producta
3380 1741 3492 1809 (‘28)

1925 1836 2315 1906 inanimatam,
2356 1849 2411 1893 et
2460 1840 2774 1893 irrationale
2823 1837 3208 1898 simulacrum,
3261 1828 3493 1897 exempli

1931 1942 2116 1993 causa,
2152 1930 2384 2000 effingit,
2419 1940 2511 1983 aut
2546 1930 2745 1998 aliquid
2778 1929 2920 1983 aliud
2953 1947 2966 1983 :
2995 1927 3103 1996 2ο
3133 1925 3490 1980 substantiam

1927 2037 2055 2075 vero
2067 2038 2170 2075 non
2196 2022 2542 2076 exsistentem
2559 2024 2870 2091 producere,
2887 2028 2978 2073 aut
2999 2019 3383 2080 auimatam,et
3406 2031 3495 2067 ra-

1932 2106 2179 2160 tionalem
2208 2108 2405 2171 facere,
2434 2109 2630 2163 divina:
2651 2109 2916 2162 duntaxat
2935 2105 3323 2176 omnipotentis
3350 2103 3489 2172 (29).

1926 2206 2088 2265 atque
2134 2199 2293 2252 unius
2345 2208 2398 2253 et
2438 2215 2535 2268 per
2564 2216 2624 2254 se
2658 2200 2909 2267 perfect-.e
2958 2208 3165 2252 natura!
3213 2196 3488 2266 proprium

1927 2295 2042 2353 est,
2079 2288 2235 2356 eique
2269 2289 2368 2343 soli
2422 2292 2692 2345 convenit.
2736 2289 2882 2344 Fecit
2918 2290 3029 2359 (50)
3069 2300 3247 2342 autem
3288 2303 3383 2357 per
3413 2287 3494 2356 ip-

1928 2392 2043 2431 sum
2076 2378 2252 2441 Pater,
2287 2379 2426 2433 sicut
2458 2380 2547 2433 lux
2579 2396 2673 2448 per
2706 2380 2980 2451 pr0prium
3020 2379 3358 2449 splendorem
3381 2420 3394 2440 ,
3439 2386 3495 2430 et

1928 2471 2065 2524 sicut
2093 2487 2242 2527 mens
2287 2488 2383 2542 per
2419 2474 2701 2527 rationem.
2749 2473 2911 2536 Illud,
2947 2472 3015 2526 In
3044 2475 3153 2541 ipso
3198 2472 3305 2524 vita
3355 2480 3492 2536 erat,

1929 2577 2027 2616 nos
2071 2563 2290 2631 insuper
2344 2566 2564 2633 edocet,
2611 2566 2783 2635 ipsum
2819 2581 2939 2620 esse
2964 2566 3032 2619 ab
3059 2576 3262 2619 :eterno
3300 2564 3491 2630 vitam,

1928 2668 2049 2707 cum
2085 2655 2153 2708 sit
2184 2655 2323 2709 illius
2344 2693 2360 2718 ,
2399 2671 2515 2725 qua:
2544 2671 2645 2708 una
2676 2665 2759 2710 est
2780 2694 2795 2721 ,
2836 2670 2901 2710 ac
2940 2670 3188 2723 suprema
3215 2695 3230 2717 ,
3260 2662 3490 2718 naturae,

1928 2758 1981 2797 ει
2013 2759 2349 2814 nequaquam
2398 2761 2519 2799 eum
2579 2760 2701 2801 esse
2760 2762 2924 2800 unum
2970 2760 3037 2799 ex
3076 2745 3325 2798 omnibus
3355 2744 3490 2811 (51),

1928 2852 2047 2888 cum
2086 2837 2155 2890 sit
2196 2852 2354 2890 causa
2400 2853 2585 2891 eorum
2620 2854 2739 2908 quae
2779 2850 2922 2893 sunt.
2973 2841 3140 2907 Quam
3169 2840 3238 2893 ob
3269 2852 3488 2894 causam

1928 2926 2041 2996 ipse
2068 2928 2229 2981 etiam
2260 2928 2434 2996 inquit
2462 2947 2475 2985 :
2507 2928 2616 2999 Ego
2639 2946 2754 2983 sum
2787 2931 2924 2996 vita;
2957 2948 3049 3002 ego
3080 2948 3197 2985 sum
3230 2931 3323 2985 lux
3353 2932 3489 3001 (32).

1928 3017 2162 3073 Dicendo
2186 3032 2361 3075 autem
2390 3030 2498 3075 tam
2530 3038 2689 3091 szepe,
2721 3032 2866 3087 erat,
2899 3023 3046 3094 large
3074 3025 3245 3091 nobis,
3278 3039 3340 3079 ac
3364 3041 3492 3094 pro-

1928 3109 2034 3163 lixe
2083 3112 2390 3166 teSIimonia
2445 3115 2750 3183 suppeditat
2791 3112 3060 3182 Joannes,
3117 3117 3314 3185 quibus
3367 3115 3491 3171 Filii

1928 3202 2204 3256 aeternitas
2250 3202 2645 3258 conﬁrmetur:
2688 3214 2745 3257 ut
2770 3207 3027 3260 continuo
3076 3206 3191 3276 ejus
3218 3208 3365 3262 vocis
3391 3224 3491 3262 usu

1927 3300 2020 3346 aut
2047 3293 2237 3347 surdas
2276 3293 2654 3348 htereticorum
2686 3311 2844 3350 aures
2871 3296 3077 3362 aperiat
3104 3337 3119 3360 ,
3165 3309 3259 3350 aut
3309 3299 3487 3353 nullus

1928 3384 2059 3455 ipsis
2098 3387 2272 3453 quoad
2311 3384 2594 3439 formulam
2642 3387 2826 3453 illam,
2863 3388 3159 3456 Aliquando
3207 3407 3308 3444 non
3354 3403 3491 3457 erat,

1929 3486 2223 3545 prattextus
2258 3478 2610 3547 relinquatur,
2640 3495 2746 3548 quo
2780 3495 2837 3534 se
2875 3483 2928 3534 in
2968 3480 3142 3534 futura
3172 3484 3489 3548 universali,

260 3580 410 3638 atque
441 3566 740 3624 inevitabili
774 3566 1187 3637 agnitione‘(33)
1234 3575 1500 3622 tueantur.
1524 3568 1690 3635 Illud,
1736 3568 1805 3623 Et
1844 3570 1950 3625 vita
2005 3579 2117 3625 erat
2156 3570 2248 3625 tua:
2288 3572 2557 3625 hominum
2586 3611 2600 3636 ,
2632 3573 2833 3651 {eadem
2888 3588 3076 3627 rursus
3133 3575 3330 3629 docet:
3390 3577 3490 3631 hoc

325 3710 431 3779 (ΞΒ)
466 3704 804 3779 Noumodo.
837 3703 1176 3779 Ohseryapda
1218 3719 1318 3759 vox
1372 3709 1669 3777 μονονουχί,
1699 3725 1817 3779 ψιιε

256 3773 357 3839 hic.
390 3790 451 3832 ut
485 3776 620 3830 alibi
643 3790 857 3842 quoque
887 3774 1024 3840 apud
1058 3773 1488 3844 Didymum,'non
1522 3773 1645 3831 raro
1676 3773 1815 3834 idem

251 3853 389 3905 valet
439 3863 530 3910 ac,
576 3863 682 3900 non
737 3845 937 3896 modo:
968 3859 1064 3911 pro
1111 3860 1215 3910 quo
1255 3847 1487 3899 nonnulli
1533 3849 1692 3901 etiam
1736 3851 1817 3903 di-

251 3932 399 3979 cunt,
434 3920 497 3971 οὗ
532 3913 839 3985 μονονουχί,
876 3922 938 3985 ut
971 3913 1230 3985 Eusebius
1257 3913 1543 3985 Pamphili.

319 3991 434 4057 (Ξῖ)
467 3984 553 4040 se
580 3984 769 4057 ninilo.
795 3984 1060 4057 Arianam
1077 3984 1379 4057 formulam,
1411 3984 1470 4057 εξ
1498 3987 1597 4039 οὐκ
1625 3986 1814 4053 ὄντων,

252 4062 383 4123 sive,
416 4053 487 4112 ἑκ
530 4056 606 4127 μὴ
642 4053 1199 4127 δντωνηρειειιῄίηεὶι.
1231 4070 1390 4122 quam
1414 4055 1628 4127 Nicagna
1654 4073 1818 4127 syno-

258 4132 355 4183 dus
403 4124 540 4183 cum
590 4124 961 4197 exsecratione
1018 4124 1362 4197 damnauerat
1428 4125 1480 4179 in
1538 4124 1812 4197 Symbolo.

254 4199 572 4252 Latinorum
606 4206 847 4248 veterum
898 4192 1110 4245 Patrum
1161 4193 1247 4245 alii
1293 4192 1606 4249 verterunt}
1640 4193 1724 4249 Ex
1753 4200 1816 4249 iis

254 4287 364 4337 qua:
388 4286 493 4321 non
529 4274 694 4327 sunt;
720 4264 806 4337 alii
836 4280 849 4314 :
881 4260 964 4337 Ea:
993 4262 1150 4315 nullis
1189 4262 1533 4329 substantiis;
1566 4266 1656 4337 alii
1685 4284 1699 4320 :
1730 4266 1817 4319 Es:

256 4332 412 4392 uultis
453 4335 877 4390 subsistentibus.
917 4332 1045 4403 Ego,
1077 4346 1183 4403 qu_o
1224 4348 1411 4403 sensus
1443 4336 1611 4403 magis
1643 4338 1817 4388 omni-

256 4408 354 4461 bus
398 4406 721 4475 perspicuus
776 4404 865 4464 sit,
917 4402 1089 4454 verti:
1119 4399 1203 4475 Ea:
1250 4402 1429 4475 nihilo.
1461 4399 1608 4475 Adeo
1640 4416 1815 4458 autem

262 4470 489 4531 celebris
522 4470 643 4528 erat
675 4488 770 4539 per
808 4487 870 4525 ea
901 4479 1137 4538 tempora
1172 4470 1357 4525 i5tha:c
1387 4470 1636 4539 formula,
1662 4484 1718 4528 ut
1750 4489 1816 4527 ex

1924 3706 2127 3777 synodo
2169 3708 2224 3760 in
2270 3705 2543 3777 Qrigenem
2583 3704 2717 3777 latos
2758 3708 2901 3777 hunc
2935 3714 3128 3777 octavo
3170 3706 3290 3777 loco
3330 3707 3489 3764 atl'ert

1923 3774 2259 3833 Christianus
2286 3774 2485 3841 Lupus,
2520 3774 2610 3843 qui
2648 3784 2824 3827 tamen
2859 3775 2997 3828 inter
3026 3774 3147 3829 illos
3176 3776 3485 3844 quindecim

1923 3864 1952 3901 a
1987 3846 2269 3901 Lambecio
2301 3846 2527 3913 primum
2561 3844 2832 3911 evulgatos
2874 3844 3049 3914 nullus
3095 3856 3179 3899 est
3208 3863 3221 3898 :
3254 3844 3313 3899 Si
3363 3849 3483 3914 quis

1920 3920 2067 3981 dicit,
2109 3925 2199 3969 aut
2228 3916 2406 3976 sentit,
2432 3915 2507 3967 rel
2535 3914 2741 3982 ﬁnitam
2784 3930 2894 3969 esse
2922 3913 3013 3967 Dei
3040 3913 3483 3979 potestatem,ivel

1919 4003 2036 4040 eum
2097 3995 2246 4038 tanta
2305 3985 2505 4053 fecisse,
2551 3992 2750 4052 quanta
2803 3984 3235 4047 comprehendere
3284 3989 3480 4053 potuit,

1920 4056 2196 4109 anathema
2235 4057 2323 4108 sit.
2363 4052 2575 4115 Verum,
2605 4054 2744 4120 quod
2785 4053 3206 4122 spectatsaltem
3253 4056 3318 4107 ad
3370 4072 3483 4111 rem

1923 4126 2083 4191 hanc,
2112 4124 2413 4194 Origenista
2442 4140 2545 4177 non
2580 4122 2681 4194 fuit
2720 4122 2975 4194 Didymus
2997 4141 3014 4194 7:
3044 4138 3165 4175 nam
3195 4133 3247 4177 et
3293 4124 3393 4179 hoc
3423 4127 3481 4180 in

1922 4195 2061 4258 Ioco,
2102 4204 2158 4247 et
2205 4191 2493 4262 segiiientis
2544 4193 2609 4246 I3
2662 4191 2714 4255 b,
2764 4191 2832 4245 ει
2856 4210 2922 4263 να,
2956 4193 3022 4245 57
3054 4209 3107 4259 α,
3146 4194 3285 4254 41b,
3322 4207 3485 4263 atque

1924 4265 2047 4318 alibi
2098 4264 2263 4317 Deum
2313 4264 2441 4316 dicit
2489 4265 2666 4333 motlo_
2695 4262 3064 4333 πανδύναμον,
3100 4265 3254 4333 modo
3275 4262 3485 4333 παντο-

1920 4335 2177 4405 κράτορα,
2208 4334 2363 4405 modo
2411 4330 2999 4405 παντεξούσιονειιιοιίο
3029 4331 3483 4402 ἀπειροδύναμον,

1923 4402 2022 4458 hoc
2048 4402 2149 4464 εει.
2177 4403 2383 4471 inﬁnita
2417 4404 2645 4468 polentia
2669 4402 2963 4467 pra’dt'tum.

1992 4474 2105 4544 (δυ)
2141 4471 2309 4525 Fecit.
2342 4471 2580 4538 Respicit
2624 4472 2786 4525 verba
2824 4471 3069 4541 superius
3106 4486 3137 4526 a
3173 4487 3234 4529 se
3275 4472 3479 4528 allata:

262 4521 876 4605 aliii."iii.'..i,"u.'.i
905 4521 1153 4595 atinas
1172 4521 1819 4608 "ioca—buiofdiéiiﬂsiiii
1848 4521 1894 4576 ι)
1922 4521 2113 4597 animi:
2137 4521 2599 4611 ῥεῖἶριὶίιὶἱῖᾲὲιξι
2626 4521 2766 4611 nisi.

262 4618 417 4670 etiam
458 4614 774 4673 Exucontii,
802 4611 1247 4680 quemadmodum
1285 4618 1512 4680 testatur
1551 4613 1610 4667 S.
1654 4612 1821 4667 Atha-

262 4688 439 4741 nasius
477 4688 533 4737 in
571 4685 711 4736 libro
740 4679 1051 4750 De’synodis
1079 4680 1377 4750 Ariminiiet
1415 4679 1682 4736 Seleuciae.

328 4757 435 4825 (ιε)
470 4754 765 4825 Producta.
795 4754 849 4805 In
875 4749 1088 4825 'Grteco,
1116 4749 1505 4825 παραχθείσης.
1534 4751 1823 4825 Evidenter

264 4818 430 4879 autem
464 4841 530 4878 ex
570 4827 674 4877 hoc
705 4823 822 4876 loco
862 4818 1167 4890 conﬁrmari
1198 4818 1409 4890 ‘pOSSet,
1437 4818 1575 4888 quod
1611 4824 1678 4875 de
1702 4837 1822 4874 ver-

266 4904 327 4949 bo
363 4896 651 4965 zapdyatu
690 4893 800 4947 dixi
849 4900 959 4944 not.
989 4889 1237 4965 28,_pag.
1269 4891 1316 4951 ὁ,
1351 4895 1393 4943 si
1418 4891 1822 4965 conﬁrmatione

268 4958 545 5035 indigei'et'.
600 4964 654 5016 Id
702 4978 821 5016 cum
873 4976 975 5012 non
1010 4959 1464 5035 _anii_nadverteri_t
1494 4958 1820 5026 Ilarduiuus,

270 5038 348 5087 ubi
376 5028 568 5088 sextus
618 5036 820 5100 quinta:
859 5030 1319 5100 synodiadversus
1365 5028 1637 5097 Origenem
1687 5047 1821 5083 ana-

271 5098 649 5157 ιιιειιιειιιδιιιιιε⁷
666 5104 822 5155 habet
854 5123 864 5154 :
891 5099 1024 5151 ’Ένα
1048 5098 1106 5150 δὲ
1128 5098 1319 5152 νοῦν...
1352 5102 1694 5167 παραγαγεῖν
1715 5102 1819 5153 πᾶ-

276 5190 361 5224 σαν
387 5177 481 5246 τὴν
518 5172 840 5242 σωματικὴν
893 5168 1074 5238 φύσιν,
1119 5168 1389 5223 transtulit
1413 5166 1627 5246 {Unum
1651 5182 1822 5223 autem

276 5242 559 5300 animuin...
611 5245 702 5311 qui
751 5247 1038 5311 universam
1098 5242 1822 5311 prwtergressussitcorpo-

277 5327 403 5365 nam
452 5310 725 5367 naturam.
784 5310 891 5364 Sed
946 5310 1258 5362 vertendum
1315 5310 1431 5363 sine
1488 5310 1650 5363 dubio
1688 5318 1817 5365 est:

283 5377 435 5435 Unam
468 5400 585 5437 vero
619 5391 957 5436 mentem.....
985 5392 1101 5447 qua:
1139 5394 1339 5432 omnem
1370 5380 1674 5448 produxerit
1707 5396 1823 5433 cor-

284 5465 467 5516 pomsm
497 5464 765 5505 naturam.

347 5522 444 5588 (29)
471 5521 877 5589 Omnipotentis.
910 5519 1144 5574 Accusat
1176 5518 1457 5587 Origenem
1488 5518 1821 5573 .Iustinianus

290 5585 552 5659 Imperator
582 5585 639 5645 in
674 5608 775 5645 suo
809 5600 994 5643 contra
1028 5590 1173 5642 illum
1221 5585 1400 5642 edicto
1447 5591 1511 5641 ad
1545 5590 1815 5653 Mennam,

292 5665 408 5725 quod
438 5666 501 5716 de
524 5665 704 5717 divina
738 5662 972 5729 potentia
1004 5676 1107 5712 non
1157 5669 1303 5713 recte
1353 5659 1618 5712 senserit:
1650 5661 1816 5727 ipsius

291 5739 398 5803 vero
417 5731 655 5803 Origenis
687 5728 855 5803 verba
881 5729 1054 5793 alien,
1082 5730 1277 5803 quibus
1312 5728 1557 5803 innititur
1594 5744 1819 5803 accusa-

294 5800 371 5854 tio.
422 5798 555 5872 Quin
606 5806 773 5859 etiam
828 5802 967 5856 inter
1015 5799 1493 5855 anathematismos
1544 5813 1575 5853 a
1626 5798 1817 5867 quinta

1996 4611 2223 4682 (milia:
2242 4612 2523 4682 _omnibus.
2562 4610 2665 4663 Pro
2698 4610 3154 4682 6wwv__1tcivswv,
3195 4611 3373 4665 malim
3403 4613 3481 4665 Ie-

1922 4678 2164 4752 gereaEv
2197 4680 2550 4752 τῶνᾼπάντων
2572 4696 2585 4710 ⁸
2618 4683 2667 4733 Id
2704 4690 2788 4752 est
2815 4721 2829 4743 ,
2868 4678 3037 4733 Unum
3084 4698 3148 4733 ea:
3195 4684 3430 4752 omnibus
3461 4702 3480 4739 :

1923 4750 1983 4804 ut
2009 4756 2108 4805 hoc
2146 4752 2273 4804 velit
2308 4750 2581 4820 Didymus,
2616 4765 2738 4802 cum
2776 4750 3029 4819 legimus,
3058 4752 3232 4804 omnia
3259 4767 3351 4819 per
3388 4751 3480 4804 Fi-

1922 4822 2051 4874 lium
2102 4822 2240 4874 facta
2302 4819 2441 4881 esse,
2488 4819 2679 4872 Filium
2730 4821 2899 4886 ipsum
2939 4835 3070 4875 voce
3105 4821 3235 4874 illa:
3266 4821 3480 4883 Omnia,

1922 4906 2028 4944 non
2076 4890 2472 4959 comprehendi.
2504 4889 2627 4959 Iloc
2672 4904 2834 4943 sensu
2888 4890 2939 4959 in
3003 4890 3139 4944 libro
3172 4889 3247 4943 De
3277 4890 3483 4959 Spiritu

1921 4971 2122 5024 sancto,
2154 4957 2300 5013 num.
2344 4959 2409 5011 I5
2445 4976 2458 5012 :
2492 4957 2671 5025 Neque
2718 4964 2855 5012 enim
2907 4958 3149 5029 (inquit),
3200 4957 3359 5012 unum
3415 4975 3484 5015 ea:

1922 5030 2181 5095 omnibus,
2214 5033 2301 5082 sed
2349 5030 2495 5081 aliud
2532 5038 2681 5081 extra
2711 5031 2884 5081 omnia
2928 5045 3022 5096 per
3047 5031 3392 5083 substantiam
3416 5045 3483 5084 ea:

1923 5112 2137 5169 utroque
2169 5100 2386 5168 (desunt
2436 5113 2611 5161 voces,
2643 5114 2709 5169 εξ
2740 5112 2975 5167 utroque,
3029 5100 3081 5152 in
3144 5109 3327 5155 nostro
3376 5117 3479 5153 IIIS.

1925 5167 2127 5240 codiCe)
2151 5167 2537 5240 demonstratus
2567 5176 2641 5240 est
2679 5167 3167 5240 Spirilitssanctus.

1993 5236 2117 5305 (Sil
2138 5238 2249 5307 Ego
2279 5254 2414 5302 sum,
2445 5250 2549 5291 etc.
2576 5236 2729 5290 Joan.
2758 5253 2835 5299 ιιι,
2860 5236 2960 5305 25;
2985 5250 3038 5293 ει
3068 5256 3179 5304 xlv,
3211 5239 3261 5293 σ.

1995 5308 2104 5379 (55)
2135 5305 2427 5377 Agnitione.
2464 5307 2686 5379 Locutio
2707 5308 2929 5379 Biblica,
2954 5305 3481 5379 quaextremijudi-

1923 5376 2011 5433 cii'
2052 5376 2194 5431 dies
2224 5381 2530 5445 designatur
2565 5393 2577 5427 :
2612 5378 2723 5430 haec
2774 5378 2918 5430 enim
2972 5396 3021 5430 ιιι
3061 5378 3242 5431 Sacris
3296 5376 3483 5432 Bibliis

1924 5448 2105 5519 ἡμέρα
2136 5447 2494 5515 διαγνώσεως,
2528 5445 2593 5519 id
2654 5460 2754 5509 est,
2806 5450 2913 5499 dies
2941 5449 3245 5515 agnitionis,
3288 5449 3485 5502 dicitur

1924 5516 2285 5572 Ecclesiastici
2325 5533 2488 5587 xxvii,
2520 5516 2585 5581 9;
2614 5527 2667 5570 et
2696 5519 2821 5584 δίῳ.
2860 5532 2939 5579 Ill,
2987 5519 3071 5577 18,
3123 5520 3209 5569 tibi
3251 5519 3479 5587 legitur:

1926 5588 1992 5639 Et
2026 5590 2071 5641 si
2115 5589 2328 5640 celerius
2356 5586 2589 5654 defuncu'
2643 5588 2860 5653 fuerint,
2887 5603 2989 5638 non
3033 5586 3483 5653 habebunt’spem,

1926 5674 2017 5710 nec
2041 5659 2091 5709 in
2121 5660 2203 5709 die
2228 5658 2505 5724 agnitionis
2556 5654 2781 5727 (Graece,
2812 5658 2868 5711 ἐν
2898 5656 3082 5729 ἡμέρᾳ
3111 5656 3487 5731 διαγνώσεως)

1926 5727 2314 5780 allocutionem.

1926 5736 2314 5781 allocutionem.
