3970 6406
516 400 623 456 505
1755 386 1909 442 DlDY
1921 386 1992 441 ιιι
2032 385 2084 439 Al

2147 382 2305 439 ΞΧΑΝ
2315 381 2493 438 DRlNl
3619 369 3715 429 504

514 515 657 572 enim
689 514 790 570 sibi
819 512 1246 568 vultzlncreata
1289 511 1407 566 haec
1457 510 1564 563 vita
1621 516 1858 564 creatam
1907 508 2185 562 hominum
2221 515 2467 562 naturam
2517 502 2645 557 facit
2694 499 3097 557 subsistentem.
3145 494 3310 560 lllud,
3345 493 3407 547 Et
3457 492 3542 545 lux
3579 492 3628 545 in
3653 503 3720 546 te-

516 608 689 662 nebris
719 607 875 672 lucet,
899 619 949 662 et
989 609 1210 662 tenebra:
1238 622 1352 661 eam
1385 621 1488 659 non
1510 603 2022 674 comprehenderunt,
2051 601 2332 656 haereticas
2378 598 2716 670 opinationes
2761 593 3036 666 proﬂigat;
3065 605 3258 646 arcana
3285 589 3424 644 enim
3446 627 3463 652 ,
3505 596 3556 641 et
3578 584 3718 641 valde

518 703 630 758 acri
685 703 898 757 ratione
957 703 1061 756 hoc
1117 700 1452 771 significat:
1498 699 1861 769 quodcunque
1888 707 2097 767 tempus
2132 705 2372 765 tempore
2426 692 2688 756 anterius,
2725 700 2818 745 aut
2872 687 3206 744 individuum
3269 691 3609 745 momentum,
3641 693 3722 735 aut

515 795 712 851 saecula
740 793 1050 864 praecedens
1077 792 1331 848 saeculum
1360 791 1693 860 conceperis,
1728 789 1780 844 in
1814 805 1879 845 eo
1931 789 2102 843 lucere
2160 787 2394 842 Verbum
2460 785 2788 856 sempiterne
2850 791 2909 836 ut
2969 776 3378 849 inseparabilem
3424 772 3721 838 splendorem

516 887 650 950 Dei,
685 901 748 940 ac
784 885 1018 940 tenebras
1072 899 1178 938 non
1227 883 1556 939 exsistentize
1585 897 1858 951 nunquam
1881 881 2055 953 ipsum
2082 879 2547 950 comprehendisse.
2578 876 2732 940 Illud,
2760 873 3093 942 Omnipotens
3142 868 3277 939 (54),
3311 881 3378 921 ne
3422 866 3721 932 interpreta-

517 986 679 1040 tionis
716 983 930 1054 quidem
975 982 1224 1052 indiget:
1264 979 1500 1036 ostendit
1538 977 1682 1033 enim
1739 977 1912 1046 ipsum
1972 977 2168 1032 habere
2224 975 2557 1030 individuum
2607 987 2728 1026 cum
2767 970 2871 1039 21
2914 969 3021 1022 Deo
3054 966 3254 1030 Patre,
3305 968 3361 1016 et
3401 966 3580 1014 sancto
3625 955 3727 1025 ejus

518 1050 999 1146 Spiritu'regnum,
1020 1050 1211 1127 etesse
1249 1085 1403 1140 super
1425 1069 1599 1122 omnia
1624 1065 1736 1138 ('55)
1766 1066 1950 1122 Deum.
1978 1066 2133 1135 illud,
2167 1067 2268 1134 Qui
2297 1075 2540 1121 venturus
2565 1073 2673 1128 est,
2702 1061 2896 1117 Filium
2943 1057 3234 1129 significat,
3265 1052 3356 1124 qui
3399 1050 3582 1105 iterum
3615 1062 3729 1102 ven-

519 1175 673 1222 turus
703 1175 806 1230 est,
841 1176 896 1220 et
928 1164 1080 1218 vivos
1103 1178 1169 1218 ac
1199 1170 1445 1216 mortuos
1473 1159 1833 1229 iudicaturus.

588 1259 828 1330 Baptista
899 1273 1028 1314 vero
1089 1256 1326 1312 Joannes
1379 1271 1592 1326 quoque
1641 1254 1804 1318 illud,
1853 1251 1958 1318 Qui
2015 1252 2156 1307 estA

2165 1299 2168 1306 _
2264 1245 2717 1300 Συνιστῶντοίνυν
2729 1244 2822 1297 καὶ
2842 1244 2870 1295 ὁ
2885 1240 3194 1310 Βαπτιστὴς
3218 1239 3484 1309 Ἰωάννης,
3501 1237 3578 1290 ὅτι
3593 1233 3733 1300 τὸ,’0

522 1323 683 1420 (56),’
723 1352 789 1406 de
843 1350 980 1404 Filio
1028 1350 1227 1405 dictum
1263 1323 1712 1412 esse—statuens,
1745 1343 2087 1401 manifestum

2193 1339 2296 1402 ὢν,
2338 1338 2465 1409 περὶ
2500 1337 2592 1390 τοῦ
2626 1334 2754 1389 Υίοῦ
2788 1336 3022 1406 εἴρηται,
3052 1330 3297 1404 δηλοῖτῷ
3321 1329 3578 1400 Δεσπότῃ·
3596 1327 3670 1381 Σὺ
3690 1323 3740 1380 εἷ

522 1444 576 1499 id
615 1444 839 1498 Domino
873 1443 1001 1498 facit
1024 1483 1038 1506 ,
1065 1440 1314 1512 inquiens
1354 1459 1368 1495 :
1404 1439 1483 1493 Tu
1514 1456 1566 1494 es
1597 1439 1710 1508 (57)
1757 1438 1876 1506 (pro
1901 1476 1917 1500 ,
1967 1435 2088 1502 Ille,

2195 1431 2338 1502 (ἀντὶ
2367 1430 2480 1492 τοῦ,
2510 1425 2934 1494 Ἐκεῖνοςόῶν,
2955 1427 3014 1480 ὃν
3039 1426 3133 1480 καὶ
3155 1427 3212 1478 ὲν
3239 1427 3305 1495 τῇ
3343 1424 3520 1494 μήτρᾳ
3545 1438 3600 1473 σε
3625 1420 3735 1474 ὄντα

522 1534 613 1604 qui
655 1551 742 1598 es,
771 1546 1040 1602 quemque
1078 1509 1252 1586 adhuc
1290 1532 1342 1584 in
1367 1528 1606 1600 Virginis
1645 1540 1798 1583 utero
1828 1527 2090 1582 exsisten-

2192 1523 2292 1593 τῆς
2330 1522 2628 1594 Παρθένου,
2653 1521 2783 1573 Θεὸν
2807 1520 3062 1587 ἐπιγνοὺς
3088 1516 3248 1580 αὐτὸς
3276 1514 3406 1582 ἐγὼ,
3440 1515 3495 1566 ὲν
3516 1515 3580 1584 τῇ
3606 1509 3740 1582 νηδύϊ

530 1635 632 1680 tem
661 1640 782 1680 cum
827 1624 991 1679 Deum
1023 1623 1363 1693 agnovissem
1397 1663 1412 1688 ,
1439 1622 1564 1676 dum
1602 1621 1716 1688 ipse
1738 1634 1836 1690 ego
1864 1619 1915 1671 in
1942 1625 2093 1672 utero

2192 1613 2291 1683 τῆς
2323 1614 2538 1684 στείρας
2553 1611 2647 1674 ὢν,
2677 1611 2764 1664 διὰ
2786 1611 2884 1680 τῆς
2910 1609 3246 1679 σκιρτήσεως
3274 1601 3681 1676 προσεκύνησα),
3703 1600 3736 1667 ἢ

524 1717 728 1772 sterilis
771 1715 986 1771 feminae
1030 1691 1205 1770 essem
1231 1753 1248 1778 ,
1304 1729 1402 1784 per
1454 1711 1758 1766 subsultum
1793 1709 2088 1777 adoravi):

2193 1703 2398 1772 ἓτερον
2447 1701 2910 1771 προσδοκῶμεν;
2936 1699 3046 1752 Καὶ
3091 1699 3148 1751 ὲν
3187 1699 3254 1767 τῇ
3293 1695 3483 1767 πρώτῃ
3512 1692 3566 1745 δὲ
3607 1691 3739 1750 Ἐπι-

522 1811 606 1864 An
633 1807 798 1862 alium
815 1806 1215 1875 exspectamus?
1241 1779 1506 1874 ln—prima
1531 1816 1662 1857 vero
1690 1799 1924 1870 Epistola
1956 1799 2090 1852 ami-

2196 1793 2353 1864 στολῇ
2393 1792 2643 1862 Ἰωάννης
2674 1793 2702 1844 ὁ
2730 1791 2881 1860 φίλος
2918 1790 3014 1842 καὶ
3067 1786 3365 1849 ἀπόστολος
3417 1781 3510 1836 τοῦ
3560 1779 3741 1852 Κυρίου

523 1916 620 1956 cus
678 1908 735 1955 et
800 1872 1074 1968 apostolus
1133 1872 1348 1952 Domini
1409 1893 1644 1948 Joannes
1692 1890 1885 1947 scribit
1936 1888 2088 1959 (38):

2193 1885 2392 1956 γράφει
2411 1899 2424 1913 ⁸
2460 1885 2529 1935 Ὃ
2558 1878 2636 1950 ἦν
2663 1883 2762 1936 ἀπ’
2790 1881 3001 1950 ἀρχῆς,
3044 1881 3075 1935 ὃ
3133 1880 3495 1947 ἀκηκόαμεν,
3529 1873 3558 1926 ὃ
3585 1872 3741 1939 ἐωρὰ-

527 1993 682 2058 Quod
730 1962 851 2060 fuit-
887 1989 1114 2062 (Graece,
1144 1984 1233 2059 ἦν)
1259 1985 1324 2040 ab
1359 1987 1509 2040 initio
1533 2027 1548 2050 ,
1587 1985 1723 2053 quod
1775 1983 2090 2042 audivimus,

2194 1993 2383 2045 καμεν
2412 1974 2535 2040 τοῖς
2580 1974 2909 2044 ὀφθαλμοῖς
2954 1972 3124 2043 ήμῶν
3148 1989 3160 2003 ο
3201 1973 3233 2025 ὃ
3271 1967 3631 2036 ἐθεασάμεθα
3659 1962 3743 2062 καὶ

525 2084 661 2150 quod
713 2058 935 2134 uidimus
969 2078 1132 2132 oculis
1170 2058 1396 2139 nostris,
1443 2076 1580 2145 quod
1625 2073 2015 2142 perspeximus,
2044 2081 2093 2124 et

2195 2070 2252 2121 al
2281 2068 2470 2136 χεῖρες
2495 2065 2664 2136 ἡμῶν
2688 2065 3098 2135 ἐψηλάφησαν
3121 2065 3258 2133 περὶ
3301 2061 3406 2116 τοῦ
3451 2058 3627 2127 λόγου
3654 2058 3744 2121 τῆς

525 2186 712 2224 manus
743 2180 934 2221 nostra:
961 2174 1409 2220 contrectaverunt
1440 2165 1504 2218 de
1544 2164 1690 2216 uerbo
1722 2163 1881 2216 vitaz:
1913 2174 1957 2214 et
1991 2163 2093 2214 vita

2198 2159 2374 2227 ζωῆς·
2409 2159 2507 2212 καὶ
2538 2159 2575 2226 ἡ
2611 2157 2723 2226 ζωὴ
2763 2158 3126 2227 ἐφανερώθη,
3154 2156 3252 2210 καὶ
3287 2150 3643 2220 ἑωράκαμεν,
3664 2144 3749 2198 καὶ

526 2260 869 2329 manifestata
901 2267 977 2311 est
999 2296 1014 2320 ,
1045 2267 1093 2311 et
1120 2256 1378 2320 vidimus,
1412 2264 1460 2308 et
1492 2264 1766 2316 testamur,
1803 2264 1848 2307 et
1884 2268 2094 2305 annun-

2193 2249 2626 2319 μαρτυροῦμεν,
2675 2248 2774 2301 καὶ
2809 2245 3268 2316 ἀπαγγέλλομεν
3303 2243 3448 2312 ὑμῖν
3477 2239 3588 2308 τὴν
3615 2235 3747 2304 ζωὴν

528 2352 720 2405 tiamus
750 2348 891 2402 uobis
930 2347 1091 2400 vitam
1117 2355 1387 2408 aeternam,
1414 2359 1532 2413 qua:
1552 2350 1665 2396 erat
1694 2342 1832 2410 apud
1861 2339 2095 2404 Patrem,

2196 2341 2310 2410 τὴν
2341 2341 2596 2405 αἰώνιον,
2644 2341 2776 2409 ἣτις
2816 2337 2895 2412 ἦν
2925 2341 3074 2409 πρὸς
3101 2339 3208 2392 τὸν
3236 2337 3469 2405 Πατέρα
3508 2332 3602 2387 καὶ
3629 2331 3753 2398 ἐφα-

528 2451 578 2500 et
609 2441 856 2511 apparuit
884 2437 1076 2493 nobis:
1110 2435 1264 2502 Quod
1299 2434 1521 2491 uidimus
1565 2443 1614 2488 et
1647 2433 1975 2497 audivimus,
2003 2448 2096 2485 an-

2197 2432 2418 2500 νερώθη
2439 2431 2598 2500 ἡμῖν.
2637 2431 2707 2486 Ὃ
2736 2431 3074 2502 ἑωράκαμεν
3097 2429 3193 2484 καὶ
3210 2425 3752 2498 ἀκηκόαμεν,ἁπαγ-

527 2533 833 2587 nuntiamus
859 2530 1016 2584 etiam
1045 2527 1215 2590 vobis,
1252 2535 1306 2578 ut
1336 2535 1385 2580 et
1408 2541 1495 2578 vos
1524 2525 1824 2578 societatem
1855 2522 2095 2576 habeatis

2199 2522 2492 2593 γέλλομεν
2509 2524 2606 2576 καὶ
2627 2522 2788 2591 ὑμῖν,
2813 2524 2914 2577 ἵνα
2934 2523 3033 2576 καὶ
3060 2521 3228 2592 ὑμεῖς
3252 2519 3575 2575 κοινωνίαν
3598 2517 3754 2584 ἔχητε

527 2622 817 2683 nobiscum,
847 2630 895 2675 et
921 2620 1141 2674 societas
1178 2628 1356 2672 nostra
1397 2617 1465 2670 sit
1504 2632 1621 2668 cum
1673 2613 1862 2679 Patre,
1901 2624 1949 2668 et
1983 2629 2095 2666 cum

2195 2615 2322 2684 μεθ’
2351 2614 2538 2684 ἡμῶν,
2575 2615 2671 2668 καὶ
2704 2615 2742 2683 ἠ
2765 2616 3040 2669 κοινωνία
3071 2614 3138 2667 δὲ
3159 2615 3196 2681 ή
3219 2612 3479 2684 ἡμετέρα
3501 2609 3643 2681 μετὰ
3664 2605 3754 2660 τοῦ

529 2712 676 2768 Filio
708 2712 820 2782 ejus
851 2709 983 2765 Iesu
1015 2708 1242 2765 Christo.
1273 2707 1515 2763 Observa
1544 2721 1732 2760 rursus
1760 2705 2096 2774 frequentem

2201 2707 2430 2778 Πατρός
2453 2708 2552 2761 καὶ
2580 2705 2729 2778 μετὰ
2766 2709 2871 2762 τοῦ
2906 2707 3041 2763 Υἱοῦ
3065 2706 3252 2762 αὑτοῦ
3278 2706 3477 2776 Ἰησοῦ
3500 2699 3753 2775 Χριστοῦ.

529 2821 689 2861 usum
730 2804 843 2875 (59)
873 2804 1017 2859 vocis
1043 2798 1132 2871 ἦν,
1160 2802 1211 2855 id
1238 2811 1344 2864 est,
1381 2810 1514 2862 erat,
1541 2811 1700 2866 atque
1732 2795 2097 2850 animadverte

2203 2799 2444 2870 Πρόσχες
2477 2800 2570 2860 καὶ
2597 2796 2752 2863 αὖθις
2777 2798 2855 2871 τῷ
2883 2800 3075 2872 πλήθει
3099 2799 3192 2853 τοῦ
3226 2796 3308 2871 ἦν
3327 2818 3340 2830 ·
3365 2801 3461 2853 καὶ
3487 2798 3562 2861 ὡς
3593 2812 3760 2851 κοινω-

532 2897 726 2954 salutis
763 2896 1094 2960 societatem,
1147 2908 1240 2948 seu
1291 2892 1703 2946 communionem
1751 2904 1866 2942 cum
1905 2886 2098 2950 Patre,

2203 2892 2319 2944 νίαν
2367 2892 2637 2963 σωτηρίας
2674 2894 2773 2946 οὐκ
2807 2892 3019 2964 ἔχουσιν
3050 2891 3189 2964 μετὰ
3223 2892 3320 2946 τοῦ
3355 2891 3590 2963 Πατρδς,
3617 2890 3653 2960 ἢ
3681 2883 3761 2940 τοῦ

535 2999 764 3052 autcum
787 2986 1065 3058 Unigeuito
1089 3001 1182 3040 eos
1206 3001 1310 3039 non
1337 2985 1558 3047 habere,
1583 2984 1674 3052 qui
1703 2981 1900 3036 Filium
1928 2981 2100 3050 ipsum

2205 2983 2560 3052 Μονογενοῦς,
2595 2987 2642 3038 οἱ
2699 2983 2772 3056 μὴ
2825 2983 3212 3055 ὁμολογοῦντες
3261 2983 3406 3037 κατὰ
3454 2983 3614 3053 φύσιν
3655 2978 3765 3033 Υίὸν

535 3079 831 3136 secundum
875 3077 1119 3134 na'turam
1161 3077 1271 3132 Deo
1305 3085 1630 3130 cozeteruum
1664 3089 1784 3129 esse
1825 3088 1928 3127 non
1975 3087 2102 3126 con-

2206 3068 2341 3126 εἶναι
2367 3074 2528 3128 αὐτὸν
2554 3073 2886 3145 συνάναρχον
2930 3073 3024 3127 τοῦ
3057 3072 3212 3127 Θεοῦ.
3253 3074 3404 3146 Πρὸς
3436 3071 3634 3143 ταύτην
3675 3068 3767 3140 γὰρ

535 3169 761 3223 fitentur
789 3185 802 3222 :
836 3167 888 3221 in
922 3167 1025 3221 hac
1072 3167 1216 3220 enim
1259 3165 1364 3220 fide
1389 3205 1405 3229 ,
1442 3179 1560 3233 quae
1587 3164 1639 3217 in
1674 3162 2002 3235 mystagogia
2036 3161 2103 3216 il-

2208 3167 2336 3234 ἡμῖν
2368 3164 2464 3236 τὴν
2498 3165 2700 3228 πίστιν,
2744 3165 2842 3236 τὴν
2885 3165 3283 3235 παραδοθεῖσαν
3315 3165 3376 3219 ἐν
3413 3167 3481 3237 τῇ
3511 3178 3772 3236 μυσταγω-

537 3253 906 3307 luminatiouis
932 3251 1065 3324 (40),
1099 3268 1192 3306 seu
1230 3251 1521 3320 baptismi,
1550 3250 1618 3304 ab
1643 3249 1882 3302 omnium
1925 3248 2102 3302 Domi-

2207 3247 2301 3328 γίςι
2346 3256 2439 3309 τοῦ
2502 3257 2847 3328 φωτίσματος
2891 3255 3041 3328 παρὰ
3081 3257 3175 3310 τοῦ
3229 3257 3455 3311 πάντων
3496 3254 3772 3313 Δεσπότου,

542 3361 610 3399 no
636 3345 830 3399 tradita
876 3343 998 3408 fuit,
1050 3343 1369 3397 consortium
1412 3341 1537 3395 illud
1575 3341 1728 3394 nobis
1767 3350 1872 3402 est,
1910 3340 1977 3393 de
2001 3354 2104 3407 quo

2209 3351 2357 3403 ἐστὶν
2389 3351 2423 3420 ἡ
2452 3351 2704 3404 κοινωνία
2731 3350 2797 3422 ἣν
2825 3350 3030 3420 Πέτρος
3062 3350 3300 3422 ἔγραψεν
3327 3368 3341 3380 ·
3385 3353 3510 3406 Ἵνα
3541 3347 3774 3422 γένησθε

538 3437 735 3494 Petrus
765 3436 980 3505 scripsit
1005 3434 1116 3506 (41)
1147 3453 1162 3489 :
1197 3432 1263 3488 Ut
1299 3433 1607 3515 efﬁciamiui
1635 3433 1740 3501 22
1762 3433 1948 3485 divina:
1981 3448 2105 3484 cou-

2213 3443 2374 3508 θείας
2423 3443 2692 3496 κοινωνοὶ
2739 3443 2997 3511 φύσεως.
3052 3443 3125 3496 Τὸ
3167 3443 3277 3515 γὰρ
3317 3445 3530 3514 κτίσμα
3567 3441 3657 3496 καὶ
3683 3435 3775 3492 ὑπὸ

538 3542 705 3586 sortes
725 3538 927 3583 natura:
951 3543 970 3582 :
996 3527 1128 3581 Nam
1161 3527 1303 3596 quod
1338 3510 1580 3580 creatum
1617 3536 1700 3578 est
1720 3565 1736 3590 ,
1784 3539 1848 3578 ac
1881 3525 2104 3594 tempori

2213 3534 2399 3606 χρόνον
2423 3533 2502 3600 ὃν,
2537 3534 2597 3588 οὐ
2623 3510 2751 3588 θεία)
2772 3535 2932 3604 φύσις
2953 3535 3121 3589 ἐστίν.
3153 3510 3425 3608 Μέμνησο
3445 3510 3502 3590 δὲ
3525 3534 3658 3607 πρὸς
3676 3529 3778 3585 τοὺ·

541 3622 857 3686 obnoxium,
893 3636 998 3675 non
1034 3629 1118 3674 est
1144 3619 1323 3673 divina
1353 3629 1570 3672 natura.
1602 3617 1733 3671 Illud
1761 3625 1937 3672 autem
1968 3633 2101 3686 prae-

2210 3620 2540 3688 τοις,ὅτιπερ
2558 3617 2670 3686 τὴν
2684 3620 2998 3673 κοινωνίαν
3024 3620 3178 3690 ἡμῶν
3199 3614 3355 3675 εἶπεν
3371 3620 3528 3691 μετὰ
3550 3618 3654 3674 τοῦ
3673 3619 3777 3670 Πα-

542 3724 688 3771 terea
726 3714 985 3768 memoria
1021 3721 1167 3778 tene,
1201 3711 1343 3781 quod
1372 3711 1669 3764 societatem
1699 3720 1936 3764 nostram
1965 3710 2100 3764 dixit

2212 3709 2337 3778 τρός
2361 3711 2454 3764 καί
2481 3710 2586 3765 τοῦ
2625 3710 2762 3764 Υὶοῦ
2779 3712 2962 3766 αὐτοῦ
2994 3712 3267 3783 ἰσοτίμως,
3307 3714 3408 3767 καὶ
3428 3712 3552 3783 οὐχ).
3576 3712 3674 3764 Διὰ
3687 3703 3780 3761 τοῦ

617 3869 729 3941 (56)
806 3867 1168 3941 Omnipotens.
1221 3866 1265 3920 Δ
1315 3865 1498 3941 verbis
1564 3863 1838 3941 Evangelii
1895 3862 2118 3920 Joannis
2222 3937 2253 3941 _
2296 3865 2407 3941 (407)
2463 3865 2910 3941 Illuminationis.7
2942 3865 3273 3936 Baptismum
3342 3869 3452 3941 hoc
3516 3866 3786 3941 nomines

545 3933 745 3994 transit
764 3933 985 4007 repente
1007 3940 1073 3991 ad
1105 3937 1280 3993 locum
1302 3933 1652 4007 Apocalypsis
1673 3935 1933 4007 ejusdem,
1958 3949 2119 4007 quem
2221 3933 2472 4007 Pairibus
2501 3936 2699 4007 passim
2728 3937 2911 4007 vo_cari
2945 3933 3147 3991 norunt
3171 3951 3364 4007 omnes
3397 3939 3660 4006 theol0gi.
3685 3937 3780 4007 Re-

545 4021 704 4064 antea
753 4003 923 4077 segni.
972 4008 1006 4060 6
1058 4024 1114 4073 a,
1159 4003 1400 4077 protulit.
1432 4003 1564 4059 Vide
1607 4003 1988 4077 not.716,7pag.
2029 4005 2116 4058 l7.
2221 4003 2527 4077 spiciebani
2554 4005 2759 4062 scilicet
2788 4005 2979 4062 Patres
3013 4007 3141 4060 illud
3170 4005 3345 4077 Pauli,
3391 4008 3558 4063 Hebr.
3588 4003 3672 4068 vi,
3705 4005 3780 4077 74:
3867 4003 3873 4012 '

546 4079 740 4134 Filium
769 4072 948 4145 porro,
979 4072 1129 4146 aeque
1163 4072 1227 4130 ac
1272 4074 1508 4146 Patrem,
1534 4088 1651 4146 esse
1700 4072 2114 4146 Omnipotentem

2223 4072 2360 4138 Τοὺς
2395 4074 2541 4140 ἅπαξ
2566 4077 2951 4144 φωτισθέντας,
2989 4077 3040 4131 id
3069 4086 3170 4138 est,
3202 4075 3308 4141 Qui
3330 4081 3498 4132 semel
3532 4087 3653 4132 sunt
3677 4075 3791 4130 illu-

546 4150 668 4204 ideo
690 4142 903 4201 videtur
926 4142 1183 4216 Didymus
1216 4145 1411 4216 saepius
1443 4143 1733 4216 inculcare,
1769 4145 1909 4212 quod
1938 4142 2118 4216 Eunt):
2221 4146 2431 4200 minati.
2459 4142 2593 4198 l-linc
2621 4149 2782 4200 ducta
2824 4148 3034 4207 illarum
3062 4146 3246 4216 Cyrilli
3270 4215 3273 4216 7
3295 4149 3680 4203 catechesium
3712 4147 3788 4198 in-

549 4221 692 4273 mius
714 4218 766 4272 id
793 4213 1041 4286 negasset
1064 4216 1116 4269 in
1140 4229 1202 4288 ea
1230 4213 1599 4288 confessione,
1629 4228 1790 4280 quam
1833 4227 1975 4265 anno
2018 4213 2117 4268 585

2221 4217 2463 4288 scriptio,
2487 4231 2605 4288 qua:
2655 4218 2904 4288 dicuntur
2964 4217 3071 4270 τῶν
3107 4213 3540 4288 φωτιζομένων,
3591 4217 3642 4271 id
3693 4223 3789 4279 est,

547 4282 1449 4358 'l‘heodosio'imperatoriobtulit,
1478 4297 1706 4358 ripaeque
1766 4291 2113 4358 ex75tat77tom.
2221 4282 2719 4358 Illuminandorum.
2757 4286 2867 4340 Cur
2901 4302 3025 4341 vero
3076 4282 3155 4342 sic
3200 4282 3432 4358 voce'tur
3476 4289 3793 4358 baptismus,

553 4359 569 4412 I
613 4357 753 4411 bect.
800 4351 994 4426 antiqql
1053 4353 1256 4427 C7an_isil
1309 4367 1428 4427 pag.
1485 4352 1604 4427 1778.
1637 4353 1893 4427 lbi__enim
1925 4351 2116 4427 Filium
2221 4355 2355 4409 scite
2391 4356 2611 4427 egponjt
2658 4355 2900 4411 Justinus
2950 4371 3154 4427 martyr
3207 4357 3482 4427 inprima
3512 4351 3789 4427 Apologia,

549 4427 846 4481 exclttdetts
875 4420 1047 4496 inquit
1074 4420 1322 4496 dePatre
1339 4422 1632 4496 Eupomius
1660 4437 1672 4472 :
1699 4420 1845 4475 Unus
1879 4435 1950 4474 est
1981 4424 2133 4496 enim
2219 4441 2370 4479 num.
2422 4423 2513 4496 6i.
2563 4422 2789 4496 Vocatur
2845 4436 3018 4480 autent
3072 4420 3304 4496 (inquiti
3337 4420 3620 4482 lauacrum
3673 4420 3796 4478 illud

549 4507 598 4550 et
635 4497 775 4549 solus
821 4491 964 4550 Deus
999 4495 1368 4565 Omnipotens,
1403 4491 1544 4565 Deus
1575 4494 1810 4565 deorum,
1852 4500 1958 4544 etc.
1991 4491 2133 4558 Quae
2221 4494 2518 4565 φωτισμός,
2558 4495 2611 4546 id
2643 4507 2741 4561 est,
2771 4491 3108 4560 illuminatio,
3131 4491 3190 4549 eo
3218 4491 3360 4564 quod
3399 4511 3578 4552 mente
3604 4496 3799 4549 illumi-

550 4567 713 4619 verba
771 4567 962 4620 refellit
991 4564 1049 4620 S.
1080 4559 1372 4630 Gregorius
1421 4559 1693 4632 Nyssenus
1743 4563 1881 4616 libro
1944 4565 2118 4629 primo
2221 4559 2415 4619 {tantur
2439 4566 2527 4634 qui
2577 4565 2689 4617 hwc
2726 4559 2958 4620 discunt.
2993 4559 3441 4620 Praétereundum
3481 4579 3666 4621 tamen
3699 4577 3798 4618 non

552 4645 736 4688 contra
765 4635 934 4702 ipsum
976 4634 1314 4704 Eunomium.
1368 4701 1376 4704 7
1422 4703 1427 4704 7
1499 4699 1532 4704 Α
1797 4701 1824 4704 77
2220 4645 2323 4698 est,
2365 4637 2690 4702 baptismum
2741 4637 2808 4689 ab
2872 4637 3258 4690 illuminatione
3311 4635 3590 4704 distingui
3635 4637 3802 4690 inter-

625 4704 738 4776 (55)
776 4699 947 4776 Super
969 4707 1165 4776 omnia.
1219 4701 1460 4776 Respicit
1499 4699 1662 4776 Rom.
1690 4701 1848 4776 117,57,
1875 4704 1958 4758 Ubl
1989 4705 2110 4773 legi-
2221 4707 2370 4776 dum,
2408 4699 2467 4776 ut
2511 4718 2632 4757 cum
2687 4706 2752 4772 is,
2781 4721 2938 4774 quem
2971 4707 3103 4776 dixi,
3132 4704 3389 4776 Cyrillus
3421 4707 3476 4759 in
3499 4699 3691 4776 wprima
3719 4718 3805 4758 ca-

557 4771 643 4827 tur
665 4791 695 4847 :7
720 4771 795 4847 Ὃ-
821 4773 896 4847 ὢν
937 4775 1030 4828 ἐπὶ
1073 4773 1289 4828 πάντων
1316 4772 1469 4837 Θεός,
1501 4772 1553 4826 id
1587 4783 1690 4834 est,
1723 4771 1824 4836 Qui
1854 4785 1924 4826 est
1953 4771 2110 4842 super

2235 4775 2447 4847 .ecltesi,
2476 4790 2636 4847 num.
2676 4771 2743 4847 27,
2773 4771 2844 4829 ait
2878 4799 2890 4830 ;
2937 4771 3312 4847 ’E6amié0q,
3342 4775 3467 4828 ἀλλ’
3516 4771 3633 4830 ὀὐκ
3667 4776 3803 4843 ἐφω-

555 4844 730 4914 omuia
761 4843 919 4914 Deus.
1024 4913 1037 4914 7
1418 4911 1452 4914 7
1547 4912 1559 4914 _
1784 4913 1787 4914 7
2219 4843 2403 4912 τίσθη,
2437 4845 2488 4896 id
2527 4855 2630 4908 est,
2679 4846 2986 4914 Baptizatus
3037 4848 3173 4914 fuit,
3224 4843 3313 4898 sed
3365 4863 3478 4900 non
3529 4847 3800 4900 illumin-

631 4913 738 4983 (56)
770 4913 872 4978 Qui
897 4923 992 4967 est.
1021 4913 1134 4968 Non
1164 4914 1382 4983 respicit
1416 4911 1584 4967 Exod.
1619 4928 1702 4976 ιιι,
1733 4913 1817 4974 14,
1852 4914 1942 4968 sed
1967 4929 2112 4978 eum,
2221 4927 2323 4967 tus.

556 4998 717 5056 quem
751 4984 883 5056 d_isi,
917 4983 1267 5056 Appealypsis
1289 4983 1500 5056 locum._
1820 5053 1835 5056 7
1902 5053 1953 5056 77
2238 5055 2243 5056 7
2292 4983 2404 5054 (41)
2437 4983 2622 5056 Petrus
2662 4985 2895 5056 scripsit.
2928 4984 2985 5038 In
3021 4987 3186 5056 Epis..
3221 5002 3286 5049 ιι,
3329 5001 3457 5055 cap.
3490 5003 3532 5046 ι,
3576 4984 3802 5056 νει-εει.

629 5053 742 5121 (57)
771 5051 850 5121 Tu
871 5069 942 5106 es.
975 5051 1171 5106 Mattli.‘
1198 5068 1274 5120 ιιι,
1305 5055 1370 5116 5;
1397 5061 1452 5106 et
1483 5051 1612 5107 Luc.
1642 5067 1735 5116 vit,
1779 5053 1866 5116 a9,
1895 5053 1983 5108 90.
2223 5051 2783 5107 Animadvertendam
2819 5071 2947 5108 vero
2998 5051 3109 5120 esi,
3163 5051 3444 5110 auctorem
3494 5055 3807 5110 enarratio-

633 5119 742 5194 (58)
769 5119 1134 5194 Scribit._Cap.
1156 5139 1207 5194 _t,
1232 5138 1375 5177 vers.
1416 5126 1478 5194 7i,
1536 5122 1592 5194 2,
1624 5123 1676 5194 5,
1704 5124 1788 5175 ubi
1812 5139 1909 5194 pro
1939 5126 2121 5192 ἁπαγ-
2159 5134 2201 5188 θ
2233 5126 2312 5176 nis
2341 5124 2397 5176 in
2422 5124 2722 5194 secundum
2772 5127 2907 5194 lianc
2947 5119 3434 5194 PetriEpistolam,
3471 5142 3603 5181 eam
3637 5128 3806 5194 ipsam

557 5193 820 5264 γέλλομεν
846 5192 940 5244 καὶ
971 5192 1120 5264 ὑμῖν,
1143 5191 1327 5264 Graeca
1360 5193 1532 5264 editio
1567 5193 1724 5264 habet
1745 5211 1766 5264 7:
1798 5191 2125 5261 ἀπαγγέλλο-

2239 5193 2620 5264 Epistolam77ut
2665 5195 2802 5246 sacri
2853 5191 3401 5250 Bibliorum'canmtis
3451 5191 3678 5264 partem
3707 5209 3807 5247 non

562 5261 662 5332 μεν
689 5261 847 5327 ὑμῖν·
881 5276 1042 5331 quam
1076 5261 1358 5318 lectionem
1387 5263 1630 5332 sequitur
1660 5263 1915 5332 Vulgatus
1950 5267 2123 5319 inter-
2228 5263 2498 5336 habuisse.
2521 5261 2652 5315 Nam
2687 5265 2913 5336 primum
2949 5267 3162 5332 quidem
3187 5265 3396 5336 inquit:
3430 5261 3675 5336 Agnovit
3712 5281 3811 5317 au-

559 5348 738 5416 pre§:77
797 5401 836 5416 Π
1038 5411 1048 5416 7
1324 5415 1330 5416 7
1399 5401 1417 5416 7
1477 5412 1487 5416 7
1593 5403 1605 5414 7
1741 5402 1770 5416 77
1894 5403 1906 5414 7
2226 5343 2329 5386 tem
2362 5333 2472 5385 lucc
2517 5333 2838 5404 conscriptor
2866 5333 3146 5400 Epistolaz;
3177 5333 3330 5416 quasi
3359 5333 3599 5416 Petrum
3639 5336 3817 5416 pomi-

632 5401 743 5473 (59)
786 5401 1130 5472 Frequentem
1157 5415 1354 5473 7us7um.
1386 5401 1516 5470 Aut,
1562 5403 1607 5458 si
1650 5402 1826 5466 malis,
1855 5403 1982 5466 vim,
2011 5418 2113 5456 em-
2227 5417 2356 5455 nare
2377 5414 2626 5456 vereatur
2655 5419 2668 5456 :
2694 5401 2801 5456 tum
2832 5419 2947 5458 eam
2977 5401 3371 5459 enarrationem
3402 5402 3814 5473 cmicluditltis

563 5470 793 5542 phasim,
815 5484 870 5526 et
895 5470 1112 5544 similia.
1155 5470 1406 5544 Didymus
1437 5489 1599 5544 porro
1642 5474 2126 5544 initioenarratio-
2225 5473 2401 5544 verbis
2432 5489 2444 5526 :
2477 5473 2598 5544 Non
2631 5484 2706 5528 est
2748 5476 2909 5543 igitur
2940 5476 3286 5544 ignorandum
3319 5486 3652 5543 pm’sentem
3687 5472 3820 5542 Epi-

559 5545 645 5614 nis
665 5544 719 5594 in
739 5544 962 5614 priorem
984 5542 1208 5614 Joannis
1239 5542 1527 5609 Epistolam
1573 5543 1637 5596 de
1667 5543 1855 5612 primis
1882 5542 2124 5610 ejusdem
2223 5542 2412 5594 stolam
2436 5558 2545 5595 esse
2569 5542 2842 5614 falsatum,
2866 5542 2982 5613 qua}
3010 5548 3126 5598 licet
3147 5542 3459 5614 publicetur,
3499 5561 3614 5597 non
3641 5554 3818 5596 tamen

559 5611 812 5681 Epistula:
855 5613 1034 5667 verbis
1065 5629 1080 5665 :
1106 5610 1260 5677 Quod
1303 5623 1413 5664 erat
1467 5614 1530 5664 ab
1575 5610 1749 5676 initio,
1780 5614 1989 5674 eodem,
2016 5628 2121 5681 quo
2229 5614 2284 5664 in
2323 5629 2518 5666 canone
2545 5623 2639 5666 est.
2693 5610 2927 5678 Quarum
2977 5610 3156 5668 tamen
3190 5615 3528 5667 locutionum
3571 5616 3822 5666 secunda

560 5681 673 5746 hic,
711 5684 868 5736 modo
918 5683 1156 5736 disserit.
1201 5682 1348 5736 Idem
1399 5699 1515 5733 vero
1567 5683 1780 5752 (inquit)
1809 5683 2120 5750 {signiﬁcant
2232 5684 2444 5752 quidem
2487 5684 2771 5737 maximam
2809 5684 2964 5737 habet
3003 5687 3108 5738 vim
3139 5687 3202 5737 ad
3232 5684 3641 5739 ostendendum
3675 5684 3824 5750 quod

559 5752 672 5823 (nec
704 5756 878 5807 verba.
913 5754 1096 5823 quibus
1142 5753 1266 5806 ait:
1292 5752 1441 5814 Quod
1493 5764 1610 5806 erat
1663 5754 1728 5808 ab
1780 5753 1954 5820 initio,
1986 5754 2123 5821 quod
2233 5756 2355 5805 volo
2381 5771 2394 5805 :
2424 5753 2611 5821 prima:
2643 5768 2770 5806 vero
2815 5769 2857 5806 Si
2901 5769 3146 5823 magnam
3179 5755 3566 5823 tribuerimus,
3593 5753 3717 5822 jam
3753 5753 3826 5806 do

556 5820 716 5885 illud,
749 5823 834 5876 ubi
869 5822 938 5874 ait
966 5835 982 5873 :
1007 5822 1115 5892 Ego
1140 5837 1256 5879 sum
1294 5823 1384 5890 qui
1420 5836 1558 5876 sum.
1999 5820 2004 5821 “
2237 5820 2584 5878 enarratione
2612 5839 2823 5892 quoque
2855 5825 2908 5878 in
2933 5820 3153 5894 primum
3195 5822 3340 5879 Petri
3375 5820 3700 5878 Epistolas:
3722 5834 3822 5878 eas
