3970 6406
527 392 630 450 507

1763 395 1997 451 DlDYMl
2039 396 2500 452 ALEXAND‘RINI

3649 405 3759 468 308

522 516 596 560 tto
623 503 738 576 (49)
767 513 1238 569 commemoretur.
1289 514 1343 560 et
1376 507 1688 577 gloriﬁcath
1716 507 1850 560 inter
1880 517 2074 578 gentes,

2201 507 2434 572 ἔθνεσιν,
2463 507 2553 560 τὸν
2575 508 2700 561 Υἱον
2735 508 3090 579 σημαίνεσθαι
3112 510 3381 566 δείκνυσιν
3423 507 3486 567 οῦ
3506 515 3566 568 τὺ
3585 516 3757 588 ὄνομα

520 597 719 653 Filium
784 597 1077 668 signiﬁcari
1127 599 1400 663 ostendit,
1454 599 1607 668 cujus
1664 614 1854 654 nomen
1911 601 2080 656 Judaei

521 707 626 746 una
673 705 794 746 cum
833 691 1270 758 ctismatolatris,
1302 693 1352 745 id
1380 701 1463 746 est
1494 699 1865 747 creaturarum
1892 693 2084 746 adora-

521 782 752 845 toribus,
785 781 1044 850 polluant.
1077 783 1198 851 Ipsa
1234 797 1360 837 vero
1400 784 1668 838 sermonis
1699 785 2080 851 consequentia

521 873 944 942 omnipotentem
1009 873 1156 928 illum
1208 887 1330 929 esse
1393 875 1766 939 demonstrat,
1822 884 2086 943 quatenus

521 965 906 1034 omnipotentis
957 964 1136 1034 imago
1183 975 1302 1030 est,
1348 973 1401 1020 et
1447 965 1798 1036 Unigenitus,
1849 967 1938 1036 qui
1985 968 2086 1021 bac

522 1055 683 1110 etiam
710 1055 760 1110 in
804 1071 862 1112 re
889 1057 1074 1127 imago
1100 1072 1220 1112 esse
1243 1057 1622 1127 intelligendus
1653 1069 1758 1124 est,
1793 1067 1852 1114 ut
1877 1060 1948 1112 sit
1971 1076 2087 1113 om-

521 1148 770 1218 nipotens
793 1187 808 1212 ,
847 1148 990 1203 sicut
1026 1148 1116 1203 ille
1149 1159 1250 1204 est.
1284 1149 1481 1204 Paulus
1511 1166 1642 1204 vero
1673 1151 1915 1206 Hebraeis
1949 1152 2085 1206 scri-

520 1238 601 1293 bit
631 1257 644 1292 :
673 1237 779 1304 Qui
806 1255 922 1293 cum
951 1240 1020 1295 sit
1054 1239 1169 1310 (50)
1193 1241 1438 1309 splendor
1469 1241 1650 1310 gloria:
1673 1241 1876 1308 Patris;
1903 1243 1953 1297 id
1981 1253 2085 1310 est,

521 1339 819 1384 coaeternus
885 1331 1030 1399 ipsi,
1081 1340 1136 1384 et
1183 1330 1495 1387 homousius
1527 1331 1664 1402 (51),
1713 1347 1806 1387 seu
1855 1335 2086 1389 consub-

521 1421 814 1476 stantialis.
875 1420 943 1476 Ut
989 1421 1132 1476 enim
1172 1436 1266 1486 ea,
1313 1438 1432 1492 qua:
1468 1425 1925 1492 comparationem
1979 1439 2084 1478 non

524 1511 859 1576 admittunt,
900 1514 1306 1582 comparatione
1337 1513 1512 1582 aliqua
1534 1553 1550 1579 ,
1590 1524 1644 1569 et
1687 1515 1932 1584 exemplo
1961 1515 2084 1569 illu-

523 1608 782 1665 strentur,
821 1612 986 1670 atque
1015 1603 1118 1657 hoc
1159 1603 1346 1658 saltem
1393 1605 1550 1659 modo
1581 1604 1969 1675 aliquantulum
2019 1606 2086 1660 il-

522 1691 636 1757 lud,
655 1694 797 1762 quod
825 1709 986 1763 supra
1009 1705 1244 1751 mentem
1261 1706 1340 1751 est
1362 1740 1376 1764 ,
1397 1706 1574 1753 mente
1593 1698 1929 1768 concipiatur
1949 1698 2086 1770 (52),

523 1782 698 1836 dicam
743 1782 891 1855 (cum
942 1799 1109 1855 parvo
1160 1785 1212 1839 id
1262 1800 1616 1856 comparans,
1662 1789 1804 1857 quod
1837 1805 2087 1860 magnum

523 1882 629 1938 est,
655 1885 709 1929 et
735 1877 993 1930 duntaxat
1017 1875 1293 1947 magnum)
1323 1917 1338 1942 ,
1372 1878 1531 1933 simul
1559 1888 1719 1950 atque
1743 1881 1823 1937 sol
1851 1883 2086 1950 exsistit,

526 1981 558 2020 e
588 1968 718 2022 solis
751 1979 941 2022 natura
965 2007 980 2032 ,
1011 1978 1066 2024 et
1093 1984 1159 2024 ex
1196 1979 1308 2025 toto
1337 1971 1486 2026 disco
1510 2010 1524 2036 ,
1561 1972 1790 2028 indivise
1817 2014 1834 2039 ,
1872 1985 1928 2029 et
1957 1989 2091 2030 con-

529 2059 696 2120 tinue.
733 2069 788 2112 et
824 2059 1013 2127 aequali
1041 2076 1312 2125 mensura,
1348 2071 1514 2115 totam
1546 2062 1720 2117 lucem
1746 2065 1903 2118 simul
1935 2080 2087 2120 exse-

527 2150 596 2214 ri,
628 2149 895 2216 simulque
916 2151 1130 2220 operari
1154 2190 1168 2216 ,
1195 2167 1258 2206 ac
1288 2152 1450 2205 simul
1474 2154 1706 2208 calorem
1752 2157 1946 2223 rebus,
1974 2174 2093 2226 quae

529 2240 668 2292 hanc
708 2240 1070 2296 seusationem
1105 2244 1355 2312 excipere
1378 2257 1620 2313 queunt,
1652 2247 1928 2314 praebere;
1963 2249 2092 2303 sub-

527 2331 740 2384 stantia
764 2346 914 2397 vero,
945 2348 975 2386 a
1001 2350 1103 2402 qua
1137 2334 1248 2400 lux,
1286 2351 1378 2390 seu
1408 2335 1586 2392 lumen
1620 2337 1931 2405 eﬂ‘unditur,
1959 2356 2095 2410 qua-

529 2421 736 2476 litatem
767 2438 983 2479 omnem
1013 2426 1066 2479 in
1098 2427 1389 2496 semetipso
1437 2429 1644 2483 exserit
1683 2430 1855 2499 ipsum
1889 2429 2092 2496 lumen,

529 2515 726 2584 quippe
754 2531 875 2569 cum
917 2518 1094 2586 primo
1133 2517 1248 2587 ipso
1287 2531 1583 2586 momento,
1619 2537 1723 2576 non
1754 2537 1882 2578 vero
1915 2532 2096 2593 poste-

531 2608 658 2660 riori
685 2646 702 2673 ,
743 2609 808 2662 ab
833 2624 894 2662 ea
920 2611 1298 2678 proluudatur,
1330 2612 1597 2681 simulque
1632 2628 1753 2667 cum
1797 2628 1858 2668 ea
1890 2624 1944 2668 et
1974 2630 2098 2682 pro-

529 2699 709 2764 cedat,
735 2701 1104 2755 et'subsistat.
1150 2701 1300 2768 Quod
1336 2703 1382 2756 si
1421 2703 1696 2774 splendor,
1745 2719 1932 2760 eorum
1977 2706 2098 2774 qui-

531 2789 652 2844 dem
685 2792 972 2858 sententia,
1006 2793 1287 2863 aliquando
1329 2811 1430 2848 non
1457 2805 1592 2862 erat,
1613 2796 1832 2851 ubinam
1861 2808 1980 2851 erat
2009 2813 2093 2860 ea,

531 2896 600 2934 ex
631 2895 734 2950 qua
767 2881 1020 2950 splendor
1043 2884 1158 2952 ipse
1188 2893 1292 2950 est,
1327 2887 1460 2941 lucis
1484 2888 1783 2942 substantia
1813 2927 1828 2953 ,
1863 2890 1975 2944 sive
2008 2889 2097 2959 by-

532 2975 810 3042 postasis?
836 2973 970 3028 Nam
1008 2977 1164 3030 simul
1204 2991 1323 3032 cum
1375 2978 1464 3032 illo
1512 2979 1624 3034 haec
1668 2982 1828 3033 etiam
1877 2985 2097 3035 omnino

534 3075 821 3118 evanescat
873 3081 1096 3120 necesse
1145 3078 1249 3120 est.
1300 3069 1463 3137 Atqui
1496 3068 1682 3124 Daniel
1711 3085 1926 3140 quoque
1970 3087 2091 3138 pro-

2179 599 2552 666 βεϐηλοῦσιν
2573 599 2811 653 Ἰουδαῖοι
2843 601 2937 654 σὺν
2965 604 3077 666 τοῖς
3102 604 3610 676 κτισματολάτραις.
3642 609 3756 662 Καὶ

2185 690 2321 758 αὐτὴ
2353 690 2408 742 δὲ
2433 693 2466 760 ἡ
2497 691 2784 745 ἀκολουθία
2827 694 3238 765 παντοκράτορα
3277 696 3434 749 αὑτὸν
3461 693 3595 750 εἶναι
3628 699 3746 769 βού-

2185 780 2354 845 λεται,
2379 779 2500 834 καθ’
2531 781 2560 834 ὃ
2587 781 2745 834 εἰκὼν
2761 783 2854 835 καὶ
2875 785 3178 856 Μονογενὴς
3201 787 3632 859 παντοκράτορος
3657 807 3759 842 κε-

2184 871 2628 942 χρεωστημένος,
2654 873 2714 926 τὸ
2744 873 2836 926 καὶ
2884 876 2940 926 ὲν
2973 874 3143 945 τούτῳ
3179 876 3342 929 εἰκὼν
3385 879 3619 932 νοεῖσθαι
3653 880 3754 933 τοῦ

2186 963 2640 1034 παντοκράτορος.
2697 965 2807 1017 Καὶ
2847 964 3056 1030 Παῦλος
3101 965 3158 1018 δὲ
3212 968 3480 1039 Ἑϐραίοις
3509 971 3712 1042 γράφει
3737 987 3753 1000 °

2191 1055 2297 1120 Ὃς
2317 1053 2402 1108 ὢν
2422 1055 2786 1125 ἀπαύγασμα
2826 1055 2937 1124 τῆς
2973 1056 3158 1125 δόξης
3182 1057 3288 1111 τοῦ
3323 1059 3573 1128 Πατρός,
3603 1064 3755 1114 τουτ’

2187 1144 2333 1197 ἐστιν
2369 1145 2699 1216 ωνάναρχος
2721 1145 2813 1198 καὶ
2839 1144 3137 1215 ὁμοούσιος.
3167 1147 3286 1200 Ἵνα
3310 1147 3417 1219 γὰρ
3441 1148 3507 1200 τὰ
3535 1148 3743 1222 ἀπαράο

2187 1236 2356 1307 ὄλητα
2389 1237 2764 1308 παραϐολικῶς
2788 1257 2902 1302 πως
2935 1238 3316 1309 παραδειχθείη
3343 1278 3357 1301 ,
3400 1241 3448 1292 εἰ
3474 1240 3572 1292 κᾶν
3601 1241 3752 1294 οὕτω

2189 1327 2368 1392 ποσῶς
2396 1330 2474 1391 εἰς
2502 1327 2625 1382 νοῦν
2654 1327 2887 1399 δειχθείη
2909 1328 2968 1380 τὸ
2991 1328 3131 1398 ὑπὲρ
3167 1327 3310 1391 νοῦν,
3353 1327 3460 1400 ὲρῶ
3495 1329 3574 1399 (τὸ
3607 1330 3756 1400 μέγα

2187 1421 2279 1474 καὶ
2307 1419 2463 1490 μόνον
2492 1420 2630 1491 μέγα
2663 1418 2840 1490 μικρῷ
2874 1419 3232 1490 συμϐάλλων),
3253 1421 3328 1484 ὡς
3349 1422 3463 1491 ἅμα
3494 1439 3552 1474 τε
3577 1423 3754 1492 ἥλιος,

2188 1513 2303 1582 ἅμα
2327 1513 2384 1578 ἐξ
2411 1513 2561 1584 ἡλίου
2584 1513 2796 1582 φύσεως
2827 1513 2920 1565 καὶ
2951 1513 3008 1578 ἐξ
3041 1513 3160 1565 ὅλου
3191 1512 3282 1566 τοῦ
3326 1513 3510 1566 δίσκου
3553 1515 3759 1584 ἁμερί-

2191 1621 2350 1669 στως,
2385 1604 2480 1658 καὶ
2514 1603 2848 1666 ἀδιαστάτως
2869 1643 2884 1666 ,
2915 1603 3007 1656 καὶ
3053 1603 3346 1675 ίσομέτρως
3376 1605 3494 1658 ὅλον
3538 1607 3600 1658 τὸ
3635 1606 3760 1674 φῶς

2191 1695 2616 1764 συνεκφαίνεται,
2648 1696 2742 1748 καὶ
2774 1699 3104 1764 συνενεργεῖ,
3148 1698 3243 1750 καὶ
3273 1696 3612 1766 συμπαρέχει
3649 1699 3760 1766 τὴν

2192 1785 2398 1858 θέρμην
2429 1789 2539 1850 τοῖς
2565 1785 2863 1856 αἰσθήσεως
2886 1786 3171 1850 δεκτικοῖς,
3198 1788 3409 1856 καὶτῆς
3440 1788 3534 1840 τοῦ
3556 1789 3759 1859 προεν-

2193 1895 2282 1940 τος
2308 1877 2492 1940 οὐσίας
2525 1877 2584 1930 τὸ
2611 1878 2850 1948 ἀμέσως,
2883 1879 2976 1931 καὶ
3003 1880 3100 1949 οὐχ
3125 1879 3346 1949 ὕστερον
3367 1880 3757 1951 προχεόμενον,

2192 1970 2286 2022 καὶ
2318 1970 2636 2041 συμπροῖὸν,
2694 1971 2785 2023 καί
2841 1973 3300 2042 συνυφιστάμενον
3358 1971 3492 2041 φῶς,
3524 1973 3651 2042 ὃλην
3697 1974 3761 2027 ὲν

2192 2060 2367 2130 ἑαυτῷ
2386 2061 2680 2130 διεκφαίνει
2713 2061 2808 2132 τὴν
2840 2063 3112 2132 ποιότητα.
3147 2062 3210 2116 Et
3241 2063 3298 2116 δὲ
3333 2066 3467 2136 πρὸς
3517 2063 3578 2116 τὺ
3606 2059 3763 2118 εἶκον

2191 2156 2418 2220 ἐκείνοις
2443 2197 2458 2221 ,
2492 2153 2608 2211 Ἦν
2637 2157 2734 2210 ὅτε
2761 2161 2871 2211 οὐκ
2899 2155 2999 2228 ἦν,
3055 2159 3116 2212 τὸ
3164 2149 3534 2231 ἀπαύγασμαο
3583 2159 3690 2212 ποῦ
3725 2162 3764 2231 ἡ

2191 2249 2579 2318 ἀπαυγάζουσα
2617 2249 2746 2302 αὐτὸ
2778 2250 3070 2314 ὑπόστασις
3122 2251 3214 2304 τοῦ
3246 2253 3452 2320 φωτός;
3491 2251 3764 2305 Συνδιολιο

2195 2338 2378 2410 σθήσει
2403 2339 2510 2410 γάρ
2547 2356 2648 2391 που
2681 2339 2892 2403 πάντως
2924 2340 3116 2410 ὲκείνῳ
3168 2339 3341 2394 τοῦτο.
3383 2342 3492 2394 Καὶ
3521 2340 3623 2412 μὴν
3665 2342 3768 2394 καὶ

2192 2429 2388 2499 Δανιὴλ
2415 2429 2767 2501 προφητεύων
2798 2427 2949 2484 εἶπεν
2969 2449 2981 2461 ·
3015 2431 3121 2484 Καὶ
3155 2431 3281 2500 φῶς
3299 2434 3424 2502 μετ’
3449 2431 3633 2485 αὐτοῦ
3653 2428 3762 2502 ἦν,

2193 2519 2312 2572 am
2330 2519 2445 2584 τοῦ,
2484 2521 2512 2572 ὁ
2535 2520 2658 2582 Υἱὸς
2712 2520 2848 2590 μετὰ
2877 2519 2968 2572 τοῦ
3000 2521 3229 2594 Πατρός.
3257 2521 3428 2574 Τοῦτο
3460 2523 3562 2592 γὰρ
3596 2521 3767 2591 μάλι-

2197 2627 2294 2663 στα
2325 2610 2590 2664 δείκνυσιν
2625 2611 2684 2663 τὸ
2707 2611 3090 2665 ἀσυνείκαστον
3117 2615 3208 2664 καί⁵
3257 2612 3398 2683 μέγα
3439 2614 3536 2684 τῆς
3567 2613 3769 2686 θεότη-

2193 2722 2304 2768 τος,
2341 2705 2424 2758 ὃτι
2479 2704 2808 2775 συνάναρχον
2857 2703 3020 2757 αὑτοῦ
3077 2705 3171 2758 καὶ
3203 2703 3489 2775 σύναρχον,
3537 2703 3674 2774 ὁμοῦ
3706 2704 3770 2758 δὲ

2196 2796 2266 2867 [9
2314 2795 2380 2867 a]
2411 2796 2505 2850 καὶ
2538 2795 2742 2848 τέλειον
2771 2798 2864 2850 καὶ
2890 2795 3303 2867 ἀπαράλλακτον
3349 2795 3572 2858 ἀπαθῶς
3610 2796 3771 2864 ἐγέν-

2195 2902 2355 2956 νησεν
2379 2887 2407 2938 ὁ
2435 2886 2639 2956 Πατήρ.
2671 2875 2980 2956 κτίσματος
3009 2885 3116 2956 γὰρ
3141 2885 3269 2938 ῐδιον
3298 2885 3392 2938 κα)¹
3419 2885 3478 2938 οὐ
3519 2884 3768 2939 κτίστου⁸

2195 2976 2424 3047 τρεπτοῦ
2454 2977 2547 3031 καὶ
2583 2977 2682 3030 οὑκ
2726 2977 2990 3047 ἀτρέπτου
3011 2994 3024 3008 ο
3066 2977 3170 3029 ὑπὸ
3222 2975 3401 3046 κρίσιν
3429 2977 3520 3029 καὶ
3552 2976 3612 3028 οὐ
3641 2993 3773 3047 κρι-

2196 3066 2287 3119 τοῦ
2304 3082 2316 3093 ·
2355 3066 2780 3136 ζωοποιουμένου
2805 3067 2898 3120 καὶ
2912 3067 2972 3118 ού
3003 3064 3393 3130 ζωοποιοῦντος
3413 3082 3428 3097 ο
3452 3065 3556 3118 ὑπὸ
3578 3066 3769 3135 ἀμαρ-

535 3154 763 3221 phetaus
789 3155 864 3207 ait
893 3172 906 3208 :
940 3154 1006 3210 Et
1042 3156 1134 3210 lux
1164 3156 1274 3227 (55)
1296 3174 1413 3210 cum
1447 3159 1557 3227 ipso
1588 3169 1700 3213 erat
1719 3177 1738 3225 ;
1768 3161 1818 3214 id
1845 3172 1948 3226 est,
1990 3160 2096 3232 24

2201 3160 2315 3212 τίαν
2341 3160 2434 3212 καὶ
2471 3160 2531 3212 οὐ
2565 3158 2698 3212 Θεοῦ
2719 3159 2782 3212 τὸ
2809 3159 2882 3230 μὴ
2908 3158 3080 3222 οὓτως
3103 3159 3355 3230 γεννῆσαι
3376 3159 3468 3213 καὶ
3497 3159 3773 3229 γεννηθῆ-

535 3243 706 3299 Filius
727 3259 848 3300 cum
895 3246 1052 3302 Patre
1082 3265 1096 3302 :
1129 3250 1268 3318 quod
1308 3250 1452 3304 enim
1469 3251 1722 3307 divinitas
1748 3259 2096 3323 tomparatio-

536 3353 659 3391 nem
713 3353 926 3393 onmem
972 3340 1264 3407 excludat,
1321 3354 1484 3410 atque
1516 3345 1965 3401 excellentissima
2007 3348 2097 3413 sit,

535 3432 591 3486 id
627 3433 859 3488 maxime
893 3436 1156 3502 ostendit,
1183 3451 1305 3491 eum
1337 3436 1530 3492 Filium
1571 3453 1601 3493 a
1646 3439 1806 3495 Patre
1844 3441 1959 3496 sine
1995 3441 2099 3495 ulla

538 3525 793 3593 passione
844 3529 1082 3596 genitum
1119 3528 1284 3583 fuisse
1306 3569 1320 3591 .
1354 3529 1442 3598 qui
1474 3539 1653 3596 esset,
1681 3546 1832 3600 aeque
1868 3547 1932 3586 ac
1961 3532 2098 3602 ipse,

537 3625 594 3669 et
635 3616 788 3671 initio
836 3632 1063 3684 carens,
1109 3630 1165 3675 et
1223 3622 1361 3674 idem
1402 3638 1522 3676 cum
1559 3637 1622 3678 eo
1653 3623 1970 3692 principium
2007 3625 2100 3678 ha-

540 3709 712 3771 bens,
754 3707 1019 3779 simulque
1054 3722 1103 3765 et
1151 3713 1455 3781 perfectus,
1499 3723 1554 3769 et
1592 3714 1880 3784 cujuslibet
1906 3730 2100 3783 expers

541 3800 917 3856 discriminis:
954 3815 1216 3858 creaturae
1269 3807 1449 3872 enim,
1507 3821 1611 3860 non
1659 3808 1918 3862 creatoris
1963 3808 2099 3879 (54),

541 3893 857 3946 mutationis
894 3895 1108 3961 capacis
1131 3933 1148 3957 ,
1179 3911 1283 3947 non
1320 3897 1667 3952 immutabilis
1689 3939 1704 3963 ,
1747 3898 1950 3964 judicio
1976 3901 2103 3953 sub-

538 3981 665 4052 jecti
691 4022 708 4047 ,
738 3999 842 4036 non
872 3983 1071 4050 judicis
1097 4024 1112 4048 ,
1147 3985 1399 4039 vivitis-ali
1421 4026 1435 4050 ,
1461 4002 1563 4041 non
1588 3988 1905 4042 viviﬁcantis
1927 4028 1944 4055 ,
1979 4004 2104 4058 pec-

2197 3270 2303 3306 ναι.
2337 3254 2398 3306 Ει
2429 3252 2536 3323 γὰρ
2562 3251 2744 3315 αὐτὸς.
2796 3250 2948 3304 οὔπω
2980 3251 3256 3323 ἐνεργείας
3286 3250 3450 3320 ἄλλης
3503 3250 3772 3320 οὐδεμιᾶς

2193 3345 2513 3416 γενομένης,
2543 3344 2794 3415 ἐποίησεν
2825 3346 2951 3407 τοὺς
2986 3344 3206 3407 αίῶνας,
3240 3343 3288 3396 οἶ
3321 3345 3385 3396 ὲκ
3415 3343 3522 3396 τῶν
3551 3345 3771 3413 χρόνων

2196 3436 2601 3500 ἀποτελοῦνται,
2643 3436 2736 3490 καὶ
2763 3437 2874 3498 τοῖς
2906 3436 3071 3489 πᾶσιν
3097 3433 3267 3506 ἀρχὴν
3294 3434 3580 3502 ἐπέθηκεν,
3609 3432 3775 3486 οὐδὲν

2197 3529 2254 3584 δὲ
2284 3529 2390 3600 πρὸ
2421 3528 2527 3582 τῶν
2560 3529 2767 3599 χρόνων
2788 3528 2882 3580 καὶ
2905 3525 3114 3580 αἰώνων
3144 3525 3379 3579 νοεῖσθαι
3410 3525 3634 3579 δύναται
3662 3562 3680 3587 ,
3722 3524 3774 3577 εἰ

2202 3621 2276 3692 μὴ
2307 3622 2338 3690 ἡ
2379 3619 2756 3690 ἀκατάληπτος
2782 3619 2875 3672 καὶ
2906 3618 3120 3688 ἀληθῶς
3155 3619 3292 3689 μόνη
3344 3617 3622 3689 πρωτίστη
3675 3619 3776 3669 καὶ

2199 3709 2550 3782 πρωτουργὸς
2586 3709 2765 3778 φύσις,
2797 3711 2828 3779 ἡ
2867 3708 3042 3778 μόνως
3063 3704 3195 3760 οὖσα
3237 3707 3469 3780 ἄναρχος
3501 3709 3594 3760 καὶ
3635 3705 3777 3758 αἰώ-

2199 3819 2328 3866 νιος,
2361 3804 2454 3855 καὶ
2486 3801 2677 3870 ὕφεσιν
2721 3801 2854 3871 πρὸς
2879 3801 3069 3872 ἑτέραν
3105 3800 3206 3852 οὐκ
3235 3799 3430 3869 ἔχουσα
3455 3816 3467 3830 ·
3497 3798 3611 3861 πῶς
3669 3801 3780 3852 οὐκ

2199 3895 2449 3965 ἀνάρχως
2481 3895 2545 3947 ἐκ
2586 3893 2684 3963 τῆς
2724 3891 3070 3955 ὑποστάσεως
3098 3891 3421 3961 γεννηθῆναι
3452 3888 3782 3942 πιστεύεται

2202 3987 2306 4056 τοῦ,
2327 3987 2556 4057 Πατρός,
2588 3987 2678 4039 καὶ
2699 3987 2797 4038 οὐκ
2820 3987 2884 4038 ὲκ
2915 3985 3012 4054 τῆς
3044 3984 3356 4055 ὲνεργείας;
3404 3982 3607 4054 Χρόνον
3663 3983 3784 4054 γὰρ

540 4084 664 4129 cato
699 4077 916 4130 obnoxii
945 4118 959 4142 ,
999 4093 1107 4132 non
1136 4092 1261 4132 vero
1290 4078 1379 4133 Dei
1414 4082 1687 4148 proprium
1727 4092 1809 4136 est
1849 4095 2096 4151 generare

2205 4078 2266 4129 ού
2295 4076 2639 4146 διορίζοντος,
2668 4076 2766 4128 οὐκ
2791 4075 2936 4127 ἐστιν
2969 4075 3229 4146 πρότερον
3251 4076 3344 4128 καὶ
3372 4074 3594 4145 ὕστερον
3615 4089 3629 4102 ·
3657 4075 3782 4126 ἀλλ’

542 4165 649 4220 alio
700 4166 859 4220 modo
883 4207 900 4232 ,
955 4178 1009 4221 et
1055 4169 1301 4236 generari
1333 4186 1346 4222 :
1378 4172 1422 4223 si
1452 4172 1594 4223 enim
1627 4171 1741 4239 ipse
1764 4210 1778 4234 ,
1815 4187 1936 4224 cum
1975 4186 2108 4224 non—

544 4257 671 4310 dum
718 4257 885 4311 ullum
935 4259 1077 4312 aliud
1110 4274 1246 4329 opus
1272 4263 1468 4315 factum
1495 4272 1673 4327 esset,
1713 4262 1909 4318 saecula
1957 4263 2107 4327 fecit,

545 4363 665 4417 quae
691 4363 756 4403 ex
789 4349 1122 4419 temporibus
1161 4352 1536 4419 coniiciuntur,
1576 4363 1631 4408 et
1664 4355 1913 4409 omnibus
1948 4354 2108 4410 rebus

2206 4171 2234 4222 ὁ
2267 4171 2340 4241 μὴ
2389 4170 2461 4223 ὢν
2515 4170 2616 4222 ὑπὸ
2645 4169 2830 4239 χρόνον
2855 4209 2870 4233 ,
2909 4167 3140 4239 ἄναρχός
3178 4167 3322 4220 ἐστιν
3345 4184 3360 4196 ·
3392 4167 3420 4218 ό
3451 4165 3506 4218 δὲ
3535 4165 3788 4236 ἄναρχος

2207 4262 2478 4325 ἄκτιστος.
2509 4261 2716 4331 Ὥσπερ
2744 4259 2853 4330 γὰρ
2886 4259 2986 4312 οὐκ
3019 4258 3132 4310 ἐστι
3157 4256 3342 4327 χρόνος
3370 4257 3655 4324 ἀγένητος,
3685 4256 3789 4309 οῦ-

2206 4372 2313 4417 τως
2341 4354 2459 4407 οὐδὲ
2499 4355 2675 4415 κτίσις
2717 4352 2958 4422 ἄχρονος,
3008 4350 3120 4404 ἀλλ’
3151 4350 3261 4420 ἔχει
3297 4349 3490 4419 μέτρον
3519 4349 3608 4401 τὸν
3645 4356 3793 4420 χρόα

545 4441 758 4497 initium
797 4443 980 4509 dedit,
1029 4443 1164 4498 uiltil
1197 4457 1325 4500 vero
1356 4455 1479 4500 ante
1525 4455 1764 4514 tempora
1785 4485 1800 4509 ,
1834 4457 1888 4500 et
1916 4447 2096 4501 sazcula

2213 4463 2302 4500 νον
2321 4463 2333 4475 ·
2364 4447 2460 4498 σὺν
2487 4445 2620 4515 αὐτῇ
2647 4443 2754 4513 γὰρ
2787 4443 2878 4496 καὶ
2909 4443 2936 4495 ὁ
2969 4441 3154 4511 χρόνος
3204 4439 3444 4508 γέγονεν.
3480 4440 3590 4491 Καὶ
3629 4441 3794 4493 εἰκό-

617 4598 728 4670 (49)
794 4599 1175 4670 Mani/estatio.
1224 4600 1460 4655 Clariora
1507 4601 1619 4656 haec
1655 4603 1707 4655 in
1739 4600 1925 4656 Graeco
1963 4612 2106 4668 sunt,

547 4684 668 4721 cum
706 4686 802 4723 vox
835 4672 1180 4736 Epiphaneia,
1213 4683 1267 4725 et
1291 4672 1786 4740 manifestationem,
1829 4682 1881 4726 et
1908 4673 2094 4726 adven-

547 4748 656 4793 tum
686 4741 893 4794 Domini
917 4743 1198 4808 signiticet.

619 4810 729 4879 (50)
756 4811 857 4875 Qui
887 4828 1002 4865 cum
1029 4813 1115 4865 sit.
1136 4810 1297 4864 liebr.
1324 4827 1359 4870 ι,
1383 4811 1438 4865 '5.
1459 4809 1589 4864 Illud
1615 4819 1788 4863 autem
1821 4811 1908 4864 bic
1933 4811 2105 4864 anim-

545 4883 929 4949 advertendum
971 4892 1077 4947 est,
1120 4881 1406 4949 Epistulam
1463 4881 1528 4933 ad
1586 4879 1856 4946 Hebraeos,
1897 4882 1962 4935 de
2008 4896 2105 4932 cu-

541 4947 631 5016 jus
661 4952 976 5004 auctoritate
1029 4947 1263 5021 nonti_nlli
1304 4952 1693 5015 dubitaverant,
1730 4967 1759 5003 a
1793 4951 2016 5021 Didymo
2052 4959 2109 5004 ut

546 5022 884 5086 canonicam,
910 5033 1071 5089 atque
1107 5036 1136 5074 a
1162 5019 1326 5073 Paulo
1362 5022 1612 5086 scriptam
1653 5021 1829 5073 citari.

620 5089 730 5159 (51)
763 5090 1099 5144 Homousius.
1131 5091 1260 5143 Cum
1295 5092 1425 5143 adeo
1458 5090 1680 5143 celebris
1721 5091 1792 5159 sit
1830 5090 1943 5144 haec
1983 5104 2106 5152 vox,

548 5158 710 5214 utdiu
751 5161 926 5228 potior
958 5161 1310 5215 catltolicismi
1355 5170 1476 5213 uota
1515 5161 1691 5212 habita
1709 5158 1887 5223 fuerit,
1911 5174 2026 5212 eam
2055 5162 2106 5212 in

552 5229 898 5285 translatione
919 5232 1148 5285 retinere
1176 5231 1393 5300 placuit.
1422 5229 1731 5300 Ὁμοούσιος
1760 5238 1936 5300 autem
1972 5230 2107 5300 scri-

534 5300 781 5370 bendum
820 5310 921 5364 est,
948 5316 1075 5364 non,
1113 5298 1412 5370 ut'quidam
1438 5298 1714 5369 perperam
1771 5298 2110 5370 fecit,_6p.ozi-

552 5385 685 5432 σιος,
712 5371 1032 5434 homousius,
1066 5368 1304 5438 inquam,
1331 5368 1448 5424 non,
1474 5370 1762 5422 homusius.
1790 5369 1870 5420 Ab
1889 5368 2003 5434 ejus
2026 5384 2110 5423 vo-

547 5441 628 5494 cis
664 5455 759 5493 usu
804 5441 1010 5510 Didymi
1043 5452 1198 5494 actate
1225 5440 1302 5510 AS.
1371 5439 1600 5509 Cyrillus
1631 5438 2109 5510 Jerosolyiiiitatitis

551 5525 674 5578 tum
715 5499 1057 5573 abstinuerit,
1083 5499 1352 5564 uonnbllis
1395 5499 1679 5576 suspectus
1714 5499 2104 5578 liiitfquainvis

554 5577 842 5640 immerito,
873 5590 927 5632 ιιι
952 5583 1066 5633 fuse
1103 5581 1363 5634 'l‘outteus
1395 5583 1604 5648 probat.
1639 5582 1705 5632 At
1727 5577 1981 5647 Didymus
2009 5595 2106 5630 no-

549 5658 664 5702 8ter
715 5663 833 5700 eam
909 5651 1105 5717 passim
1161 5666 1222 5703 ac
1253 5649 1423 5716 palam
1456 5650 1714 5714 prasdicat
1746 5664 1866 5717 cum
1898 5649 1948 5699 in
2011 5648 2110 5700 hoc

545 5729 728 5786 Opere,
764 5727 874 5772 tum
901 5720 1238 5773 enarratione
1266 5721 1320 5772 in
1345 5719 1800 5787 primumJoannis
1822 5716 2109 5785 Eptalolam

551 5802 674 5856 pag.
703 5787 791 5849 85,
821 5791 905 5857 ubi
931 5791 1004 5842 ait
1033 5808 1047 5844 :
1083 5788 1394 5851 Considera,
1425 5790 1860 5857 quemadmodum
1892 5787 2110 5839 consub-

553 5861 813 5913 stantialis
844 5856 1018 5927 Patri,
1053 5869 1106 5916 et
1124 5862 1360 5930 reliqua;
1392 5856 1503 5914 tum
1533 5859 1746 5914 demum
1769 5859 1821 5912 iu
1868 5857 2006 5914 libro
2033 5857 2107 5912 De

2211 4599 2411 4667 Spiritu
2459 4607 2657 4651 sancto.
2701 4595 2852 4662 Quod
2893 4595 3032 4667 enim
3075 4595 3171 4667 ait
3207 4592 3439 4667 lacubus
3475 4591 3793 4667 anuagius

2210 4662 2362 4740 (tom.
2402 4669 2416 4722 I
2455 4667 2616 4740 Lecll.
2670 4667 2864 4733 antiqq.
2907 4665 3134 4740 (Janisii_
3166 4680 3284 4740 pag.
3331 4662 3792 4740 29?),‘Itomousi:

2208 4733 2394 4793 vocem
2445 4739 2510 4791 ab
2555 4735 2878 4806 Hieronymo
2920 4735 2969 4785 in
3021 4733 3208 4786 Latina
3238 4733 3351 4800 ejus
3389 4733 3505 4806 libri
3541 4735 3797 4786 transla-

2213 4810 2354 4863 tione
2382 4809 2634 4860 insertam
2666 4803 2804 4866 esse,
2835 4819 2946 4855 mea
2975 4806 3186 4872 quidem
3209 4803 3470 4854 sententia
3493 4816 3792 4856 commen-

2211 4880 2382 4932 titinm
2417 4888 2520 4939 est,
2539 4892 2601 4929 ac
2623 4874 2770 4928 niltili
2794 4875 2946 4940 plane
2971 4873 3462 4941 faciendum,quasi
3493 4887 3796 4941 nunquam

2208 4949 2262 5002 in
2291 4948 2444 5000 ullius
2465 4947 2692 5000 hominis
2727 4953 2956 4998 mentem
2990 4947 3237 4996 venisset.

2280 5016 2393 5088 (52)
2438 5013 2794 5088 Concipiatur.
2851 5012 2976 5088 Pro.
3016 5008 3560 5088 El;_vo§v_55t105lq,
3619 5009 3800 5068 malit

2206 5080 2435 5141 fortasse
2461 5086 2581 5154 quis
2601 5080 2783 5154 legere
2810 5098 2823 5135 :
2853 5083 2931 5145 εἰς
2959 5080 3082 5154 γοῦν
3108 5081 3344 5154 δεχθεεη.

2279 5158 2390 5278 (55)
2413 5151 2612 5236 lit—(nx.
2643 5151 2776 5206 Dan.
2827 5168 2884 5238 tt,
2915 5151 3003 5231 g2.
3032 5152 3118 5206 ubi
3146 5151 3328 5232 Gtzeca
3366 5151 3530 5205 editio
3558 5151 3728 5233 habet
3765 5171 3790 5209 :

2279 5245 2294 5278 ι
2343 5226 2404 5278 τὸ
2459 5241 2572 5278 tam;
2624 5225 2736 5278 μετ’
2781 5239 2944 5276 αυτου
2978 5222 3114 5275 ἐστι.
3162 5222 3435 5276 Articulns
3490 5237 3616 5276 vero
3659 5223 3790 5278 tlle.

2208 5221 2316 5280 Καὶ
2343 5221 2404 5278 τὸ
2459 5225 2572 5294 φῶς
2623 5225 2755 5294 μετἈ
2781 5221 2944 5276 αὑτοῦ
2978 5222 3114 5275 ἐστι.
3162 5222 3447 5294 Αιίίευειιεγ
3490 5237 3616 5294 vero
3659 5223 3798 5285 ille.

2206 5297 2290 5359 τό,
2316 5313 2343 5348 a
2381 5292 2603 5364 Did‘ynto
2627 5292 2988 5364 negligendus
3015 5309 3117 5344 non
3154 5302 3284 5364 _e_rat_
3304 5294 3406 5346 hoc
3436 5293 3487 5344 in
3531 5292 3672 5364 loco,
3704 5309 3802 5349 ex

2210 5367 2294 5418 bis
2334 5381 2450 5432 qua:
2473 5359 2578 5417 dixi
2621 5365 2670 5418 in
2703 5359 2814 5416 not:
2869 5363 2937 5416 90
2979 5377 3098 5432 pag.
3146 5359 3234 5414 i2.
3266 5359 3451 5431 Itaque
3481 5377 3510 5414 a
3547 5361 3803 5418 librario

2208 5437 2384 5506 potius
2423 5437 2680 5506 omissum
2708 5436 2825 5506 quis
2839 5433 3042 5485 credat.

2279 5506 2409 5574 (54),
2440 5500 2919 5574 ϐτεαιογὶείιὶεοιε
2956 5504 3122 5557 codex
3150 5502 3311 5556 habet
3365 5500 3606 5563 κτίστου,
3665 5514 3812 5574 non

2209 5569 2448 5639 κτίστοῦ,
2502 5587 2555 5628 ει
2590 5575 2712 5626 alibi
2753 5573 2997 5641 κτίστης,
3058 5587 3318 5640 nusquam
3341 5584 3469 5641 vero
3523 5569 3775 5639 κτιστὴς

2211 5645 2373 5699 Recte
2403 5638 2563 5698 etiam
2607 5646 2656 5696 in
2692 5642 2876 5695 Bibliis
2913 5638 3134 5712 κτίστης
3153 5638 3365 5708 semper
3402 5638 3596 5708 legitur
3626 5655 3642 5712 :_
3687 5638 3811 5692 re-

2207 5729 2294 5768 cte
2346 5719 2397 5767 iu
2455 5715 2726 5767 Clemente
2769 5708 3133 5766 Alexandrino
3161 5713 3359 5765 editum
3389 5720 3518 5761 est:
3552 5708 3815 5765 κτίσται

2205 5785 2314 5837 τῶν
2339 5784 2617 5854 αἱρέσεων·
2648 5791 2700 5834 et
2749 5781 3120 5854 iu_llcrodoto,
3153 5779 3513 5854 Terpsicltore,
3543 5779 3814 5854 συγκτί-

2209 5873 2362 5926 στης,
2401 5847 2457 5908 δι
2514 5851 2750 5923 κτίστης.
2808 5847 3264 5920 Pcrpcrnnlvcro
3309 5849 3517 5919 vulgata
3572 5847 3817 5904 Lexica
