3970 6406
521 304 624 367 3H

1760 297 1995 355 DIDYMI
2041 295 2495 354 ALEXANDRINI

3649 301 3756 361 3i!

515 421 646 494 gine
676 416 798 482 fuit,
856 424 912 470 et
969 416 1088 472 sine
1144 413 1380 469 ﬂuxione
1441 411 1576 487 (6'5),
1632 427 1697 468 ac
1753 416 1874 468 sine
1923 415 2090 468 viola-

2201 413 2443 484 γέννησιν
2468 410 2847 483 ἐπισταμένοις
2871 427 2882 442 ·
2913 413 3047 466 ὅπου
3073 429 3136 482 γε
3159 429 3253 467 και
3277 413 3376 485 τὴν
3395 414 3515 469 καθ’
3535 416 3682 487 ἡμᾶς
3705 420 3756 473 ει

521 514 668 566 tione
705 507 840 577 (64).
879 506 931 560 id
967 505 1107 574 quod
1141 513 1331 557 natura
1376 514 1558 558 nostra
1606 518 1711 557 non
1761 504 1982 574 habet):
2019 506 2088 558 ita

521 599 686 652 etiam
749 595 989 651 emlestis
1037 592 1151 663 (65)
1217 592 1475 646 nativitas
1532 593 2090 659 incomprehensibilis

522 689 758 744 maxime
791 697 894 753 est,
938 696 995 741 et
1019 700 1048 738 a
1075 686 1266 755 quavis
1300 684 1614 754 discrepans
1643 684 1756 755 (66)
1786 685 2086 741 nativitate.

523 777 710 848 Neque
748 793 877 831 vero
923 786 1018 829 aut
1051 776 1210 830 [idem
1262 776 1530 845 denegare
1565 785 1805 843 oportet,
1839 785 1932 828 aut
1975 786 2086 830 tuta

525 884 612 924 res
640 868 795 922 nobis
825 877 908 922 est
937 881 1203 937 quaerere,
1245 867 1362 921 sive
1393 879 1690 936 exponere,
1725 867 1995 934 quomodo
2026 880 2089 919 ea

522 975 582 1015 se
625 961 842 1026 habeat,
881 975 1002 1014 cum
1035 973 1102 1013 ne
1141 960 1324 1013 dicere
1354 959 1570 1028 quidem
1622 959 1923 1026 possimus,
1957 972 2092 1027 quo-

524 1055 684 1108 modo
714 1053 879 1121 Virgo
925 1050 1197 1120 pepererit
1239 1065 1467 1105 manens
1500 1050 1685 1120 virgo;
1730 1049 1840 1105 imo
1870 1066 1936 1103 ne
1965 1065 2091 1120 pro-

523 1147 697 1216 priam
744 1146 961 1216 quidem
1011 1152 1255 1198 nostram
1303 1143 1711 1212 generationem
1757 1153 2088 1212 perspectam

481 1270 486 1276 η
526 1239 857 1293 habeamus:
893 1236 1035 1306 quod
1067 1237 1111 1292 si
1163 1236 1325 1290 etiam
1373 1244 1612 1290 nostram
1660 1251 1764 1290 non
1815 1237 2086 1303 ignorare-

525 1344 667 1393 mus,
710 1328 855 1382 nullo
891 1337 1072 1380 tamen
1119 1327 1280 1394 modo
1323 1325 1415 1379 Dei
1451 1339 1662 1395 quoque
1691 1326 2089 1394 generationem

523 1435 1000 1490 cognosceremus,
1041 1433 1162 1487 qua:
1203 1419 1289 1473 vel
1336 1418 1466 1487 ipsis
1515 1417 1828 1472 cmlestibus
1877 1419 2090 1470 virtuti-

524 1511 625 1564 bus
671 1509 783 1580 (67)
814 1510 923 1580 26
975 1507 1531 1578 incomprehensibilis
1578 1518 1683 1564 est.
1741 1507 1919 1574 Quare
1968 1523 2090 1562 cum

523 1611 742 1668 stupore
789 1600 1079 1667 prophetes
1122 1599 1232 1663 ait,
1282 1602 1349 1654 de
1405 1608 1618 1652 terrena
1672 1598 1886 1667 quidem
1950 1599 2091 1652 nati-

522 1693 737 1743 vitate:
776 1687 841 1739 Et
872 1687 1024 1741 homo
1075 1698 1148 1741 est
1199 1686 1335 1757 (68),
1360 1698 1408 1741 et
1451 1689 1567 1758 quis
1617 1696 1885 1758 cognoscet
1935 1690 2092 1743 eum?

525 1781 576 1834 id
609 1791 715 1844 est,
751 1778 941 1833 Nemo.
972 1779 1049 1834 De
1096 1755 1302 1834 cmlesti
1329 1755 1504 1833 vero:
1551 1755 1950 1834 Generationem
1978 1779 2088 1848 (69)
2123 1755 2163 1810 Β

529 1880 706 1923 autem
732 1870 846 1939 ejus
887 1870 1004 1938 quis
1047 1869 1352 1924 enarrabit?
1378 1868 1624 1938 quoniam
1657 1867 1862 1921 tollitur
1889 1885 1921 1920 a
1951 1880 2090 1922 terra

521 1966 631 2017 vita
655 1963 796 2032 ejus.
829 1961 928 2016 Ubi
959 1961 1306 2031 generationis
1345 1961 1561 2015 nomine
1592 1959 1703 2030 (70)
1735 1961 2088 2026 nativitatem,

522 2061 644 2110 mitte
670 2055 932 2110 vocabulo
961 2053 1331 2109 exsistentiam
1354 2053 1602 2124 designat
1627 2071 1641 2107 :
1675 2055 1774 2108 hoc
1799 2069 1926 2107 vero
1951 2055 2091 2123 quod

522 2158 630 2212 est,
669 2149 723 2201 in
754 2148 1079 2200 immensum
1111 2160 1274 2214 supra
1319 2158 1514 2200 terram
1545 2145 1810 2200 elevatum
1855 2161 1997 2213 esse,
2037 2156 2092 2199 et

523 2253 739 2293 omnem
788 2247 1023 2293 mentem
1067 2239 1352 2300 excedere,
1383 2237 1542 2292 valde
1585 2237 1809 2308 mystice
1839 2237 2094 2307 exprimit

523 2332 592 2387 iis
622 2331 888 2386 vocibus:
921 2331 1148 2385 Tollitur
1197 2349 1228 2384 a
1279 2341 1456 2384 terra:
1497 2346 1617 2386 nam
1655 2331 1796 2400 quod
1848 2332 1895 2385 is
1944 2331 2090 2385 omni

522 2431 790 2491 tempore,
814 2422 1174 2493 quodcunque
1199 2423 1416 2476 tandem
1447 2423 1590 2490 quis,
1617 2431 1900 2490 postquam
1927 2420 2092 2476 multa

523 2515 708 2568 animo
742 2515 1066 2578 versaverit,
1109 2515 1402 2584 concipiat,
1458 2512 1667 2568 inﬁnite
1701 2513 1950 2583 superior
1999 2513 2090 2577 sit,

521 2611 578 2658 et
624 2603 818 2672 quavis
871 2603 1176 2672 quantitate
1217 2603 1337 2657 sine
1389 2604 1798 2670 comparatione
1828 2612 2090 2672 praestan-

523 2694 656 2760 tior,
685 2694 909 2762 ejusque
937 2696 1176 2748 essentia
1212 2702 1392 2748 mente
1422 2695 1807 2764 comprehendi
1837 2703 2089 2764 nequeat,

522 2791 581 2838 et
619 2784 691 2838 sit
726 2784 840 2852 ipse
871 2798 1256 2854 usquequaque
1297 2785 1523 2839 onmiuo
1571 2784 1881 2847 invisibilis,
1922 2793 2094 2840 semet

523 2875 643 2943 ipse
665 2875 1032 2941 circumdans,
1064 2885 1120 2929 et
1166 2874 1299 2929 nihil
1330 2886 1481 2928 extra
1514 2891 1574 2930 se
1616 2877 1840 2940 habens,
1886 2887 1940 2929 et
1970 2878 2092 2932 huic

523 2964 669 3021 illius
693 2963 1329 3033 iucomprehensibilitati
1361 2963 1676 3032 angelorum
1705 2979 1926 3034 quoque
1954 2966 2092 3020 mul-

2191 504 2577 575 ἑγινὼσκομεν,
2601 503 2658 556 οὐ
2699 503 2916 567 πάντως
2947 505 3038 559 καὶ
3061 505 3163 576 τὴν
3189 504 3285 558 τοῦ
3314 505 3472 570 Θεοῦ,
3499 507 3621 578 ἥτις
3663 512 3758 565 καὶ

2189 597 2309 657 ταῖς
2328 594 2667 666 ἐπουρανίοις
2691 593 2978 671 δυνάμεσιν
2997 596 3376 668 ἀκατάληπτος
3400 595 3538 652 οὖσα
3558 601 3760 671 τυγχά-

2191 688 2381 742 νειοδιὸ
2414 689 2509 742 σὺν
2531 687 2784 758 ἐκπλήξει
2810 669 3144 760 δ’προφήτης
3167 689 3350 759 φησὶν,
3379 691 3506 761 περὶ
3531 691 3630 762 μὲν
3659 669 3759 764 τῆς

2191 781 2341 834 κάτω
2394 781 2724 852 γεννήσεωςο
2766 780 2872 834 Καὶ
2919 779 3226 848 ἅνθρωπός
3270 780 3458 844 ἐστιν,
3515 783 3613 836 καί
3669 785 3759 850 τίς

2188 871 2478 946 γνώσεται
2529 872 2748 935 amor;
2779 871 2903 924 ἀντὶ
2938 870 3054 934 τοῦ,
3083 871 3287 935 οὐδείς⁸
3325 871 3416 944 [10
3442 871 3498 944 α]
3536 875 3669 946 περὶ
3703 876 3760 928 δὲ

2188 964 2286 1035 τῆς
2321 965 2433 1018 ἄνω
2455 979 2469 993 ο
2520 962 2637 1030 Τὴν
2663 961 2732 1015 δὲ
2780 963 2992 1032 γενεὰν
3021 962 3208 1016 αὐτοῦ
3245 963 3338 1029 τίς
3371 963 3761 1032 ἐξηγήσεως

2189 1055 2279 1110 ὅτι
2309 1057 2531 1125 αἴρεται
2579 1055 2695 1110 ἀπὸ
2725 1053 2834 1121 τῆς
2860 1053 2967 1124 γῆς
2997 1055 3034 1121 ἡ
3060 1053 3169 1122 ζωὴ
3199 1053 3388 1108 αὑτοῦ
3411 1069 3424 1082 ⁸
3450 1055 3550 1125 τὴν
3577 1055 3764 1126 γέννη-

2192 1164 2297 1211 σιν,
2326 1146 2541 1216 γενεάν
2560 1165 2572 1176 ·
2609 1146 2707 1217 τὴν
2730 1145 2984 1216 ὓπαρξιν,
3021 1145 3172 1211 (tutis-
3190 1163 3204 1176 ο
3231 1145 3292 1199 τὸ
3320 1146 3762 1218 ὑπερεξεπῆρθαι

2193 1239 2444 1310 ἀμέτρως
2475 1239 2580 1291 ἀπὸ
2621 1237 2718 1307 τῆς
2751 1239 2852 1308 γῆς
2899 1238 2992 1290 καὶ
3033 1237 3360 1308 ὑπερφέρειν
3400 1239 3600 1301 παντὸς
3642 1238 3760 1303 νοῦ,

2190 1331 2410 1398 αἴρεται
2459 1332 2577 1384 ἀπὸ
2615 1330 2727 1398 τῆς
2763 1330 2875 1401 τῆς
2925 1329 3160 1392 καλέσας
3198 1327 3602 1398 μυστικώτατα.
3635 1328 3762 1382 Ὀτι

2189 1421 2297 1492 γὰρ
2324 1422 2526 1485 παντὸς
2553 1421 2743 1492 χρόνου
2771 1421 2829 1473 ὃν
2853 1420 2917 1474 ἂν
2937 1421 3104 1491 νοήσῃ
3126 1437 3231 1483 τις,
3261 1419 3429 1472 πολλὰ
3457 1417 3763 1481 κυκλεύσας

2191 1512 2257 1581 τῇ
2289 1511 2516 1581 διανοίᾳ,
2546 1509 2865 1582 ἀπεράντως
2895 1509 3188 1572 ἀνώτατος,
3217 1509 3306 1562 καὶ
3333 1509 3626 1577 ποσότητος
3656 1511 3765 1560 attit-

2194 1621 2293 1673 σης
2334 1603 2678 1674 ἀσυγκρίτως
2715 1603 2971 1673 ἀμείνων,
3016 1603 3108 1654 καὶ
3137 1602 3235 1672 τὴν
3258 1600 3444 1655 οὐσίαν
3469 1602 3761 1672 ἁπερινόη-

2191 1714 2300 1762 τος,
2331 1696 2425 1750 καὶ
2453 1695 2714 1748 πάντοθεν
2735 1695 2972 1758 ἄποπτος
3001 1697 3080 1758 είς
3111 1680 3256 1748 ἅπαν
3282 1694 3636 1765 καθέστηκεν,
3669 1695 3766 1748 a6-

2189 1788 2279 1852 τὸς
2333 1788 2527 1842 ἑαυτὸν
2585 1785 2912 1858 περιϐαλὼν,
2965 1786 3056 1839 καὶ
3097 1785 3249 1839 οὐδὲν
3313 1785 3506 1839 ἑαυτοῦ
3561 1785 3763 1852 ἔξωθεν

2191 1881 2328 1950 ἔχων
2349 1897 2362 1910 ·
2390 1881 2484 1932 καὶ
2514 1881 2831 1950 παραχωρεί
2848 1878 2924 1949 τῷ
2946 1878 3182 1948 τοσούτῳ
3199 1876 3364 1931 αὐτοῦ
3390 1876 3764 1949 ἀκαταλήπτφ

2191 1975 2284 2026 καὶ
2312 1974 2344 2044 ἡ
2367 1972 2611 2040 ἀγγέλων
2644 1971 2872 2042 πληθὺς,
2902 1970 3000 2024 καὶ
3027 1972 3133 2034 πᾶς
3161 1970 3427 2042 οὐρανίων
3462 1970 3765 2040 ταγμάτων

2189 2063 2390 2133 δῆμοςυ
2424 2062 2685 2114 ὲκὸοῶσιν
2711 2061 2838 2115 ὡδί⁸
2884 2063 2915 2114 6
2959 2061 3054 2132 μὲν
3109 2061 3270 2114 Δαυῖδ
3322 2063 3379 2114 ἐν
3432 2059 3759 2130 ιζ’ψαλμῷ’

2194 2156 2395 2208 Ἕθετο
2429 2155 2645 2219 σκότος
2670 2152 3025 2222 ἁποκρυφὴν
3045 2151 3248 2215 αὑτοῦ,
3283 2153 3380 2205 καὶ
3412 2154 3616 2214 κύκλῳ
3651 2155 3763 2206 αὐ-

2188 2245 2296 2302 τοῦ
2334 2243 2372 2309 ἡ
2410 2245 2610 2312 σκηνὴ
2644 2244 2860 2298 αὐτοῦ’
2899 2246 2931 2314 ή
2965 2244 3022 2296 δὲ
3050 2242 3162 2313 ᾠδὴ
3201 2242 3556 2314 ’Λμϐακούμ·
3599 2244 3766 2298 Ἐκά-

2189 2335 2392 2401 λυψεγ
2427 2333 2720 2401 οὐρανοὺς
2751 2334 2791 2400 ιι)
2821 2331 3000 2401 ἀρετὴ
3027 2332 3212 2386 αὐτοῦ
3235 2348 3252 2363 ο
3287 2334 3316 2385 6
3357 2332 3415 2385 δὲ
3445 2332 3724 2396 Mat-Baio;
3744 2353 3762 2365 -

2194 2423 2425 2488 Οὐδεὶς,
2461 2423 2646 2493 φησὶν,
2695 2423 2969 2492 γινώσκει
3019 2423 3128 2476 τὸν
3171 2422 3326 2488 Υιὸν,
3367 2426 3419 2477 ει
3449 2424 3536 2493 μὴ
3573 2427 3606 2478 ό
3643 2428 3764 2478 Πα-

2190 2515 2300 2583 τήρ
2323 2533 2338 2547 ο
2367 2515 2510 2569 οὐδὲ
2554 2514 2658 2568 τὸν
2693 2515 2917 2583 Πατέρα
2948 2531 3038 2580 τις
3062 2515 3460 2583 ἐπιγινώσκει,
3504 2518 3558 2570 sl
3592 2517 3682 2586 μὴ
3729 2519 3770 2570 ὁ

2200 2607 2350 2671 Υἱός.
2381 2605 2467 2658 Τὸ
2505 2593 2756 2676 μὲνγὰρ
2797 2605 2985 2675 τεχθὲν
3038 2606 3189 2676 παρὰ
3233 2606 3331 2676 τῆς
3361 2605 3589 2670 κτίσεως
3620 2606 3768 2663 κατὰ

2189 2697 2473 2752 κοινωνίαν
2500 2697 2660 2750 ἄλλου
2691 2696 2825 2766 πρὸς
2853 2696 2982 2750 ἄλλο
3025 2696 3366 2768 γεγέννηται,
3403 2699 3495 2751 καὶ
3525 2698 3584 2750 οὐ
3617 2714 3771 2770 cup-

2191 2789 2324 2859 φυὲς
2355 2787 2434 2859 τῷ
2459 2791 2777 2858 γεννήσαντι
2795 2804 2808 2816 ·
2835 2787 2954 2840 οὐδὲ
2985 2787 3188 2840 τέλειον
3218 2787 3379 2851 εὐθὺς
3415 2788 3506 2840 καὶ
3535 2788 3767 2852 ἀπαθῶς

2191 2880 2524 2952 ἐξελήλυθεν.
2569 2881 2691 2933 Ἐπὶ
2710 2879 2881 2948 δὲτῆς
2903 2878 3174 2949 Θεότητος,
3199 2879 3260 2932 τὸ
3288 2878 3544 2949 ἔμπαλιν.
3581 2878 3770 2932 Ἐπευ-

2190 2974 2255 3044 δὴ
2285 2973 2393 3044 γὰρ
2436 2975 2471 3044 ή
2508 2973 2682 3036 κτίσις
2717 2971 2957 3031 τοιῶσδε,
2999 2973 3029 3024 6
3072 2970 3448 3041 γενεσιουργὸς
3479 2971 3772 3034 ἐναντίως,

523 3058 723 3122 titudo,
760 3067 816 3112 et
848 3059 1026 3112 omnis
1079 3057 1384 3112 caelestium
1422 3060 1672 3112 ordinum
1720 3059 1945 3127 populus
1998 3074 2088 3113 ce-

2201 3064 2288 3117 καὶ
2323 3064 2420 3134 οὐχ
2461 3064 2660 3134 ὁμοίως
2689 3062 2798 3115 τῶν
2828 3061 2972 3114 ἰδίων
3004 3060 3342 3130 ποιημάτων,
3372 3059 3486 3113 ἀλλ’
3519 3059 3595 3123 ὡς
3622 3055 3770 3112 οῐδεν

525 3152 641 3214 dat,
673 3150 979 3204 exclamant
1006 3149 1387 3220 Scripturain
1427 3151 1566 3206 hunc
1612 3152 1824 3204 modum
1859 3167 1875 3204 :
1926 3152 2092 3206 David

524 3242 741 3310 quidem
786 3242 839 3296 in
891 3257 1003 3296 xm
1053 3244 1262 3310 psalmo
1291 3241 1520 3298 :.Posuit
1564 3242 1675 3312 (Ἠ)
1707 3242 1938 3295 tenebras
1969 3244 2093 3295 lati-

525 3334 704 3389 bulum
750 3351 928 3398 suum,
977 3337 1033 3388 in
1083 3336 1460 3406 circuitu-ejus
1515 3337 1906 3389 tabernaculum
1957 3336 2092 3403 ejus.

524 3425 809 3481 Canticum
861 3437 1036 3482 autem
1085 3428 1400 3482 Ambaeumi
1447 3443 1462 3480 :
1510 3426 1727 3495 Operuit
1779 3427 1890 3498 (72)
1943 3436 2095 3482 caelos

523 3519 690 3574 uirtus
717 3519 852 3588 ejus.
879 3519 1168 3574 Matthazus
1199 3535 1324 3574 vero
1351 3539 1365 3574 :
1409 3517 1574 3573 Nemo
1609 3519 1746 3590 (75),
1777 3520 1968 3588 inquit,
2003 3537 2097 3574 no-

523 3609 596 3664 uit
629 3607 850 3672 Filium,
877 3611 978 3663 nisi
1003 3609 1162 3664 Pater
1187 3623 1206 3661 :
1241 3624 1400 3674 neque
1430 3607 1643 3662 Patrem
1665 3610 1962 3684 quis.novit,
1989 3611 2095 3663 nisi

525 3697 726 3754 Filius.
774 3698 908 3753 Nam
949 3700 1094 3769 quod
1127 3716 1156 3752 a
1189 3710 1444 3754 creatura
1493 3701 1752 3770 gignitur,
1799 3717 1896 3770 per
1946 3717 2096 3756 c0tu-

526 3791 861 3854 munionem,
893 3805 988 3846 seu
1025 3791 1344 3846 relationem
1375 3793 1596 3849 alterius
1639 3796 1707 3848 ad
1747 3794 1976 3848 alterum
2005 3811 2096 3865 ge-

528 3889 770 3946 neratur,
799 3896 974 3950 neque
1002 3881 1242 3949 ejusdem
1279 3895 1483 3938 naturae
1511 3895 1591 3939 est
1629 3901 1751 3939 cum
1782 3897 2093 3954 generante,

527 3986 630 4026 nec
668 3971 964 4041 perfectum
998 3974 1184 4026 statim
1217 3984 1320 4040 est,
1351 3988 1448 4028 nec
1473 3977 1591 4028 sine
1622 3977 1872 4044 passione
1908 3993 2093 4046 proce-

527 4064 650 4118 dit:
689 4063 744 4116 in
783 4063 1068 4117 divinitate
1106 4077 1233 4118 vero
1263 4080 1350 4119 res
1389 4077 1574 4120 contra
1606 4081 1665 4121 se
1716 4067 1917 4122 habet:
1971 4084 2094 4122 nam

527 4165 650 4203 cum
677 4161 928 4205 creatura
964 4151 1045 4204 sic
1083 4162 1322 4222 generet,
1357 4155 1723 4221 generationis
1757 4169 1944 4212 auctor
1968 4172 2097 4212 cou-

526 4244 696 4300 trario
726 4245 886 4300 modo
919 4245 1114 4314 gignit,
1157 4261 1263 4301 non
1301 4261 1428 4300 vero
1477 4247 1728 4302 similiter
1768 4257 1826 4302 ut
1868 4253 2096 4319 propria:

599 4421 711 4492 (6'5)
746 4419 1036 4494 Fluxione.
1083 4421 1284 4487 Codex,
1339 4421 1622 4494 ἇρευστος·
1688 4433 1743 4480 et
1781 4425 1852 4479 ita
1904 4429 2096 4482 scribi-

2193 3156 2368 3210 ταῦτα
2411 3155 2543 3225 μόνη
2589 3157 2622 3224 ἡ
2678 3154 2922 3224 μακαρία
2961 3153 3148 3223 Τριάς.
3186 3151 3319 3205 Οὐδὲ
3351 3151 3460 3222 γὰρ
3483 3150 3770 3222 ἀκατάλη-

2195 3265 2344 3310 πτος,
2381 3249 2428 3300 εί
2463 3244 2905 3314 κατελαμϐάνετο
2928 3260 2944 3274 ·
2973 3242 3092 3298 οὐδὲ
3134 3243 3451 3312 μυστήριον,
3482 3242 3532 3292 εί
3573 3241 3772 3309 ὲγινώ-

2195 3355 2383 3392 σκετοο
2428 3336 2549 3389 οὐδὲ
2583 3335 2744 3393 θεῖον,
2799 3335 2849 3388 εί
2911 3336 3168 3405 ὲχωρεῖτο
3193 3348 3206 3362 ο
3259 3333 3379 3386 οὐδὲ
3435 3331 3771 3404 δημιουργὸς

2193 3430 2430 3494 πάντων,
2465 3429 2514 3480 εί
2545 3426 2652 3480 ἀπὸ
2673 3427 2862 3498 χρόνου
2887 3442 2903 3458 ο
2935 3424 3054 3478 οὐδὲ
3093 3423 3382 3487 ἀσύνθετος
3412 3424 3504 3476 καὶ
3527 3423 3769 3494 ἀμερὴς,

2193 3525 2242 3576 εί
2282 3523 2418 3594 πρὸς
2462 3521 2530 3574 τὰ
2573 3519 2820 3589 σώματα.
2854 3516 3118 3586 Καθάπερ
3151 3517 3259 3586 γὰρ
3306 3514 3593 3578 ἀκούοντες
3635 3515 3773 3586 περὶ

2191 3615 2285 3670 τοῦ
2319 3614 2560 3684 Πατρός·
2595 3612 2688 3684 [l0
2723 3611 2774 3682 ὁ]
2817 3609 2946 3664 Ἀπὸ
2978 3610 3084 3664 τοῦ
3111 3608 3324 3674 αἰῶνος
3367 3609 3464 3662 καὶ
3506 3608 3618 3674 ἕως
3653 3606 3774 3662 τοῦ

2193 3707 2406 3772 αἰῶνος
2437 3705 2518 3759 σὺ
2541 3705 2630 3758 εἷ’
2666 3705 2780 3766 καὶ,
2820 3704 2931 3768 ἕως
2962 3701 3079 3755 τῶν
3114 3701 3384 3770 νεφελῶν
3424 3701 3462 3768 ἡ
3513 3700 3772 3767 ἀλήθεια

2194 3797 2378 3853 αὐτοῦ
2399 3815 2412 3830 ·
2445 3796 2543 3865 οὐχ
2575 3796 2732 3866 ὄρους
2759 3791 3013 3862 τιθέαμεν
3039 3791 3205 3861 αὐτῷ,
3233 3790 3366 3844 ἀλλὰ
3397 3791 3457 3844 τὸ
3483 3792 3654 3844 ἀΐδιον
3679 3809 3778 3846 πι-

2198 3888 2460 3959 στεύομεν
2506 3887 2592 3949 (οὐ
2630 3884 2737 3955 γὰρ
2776 3882 2970 3953 ὁμήλιξ
3003 3881 3152 3952 αὑτῷ
3194 3883 3222 3934 ὁ
3259 3880 3465 3950 αίὼν)⁶
3503 3880 3774 3945 ὡσαύτως

2198 3981 2325 4050 περί
2365 3997 2423 4032 τε
2464 3977 2557 4030 τοῦ
2597 3976 2726 4028 Υἱοῦ
2771 3974 2977 4028 καὶτοῦ
3007 3973 3162 4042 ἁγίου
3194 3972 3509 4044 Πνεύματος
3550 3976 3778 4044 φρονεῖν

2195 4071 2479 4140 ὀφείλομεν
2498 4086 2512 4099 ⁸
2557 4069 2648 4122 ἐπὶ
2679 4067 2786 4137 γὰρ
2810 4067 2909 4136 τῆς
2938 4066 3154 4119 πάντων
3192 4065 3590 4136 ἐπικρατούσης
3639 4067 3778 4136 μιᾶς

2199 4162 2431 4230 φύσεως,
2471 4161 2550 4222 είς
2597 4160 2663 4229 ἣν
2703 4153 2862 4210 αὗται
2897 4157 2954 4208 αἱ
2988 4156 3243 4225 πάντιμοι
3296 4155 3641 4217 ὑποστάσεις.
3686 4155 3781 4208 Τὰ

2201 4254 2288 4304 ἴσα
2318 4248 2544 4320 μελῳδεῖ
2579 4247 2674 4300 καὶ
2709 4246 2838 4318 περὶ
2875 4244 2969 4299 τοῦ
3003 4244 3160 4298 Υίοῦ·
3196 4245 3280 4298 Σὺ
3303 4247 3336 4298 ό
3360 4243 3540 4311 αὐτὸς
3567 4239 3645 4309 ετ,
3669 4248 3779 4299 καὶ

2275 4428 2386 4500 (69)
2408 4425 2834 4500 Δτὶιεηενίιιὶοηιξηξ.
2856 4420 3138 4500 _lsa_._t._ttt,
3165 4420 3221 4487 8,
3255 4421 3344 4477 ubi
3373 4422 3647 4500 voculam,
3678 4425 3778 4500 se,

526 4501 618 4546 tur
657 4493 816 4545 etiam
860 4495 912 4546 in
955 4492 1182 4561 vulgatis
1227 4492 1434 4547 lexicis.
1473 4495 1542 4548 At
1582 4496 1828 4561 equidem
1855 4512 1957 4550 non
1999 4502 2102 4550 du-
2137 4498 2177 4553 D
2209 4492 2312 4554 non
2339 4497 2498 4552 habet
2519 4495 2706 4550 Graeca
2743 4492 2929 4548 editio.
2965 4493 3220 4560 Vulgatus
3255 4501 3437 4546 autem
3474 4492 3774 4550 aliterin-l

527 4562 641 4646 hito
673 4562 806 4630 quin
835 4578 901 4618 es
934 4563 1192 4616 similium
1227 4563 1472 4632 analogia
1504 4565 1851 4619 scribendum
1894 4567 1968 4621 sit
2003 4568 2104 4640 ἄρ-

563 4647 772 4695 ευστος.

528 4647 772 4701 ρευστος.

587 4704 712 4776 Δ64)
776 4699 1090 4776 Violatioue.
1138 4702 1224 4776 fNe
1278 4711 1429 4776 putet
1479 4703 1877 4776 quisGrama:
1912 4705 2106 4776 lingua:

527 4773 706 4827 minus
770 4776 975 4845 peritus
1003 4843 1013 4845 _
1039 4774 1332 4827 desiderari
1370 4773 1474 4828 hoc
1509 4776 1584 4845 (in
1618 4774 1734 4828 loco
1762 4773 2098 4845 conjunciio—

527 4858 652 4896 nem
711 4842 825 4907 καί,
879 4859 945 4898 ac
1003 4843 1282 4919 legendum
1317 4858 1458 4919 esse,
1497 4843 1797 4916 ἄρρευστος
1829 4842 1926 4899 καὶ
1954 4847 2098 4919 ἀπή-

530 4929 770 4982 μαντος·
820 4929 947 4966 nam
1026 4913 1400 4980 hujuscemodi
1474 4913 1734 4983 asyiiileta
1796 4933 1901 4970 non
1982 4913 2104 4973 raro

527 4993 824 5037 occurrunt
872 4994 926 5038 et
958 4985 1011 5038 in
1063 4983 1308 5054 Didymo,
1353 4994 1408 5036 et
1468 4985 1518 5038 in
1569 4985 1709 5048 aliis,
1747 4996 1804 5038 ut
1860 5002 1981 5040 cum
2029 4990 2105 5042 ait

532 5055 789 5125 ltidymtts
850 5071 959 5124 seg.
987 5053 1120 5125 A155
1152 5053 1204 5116 a,
1253 5054 1553 5125 ἀμήχανον,
1584 5055 1866 5117 ἀδύνατον,
1893 5068 1947 5109 et
1979 5059 2102 5111 Cle-

528 5123 1258 5198 tuenshAl‘exandrinuspag.
1295 5123 1420 5190 Εἰ,
1449 5125 1626 5194 λέγειν
1659 5145 1732 5188 τι,
1752 5129 2011 5198 πράττειν
2029 5146 2100 5181 τι.

601 5193 712 5265 (65)
741 5193 996 5248 Caelestis.
1021 5195 1077 5248 lu
1105 5195 1293 5252 Graeco
1340 5193 1624 5268 legendum
1655 5193 1912 5264 arbitror,
1940 5199 2035 5250 καὶ
2068 5202 2101 5270 ἡ

525 5263 640 5317 ἄνω
661 5265 931 5318 γέννησις.

565 5280 640 5316 νω
661 5280 931 5334 γεννησις.

601 5332 711 5406 (tiu)
744 5332 1080 5406 Discrepans.
1103 5332 1342 5390 Observa
1367 5336 1694 5406 peculiarem
1738 5352 1894 5392 usum
1921 5337 2096 5402 verbi,

526 5401 856 5468 ἑξαλλάττω.

603 5475 716 5545 (67)
786 5474 1098 5532 Virtutibus.
1140 5477 1216 5532 Ita
1250 5476 1410 5546 vulgo
1439 5477 1600 5530 .verti
1629 5477 1766 5532 solet
1795 5493 1919 5542 vox,
1944 5477 2102 5531 δυνά-

529 5558 675 5619 μεις,
711 5555 822 5599 tum
854 5549 1015 5619 etiam
1047 5564 1168 5602 cum
1201 5549 1419 5616 angelos
1445 5548 1709 5617 designat.
1739 5549 2101 5619 Hieronymus

525 5614 701 5686 Vertit
727 5631 890 5686 saepe,
925 5614 1280 5686 fortitudines.

601 5685 713 5756 (68)
756 5685 822 5739 Et
856 5685 1030 5758 homo.
1075 5689 1296 5743 Frustra
1331 5685 1433 5742 hoc
1463 5687 1518 5742 in
1549 5687 1778 5758 Vulgata
1813 5689 1913 5743 int.
1955 5703 2100 5757 quaa-

534 5755 727 5812 siveris
765 5759 900 5814 :sed
932 5756 1118 5814 Graeca
1151 5759 1317 5814 editio
1341 5759 1395 5813 id
1421 5760 1580 5814 habet
1628 5755 1830 5815 Jeretn.
1881 5755 2013 5824 mi,
2041 5760 2092 5814 9.

2213 4579 2550 4637 terpretatur.

2278 4630 2389 4710 (Ἷο)
2433 4633 2798 4710 _Generationis
2830 4632 3086 4710 _n_omine._
3115 4630 3212 4710 Ne
3248 4631 3398 4686 locus
3459 4630 3563 4710 iste
3605 4633 3781 4710 alicui

2205 4702 2408 4765 Cra-cae
2433 4707 2626 4767 lingua:
2651 4705 2767 4758 rudi
2793 4704 3038 4756 videatur
3074 4702 3332 4764 insulsus,
3359 4703 3512 4770 quasi
3534 4704 3776 4768 nullum,

2207 4780 2351 4849 quod
2382 4775 2691 4849 quidem‘ad
2729 4787 2838 4849 rem
2878 4772 3059 4849 faciat,
3087 4773 3487 4849 generationem
3515 4774 3678 4836 inter,
3706 4790 3782 4829 ac

2208 4842 2539 4902 nativitatem
2588 4844 2874 4898 discrimen
2912 4843 3001 4906 sit,
3045 4842 3319 4896 sciendum
3362 4852 3467 4905 est,
3493 4858 3629 4896 voce
3670 4860 3780 4908 ye—

2205 4921 2354 4981 νεάν,
2390 4931 2575 4984 quam,
2605 4913 3008 4984 generationem,
3037 4927 3156 4965 cum
3213 4911 3438 4984 Vulgato
3471 4913 3780 4980 interprete

2209 4982 2481 5052 transtuli,
2531 4982 2638 5039 non
2686 4991 2865 5052 actum
2909 4982 3108 5050 ipsum,
3147 4995 3254 5050 quo
3303 4983 3424 5050 quis
3451 4994 3783 5052 generatur,

2205 5071 2297 5113 aut
2325 5058 2586 5119 nascitur,
2621 5051 2884 5116 denOtari,
2923 5052 3015 5105 sed
3033 5067 3193 5120 genus
3221 5054 3423 5119 potius,
3447 5051 3782 5121 progeniem,

2203 5127 2522 5196 prosapiam.
2547 5123 2729 5196 Itaque
2757 5123 2979 5196 probea
3011 5138 3068 5196 se
3090 5123 3456 5196 invicent__tria
3491 5123 3786 5196 ιιαξεηγε-

2203 5189 2320 5259 νεὰ.
2332 5189 2582 5266 γέννησις
2597 5189 3444 5266 (εί-γένεσις,ἀίειιιιευθιιόο.ᾛᾴο
3455 5207 3600 5266 segtn
3612 5189 3704 5248 .85
3716 5213 3747 5266 a
3761 5234 3784 5248 .

2277 5207 2320 5259 ι.
2332 5207 2582 5266 γέννησις
2597 5207 2651 5248 et
2701 5207 2896 5252 ενεσις,
2915 5207 3074 5244 alsun
3093 5256 3096 5258 γ
3116 5207 3305 5245 uenoa.
3321 5207 3347 5244 ν
3362 5207 3444 5246 tae
3455 5207 3600 5262 segtn
3612 5207 3704 5248 ,δδ
3716 5213 3747 5246 a
3761 5234 3784 5248 .

2277 5268 2387 5338 (71)
2417 5265 2630 5338 Ροδιιιι.Δ
2650 5209 2804 5338 Jers.
2842 5261 2928 5325 15,
2957 5261 3044 5338 ubi
3069 5207 3256 5317 graeca
3275 5261 3438 5317 editio
3460 5263 3644 5329 habet,
3671 5264 3794 5317 κύ-

2203 5331 2336 5408 κλῴ,
2366 5331 2489 5408 (sine
2515 5333 2891 5408 conjunctione
2909 5331 3026 5408 καί.

2273 5400 2383 5480 (72)
2419 5400 2843 5480 Qperuit_.A_bac.
2861 5416 2958 5480 tu,
2980 5404 3035 5465 2,
3065 5403 3151 5457 ubi
3183 5402 3348 5480 editio
3373 5400 3794 5480 Complutensis

2201 5469 2383 5541 habet,
2446 5469 2808 5542 ἐπεκάλυψεν.
2861 5469 3118 5542 Vulgatus
3161 5474 3320 5542 paulo
3353 5472 3556 5526 aliter:
3604 5473 3794 5529 habet

2201 5551 2342 5601 enim
2368 5547 2558 5616 gloria,
2585 5562 2684 5615 pro
2707 5546 2890 5616 uirtus:

2271 5611 2386 5685 (75)
2413 5611 2603 5669 Nemo.
2615 5617 2844 5685 Capexu,
2867 5613 2958 5676 27,
2977 5613 3063 5666 ubi
3091 5612 3274 5685 (ἐι-ξιτεδ
3293 5611 3456 5666 editio
3473 5612 3803 5685 ,ποικιλοδ-

2201 5681 2308 5750 δεὶς
2335 5681 2705 5755 ἐπιγινώσκει.
2731 5684 2860 5738 Vide
2886 5686 3013 5736 Luc.
3035 5699 3089 5755 ξ,
3118 5683 3206 5744 22,
3238 5686 3323 5738 ubi
3351 5687 3568 5752 legitur,
3592 5681 3802 5750 οὺδσὶς

2202 5753 2476 5828 γινώσκει.
2509 5756 2636 5812 Vide
2651 5757 2809 5812 etiam
2841 5770 3006 5823 segni.
3034 5753 3096 5806 51
3130 5771 3181 5805 a.
