3970 6406
236 340 335 402 315

1364 333 1453 388 DE
1492 331 1863 389 TRlNlTATE
1898 333 2095 389 LIBER
2139 331 2416 390 PRIMUS.

3368 342 3472 399 3M

235 456 305 512 τὰ
323 453 425 520 ἔντη
451 465 570 507 σου
598 450 716 505 οὐκ
741 450 1157 519 ἐκλείψουσιν.
1192 447 1303 500 Καὶ
1335 449 1383 501 ει
1419 448 1494 519 μὴ
1528 450 1721 521 μικρὸν
1751 450 1812 501 τὸ

1923 449 2055 505 illius
2088 456 2350 504 creatura!
2401 447 2628 513 faciunt,
2680 449 2773 503 sed
2822 463 2887 504 eo
2940 451 3119 518 modo,
3172 468 3330 522 quem
3386 457 3474 512 illa

240 547 361 617 περὶ
383 543 476 597 τοῦ
505 543 725 613 Πατρὸς
754 541 1084 613 γεγράφθαι,
1117 541 1178 594 '0
1206 538 1494 608 ὑπάρχων
1536 541 1648 608 πρὸ
1688 540 1806 593 τῶν

239 639 475 698 αἰώνων,
502 634 563 687 οὐ
598 633 794 703 μικρὸν
823 633 945 685 οὐδὲ
973 632 1033 685 τὸ
1058 632 1186 703 περὶ
1207 630 1299 683 τοῦ
1329 630 1455 682 Υἱοῦ
1478 631 1641 685 αὐτοῦ
1675 648 1807 703 χρη-

241 724 532 797 σμῳδηθὲν,
556 725 642 776 ὃτι
678 722 1035 790 Προαιώνιος
1068 723 1239 788 Θεός·
1277 723 1436 793 δῆλον
1460 721 1527 789 δ’,
1560 721 1634 784 ὼς
1668 723 1806 773 άπε-
1858 760 1859 763 η

244 820 495 891 ρινόητος,
540 816 688 870 καθά
721 815 1060 887 δειχθήσεται
1098 817 1159 869 οὐ
1203 816 1383 886 πολλῷ
1424 816 1667 887 ὕστερον.
1699 817 1809 869 Καὶ

246 910 381 964 καθὰ
404 911 433 962 6
451 909 643 981 Πατὴρ
677 908 791 978 ἔχει
822 908 1135 972 ἀθανασίαν,
1172 908 1368 977 μᾶλλον
1394 908 1451 961 δὲ
1474 907 1634 971 αὐτὸς
1662 908 1808 959 ἐστιν

248 1005 281 1073 ἡ
311 1001 591 1056 ἀθανασία·
631 1000 806 1062 οὕτως
849 1003 876 1052 6
902 1001 1028 1063 Υἱός
1064 1001 1209 1053 ἐστιν
1241 1000 1352 1071 ζωὴ
1391 998 1626 1061 αἰώνιος,
1658 998 1804 1051 ἔστιν

250 1097 301 1149 δὲ
332 1096 392 1147 τὸ
418 1094 561 1147 αὐτὸ.
592 1093 704 1145 Kal
735 1091 924 1162 ὥσπερ
956 1092 984 1142 ὁ
1015 1090 1221 1161 Πατὴρ,
1254 1085 1346 1154 Εἷς
1374 1090 1526 1154 Θεὸς,
1560 1091 1770 1160 εἴρηται
1791 1104 1805 1120 ο

248 1188 379 1240 οὕτω
404 1186 433 1238 6
453 1185 579 1247 Υἱὸς
610 1183 871 1252 κέκληται
902 1183 1268 1251 Μονογενὴς,
1299 1181 1443 1246 Θεὸς
1473 1182 1683 1250 Λόγος,
1714 1181 1806 1234 καὶ

244 1275 337 1345 εἷς
361 1279 576 1345 Κύριος
609 1274 843 1343 Ἰησοῦς
868 1274 1136 1342 Χριστός.
1168 1274 1277 1326 Kal
1310 1272 1385 1335 ὡς
1428 1272 1676 1334 Ἰάκωϐος
1708 1289 1808 1325 πε-

244 1374 293 1444 ρὶ
320 1369 483 1423 αὐτοῦ
516 1368 749 1439 γράφει*
775 1363 880 1431 Εἷς
915 1366 1084 1419 ἐστιν
1119 1368 1151 1419 ὁ
1182 1365 1505 1434 νομοθέτης
1544 1364 1639 1418 καὶ
1687 1382 1809 1433 κρι-

242 1460 361 1528 τὴς,
389 1462 424 1513 ό
459 1460 644 1525 μόνος
671 1453 879 1516 σώζειν
912 1452 1243 1522 δυνάμενος
1262 1470 1277 1483 θ
1327 1452 1468 1505 οὕτω
1496 1452 1556 1504 τὸ
1588 1452 1809 1522 Πνεῦμα

240 1549 387 1619 παρὰ
430 1547 670 1611 Παύλου,
698 1545 1005 1617 Κορινθίοις
1048 1545 1143 1597 καὶ
1184 1543 1449 1611 Ἐφεσίοις
1480 1543 1805 1614 γράψαντος,

236 1640 495 1709 ὕμνηται,
530 1642 660 1701 Ἐν,
689 1638 783 1690 καὶ
808 1635 877 1688 τὸ
903 1634 1068 1697 αὐτὸ,
1097 1635 1188 1687 καὶ
1202 1635 1395 1703 μόνον
1414 1650 1430 1666 ο
1466 1634 1551 1686 ἵνα
1584 1634 1678 1686 καὶ
1708 1633 1808 1683 αὐ-

236 1730 312 1801 τῷ
351 1730 531 1801 τούτῳ
582 1729 658 1799 τῷ
690 1728 888 1781 ὡσανεὶ
916 1725 1153 1797 ἀριθμῷ,
1194 1726 1259 1777 ἶν’
1292 1722 1434 1777 οὕτω
1482 1723 1671 1792 λεχθῇ,
1706 1722 1810 1774 δεί-

1913 545 2177 595 duntaxat
2218 540 2495 610 cognitum
2534 540 2715 604 habet,
2764 556 2886 611 qua:
2938 543 3053 597 hazc
3104 546 3271 612 novit,
3320 548 3479 605 beata

1917 633 2202 689 Trinitas:
2245 649 2367 688 nam
2405 647 2581 703 neque
2632 632 3196 702 incomprehensibilis
3224 650 3386 703 esset,
3432 641 3479 697 si

1913 724 2483 795 comprehenderetur,
2526 738 2625 778 nee
2655 724 2968 793 mysterium
3000 724 3161 792 foret,
3202 728 3246 782 si
3279 744 3480 798 cogno-

1913 826 2175 883 sceretur,
2208 829 2308 870 nec
2337 815 2499 881 Deus,
2526 816 2573 871 si
2604 826 2911 884 caperetur,
2942 831 3043 872 nec
3070 823 3311 873 omnium
3342 836 3480 875 con-

1914 908 2075 972 ditor,
2105 890 2148 961 si
2185 915 2336 961 certo
2364 915 2606 975 tempore
2634 906 2899 962 exsistere
2937 910 3213 978 caepisset,
3257 927 3356 966 nec
3394 914 3478 966 in-

1913 1002 2269 1068 compositus,
2305 1008 2360 1054 et
2391 1000 2638 1068 partibus
2666 1014 2883 1066 carens,
2915 1001 2957 1054 si
3002 1016 3126 1055 cum
3164 1004 3482 1072 corporibus

1915 1094 2021 1163 27
2052 1092 2285 1147 conferri
2323 1102 2545 1161 posset:
2584 1084 3034 1160 quemadmodum
3073 1095 3216 1148 enim
3270 1110 3391 1149 cum
3429 1097 3481 1151 id

1915 1185 2190 1249 audimus,
2223 1184 2363 1250 quod
2395 1182 2461 1236 de
2491 1181 2651 1236 Patre
2689 1183 2886 1236 dicitur
2925 1201 2938 1237 :
2985 1183 3028 1236 Α
3057 1186 3249 1239 δινευίο
3290 1186 3400 1257 (74)
3433 1198 3479 1243 ει

1915 1291 2077 1345 usque
2106 1276 2163 1327 in
2189 1277 2437 1328 swculum
2462 1284 2515 1327 tu
2538 1290 2620 1339 es;
2640 1284 2721 1328 et:
2743 1273 2914 1341 Usque
2941 1276 3051 1347 (75)
3077 1279 3144 1330 ad
3168 1279 3325 1333 nubes
3348 1282 3480 1333 veri-

1914 1376 1994 1419 tas
2022 1365 2156 1434 ejus,
2187 1366 2322 1419 lines
2356 1366 2453 1435 ipsi
2490 1382 2594 1419 non
2628 1367 2875 1434 ponimus
2903 1367 3038 1437 (76),
3066 1370 3159 1423 sed
3187 1370 3302 1438 ejus
3323 1382 3483 1425 teter-

1919 1456 2141 1508 nitatem
2169 1456 2475 1521 credimus;
2528 1470 2625 1509 nec
2657 1457 2799 1509 enim
2841 1457 2937 1524 ipsi
2981 1472 3221 1513 coazvum
3256 1472 3337 1515 est
3376 1478 3481 1517 sae-

1916 1546 2091 1599 culum
2123 1564 2137 1600 :
2180 1548 2367 1601 eodem
2407 1547 2563 1601 modo
2590 1562 2709 1600 cum
2750 1547 2817 1601 de
2847 1547 3005 1616 Filio,
3042 1560 3149 1603 tum
3175 1551 3241 1605 de
3275 1551 3478 1622 Spiritu

1916 1645 2103 1690 sancto
2136 1637 2339 1690 sentire
2376 1636 2636 1691 debemus
2667 1654 2680 1690 :
2742 1653 2863 1691 nam
2909 1641 2960 1693 in
2996 1656 3100 1693 una
3144 1650 3332 1695 natura
3364 1658 3481 1697 om-

1916 1724 2062 1778 nium
2098 1724 2313 1778 domina
2346 1726 2610 1779 exsistunt
2657 1725 2765 1796 (77)
2802 1728 2883 1781 hae
2927 1742 3265 1798 summopere
3310 1732 3479 1787 hono-

239 1836 458 1873 κνυνται
492 1819 755 1889 φέρουσαι
800 1819 855 1869 αἱ
901 1816 1164 1886 μακάριαι
1206 1814 1529 1874 ὑποστάσεις
1569 1807 1726 1865 αὗται
1752 1810 1811 1863 τὸ

1923 1815 2093 1869 renda:
2123 1816 2463 1884 hypostases.
2500 1816 2706 1870 Similia
2751 1818 3057 1871 modulatur
3106 1820 3269 1874 David
3312 1823 3477 1876 etiam

239 1910 503 1974 ἐναδικὸν,
566 1912 682 1980 ἦτοι
741 1909 1042 1979 μοναδικὸν,
1092 1908 1189 1977 τῆς
1232 1905 1504 1976 πατρικῆς
1538 1904 1811 1973 θεότητος.

239 2005 348 2057 Kal
400 2005 451 2056 εί
491 2003 584 2055 ἐπὶ
607 2001 701 2054 τοῦ
735 2000 950 2072 Πατρὸς
976 1999 1173 2070 ἀληθὲς
1203 1997 1284 2061 τὸ,
1318 2001 1350 2050 ὁ
1389 1996 1532 2061 Θεὸς
1561 1994 1657 2049 καὶ
1695 1995 1812 2047 Κύ-

232 2111 383 2162 ριος,
404 2091 635 2162 ἀψευδὲς
668 2091 762 2143 καὶ
789 2091 881 2143 ἐπὶ
909 2090 1001 2142 τοῦ
1029 2088 1156 2142 Υἱοῦ
1186 2086 1350 2141 αὐτοῦ
1390 2085 1484 2140 καὶ
1520 2085 1613 2137 τοῦ
1642 2083 1812 2137 Πνεύ-

242 2199 431 2253 ματος.
470 2182 559 2244 Ὠς
588 2182 694 2252 γὰρ
724 2180 1144 2251 ἐπεμνήσθημεν
1178 2176 1469 2245 πολλαχοῦ,
1506 2175 1541 2245 ἦ
1569 2192 1628 2228 τε
1664 2175 1807 2246 Πρε-

242 2275 480 2343 σδυτέρα
507 2272 775 2343 Διαθήκη,
810 2270 908 2341 τὴν
940 2269 1208 2340 ἰσοτιμίαν
1258 2266 1538 2337 φυλάξασα
1576 2264 1818 2335 διελάλη-

242 2383 349 2420 σεν-
374 2362 567 2420 Εἷπεν
593 2369 626 2419 ό
658 2367 872 2433 Κύριος
892 2362 971 2428 τῷ
996 2364 1191 2431 Κυρίῳ
1206 2378 1325 2431 μου
1344 2377 1360 2393 ο
1388 2360 1501 2424 καὶ,
1536 2358 1817 2427 Ἕὸρεξεν

238 2460 453 2525 Κύριος
491 2457 652 2525 παρὰ
680 2459 901 2524 Κυρίου
922 2472 935 2485 ·
958 2455 1074 2519 καὶ,
1108 2455 1431 2520 Ἐποίησεν
1455 2456 1486 2506 ό
1517 2451 1661 2517 Θεὸς
1689 2452 1815 2505 κατ’

239 2550 443 2603 εἰκόνα
466 2548 618 2601 Θεοῦ
654 2547 763 2599 τὸν
790 2546 1128 2615 ἄνθρωπον·
1174 2544 1289 2607 καὶ,
1337 2544 1436 2609 Τίς
1472 2542 1551 2614 [ll
1587 2549 1641 2612 ιι]
1676 2540 1819 2605 Θεὸς

237 2641 426 2711 πάρεξ
456 2640 563 2694 τοῦ
593 2641 814 2707 Κυρίου
839 2656 857 2701 ;
890 2639 1004 2703 καὶ,
1051 2639 1146 2703 Τίς
1178 2636 1319 2702 Θεὸς
1345 2635 1514 2703 πλὴν
1539 2634 1644 2688 τοῦ
1672 2634 1817 2687 Θεοῦ

238 2734 405 2801 ἡμῶν
424 2752 444 2797 ;
478 2733 591 2785 Καὶ
638 2733 695 2784 ὲν
726 2734 791 2801 τῇ
822 2730 939 2802 Νέᾳ
969 2730 1024 2783 δὲ
1054 2729 1314 2800 Διαθήκῃ,
1361 2730 1391 2781 6
1433 2728 1531 2798 μὲν
1568 2728 1819 2797 Ἰωάννης

237 2828 337 2897 ἔφη
374 2826 521 2894 ἅπερ
560 2825 660 2894 ἤδη
691 2823 916 2893 ἐλέχθηο
940 2824 968 2873 ὁ
1008 2822 1063 2875 δὲ
1105 2825 1303 2891 Θωμᾶς
1324 2838 1337 2851 ·
1381 2822 1435 2873 Ὁ
1468 2820 1681 2887 Κύριός
1699 2836 1817 2888 μου

234 2920 329 2972 καί
383 2922 418 2971 ό
460 2918 607 2981 Θεός
637 2933 755 2984 μου
781 2932 793 2944 ”
825 2915 920 2967 καὶ
948 2915 975 2965 6
1010 2914 1220 2975 Παῦλος
1244 2931 1258 2944 ο
1306 2914 1368 2964 Ὀ
1395 2912 1463 2964 δὲ
1494 2913 1707 2979 Κύριος
1750 2911 1817 2963 τὸ

234 3009 477 3079 11νεῦμὰ
532 3010 734 3061 ἐστιν’
783 3003 855 3062 οὗ
894 3006 981 3063 δὲ,
1010 3006 1075 3059 τὸ
1126 3004 1367 3073 Πνεῦμα
1415 3005 1657 3071 Κυρίου,
1694 3002 1822 3056 ἐκεῖ

232 3102 573 3169 ἐλευθερία·
604 3099 697 3152 καὶ
724 3098 887 3151 πάλιν
911 3096 1160 3167 καθάπερ
1194 3094 1299 3149 ἀπὸ
1329 3095 1532 3166 Κυρίου
1567 3093 1818 3164 Πνεῦμα-

1915 1907 1981 1961 ι1ε
2000 1906 2135 1960 Filio
2162 1923 2176 1961 :
2208 1906 2285 1959 Tu
2320 1907 2455 1959 idem
2488 1907 2600 1976 (78)
2623 1908 2733 1975 ipse
2785 1924 2859 1973 es,
2887 1920 2935 1961 et
2966 1913 3089 1963 anni
3120 1912 3194 1963 tui
3222 1929 3321 1965 non
3345 1913 3477 1982 delt-

1914 1997 2068 2048 cient.
2102 1994 2253 2061 Quod
2281 1995 2326 2049 si
2376 2010 2623 2063 parvum,
2658 1997 2976 2066 minusque,
3019 2013 3179 2066 quam
3214 2012 3479 2070 oporteat,

1914 2088 2250 2155 exprimens,
2280 2102 2384 2141 non
2420 2098 2506 2141 est
2538 2089 2680 2157 quod
2730 2090 2795 2144 de
2837 2090 2999 2144 Patre
3054 2093 3310 2162 scriptum
3340 2093 3479 2150 iuit:

1918 2180 2020 2245 Qui
2044 2191 2117 2233 est
2147 2180 2257 2249 (79)
2288 2190 2407 2233 ante
2439 2180 2669 2248 swcula;
2700 2196 2767 2235 ne
2813 2197 3033 2250 parvum
3070 2185 3280 2253 quidem
3304 2195 3382 2239 est
3412 2186 3480 2239 ιι.

1920 2269 2007 2322 lnd
2043 2270 2186 2338 quod
2227 2273 2292 2323 de
2320 2270 2434 2339 ipso
2480 2270 2619 2324 Filio
2651 2272 2851 2325 editum
2890 2272 2993 2327 fuit
3039 2274 3343 2340 oraculum,
3374 2266 3482 2345 quo

1917 2361 1964 2415 is
1991 2361 2206 2427 dicitur,
2244 2360 2377 2415 Ante
2401 2362 2598 2415 swcuta
2639 2361 2751 2433 (80)
2789 2363 2950 2421 Deus.
2987 2364 3325 2420 Manifestum
3355 2380 3485 2422 vero

1919 2461 2024 2520 est,
2056 2466 2178 2506 cum
2223 2461 2401 2506 mente
2427 2454 2813 2520 comprehendi
2863 2471 2965 2508 non
3011 2470 3187 2524 posse,
3232 2467 3290 2509 ut
3320 2458 3485 2524 paulo

1920 2552 2035 2611 post
2065 2542 2397 2598 ostendetur.
2435 2543 2497 2596 Et
2531 2546 2978 2613 quemadmodum
3024 2547 3182 2601 Pater
3208 2549 3361 2601 habet
3390 2549 3487 2601 im-

1919 2636 2292 2688 mortalitatem
2326 2634 2455 2705 (81),
2493 2636 2574 2689 vel
2600 2636 2776 2704 petius
2813 2637 2925 2705 ipse
2947 2648 3033 2691 est
3062 2640 3483 2706 immortalitas;

1919 2729 1999 2782 sic
2032 2728 2200 2781 Filius
2225 2739 2309 2782 est
2335 2729 2436 2779 vita
2468 2737 2665 2780 azterna
2699 2728 2828 2797 (82).
2878 2728 3029 2794 Quod
3067 2745 3229 2783 unum
3261 2740 3316 2784 et
3344 2732 3482 2787 idem

1917 2829 2021 2872 est.
2056 2819 2120 2873 Et
2155 2819 2296 2873 sicut
2328 2818 2488 2873 Pater
2536 2821 2708 2873 dictus
2751 2830 2833 2872 est
2863 2837 2998 2873 unus
3036 2820 3175 2874 Deus
3212 2822 3353 2893 (85);
3405 2822 3483 2877 ita

1917 2910 2086 2964 Filius
2120 2921 2345 2965 vocatus
2387 2920 2471 2964 est
2513 2908 2823 2979 Unigenitus
2874 2910 3010 2964 Deus
3058 2911 3193 2983 (84),
3244 2911 3484 2982 Verbum,

1937 3011 1989 3055 et
2024 3017 2155 3055 unus
2197 3000 2451 3054 Dominus
2494 2999 2649 3054 Jesus
2680 3000 2916 3055 Christus
2957 3002 3090 3073 (85).
3145 3004 3207 3056 Et
3236 3004 3376 3058 sicut
3397 3003 3487 3057 Ja-

1919 3094 2083 3147 cobus
2148 3092 2213 3146 de
2260 3093 2347 3145 illo
2386 3093 2579 3147 scribit
2625 3110 2637 3146 :
2678 3091 2823 3146 Unus
2878 3105 2950 3146 est
3014 3093 3133 3164 (86)
3198 3094 3485 3163 legislator,

232 3213 353 3257 τος·
390 3193 507 3247 Καὶ
541 3190 662 3259 δῴη
689 3193 902 3259 Κύριος
945 3191 1140 3259 εὑρεῖν
1187 3192 1359 3257 ἕλεος
1404 3190 1563 3258 παρὰ
1597 3190 1815 3257 Κυρίου

1923 3197 1965 3238 ει
2006 3186 2193 3254 judex,
2234 3188 2322 3255 qui
2367 3187 2512 3240 solus
2560 3196 2726 3254 potest
2773 3188 3015 3251 salvare;
3077 3189 3155 3241 sic
3186 3188 3419 3256 Spiritus
3453 3204 3485 3243 a

234 3285 311 3350 τῷ
351 3285 754 3352 Ὀνησιφόρου
784 3285 947 3349 οἴκῳ.
1001 3284 1059 3335 '0
1086 3283 1142 3335 δὲ
1183 3282 1301 3335 Ἰώϐ
1327 3300 1341 3313 ⁸
1378 3283 1619 3351 Πνεῦμα
1652 3281 1813 3334 θεῖον

235 3376 299 3427 τὸ
355 3372 635 3439 ποιῆσαν
684 3388 798 3440 με·
842 3372 955 3433 καὶ,
1010 3370 1250 3439 Πνεῦμα
1298 3371 1457 3425 θεῖον
1506 3370 1572 3424 τὸ
1609 3370 1814 3437 περιόν

233 3484 329 3536 μοι
353 3466 424 3517 ἐν
444 3464 639 3533 ῥισίν.
671 3463 876 3515 Ταυτὸν
901 3461 955 3514 δέ
982 3464 1126 3516 ἐστιν
1152 3466 1217 3534 τῇ
1248 3464 1435 3535 Γραφῇ
1460 3462 1611 3527 λέξαι
1650 3463 1810 3526 θεῖον,

236 3560 270 3628 ἢ
298 3556 454 3620 Θεὸν,
481 3555 560 3617 ὡς
585 3553 945 3619 διδάσκουσιν,
970 3554 1177 3617 Παῦλος
1213 3556 1311 3625 μὲν
1357 3555 1644 3625 Ῥωμαίοις
1680 3555 1814 3625 γρά-

238 3667 353 3717 φων
376 3666 391 3679 ’
422 3648 502 3701 Ἦ
529 3663 593 3700 τε
615 3646 804 3711 ἀΐδιος
829 3646 1013 3699 αὐτοῦ
1053 3646 1305 3714 δύναμις
1340 3645 1436 3698 καὶ
1465 3645 1694 3711 θειότης
1712 3662 1723 3674 ·
1758 3645 1815 3698 αἱ

239 3740 295 3793 δὲ
335 3738 608 3808 Πράξειςο
644 3738 744 3790 οὐκ
768 3736 1051 3807 ὀφείλομεν
1076 3735 1315 3807 νομίζειν
1342 3737 1548 3806 χρυσῷ,
1579 3736 1613 3806 ἢ
1648 3735 1817 3806 ἀργύ-

246 3850 345 3903 ρῳ,
379 3832 415 3903 ἦ
448 3830 606 3900 λίθῳ,
644 3830 958 3900 χαράγματι
990 3828 1203 3899 τέχνης,
1249 3828 1282 3898 ἢ
1318 3827 1664 3898 ἐνθυμήσεως
1720 3827 1814 3879 άν-

247 3922 547 3995 θρωπίνης,
572 3919 635 3973 τὸ
661 3920 801 3973 θεῖον
824 3915 963 3973 εἶναι
985 3920 1167 3990 ὅμοιον
1186 3937 1198 3949 ’
1228 3920 1434 3988 Πέτρος
1457 3919 1512 3971 δὲ
1540 3919 1596 3970 ὲν
1618 3920 1683 3988 τῇ
1706 3918 1818 3971 δευ-

249 4018 377 4087 τέρᾳ
412 4012 707 4083 Ἐπιστολῇ
728 4028 742 4042 ·
774 4014 897 4066 Ἵνα
932 4012 1031 4065 διὰ
1077 4012 1302 4064 τούτων
1353 4010 1611 4079 γένησθε
1657 4011 1818 4075 θείας

252 4108 522 4161 κοινωνοὶ
569 4106 829 4176 φύσεως.
869 4105 978 4158 Καὶ
1008 4104 1066 4157 ὃν
1102 4104 1300 4175 τρόπον
1336 4106 1365 4156 6
1401 4103 1586 4174 Πατὴρ
1617 4102 1819 4155 ἀκατά-

252 4197 471 4269 ληπτος,
505 4196 652 4251 οὕτω
684 4196 779 4249 καὶ
812 4196 906 4249 τοῦ
931 4194 1167 4266 Χριστοῦ
1197 4198 1224 4248 6
1256 4193 1483 4257 πλοῦτος
1522 4193 1820 4264 ἀνεξιχνία-

322 4337 433 4409 (7i)
464 4338 507 4409 ᾼ
539 4336 757 4409 sarculo.
785 4335 927 4409 Psal.
961 4351 1177 4399 LXXXIX,
1210 4335 1432 4409 vers._2.

324 4402 436 4477 (75)
464 4408 664 4475 Usque.
703 4407 844 4460 Psal.
876 4421 1012 4477 ενιι,
1052 4422 1194 4477 vers.
1232 4406 1287 4467 4,
1323 4406 1410 4477 nhi
1438 4402 1625 4457 Graaca
1653 4403 1819 4457 editio

257 4475 349 4546 pro
380 4478 572 4542 αὑτοῦ,
616 4478 777 4531 habet
806 4476 919 4537 σοῦ,
957 4489 1015 4546 ιιι
1052 4475 1306 4546 Vulgatus
1329 4475 1613 4546 interpres.

1918 3278 2081 3333 Paulo
2112 3276 2429 3345 Corinthiis,
2454 3289 2505 3332 et
2531 3278 2774 3348 Ephesiis
2798 3280 3068 3333 scribente
3096 3279 3210 3349 (87)
3244 3281 3489 3336 laudatus

1917 3379 2001 3423 est
2055 3377 2306 3437 tanquam
2349 3385 2505 3433 unus,
2544 3379 2600 3423 et
2642 3371 2803 3433 idem,
2851 3380 2906 3424 et
2947 3370 3089 3423 solus
3122 3386 3141 3423 :
3174 3381 3233 3424 ut
3262 3372 3344 3425 vel
3388 3372 3491 3425 hoc

1920 3464 2036 3531 ipso
2079 3462 2234 3530 quasi
2282 3477 2527 3528 numero,
2562 3472 2619 3515 ut
2645 3462 2721 3516 sic
2756 3462 2965 3530 loquar,
2998 3465 3330 3527 ostendatur,
3360 3464 3489 3517 bea-

1921 3565 2003 3608 tas
2040 3554 2203 3608 hasce
2248 3554 2563 3624 hypostases
2611 3555 2662 3606 in
2710 3554 2938 3619 unitate,
2985 3564 3079 3608 aut
3116 3555 3492 3623 singularitate

1920 3656 2155 3716 paterna:
2185 3647 2400 3700 deitatis
2429 3648 2711 3700 exsistere.
2749 3646 2826 3701 Ac
2862 3647 2906 3699 si
2940 3646 3005 3700 de
3054 3646 3213 3700 Patre
3244 3662 3371 3701 vera
3408 3658 3492 3702 est

1922 3742 2033 3794 hmc
2063 3739 2280 3801 locutio,
2334 3738 2491 3801 Deus,
2526 3746 2574 3791 et
2606 3738 2899 3801 Dominus;
2931 3752 3054 3791 vera
3100 3746 3182 3793 est
3230 3740 3392 3792 etiam
3424 3738 3491 3793 de

1923 3832 2037 3899 ipso
2067 3829 2224 3894 Filio,
2261 3839 2316 3883 et
2353 3829 2418 3882 de
2449 3830 2676 3896 Spiritu.
2719 3828 2873 3893 Nam,
2912 3838 2970 3882 ut
3001 3834 3196 3898 saepius
3228 3829 3489 3895 diximus,

1923 3940 2043 3976 cum
2084 3920 2265 3981 Vetus.
2302 3931 2412 3975 tum
2446 3921 2650 3974 Novum
2684 3922 3089 3974 'l'eStamentnm
3112 3920 3301 3988 aaqnali
3329 3921 3494 3976 hasce

1925 4014 2245 4082 hypostases
2275 4012 2477 4064 honore
2519 4010 2704 4063 allicit.
2748 4010 2822 4062 Ac
2855 4007 3262 4078 Vetns‘quidem
3304 4008 3382 4064 sic
3413 4008 3494 4063 lo-

1924 4104 2102 4174 quitur
2131 4122 2143 4157 :
2182 4101 2321 4154 Dixit
2352 4101 2462 4171 (88)
2504 4100 2752 4153 Dominus
2781 4101 2891 4170 28
2944 4100 3168 4153 Domino
3210 4115 3355 4161 meo;
3389 4112 3443 4154 et
3472 4139 3491 4166 ,

1925 4193 2072 4249 I’luit
2096 4194 2349 4247 Dominus
2387 4210 2419 4246 a
2468 4191 2733 4257 Domino;
2781 4203 2855 4259 et,
2897 4189 3046 4244 Fecit
3082 4190 3221 4245 Deus
3257 4191 3325 4243 ad
3352 4192 3489 4245 ima-

1926 4349 2042 4403 cap.
2069 4350 2110 4400 1,
2138 4348 2278 4387 vers.
2334 4332 2420 4386 18.
2453 4331 2582 4385 Nam
2626 4332 2869 4400 quamvis
2902 4330 2972 4383 ἰὺὶ
3004 4345 3124 4403 cum
3157 4329 3338 4403 Graeca
3375 4330 3490 4403 edi-

1930 4400 2022 4468 tio,
2058 4414 2169 4457 tnnt
2222 4404 2445 4472 Vulgata
2500 4402 2779 4472 translatio
2812 4400 3198 4472 ntrne__lialieat
3230 4421 3240 4453 :
3288 4400 3343 4452 Ὀ
3382 4402 3495 4472 Μο-

1927 4475 2145 4544 νογενὴς
2166 4468 2387 4537 Υἱός,ιιι
2412 4483 2515 4535 est,
2550 4471 2861 4544 ynigenitus
2895 4468 3105 4544 Filius;
3131 4478 3311 4544 tamen
3344 4471 3491 4534 olim,

324 4549 431 4617 (76)
462 4539 741 4602 Periimus.
772 4540 1070 4600 Notandum
1086 4539 1320 4601 'onicum
1353 4539 1501 4609 illud,
1538 4543 1816 4613 τιθέαμεν,

1927 4539 2368 4617 ιιΙιὶιιιιέιιμοιιιη
2396 4558 2492 4617 pro
2540 4539 2736 4617 Filius,
2787 4540 3045 4617 legebant.
3079 4540 3497 4617 Deus._Conslat

258 4632 349 4684 pro
380 4618 493 4688 τίθε
502 4634 605 4688 μεν
633 4617 955 4688 adhibitum.

324 4687 435 4757 (77)
466 4682 766 4741 Exsistunt.
805 4684 909 4739 Pro
936 4689 1014 4751 είς
1042 4687 1131 4757 ἦν,
1158 4687 1260 4741 hoc
1275 4694 1381 4749 est,
1409 4686 1465 4737 in
1486 4699 1665 4754 quant,
1703 4682 1819 4752 lego

259 4759 412 4819 εἰσίν,
438 4758 492 4811 id
514 4768 601 4812 est
628 4765 773 4810 sunt.

328 4828 438 4899 (78)
468 4826 550 4881 Tu
588 4828 744 4880 idem.
778 4829 919 4883 Psal.
943 4843 1014 4891 ct,
1048 4843 1189 4881 vers.
1228 4825 1443 4899 2_8,nbi
1468 4824 1664 4899 legitur
1700 4840 1714 4875 :
1746 4824 1816 4899 σὺ

258 4898 313 4952 δὲ
337 4893 573 4963 suam,
616 4907 725 4950 etc.
766 4898 899 4952 Eum
930 4900 1102 4952 locum
1141 4899 1206 4952 de
1246 4895 1381 4950 Filio
1407 4895 1602 4963 accipit
1630 4893 1826 4947 Paulus

261 4984 468 5037 quoque
502 4969 662 5021 Hebr.
701 4984 738 5029 ι,
760 4969 844 5022 i2.

329 5038 440 5103 (79)
466 5037 570 5103 Qui
596 5047 695 5091 est.
737 5038 875 5093 Psal.
894 5053 999 5103 uv,
1038 5052 1177 5090 vers.
1206 5036 1296 5090 21.

330 5104 442 5178 (80)
479 5110 614 5162 Ante
642 5110 854 5163 sazcula.
889 5108 1245 5178 Respicitkut
1281 5122 1423 5171 reor,
1456 5104 1598 5178 Psal.
1630 5118 1823 5178 utaut,

266 5172 404 5234 vers.
424 5172 519 5240 13,
559 5179 649 5245 qui
676 5181 755 5232 sic
784 5194 842 5233 se
868 5172 1027 5231 habet
1061 5179 1114 5229 in
1141 5174 1322 5231 Grarca
1349 5176 1581 5227 editione
1607 5192 1622 5228 :
1679 5172 1826 5245 'oas

268 5246 391 5319 Θεὸς
424 5244 675 5319 βασιλεὺς
701 5249 856 5319 ἡμῶν
884 5247 992 5319 πρὸ
1015 5246 1226 5319 αἰῶνος,
1245 5246 1537 5315 εἰργάσατο
1556 5244 1827 5313 σωτηρίαν

267 5316 323 5368 ὲν
357 5316 501 5387 μέσῳ
526 5318 627 5388 τῆς
649 5316 773 5389 γῆς,
805 5321 855 5372 id
875 5316 976 5389 est,
1004 5317 1143 5370 Deus
1165 5326 1341 5369 autent
1373 5326 1544 5368 noster
1571 5326 1692 5389 ante
1730 5331 1829 5367 sa:-

274 5385 459 5457 ςιιιιπι,
498 5385 744 5457 operatus
774 5399 848 5442 est
880 5388 1096 5441 salutem
1142 5389 1195 5440 in
1226 5389 1394 5439 medio
1419 5396 1601 5457 terrai.
1655 5385 1825 5457 Quem

279 5454 642 5580 ﬂexanigfra,
677 5473 870 5528 nempe
906 5473 1073 5567 statim.
1105 5457 1172 5513 15
1227 5457 1277 5521 ι,
1306 5458 1372 5511 de
1418 5454 1553 5509 Filio
1584 5454 1829 5525 intelligit

376 5542 538 5595 ymns.
974 5558 983 5567 ~

352 5596 451 5665 (Si)
479 5598 954 5653 lmmortalitatem.
983 5596 1002 5651 l
1029 5597 1094 5651 ad
1118 5595 1258 5651 'litn.
1287 5612 1361 5659 vr,
1395 5595 1479 5648 16.

373 5665 453 5736 82)
485 5668 727 5723 rEtema.
765 5668 1027 5722 lJoannis
1053 5684 1171 5736 cap.
1207 5683 1257 5730 ν,
1290 5681 1430 5721 vers.
1456 5665 1546 5719 20.

375 5739 453 5801 85)
494 5738 639 5792 Unus
684 5740 843 5793 Deus.
869 5738 886 5791 l
918 5738 983 5791 ad
1012 5739 1137 5792 Cor.
1164 5752 1279 5801 vttt,
1304 5739 1355 5799 6,
1381 5746 1436 5789 et
1472 5736 1616 5790 alibi.

357 5742 434 5801 (85
494 5742 639 5792 Unus
684 5742 843 5793 Deus.
869 5742 886 5791 l
918 5742 983 5791 ad
1012 5742 1137 5792 Cor.
1164 5752 1279 5801 vttt,
1304 5742 1355 5799 6,
1381 5746 1436 5789 et
1472 5742 1616 5790 alibi.

357 5742 458 5880 (8i)
484 5807 794 5880 Unigeuitus
827 5809 987 5864 Deus.
1023 5808 1261 5880 Respicit
1300 5808 1570 5877 Evangelii
1609 5805 1830 5863 Joannis

1930 4608 2032 4667 Ιιοιξ
2075 4630 2141 4667 ex
2187 4612 2448 4666 Theodoti
2498 4612 2785 4677 excerptis,
2833 4626 2979 4660 nnm.
3014 4608 3067 4667 6.
3118 4609 3205 4660 uhi
3242 4608 3434 4677 legitur
3477 4626 3490 4661 :

1928 4685 2231 4753 Ἀντικρυςᾼ
2276 4681 2405 4734 Θεὸν
2462 4679 2848 4753 αρτὸνηδηλοῖ,
2881 4677 3070 4753 Agyieu
3207 4678 3495 4753 μονογενὴς

1924 4754 2075 4816 Θεὸς,
2120 4746 2147 4805 6
2204 4750 2277 4805 ὢν
2331 4754 2409 4814 εἰς
2463 4750 2552 4802 τὸν
2597 4746 2792 4801 κόλπον
2848 4746 2940 4799 τοῦ
2997 4746 3227 4818 Πατρὸς,
3288 4746 3491 4810 ἐκεῖνος

1926 4824 2244 4892 ἐξηγήσατο·
2282 4823 2331 4873 id
2362 4830 2463 4884 est,
2495 4821 2654 4892 !_)_eum
2689 4820 2837 4892 illum
2863 4834 2977 4892 esse
3022 4819 3221 4892 liquido
3270 4820 3493 4892 ostendit

1926 4886 2200 4960 (Ioannes)
2247 4892 2461 4944 dicens:
2499 4888 2801 4957 Unigenitus
2837 4886 3011 4960 Deus,
3064 4890 3151 4955 qui
3180 4901 3253 4940 est
3284 4889 3339 4940 in
3371 4891 3491 4960 sinu

1927 4957 2128 5027 Patris,
2158 4957 2262 5029 ipse
2290 4969 2577 5014 enarravit.
2604 4960 2740 5029 Quin
2775 4957 2935 5011 etiam
2960 4958 3179 5026 Syriaca
3216 4957 3496 5012 translatio

1928 5035 2110 5095 habet,
2136 5027 2294 5085 Deus.
2319 5032 2446 5084 Vide
2471 5045 2636 5097 segni.
2669 5027 2737 5081 62
2757 5045 2808 5079 a.

1997 5103 2106 5171 (85)
2133 5100 2290 5171 {esus
2313 5099 2569 5171 Christus.
2596 5099 2651 5151 in
2670 5097 2931 5171 primaad
2958 5097 3081 5171 Cor.
3115 5113 3232 5171 vttt,
3263 5097 3316 5151 6.

2000 5165 2108 5244 (86)
2148 5169 2292 5244 Unus
2322 5181 2417 5244 est.
2478 5165 2681 5223 .Iacob.’
2726 5168 2918 5244 “532,
2972 5165 3490 5244 uhi_Gra:ca_editio_

1927 5232 2268 5312 paulo'aliter
2287 5241 2475 5312 habet,
2507 5256 2693 5312 netnpe
2712 5256 2739 5312 Δί
2778 5232 3039 5312 Ιςῖςὲστιν
3066 5236 3444 5312 ῤ-νομοθέτης,
3471 5238 3501 5289 6

1926 5305 2219 5384 δυνάμενος
2240 5310 2410 5364 σῶσαι
2440 5310 2533 5384 κα).
2558 5309 2837 5384 ἀπολέσαι,
2869 5311 2917 5384 id
2937 5305 3222 5384 esuAUnus
3251 5305 3500 5384 estiegis:

1930 5374 2085 5447 lator",
2120 5386 2205 5452 qui
2239 5390 2403 5451 potest
2441 5381 2665 5452 sulpure,
2702 5392 2747 5431 et
2774 5374 3009 5452 perdere.
3055 5378 3160 5432 Sed
3202 5393 3359 5430 voces
3394 5374 3504 5430 ίκαὶ

1929 5448 2304 5525 κριτήςζᾲιεςὶι
2331 5452 2491 5525 etiarn
2529 5449 2783 5525 vulgatus
2814 5448 3103 5525 interpres.

2000 5515 2115 5597 (87')—
2142 5515 2425 5578 Scribente.
2458 5520 2475 5573 Ι
2524 5523 2589 5575 ad
2619 5515 2745 5575 Cur.
2776 5534 2874 5582 xu,
2902 5515 2970 5572 15
2998 5529 3052 5573 ει
3101 5516 3153 5571 4.
3198 5516 3264 5571 Ει
3300 5515 3479 5586 Ephes

1932 5613 1990 5659 tt,
2024 5594 2109 5647 l8.

2005 5666 2113 5734 (88)
2164 5663 2330 5715 Dixit.
2383 5660 2524 5715 Psal.
2568 5676 2694 5734 crx,
2727 5673 2868 5734 vers.
2909 5658 2959 5712 1.
3002 5658 3119 5734 Alia
3159 5668 3502 5734 quatuo_r_m-

1934 5728 2021 5812 ρκ’
2058 5728 2651 5812 pi'oxitnesequerttia"
2685 5731 2943 5812 invenies,
2982 5730 3222 5812 Ρξὶιιιυιιι
3282 5728 3494 5812 quitum:

1930 5786 2083 5863 Gen.r
2123 5786 2237 5870 ξιξ,
2283 5804 2375 5869 ει,
2412 5786 2498 5859 ubi
2536 5821 2550 5858 :
2608 5802 2717 5855 Kal
2753 5786 2954 5871 Κύριος
2979 5786 3315 5871 ἕϐρεξεν....ξ
3342 5786 3497 5861 παρὰ
