3970 6406
508 315 620 377 815

1745 317 1982 376 DIDYMI
2022 315 2490 373 ALEXANDRINI

3607 318 3702 378 M6

506 437 678 510 ginem
724 434 818 490 Dei
841 433 1136 502 hominem;
1184 445 1268 500 et,
1301 437 1432 504 Quis
1468 438 1606 493 Deus
1655 449 1842 509 printer
1887 436 2072 488 Domi-

2180 451 2318 497 στος,
2363 433 2502 488 κατὰ
2553 433 2644 487 τὸν
2694 431 2925 497 Παῦλον,
2964 432 3215 502 τυγχάνει
3255 432 3346 485 ὧν.
3384 432 3541 504 Φησὶν
3572 433 3702 505 γάρ’

509 545 631 582 num
649 530 674 584 ?
694 536 767 590 et,
791 527 919 593 Quis
946 527 1082 581 Deus
1126 538 1314 597 prteter
1345 530 1502 582 Deum
1527 538 1759 582 nostrum
1784 531 1808 584 .9
1834 529 1887 581 In
1921 527 2071 580 Novo

511 631 692 673 autem
723 619 1086 694 Testamento,
1112 619 1346 674 Joannes
1379 623 1594 690 quidem
1644 621 1779 674 dixit
1810 635 1929 687 qua:
1959 621 2068 686 jam

508 711 666 762 allata
735 720 859 764 sunt
922 711 1076 780 (89):
1135 713 1372 765 Thomas
1430 726 1598 765 vero:
1651 712 1908 764 Dominus
1959 709 2070 778 (90)

507 817 672 860 meus.
735 814 780 853 et
841 801 976 854 Deus
1031 819 1191 855 meus.
1248 802 1313 854 Et
1361 802 1558 856 Paulus
1603 823 1614 855 :
1670 801 1924 854 Dominus
1975 818 2074 854 au-

509 903 605 943 tem
641 892 752 959 (9|)
799 892 1026 959 Spiritus
1069 904 1181 957 est;
1223 893 1309 945 ubi
1343 904 1514 946 autem
1554 892 1784 961 Spiritus
1838 880 2068 955 Domini,

509 983 836 1034 ibilibertas.
868 982 932 1034 Et
969 997 1177 1047 rursus,
1220 982 1500 1034 Dominum
1545 995 1664 1034 esse
1706 980 1964 1050 Spiritum
1992 980 2071 1033 in-

508 1073 690 1126 dicans
721 1093 734 1127 :
775 1073 838 1125 Et
863 1076 946 1126 det
987 1074 1098 1141 (92)
1125 1072 1379 1126 Dominus
1410 1072 1639 1125 invenire
1663 1071 2072 1124 misericordiam

509 1177 540 1210 ιι
600 1161 820 1215 Domino
875 1162 1182 1230 Onesiphori
1223 1163 1422 1216 domui.
1468 1161 1564 1216 Job
1611 1176 1821 1216 autem;
1850 1158 2073 1230 Πνεῦμα

509 1249 650 1302 θεῖον
676 1294 688 1314 ,
723 1255 770 1306 id
802 1264 901 1319 est,
935 1252 1163 1322 Spiritus
1195 1254 1304 1323 (95)
1343 1253 1500 1316 Deus,
1541 1254 1629 1322 qui
1670 1253 1788 1320 fecit
1830 1268 1938 1313 me;
1977 1263 2071 1306 et:

509 1342 731 1413 Πνεῦμα
754 1345 913 1406 θεῖον,
939 1348 988 1398 id
1009 1357 1114 1410 est,
1141 1345 1367 1413 Spiritus
1397 1345 1556 1408 Deus,
1590 1345 1679 1412 qui
1700 1352 1928 1412 superest
1959 1342 2070 1410 (94)

508 1435 635 1485 mihi
663 1438 714 1488 in
745 1438 976 1491 naribus.
1020 1438 1162 1490 Idem
1202 1451 1330 1489 vero
1359 1447 1481 1490 sunt
1519 1437 1570 1489 in
1600 1435 1875 1506 Scriptura
1903 1435 2062 1493 θεῖον.

2191 526 2350 594 Ἐμοὶ
2376 523 2454 590 τῷ
2474 523 2903 594 ἐλαχιστοτέρῳ
2939 521 3179 577 πάντων
3200 521 3510 591 ἀνθρώπων
3547 522 3702 591 ἐδόθη

2177 619 2216 685 ἡ
2246 616 2414 685 χάρις
2441 614 2912 686 εὐαγγελίζὲσθαι
2952 615 3022 667 ἐν
3055 615 3179 680 τοῖς
3210 615 3443 668 ἔθνεσιν
3478 612 3576 666 τὸν
3613 615 3705 668 ἀν-

2176 706 2558 776 εξιχνίαστον
2583 705 2847 760 πλοῦτον
2875 706 2980 758 τοῦ
3003 705 3278 773 Χριστοῦ.
3321 703 3472 757 Ἀλλὰ
3501 704 3588 756 κα).
3620 704 3705 772 τῆς

2180 797 2562 868 μεγαλωσύνης
2593 796 2756 852 αὐτοῦ
2779 798 2879 850 οὐκ
2911 796 3058 849 ἐστιν
3087 795 3278 867 πέρας,
3303 793 3424 847 οὔτε
3453 793 3547 863 τῆς
3601 810 3709 848 συν-

2176 888 2348 952 έσεως
2373 889 2621 960 ἀριθμὸς,
2652 888 2792 943 κατὰ
2821 889 2913 942 τὸν
2967 887 3164 941 Δαυῖδ·
3202 886 3324 940 οὔτε
3368 885 3466 955 τῆς
3511 886 3708 955 εἰρήνης

2173 981 2338 1050 ὃριον,
2366 979 2508 1034 κατὰ
2543 969 2930 1034 ⁴Ησαῖαν.’Καὶ
2967 979 3038 1033 Τὸ
3065 978 3364 1047 ἄφθαρτον
3381 975 3446 1030 δέ
3465 991 3593 1039 σου,
3624 992 3712 1045 φη-

2176 1072 2278 1136 σὶν,
2305 1071 2540 1141 πνεῦμὰ
2571 1073 2740 1126 ἐστιν
2764 1073 2834 1126 ἐν
2855 1071 3042 1127 πᾶσιν
3061 1089 3073 1102 ’
3106 1071 3220 1136 καὶ,
3254 1068 3491 1137 Πνεῦμα
3515 1067 3711 1136 Κυρίου

2176 1160 2568 1229 πεπλήρωκεν
2593 1162 2708 1230 τὴν
2728 1162 3108 1232 οἰκουμένην.
3142 1161 3327 1223 Οὐδεὶς
3359 1159 3463 1229 γὰρ
3493 1158 3554 1212 ἂν
3589 1155 3714 1210 οὕτω

2177 1252 2447 1323 παχύνους
2473 1255 2568 1308 καὶ
2591 1254 2748 1325 νοθὴς
2773 1253 3042 1325 εὑρεθείη,
3060 1253 3206 1316 ὅστις
3225 1252 3299 1322 μὴ
3328 1253 3390 1304 ὲκ
3413 1249 3603 1303 τούτων
3618 1247 3713 1300 τῶν

2177 1343 2461 1398 ἀπλάστων
2493 1346 2584 1399 καὶ
2604 1345 2858 1418 καθαρῶν
2873 1344 3203 1416 μαρτυριῶν,
3235 1344 3295 1396 τὸ
3320 1341 3606 1413 ἀπέραντον
3632 1335 3714 1390 τοῦ

2175 1434 2507 1502 Μονογενοῦς
2557 1437 2651 1488 καὶ
2689 1435 2782 1488 τοῦ
2825 1435 3086 1503 παναγίου
3135 1434 3445 1504 Πνεύματος
3491 1427 3714 1494 συνείδοι,

508 1537 559 1577 et
589 1527 739 1590 Θεός,
777 1529 877 1582 Ιιοο
904 1541 1006 1592 est,
1041 1529 1317 1595 Divinitas,
1349 1541 1403 1584 et
1435 1529 1594 1592 Deus,
1625 1538 1684 1582 ut
1712 1529 1904 1582 docent
1928 1527 2121 1582 Paulus
2149 1529 2363 1595 quidem
2395 1527 2648 1580 Romanis
2693 1527 2972 1581 scribens:
3019 1525 3341 1594 Sempiterna
3386 1523 3495 1595 (95)
3535 1533 3718 1591 quoque

508 1617 620 1684 ejus
671 1622 852 1680 virtus,
882 1629 930 1672 et
964 1619 1193 1688 θειότης,
1245 1619 1296 1673 id
1336 1627 1438 1681 est,
1473 1618 1761 1682 Divinitas;
1794 1618 1925 1670 Acta
1958 1631 2120 1670 vero:
2151 1613 2272 1669 Non
2300 1617 2537 1670 debemus
2571 1617 2681 1687 (96)
2711 1618 2990 1680 testimare,
3039 1633 3194 1678 auro,
3239 1624 3332 1668 aut
3369 1625 3596 1684 argento,
3633 1620 3714 1664 aut

508 1710 696 1776 lapidi,
723 1711 1002 1777 sculptura:
1035 1714 1182 1774 artis,
1226 1721 1318 1764 aut
1361 1711 1690 1780 cogitationis
1729 1709 1970 1761 humana:
2002 1707 2061 1759 τὸ
2089 1707 2255 1772 θεῖον,
2287 1708 2336 1761 id
2367 1717 2469 1773 est,
2494 1707 2827 1761 Divinitatem
2878 1723 2987 1761 esse
3038 1708 3282 1771 similem;
3340 1708 3530 1759 Petrus
3559 1711 3716 1756 autem

511 1798 560 1848 in
596 1802 824 1852 secuuda
877 1801 1108 1868 Epistula
1143 1822 1154 1856 :
1209 1801 1276 1854 Ut
1304 1817 1396 1871 per
1445 1801 1553 1853 hinc
1593 1800 1702 1869 (97)
1733 1799 2024 1870 eﬁiciamini
2051 1799 2242 1852 divinae
2289 1811 2550 1852 consortes
2584 1811 2804 1852 naturaz.
2837 1797 2900 1852 Et
2924 1797 3373 1867 quemadmodum
3410 1795 3564 1849 Pater
3585 1806 3718 1846 com-

509 1893 764 1958 prehendi
798 1910 900 1946 non
937 1904 1128 1963 potest,
1166 1896 1236 1949 ita
1283 1895 1479 1950 Christi
1515 1895 1712 1948 divitia:
1755 1893 2063 1961 investigari
2102 1902 2402 1960 nequeunt,
2447 1902 2580 1948 teste
2614 1892 2796 1947 Paulo.
2828 1894 2916 1946 Ait
2944 1894 3086 1948 enim
3118 1909 3132 1947 :
3180 1891 3313 1946 Mihi
3356 1889 3465 1960 (98)
3510 1885 3719 1940 omnium

505 1983 772 2035 hominum
807 1985 1016 2036 minimo
1046 1987 1171 2038 data
1199 1998 1272 2038 est
1311 1986 1505 2054 gratia,
1531 2000 1583 2037 ut
1623 1985 2036 2052 euangelisarem
2085 1985 2140 2036 in
2183 1985 2419 2053 gentibus
2469 1985 2903 2055 ininvestigabiles
2965 1985 3171 2038 divitias
3228 1981 3441 2037 Christi.
3477 1980 3720 2032 Praeterea

505 2079 879 2146 magnitudinis
913 2079 1025 2148 (99)
1056 2080 1170 2148 ejus
1199 2096 1301 2134 non
1329 2091 1403 2134 est
1434 2081 1574 2147 ﬁnis.
1599 2093 1770 2147 neque
1795 2080 2153 2149 intelligentia:
2185 2081 2260 2149 (i)
2288 2096 2562 2143 numerus,
2588 2081 2740 2149 juxta
2775 2079 2964 2145 David,
3000 2094 3174 2148 neque
3197 2081 3340 2147 pacis
3367 2076 3603 2130 terminus
3633 2071 3720 2160 (Ξ),

505 2167 653 2235 juxta
686 2169 897 2224 Isaiam.
931 2171 1029 2223 Et:
1064 2170 1481 2236 lncorruptibilis
1506 2171 1582 2241 (5)
1608 2170 1719 2239 29
1751 2183 1937 2234 autem,
1971 2172 2162 2238 inquit,
2200 2171 2429 2238 Spiritus
2471 2180 2590 2222 tuus
2616 2179 2688 2224 est
2727 2171 2778 2223 in
2813 2170 3070 2225 omnibus.
3120 2170 3186 2224 Et
3213 2187 3226 2223 :
3250 2167 3476 2232 Spiritus
3519 2165 3589 2236 (b)
3630 2161 3724 2217 Do.

504 2263 635 2314 mini
680 2262 887 2329 replevit
917 2263 1089 2315 urbem
1123 2273 1400 2317 terrarum.
1437 2262 1606 2316 Nemo
1633 2263 1775 2315 enim
1818 2263 1951 2315 adeo
1991 2265 2235 2331 stupidus
2264 2261 2564 2316 invenietur
2589 2272 2746 2329 atque
2795 2261 2957 2316 hebes
3020 2260 3118 2327 (5),
3147 2269 3207 2314 ut
3243 2275 3274 2314 e
3320 2257 3544 2315 sinceris
3593 2256 3725 2310 hisce

505 2365 571 2405 ac
599 2353 845 2418 genuinis
871 2350 946 2420 (6)
983 2351 1301 2406 testimoniis
1329 2353 1750 2407 itnmensitatetn
1783 2349 2076 2420 Unigeniti,
2107 2363 2162 2406 et
2197 2351 2524 2406 sanctissimi
2564 2351 2796 2418 Spiritus
2844 2366 2949 2406 non
2995 2350 3234 2420 colligat.

577 2445 825 2517 Ejusdem
899 2461 1023 2500 vero
1087 2448 1335 2516 ponderis
1384 2459 1551 2509 sunt,
1613 2448 1903 2514 iisdemque
1971 2463 2063 2499 vo-

2230 2445 2315 2517 [H
2348 2444 2402 2518 b]
2421 2445 2528 2499 Καὶ
2551 2445 2866 2516 ἰσόσταθμα,
2900 2445 2995 2498 καὶ
3015 2444 3354 2515 ὁμοιόλεκτα,
3375 2442 3445 2497 τὰ
3477 2441 3598 2513 περὶ
3626 2441 3723 2511 ἀμ·

509 2539 662 2592 cibus
701 2553 980 2608 expressa,
1024 2555 1140 2607 qua:
1181 2540 1247 2592 de
1276 2551 1500 2602 utraque
1537 2541 1807 2610 hypostasi
1843 2543 1907 2593 al)
1933 2539 2074 2607 Apo-

505 2631 646 2686 8tolo
715 2631 914 2699 scripta
978 2643 1135 2693 sunt;
1211 2632 1461 2684 nimirum
1517 2648 1637 2684 cum
1689 2649 1784 2693 ea,
1843 2649 1960 2701 qua:
2009 2633 2076 2686 de

507 2725 667 2777 Patre
729 2725 1010 2777 dicuntur:
1045 2725 1148 2788 Qui
1203 2735 1274 2776 est
1311 2725 1388 2794 (7)
1453 2741 1605 2792 super
1643 2741 1837 2786 omnes,
1892 2733 1940 2777 et
1987 2741 2076 2792 per

511 2815 708 2877 omnia,
764 2823 811 2866 et
872 2815 927 2866 in
968 2815 1204 2868 omnibus
1265 2813 1551 2876 Deus;et:
1582 2813 1720 2868 Deus
1754 2813 1850 2884 (8),
1881 2826 1926 2867 et
1967 2814 2077 2868 Pa-

512 2914 591 2956 ter
616 2901 831 2956 Domini
871 2904 1032 2956 nostri
1070 2903 1197 2956 Jesu
1223 2901 1421 2956 Christi
1454 2905 1613 2962 novit.
1643 2904 1731 2972 qui
1759 2914 1830 2956 est
1870 2903 2078 2955 benedi-

511 3003 627 3046 ctus
657 2995 711 3046 in
739 2994 956 3056 swcula,
997 2994 1133 3063 quod
1161 3010 1263 3047 non
1299 2994 1539 3050 mentior.
1594 2993 1727 3046 Tum
1775 3009 1835 3048 ea
1863 3008 1980 3062 qua:
2011 2995 2077 3048 de

509 3085 648 3140 Filio
671 3085 872 3153 scripta
921 3096 1047 3137 sunt
1076 3081 1373 3137 Romanis:
1414 3083 1518 3148 Qui
1549 3093 1624 3138 est
1653 3084 1728 3154 (9)
1770 3100 1923 3150 super
1961 3099 2076 3135 om-

510 3175 600 3227 nia
662 3173 796 3228 Deus
848 3173 1147 3227 benedictus
1200 3175 1252 3226 in
1294 3174 1510 3229 secula.
1569 3181 1752 3228 Arnen.
1814 3173 2073 3228 Praeterea

511 3267 676 3319 etiam
714 3265 887 3318 illud:
941 3264 1222 3318 Plenitudo
1275 3264 1388 3336 (10)
1452 3265 1587 3333 ejus,
1647 3267 1736 3335 qui
1791 3266 1969 3318 omnia
2020 3265 2077 3318 in

512 3357 750 3410 omnibus
791 3355 1130 3420 adimpletur.
1169 3354 1380 3408 Similia
1431 3355 1613 3408 itidem
1661 3365 1789 3409 sum
1831 3354 2073 3419 oracula,

511 3461 632 3516 qua:
660 3448 726 3501 de
761 3447 930 3501 tribus
957 3446 1107 3501 hisce
1137 3446 1378 3515 personis
1411 3445 1618 3516 prolata
1667 3445 1926 3513 fuerunt;
1972 3449 2056 3500 ni-

511 3581 736 3654 Κυρίου.
791 3579 1030 3637 Alterum
1056 3581 1214 3654 iGen.
1257 3581 1412 3654 1,27.
1448 3579 1686 3654 Tertium
1734 3591 1788 3636 et
1826 3590 2073 3654 quartum

510 3649 644 3723 psa'l.
682 3669 817 3723 xyu,
861 3667 1005 3705 vers.
1055 3653 1142 3723 34.
1169 3653 1226 3704 In
1270 3652 1336 3706 iis
1365 3667 1524 3721 porro
1549 3649 1820 3706 Geneseos
1845 3649 2070 3723 iverhis.

515 3723 656 3776 Pluit
694 3722 948 3775 Dominus
979 3740 1011 3774 α
1056 3722 1297 3786 Domino,
1340 3723 1616 3776 distinctas
1650 3723 1820 3776 Patris
1857 3737 1919 3776 ac
1955 3722 2072 3776 Filii

511 3803 932 3863 personasante
961 3793 1237 3863 Didynium
1266 3804 1593 3863 agnoverant
1621 3794 1847 3847 Irenaeus
1869 3793 1958 3845 ιιι».
1995 3809 2071 3857 ιιι,

514 3859 628 3929 ἱ-εψ.
660 3862 712 3921 6,
756 3859 1113 3914 'l‘i-rtullianns
1138 3861 1227 3914 lib.
1260 3859 1440 3914 contra
1486 3859 1746 3914 l’ruxeant
1777 3879 1893 3930 cap.
1927 3863 1992 3916 13
2018 3875 2071 3916 et

515 3934 605 3992 16,
647 3931 892 3984 Justinus
946 3933 996 3984 in
1056 3930 1278 3999 Diulogo
1342 3947 1455 3983 cum
1526 3929 2078 4000 Tryphone,ra|iique

551 4003 878 4082 ostmodum_.
912 4000 1006 4082 liis
1058 4001 1330 4082 adluerere
1385 4003 1581 4082 debent
1631 4003 1876 4082 catholici
1925 4006 2078 4056 theo-

517 4071 642 4140 logi,
683 4087 790 4125 non
841 4071 1060 4132 Judmis,
1116 4071 1205 4138 qni
1271 4071 1398 4124 illud
1437 4078 1559 4130 mm
1595 4081 1746 4130 nun.
1789 4071 1842 4126 id
1893 4083 1996 4136 est,
2043 4090 2076 4125 a

517 4143 761 4205 Domino,
813 4141 974 4194 veluti
1021 4155 1311 4209 pronomen
1345 4140 1560 4203 habent,
1599 4141 1750 4209 quasi
1805 4141 1997 4206 valeat,
2049 4159 2080 4194 a

514 4213 808 4336 aemetipso,
875 4226 938 4264 ac
967 4209 1223 4279 majorem
1254 4210 1514 4264 duntaxat
1550 4209 1655 4263 vim
1705 4213 1943 4266 sermoni
1978 4212 2073 4266 ad-

555 4291 629 4334 at.

587 4349 698 4417 (89)
733 4349 909 4419 Allata
933 4358 1072 4419 sunt.
1100 4348 1156 4402 ln
1181 4349 1280 4403 hoc
1302 4349 1495 4418 capite,
1518 4364 1689 4419 segm.
1717 4350 1749 4405 6
1782 4368 1834 4404 a.

588 4420 701 4486 (90)
729 4418 1003 4472 Dominus.
1033 4417 1186 4472 Joau.
1226 4435 1315 4481 xx,
1344 4417 1432 4474 ‘28.

589 4423 680 4486 (90
729 4423 1003 4472 Dominus.
1033 4423 1186 4472 Joau.
1226 4435 1315 4481 xx,
1344 4423 1432 4474 28.

589 4423 701 4559 (91)
735 4489 980 4559 Dominus
1016 4501 1207 4542 autem.
1240 4489 1278 4540 ll
1316 4490 1381 4541 ad
1409 4488 1532 4543 Cor.
1572 4503 1653 4553 ιιι,
1684 4489 1773 4559 17,
1810 4489 1897 4543 ubi
1929 4488 2082 4559 Vulg.

519 4559 784 4626 interpres
807 4575 922 4627 pro,
951 4558 1177 4626 Spiritus
1218 4559 1448 4622 Domini,
1481 4559 1661 4621 habet,
1701 4558 1924 4624 Spiritus
1968 4558 2082 4612 Dei.

517 4627 654 4683 Vide
675 4643 845 4696 segni.
887 4628 952 4680 74
988 4631 1035 4679 b.
1090 4629 1260 4681 Etiam
1303 4630 1355 4681 in
1388 4627 1522 4683 libro
1554 4628 1628 4681 De
1663 4627 1862 4696 Spiritu
1898 4643 2077 4683 sancto

521 4697 773 4770 num.54
804 4699 882 4770 (ad
932 4697 1126 4770 Filium
1181 4699 1352 4770 locum
1410 4699 1548 4770 hunc
1585 4699 1759 4770 (refert
1795 4700 2070 4770 Didymus,

515 4781 637 4838 gim
670 4767 896 4838 inquit:
940 4785 959 4817 ι
993 4766 1126 4821 Nam
1161 4780 1214 4821 et
1257 4767 1412 4822 Pater
1456 4767 1688 4838 Spiritus
1731 4766 1990 4824 dicitur...
2027 4770 2089 4823 Et

516 4837 685 4893 Filius
729 4837 960 4904 Spiritus
996 4854 1008 4889 :
1036 4837 1308 4899 Dominus,
1335 4837 1522 4905 inquit,
1553 4837 1777 4905 Spiritus
1801 4849 1896 4892 est.
1922 4856 1940 4889 ›

589 4905 700 4979 (92)
730 4905 794 4959 Et
824 4909 928 4961 det.
971 4906 1102 4962 Vide
1129 4909 1172 4960 ll
1197 4911 1271 4980 ad
1297 4907 1434 4961 Tim.
1467 4924 1504 4974 ι,
1540 4908 1601 4960 l6
1629 4920 1681 4962 et
1715 4910 1801 4964 18.
1832 4909 2088 4980 Didymus

517 4977 662 5049 enim
695 4991 908 5031 sensum
947 4979 1136 5049 potius
1161 4977 1415 5049 allegatis,
1442 4993 1602 5046 quam
1634 4980 1816 5047 verba,
1861 4977 2088 5035 ex'duo-

517 5049 618 5103 bus
654 5048 782 5100 locis
822 5063 984 5100 unum
1009 5046 1222 5102 conﬁat.

2179 2543 2298 2608 φοίν
2328 2539 2435 2591 τῶν
2466 2538 2813 2592 ὑποστάσεων
2832 2537 3108 2608 γραφέντα
3131 2535 3283 2608 παρὰ
3314 2534 3407 2588 τοῦ
3425 2532 3722 2587 Ἀποστόλου

2173 2631 2336 2701 φημὶ,
2366 2631 2435 2683 τά
2467 2647 2526 2682 τε
2556 2630 2682 2700 περὶ
2716 2628 2809 2681 τοῦ
2857 2629 3069 2700 Πατρὸς
3109 2627 3494 2696 διαλεγόμενα·
3545 2625 3602 2677 '0
3641 2620 3726 2675 ἐπὶ

2174 2721 2433 2786 πάντων,
2456 2720 2554 2773 καὶ
2577 2719 2674 2773 διὰ
2693 2718 2950 2782 πάντων,
2975 2718 3071 2772 καὶ
3103 2718 3172 2771 ἐν
3200 2715 3391 2773 πᾶσιν
3421 2717 3586 2780 Θεός·
3623 2713 3724 2775 καὶ,

2185 2815 2238 2866 '0
2255 2814 2398 2880 Θεὸς
2414 2814 2510 2867 καὶ
2528 2813 2728 2882 Πατὴρ
2743 2812 2850 2868 τοῦ
2869 2813 3088 2881 Κυρίου
3106 2810 3274 2880 ἡμῶν
3288 2809 3482 2879 Ἰησοῦ
3492 2804 3725 2876 Χριστοῦ

2174 2904 2354 2969 οἶδεν,
2376 2909 2408 2960 ό
2425 2905 2508 2960 ὢν
2531 2906 2854 2977 εὐλογητὸς
2876 2908 2962 2971 εὶς
2983 2905 3125 2970 τοὺς
3145 2903 3387 2970 αἰῶνας,
3406 2903 3491 2956 ὅτι
3513 2902 3580 2955 οὐ
3599 2898 3729 2968 ψεύ-

2173 2998 2346 3067 δομαι
2365 3014 2379 3029 σ
2412 2999 2482 3051 τά
2512 3016 2570 3051 τε
2598 2999 2726 3069 περὶ
2751 2996 2844 3050 τοῦ
2875 2997 3004 3049 Υἱοῦ
3036 2995 3331 3066 ,Ῥωμαίοις
3359 2994 3644 3067 γραφέντα·
3683 2989 3727 3041 '0

2172 3087 2257 3142 ὢν
2283 3089 2380 3143 ἐπὶ
2401 3089 2640 3142 πάντων
2672 3089 2815 3154 Θεὸς
2846 3088 3175 3156 εὐλογητὸς
3196 3089 3283 3152 εις
3327 3086 3468 3152 τοὺς
3508 3081 3724 3146 αἰῶνας.

2187 3180 2391 3250 Ἀμήνο
2414 3181 2548 3252 πρὸς
2567 3181 2740 3253 τούτῳ
2760 3181 2874 3244 καὶ,
2915 3181 2985 3235 Τὸ
3025 3180 3316 3248 πλήρωμα
3346 3179 3448 3233 τοῦ
3470 3177 3537 3231 τὰ
3555 3175 3730 3229 πάντα

2175 3274 2243 3325 ἐν
2274 3271 2456 3326 πᾶσιν
2489 3273 2934 3342 πληρουμένου.
2980 3271 3101 3324 Ἔτι
3139 3271 3300 3341 ὃμοια
3325 3271 3394 3324 τὰ
3427 3267 3728 3341 χρησθέντα,

2175 3364 2300 3434 περὶ
2324 3363 2421 3434 μὲν
2453 3362 2544 3416 τοῦ
2576 3363 2787 3433 Πατρός
2809 3378 2822 3393 ·
2857 3362 2992 3415 Ἵνα
3023 3356 3063 3432 ᾖ
3087 3364 3120 3415 ό
3155 3361 3299 3427 Θεὸς
3331 3361 3403 3414 τὰ
3451 3359 3639 3413 πάντα
3669 3355 3732 3408 ἐν

2175 3451 2381 3508 πᾶσινο
2417 3453 2544 3524 περ).
2563 3453 2619 3506 δὲ
2639 3451 2732 3505 τοῦ
2764 3451 2891 3505 Υἱοϋ
2919 3450 3103 3504 αὐτοῦ’
3138 3453 3332 3506 Ὅπου
3360 3454 3471 3506 οὐκ
3499 3450 3587 3504 ἔνι
3608 3449 3731 3501 Ἕλ-

2246 3585 2358 3650 (98)
2389 3584 2540 3640 Mihi.
2569 3585 2764 3652 Ephes.
2788 3601 2866 3646 ιιι,
2886 3583 2940 3646 8,
2978 3583 3063 3636 uhi
3091 3581 3272 3637 Grmca
3304 3583 3469 3636 editio
3498 3596 3590 3647 pro
3638 3583 3720 3630 ἁν-

2177 3655 2430 3726 θρώπων,
2470 3656 2520 3708 id
2550 3665 2644 3727 _est
2676 3655 2962 3714 hominum,
3009 3653 3184 3727 habet
3249 3653 3444 3727 ἁγέυζεθ,
3498 3655 3592 3727 hoc
3636 3659 3727 3727 est,

2177 3722 2494 3779 sanctorum.
2549 3725 2613 3777 Et
2662 3727 2951 3794 deinceps:
3009 3723 3072 3774 Ἣ
3123 3722 3282 3793 χάρις
3333 3722 3499 3794 αὕτη,
3555 3722 3733 3780 ἐντοῖς

2103 3803 2144 3861 C
2175 3793 2380 3847 ἔθνεσιν
2397 3793 2865 3862 εὐαγγελίσασθαι.

2250 3864 2381 3937 (99)-
2395 3861 2960 3937 MagnitudinisLPsal.
2992 3876 3174 3926 csuv,
3202 3862 3434 3937 vers.u5.

2249 3931 2748 4003 (l)’lntelligentia:.
2783 3931 2920 3984 Psal.
2948 3947 3144 4003 citur,
3167 3946 3308 3986 vers.
3338 3931 3397 3985 5.

2249 3999 2325 4075 (Ξ)
2360 3999 2657 4075 Terminus.
2713 4005 2815 4056 lsa.
2847 4017 2920 4068 ιι,
2958 4002 3010 4065 7,
3062 4001 3151 4056 ubi
3212 4017 3308 4070 pro
3350 4003 3522 4073 ὅριον,
3561 3999 3732 4055 Gram:

2179 4073 2344 4130 editio
2375 4076 2534 4128 habet
2554 4073 2726 4136 τέλος.

2253 4144 2335 4214 (5),
2365 4142 2817 4214 Incorruptibilis.
2849 4140 2977 4214 sap.
3006 4156 3112 4214 sit.
3142 4139 3192 4204 Ι,
3222 4140 3310 4214 ubi
3370 4139 3623 4214 Vulgatus
3649 4137 3736 4191 ali-

2181 4209 2283 4267 ter.
2310 4209 2493 4268 Graeca
2531 4214 2694 4282 editio
2729 4232 2740 4266 :
2773 4212 2833 4263 τὸ
2855 4211 2962 4282 γὰρ
2997 4210 3266 4282 ἄφθαρτόν
3295 4227 3414 4273 σου,
3449 4209 3563 4282 etc.
3589 4209 3736 4262 Eusec

2186 4287 2304 4337 hius
2334 4285 2424 4335 lib.
2471 4299 2518 4336 ιν
2560 4281 2700 4337 Hist.
2727 4282 2852 4337 eccl.
2895 4296 3017 4348 cap.
3044 4282 3109 4333 15
3142 4281 3477 4335 Clementem
3507 4281 3740 4348 Alexan-

2182 4354 2394 4407 drinum
2417 4352 2685 4421 suggillat,
2705 4347 2980 4420 propterea
3001 4353 3140 4418 quod
3169 4356 3216 4403 in
3252 4350 3576 4403 Stromatum
3599 4347 3737 4401 libris

2186 4426 2350 4476 utitur
2377 4423 2683 4476 testimoniis
2713 4421 3125 4491 Scriptumrum,
3150 4421 3335 4490 quibus
3356 4439 3388 4474 α
3417 4423 3591 4491 multis
3621 4433 3736 4491 con-

2185 4494 2373 4544 tradici
2420 4493 2549 4546 solet
2597 4507 2616 4545 :
2653 4486 2899 4545 nimirum
2941 4486 3245 4556 Sapientiae,
3292 4506 3411 4558 qua:
3453 4486 3738 4544 Salomonis

2186 4563 2474 4625 dicitur,...
2537 4572 2584 4616 et
2646 4562 2924 4625 Barnabw,
2971 4575 3018 4612 et
3047 4559 3344 4613 Clementis.
3387 4563 3456 4614 At
3502 4560 3741 4624 Didymus

2187 4641 2371 4686 noster
2392 4632 2591 4685 nullum
2620 4648 2686 4685 ex
2715 4631 3029 4701 apocryphis
3066 4629 3216 4683 libris
3245 4648 3270 4680 a
3293 4629 3581 4701 (Clemente
3619 4637 3744 4701 crta-

2189 4702 2257 4755 tis
2294 4701 2489 4770 allegat
2527 4702 2578 4753 in
2610 4703 2709 4755 hoc
2748 4694 2931 4768 opere,
2956 4711 3151 4770 praeter
3184 4700 3398 4753 tertium
3429 4699 3628 4770 Esdrze.
3663 4694 3742 4747 Li-

2188 4771 2342 4841 brum
2377 4766 2506 4825 v'ero
2534 4766 2845 4841 Sapientia},
2865 4771 2940 4841 de
2956 4766 3118 4841 cujus
3149 4771 3484 4841 auctoritate
3507 4766 3742 4841 dubitare

2183 4839 2292 4908 jam
2326 4841 2474 4895 nefas
2502 4839 2832 4908 est,’sa2pius
2861 4840 2968 4905 hic,
2992 4849 3046 4894 et
3080 4840 3132 4893 in
3165 4841 3300 4894 libro
3334 4839 3409 4894 De
3448 4839 3591 4908 Spir.
3622 4851 3740 4890 stm-

2187 4920 2292 4972 cto,
2325 4926 2470 4966 num.
2504 4909 2593 4976 26,
2631 4910 2840 4978 allegat.
3650 4944 3652 4946 τ

2258 4981 2334 5050 (ι)
2366 4981 2611 5050 διήγημα.
2646 4981 2773 5048 Sap.
2810 4996 2848 5043 ι,
2881 4980 2934 5034 7.

2258 5051 2338 5121 (5)
2375 5049 2559 5121 Hebes.
2591 5049 2714 5121 Pro,
2746 5050 2926 5121 νοθής,
2955 5050 3091 5120 lego,
3132 5049 3328 5121 νωθής.

587 5114 1101 5202 (95)Spiriltts:10b
1150 5133 1342 5180 χχχιιι,
1389 5118 1441 5172 4.
1483 5116 1807 5202 Vertissem,
1853 5118 2075 5202 Spiritui

2366 5119 2636 5202 Genuinis.
2668 5112 2934 5202 KaOap'a;
2958 5112 3298 5191 μᾶρτυρίας,
3327 5132 3422 5202 seu
3451 5133 3584 5187 pura
3614 5112 3745 5202 testi.-2

523 5187 749 5258 dioinus.
785 5188 879 5240 sed
919 5189 1002 5258 ob,
1027 5203 1088 5241 ea
1124 5202 1244 5257 quae
1270 5199 1587 5258 sequuntur,
1617 5201 1835 5244 coactus
1858 5187 1932 5245 fni
1963 5207 2084 5245 ver-

519 5265 631 5310 tere
669 5272 682 5307 :
711 5257 944 5319 Spiritus
977 5257 1136 5311 Deus.

598 5326 707 5396 (94)
746 5325 1042 5400 Spiritus...
1075 5328 1162 5400 qui
1180 5339 1428 5396 superest.
1465 5327 1564 5384 Job
1601 5344 1767 5400 xsvu,
1792 5331 1845 5391 3,
1872 5329 1956 5384 ubi
1987 5346 2086 5400 pro

519 5410 610 5466 qui
631 5407 884 5463 superest,
924 5397 1319 5466 Complutensis
1350 5399 1600 5455 editionis
1635 5398 1825 5455 Latina
1857 5397 2087 5456 trauSlav

516 5465 596 5524 tio
629 5466 808 5531 habet,
837 5465 1308 5522 circumeicsistens.

595 5535 706 5607 (95)
739 5534 1082 5607 δεῃιρὲιενηα.
1114 5537 1265 5590 Rom.
1305 5554 1342 5605 1,
1370 5538 1458 5593 20.

597 5601 1154 5678 (96)71\‘6n:debemus.
1190 5601 1465 5670 Achivo.
1489 5609 1579 5676 29,
1611 5613 1699 5667 ubi
1745 5613 1930 5670 Graeca
1973 5613 2091 5667 edi-

522 5676 615 5754 tio
636 5677 792 5754 habet
819 5694 840 5754 _:
871 5676 1354 5754 Kuiﬁviiupijoaw;
1395 5680 1704 5754 ἀνθρώπου,
1736 5686 1784 5740 id
1813 5695 1960 5739 estet
2007 5700 2095 5737 eo-

525 5745 790 5820 gitationjs
810 5747 1058 5820 hominis.

599 5816 711 5889 (97)
737 5812 804 5871 Ut
832 5833 922 5888 per
946 5817 1075 5874 hwc.
1107 5817 1147 5874 ll
1182 5817 1326 5874 Petr.
1370 5837 1408 5886 ι,
1445 5823 1496 5877 4.

2189 5181 2388 5256 monia,
2427 5193 2610 5244 eodem
2641 5205 2796 5243 sensu
2832 5181 2984 5254 dicit",
3038 5181 3153 5258 'quo'
3198 5181 3498 5258 argentum,
3529 5181 3746 5258 exempli

2190 5253 2522 5331 causapnon
2551 5259 2925 5331 adulteratam,
2979 5253 3173 5331 dicitur
3203 5253 3461 5331 ἀρ’γύριον
3485 5253 3744 5331 -καθαρόγη

2264 5317 2476 5401 (πρωί
2529 5343 2622 5384 est.
2677 5330 2870 5398 Ephes.
2907 5317 2976 5394 iv,
3001 5330 3053 5394 6,
3112 5333 3200 5386 ubi
3223 5317 3405 5385 Gisia
3431 5329 3596 5385 editio
3634 5317 3749 5384 ἱεῖς

2193 5401 2322 5463 Θεὸς
2445 5403 2473 5452 ὁ
2501 5401 2591 5453 ἐπὶ
2613 5401 2845 5465 πάντων,
2876 5417 2929 5453 κ.
2961 5418 3009 5452 τ.
3035 5401 3081 5453 λ.

2265 5473 2342 5541 (8)
2376 5470 2536 5529 Deus.
2572 5472 2610 5524 ll
2635 5476 2699 5524 ad
2725 5471 2848 5524 Cor.
2882 5487 2956 5534 χι,
2985 5471 3072 5525 51.

2269 5543 2343 5610 (9)
2378 5542 2478 5606 Qui
2514 5554 2607 5595 est.
2639 5543 2792 5595 Rom.
2825 5557 2897 5604 Ix,
2935 5541 2986 5594 5.

2267 5607 2376 5682 (10)
2416 5610 2710 5685 Plenitudo.
2753 5611 2949 5685 ljlphes.
2977 5627 3013 5676 ι,
3038 5609 3128 5674 25,
3157 5609 3246 5685 ubi
3278 5607 3548 5685 _Vulgatus
3582 5607 3753 5685 inter—

2195 5681 2320 5754 pres
2356 5685 2539 5745 vertit,
2582 5682 2900 5754 iadimplelttr
2922 5697 2947 5754 7:
2976 5691 3039 5754 at
3061 5681 3189 5736 verti
3221 5681 3381 5754 etiam
3434 5687 3627 5754 potest,
3659 5681 3754 5727 im-

2193 5749 2292 5820 plet
2344 5769 2360 5805 :
2408 5757 2544 5820 quod
2572 5753 2797 5809 fortasse
2838 5751 3044 5821 Didymi
3092 5751 3415 5807 sententiain
3450 5749 3638 5804 melius
3670 5757 3752 5799 re-

2196 5826 2376 5880 terret.
