3970 6406
510 294 616 352 323

1757 282 1990 344 DIDYMI
2028 281 2496 340 ALEXANDRINI

3645 280 3751 336 32-h

505 407 736 469 mathem
773 405 958 476 Sipha.
1008 403 1206 460 Verum
1235 401 1366 459 nihil
1403 416 1688 458 commune
1724 403 1886 458 habet
1925 401 2074 469 illud,

2192 401 2272 454 τοῦ
2305 402 2516 471 ῥέοντος
2560 397 2771 470 χρόνου,
2801 397 2892 452 τοῦ
2941 398 3036 452 καὶ
3083 396 3509 469 περατουμένου,
3531 396 3755 466 λέγεται

509 503 577 560 In
601 501 858 572 principio
889 501 1028 568 fecit,
1061 515 1179 552 cum
1210 498 1320 562 illo,
1358 496 1422 550 In
1451 497 1702 565 principio
1740 507 1873 558 erat,
1905 510 2078 564 neque

508 605 758 654 creatura
813 592 919 663 33
971 607 1092 645 rum
1143 589 1418 645 Creatore.
1459 588 1592 642 Nam
1648 603 1772 651 vox,
1820 587 1969 650 Erat,
2013 587 2080 640 de

513 697 762 742 creatura
811 685 1010 738 dicitur
1059 683 1360 745 duntaxat,
1413 688 1466 733 et
1511 679 1768 741 creditur,
1813 687 2080 746 quatenus

511 778 785 849 signiﬁcat
816 786 1024 842 tctnpus
1053 772 1244 834 ﬂuens,
1270 773 1411 840 quod
1448 780 1530 825 est
1550 771 1709 825 etiam
1733 769 2021 822 limitatum
2061 786 2074 822 ε

511 872 708 929 etenim
735 879 986 922 creatura
1014 877 1147 930 erat,
1177 875 1460 933 postquam
1486 863 1622 917 facta
1647 861 1747 916 fuit
1771 876 1834 916 ex
1869 861 2034 914 nihilo
2063 877 2078 917 :

511 981 633 1021 nam
683 964 832 1032 prius
878 962 1014 1014 dixit
1047 959 1250 1024 Moses,
1282 958 1448 1012 Deum
1499 957 1641 1010 illam
1691 955 1918 1023 fecisse;
1968 965 2079 1008 tum

510 1056 792 1125 subiunxit
834 1067 1044 1114 vocem,
1087 1050 1243 1114 Erat;
1291 1064 1357 1103 ne
1403 1064 1498 1117 per
1523 1063 1582 1102 se
1626 1048 1894 1102 exsistens
1928 1062 2082 1100 crea-

511 1157 631 1202 tura
665 1154 961 1215 putaretur.
998 1143 1063 1194 At
1087 1155 1216 1194 vero
1244 1141 1297 1195 iu
1321 1141 1426 1194 Deo
1454 1140 1629 1195 Verbo
1651 1139 1998 1210 singularem,
2028 1148 2084 1192 et

510 1236 873 1292 omnimodam
905 1233 1170 1302 significat
1210 1232 1346 1285 initii
1392 1233 1709 1285 carentiam.
1754 1230 1845 1284 Ait
1883 1231 2026 1284 enim
2064 1248 2078 1284 :

511 1330 576 1388 1η
612 1331 867 1397 principio
892 1339 1018 1381 erat.
1049 1328 1110 1380 Et
1143 1344 1155 1378 :
1197 1325 1333 1377 Deus
1366 1335 1501 1378 erat.
1527 1324 1763 1394 llludque
1795 1340 1809 1377 :
1841 1322 1908 1376 In
1937 1323 2077 1390 prin-

511 1423 647 1486 cipio
678 1432 811 1482 erat,
862 1419 1188 1472 creationem
1225 1431 1291 1470 ex
1338 1431 1441 1468 non
1469 1415 1873 1475 exsisteutibus,
1917 1413 1966 1467 id
2002 1423 2084 1468 est

518 1528 583 1566 ex
620 1511 810 1574 nihilo,
837 1510 1097 1578 excludit.
1117 1509 1268 1575 Quod
1303 1523 1430 1563 vero
1455 1509 1622 1564 Filius
1652 1511 1720 1563 sit
1741 1519 1865 1564 ante
1887 1511 2083 1566 stecula

512 1605 800 1664 exsistens,
838 1613 890 1655 et
933 1602 1106 1654 factor
1146 1601 1486 1665 saeculorum,
1511 1602 1588 1654 sic
1623 1611 1892 1655 testantur
1931 1602 2082 1656 Scri-

516 1707 705 1764 pturte.
744 1693 942 1747 Paulus
994 1693 1232 1747 llebrazis
1275 1693 1489 1761 quidem
1521 1693 1764 1747 scribens
1795 1710 1809 1745 :
1835 1691 2082 1758 Multifa-

513 1785 645 1840 riam
677 1785 816 1854 ('55),
847 1783 1125 1853 multisque
1155 1784 1320 1835 modis
1351 1782 1473 1836 olim
1501 1783 1643 1849 Deus
1679 1783 1891 1852 loquens
1921 1785 2086 1852 patri-

513 1876 608 1928 bus
648 1875 700 1928 in
729 1874 1012 1941 prophetis,
1060 1874 1337 1926 novissime
1378 1873 1558 1926 diebus
1615 1873 1731 1927 istis
1771 1873 1973 1927 locutus
2012 1884 2084 1928 est

513 1967 660 2019 nobis
698 1965 752 2017 in
795 1962 958 2027 Filio,
1004 1979 1155 2032 quem
1204 1964 1470 2016 constituit
1519 1963 1780 2017 hwredem
1814 1965 2085 2017 universo-

512 2073 650 2120 rum,
684 2074 772 2126 per
799 2073 950 2125 quem
982 2057 1100 2124 [ecit
1129 2065 1176 2110 et
1207 2055 1544 2126 swculaJpse
1583 2072 1708 2125 ergo
1737 2071 1943 2121 eorum,
1967 2073 2087 2126 qua:

519 2163 612 2200 sua
646 2148 814 2216 ipsius
844 2157 994 2210 sunt,
1023 2147 1199 2202 haeres
1225 2157 1324 2210 est,
1360 2157 1470 2202 tum
1497 2158 1552 2200 ut
1582 2147 1790 2201 illorum
1811 2147 2083 2214 Conditor,

517 2247 628 2292 tum
661 2247 717 2291 ut
746 2253 905 2292 verus
940 2237 1130 2294 Filius.
1169 2239 1351 2294 Haeres
1399 2247 1577 2294 autem
1621 2239 1945 2294 constitutus
1982 2250 2084 2307 est,

516 2340 786 2398 quatenus
818 2331 1151 2386 incarnatus.
1180 2331 1478 2386 Corinthiis
1501 2345 1628 2385 vero
1653 2330 1897 2385 scribens
1929 2332 2005 2384 ait
2032 2332 2084 2386 itt

515 2421 688 2489 prima
720 2421 956 2489 Epistola
991 2441 1004 2476 :
1047 2421 1475 2477 Fundamentum
1510 2422 1621 2493 (36)
1651 2423 1788 2475 enim
1820 2438 1968 2476 nemo
1995 2437 2088 2491 po-

517 2519 612 2563 test
645 2526 856 2579 ponere,
881 2522 1069 2576 praeter
1094 2513 1146 2566 id
1163 2513 1302 2582 quod
1323 2513 1550 2580 positum
1570 2522 1642 2566 est
1665 2512 1802 2579 quod
1833 2525 1905 2565 est
1940 2510 2087 2566 Chri-

515 2610 629 2655 stus
672 2600 849 2657 Jesus.
888 2602 999 2658 lloc
1043 2613 1145 2670 est,
1194 2603 1514 2673 principium
1558 2602 1677 2656 Filii
1723 2603 1945 2673 intelligi
1982 2620 2084 2657 non

516 2703 736 2764 potest:
780 2694 832 2748 in
859 2695 976 2765 ipso
1003 2696 1168 2762 enim,
1209 2706 1261 2750 et
1287 2711 1380 2764 per
1414 2695 1585 2764 ipsum
1633 2704 1712 2750 est
1739 2710 1898 2749 omne
1938 2696 2088 2764 prin-

519 2785 714 2854 cipium
741 2784 875 2856 (57).
910 2787 1073 2841 David
1089 2787 1252 2840 etiam
1279 2787 1329 2840 in
1364 2802 1533 2840 Lsxm
1569 2786 1850 2855 psalmode
1867 2785 2089 2842 Aiterno

519 2875 760 2946 psallens
777 2877 852 2930 ait
879 2877 988 2948 (38)
1017 2896 1032 2935 :
1065 2877 1204 2932 Deus
1227 2887 1401 2930 autem
1428 2893 1519 2930 rex
1544 2886 1716 2928 noster
1745 2887 1867 2929 ante
1890 2877 2089 2931 strcula

518 2977 764 3034 aperatus
793 2977 866 3021 est
891 2967 1114 3022 salutem
1141 2970 1193 3021 in
1220 2968 1388 3022 medio
1411 2977 1583 3021 terrw.
1615 2966 1929 3035 Golgotbam
1963 2983 2089 3023 vero

521 3057 768 3128 intelligit
799 3081 809 3115 :
843 3059 1018 3115 locum
1048 3063 1100 3113 in
1138 3061 1254 3128 ipso
1286 3061 1460 3114 medio
1487 3059 1597 3130 (39)
1623 3061 1806 3126 situm,
1838 3076 1900 3115 ac
1928 3061 2086 3115 veluti

519 3159 765 3206 centrum
802 3160 981 3216 terrae,
1026 3150 1173 3205 illum
1214 3165 1414 3205 vocans
1457 3150 1569 3221 (40)
1605 3169 1618 3205 ;
1671 3149 1724 3204 In
1758 3165 1867 3204 ouo
1905 3151 2086 3206 divina

592 3323 1122 3393 (55))ι1υ1ιὶῖανὶαηπ.
1174 3325 1333 3380 Hebr.
1382 3341 1439 3390 t,
1473 3324 1525 3387 l,
1579 3325 1634 3378 2.
1684 3323 1871 3379 Graeca
1929 3327 2094 3380 editio

520 3408 637 3463 pro,
664 3395 749 3444 ἐπ’
767 3393 1031 3464 ἐσχάτου,
1071 3395 1250 3461 habet,
1278 3395 1364 3448 ἐπ’
1390 3394 1655 3464 ἐσχάτων.

599 3465 708 3531 (36)
757 3462 1208 3520 Fundamentum.
1259 3467 1279 3518 ι
1326 3467 1390 3517 ad
1436 3462 1564 3518 Cor.
1617 3479 1709 3528 ιιι,
1764 3465 1842 3518 ll.
1908 3464 2094 3520 Grazca

521 3535 687 3650 ett'istio
737 3535 927 3600 addit,
976 3534 1156 3600 ἄλλον,
1233 3546 1284 3590 et
1351 3535 1632 3590 articulum
1692 3536 1892 3589 nomini
1955 3537 2094 3607 Χρι-

522 3620 665 3650 στηε-

522 3620 666 3665 στος.

591 3673 704 3744 (57)
751 3671 1106 3743 Principium.
1162 3674 1295 3728 Vide
1340 3673 1543 3730 Coloss.
1583 3689 1622 3736 t,
1667 3673 1756 3739 16,
1795 3676 1857 3728 l7
1903 3685 1956 3730 et
2006 3677 2092 3732 18.

594 3743 705 3811 (38)
757 3744 912 3797 Deus.
961 3745 1103 3798 Psal.
1163 3761 1370 3809 usui,
1430 3761 1570 3799 vers.
1626 3745 1716 3807 15.
1771 3745 1859 3798 ubi
1908 3745 2096 3801 Graeca

524 3813 691 3887 editio
742 3815 900 3867 habet
955 3832 1058 3887 nou
1112 3815 1473 3886 προαιώνιος,
1540 3817 1633 3869 sed
1696 3816 1803 3887 πρὸ
1875 3816 2090 3880 αἰῶνος.

524 3883 716 3959 Utrum
767 3896 940 3959 tamen
981 3883 1236 3959 Didymus
1271 3902 1476 3959 vocem,
1514 3883 1872 3959 ιζιροαιώνιος.Δ
1909 3901 2096 3959 revera

526 3954 829 4010 uiolauerit.
868 3972 932 4006 an
965 3954 1092 4006 Veto
1131 3956 1386 4009 librarius
1407 3971 1472 4009 ex
1507 3954 1714 4010 duabus
1747 3956 2091 4022 dictionibus,

524 4023 633 4091 πρὸ
681 4024 896 4086 αἰῶνος.
960 4040 1120 4078 unam
1178 4026 1408 4089 cuderit,
1460 4027 1610 4078 valde
1657 4026 1866 4079 dubito.
1929 4025 2092 4081 Paulo

523 4103 645 4159 post
691 4099 832 4146 enim
886 4094 1055 4146 locum
1113 4095 1252 4147 hunc
1303 4096 1578 4156 explicans
1618 4098 1737 4148 ait:
1772 4096 1963 4148 Divina
1997 4113 2096 4149 sua

522 4165 847 4234 pi‘a’scienlia
870 4164 975 4234 πρὸ
998 4163 1189 4226 αἰῶνος
1209 4174 1449 4234 aperatus
1469 4176 1541 4217 est
1557 4164 1778 4218 salutem
1798 4167 1970 4231 nobis,
1988 4175 2092 4219 etc.

602 4235 711 4301 (59)
756 4233 816 4285 lu
863 4233 970 4300 ipso
1035 4236 1226 4286 medio.
1279 4233 1506 4304 Vocem,
1557 4236 1686 4303 ipso,
1734 4235 1935 4296 addidi,
1990 4251 2097 4304 quo

527 4305 744 4370 propius
773 4305 876 4355 vim
908 4305 1176 4365 dictionis,
1223 4301 1554 4374 μεσώτατον,
1576 4301 1942 4374 attingerem,
1973 4301 2095 4358 cum

527 4375 842 4425 vocabulum
881 4390 1093 4436 utivnm,
1131 4371 1501 4434 mediissimus,
1542 4371 1796 4441 ellingere
1835 4389 1936 4428 non
1969 4374 2097 4428 lice-

531 4453 630 4513 ret.
667 4443 930 4496 Czcterum
979 4449 1074 4496 hac
1119 4446 1328 4506 eadem,
1366 4461 1468 4513 qua
1509 4443 1784 4513 Didymus,
1828 4446 2097 4498 locutione

528 4512 666 4564 haud
717 4513 787 4566 ita
830 4515 1005 4565 multis
1036 4526 1158 4566 ante
1195 4514 1360 4577 illum,
1389 4512 1469 4565 ut
1503 4512 1715 4580 Opinor,
1759 4516 1914 4568 anuis
1962 4530 2092 4568 usus

531 4584 727 4653 [ειμι-ιιι
758 4582 815 4636 S.
861 4584 1087 4651 Lyrillus
1128 4581 1612 4653 Jerosnlymitauus
1653 4584 1926 4638 catechesi
1975 4600 2095 4647 χιιι,

531 4669 677 4704 num.
708 4651 795 4705 28.
850 4654 920 4705 lht
963 4660 1102 4705 enim
1133 4657 1210 4708 sic
1258 4651 1495 4721 loquitur
1522 4670 1534 4705 :
1571 4651 1836 4720 Expandit
1865 4657 1918 4706 in
1945 4669 2098 4708 cruce

530 4737 745 4781 manus,
783 4735 835 4774 ut
887 4727 1333 4793 Comprehenderet
1378 4723 1477 4793 τῆς
1518 4723 1841 4792 οἰκουμένης
1889 4722 1957 4776 τὰ
1995 4723 2096 4776 πέ-

532 4807 690 4862 ρατα,
739 4796 785 4843 id
832 4804 935 4853 est,
987 4791 1137 4845 Orbis
1185 4791 1442 4848 terrarum
1485 4793 1651 4862 ﬁnes;
1680 4791 1683 4792 ⁷
1715 4791 1914 4845 medius
1959 4795 2096 4847 enim

531 4860 852 4935 te_rt'a’_locus
880 4871 957 4935 est
998 4866 1092 4915 iste
1140 4862 1432 4935 Golgothas
1464 4865 1545 4935 (in
1581 4860 1770 4935 Graeco
1799 4881 1811 4916 :
1846 4863 1956 4932 Τῆς
1987 4865 2097 4935 γὰρ

532 4931 630 5000 γῆς
663 4932 724 4982 τὸ
774 4932 1082 5002 μεσώτατον
1128 4935 1156 4986 6
1201 4924 1652 5001 Γολγοθᾶςοῖνιός
1703 4933 1848 4985 ἐστιν
1873 4924 1948 4998 ).Γ
1975 4924 2097 4987 Non

532 5018 673 5053 meus
699 5001 783 5054 hic
805 5019 972 5055 sermo
995 5015 1088 5056 est.
1127 5001 1387 5068 Propheta
1421 5014 1492 5055 est
1517 5018 1604 5070 qut
1639 5004 1711 5053 ait
1737 5019 1755 5055 ;
1789 5022 1806 5054 t
1837 5002 2096 5072 Operatus

531 5087 584 5123 cs
635 5072 854 5125 salutent
904 5075 954 5124 in
1004 5075 1171 5126 medio
1201 5084 1422 5128 terrane
1480 5074 1628 5125 Alios
1695 5075 1854 5124 etiam
1910 5073 2098 5128 Patres

533 5140 710 5193 alliuia
738 5145 801 5194 de
835 5141 1096 5209 Golgotha
1133 5155 1332 5208 monte,
1374 5152 1466 5196 aut
1507 5143 1572 5196 de
1608 5141 1739 5194 urbe
1771 5144 2091 5207 Jerusalem,

531 5211 685 5278 quasi
739 5213 789 5264 itt
843 5216 1017 5265 medio
1061 5223 1323 5266 terrartun
1387 5213 1518 5265 orbe
1579 5211 1738 5276 sitis,
1797 5214 2096 5268 scribentes

530 5280 725 5334 allcrre
783 5298 927 5335 nunc
983 5287 1323 5350 supersedeo,
1378 5283 1674 5350 praesertim
1733 5298 1853 5334 cum
1921 5285 1987 5336 de
2040 5299 2097 5336 re

531 5361 723 5418 agatur
765 5353 1024 5422 theologis
1071 5361 1215 5415 nota,
1254 5363 1310 5406 ut
1338 5353 1472 5407 alias
1512 5353 1563 5405 in
1603 5366 1721 5422 tneo
1762 5355 1827 5406 ad
1868 5353 2098 5406 Archin-

532 5419 1250 5491 ttunprzesulem'Opusculo
1301 5423 1550 5477 iudicavi.
1603 5419 1756 5480 Vide.
1806 5423 1849 5476 si
1899 5427 2096 5491 placet,

531 5489 862 5563 Qalmetum,
903 5489 1142 5561 aliosque
1181 5495 1473 5563 Scriptura:
1515 5494 1839 5559 interpretes
1881 5489 1992 5546 tum
2028 5496 2095 5545 ad

529 5559 672 5614 ltuuc
701 5563 887 5632 psalmi
931 5559 1276 5630 versiculum,
1304 5559 1414 5616 tum
1455 5563 1521 5615 ad
1555 5563 1853 5619 Ezechielis
1889 5578 2011 5632 cap.
2042 5579 2096 5628 v,

530 5643 673 5702 vers.
704 5630 760 5697 5,
789 5643 844 5686 et
869 5648 986 5702 cap.
1027 5650 1228 5689 xxxvut
1250 5675 1264 5698 ,
1301 5649 1441 5688 vers.
1473 5632 1560 5686 12.

601 5701 714 5774 (tu)
740 5701 1162 5774 “Illumvocans.
1197 5704 1332 5760 Cum
1367 5705 1538 5774 locum
1570 5705 1711 5760 hunc
1747 5705 1798 5759 in
1833 5719 1918 5769 eo,
1951 5701 2094 5774 quod

525 5771 688 5828 modo
719 5772 850 5840 dixi,
883 5778 1141 5846 Opusculo
1165 5776 1486 5841 attulissem,
1518 5773 1756 5832 incertus
1780 5815 1795 5844 ,
1828 5787 1919 5830 aut
1956 5771 2092 5830 mihi

2180 495 2273 548 καὶ⁸
2312 492 2642 547 πιστεύεται.
2679 487 2800 546 Ἦν
2848 490 3020 563 γὰρὴ
3069 491 3246 553 κτίσις
3292 490 3430 561 μετὰ
3462 489 3522 543 τὸ
3551 490 3610 557 ἐξ
3652 491 3756 547 οὐκ

2178 585 2344 638 ὄντων
2387 583 2658 654 γενέσθαι.
2688 580 2852 636 Εἶπεν
2891 582 2999 654 γὰρ
3024 581 3309 654 προλαϐὼν
3353 583 3436 636 ὅτι
3491 582 3752 652 ἐποίησεν

2179 677 2366 749 αὐτὴν,
2403 679 2494 732 καὶ
2516 677 2637 730 τότε
2689 677 2967 746 ἐπήγαγεν
3000 676 3080 740 τὸ,
3112 671 3249 738 Ἦν,
3294 676 3382 728 ἵνα
3407 675 3480 746 μὴ
3513 675 3754 746 αὐτόμα-

2179 789 2268 835 τος
2296 769 2543 841 νομισθῇ.
2595 769 2718 822 Ἐπὶ
2749 768 2806 820 δὲ
2839 767 2932 822 τοῦ
2957 767 3090 820 Θεοῦ
3115 767 3311 836 Λόγου,
3348 767 3407 819 τὸ
3442 766 3756 838 ὑπεράνορ-

2180 880 2273 933 χον
2315 861 2583 931 σημαίνει.
2627 861 2722 912 Ἐν
2750 859 2907 929 ἀρχῇ
2942 860 3075 930 γὰρ,
3109 860 3294 930 φησὶν,
3329 855 3426 929 ἦν·
3456 859 3570 921 καὶ,
3613 858 3758 924 Θεὸς

2180 951 2278 1026 ἦν·
2319 955 2412 1007 καὶ
2435 954 2516 1019 τὸ,
2564 955 2666 1006 Ἐν
2689 951 2844 1021 ἀρχῇ
2866 949 2963 1022 ἦν,
2999 951 3060 1004 τὸ
3107 953 3170 1004 ὲκ
3226 951 3299 1022 μὴ
3331 952 3498 1006 ὄντων
3544 949 3758 1015 ἐξωθεῖ.

2182 1042 2525 1114 δίαρτυροῦσι
2553 1042 2630 1104 δὲ,
2661 1042 2789 1112 περὶ
2823 1041 2922 1113 μὲν
2964 1041 3058 1093 τοῦ
3091 1037 3230 1093 εἶναι
3255 1041 3347 1094 τὸν
3377 1041 3500 1093 Υίὸν
3522 1037 3762 1111 προαιώ-

2182 1149 2312 1196 νιον,
2340 1133 2434 1185 καὶ
2483 1130 2709 1202 ποιητὴν
2729 1129 2837 1183 τῶν
2867 1129 3096 1195 αἰώνων,
3131 1123 3255 1182 ὦδε’
3283 1128 3490 1191 Παῦλος
3512 1127 3762 1181 ἐπιστέλ-

2180 1225 2286 1280 λων
2321 1225 2593 1296 Ἐὁραίοις
2637 1225 2758 1294 μέν’
2819 1223 3174 1292 Πολυμερῶς
3225 1223 3320 1277 καὶ
3366 1223 3763 1290 πολυτρόπως
3834 1245 3852 1257 ο

2182 1316 2367 1370 πάλαι
2398 1320 2430 1370 ό
2483 1317 2627 1380 Θεὸς
2663 1315 2947 1383 λαλήσας
2997 1315 3120 1381 τοῖς
3171 1316 3467 1382 πατράσιν
3498 1315 3567 1367 ἐν
3635 1313 3763 1378 τοῖς

2183 1407 2535 1478 προφήταις,
2562 1409 2655 1460 ἐπ’
2683 1407 2947 1476 ἐσχάτου
2975 1405 3093 1459 τῶν
3119 1405 3352 1476 ἡμερῶν
3381 1408 3604 1458 τούτων
3626 1405 3765 1458 ἐλά-

2181 1505 2374 1568 λησεν
2393 1500 2535 1569 ἡμῖν
2574 1500 2642 1552 ἐν
2677 1498 2806 1564 Υιῷ,
2851 1498 2924 1551 ὃν
2956 1499 3172 1565 έθηκεν
3212 1500 3587 1567 κληρονόμον
3613 1497 3766 1551 πᾶν·

2183 1607 2318 1645 των·
2355 1581 2428 1644 δι’
2456 1587 2530 1646 οὗ
2560 1590 2656 1644 καὶ
2692 1591 2831 1655 τοὺς
2858 1590 3080 1656 αἰῶνας
3119 1591 3426 1658 ἐποίησεν.
3476 1591 3646 1654 Αὐτὸς
3667 1585 3764 1643 οὖν

2182 1684 2249 1736 τὰ
2296 1683 2487 1736 ἑαυτοῦ
2520 1682 2864 1753 κληρονομεῖ,
2897 1683 2991 1734 καὶ
3023 1681 3098 1745 ώς
3139 1681 3372 1753 ποιητὴς
3402 1682 3603 1745 αὐτῶν,
3668 1681 3766 1734 καὶ

2115 1760 2156 1813 Β
2185 1773 2260 1837 ὼς
2300 1772 2552 1844 ἀληθινὸς
2576 1772 2720 1835 Υἱός·
2746 1771 2906 1842 ἐτέθη
2933 1772 2989 1825 δὲ
3017 1771 3369 1842 κληρονόμος,
3397 1772 3471 1835 ώς
3499 1771 3767 1844 ὲνανΘρω-

2185 1867 2388 1936 πήσας.
2446 1864 2756 1936 Κορινθίοις
2788 1864 2844 1916 δὲ
2889 1866 2947 1916 ὲν
2986 1867 3052 1934 τῇ
3091 1863 3282 1936 πρώτη
3331 1864 3635 1934 Ἐπιστολῇ·
3667 1867 3767 1918 Θε-

2179 1961 2394 2032 μέλιον
2422 1961 2530 2031 γὰρ
2559 1960 2758 2026 οὐδεὶς
2803 1960 3051 2013 δύναται
3089 1959 3295 2023 θεῖναι,
3321 1958 3478 2026 παρὰ
3507 1959 3612 2010 τὸν
3645 1958 3769 2011 acal-

2179 2069 2386 2122 μενον,
2435 2051 2501 2116 ὅς
2552 2049 2722 2103 ἐστιν
2786 2050 3027 2117 Ἰησοῦς
3081 2049 3356 2117 Χριστόςο
3407 2048 3550 2102 τοῦτ’
3589 2048 3763 2112 ἔστιν,

2185 2137 2358 2210 ἀρχὴν
2380 2137 2728 2209 ἐπινοηθῆναι
2760 2137 2852 2190 τοῦ
2889 2138 3041 2197 Υίοῦ,
3067 2139 3366 2208 ἀμήχανον·
3395 2139 3451 2190 ὲν
3478 2137 3624 2208 αὐτῷ
3653 2138 3769 2209 γὰρ

2185 2231 2279 2283 καὶ
2319 2229 2386 2282 δι’
2442 2228 2605 2282 αὑτοῦ
2631 2231 2780 2282 πᾶσα
2832 2229 2996 2299 ἀρχή.
3063 2228 3224 2282 Δαυῖδ
3257 2230 3314 2283 δὲ
3363 2231 3419 2282 ὲν
3459 2236 3536 2297 ογ¹
3563 2229 3769 2300 ψαλμῷ

2187 2320 2314 2392 περὶ
2351 2320 2444 2374 τοῦ
2501 2321 2739 2391 ἀνάρχου
2791 2320 3029 2388 oetam
3073 2321 3136 2373 Ὀ
3187 2320 3256 2373 δὲ
3291 2320 3436 2386 Θεὸς
3469 2320 3558 2392 [15
3578 2320 3770 2391 ὁ],ϐα-

2185 2413 2396 2479 σιλεὺς
2436 2411 2624 2481 ἡμῶν,
2665 2411 3048 2479 προαιώνιος·
3100 2410 3419 2480 εἰργάσατο
3463 2413 3770 2479 σωτηρίαν

2184 2503 2438 2572 ἐνμέσῳ
2467 2503 2576 2572 τῆς
2617 2502 2749 2572 γῆς.
2811 2503 2975 2570 Λέγει
3007 2503 3062 2555 δὲ
3115 2504 3206 2556 τὸν
3256 2503 3544 2571 Γολγοοᾶν,
3602 2504 3768 2556 τόπον

2190 2595 2498 2666 μεσώτατον
2528 2594 2622 2646 καὶ
2649 2594 2810 2646 οἱονεὶ
2835 2595 3058 2664 κέντρον
3087 2593 3187 2663 τῆς
3223 2595 3525 2664 ὑπουρανὸν
3563 2597 3770 2665 ὀνομά-

2187 2689 2294 2752 ζων
2337 2687 2520 2741 αὐτόν’
2557 2688 2615 2737 ὲν
2635 2678 2679 2753 ᾧ
2720 2689 2786 2756 τῇ
2828 2687 2924 2756 μὲν
2955 2686 3109 2758 Θεῖκῇ
3140 2685 3306 2740 αὑτοῦ
3331 2686 3637 2757 προγνώσει
3663 2686 3770 2758 πρὸ

2188 2777 2380 2841 αἰῶνος
2439 2777 2730 2848 εἰργάσατο
2784 2778 2916 2846 ἡμῖν
2974 2778 3247 2846 σωτηρίαν
3303 2779 3362 2830 ὲν
3395 2781 3459 2849 τῇ
3494 2779 3770 2850 ὲνανορω-

2189 2870 2350 2939 πήσει
2396 2871 2424 2921 6
2474 2869 2616 2932 Υἱόςο
2649 2867 2727 2939 τῷ
2778 2869 2833 2921 δὲ
2862 2869 3174 2940 πράγματι,
3232 2872 3323 2923 ὅτε
3352 2871 3423 2931 διῖ
3451 2871 3773 2942 ἀγαθότητα

2189 2961 2386 3014 ἔπαθεν
2409 2961 2484 3024 ὡς
2523 2958 2660 3014 οἶδεν
2689 2963 2783 3014 καὶ
2809 2961 3073 3032 ἠθέλησεν
3098 2964 3138 3016 ’ὁ
3173 2963 3389 3034 ἀπαθὴς
3424 2965 3563 3036 ὑπὲρ
3586 2964 3769 3034 ἡμῶν,

2191 3053 2284 3105 καὶ
2316 3052 2418 3115 ἓως
2445 3053 2542 3124 τῆς
2595 3053 2817 3124 καρδίας
2861 3053 2961 3122 τῆς
2989 3054 3112 3124 γῆς,
3160 3054 3235 3118 ὡς
3277 3058 3470 3118 εἰπεῖν,
3527 3057 3769 3125 ὲγένετο’

2196 3142 2339 3196 καθὰ
2401 3143 2496 3196 καὶ
2568 3144 2828 3214 Ἰεζεκιὴλ
2899 3143 3234 3215 προφητεύει
3295 3146 3506 3201 τοιάδεο
3562 3147 3776 3217 Αὐτὴν

2194 3323 2408 3392 quidem
2434 3331 2580 3394 certe
2616 3322 2830 3392 ignotus
2863 3333 3051 3380 auctor
3083 3327 3134 3380 in
3185 3324 3466 3380 Litteraria
3503 3326 3771 3394 Epheme-

2197 3394 2329 3454 ride,
2365 3408 2481 3460 quae
2507 3392 2728 3446 Parisiis
2750 3396 2948 3456 editur,
2977 3406 3137 3460 atque
3169 3396 3479 3451 inscribitur
3506 3415 3520 3451 :
3549 3392 3775 3453 Gazette

2195 3463 2448 3516 littéraire
2474 3465 2537 3516 de
2566 3462 2835 3534 l'Europe,
2863 3467 2926 3516 ad
2952 3467 3092 3518 diem
3125 3467 3353 3534 primum
3382 3470 3606 3534 Augusti
3640 3471 3771 3523 anni

2197 3536 2440 3601 proxime
2473 3533 2638 3600 elapsi
2674 3531 2828 3593 1764,
2859 3536 3084 3588 articulo
3118 3531 3171 3592 5.
3220 3537 3332 3590 haec
3370 3531 3588 3605 scripsit
3617 3557 3629 3590 :
3668 3538 3769 3593 So-

2196 3611 2337 3656 crate
2377 3613 2618 3670 rapporte
2664 3620 2758 3673 que
2809 3605 3026 3672 Didyme
3078 3606 3208 3659 é:ait
3251 3609 3395 3659 verse
3441 3609 3576 3660 dans
3621 3618 3776 3662 toute

2196 3683 2344 3726 sorte
2399 3673 2763 3746 dedoclriue,
2806 3676 2862 3727 ἐν
2905 3675 3050 3746 πάσῃ
3087 3675 3399 3746 παιδεύσει·
3447 3687 3494 3729 et
3543 3677 3776 3730 l’auteur

2196 3746 2285 3795 des
2317 3742 2444 3815 trois
2477 3743 2626 3815 (iures
2673 3746 2969 3815 découverts
3012 3742 3109 3811 par
3147 3748 3192 3798 le
3233 3745 3298 3800 Ρ.
3345 3745 3647 3815 Mingarelli
3685 3750 3774 3800 n'a

2197 3829 2289 3879 pas
2325 3813 2485 3886 méﬂme
2517 3813 2590 3886 les
2633 3814 2886 3886 élémcnts
2911 3815 2974 3868 de
3006 3822 3056 3867 ta
3090 3817 3394 3884 géographie
3422 3831 3440 3868 :
3462 3813 3509 3868 il
3548 3817 3700 3886 place
3726 3818 3777 3870 le

2197 3891 2337 3934 mout
2382 3880 2639 3955 Golgotha
2679 3899 2748 3934 au
2795 3883 2970 3955 ntilieu
3017 3880 3104 3937 du-
3144 3880 3290 3951 globe
3318 3927 3332 3951 ,
3387 3886 3424 3939 il
3463 3880 3673 3955 envfait
3722 3887 3778 3941 le

2197 3961 2392 4026 centre
2426 3950 2492 4004 de
2538 3952 2597 4026 la_
2629 3962 2792 4013 terre,
2840 3952 3063 4025 κέντρον
3110 3950 3208 4026 τῆς
3238 3950 3362 4026 γῆς.
3401 3957 3517 4018 Det,
3562 3950 3775 4025 quaeso,

2199 4021 2329 4074 mihi
2362 4021 2545 4094 lector
2585 4021 2722 4075 hanc
2758 4021 2999 4088 veniam,
3048 4036 3104 4077 ut
3147 4021 3539 4094 liic'tautisper
3574 4021 3775 4082 inuno;

2199 4104 2288 4165 rer
2317 4107 2330 4144 :
2361 4091 2636 4165 innoxium
2663 4094 2805 4144 enim
2841 4103 2945 4165 tam
2975 4095 3114 4148 male
3151 4097 3358 4158 haberi,
3393 4091 3547 4165 aequo
3586 4097 3778 4152 animo

2201 4159 2443 4229 (fateor)
2473 4159 2612 4236 ferre
2641 4175 2866 4236 nequeo.
2905 4164 3086 4218 Sicubi
3127 4177 3272 4218 errat
3308 4159 3580 4236 Didymus,
3616 4181 3781 4220 erra-

2202 4241 2313 4301 tum
2368 4245 2472 4283 non
2521 4231 2772 4284 iulicior:
2807 4233 3044 4301 ignosco,
3103 4250 3206 4288 non
3265 4231 3459 4290 tueor:
3491 4239 3578 4290 ubi
3638 4252 3778 4290 vero

2201 4299 2390 4375 injuria
2433 4311 2739 4375 accusatur,
2791 4299 2974 4375 quidni
3022 4304 3306 4358 defendam
3354 4321 3419 4360 ac
3458 4308 3777 4375 propulsem

2203 4369 2492 4437 injuriam?
2527 4369 2764 4423 Primum
2800 4369 2978 4437 itaque
3019 4389 3116 4428 cur
3158 4383 3264 4427 tam
3317 4369 3780 4431 ﬁdenter'censor

2203 4441 2300 4516 iste
2331 4438 2588 4516 _allir;net,
2637 4439 2950 4516 Golgotham
2991 4455 3214 4497 montem
3249 4447 3302 4498 in
3336 4446 3504 4498 medio
3539 4446 3694 4516 globo
3741 4463 3777 4501 a

2203 4509 2447 4586 tltcologo
2491 4521 2683 4586 nostro
2704 4513 2972 4586 collocari,
3015 4529 3121 4567 non
3170 4516 3343 4569 video.
3397 4516 3509 4586 Ego
3539 4509 3684 4570 sane
3718 4517 3780 4573 in

2204 4593 2323 4633 meo
2352 4579 2440 4632 illo
2464 4581 2721 4648 Opusculo
2748 4581 2927 4634 dedita
2961 4600 3122 4650 opera
3153 4587 3266 4637 cavi
3287 4624 3301 4648 ,
3353 4601 3420 4638 ne
3444 4579 3511 4639 id
3552 4602 3781 4642 asseve-

2200 4653 2568 4723 rare_m,»quot_l
2599 4665 2682 4703 res
2714 4665 2860 4723 certa
2896 4668 3016 4709 esse
3061 4669 3169 4706 non
3205 4654 3494 4709 videretur.
3532 4657 3688 4723 Quod
3723 4657 3776 4712 si

2199 4723 2264 4773 de
2294 4719 2495 4792 Cyrillo
2532 4718 3013 4792 _Jero.-olymitauo,
3066 4724 3297 4792 exempli
3347 4718 3776 4789 causafsermo

2199 4800 2359 4864 esset,
2397 4790 2485 4864 vix
2529 4790 2805 4864 haberem,
2857 4795 3000 4861 quod
3041 4790 3400 4863 opponerent;
3447 4796 3776 4864 Golgothaut

2198 4863 2340 4912 enim
2392 4859 2670 4933 iuhmcdio
2709 4859 2996 4933 terrai-um
3056 4859 3185 4917 orbe
3230 4867 3295 4917 ab
3332 4868 3446 4933 ipso
3491 4859 3778 4933 collocari,

2199 4933 2331 5009 satis
2358 4997 2368 5009 .
2391 4929 2642 5009 indicare
2672 4930 2915 5009 videntur
2937 4949 3104 5009 voces
3139 4935 3258 4996 illm,
3309 4929 3406 5009 τῆς
3446 4929 3780 5009 οἰκουμένης

2197 4997 2540 5072 τὰλπέρατα,
2594 5001 2643 5053 id
2693 5011 2794 5062 est,
2835 5004 2975 5056 orbis
3014 5015 3274 5056 terrarum
3321 4997 3449 5072 lines
3479 5023 3497 5060 :
3531 4997 3656 5060 naiu
3694 4997 3781 5062 sic

2204 5070 2361 5146 vulgo
2393 5072 2677 5137 accipitur,
2706 5086 2775 5146 ac
2807 5076 3188 5146 vertiturgvox,
3224 5070 3540 5146 οἰκουμένη,
3574 5093 3781 5143 quam-

2201 5141 2300 5202 vis,
2347 5150 2584 5207 spectata
2630 5142 2872 5212 vocabuli
2915 5144 3156 5212 origine,
3212 5161 3314 5199 non
3350 5141 3457 5200 tam
3505 5141 3782 5202 terrarum

2198 5212 2412 5271 orbem,
2434 5225 2612 5285 quem
2627 5211 2837 5278 globum
2868 5211 3197 5285 terraqueum
3228 5217 3431 5280 dicunt,
3461 5231 3624 5285 quam
3651 5233 3778 5272 eam

2203 5281 2652 5354 terresttjsgloht
2697 5291 2902 5350 partem
2920 5281 3196 5354 designet,
3227 5301 3345 5354 qua:
3373 5281 3658 5342 habitetur.
3705 5291 3784 5342 At

2199 5349 2248 5402 si
2296 5352 2362 5404 de
2411 5348 2633 5421 D.-dymo
2661 5348 2841 5405 sermo
2886 5353 2976 5416 sit,
3028 5348 3122 5425 res
3155 5348 3274 5410 meo
3312 5359 3525 5423 quidem
3566 5356 3782 5425 judicio

2202 5435 2306 5498 non
2367 5431 2449 5474 est
2525 5427 2634 5498 ita.
2672 5425 3000 5490 perspicua:
3036 5423 3215 5498 nullus
3276 5427 3420 5479 enim
3492 5423 3782 5498 theologus

2201 5490 2492 5567 ignorat“
2531 5491 2730 5567 multas
2781 5508 2934 5545 terra:
2993 5496 3310 5548 vocabulum
3369 5499 3418 5548 in
3476 5490 3784 5567 Scriptum

2203 5561 2400 5616 habere
2450 5560 2868 5630 signiﬁcationes
2903 5580 2915 5614 :
2948 5577 3090 5630 Saepe
3145 5581 3271 5619 vero
3331 5583 3436 5621 nou
3503 5560 3780 5623 terrarum

2199 5633 2403 5704 orbem,
2459 5633 2553 5685 sed
2583 5631 2860 5704 regionem
2900 5634 3084 5704 illam,
3131 5636 3182 5689 in
3229 5653 3333 5704 qua
3381 5653 3537 5693 sacer
3586 5651 3784 5694 auctor

2201 5702 2406 5772 scribit,
2443 5711 2534 5754 aut
2562 5701 2627 5754 de
2658 5715 2762 5768 qua
2803 5703 3056 5772 loquitur,
3104 5701 3366 5770 denotari,
3421 5723 3478 5762 ut
3523 5709 3578 5762 in
3619 5715 3785 5765 tertio

2207 5771 2410 5842 Regum
2453 5787 2468 5825 :
2499 5772 2722 5826 Abstulit
2753 5771 3080 5842 effeminatos
3123 5779 3186 5831 de
3231 5788 3370 5832 terra
3402 5794 3421 5831 :
3453 5780 3506 5834 in
3537 5785 3786 5836 secundo
