3970 6406
266 358 366 417 325

1355 350 1443 404 DE
1481 348 1856 405 TRINITATE
1893 348 2099 405 LIBER
2134 348 2407 405 PRIMUS.

3391 339 3498 399 326

277 472 659 544 Ἰερουσαλὴμ
689 474 780 539 εις
799 471 995 542 μέσον
1017 470 1135 524 τῶν
1158 467 1347 523 ἐθνῶν
1365 468 1593 523 τέθεικα
1614 467 1822 536 αὐτήν·

1933 467 2042 541 34
2068 468 2283 539 quidem
2316 479 2413 521 sua
2460 462 2799 535 praescientia
2850 467 2975 516 ante
3005 458 3201 516 saecula
3240 471 3500 530 operatus

266 570 351 623 ui.
378 569 433 618 ἐν
462 572 564 636 ριηί
586 564 811 634 ψαλμῷο
845 566 946 627 Εἰς
974 564 1077 615 τὸν
1109 560 1313 623 αἰῶνα,
1342 562 1549 629 Κύριε,
1584 562 1616 612 d
1647 561 1830 627 λόγος

266 677 371 715 σου
398 656 657 726 διαμένει
684 657 755 708 ἐν
775 654 857 719 τῷ
872 652 1122 723 οὐρανῷ.
1154 654 1261 705 Καὶ
1287 652 1449 714 αὐτὸς
1487 651 1614 721 περὶ
1638 649 1829 702 ἑαυτοῦ

266 755 292 805 ὁ
316 753 583 819 Δεσπότης
614 750 916 819 αἱρετικοῖς
942 764 1042 799 που
1074 746 1290 807 πάντως
1327 743 1630 797 ἀποκλείων
1659 739 1828 794 εἶπενο

279 840 450 909 Ἀμὴν
477 838 645 907 ἀμὴν
668 837 827 906 λέγω
863 853 980 890 σοι·
1026 835 1138 904 πρὸ
1192 835 1296 889 τοῦ
1331 835 1472 900 τοὺς
1494 833 1713 899 αἰῶνας
1740 849 1832 901 γε·

274 932 480 995 γὲσθαι,
518 928 637 998 ἐγώ
667 931 808 996 ειμι.

279 1021 437 1074 verbis
477 1038 491 1073 :
540 1019 723 1086 Ipsam
772 1018 885 1085 (42)
936 1017 1231 1071 Jerusalem
1281 1017 1333 1068 in
1377 1016 1546 1068 medio
1602 1015 1829 1083 gentium
1863 1014 2013 1080 posui
2050 1030 2183 1065 eam.
2224 1012 2286 1065 Et
2338 1012 2389 1063 in
2434 1026 2595 1064 cxvut
2646 1016 2852 1077 psalmo
2898 1028 2912 1062 :

1926 572 2009 617 est
2030 562 2255 615 salutem
2286 558 2439 614 nobis
2479 558 2529 610 in
2564 554 2932 610 incarnatione
2961 554 3128 608 Filius
3168 574 3180 607 :
3210 569 3266 608 re
3302 564 3481 610 autem

1934 652 2072 721 ipsa,
2112 650 2327 720 quando
2351 660 2569 717 pr0pter
2608 662 2757 699 suam
2797 644 3091 699 bonitatem
3129 643 3238 706 ille,
3273 644 3361 713 qui
3394 643 3499 698 im-

1929 741 2199 812 passibilis
2223 750 2327 804 est,
2361 754 2458 808 pro
2483 739 2632 791 nobis
2658 738 2736 791 sic
2768 750 2955 805 passus
2978 744 3081 799 est,
3111 746 3167 787 ut
3194 735 3307 803 ipse
3330 736 3497 801 novit,

1929 842 1982 886 et
2014 831 2197 895 voluit,
2227 842 2280 883 et
2312 844 2480 898 usque
2515 830 2579 881 ad
2611 844 2704 882 cor
2734 837 2889 880 terrm
2931 824 3063 896 (41),
3098 836 3152 878 ut
3179 826 3255 878 sic
3280 826 3491 892 loiluar,

1932 922 2097 975 venit.
2131 922 2249 986 Quo
2282 935 2439 974 sensu
2482 918 2728 973 Ezechiel
2765 932 2977 985 quoque
3022 916 3302 983 prophetat
3342 918 3490 969 hisce

2964 1007 3029 1061 In
3063 1018 3312 1061 wternum
3362 1010 3495 1079 (45),

281 1109 495 1171 Domine,
531 1109 762 1164 Verbum
788 1121 932 1163 tuum
980 1119 1241 1177 permanet
1278 1108 1331 1159 in
1366 1107 1511 1162 etelo.
1563 1106 1623 1158 Et
1668 1106 1777 1172 ipse
1802 1104 1868 1157 de
1894 1119 1951 1157 se
1986 1106 2097 1171 ipso
2133 1103 2409 1165 Dominus,
2462 1102 2727 1155 hazreticis
2764 1116 2860 1155 ora
2924 1101 3142 1153 omnino
3188 1101 3497 1166 obstruens,

277 1203 368 1274 35
414 1202 606 1256 alicubi
661 1203 736 1254 ait
773 1220 786 1255 :
817 1201 979 1253 Amen
1020 1198 1129 1268 (44)
1162 1214 1310 1251 amen
1354 1199 1468 1249 dico
1503 1197 1593 1248 tibi
1634 1213 1647 1248 :
1680 1206 1955 1259 antequam
1998 1194 2189 1247 sa'cula
2239 1194 2441 1258 ﬁerent,
2478 1210 2567 1261 ego
2613 1209 2747 1246 sum.

332 1299 461 1367 Περὶ
498 1298 557 1349 δὲ
611 1297 705 1349 τοῦ
766 1297 1092 1350 καθεστάναι
1140 1296 1353 1348 πάντων
1411 1291 1713 1361 ἀσωμάτων
1768 1306 1827 1341 τε

266 1393 350 1443 καὶ
416 1387 799 1459 σωματοειδῶν
855 1387 1205 1457 δημιουργὸν,
1265 1384 1383 1454 οὐχὶ
1438 1383 1492 1433 δὲ
1562 1380 1829 1451 ὑπουργὸν

262 1483 289 1552 ἢ
353 1481 608 1550 μεσξτην,
668 1480 725 1531 ὲν
774 1477 951 1547 ταυτῷ
997 1478 1052 1529 δὲ
1104 1476 1197 1529 κα1⁸
1238 1476 1490 1545 ἄναρχον·
1541 1472 1671 1542 πρὸς
1712 1474 1829 1533 ταῖς

259 1570 351 1639 ἠδη
414 1567 841 1638 παρατεθείσαις
894 1566 1219 1637 μαρτυρίαις
1264 1566 1356 1617 καὶ
1404 1561 1561 1614 Δαυῒδ
1607 1564 1663 1611 ὲν
1727 1566 1828 1631 ριγ⁹

255 1660 453 1730 ᾁαλμῷ
508 1659 642 1729 ᾄδει·
693 1659 748 1711 '0
802 1658 945 1723 θεὸς
987 1658 1153 1727 ἡμῶν
1202 1658 1270 1711 ἐν
1325 1656 1403 1721 τῷ
1449 1654 1680 1723 οὐρανῷ
1736 1653 1832 1706 καὶ

259 1752 327 1804 ἐν
356 1750 439 1818 τῇ
468 1749 568 1818 γῇ,
629 1748 826 1802 πάντα
881 1748 996 1800 ὅσα
1024 1747 1326 1814 ἠθέλησεν
1372 1747 1677 1813 ἐποίησεν.
1721 1745 1833 1798 Οὐκ

1930 1342 1933 1345 λ
2008 1290 2156 1355 Quod
2188 1300 2362 1343 autem
2395 1288 2562 1341 Filius
2608 1304 2711 1341 non
2760 1287 3025 1355 minister,
3083 1299 3176 1344 aut
3225 1290 3493 1344 mediator

1937 1380 2028 1443 sit,
2061 1382 2152 1433 sed
2203 1380 2439 1433 omnium
2484 1394 2604 1433 cum
2661 1379 3122 1447 incorporearum,
3160 1391 3269 1434 tum
3315 1396 3501 1449 corpo-

1936 1488 2149 1524 rearnin
2216 1486 2391 1525 rerum
2449 1472 2740 1536 conditor,
2805 1474 3073 1542 simulque
3134 1477 3296 1527 etiam
3346 1482 3501 1526 teter-

1937 1579 2058 1626 nus,
2109 1574 2300 1632 prazter
2346 1563 2463 1628 illa,
2504 1578 2621 1631 quae
2674 1564 2831 1617 allata
2898 1574 3045 1627 sunt,
3099 1565 3352 1634 capitula,
3405 1563 3502 1616 Da-

1931 1657 2014 1708 vid
2072 1669 2284 1723 quoque
2336 1656 2642 1709 testimonio
2708 1670 2804 1709 suo
2863 1656 3146 1709 continuat
3203 1674 3216 1709 :
3279 1670 3398 1708 nam
3446 1658 3497 1710 in

1929 1752 2055 1800 cxiii
2103 1744 2306 1812 psalmo
2336 1744 2531 1798 canit:
2580 1745 2713 1797 Deus
2766 1745 2880 1814 (45)
2938 1756 3111 1797 noster
3168 1746 3221 1797 in
3248 1744 3397 1805 ctelo,
3448 1754 3499 1797 ct

254 1839 428 1905 εἵην,
490 1843 629 1893 Ὅσα
671 1840 975 1910 ἐπετράπη.
1027 1839 1122 1901 Τίς
1170 1835 1260 1891 οὖν
1322 1838 1707 1908 καταρνήσαιτ’
1742 1835 1822 1901 ἂν,

1932 1835 1985 1886 in
2024 1846 2160 1887 terra
2200 1835 2375 1887 omnia
2414 1850 2731 1904 quaecunque
2777 1836 2954 1901 voluit,
3006 1837 3145 1903 fecit.
3202 1835 3316 1890 Non
3373 1836 3495 1891 ait:

252 1935 348 2005 τῆς
400 1931 747 1999 αὐτεξουσεου
783 1932 878 1985 καὶ
934 1927 1314 1994 παντεξουσίου
1370 1928 1594 1999 μονάδος
1644 1925 1831 1990 οὐσίας

249 2089 705 2157 Paralipomenon
742 2103 755 2115 ·
786 2084 1036 2161 Regnauit
1064 2083 1295 2161 _Athulia
1327 2098 1483 2161 super
1510 2092 1721 2161 terram,
1771 2088 1827 2161 et

251 2162 403 2216 alibi.
439 2152 630 2225 Itaque
660 2166 718 2209 ut
752 2171 815 2225 es
849 2152 1077 2221 theologi
1121 2155 1283 2207 nostri
1321 2153 1499 2225 verbis
1539 2152 1661 2225 jure
1706 2152 1826 2216 quis

248 2233 507 2298 colligere
543 2221 1107 2298 posset,__Golgotbam
1137 2234 1368 2298 montem
1407 2222 1484 2298 in_
1508 2221 1681 2275 medio
1720 2232 1827 2274 ter-

252 2292 418 2355 restri
491 2292 647 2365 globo
697 2296 968 2355 collocari.
1017 2295 1402 2365 oSIendendum
1461 2292 1825 2365 lo_re_t,__terrte

251 2370 477 2423 nomine
492 2360 730 2435 ’8101111111
775 2365 1183 2435 terrestremﬂab
1217 2364 1331 2431 ipso
1360 2362 1604 2430 intelligi.
1632 2360 1822 2413 Verum

250 2441 298 2492 id
333 2434 783 2505 neque’ostendit
806 2434 1015 2505 articuli
1048 2434 1186 2485 illius
1211 2444 1417 2505 auctor,
1450 2446 1620 2505 neque
1652 2440 1827 2505 osten-

249 2500 565 2569 surus'est,
608 2515 663 2558 ut
714 2515 861 2573 puto.
920 2504 1170 2573 Didymus
1218 2504 1361 2556 enim
1414 2501 1617 2573 psalmi
1650 2500 1824 2573 locum

247 2579 557 2645 explicans.
607 2570 738 2627 nihil
776 2570 1216 2645 allii-matfaliud,
1272 2587 1430 2645 quam
1475 2571 1648 2645 verbis
1697 2570 1824 2645 illis,

248 2640 538 2700 iii—medio
582 2655 759 2707 teme,
822 2641 1141 2709 Golgotham
1204 2642 1449 2704 indicari,
1505 2640 1824 2708 Golgothain

251 2733 385 2769 vero
441 2730 619 2782 ipsum
658 2730 685 2765 a
718 2713 1135 2782 Psalmographo
1184 2713 1359 2764 vocari
1405 2711 1573 2782 locum
1605 2711 1671 2782 in
1717 2710 1826 2775 ipso

247 2787 427 2837 medio
464 2779 665 2844 'situm,
702 2798 762 2835 ac
814 2779 971 2835 veluti
1012 2790 1239 2833 centrum
1286 2792 1458 2833 terrtr.
1517 2779 1652 2844 Quid
1700 2793 1825 2830 vero

248 2866 410 2908 terra:
439 2856 660 2906 nomine
704 2868 731 2905 δ
767 2852 963 2903 Davide
1019 2850 1364 2920 intelligatur,
1400 2861 1610 2903 totusue
1652 2857 1825 2920 terra-

252 2940 373 2976 rum
404 2926 574 2981 orbis.
619 2939 685 2975 an
726 2921 924 2990 aliquid
955 2921 1119 2983 aliud,
1152 2919 1255 2971 non
1304 2922 1512 2972 statuit.
1558 2919 1662 2969 Sed
1702 2933 1823 2990 curn

248 3010 489 3046 Censor:
534 2988 827 3045 liberaliter
871 3006 1106 3058 agamus.
1150 2990 1465 3057 Golgotltam
1508 3000 1737 3039 montem
1773 2988 1824 3038 iu

250 3067 436 3115 medio
464 3076 729 3115 terrarum
760 3062 890 3114 orbe
920 3061 1077 3111 situtu
1098 3060 1294 3112 dixerit
1326 3059 1599 3126 theologus
1623 3066 1820 3109 uoster.

249 3131 512 3200 ﬁunquid
562 3133 815 3184 continuo
874 3129 954 3180 vel
1010 3130 1119 3194 ipsa
1180 3126 1827 3200 geographiaeelementa

250 3197 575 3272 ignorarit?
608 3200 663 3272 Si
700 3201 773 3252 ita
804 3212 977 3272 seres
1002 3200 1181 3272 habet,
1205 3214 1368 3272 quam
1406 3197 1583 3272 multis
1615 3212 1676 3272 ea
1710 3206 1828 3247 nota

246 3267 621 3341 scriptoribus
651 3268 1071 3341 inurendaerit?
1094 3267 1232 3341 Nihil
1262 3269 1326 3341 de
1358 3267 1595 3341 profanis
1624 3268 1823 3341 dicunt,

250 3345 341 3413 qui
369 3336 649 3395 celebrem
682 3339 1031 3413 l'hocensinm
1076 3339 1262 3413 urbem
1306 3339 1531 3403 Delphos
1569 3338 1619 3389 in
1654 3336 1826 3413 medio

251 3404 533 3466 terrarum
592 3412 724 3461 orbe
781 3410 1004 3474 positam
1071 3408 1204 3459 falso
1265 3416 1592 3459 censuerunt
1638 3423 1649 3458 :
1696 3404 1825 3474 nihil

250 3482 445 3549 itaque
490 3481 556 3532 de
602 3472 863 3549 Pindaro,
910 3477 1279 3549 qni_in_sexto
1330 3474 1639 3545 Pytltiorum
1684 3472 1827 3527 εῖδει

247 3546 377 3603 eam
411 3561 569 3601 voca:
595 3546 836 3617 ὀμφαλὸν
869 3546 1150 3617 χθονός,μ111
1189 3554 1271 3599 est
1301 3548 1601 3597 umbilicum
1624 3556 1824 3617 terrea;

250 3621 393 3673 nihil
423 3622 491 3672 de
515 3612 801 3684 Sophocle,
833 3612 921 3684 qui
949 3618 997 3667 in
1022 3615 1227 3682 (Edipo
1254 3627 1474 3683 tyranno
1504 3612 1826 3683 μεσόμφαλα

250 3692 383 3755 γᾶς,
433 3691 485 3741 id
532 3700 615 3739 est
669 3689 895 3738 medium
940 3696 1089 3737 terra:
1113 3685 1430 3755 umbilicum,
1473 3686 1822 3755 111111111ιιλὶιε

251 3754 392 3811 nihil
424 3761 492 3811 de
520 3756 582 3810 Τ.
609 3756 781 3818 Livio,
814 3756 902 3824 qui
949 3756 1039 3807 lib.
1070 3769 1271 3807 xxxvut
1298 3754 1549 3807 Manliqu
1584 3754 1824 3824 inquien-

250 3838 366 3881 tem
407 3828 615 3879 inducit
646 3845 658 3878 :
691 3822 864 3879 Etiam
908 3825 1148 3890 Delphos.
1174 3867 1187 3880 .
1214 3862 1229 3878 .
1252 3864 1265 3878 .
1292 3866 1306 3880 .
1350 3826 1648 3876 umbilicum
1686 3822 1825 3875 orbis

250 3906 529 3950 terrarum
553 3895 694 3947 Galli
710 3897 1091 3962 spoliaverunt;
1123 3894 1251 3947 nihil
1287 3896 1499 3947 demum
1524 3896 1588 3947 de
1613 3892 1820 3957 Ovidio,

248 3968 351 4038 qui
388 3970 439 4021 in
478 3965 989 4033 Metamorphosibus
1025 3966 1259 4038 cecjpit:

1102 4032 1429 4100 Mediumque
1460 4042 1684 4086 tenentes

365 4104 524 4159 Orbis
569 4105 783 4156 humum
831 4101 1073 4171 Delphos.

332 4175 545 4230 Horum
582 4176 795 4242 quidem
850 4174 1029 4240 Opinio
1088 4171 1449 4243 superSIitioni
1489 4172 1657 4243 magis
1698 4188 1827 4228 con-

255 4258 520 4302 seutanea
588 4254 711 4304 est,
764 4258 925 4311 quam
980 4242 1189 4295 veritati
1226 4255 1366 4293 'cnm
1428 4244 1477 4294 iu
1522 4258 1583 4293 ea
1624 4244 1826 4296 distan-

259 4319 360 4378 tia,
419 4329 542 4383 quae
615 4315 757 4367 inter
816 4312 1121 4383 Columnas
1160 4312 1434 4383 llerculis,
1496 4323 1586 4383 aut
1647 4314 1819 4366 locum

259 4379 627 4453 illumfcujus
672 4383 1022 4435 meridianum
1078 4379 1338 4453 circulum
1398 4382 1550 4449 quasi
1588 4383 1820 4450 primum

259 4459 437 4520 posuit
494 4451 832 4512 l’ioleunens,
896 4460 945 4503 et
996 4466 1087 4503 eos
1126 4451 1213 4518 qui
1276 4451 1340 4501 ad
1381 4453 1639 4504 orientem
1692 4453 1823 4506 lines

261 4541 415 4578 terra:
461 4526 592 4576 olim
644 4522 999 4580 habebantur,
1059 4520 1374 4580 intercedit,
1436 4523 1664 4573 medium
1714 4523 1823 4575 cir-

261 4607 393 4648 cnter
470 4597 648 4646 locum
718 4592 902 4659 Delphi
940 4658 943 4659 ν
986 4606 1088 4642 111111
1170 4598 1413 4642 tenerent
1468 4611 1478 4643 :
1529 4594 1621 4644 sed
1690 4608 1816 4645 num

262 4660 873 4745 proptertmscriptores
914 4658 986 4713 illi
1029 4659 1179 4726 quasi
1221 4661 1566 4745 geographiae
1599 4676 1817 4745 prorsus

262 4730 427 4799 ignari
480 4733 710 4786 habendi
749 4731 887 4789 sint,
933 4746 999 4781 an
1044 4744 1167 4782 vero
1208 4730 1298 4795 qui
1338 4731 1475 4783 hanc
1522 4732 1600 4783 eis
1646 4731 1815 4784 dicam

264 4798 557 4873 impingat,
607 4803 828 4871 perinde
861 4798 1328 4873 facerevideatur
1353 4814 1416 4873 ac
1462 4800 1505 4873 si
1547 4802 1687 4867 quis,
1730 4800 1815 4853 tibi

264 4866 567 4943 quempiam
607 4866 891 4943 'dicenletn
940 4868 1203 4943 audiverit
1229 4885 1268 4943 _:_
1296 4866 1437 4943 Velut
1490 4866 1629 4943 inter
1672 4875 1817 4943 orbes

266 4936 378 4997 lima
407 4936 660 5003 minores,
706 4940 845 4992 illico
881 4938 1137 4992 exclamet
1172 4954 1186 4989 :
1218 4936 1268 4988 Il
1315 4938 1398 4989 n'a
1427 4955 1520 5001 pas
1555 4941 1713 4992 méme
1745 4941 1816 4991 les

264 5017 498 5068 llémeuts
552 5013 617 5063 de
653 5009 1032 5072 l'ustrouomie,
1067 5008 1153 5059 alii
1204 5008 1453 5060 viderint.
1502 5008 1651 5075 Quod
1695 5024 1818 5061 vero

267 5098 359 5150 spei
383 5094 459 5137 tat
488 5084 557 5133 ad
594 5082 891 5146 theologum
926 5088 1185 5141 nostrum,
1228 5077 1271 5129 si
1304 5078 1395 5150 v«-l_
1421 5093 1654 5145 ipsorum
1689 5094 1817 5145 geo-

264 5148 494 5221 graphia:
548 5152 938 5205 elementorum
996 5150 1210 5217 ignarus
1262 5148 1459 5221 merito
1502 5151 1811 5221 haberetur,

269 5215 474 5291 ignarus
523 5224 718 5291 cadent
762 5224 826 5291 de
862 5215 1036 5270 causa
1066 5215 1342 5291 habendus
1386 5229 1529 5271 esset
1562 5216 1815 5291 Itonaeos,

268 5287 337 5361 qu.
377 5292 679 5361 Ecclesias_
705 5290 771 5361 iu_
810 5288 1087 5361 Puta-stitia
1133 5289 1455 5361 constitutas
1502 5298 1685 5361 vocat,
1718 5287 1817 5361 ea;

266 5358 390 5415 1111τά
424 5362 569 5433 μέσα
587 5358 683 5411 τοῦ
712 5358 936 5433 κρμσμου,
966 5358 1014 5410 id
1041 5367 1139 5421 est,
1174 5358 1241 5409 ad
1267 5358 1445 5433 mundi
1474 5358 1817 5433 meditullium

268 5435 379 5487 sitas
413 5426 689 5500 Eignarus
746 5428 1132 5500 Hieronymus,
1191 5426 1278 5500 qui
1330 5442 1446 5500 eatur
1508 5428 1814 5500 opinionem

269 5495 561 5557 rationibus
612 5514 681 5552 ex
721 5498 1043 5565 geographia
1104 5498 1282 5566 petitis
1334 5495 1572 5549 defendit
1605 5515 1618 5551 :
1649 5498 1816 5566 ignari

272 5585 363 5625 uno
391 5578 557 5625 verbo
600 5570 634 5622 ii
676 5568 896 5629 Patres,
939 5567 1025 5635 qui
1077 5582 1197 5619 cum
1231 5565 1522 5620 Jerusalem
1573 5570 1640 5621 ab
1677 5565 1817 5622 Eze-

272 5643 423 5694 chiele
460 5653 514 5694 et
548 5638 827 5693 umbilicus
858 5648 1008 5689 terra:
1046 5639 1183 5689 dicta
1210 5639 1299 5698 sit,
1329 5648 1381 5689 et
1414 5638 1463 5689 in
1504 5638 1671 5689 medio
1696 5654 1819 5706 gen-

275 5714 386 5762 tium
416 5714 487 5764 ita
525 5710 724 5779 posita,
755 5716 810 5758 nt
835 5709 887 5758 in
921 5708 1137 5779 circuitu
1162 5718 1324 5758 terras
1351 5708 1607 5770 habeat,a
1640 5706 1819 5761 Psalle

277 5793 433 5833 autem
458 5778 711 5834 inimedio
740 5787 891 5827 terrae
924 5778 1258 5837 exhibentur,
1285 5785 1435 5828 terra:
1464 5780 1678 5829 nomine
1714 5794 1816 5830 non

280 5847 515 5917 Judaeum,
543 5858 599 5904 ut
618 5847 1015 5915 Josephus,sed
1042 5846 1311 5912 mundum,
1346 5847 1396 5901 id
1417 5855 1519 5912 est,
1555 5856 1816 5901 terrarqu

1941 1926 2269 1996 Qutecunque
2318 1927 2419 1993 ipsi
2485 1930 2729 1980 mandata
2768 1936 2906 1980 sunt.
2964 1928 3095 1982 Eum
3162 1942 3310 1997 ergo,
3347 1928 3499 1996 cujus

1933 2080 2117 2134 orbem
2158 2081 2553 2136 intellexerunt.
2611 2082 2746 2150 Quid
2784 2082 2967 2150 plura?
3007 2084 3224 2152 Ignarus
3258 2084 3499 2139 elemen-

1936 2160 2112 2223 t_o_rum
2184 2155 2519 2223 geographiae
2566 2156 2670 2207 erit
2724 2170 2945 2219 magnus
2993 2155 3092 2223 ille
3160 2158 3497 2223 geographus

1934 2220 2353 2293 CAhristophorus
2379 2222 2658 2287 (.‘ellarins,
2693 2226 2804 2291 qui,
2839 2240 2957 2276 cum
2984 2220 3312 2293 Jcrosolynia
3341 2220 3498 2277 sexa-

1934 2291 2077 2361 ginta
2115 2292 2334 2362 circiter
2366 2293 2618 2362 gradibus
2650 2295 2811 2347 distet
2841 2296 2904 2345 ab
2938 2291 3204 2362 Hispania
3227 2294 3491 2356 ulteriori,

1933 2375 1996 2413 ac
2044 2361 2259 2413 totidem
2308 2376 2336 2413 a
2373 2363 2553 2428 Gange
2594 2360 2770 2417 ﬂuvio.
2824 2362 3002 2430 itaque
3035 2360 3219 2417 Vmedia
3280 2365 3498 2417 circiter

1932 2430 2071 2483 notis
2105 2440 2226 2483 tunc
2251 2440 2404 2483 terra:
2438 2433 2628 2484 linibus
2659 2433 3000 2499 interjaceat.
3047 2434 3250 2487 idcirco
3296 2450 3399 2486 non
3440 2444 3494 2486 ut

1924 2500 2079 2571 anilis
2122 2500 2301 2567 fabula
2348 2500 2590 2571 (inquit)
2640 2504 2855 2554 ridenda
2889 2513 2965 2553 est
2998 2503 3087 2555 illa
3121 2506 3350 2570 antiqua:
3392 2503 3496 2555 Ec-

1924 2569 2095 2622 clesia:
2129 2570 2326 2643 opinio,
2458 2573 2623 2623 medio
2663 2574 2854 2643 mundo
2895 2574 3067 2625 urbem
3098 2569 3496 2643 Hierosolymi-

1924 2649 2101 2691 tunam
2146 2642 2302 2691 sitam
2346 2640 2528 2707 fuisse,
2575 2654 2620 2693 et
2653 2643 2709 2693 in
2752 2642 2928 2694 eadem
2969 2642 3244 2695 medietate
3290 2640 3493 2705 nolunt,

1931 2709 2185 2776 supplicio
2212 2710 2475 2774 affectum,
2506 2728 2536 2762 a
2565 2721 2727 2763 morte
2745 2712 3025 2764 eacilatum
3052 2712 3267 2764 humani
3294 2716 3493 2780 generis

1932 2792 2279 2844 reparatorem
2306 2795 2324 2832 :
2356 2782 2545 2832 scilicet
2577 2792 2627 2830 ut
2658 2782 2891 2833 omnibus
2925 2790 3119 2850 pateret
3146 2790 3294 2833 tanta
3327 2782 3489 2846 salus,

1927 2861 1975 2899 et
2017 2863 2079 2899 ea:
2110 2864 2256 2916 a'qao
2301 2850 2605 2901 annuntiari
2645 2850 2880 2902 omnibus
2925 2850 3279 2918 applicarique
3315 2852 3493 2905 divina

1933 2918 2180 2985 beneﬁcia
2219 2930 2441 2982 possent.
2481 2919 2554 2972 Ita
2598 2920 2884 2981 Cellarius,
2930 2921 3028 2973 etsi
3068 2923 3226 2971 homo
3276 2921 3493 2974 hetero-

1933 2988 2124 3039 doxns.
2183 2990 2246 3040 At
2294 3004 2483 3041 censor
2532 2989 2695 3040 multo
2742 2989 2943 3042 aliter:
2980 2988 3026 3040 Il
3076 2990 3157 3040 n‘u
3202 3006 3297 3055 pas
3330 2991 3493 3044 meme

1932 3056 2003 3126 les
2058 3058 2300 3110 éléments
2351 3061 2414 3110 de
2467 3060 2517 3110 la
2580 3060 2884 3126 géographie
2918 3074 2935 3112 :
2973 3059 3009 3111 il
3060 3058 3206 3123 place
3250 3059 3295 3110 le
3349 3071 3492 3114 mont

1934 3124 2186 3194 Golgotha
2228 3144 2295 3179 au
2323 3128 2496 3181 milieu
2538 3124 2609 3179 du
2637 3124 2804 3195 globe.
2849 3129 2986 3194 Quin
3027 3129 3214 3181 volnus
3248 3129 3491 3194 refricat,

1934 3195 2057 3247 dum
2088 3197 2221 3317 tzpis
2272 3198 2383 3250 D330
2428 3200 2643 3261 mando,
2682 3209 2867 3251 auctor
2908 3197 3202 3252 Litterariaa
3233 3196 3492 3265 Epheme-

1934 3266 2065 3315 ridis
2130 3266 2468 3317 ‘lorentinm:
2504 3284 2624 3317 nam
2653 3268 2715 3317 ad
2749 3269 2889 3317 diem
2931 3269 2964 3317 3
3009 3268 3126 3317 Maii
3171 3270 3323 3317 huius
3363 3272 3489 3317 anni

1934 3266 2065 3315 ridis
2106 3266 2468 3320 Florentium:
2504 3284 2624 3321 nam
2653 3268 2715 3319 ad
2749 3269 2889 3321 diem
2931 3269 2964 3321 3
3009 3268 3126 3321 Maii
3171 3270 3323 3333 hujus
3363 3272 3490 3326 anni

1932 3334 2091 3407 1765,
2110 3352 2211 3388 non
2240 3337 2407 3390 solum
2440 3339 2660 3406 Didymo
2682 3353 2823 3399 eam,
2846 3354 3007 3407 quant
3027 3340 3157 3402 dixi,
3181 3340 3488 3406 Opinionem

1931 3405 2088 3477 nimis
2134 3406 2481 3477 conﬁdenter
2531 3405 2745 3469 tribuit,
2798 3405 2979 3462 rerum
3028 3409 3189 3460 etiam
3221 3405 3309 3461 ’sic
3348 3410 3489 3477 loqui

1931 3489 2033 3525 non
2058 3475 2265 3528 dubitat
2294 3517 2313 3547 ._
2339 3477 2547 3541 Quanto
2590 3478 2692 3529 allo
2728 3479 3012 3547 sproposito
3055 3479 3367 3547 geograﬁco.
3469 3522 3485 3538 .

1926 3557 2104 3596 auesta
2144 3561 2265 3597 cosa
2295 3545 2323 3599 ἑ
2350 3562 2564 3599 comune
2597 3548 2702 3615 agli
2733 3549 2927 3600 antichi
2977 3545 3162 3603 Padri.
3199 3546 3315 3600 Jant
3365 3565 3489 3602 vero

1929 3629 2047 3665 cum
2086 3616 2195 3667 lucc
2226 3615 2295 3667 ita
2324 3630 2382 3668 se
2414 3617 2663 3677 habeant,
2709 3618 2953 3684 equidem
2994 3617 3294 3670 Parisinqu
3339 3618 3484 3674 illum

1929 3684 2204 3735 articulum
2236 3704 2262 3735 ει
2294 3687 2551 3752 praeclaro
2599 3699 2868 3753 geometra
2916 3686 3199 3756 Jacqniero
3226 3688 3484 3755 scriptum

1929 3767 2045 3804 esse
2078 3770 2348 3825 nunquam
2393 3758 2443 3808 in
2478 3756 2712 3807 animum
2744 3756 2998 3810 inducere
3032 3758 3173 3824 potui
3209 3774 3221 3809 :
3258 3772 3475 3825 geome-

1931 3832 2022 3894 trae
2052 3824 2192 3875 enim
2227 3841 2345 3878 esse
2387 3828 2706 3888 arbitrabar,
2753 3840 2873 3894 quae
2912 3837 3057 3880 certa
3108 3842 3210 3879 nou
3251 3824 3377 3891 sint,
3420 3844 3485 3883 ea

1929 3892 2151 3944 lidenter
2204 3909 2305 3946 non
2362 3896 2659 3957 allirmare;
2703 3892 2799 3948 nec
2838 3895 3125 3949 verisimile
3181 3896 3482 3962 videbatur,

1928 3962 2238 4016 doetissimo
2268 3964 2380 4016 viro
2404 3967 2583 4033 ignota
2622 3963 2785 4017 fuisse
2821 3981 2937 4032 quze
2976 3966 3239 4021 Cellarins
3282 3967 3377 4020 hac
3418 3972 3485 4022 de

1930 4034 2328 4105 rescripserat.
2364 4033 2434 4087 Le
2458 4035 2868 4105 mathématiqien
2896 4038 2977 4105 n'y
3017 4054 3047 4089 a
3074 4038 3216 4104 point
3248 4036 3311 4087 de
3341 4048 3482 4102 part,

1926 4103 2056 4155 scite
2084 4104 2255 4171 inquit
2277 4102 2592 4171 Jacquierns
2616 4109 2745 4173 ipse.
2772 4102 3035 4159 Nimirum
3070 4102 3308 4173 impenso
3339 4110 3479 4160 veri-

1928 4174 2051 4225 tatis
2102 4188 2285 4244 amore
2336 4177 2526 4228 ductus
2579 4175 2803 4244 insignis
2869 4177 2956 4229 ille
3031 4177 3481 4243 mathematicus,

1928 4256 2181 4311 meusque
2212 4243 2262 4294 in
2309 4244 2471 4311 ipsius
2510 4247 2749 4299 veritatis
2793 4260 2977 4299 amore
3020 4246 3221 4311 tiValis,
3273 4247 3484 4299 dubita-

1930 4308 2315 4383 tionein'nobis
2330 4308 2553 4365 omnem
2587 4316 2806 4367 sustulit
2832 4332 2845 4367 :
2876 4320 2924 4367 111
2953 4316 3174 4383 epistola
3206 4308 3347 4371 enim
3381 4316 3483 4370 Pa-

1928 4379 2107 4433 risina:
2136 4382 2206 4433 illi
2251 4382 2582 4447 Ephemeriili
2613 4385 2811 4437 inserta
2846 4388 2909 4436 ad
2942 4379 3079 4437 diem
3107 4386 3141 4438 5
3167 4385 3324 4440 Febr.
3354 4388 3481 4447 anni

1928 4447 2084 4510 i765,
2101 4454 2211 4502 base
2229 4455 2415 4506 St:l‘ll)ll.
2433 4454 2523 4505 .Le
2540 4455 2971 4518 mathematicien,
2994 4471 3115 4508 suns
3131 4468 3278 4511 autre
3300 4457 3482 4510 interet

1926 4536 2024 4587 que
2044 4519 2174 4596 celui
2206 4522 2267 4573 de
2297 4521 2352 4596 la
2382 4524 2565 4596 perite,
2593 4524 2850 4596 declare”
2878 4563 2891 4575 .
2920 4565 2932 4577 .
2966 4524 3094 4589 qu'il
3138 4524 3219 4596 n'a
3247 4532 3392 4596 point
3419 4534 3484 4578 de

1923 4590 2091 4661 parta
2121 4601 2246 4642 cette
2275 4593 2510 4661 critique.
2550 4592 2727 4661 Itaque
2770 4594 3088 4647 Florentino:
3126 4590 3480 4660 Euhemeridis

1925 4657 2223 4735 Litterarite
2253 4657 2469 4735 altato-ri
2508 4657 2893 4735 aliquantulum
2940 4657 3181 4735 irascor,
3207 4669 3347 4735 quod
3385 4681 3481 4718 au-

1926 4742 2073 4780 reum
2102 4729 2224 4782 illud
2253 4732 2528 4799 Augustini
2564 4729 2613 4802 in
2645 4733 3032 4802 Canonicorum
3068 4729 3265 4802 Regula
3301 4738 3475 4788 moui-

1929 4807 2035 4875 tnnt
2069 4804 2531 4875 non_atte_nderit_:
2564 4799 2788 4875 Famula
2837 4801 2926 4855 Dei
2968 4799 3171 4857 dicenti
3209 4807 3332 4875 quid
3381 4806 3479 4858 sibi

1923 4867 2119 4930 doleat,
2147 4870 2258 4922 sine
2288 4871 2607 4922 dubitatione
2640 4873 2899 4925 credatur.

1996 4937 2107 5013 (4i)
2148 4936 2443 5013 Coriterra’.
2482 4943 2602 5013 Ideo
2635 4940 2711 5013 sic
2736 4941 2880 5013 loqui
2919 4942 3196 5013 Didymum
3224 4944 3472 5012 conjicio,

1924 5010 2067 5075 quod
2134 5012 2379 5075 respiciat
2427 5027 2487 5063 ea
2547 5010 2743 5063 Christi
2813 5010 3031 5065 Domini
3083 5014 3249 5067 nostri
3316 5010 3479 5066 verba

1926 5082 2062 5143 apud
2103 5078 2406 5132 Malllltlmtll
2436 5097 2448 5133 :
2482 5079 2569 5133 Sic
2606 5081 2701 5131 erit
2750 5079 2919 5135 Filius
2966 5083 3189 5136 hominis
3231 5085 3283 5137 in
3324 5087 3479 5136 corde

1925 5157 2096 5209 terra',
2135 5162 2238 5201 etc.

1997 5221 2106 5285 (42)
2143 5217 2338 5293 Ipsum.
2364 5218 2556 5293 Ezech.
2593 5235 2645 5284 v,
2674 5221 2743 5293 5,4
2764 5219 2850 5293 ubi
2882 5218 3068 5293 Graeca
3101 5222 3301 5275 editio:
3330 5219 3479 5293 Αὕτη

1937 5286 2314 5361 Ἰερουσαλὴμ,
2359 5290 2416 5340 ὲν
2459 5290 2623 5359 μέσῳ,
2666 5291 2756 5341 καὶ
2798 5289 2869 5361 τὰν
2906 5290 3052 5361 ἑξῆς,
3101 5293 3151 5345 id
3191 5300 3317 5346 est:
3350 5286 3482 5345 11ωὸ

1924 5369 1998 5411 est
2024 5358 2352 5429 Jerusalem;
2393 5358 2668 5429 inmerito,
2702 5371 2755 5413 et
2783 5358 3003 5429 reliqua.

2019 5428 2107 5493 45)
2142 5426 2207 5481 In
2237 5438 2508 5484 wternum.
2552 5427 2692 5483 Psal.
2720 5426 2914 5493 cxvm,
2935 5445 3073 5485 vers.
3105 5429 3194 5485 89.

2019 5429 2107 5493 45)
2142 5429 2207 5481 In
2237 5438 2508 5484 wternum.
2552 5429 2692 5483 Psal.
2720 5444 2903 5493 cxvm,
2935 5445 3073 5485 vers.
3105 5429 3194 5485 89.

1995 5429 2107 5568 lu)
2156 5500 2336 5550 Amen.
2379 5495 2529 5551 Joan.
2570 5514 2687 5563 vut,
2734 5500 2821 5555 58.
2866 5498 3093 5554 Sensum
3140 5510 3318 5555 tamen
3347 5498 3480 5554 citat

1926 5565 2206 5636 Didymus,
2252 5582 2353 5620 non
2386 5568 2544 5621 verba
2576 5585 2590 5621 :
2630 5571 2699 5623 ibi
2729 5572 2869 5623 enim
2910 5587 3029 5624 cum
3067 5570 3251 5626 Graica
3292 5572 3475 5633 editio,

1928 5649 2039 5691 tum
2082 5636 2300 5705 Vulgata
2360 5642 2636 5693 translatio
2686 5640 2925 5694 habent:
2956 5640 3140 5704 Amen,
3170 5656 3319 5694 amen
3360 5642 3478 5693 dico

1924 5708 2085 5769 vobis,
2119 5719 2394 5778 antequam
2428 5709 2689 5762 Abraham
2727 5711 2893 5775 fieret,
2928 5727 3020 5778 ego
3058 5727 3194 5765 sum.
3230 5710 3473 5765 Notanda

1926 5786 2187 5847 przetqere‘a
2207 5777 2257 5828 in
2283 5778 2502 5847 Didyuio
2526 5781 2668 5833 vocis
2693 5780 2853 5841 illius,
2872 5777 3192 5844 ἀποκλείων,
3213 5793 3477 5846 acceptio.

1995 5845 2107 5915 (45)
2134 5844 2290 5901 Deus.
2310 5844 2446 5903 Psal.
2466 5864 2619 5915 cxiii,
2648 5864 2788 5904 vers.
2821 5849 2906 5904 11.
2943 5850 3071 5907 Vide
3092 5862 3208 5905 not.
3231 5844 3471 5917 79,p.ll.
