3970 6406
437 342 542 399 527

1659 332 1892 391 ΒΙῡΥΜΙ
1929 328 2398 388 ALEXANDRINI

3558 313 3669 378 598

435 457 672 518 essentia
731 458 920 522 libere,
978 471 1044 513 ac
1106 469 1203 525 per
1256 467 1316 510 se
1362 466 1595 524 operans
1647 453 1740 518 sit,
1799 450 1998 520 quique

2128 447 2366 518 ιπάρχειν
2391 446 2481 498 τὸν
2513 439 2834 505 ἐθελουσίως
2865 436 3290 511 αὐτουργοῦντα,
3336 434 3432 490 καὶ
3475 434 3669 507 ἔχοντα

439 551 622 607 omnia
650 549 845 604 habeat
877 547 980 603 soli
1017 561 1080 602 ac
1120 560 1267 600 mero
1310 558 1410 598 suo
1439 543 1590 598 nutui
1627 543 1746 597 sine
1770 549 1998 596 cuncta-

455 645 605 698 tione
631 641 1006 710 obsequentia,
1040 639 1161 708 quis
1187 637 1253 691 ad
1296 636 1554 691 unitatem
1590 634 1731 689 illius
1756 631 2003 689 essentia;

439 734 710 804 pertinere
731 731 1024 796 lulicietur,
1052 743 1171 800 qua:
1197 725 1412 796 propria
1435 726 1763 780 auctoritate
1785 721 1916 792 agit,
1947 729 2002 773 et

439 838 655 894 omnem
684 824 842 892 plane
887 822 1049 876 habet
1082 817 1440 890 potestatem?
1474 816 1540 870 Et
1566 817 1618 869 in
1644 829 1696 870 Cl
1739 812 1946 883 psalmo
1987 826 2002 864 :

441 914 601 969 Initio
624 911 734 984 (Mi)
770 923 963 966 terram
989 919 1066 976 tu,
1098 909 1340 972 Domine,
1358 907 1612 976 fundasti,
1638 915 1686 960 et
1714 919 1868 973 opera
1895 917 2002 953 ma-

440 1021 602 1060 nuum
633 1015 842 1058 tuarum
877 1010 999 1057 sunt
1026 1001 1140 1056 caeli
1163 1001 1304 1068 :ipsi
1336 997 1596 1069 peribunt,
1623 1005 1679 1050 tu
1696 1003 1871 1050 autem
1887 1008 2008 1062 per—

440 1110 639 1160 manes,
677 1103 728 1148 et
778 1108 954 1148 omnes
996 1093 1132 1146 sicut
1183 1089 1542 1145 vestimentum
1585 1096 1924 1150 veterascent,
1959 1095 2006 1139 et

441 1186 577 1239 sicut
612 1185 907 1255 stragulum
931 1182 1294 1236 circumvolves
1326 1196 1413 1234 eos
1435 1221 1449 1246 ,
1502 1190 1550 1234 et
1601 1177 1941 1231 mutabuntur
1989 1192 2007 1230 :

443 1281 500 1324 tu
529 1283 703 1325 autem
735 1272 870 1326 idem
892 1273 1002 1338 ipse
1030 1287 1104 1336 es,
1141 1280 1186 1322 et
1214 1270 1337 1322 anni
1362 1270 1440 1321 tui
1470 1284 1572 1320 non
1602 1266 1866 1334 deﬁcient.
1899 1266 2010 1320 Hoc

443 1372 528 1417 est
557 1379 571 1415 :
604 1360 682 1415 Tu
710 1373 944 1416 aeternus
978 1374 1056 1425 es,
1085 1370 1138 1414 et
1168 1361 1426 1414 inﬁnitus.
1457 1357 1651 1411 Paulus
1673 1368 1852 1412 autem
1876 1372 2010 1426 quo-

444 1466 550 1519 que
579 1452 776 1506 similia
834 1451 1046 1515 scribit,
1077 1451 1143 1503 ad
1197 1448 1457 1518 Ephesios
1505 1447 1722 1516 quidem
1760 1469 1772 1502 :
1813 1445 1874 1499 In
1906 1447 2009 1499 Deo

447 1541 581 1612 (47),
636 1543 725 1610 qui
766 1541 938 1594 omnia
960 1542 1149 1594 creavit
1193 1555 1212 1594 :
1255 1539 1321 1593 ad
1369 1537 1717 1592 Colossenses
1765 1546 1943 1590 autem
1993 1551 2007 1588 :

447 1635 707 1700 Quoniam
728 1633 838 1704 (48)
869 1637 922 1686 in
945 1635 1058 1703 ipso
1104 1634 1316 1686 condita
1351 1642 1471 1684 sunt
1524 1632 1783 1695 universa,
1822 1631 2012 1700 quwin

445 1724 607 1788 stetis,
643 1733 692 1777 et
719 1740 836 1792 qua:
867 1724 922 1776 in
960 1735 1102 1776 terra
1136 1732 1278 1788 sunt,
1326 1720 1576 1782 visibilia,
1622 1731 1668 1773 et
1703 1719 2006 1782 invisibilia,

2101 537 2242 608 ψιλῷ
2273 535 2350 606 τῷ
2375 533 2560 606 οἰκείῳ
2593 532 2820 604 νεύματι
2845 530 3024 584 πάντα
3045 529 3169 598 δίχα
3203 525 3513 598 μελλήσεως
3543 541 3669 579 συν-

2101 630 2393 700 τρέχοντα;
2437 628 2534 680 καὶ
2583 627 2642 679 ὲν
2666 631 2745 698 ρα¹
2786 621 3006 694 ψαλμῷ·
3044 621 3183 675 Κατ’
3202 619 3392 688 ἀρχᾶς
3415 615 3532 685 τὴν
3559 615 3677 688 γῆν

2103 721 2207 784 σὺ,
2239 720 2434 788 Κύριε,
2452 719 2870 787 ἐθεμελίωσας,
2896 712 2993 767 καί
3016 711 3160 782 ἔργα
3183 710 3303 766 τῶν
3324 707 3538 777 χειρῶν
3558 721 3678 762 σου

2103 811 2262 865 εἰσίν
2285 815 2340 864 οι
2353 810 2616 879 οὐρανοί·
2653 807 2822 862 αὐτοὶ
2849 803 3242 864 ἀπολοῦνται,
3283 799 3364 852 σὺ
3389 798 3458 882 δὲ
3478 795 3682 866 διαμέ-

2104 920 2247 969 νεις·
2285 904 2382 956 καὶ
2412 901 2629 967 πάντες
2655 901 2735 966 ὡς
2760 898 2989 968 ἱμάτιον
3015 891 3551 959 παλαιωθήσονται,
3580 888 3685 941 καὶ

2105 993 2248 1048 ὡσεί
2280 993 2658 1061 περιϐόλαιον
2703 988 2946 1054 εἱλίξεις
2997 985 3240 1050 αὐτοὺς,
3286 981 3385 1036 καί
3413 979 3685 1049 ἀλλαγή-

2107 1101 2335 1139 σονται·
2369 1083 2450 1136 σὺ
2471 1081 2540 1135 δὲ
2567 1085 2598 1136 ό
2627 1081 2808 1145 αὐτὸς
2838 1076 2911 1144 εἷ,
2944 1078 3043 1132 καί
3081 1076 3153 1160 τὰ
3192 1075 3296 1143 ἔτη
3327 1073 3420 1146 [14
3470 1071 3526 1145 α]
3561 1087 3684 1126 σου

2109 1180 2221 1232 οὐκ
2257 1178 2672 1246 ἐκλείψουσιν·
2705 1175 2825 1226 ἀντὶ
2857 1173 2972 1236 τοῦ,
3019 1171 3252 1241 ἄναρχος
3295 1167 3560 1238 ὑπάρχεις
3589 1165 3688 1218 καὶ

2108 1261 2428 1340 ἀπέραντος.
2480 1267 2590 1319 Καὶ
2643 1265 2854 1327 Παῦλος
2903 1264 2962 1316 δὲ
3008 1263 3076 1317 τὰ
3127 1263 3219 1314 ἴσα
3274 1258 3495 1331 γράφει,
3543 1256 3688 1327 πρὸς

2122 1360 2399 1429 Ἐφεσίους
2439 1359 2574 1430 μέν·
2611 1358 2707 1411 Ἐν
2750 1356 2829 1422 τῷ
2858 1354 2979 1420 Θεῷ
3025 1353 3098 1407 τὰ
3143 1350 3340 1406 πάντα
3387 1350 3685 1403 κτίσαντι·

2111 1452 2247 1523 πρὸς
2273 1452 2330 1504 δὲ
2363 1451 2716 1512 Κολασσαεῖς·
2753 1449 2882 1501 "Ott
2906 1448 2976 1500 ἐν
3005 1442 3164 1508 αὐτῷ
3187 1443 3430 1508 ἐκτίσθη
3446 1440 3518 1493 τὰ
3537 1437 3693 1492 πάν-

2111 1560 2203 1606 τα,
2226 1543 2297 1596 τὰ
2330 1543 2399 1595 ὲν
2431 1541 2554 1608 τοῖς
2581 1540 2856 1609 οίιρανοῖς
2883 1538 2984 1593 καί
3013 1537 3084 1592 τὰ
3098 1536 3196 1590 ἐπὶ
3220 1533 3327 1601 τῆς
3344 1533 3457 1604 γῆς
3476 1529 3688 1600 ὁρατὰ,

2067 1680 2069 1682 .
2111 1636 2208 1688 καὶ
2233 1635 2470 1703 ἀόρατα·
2501 1635 2622 1687 εἶτε
2643 1633 2861 1701 θρόνοι,
2885 1631 3004 1685 εἴτε
3036 1627 3399 1697 κυριότητες,
3435 1623 3554 1676 εἴτε
3580 1622 3690 1689 ἁρ-

2113 1726 2234 1796 χαὶ,
2251 1726 2370 1779 εἴτε
2395 1724 2686 1790 ἐξουσίαι,
2716 1724 2790 1778 τὰ
2812 1723 3007 1776 πάντα
3029 1720 3102 1773 δι’
3130 1716 3317 1773 αὐτοῦ
3344 1716 3442 1770 καί
3471 1716 3559 1780 είς
3581 1714 3692 1765 αὺ-

444 1816 550 1871 sive
573 1815 766 1879 throni,
797 1815 903 1868 sive
943 1813 1343 1879 dominationes,
1383 1813 1489 1868 sive
1525 1813 1866 1881 principatus,
1899 1814 2006 1866 sive

2128 1791 2223 1871 Eoi»
2249 1817 2516 1885 ἐκτίσθη·
2541 1817 2641 1870 καὶ
2677 1816 2859 1881 αὐτός
2900 1815 3031 1868 ἐστι
3071 1811 3184 1879 πρὸ
3211 1808 3471 1870 πάντων,
3491 1805 3589 1859 καί
3617 1804 3694 1858 τὰ

448 1915 727 1977 potestates
755 1920 773 1958 :
807 1906 981 1958 omnia
1010 1921 1102 1972 per
1128 1906 1319 1974 ipsum,
1354 1913 1401 1958 et
1431 1905 1484 1956 in
1510 1904 1619 1972 ipso
1646 1913 1819 1956 creata
1848 1913 2011 1957 sunt:

446 2009 492 2054 et
521 1999 629 2068 ipse
649 2007 723 2052 est
753 2008 874 2051 ante
897 2013 1094 2060 omnes,
1125 2006 1172 2049 et
1195 1997 1370 2050 omnia
1389 1998 1443 2049 in
1465 1996 1574 2066 ipso
1597 2007 1852 2050 constant.
1877 1995 2010 2050 Nam

447 2107 534 2156 eo,
573 2091 664 2161 qui
721 2088 1092 2143 substantialis
1153 2088 1328 2158 imago
1386 2089 1477 2143 Dei
1527 2098 1631 2152 est,
1677 2088 1876 2156 quique
1924 2096 2008 2142 est

453 2193 580 2236 ante
615 2195 841 2244 omnes,
882 2179 1057 2234 nullus
1114 2178 1315 2234 deitate
1362 2179 1706 2249 praestantior
1759 2189 1861 2244 est,
1915 2193 2014 2234 nec

450 2287 614 2342 supra
635 2287 759 2328 eum
793 2271 1019 2340 positus,
1063 2285 1234 2339 neque
1278 2271 1572 2337 vetustior;
1621 2272 1764 2326 sicut
1805 2285 1893 2337 eo,
1922 2270 2014 2340 qui

452 2372 537 2419 est
575 2372 695 2433 post
719 2376 928 2424 omnes,
963 2360 1140 2415 nullus
1171 2360 1392 2416 inferior
1423 2371 1525 2428 est,
1561 2375 1624 2415 ac
1657 2363 1755 2417 sub
1782 2375 1846 2416 eo
1872 2362 2015 2430 posi-

453 2465 558 2520 tus,
573 2469 744 2525 neque
770 2451 1170 2526 posterior(49).
1190 2453 1254 2507 Et
1274 2452 1448 2508 aliter.
1473 2451 1527 2508 Si
1550 2461 1632 2508 est
1653 2463 1776 2509 ante
1804 2468 2014 2519 omnes,

452 2545 600 2602 solus
632 2547 794 2616 igitur
821 2560 887 2600 ex
933 2545 1071 2607 solo,
1117 2553 1174 2599 et
1219 2542 1376 2599 unica
1425 2558 1488 2598 ac
1527 2543 1785 2614 singulari
1810 2543 2018 2598 ratione

455 2646 582 2691 ante
612 2650 826 2691 omnem
857 2637 1226 2703 operationem
1275 2633 1616 2690 ineﬂahiliter
1654 2635 1863 2704 genitus
1895 2635 2013 2697 fuit.

452 2736 508 2782 et
540 2725 967 2781 substantialiter
1008 2737 1090 2780 est
1129 2725 1297 2780 Filius
1347 2725 1520 2780 Patris
1559 2743 1573 2779 :
1608 2737 1828 2788 necesse
1872 2726 2016 2780 enim

453 2831 556 2888 est,
592 2830 650 2875 ut
688 2822 778 2891 qui
827 2829 908 2875 est
959 2828 1084 2873 ante
1133 2832 1351 2883 omnes,
1405 2826 1459 2871 et
1504 2830 1718 2871 omnem
1771 2824 2014 2871 naturam

454 2912 614 2967 modo
641 2914 870 2980 quodam
931 2909 1040 2981 36
1093 2920 1340 2964 naturam
1391 2909 1562 2978 ipsam
1604 2908 2018 2963 transcendente

455 3003 815 3067 administrat,
845 3017 952 3056 non
985 3003 1055 3056 sit
1087 3002 1381 3071 quidquam
1423 3015 1490 3055 ex
1528 3001 1795 3066 omnibus,
1843 3014 2016 3069 neque

456 3101 701 3146 creatura
734 3093 1017 3156 habeatur,
1069 3091 1201 3145 iisve
1239 3101 1607 3160 comparetur,
1644 3105 1762 3158 quas
1806 3089 1874 3144 ab
1902 3091 2018 3159 ipso

453 3189 714 3262 producta
758 3185 870 3257 (50)
921 3183 1159 3248 fuerunt,
1207 3191 1260 3236 et
1286 3196 1520 3244 omnem,
1555 3181 1736 3235 habita
1781 3182 1847 3236 ad
1897 3196 2019 3234 eum

456 3279 686 3343 ratione,
741 3276 1112 3331 diversitatem
1146 3275 1334 3329 sortita
1373 3273 1486 3345 (5i)
1529 3281 1671 3326 sunt.
1721 3273 1787 3326 Et
1837 3273 2011 3328 aliter.

456 3369 628 3432 illum,
656 3381 814 3438 quem
847 3365 968 3435 quis
995 3363 1276 3432 cujuslibet
1307 3373 1569 3418 creaturae
1599 3362 1855 3418 factorem
1902 3380 2023 3420 esse

457 3456 912 3529 pronuntiaverit,
974 3469 1242 3524 quemque
1292 3462 1596 3524 portantem
1648 3453 1760 3525 (52)
1809 3449 2021 3510 amnem

458 3559 786 3615 creaturam,
837 3558 891 3603 et
936 3548 1223 3617 imaginem
1264 3545 1382 3614 Dei,
1425 3555 1479 3602 et
1520 3547 1736 3611 Filium.
1785 3563 1909 3604 cum
1947 3549 2021 3603 rei

460 3643 744 3697 veritatem
773 3654 1042 3709 spectans,
1079 3647 1188 3693 tum
1226 3637 1422 3694 divinis
1459 3639 1692 3694 oraculis
1741 3640 2024 3695 convictus

464 3732 861 3799 nominaverit;
890 3744 1035 3792 eum,
1067 3729 1310 3798 inquam,
1334 3729 1528 3798 ipsum,
1557 3730 1822 3798 quomodo
1847 3728 2024 3783 factu-

461 3839 579 3878 ram
603 3836 837 3892 quoque,
871 3831 962 3875 aut
994 3821 1255 3874 minorem
1286 3829 1532 3888 portante
1563 3822 1743 3876 omnia
1776 3821 1905 3888 Deo,
1934 3831 2026 3876 aut

457 3915 748 3988 junioretn,
801 3913 900 3966 nisi
939 3912 1158 3966 insanus
1206 3911 1384 3975 luerit,
1427 3912 1478 3965 in
1528 3911 1650 3967 ﬁdei
1692 3912 2025 3970 confessione

464 4001 576 4076 (55)
642 3999 965 4055 aﬂirmahit?
1002 4000 1075 4054 De
1100 4000 1498 4054 numenclatura
1531 4015 1655 4056 vero
1695 4001 1808 4066 Dei,
1840 4015 1894 4057 et
1924 4018 2023 4056 an-

463 4094 592 4163 geli,
633 4092 771 4147 Filio
798 4091 1166 4157 conveniente,
1197 4091 1476 4160 prOphetat
1502 4091 1790 4148 Malachias
1833 4094 1912 4148 sic
1942 4094 2025 4148 in-

463 4187 704 4255 quiens:
748 4182 922 4237 Veniet
974 4180 1085 4252 (54)
1153 4182 1220 4234 ad
1267 4183 1516 4251 templum
1567 4200 1718 4236 suum
1771 4184 2024 4238 Dominus

462 4295 614 4352 quem
648 4293 733 4332 vos
754 4275 1011 4346 quwritis,
1057 4281 1105 4326 et
1149 4271 1372 4343 Angelus
1421 4276 1728 4337 testamenti,
1759 4292 1907 4344 quem
1939 4293 2026 4330 vos

466 4369 642 4433 vultis.
692 4365 827 4420 Ecce
867 4367 1001 4419 venit
1044 4363 1318 4430 Dominus,
1360 4374 1408 4419 et
1445 4365 1559 4434 quis
1589 4367 1858 4420 sustinebit
1889 4369 2024 4421 diem

466 4465 727 4532 ingressus
767 4461 907 4528 ejus?
957 4469 1050 4513 aut
1104 4459 1217 4529 quis
1264 4460 1504 4512 subsistet
1543 4460 1598 4512 in
1647 4463 1844 4514 visione
1875 4463 2025 4530 ejus?

469 4553 637 4620 Hujus
658 4553 859 4608 oraculi
887 4552 1096 4606 initium
1119 4550 1524 4618 OEconomiam,
1585 4553 1685 4606 hoc
1710 4564 1812 4618 est,
1847 4554 2028 4609 incar-

472 4644 738 4699 nationem
787 4644 1062 4714 designat;
1108 4644 1251 4713 quod
1301 4655 1479 4698 autem
1523 4646 1786 4714 sequitur,
1829 4662 2027 4702 secun-

471 4735 596 4787 dum
623 4731 831 4787 Domini
867 4733 1150 4788 adventum
1196 4733 1414 4798 indicat,
1441 4734 1730 4788 terribilem
1759 4735 1937 4802 simul,
1968 4753 2032 4793 ac

544 4843 655 4911 (46)
707 4841 869 4896 Initio
945 4844 1084 4899 Psal.
1114 4859 1186 4906 οι,
1219 4859 1357 4900 vers.
1389 4844 1476 4906 26,
1518 4844 1586 4897 27
1624 4855 1678 4900 et
1718 4847 1806 4900 28.
1846 4849 2031 4904 Graeca

472 4915 658 4993 editio,
694 4912 990 4993 διαμένεις,
1037 4916 1088 4967 id
1128 4924 1212 4993 est
1257 4931 1545 4983 permanes.
1594 4917 1773 4971 (lodex
1817 4919 2032 4972 l‘assio-

476 4987 734 5054 neianus,
782 4987 1076 5053 διαμενεις,
1134 4987 1249 5038 sine
1310 4997 1553 5048 accentu,
1598 4989 1748 5054 quasi
1798 4989 2035 5042 incertus

478 5053 637 5128 fuerit
659 5052 945 5128 librarius,
965 5052 1628 5128 scriberetne‘dtapévug,’
1645 5072 1712 5109 an
1737 5056 2032 5128 διαμενεῖς,

478 5124 650 5193 idest
689 5126 1026 5193 permanebis.
1076 5125 1208 5185 Pro,
1254 5123 1486 5189 εἱλίξεις,
1535 5137 1732 5187 autem,
1793 5123 1926 5192 sive,
1976 5139 2035 5183 ut

478 5191 638 5262 habet
679 5191 866 5253 Codex.
909 5193 1143 5258 εἱλίξεις,
1189 5193 1373 5250 Graeca
1401 5197 1566 5250 editio
1611 5199 1787 5260 habet,
1818 5198 2030 5262 ἑλίξεις.

476 5259 674 5336 Neutra
707 5265 862 5336 [eetio
890 5267 1100 5319 videtur
1131 5267 1476 5332 repudianda.
1517 5265 1649 5321 Vide
1675 5259 1843 5336 segni.
1875 5259 1940 5322 67
1979 5259 2033 5323 ὁ.

550 5331 660 5404 (4⁸7)
707 5331 772 5384 In
811 5333 930 5404 Deo.
981 5331 1292 5404 Ephesii",
1336 5336 1388 5400 9,
1445 5336 1530 5390 ubi
1578 5331 2034 5404 pOSl,—X1:£O'a‘l‘l:t,

477 5400 693 5476 additur
722 5419 734 5454 :
765 5403 862 5476 Διά
916 5400 1103 5476 ,Ἰησοῦ
1137 5404 1410 5476 Χριστοῦ,
1473 5407 1526 5458 id
1578 5400 1662 5460 est
1709 5424 1797 5473 per
1854 5400 2034 5462 desum

479 5467 767 5550 Qtrt'stum.
786 5467 1053 5550 (Ξριιῇρὶειι
1082 5467 1310 5550 fortasse
1333 5467 1472 5550 quis,
1504 5467 1720 5550 librario
1749 5480 1861 5532 haec
1889 5482 2036 5532 exci-

480 5540 645 5614 disse,
678 5557 798 5614 cum
829 5540 1083 5614 Didymus
1115 5547 1182 5597 de
1211 5540 1364 5598 Filio'
1394 5546 1480 5598 hic
1515 5546 1782 5614 loquatur,
1831 5565 1936 5602 non
1971 5554 2036 5604 de

480 5559 645 5604 uisse,
678 5559 798 5596 cum
829 5559 924 5598 υιυ
967 5559 1083 5598 mus
1115 5559 1182 5597 de
1211 5559 1346 5598 riuo
1394 5559 1480 5598 mc
1515 5559 1646 5614 loqu:

479 5609 598 5687 Deo
611 5626 683 5687 ac
709 5611 885 5687 ἔξειπε,
925 5559 1072 5687 {ide
1087 5623 1263 5687 tamen
1298 5629 1465 5687 segni.
1498 5614 1566 5670 90
1593 5632 1646 5687 ο.

552 5679 989 5758 (438)_Q_uonia1n.
1021 5683 1239 5758 _Coloss.
1278 5700 1324 5758 ⁸ι,
1361 5679 1443 5758 fili
1469 5695 1544 5758 _et
1585 5685 1671 5751 17,
1717 5688 1804 5742 ubi
1852 5688 2038 5745 Graeca

477 5750 838 5831 etlit'ioﬁhahet
861 5771 874 5807 :
905 5754 996 5831 T&_
1010 5754 1182 5824 ὁρατὰ
1209 5754 1310 5831 καὶ
1328 5753 1396 5807 τὰ
1418 5750 1662 5831 ἀόρατα,
1684 5758 1883 5831 Deinde
1916 5776 2034 5831 pro,

477 5818 724 5892 ἐκτίσθη,
754 5821 933 5892 habet,
973 5818 1236 5881 ἔκτισται.
1274 5823 1400 5896 Pro,
1448 5818 1551 5881 sive
1597 5828 1787 5895 throni,
1834 5830 1890 5886 ὃ.
1916 5818 2033 5887 Ἁυλ

2047 3146 2088 3204 C

2117 1907 2312 1961 πάντα
2356 1907 2427 1961 ἐν
2467 1907 2625 1973 αὐτῷ
2666 1906 3066 1972 συνέστηκεν.
3116 1902 3223 1956 Τοῦ
3271 1900 3380 1971 γὰρ
3418 1895 3694 1961 οὑσιωδῶς

2119 2000 2529 2067 ὲξεικονίζοντος
2569 2000 2659 2052 τὸν
2685 1998 2838 2062 Θεὸν,
2863 1998 2956 2050 καὶ
2985 1994 3078 2048 τοῦ
3111 1994 3217 2065 πρὸ
3245 1993 3460 2046 πάντων
3485 1993 3553 2060 τῇ
3575 1988 3695 2042 θεό-

2117 2112 2239 2166 τητι
2268 2094 2442 2158 οὐδεὶς
2479 2093 2828 2165 ὑπέρκειται,
2855 2089 2976 2142 οὐδὲ
3009 2083 3454 2159 πρεσϐυτερεύει·
3483 2082 3558 2146 ὡς
3593 2080 3691 2134 τοῦ

2122 2187 2260 2258 μετὰ
2287 2186 2492 2248 πάντας
2533 2185 2705 2245 οὐδεὶς
2735 2183 3037 2246 ὑπόκειται,
3064 2178 3186 2232 οὐδὲ
3215 2173 3517 2248 ὑστερεύει.
3580 2172 3695 2226 Καὶ

2120 2278 2309 2341 ἄλλως·
2360 2279 2424 2330 Ei
2476 2276 2582 2346 πρὸ
2629 2276 2844 2329 πάντων
2889 2274 3039 2326 ἐστὶν
3068 2272 3226 2343 μόνος
3266 2273 3331 2323 ὲκ
3367 2268 3548 2340 μόνου,
3598 2264 3696 2317 καὶ

2124 2371 2316 2440 μόνως·
2350 2369 2454 2438 πρὸ
2482 2370 2663 2438 πάσης
2716 2366 2994 2437 ἐνεργείας
3045 2364 3373 2434 ἀπορρήτως
3404 2354 3693 2428 ἐγεννήθης

2121 2462 2215 2516 καὶ
2241 2460 2515 2524 οὑσιωδῶς
2535 2461 2663 2524 Υἱός
2689 2462 2804 2512 ἐστι
2833 2457 2923 2512 τοῦ
2954 2457 3186 2528 Πατρός.
3217 2457 3306 2507 Δεῖ
3328 2453 3436 2524 γὰρ
3461 2449 3552 2504 τὸν
3586 2447 3697 2519 πρὸ

2121 2553 2336 2606 πάντων
2365 2552 2514 2616 ὄντα,
2551 2552 2646 2604 καὶ
2688 2551 2866 2621 πάσης
2900 2549 3114 2619 φύσεως
3155 2543 3449 2616 ὑπερφυῶς
3473 2543 3696 2610 ἐπιτρο-

2121 2641 2374 2706 πεύοντα,
2416 2641 2580 2712 μηδὲν
2612 2636 2873 2694 εἶναιτῶν
2895 2640 3133 2692 πάντων·
3164 2637 3296 2708 μηδὲ
3321 2635 3526 2704 κτίσμα
3553 2631 3696 2686 κατὰ

2124 2731 2407 2803 σύγκρισιν
2440 2733 2678 2786 νοεῖσθαι
2723 2732 2834 2786 τῶν
2893 2732 3023 2803 παρ’
3057 2730 3220 2784 αὑτοῦ
3267 2726 3696 2799 παροισθέντων,

2121 2823 2214 2877 καὶ
2249 2826 2426 2878 πᾶσαν
2481 2823 2754 2895 είλιχότων
2806 2823 2942 2896 πρὸς
2988 2821 3149 2876 αὐτὸν
3208 2819 3532 2890 ἐξαλλαγήν.
3582 2816 3699 2871 Καὶ

2121 2917 2314 2980 ἄλλως·
2362 2919 2457 2970 Ὃν
2483 2916 2548 2970 ἀν
2601 2933 2685 2980 τις
2715 2915 2915 2980 παντὸς
2945 2918 3246 2987 ποιήματος
3277 2912 3507 2984 ποιητὴν
3561 2911 3701 2964 ἁπο-

2123 3009 2371 3079 φήναιτο,
2407 3008 2501 3062 καὶ
2529 3009 2708 3061 πᾶσαν
2727 3007 3062 3078 βαστάζοντα
3089 3005 3187 3076 τὴν
3211 3005 3406 3067 κτίσιν,
3437 3004 3533 3056 καὶ
3562 3000 3704 3054 εικόν-

2122 3116 2188 3152 να
2209 3098 2303 3152 τοῦ
2329 3097 2463 3151 Θεοῦ
2489 3101 2584 3152 καὶ
2615 3099 2742 3151 Υίὸν
2771 3097 3044 3168 όνομὰσοι,
3071 3099 3136 3168 τῇ
3176 3113 3235 3149 τε
3267 3093 3493 3166 ἀληθείᾳ
3525 3109 3700 3162 προσ-

2128 3188 2265 3259 έχων
2299 3190 2393 3241 καὶ
2424 3188 2527 3240 ὑπὸ
2577 3188 2684 3242 τῶν
2739 3187 2894 3241 θείων
2926 3186 3122 3254 λογίων
3163 3181 3697 3256 πληροφορούμενος·

2125 3280 2311 3334 τοῦτον
2358 3280 2474 3345 πῶς
2503 3281 2568 3334 ἂν
2600 3279 2830 3352 ποίημα,
2868 3281 2902 3351 ἢ
2961 3279 3280 3351 μικρότερον
3319 3275 3412 3330 τοῦ
3443 3275 3703 3346 φέροντος

2126 3372 2195 3426 τὰ
2221 3373 2400 3426 πάντα
2442 3370 2599 3435 Θεοῦ,
2629 3373 2663 3442 ἢ
2694 3371 3118 3444 προγενέστερον
3144 3370 3355 3440 ἔχοντα,
3388 3369 3434 3420 εί
3469 3367 3545 3438 μὴ
3573 3366 3704 3438 μαί-

2127 3481 2291 3530 νοιτο,
2323 3464 2820 3536 προσομολογήσει;
2848 3465 2983 3535 Περὶ
3011 3464 3068 3517 δὲ
3089 3462 3183 3516 τοῦ
3217 3461 3346 3514 Θεὸν
3375 3461 3470 3513 καὶ
3499 3460 3705 3527 Ἀγγε-

2127 3557 2217 3610 λον
2251 3555 2569 3627 κεκλῆσθαι,
2629 3556 3079 3629 προφητεύουσιν,
3120 3554 3407 3625 Μαλαχίας
3436 3554 3555 3624 μὲν,
3605 3550 3705 3605 οῦ-

2130 3665 2237 3711 τως
2275 3646 2463 3701 εἰπών’
2495 3648 2663 3713 ’Ἥξει
2703 3651 2790 3714 είς
2817 3647 2924 3701 τὸν
2949 3647 3100 3701 ναὸν
3123 3646 3309 3701 αὑτοῦ
3349 3646 3583 3714 Κύριος,
3627 3643 3705 3696 ὃν

2127 3737 2296 3808 ὑμεῖς
2339 3738 2572 3806 ζητεῖτε·
2606 3739 2703 3792 καί
2745 3741 2778 3793 ό
2818 3738 3070 3808 ἅγγελος
3109 3736 3221 3806 τῆς
3258 3735 3568 3803 διαθήκης,
3628 3733 3704 3788 ὃν

2128 3829 2295 3899 ὑμεῖς
2331 3829 2551 3886 θέλετε.
2599 3830 2753 3887 Ἰδοὺ
2791 3830 3026 3900 ἔρχεται
3068 3831 3304 3897 Κύριος,
3346 3827 3447 3881 καὶ
3498 3825 3590 3899 [14
3647 3824 3702 3898 ὁ]

2128 3923 2221 3986 τίς
2259 3921 2542 3990 ὑπομενεῖ
2568 3921 2796 3990 ἡμέραν
2821 3921 3064 3976 εἰσόδου
3097 3920 3321 3984 αὐτοῦ;
3361 3920 3400 3988 ἡ
3444 3919 3534 3984 τίς
3556 3922 3708 3974 ὑπο-

2129 4011 2416 4080 στήσεται
2435 4012 2505 4065 ἐν·
2530 4011 2606 4080 τῇ
2644 4014 2904 4078 ὀπτασίᾳ
2933 4011 3156 4076 αὑτοῦ;
3202 4011 3267 4063 Ἣ
3296 4010 3440 4081 ἀρχὴ
3463 4008 3557 4062 τοῦ
3590 4011 3699 4080 ρη-

2128 4104 2244 4168 τοῦ,
2293 4103 2391 4174 τὴν
2437 4105 2764 4174 οἰκονομίαν·
2799 4105 2859 4158 τὸ
2890 4105 2934 4158 δ’
2973 4106 3262 4175 ἑπόμενον,
3317 4103 3417 4174 τὴν
3461 4100 3704 4172 φοὸερὰν

2131 4194 2222 4248 καὶ
2253 4194 2628 4266 φιλάνθρωπον
2675 4195 2838 4249 αὐτοῦ
2881 4195 3140 4265 δευτέραν
3173 4194 3475 4265 παρουσίαν
3523 4192 3697 4262 δηλοῖ.

2143 4285 2366 4348 Ἡσαΐας
2390 4285 2446 4344 δὲ
2483 4285 2640 4356 βοῶν,
2664 4286 2850 4358 τρόπῳ
2933 4285 3184 4339 εἰώθασιν
3223 4286 3272 4338 oi
3315 4283 3705 4356 συγχαίροντες

2131 4377 2411 4445 ἀγγέλλειν
2476 4381 2589 4442 τοῖς
2642 4378 2793 4433 οῦπω
2845 4379 2938 4432 τοῦ
2993 4379 3286 4450 γενομένου
3348 4377 3700 4450 ᾐσθημένοις·

2132 4468 2377 4522 Παιδίον
2406 4469 2694 4538 ἐγεννήθη
2728 4469 2892 4540 ἡμῖν,
2946 4470 3081 4535 Υἱὸς
3111 4469 3208 4524 καί
3235 4469 3438 4538 ἐδόθη·
3466 4469 3565 4523 καὶ
3596 4485 3707 4522 κα-

2130 4561 2318 4615 λεῖται
2341 4561 2407 4613 τὸ
2452 4562 2638 4630 ὄνομα
2689 4563 2895 4628 αὐτοῦ,
2931 4563 3205 4633 μεγάλης
3223 4563 3465 4632 ,βουλῆς
3500 4565 3706 4633 Ἄττε-

2130 4655 2256 4717 λος·
2287 4650 2648 4720 θαυμαστὸς,
2670 4652 3032 4721 σύμϐουλος,
3097 4653 3261 4719 Θεὸς,
3309 4653 3578 4722 ἰσχυρὸς,
3605 4654 3708 4718 ἐξ·-

2131 4741 2481 4811 ουσιαστὴς,
2522 4741 2720 4812 ἅρχων
2740 4743 3000 4813 είρὴνης.
3034 4744 3234 4798 Τοῦτον
3259 4743 3350 4798 τὸν
3372 4743 3504 4796 Θεὸν
3529 4743 3709 4811 Λόγον

2205 4855 2417 4932 (49),Ει
2450 4857 2622 4932 aliter.
2655 4858 2818 4932 Arida
2852 4860 2978 4927 ista,
3011 4869 3067 4914 ut
3093 4862 3172 4917 sic
3197 4862 3403 4932 loquar,
3433 4875 3488 4918 et
3516 4862 3704 4931 jejuna

2135 4928 2453 4998 transitione
2493 4929 2662 4998 utitur
2709 4929 2965 4998 Didymus
3007 4933 3172 4986 etiam
3228 4928 3284 4986 iii
3322 4933 3460 4987 lihro
3511 4928 3702 4986 contra

2133 4995 2487 5060 Maniclttvos,
2540 4997 2639 5052 nisi
2699 4995 2841 5067 quod
2905 5001 2973 5055 ibi
3028 5004 3137 5065 ait,
3191 5003 3363 5066 ἄλλως
3410 5021 3490 5057 τε.
3550 5001 3706 5057 Vetti

2133 5077 2309 5139 autem
2337 5079 2508 5139 potest
2539 5085 2553 5121 :
2584 5067 2653 5121 Et
2680 5071 2854 5139 aliter,
2889 5071 2990 5132 vel,
3022 5085 3296 5135 praterea,
3326 5074 3431 5139 vel,
3461 5077 3606 5127 item.

2203 5135 2638 5262 £5029Producta.
2680 5135 2810 5193 Vide
2842 5135 2958 5194 not.
2995 5139 3086 5208 28,
3111 5160 3230 5214 pag.
3265 5145 3320 5209 4,
3363 5135 3426 5200 ει
3457 5156 3569 5198 not.
3605 5143 3703 5209 28,

2132 5221 2253 5274 pag.
2282 5221 2366 5262 w.

2354 5273 2573 5358 ξρνιίιιι.
2614 5276 2670 5332 In
2696 5281 2815 5358 cod.
2847 5282 3142 5358 είλ-ιχότῳν.
3181 5285 3343 5354 Lege,
3380 5285 3703 5358 εἰληχότων.

2205 5345 2316 5415 (52)
2352 5345 2684 5422 got-tantem.
2727 5345 3156 5422 Respicit-Hebr.
3371 5345 3705 5412 Vidénetiam

2136 5426 2314 5487 notam
2344 5415 2431 5476 68,
2469 5433 2586 5487 pag.
2620 5418 2673 5473 9.

2207 5485 2424 5567 (53)__ln
2452 5485 2572 5555 ﬁdei
2605 5492 2943 5567 con[cssione.
2982 5496 3106 5550 Ideo
3141 5498 3219 5552 sic
3252 5497 3522 5560 transtuli,
3553 5500 3703 5564 quod

2135 5570 2265 5638 voce
2307 5557 2418 5620 illa,
2466 5560 2963 5638 nposouoinyﬁget,
2991 5567 3237 5622 videatur
3276 5569 3404 5622 mihi
3446 5557 3707 5638 Didymus

2134 5627 2367 5712 aliquam
2389 5642 2453 5712 εδ
2473 5627 2653 5711 mult-is
2677 5627 3272 5712 lideiConfessionibus,
3295 5654 3430 5712 quas
3458 5655 3520 5712 ea
3542 5627 3708 5712 {elate

2135 5697 2339 5778 Ariani,
2393 5700 2730 5778 Eunomiani,
2779 5697 3178 5778 _ﬂoiutieusiani,
3228 5697 3710 5778 Macedoniamque

2138 5767 2428 5822 identidem
2458 5771 2743 5836 cudebaut,
2778 5775 3030 5832 indicare.

2211 5837 2320 5907 (54)
2379 5836 2581 5897 Veniet.
2624 5840 2845 5898 Mal..cli.
2903 5862 2985 5912 ill,
3037 5850 3059 5902 l
3113 5859 3165 5903 et
3215 5849 3268 5902 ἓ.
3315 5849 3498 5904 Graeca
3538 5851 3709 5906 editio
