3906 6408
508 396 619 453 3'55

1759 391 2001 449 DIDYMI
2039 385 2512 448 ALEXANDRINI
3221 433 3226 440 ,
3659 404 3751 462 535

510 515 842 580 teuslonem,
875 529 977 586 qua
1009 513 1061 570 in
1092 513 1345 569 virtutem
1384 514 1554 570 tendit
1584 530 1599 568 :
1645 513 1720 568 ait
1743 516 1890 572 enim
1948 514 2089 571 Seri-

2199 517 2296 570 καὶ
2331 515 2624 586 ἀνόμοιον;
2668 513 2756 578 Ὧς
2790 512 3026 585 ἐδείχθη,
3064 516 3182 569 κατ’
3211 514 3384 570 οὐδέν.
3436 516 3543 570 Καὶ
3578 520 3696 586 γοῦν
3724 525 3751 577 6

510 615 667 675 plura
704 624 719 658 :
757 603 1042 674 Diligentcs
1077 603 1188 674 (73)
1223 604 1504 671 credimus,
1551 613 1599 659 et
1654 607 1920 660 credentes
1980 623 2096 676 spe-

512 715 690 754 ramus
736 712 954 766 regnare
992 713 1110 750 cum
1157 695 1398 750 "Chi-istc.
1429 697 1650 752 Etenim
1701 698 1747 753 si
1782 702 1967 754 verum
2013 692 2104 754 est

513 795 640 847 illud
679 811 694 847 :
731 792 880 847 Unus
927 790 1038 864 (74)
1073 792 1232 855 Deus.
1265 802 1319 845 el
1361 791 1490 846 illud
1521 806 1537 846 :
1567 790 1639 846 Ut
1661 793 1956 863 efﬁciamini
1981 791 2094 864 (75)

511 887 708 940 diuina:
765 895 1031 939 consortes
1091 893 1320 948 natum),
1378 899 1484 938 non
1543 899 1674 938 vero
1748 894 2092 951 naturarum;

501 993 678 1031 ‘Illlilm
728 992 946 1046 quoque
994 991 1114 1031 esse
1165 975 1238 1039 id,
1277 977 1417 1046 quod
1456 977 1680 1032 omnino
1741 978 1941 1032 bonum
1989 990 2093 1046 est,

509 1069 938 1132 demonstratur,
965 1083 1158 1136 nempe
1183 1068 1461 1122 deitatem.
1491 1067 1675 1139 Neque
1705 1071 1881 1139 quoad
1911 1085 2094 1138 aequa-

501 1161 756 1226 litatem;
808 1150 933 1229 quia
977 1159 1221 1230 Magnus,
1255 1170 1332 1224 et,
1363 1175 1529 1228 super
1555 1161 1737 1215 omnia
1770 1161 1913 1216 Deus
1960 1161 2096 1217 dici-

499 1263 601 1306 ‘tur
623 1253 791 1308 Filius
817 1252 872 1308 in
908 1251 1211 1323 Scriptura,
1267 1262 1318 1306 et
1366 1251 1650 1319 Equalem
1693 1252 1806 1324 (76)
1856 1255 2094 1324 seipsum

513 1346 718 1400 faciens
756 1345 927 1412 Patri,
957 1358 1031 1410 et,
1057 1344 1258 1399 'Jurans
1303 1345 1414 1416 (77)
1439 1361 1536 1414 per
1561 1346 1936 1417 semetipsum,
1969 1361 2094 1401 cum

514 1453 619 1493 non
659 1438 858 1494 haheat
893 1439 1154 1507 majorem
1187 1451 1264 1490 se.
1301 1434 1484 1507 Neque
1535 1437 1713 1507 quoad
1751 1439 2044 1508 potentiam
2076 1457 2090 1494 :

498 1531 772 1600 scriptum
827 1539 910 1584 est
941 1530 1083 1584 enim
1119 1548 1132 1583 :
1177 1527 1459 1584 Christum
1504 1527 1617 1600 (78)
1673 1528 1766 1583 Dei
1815 1528 2093 1594 virtutem,

511 1638 606 1677 seu
638 1624 955 1692 potentiam,
987 1630 1042 1677 et
1081 1622 1170 1675 Dei
1205 1621 1557 1690 sapientiam;
1592 1630 1647 1676 et
1699 1637 1713 1674 :
1756 1619 1948 1675 Omnia
1981 1621 2093 1691 (79)

509 1729 836 1782 qurerunque
868 1711 992 1781 facit
1021 1711 1201 1776 Pater,
1237 1709 1409 1765 Filius
1441 1727 1643 1782 quoque
1670 1709 1914 1765 similiter
1944 1713 2092 1781 facit.

513 1804 697 1873 Neque
730 1803 904 1873 quoad
942 1802 1198 1873 gloriam,
1255 1813 1350 1856 aut
1404 1803 1696 1872 quamdam
1754 1802 2091 1874 dignitatem.

2210 607 2550 670 Ἀπόστολος,
2584 606 2685 670 τὰς
2713 609 2792 671 είς
2818 609 2912 662 τὸν
2941 607 3204 680 μονογενῆ
3229 609 3356 661 Υίὸν
3386 608 3479 662 καὶ
3502 609 3628 663 Θεὸν
3652 614 3752 666 ἀσε-

2197 699 2310 764 ϐεῖς
2341 699 2636 771 ὑπολήψεις
2684 701 2978 771 αίρετικῶν
3010 701 3372 768 ἀναστέλλων,
3401 701 3499 772 τὴν
3540 702 3594 756 δὲ
3635 707 3753 778 πρὸς

2195 795 2288 848 τὸν
2317 795 2536 866 Πατέρα
2562 795 2726 848 αὐτοῦ
2755 795 2854 867 τῆς
2885 795 3100 864 φύσεως
3136 795 3461 867 ταυτότητα,
3495 796 3573 849 ἔτι
3599 797 3650 850 δὲ
3674 801 3753 853 καὶ

2196 886 2258 939 τὸ
2291 887 2624 958 συνάναρχον
2653 887 2958 958 κηρύττων,
2989 887 3228 960 γράψας,
3267 888 3343 951 ὡς
3371 889 3624 961 ἀνωτέρω
3651 892 3750 944 ἐλέ-

2197 978 2322 1050 χθη,
2355 981 2429 1045 ὼς
2483 981 2592 1032 Ὧν
2635 980 3002 1054 ἀπαύγασμα
3050 979 3158 1049 τῆς
3189 981 3374 1048 δόξης
3408 979 3500 1034 τοῦ
3529 983 3750 1053 Πατρὸς,

2198 1073 2498 1141 ἐπήγαγεν,
2525 1070 2624 1124 καὶ
2657 1071 2962 1140 χαρακτὴρ
2990 1069 3099 1139 τῆς
3135 1070 3530 1136 ὑποστάσεως
3567 1074 3748 1129 αὑτοῦ.

2198 1163 2308 1216 Καὶ
2359 1163 2520 1216 πάλιν
2573 1163 2708 1234 πρὸς
2774 1164 3104 1226 Κολοσσαεῖς
3152 1164 3246 1236 καὶ
3294 1164 3433 1236 πρὸς
3495 1164 3750 1235 Ἐϐραίους

2197 1255 2500 1308 ἐπέστειλεο
2552 1255 2660 1323 ’ος
2707 1256 2882 1311 ἐστιν
2908 1256 3087 1311 εἰκὼν
3118 1257 3226 1312 τοῦ
3271 1255 3422 1310 Θεοῦ
3457 1255 3558 1308 τοῦ
3596 1257 3750 1324 ἀορά-

2197 1364 2322 1400 του.
2377 1348 2488 1401 Καὶ
2521 1349 2579 1401 ὲν
2627 1347 2704 1420 τῷ
2749 1349 2891 1402 κατὰ
2949 1349 3202 1420 Ἰωάννην
3254 1349 3310 1402 δὲ
3363 1349 3698 1420 Εὐαγγελίῳ,
3727 1353 3752 1404 ό

2197 1439 2322 1501 Υἱὸς
2357 1439 2456 1510 τὴν
2491 1441 2682 1494 ἑαυτοῦ
2717 1441 2904 1494 οὐσίαν
2936 1441 3188 1513 πατρικῷ
3221 1440 3534 1513 χαρακτῆρι
3563 1442 3746 1513 ἐσφρα-

2195 1530 2377 1598 γίσθαι
2441 1531 2754 1603 παριστῶν,
2815 1529 2978 1586 εἷπεέ
3032 1532 3252 1586 Τοῦτον
3324 1534 3436 1602 γὰρ
3485 1535 3518 1586 ό
3573 1533 3750 1602 Πατὴρ

2207 1623 2578 1692 ἐσφράγισεν
2623 1625 2655 1677 ό
2706 1626 2869 1691 Θεός’
2908 1623 3380 1694 συνυφεστηκυίας
3423 1623 3479 1676 δὲ
3509 1623 3655 1694 δῆλον
3681 1626 3749 1678 ὅτι

2196 1715 2294 1786 τῆς
2336 1715 2630 1786 σφραγῖδος
2668 1715 2746 1786 τῷ
2795 1715 3108 1788 ἀρχετύπῳ,
3146 1715 3240 1769 καὶ
3279 1713 3536 1768 ίσοτύπου
3573 1715 3746 1786 οὔσης,

2197 1807 2290 1861 καὶ
2316 1808 2374 1860 ὲν
2402 1809 2568 1880 ἑαυτῇ
2597 1808 2653 1861 δὲ
2679 1807 3031 1878 δεικνυούσης
3060 1807 3281 1870 τελείως
3309 1807 3406 1861 καὶ
3436 1806 3639 1880 ἀληθῶς
3667 1809 3748 1878 τὴν

511 1896 601 1949 Ait
628 1895 770 1950 enim
800 1893 1084 1964 Scriptura
1121 1913 1134 1948 :
1167 1892 1226 1948 Si
1253 1895 1611 1965 cognovissent
1643 1893 1777 1966 (80),
1808 1895 2088 1950 Dominum

2197 1899 2410 1971 Πατρὸς
2450 1899 2545 1954 καὶ
2583 1900 2713 1953 Υἱοῦ
2754 1901 2847 1953 καὶ
2881 1899 3196 1971 Πνεύματος
3240 1899 3398 1968 ἁγίου
3441 1899 3638 1970 μονάδα
3665 1901 3747 1970 τῆς

509 1986 694 2058 gloria:
736 2003 843 2040 non
897 1985 1299 2054 cruci/ixissent.
1357 1985 1425 2039 Et
1472 1985 1720 2040 voluntas
1767 1985 1944 2040 Patris
1982 1995 2086 2045 est.

503 2080 658 2149 juxta
688 2076 974 2142 Joannem,
1001 2086 1056 2129 ut
1082 2091 1257 2130 omnes
1291 2075 1402 2148 (8|)
1448 2078 1698 2132 honorent
1737 2076 1957 2144 Filium,
1985 2079 2090 2132 sic-

505 2181 565 2224 ut
619 2171 880 2225 honorant
943 2169 1174 2224 Patrem.
1223 2167 1532 2225 Secundum
1582 2170 1710 2239 quid
1757 2185 1886 2238 ergo
1920 2179 2087 2224 restat

507 2273 570 2318 ut
597 2263 770 2332 major
823 2262 935 2334 (82)
971 2262 1043 2318 sit
1072 2261 1254 2326 Pater,
1304 2272 1360 2318 et
1400 2262 1682 2319 dissimilis
1724 2262 1931 2318 Filius?
1984 2262 2087 2317 Se-

505 2357 740 2412 cundum
774 2355 928 2423 nihil,
970 2364 1032 2410 ut
1074 2365 1354 2411 ostensum
1414 2364 1521 2410 est.
1576 2353 1863 2424 Apostolus
1904 2353 2089 2423 itaque

506 2447 887 2505 haereticorum
925 2448 1119 2518 impias
1154 2446 1221 2503 de
1249 2448 1530 2518 unigenito
1564 2447 1701 2502 Filio
1748 2456 1804 2502 et
1831 2445 1937 2500 Deo
1967 2444 2088 2515 opi-

507 2541 698 2596 niones
743 2539 848 2612 4],
887 2538 1164 2610 rejiciens,
1213 2548 1268 2594 et
1307 2536 1568 2594 eamdem
1606 2538 1707 2608 ipsi
1761 2553 1885 2594 cum
1926 2537 2088 2592 Patre

504 2641 758 2688 naturam
807 2646 948 2696 esse,
981 2644 1212 2701 eamque
1237 2639 1562 2685 coarternam
1606 2630 1930 2700 praedicans,
1960 2643 2085 2684 cum

505 2723 840 2794 scripsisset,
876 2730 935 2776 ut
969 2722 1218 2791 superius
1268 2721 1471 2776 dictum
1515 2730 1601 2776 est
1655 2738 1669 2775 :
1710 2720 1816 2786 Qui
1872 2737 1989 2774 cum
2021 2720 2084 2774 sit

503 2817 621 2891 (85)
654 2815 903 2884 splendor
937 2814 1122 2886 gloria:
1161 2801 1377 2880 Patris;
1419 2811 1698 2881 subjunxit
1730 2831 1743 2868 :
1789 2811 1858 2866 Et
1898 2811 2087 2865 chara-

504 2922 611 2965 cter
641 2909 962 2980 [typostasis,
1009 2924 1101 2962 seu
1132 2907 1464 2972 substantiw,
1499 2907 1635 2976 ejus.
1679 2906 1747 2960 Et
1778 2922 1967 2962 rursus
2017 2905 2084 2960 ad

501 3000 876 3066 Colossenses,
920 3007 975 3054 et
1006 2999 1074 3053 ad
1121 2997 1373 3053 Hebraeos
1399 2997 1510 3068 (84)
1547 2997 1809 3068 scripsit:
1855 2996 1959 3064 Qui
2007 3006 2086 3052 est

503 3086 616 3160 (85')
653 3088 826 3157 imago
858 3085 956 3139 Dei
1012 3085 1306 3141 invisibilis.
1351 3088 1413 3162 in
1447 3087 1740 3158 Evangelio
1783 3098 1962 3143 autem
2000 3102 2086 3143 se-

503 3181 741 3237 cundum
797 3179 1084 3246 Joannem,
1145 3179 1314 3236 Filius
1365 3195 1516 3236 suam
1565 3181 1856 3234 essentiam
1908 3178 2084 3235 Patris

2198 1988 2432 2060 φύσεως.
2493 1991 2560 2044 Ἢ
2601 1991 2712 2064 γὰρ
2760 1991 3016 2064 σφραγὶς,
3063 1991 3137 2056 ὡς
3185 1991 3280 2044 καὶ
3333 1993 3362 2045 ὁ
3408 1990 3676 2064 χαρακτὴρ
3695 1991 3746 2044 τὸ

2195 2083 2380 2153 ὅμοιον
2413 2084 2508 2137 καὶ
2537 2083 2827 2139 ἀνόθευτον
2857 2084 3112 2155 σημαίνει
3136 2099 3150 2114 ο
3186 2083 3314 2136 ἐπεὶ
3343 2083 3536 2156 καιρὸς
3591 2081 3671 2155 [17
3699 2081 3744 2155 α]

2195 2175 2368 2228 εἰπεῖν
2400 2173 2493 2228 καὶ
2521 2174 2611 2228 τὸν
2639 2174 2860 2245 Πατέρα
2891 2175 2966 2248 μὴ
2996 2177 3278 2247 ἀγενήτως
3307 2177 3403 2228 καὶ
3436 2174 3748 2249 ἀσυγκρίτως

2194 2266 2357 2339 ἔχειν,
2406 2268 2566 2339 εἴπερ
2599 2266 2986 2332 ὲξεικονίζεται
3022 2267 3119 2322 καὶ
3162 2267 3624 2339 χαρακτηρίζεται
3661 2265 3746 2320 ὑπὸ

2194 2358 2424 2431 γενητοῦ
2462 2358 2556 2413 καὶ
2586 2359 2863 2430 ἀνομοίου.
2901 2358 2984 2412 Τὰ
3011 2357 3129 2413 θεῖα
3156 2358 3334 2412 ταῦτα
3358 2358 3450 2412 καὶ
3483 2356 3745 2430 ἑρμηνείας

2193 2448 2453 2503 ἀνεπιδεᾶ
2493 2448 2650 2518 λόγια
2699 2449 2773 2522 μὴ
2821 2450 3068 2514 συνέντες
3110 2449 3322 2521 ὀρθῶς,
3363 2450 3746 2521 διαστρέφοντες

2192 2541 2271 2604 δὲ,
2297 2541 2392 2594 καὶ
2412 2540 2770 2612 ἀνθρωπίνοις
2796 2543 3028 2612 νοήμασι
3060 2543 3362 2612 μαχόμενοι
3379 2543 3492 2604 τοῖς
3517 2540 3604 2594 τοῦ
3633 2537 3744 2592 Θεοῦ

2195 2633 2437 2703 ῥήμασι,
2489 2631 2825 2700 φάσκουσι-θ’
2882 2629 3046 2684 Ἀλλο
3097 2629 3264 2695 Θεὸς,
3313 2629 3409 2682 καὶ
3451 2628 3572 2682 ἄλλο
3609 2625 3744 2680 εἰκὼν

2192 2723 2348 2798 Θεοῦ·
2373 2723 2450 2788 ὡς
2481 2722 2608 2779 ἄλλο
2639 2721 2956 2795 ἄνθρωπος,
2989 2721 3084 2776 κα)⁸
3114 2721 3243 2777 ἀλλο
3277 2720 3441 2776 είκὼν
3469 2718 3740 2790 ἀνθρώπου·

2191 2815 2286 2868 καὶ
2313 2815 2516 2886 τρόπον
2547 2815 2670 2868 τινὰ
2701 2813 2872 2868 εἰκόνι
2902 2814 3144 2884 ἀκινήτῳ
3179 2813 3273 2866 τὸν
3301 2802 3478 2878 ζῶντα
3505 2811 3595 2865 καὶ
3623 2809 3742 2878 ἐνερ-

2192 2907 2287 2975 γὸν
2333 2907 2466 2960 Θεὸν
2513 2906 2685 2974 Λόγον
2737 2905 3126 2970 ἀπεικάζουσι·
3164 2905 3284 2972 κατ’
3337 2903 3524 2957 ούσίαν
3571 2900 3621 2954 δὲ
3669 2899 3742 2954 καὶ

2192 2998 2330 3052 κατὰ
2377 2999 2557 3052 πάντα
2593 2997 2757 3052 εἰκών
2790 2997 2939 3052 ἐστιν
2985 2995 3371 3068 ἀπλανεστάτη
3406 2995 3498 3050 κα).
3541 2995 3756 3062 ἄναρχος.

2191 3087 2285 3141 τοῦ
2320 3087 2553 3158 Πατρὸς,
2586 3086 2679 3141 καὶ
2708 3087 2768 3141 ού
2802 3088 2944 3140 κατὰ
2991 3086 3206 3158 μορφὴν
3236 3086 3333 3140 καὶ
3375 3085 3590 3156 σχῆμα,
3635 3081 3742 3145 ὠςὸ

2191 3177 2658 3252 πλαστουργηθεὶς
2691 3179 2723 3251 ἢ
2758 3177 3141 3248 γεγλυμμένος
3185 3175 3393 3242 ἄπνους
3430 3176 3522 3230 καὶ
3550 3174 3639 3227 οὐκ
3662 3171 3741 3225 αὖ·

506 3271 826 3327 charactere
871 3271 1212 3342 obsignatam
1248 3287 1368 3326 esse
1407 3272 1719 3334 ostendens,
1755 3270 1831 3324 ait
1863 3288 1878 3325 :
1931 3269 2086 3324 Ilum:

2197 3270 2470 3341 τοκίνητος
2503 3268 2727 3340 ἀνδριάς
2745 3285 2758 3299 ·
2789 3267 2910 3321 οὐδὲ
2940 3265 3082 3320 κατὰ
3111 3262 3252 3327 εἶδος
3283 3265 3380 3320 καὶ
3403 3264 3592 3337 χρῶμα
3617 3261 3681 3324 ὠς
3709 3258 3737 3311 i‘

503 3364 615 3436 (88)
651 3366 790 3418 enim
824 3363 993 3419 Pater
1046 3365 1263 3434 signavit
1322 3364 1482 3418 Deus.
1537 3362 1829 3435 Propterea
1859 3363 2088 3428 scilicet,

501 3459 645 3528 quod
688 3457 923 3528 sigillum
993 3472 1101 3512 una
1159 3472 1282 3512 eum
1334 3458 1630 3526 archetypo
1691 3457 1974 3520 subsistat,
2035 3467 2092 3510 et

491 3550 768 3621 aequalem
803 3565 926 3604 eum
970 3563 1035 3605 eo
1085 3557 1297 3619 typum,
1337 3562 1433 3604 seu
1479 3549 1712 3603 formam
1771 3548 1992 3612 habeat,
2037 3557 2093 3602 et

505 3641 762 3710 perfecte,
810 3655 875 3696 ac
906 3656 1034 3698 vere
1066 3642 1327 3697 unitatem
1367 3651 1576 3696 natura:
1629 3640 1826 3707 Patris,
1861 3652 1915 3697 et
1946 3640 2090 3706 Filii,

499 3743 557 3787 et
585 3733 820 3804 Spiritus
851 3734 1025 3788 sancti
1080 3733 1136 3788 in
1177 3749 1236 3789 se
1285 3733 1403 3806 ipso
1439 3734 1689 3788 ostendat
1725 3752 1739 3788 :
1779 3749 1903 3788 nam
1945 3733 2094 3804 sigil-

506 3828 642 3889 lum,
697 3827 826 3880 item
873 3837 933 3880 ut
975 3826 1283 3890 character,
1333 3826 1770 3894 similitudinem,
1809 3835 1864 3882 et
1907 3826 2093 3896 genui-

503 3931 630 3971 nam
663 3916 1003 3970 nativitatem
1045 3915 1313 3983 signiﬁcat
1365 3933 1380 3971 :
1427 3917 1626 3986 alioqui
1655 3932 1725 3972 ne
1767 3915 1930 3971 Pater
1965 3917 2088 3987 qui-

501 4001 626 4058 dem
659 4001 950 4071 ingenitus,
981 4009 1148 4070 atque
1198 4001 1637 4072 incomparabilis
1673 4002 1930 4057 dicendus
1975 3999 2087 4070 jam

502 4094 634 4162 erit,
670 4095 715 4149 si
745 4093 854 4159 ille,
889 4093 980 4162 qui
1025 4102 1261 4158 creatus,
1306 4102 1362 4147 et
1389 4093 1439 4147 ei
1481 4092 1759 4149 dissimilis
1787 4104 1892 4158 est,
1922 4094 2090 4164 ipsius

497 4187 701 4256 imago,
741 4196 795 4241 et
836 4187 1123 4242 character
1145 4197 1252 4242 est.
1287 4185 1473 4240 Divina
1502 4186 1636 4252 haec,
1680 4195 1736 4241 et
1769 4187 2090 4256 interpreta-

506 4277 670 4332 tionis
699 4291 804 4330 nou
843 4275 1137 4346 indigentia
1180 4275 1402 4331 oracula
1457 4285 1604 4330 recte
1644 4290 1748 4329 non
1780 4274 2086 4345 intelligen-

505 4375 588 4423 tes
618 4367 882 4431 haeretici,
929 4368 1026 4423 sed
1071 4377 1128 4422 et
1179 4383 1243 4422 ea
1301 4373 1696 4437 pervcrtentes,
1737 4375 1793 4420 et
1834 4366 2086 4421 humanis

503 4459 828 4514 commentis
866 4461 932 4514 ad
972 4459 1338 4530 impugnanda
1389 4459 1483 4514 Dei
1515 4459 1682 4514 verba
1729 4467 1966 4523 utentes,
2005 4457 2087 4514 sic

501 4551 660 4607 aiunt
690 4569 705 4606 :
741 4552 901 4608 Aliud
927 4563 1012 4608 est
1049 4551 1216 4618 Deus,
1243 4551 1390 4607 aliud
1421 4553 1597 4622 imago
1626 4551 1750 4617 Dei;
1777 4551 1918 4606 sicut
1941 4551 2084 4606 aliud

2190 3359 2424 3431 τεχνητὴ
2458 3359 2554 3412 καὶ
2587 3359 2800 3430 μιμητὴ
2835 3359 3049 3428 ἄφωνος
3087 3357 3274 3412 εἰκών.
3307 3356 3492 3410 Ταῦτα
3519 3355 3619 3426 γὰρ
3641 3349 3738 3405 οὐδὲ

2191 3449 2333 3504 κατὰ
2383 3447 2563 3518 φύσιν,
2604 3447 2730 3501 οὐδὲ
2765 3447 2872 3519 μὴν
2905 3449 2985 3511 είς
3015 3446 3113 3501 ὅλα
3156 3445 3226 3500 τὰ
3283 3446 3420 3500 ἄλλα
3463 3441 3740 3513 ἐκφαίνουσι

2190 3541 2279 3595 τὸν
2311 3540 2690 3612 πρωτότυπον.
2720 3540 2832 3594 Kal
2863 3538 2990 3602 Υίὸς
3017 3538 3117 3610 μὲν
3145 3537 3256 3611 γὰρ
3289 3537 3574 3609 ἀνθρώπου
3601 3530 3739 3586 είκὼν

2189 3632 2379 3696 οὐσίας
2414 3631 2508 3686 τοῦ
2561 3631 2756 3686 ἑαυτοῦ
2799 3631 3014 3703 Πατρός
3065 3631 3211 3682 ἐστιν
3239 3646 3254 3661 ο
3311 3628 3448 3684 ἀλλά
3493 3622 3738 3698 συμϐαίνει

2191 3724 2592 3797 παραλλάττειν
2643 3724 2882 3796 ἡλικίαν,
2914 3723 2946 3794 ἢ
2980 3718 3140 3788 εἶδος,
3183 3721 3216 3792 ἢ
3269 3720 3514 3792 γνώμην,
3547 3717 3577 3788 ἢ
3605 3714 3738 3768 δύνα-

2191 3834 2305 3888 μιν,
2333 3815 2367 3888 ἢ
2398 3815 2576 3882 ἀξίαν,
2623 3815 2656 3887 ἢ
2687 3816 2757 3870 τὰ
2795 3815 3210 3888 συναμφότερα,
3244 3816 3279 3888 ἦ
3331 3813 3426 3868 καί
3471 3829 3521 3866 τι
3561 3809 3735 3878 ἕτερον.

2199 3909 2259 3962 '0
2291 3908 2348 3962 δὲ
2381 3908 2515 3972 Θεὸς
2545 3907 2717 3976 Λόγος
2737 3948 2753 3971 ,
2789 3907 3228 3980 ἀπαραλλάκτως
3261 3906 3356 3962 καὶ
3386 3893 3740 3975 ἀπηκριϐωμέ-

2187 4017 2314 4064 νιος,
2347 4001 2427 4062 εἰς
2453 3999 2550 4052 ὅλα
2579 3999 2678 4070 τὴν
2701 3988 2902 4070 ἁπλῆν,
2947 4000 3042 4053 καὶ
3072 3997 3390 4064 ἀσύνθετον,
3424 3995 3516 4050 καὶ
3545 3987 3728 4047 ἀποίκι-

2187 4088 2278 4145 λον
2309 4091 2585 4162 πατρικὴν
2633 4090 2864 4162 θεότητα
2913 4090 3156 4160 φυσικῶς
3188 4091 3286 4144 καὶ
3329 4090 3574 4160 ἀνάρχως
3614 4080 3731 4144 ἔξει·

2187 4181 2414 4247 κονίζει.
2453 4182 2588 4236 Οὐδὲ
2611 4182 2720 4255 γὰρ
2751 4185 2892 4237 νοεῖν
2921 4183 3062 4250 ἐξὸν,
3093 4182 3168 4247 ὼς
3200 4182 3346 4236 κατά
3369 4199 3423 4234 τι
3453 4177 3578 4234 Θεοῦ
3601 4169 3737 4228 εἰκὼν

2187 4273 2284 4326 καὶ
2317 4275 2468 4346 παρά
2509 4291 2564 4328 τι
2588 4291 2604 4306 '
2649 4276 2771 4329 οὐδὲ
2807 4275 2915 4348 μὴν
2961 4276 3172 4345 γίνεται
3215 4274 3546 4346 ἀσυγκρίτου
3576 4265 3734 4326 εἰκὼν,

2184 4366 2306 4419 οὐδὲ
2327 4366 2551 4422 δύναται
2579 4367 2668 4422 διὰ
2691 4368 2786 4422 τοῦ
2811 4369 3087 4441 ἀνομοίου,
3112 4368 3146 4440 ἢ
3175 4367 3518 4440 μικροτέρου,
3547 4362 3577 4434 ἦ
3602 4354 3736 4418 ὑπεξ-

2184 4443 2370 4512 ουσίου
2417 4459 2480 4514 τὸ
2526 4459 2753 4531 ἀληθὲς,
2803 4460 2899 4514 καὶ
2939 4461 3273 4534 ἀρχέτυπον,
3321 4459 3417 4514 καὶ
3463 4453 3637 4528 μείζω,
3663 4445 3738 4502 καὶ

2185 4551 2553 4620 αὐτεξούσιον,
2588 4553 2684 4609 καὶ
2711 4551 3043 4625 ἀσύγκριτον
3077 4553 3387 4623 φαίνεσθαι.
3435 4548 3551 4604 Οὐδ’
3581 4539 3642 4599 αὖ
3665 4538 3734 4608 διὰ

499 4732 632 4810 ζων,
661 4738 722 4785 ιιι
761 4727 1150 4810 vocemjpsam
1180 4727 1382 4810 indicet
1407 4726 1698 4810 Didymus,
1730 4742 1892 4810 quam
1928 4729 2091 4810 habet
2126 4738 2168 4791 ι)
2200 4797 2233 4810 μ’
2267 4725 2383 4810 (89)
2423 4729 2485 4784 Si
2515 4729 2897 4810 cognovissent.
2955 4727 2970 4782 Ι
3019 4726 3148 4782 Cor.
3190 4740 3256 4810 tt,
3314 4726 3368 4782 8.
3418 4724 3592 4778 Graeca
3644 4721 3734 4773 edi—

500 4795 720 4857 Paulus.
761 4798 913 4855 Malit
952 4795 1182 4854 fortasse
1230 4799 1352 4865 quis
1407 4795 1584 4868 legere
1623 4795 1684 4850 τὸ
1722 4797 1927 4868 μεῖζον.
1977 4798 2090 4853 Nec

499 4873 732 4928 deerunt
777 4872 1006 4926 forsitan
1055 4867 1254 4938 quibus
1284 4883 1369 4938 (ne
1417 4865 1577 4921 lectio
1622 4865 1838 4937 quidem
1887 4870 2090 4924 codicis

501 4941 783 5013 displiceat
825 4958 866 5013 7:4
901 4953 1049 5013 cum
1078 4937 1135 5013 et
1171 4937 1331 5013 paulo
1367 4947 1488 5013 pQSt
1518 4951 1582 5013 ea
1617 4948 1904 5003 occurrat,
1946 4948 2011 5013 et
2057 4954 2087 4992 a

499 5006 780 5067 Clemente
808 5006 1178 5064 Alexandrino
1219 5010 1272 5063 in
1309 5009 1470 5062 tertio
1509 5006 1833 5076 Stromatum
1866 5010 2085 5076 quidam

500 5082 740 5152 Matthxi
775 5082 950 5152 locus
976 5079 1049 5133 ita
1070 5078 1294 5152 _citetnr_
1326 5095 1341 5132 :
1387 5077 1514 5130 Ἐὰν
1564 5075 1651 5152 μὴ-
1677 5075 2017 5152 περισσεύσῃ
2051 5079 2085 5148 ἡ

498 5151 815 5223 δικαιοσύνη
840 5149 994 5222 ὑμῶν
1028 5147 1200 5223 πλείω
1227 5147 1335 5201 τῶν
1357 5147 1764 5223 γραμματέωνξ
1789 5150 1875 5202 ubi
1907 5147 2086 5223 tamen

498 5222 687 5279 Graeca
722 5217 1016 5276 Bibliorum
1053 5217 1218 5273 editio
1255 5233 1370 5289 pro,
1387 5217 1406 5289 θ’
1425 5217 1618 5279 πλείω.
1659 5220 1844 5281 habet,
1868 5219 2082 5289 πλεῖον.

499 5290 634 5348 Vide
664 5303 773 5346 not.
802 5292 891 5354 82,
922 5290 1028 5355 hic,
1059 5301 1113 5344 et
1143 5287 1312 5358 segni.
1352 5288 1416 5341 i7
1456 5305 1510 5352 a,
1541 5289 1610 5342 85
1639 5304 1693 5350 a,
1729 5289 1821 5342 141
1859 5287 1910 5342 b.

567 5362 1020 5433 ,(Ἱδλοίιίθεηιεε.
1055 5357 1258 5433 Locum
1290 5359 1433 5433 hunc
1465 5359 1520 5412 in
1551 5357 1832 5433 Scriptura
1861 5373 1968 5415 non
1997 5358 2083 5415 in-

498 5427 642 5487 veni.
668 5427 942 5500 Respicit,
975 5439 1034 5482 ut
1061 5427 1326 5500 opinor.)
1354 5427 1497 5483 Petr.
1532 5443 1572 5496 ι,
1600 5427 1691 5485 8.’
1736 5479 1740 5484 .

571 5503 684 5572 (74)
715 5497 889 5572 gum.
928 5497 1126 5572 Ephesi.
1155 5497 1330 5572 {y,_6.

567 5560 682 5643 (75)
709 5560 1133 5643 Ute’ﬁcia'mirti.
1162 5567 1204 5622 ll
1223 5560 1417 5643 Petra
1445 5585 1483 5635 ι,
1515 5569 1572 5625 ι.

596 5637 683 5712 76)
722 5637 1028 5712 mana.
1059 5637 1234 5712 _Joan.
1267 5638 1443 5712 v_,_l8.

596 5652 683 5712 76)
722 5652 1028 5710 As'quatem.
1073 5652 1234 5694 Joan.
1267 5652 1322 5701 ν,
1356 5652 1371 5691 1

567 5652 684 5785 (77)
717 5713 942 5785 (urens.
973 5707 1141 5785 Hebr.
1177 5724 1253 5771 γι,

710 5783 1000 5838 Christum.
1034 5777 1056 5833 l
1087 5781 1211 5834 Cor.
1245 5794 1288 5841 ι,
1326 5779 1414 5837 24.

575 5907 590 5925 ,
661 5858 682 5926 )
721 5854 939 5908 Omnia.
973 5849 1130 5907 Joan.
1159 5864 1214 5918 ν,
1248 5849 1338 5906 19.

575 5887 682 5925 μοι
721 5887 939 5908 νυυισκο
973 5887 1130 5907 σνιιιισ
1169 5887 1214 5918 ν,
1252 5887 1338 5906 IV.

2198 4797 2591 4868 ιῑολέγνωσαν,
2625 4813 2722 4868 pro
2742 4797 2965 4868 ᾔδεσαν.

2263 4851 2380 4940 (811
2409 4866 2473 4940 Ψ
2507 4851 2711 4940 cuiuisi
2732 4851 2888 4940 Ιὸιψ-
2921 4851 2974 4934 νίν
2999 4866 3095 4940 25-
3344 4935 3437 4940 _
3664 4925 3689 4940 .

2265 4923 2377 5008 (82)
2408 4937 2612 5008 Major.
2641 4937 2696 4992 lu
2723 4938 2930 5004 codice,
2960 4923 3032 4990 ’τι
3095 4935 3288 5008 μείζω.
3343 4935 3470 4990 Vide
3521 4940 3623 4987 not.
3664 4923 3734 4978 τε.

2192 5021 2376 5062 ευυινει.

2407 5075 2512 5142 Qui
2553 5093 2672 5130 cum
2716 5079 2804 5132 sit.
2852 5076 3014 5132 Hebr.
3045 5092 3086 5140 l,
3115 5077 3170 5132 5.
3202 5075 3328 5142 Pro,
3348 5075 3472 5146 κὼς.
3503 5064 3732 5146 Ιθεοι,δῖο

2191 5145 2491 5218 praesertim
2532 5163 2657 5201 cum
2692 5147 2762 5203 ita
2791 5147 3071 5218 scripserit
3097 5148 3310 5202 Paulus.
3345 5145 3399 5199 In
3430 5146 3558 5218 libro
3597 5145 3731 5218 ettattt

2191 5209 2270 5272 De
2295 5217 2500 5286 Spiritu
2525 5230 2728 5281 sancto,
2763 5209 2918 5272 nutu:
2941 5219 2996 5281 5,
3027 5216 3321 5284 Epistulam
3351 5218 3414 5270 ad
3441 5213 3670 5267 Hebra-os
3689 5209 3734 5252 ul

2191 5303 2223 5341 a
2268 5286 2733 5359 Pa_ulo_scriptam_
2755 5290 2999 5359 agnoscit
3037 5286 3316 5359 Didymus.
3385 5355 3398 5359 _
3683 5339 3694 5354 ,

2266 5356 2380 5430 (84)
2401 5353 2593 5430 Διίιέιιξ
2635 5353 2907 5430 liebrci’os.
2939 5353 3184 5424 Conjici'o
3214 5355 3487 5430 legendum
3521 5353 3731 5430 esse;

2193 5415 2289 5482 Kal-
2319 5415 2456 5499 πβδς
2490 5427 2796 5500 Ἑβραίους,
2824 5429 2875 5481 id
2897 5438 2999 5492 est,
3026 5415 3161 5480 sicut
3183 5437 3230 5481 et
3255 5415 3323 5479 ἆά
3346 5415 3730 5500 Helygosﬁatu

2192 5481 2516 5552 verha'ill'a:
2549 5481 2653 5562 Q‘ui
2681 5481 3066 5567 est-imaginet
3093 5507 3309 5562 caetera,
3343 5499 3392 5549 in
3439 5481 3728 5567 Epistolas}!

2193 5567 2449 5623 Hebraeos
2475 5555 2590 5622 non
2605 5577 2842 5632 exstant,
2869 5555 2980 5622 e'tsi
3009 5568 3257 5622 eumdem
3287 5555 3496 5620 sensum
3527 5555 3729 5632 habeanti

2192 5653 2257 5692 ac
2287 5637 2374 5692 illa
2405 5655 2420 5692 :
2450 5638 2736 5707 Character
2758 5638 2776 5707 (
2795 5628 2888 5692 seu
2921 5637 3116 5707 fama)
3141 5634 3445 5692 substantia
3466 5632 3594 5702 ejus,
3630 5628 3731 5692 quia

2189 5707 2442 5778 leguntur
2478 5708 2532 5762 in
2574 5703 2814 5778 Epistula
2853 5703 2931 5762 ad
2968 5703 3244 5778 Hebraeos.

2285 5777 2374 5848 85)
2405 5776 2509 5848 ρειαί
2532 5787 2633 5848 est.
2661 5777 2864 5833 Coloss.
2899 5777 3055 5848 t,j5.

2261 5789 2374 5920 (ea)
2405 5789 2508 5842 um
2532 5789 2632 5833 est.
2661 5789 2864 5833 cotoss.
2899 5793 2937 5840 ι,
2970 5789 3004 5830 ιη

2285 5848 2374 5920 8ο)
2406 5841 2583 5903 Hunc.
2611 5847 2769 5904 Joau.
2798 5862 2873 5916 τι,
2914 5846 3004 5904 27.
