3906 6408
200 379 289 434 537

1249 375 1337 429 DE
1375 373 1746 429 TRINITATE
1783 374 1983 429 LIBER
2021 373 2306 431 PRIMUS.

3295 373 3399 429 338

199 492 276 544 ια]
298 488 565 557 κτίσματος
592 487 625 555 ἡ
658 487 855 560 φυσικὴ
890 488 1072 559 μορφὴ
1113 488 1208 542 τοῦ
1240 490 1525 554 κτίσαντος
1554 508 1718 545 κατα-

1826 501 1911 546 est
1941 492 2123 553 homo,
2155 490 2300 543 aliud
2330 489 2506 555 imago
2553 486 2831 544 hominis:
2872 499 2937 540 ac
2982 485 3183 552 vivum,
3238 496 3401 555 atque

202 578 416 632 νεῖσθαι.
441 577 570 630 Οὑδὲ
605 575 695 647 [l7
725 576 775 650 ὑ]
834 578 945 649 γὰρ
970 579 1092 632 οὑδὲ
1118 580 1250 648 ἄλλη
1286 580 1447 649 φύσις
1479 582 1577 652 τὴν
1606 580 1724 634 ἑτέ-

204 687 282 740 ραν
303 672 353 721 ἐν
380 670 534 738 ἑαυτῇ
566 668 959 722 ἐπιδείκνυσιν*
992 670 1128 724 ἀλλὰ
1156 672 1251 723 καὶ
1291 672 1319 723 6
1352 672 1542 741 Πατὴρ
1579 672 1725 743 εὑρί-

202 778 352 814 σκεται
388 760 747 821 ἀνυπόστατος
797 761 1126 831 γεγενῆσθαι
1174 762 1262 815 ὅτε
1313 764 1580 833 αἱρετικοὶ
1631 762 1722 817 τὸν

201 852 471 923 χαρακτῆρα
495 852 554 904 οὑ
583 850 822 904 διδόασιν
854 852 998 922 ἔχειν
1024 853 1185 906 αὑτὸν
1216 854 1316 925 τῆς
1350 855 1718 919 ὑποστάσεως.

214 940 321 991 Ἀλλ’
346 941 449 993 οὐδὲ
471 942 500 993 6
527 941 761 1013 ἀόρατος
779 983 794 1007 ,
824 944 918 995 καὶ
943 942 1257 1009 ἀσύνθετος,
1288 946 1381 998 καὶ
1410 947 1721 1018 ἀσχημάτι-

210 1050 305 1094 στος
326 1031 431 1094 Θεοί
454 1032 639 1085 εἰκόνα
668 1032 782 1103 ἔχει
810 1035 929 1087 οἵαν
962 1036 1159 1089 ἐκεῖνοι
1187 1037 1511 1107 ἐμφαίνουσι
1546 1057 1721 1111 μιμη-

210 1124 344 1192 τικήν.
374 1122 642 1193 Παραλύει
694 1125 752 1177 δὲ
792 1124 862 1178 τά
913 1126 1139 1179 ἐκείνων
1179 1126 1364 1195 σαφῶς
1394 1128 1488 1181 καὶ
1542 1129 1575 1199 ἡ
1620 1130 1722 1180 ὲπ-

210 1212 367 1280 αγωγὴ,
389 1211 579 1282 ἔχουσα
598 1230 612 1243 ·
646 1216 770 1281 Οὐχ
809 1214 1124 1284 ἁρπαγμὸν
1155 1217 1426 1285 ἡγήσατο
1471 1218 1538 1271 τὸ
1569 1218 1722 1272 εἶναι

206 1306 285 1356 ἶσα
313 1302 431 1368 Θεῷ.
468 1305 604 1375 Περὶ
650 1306 707 1358 δὲ
752 1306 989 1377 φυσικῆς
1035 1307 1242 1371 εἰκόνος
1287 1309 1579 1379 ὑφηγεῖται
1626 1309 1721 1363 καὶ

200 1396 388 1466 Marini};
404 1397 655 1450 οὑτωσείο
696 1397 1061 1468 Ἐγέννησεν
1096 1400 1276 1469 Ἀδὰμ
1298 1400 1404 1453 τὸν
1428 1400 1552 1469 Σὴθ
1571 1400 1721 1455 κατὰ

196 1489 284 1553 τὴν
298 1488 475 1541 είδέαν
495 1488 707 1543 αὑτοῦ.
742 1492 855 1544 Οὑκ
882 1486 951 1561 ἦν
974 1492 1029 1545 δὲ
1052 1492 1387 1563 ἑτεροούσιος
1410 1493 1719 1562 ἀναγκαίως

192 1579 324 1649 ὁΣὴθ
362 1578 434 1649 τῷ
484 1580 657 1651 Ἀδάμ
680 1597 696 1611 ·
744 1582 840 1634 καὶ
867 1582 1016 1652 ὅμως
1050 1584 1234 1636 εἰκόνα
1276 1585 1374 1655 τὴν
1407 1586 1582 1639 είδέαν
1625 1587 1720 1639 καὶ

188 1672 401 1740 ὁμοίωσιν
436 1672 535 1740 τῆς
574 1673 768 1736 οὑσίας
802 1674 1076 1728 ἐκάλεσεν.
1119 1675 1280 1729 Ἀλλά
1329 1677 1424 1729 καὶ
1456 1679 1584 1751 περὶ
1627 1679 1715 1732 ἀν-

189 1760 384 1831 θρώπου,
410 1764 569 1830 φησὶ,
608 1764 943 1833 γέγραπται,
980 1765 1062 1817 ὅτι
1102 1764 1248 1818 ἐστιν
1282 1765 1443 1820 εἰκὼν
1471 1767 1564 1819 καὶ
1590 1768 1719 1833 δόξα

186 1849 309 1902 Θεοῦ.
364 1850 491 1902 Ἀλλ’
540 1851 805 1921 οὐδαμοῦ.
863 1846 909 1905 ὦ
959 1845 1124 1917 οὗτοι,
1175 1854 1460 1925 ἅνθρωπος
1502 1856 1534 1927 ἢ
1591 1856 1716 1910 ἄλλο

184 1940 359 2010 ποίημα
397 1942 708 2014 γέγραπται
734 1938 873 1996 εῖναι
900 1944 1240 2015 ἀπαύγασμα
1283 1947 1381 2015 τῆς
1420 1946 1577 2017 δόξης
1621 1947 1715 2001 τοῦ

184 2033 290 2085 Θεοῦ
316 2034 400 2087 καὶ
429 2034 721 2105 χαρακτὴρ
763 2036 862 2106 τῆς
895 2036 1262 2100 ὑποστάσεως·
1300 2038 1428 2091 ἄλλο
1472 2038 1530 2091 δέ
1569 2040 1716 2093 ἐστιν

183 2124 422 2195 ἄνθρωπον
446 2126 632 2179 εἰκόνα
669 2123 809 2181 εἶναι
837 2127 995 2193 Θεοῦ,
1038 2129 1180 2182 τοῦτ’
1215 2128 1331 2183 ἔστι
1373 2131 1435 2183 τὸ
1461 2133 1717 2202 τεχνηθὲν

182 2213 256 2264 τοῦ
284 2216 702 2285 τεχνησαμένου,
730 2217 804 2280 ὡς
832 2217 1015 2289 δίφρος
1044 2215 1140 2271 τοῦ
1167 2220 1434 2283 τέκτονος.
1470 2222 1718 2294 Σολομὼν

183 2305 267 2375 γὰρ
296 2305 468 2375 λέγει’
513 2308 857 2378 Ἀναλόγως
904 2309 1023 2363 τῶν
1073 2311 1416 2381 κτισμάτων
1462 2317 1495 2367 d
1540 2317 1720 2368 Γενε-

181 2397 421 2464 nam}:be
453 2398 786 2465 θεωρεῖται·
819 2401 912 2453 καὶ
944 2399 1071 2453 ἄλλο
1112 2402 1281 2467 ἐστὶν,
1315 2403 1455 2457 κατά
1491 2404 1551 2455 τὸ
1582 2405 1718 2476 σύμ-

186 2503 371 2555 μορφον,
399 2490 488 2541 καί
512 2489 853 2553 ταυτοὺσιον,
881 2493 973 2544 καὶ
995 2494 1351 2564 συνάναρχον,
1374 2495 1717 2567 ἀπαύγασμα

182 2569 294 2627 εἶναι
315 2575 481 2645 δόξης,
514 2581 613 2632 καὶ
638 2580 963 2651 χαρακτῆρα
990 2582 1337 2646 ὑποστάσεως
1360 2585 1717 2640 ἑνυπόστατον

182 2664 254 2715 καὶ
292 2665 700 2733 ἀψευδέστατον.
734 2670 871 2740 Φησὶ
920 2671 1033 2742 γάρ
1059 2689 1072 2703 ο
1135 2673 1196 2726 '0
1250 2673 1510 2741 ἑωρακὼς
1568 2676 1674 2745 ἐμὲ
1698 2718 1715 2743 ,

179 2754 361 2821 ἑώρακε
393 2758 495 2811 τὸν
524 2761 765 2828 Πατέρα
784 2778 796 2791 ·
842 2764 868 2815 ὁ
910 2762 967 2815 δὲ
1002 2746 1263 2833 ἑωρακὼς
1289 2765 1595 2837 ἄνθρωπον,
1622 2769 1718 2839 οὐχ

179 2844 351 2917 ἑώρακε
394 2850 480 2902 τὸν
511 2851 651 2903 Θεόν
678 2868 691 2881 ’
717 2851 792 2915 ὡς
842 2854 870 2905 6
905 2852 1238 2925 θεασάμενος
1267 2856 1356 2909 τὸν
1382 2857 1589 2930 δίφρον,
1620 2860 1716 2930 οὑχ

181 2936 352 3008 ἑώρακε
368 2941 451 2994 τὸν
469 2942 718 2995 τέκτονα.
740 2944 898 2997 Ἀλλά
921 2947 1012 2998 καὶ
1036 2946 1247 3017 ἀνάγκη
1271 2948 1363 3001 τοῦ
1385 2948 1544 3019 μόνου
1560 2952 1721 3019 ἀοράτ-

174 3044 247 3079 του
264 3030 382 3082 Θεοῦ
404 3033 575 3103 μόνην
612 3033 842 3106 ἀόρατον
863 3032 1003 3090 εἶναι
1036 3038 1251 3109 ἐκείνην
1280 3040 1378 3109 τὴν
1408 3041 1589 3093 εἰκόνα
1623 3042 1720 3096 καὶ

177 3117 224 3170 οὐ
248 3118 323 3171 τὸν
351 3122 466 3173 κατ’
492 3122 689 3175 εἰκόνα
726 3124 916 3194 ὁρατὸν
946 3125 1251 3194 ἄνθρωπον.
1282 3125 1421 3180 Οὑτε
1445 3124 1537 3181 οὖν
1573 3128 1718 3200 ἄλλῳ

177 3208 327 3277 ὅμοιός
346 3213 485 3265 ἐστιν
515 3215 544 3266 6
589 3213 744 3277 Υἱὸςο
776 3214 978 3285 γράφει
1011 3217 1137 3287 γάρ·
1175 3218 1270 3284 Τίς
1296 3218 1717 3287 ὁμοιωθήσεται
1747 3205 1788 3262 C

176 3299 240 3364 τῷ
262 3303 436 3371 Κιφίῳ
461 3305 530 3357 ἐν
570 3304 724 3370 υἱοῖς
762 3306 907 3360 Θεοῦ
925 3324 945 3372 ;
984 3306 1119 3360 Οὑτε
1166 3308 1243 3379 τῷ
1277 3308 1385 3380 [18
1413 3328 1443 3363 a
1470 3309 1492 3383 ]
1523 3311 1716 3364 ἑαυτοῦ

177 3392 318 3463 Harp!
346 3395 629 3465 ἀνόμοιος·
680 3396 827 3466 Ἐγὼ
875 3397 1004 3468 γὰρ,
1051 3400 1204 3471 φησὶ,
1238 3400 1336 3453 καί
1365 3403 1397 3454 ό
1423 3402 1625 3470 Πατὴρ
1651 3402 1721 3456 ἓν

175 3480 349 3550 ἐσμεν.
383 3486 443 3538 Οί
468 3486 526 3539 δὲ
564 3488 795 3557 κτιστῆς
819 3489 1026 3553 εἰκόνος
1054 3490 1261 3545 ἔννοιαν
1282 3492 1379 3544 ἐπὶ
1402 3494 1565 3547 αὑτοῦ
1588 3494 1721 3566 λαμ-

177 3571 415 3640 εᾶνοντες,
459 3576 838 3647 ὲξομοιοῦνται
868 3580 945 3650 τῷ
978 3581 1463 3656 Ναϐουχοδονόσωρ
1492 3587 1720 3658 ποιητὴν

176 3662 345 3734 ἇᾲυχον
390 3669 581 3724 εἰκόνα
628 3672 1049 3742 προσκυνεῖσθαι
1095 3673 1428 3728 τυπώσαντι.
1475 3678 1585 3730 Καὶ
1628 3678 1719 3731 τὸν

187 3756 328 3829 Ἀδὰμ
356 3759 410 3812 δὲ
456 3762 543 3815 διὰ
588 3762 688 3832 τὴν
735 3764 1019 3835 παρακοὴν
1066 3766 1131 3819 ἐκ
1180 3766 1275 3819 τοῦ
1319 3769 1646 3839 παραδείσου
1692 3772 1720 3823 6

177 3845 284 3911 956;
311 3848 526 3917 δικαίως
554 3853 749 3925 ἔρριψε
774 3871 789 3886 ο
840 3856 934 3910 τὸν
968 3856 1025 3909 δὲ
1061 3856 1287 3929 λῃστὴν,
1322 3861 1414 3913 καὶ
1444 3861 1540 3914 σὺν
1572 3861 1720 3932 αὑτῷ

177 3938 250 3990 τὸν
282 3940 441 4014 Ἀδὰμ
462 3946 563 3999 καὶ
581 3946 641 3998 τὸ
671 3947 850 4001 κοινὸν
874 3950 1030 4019 ἡμῶν
1050 3952 1170 4005 ὅλον
1197 3954 1351 4021 γένος
1388 3955 1416 4006 6
1449 3956 1577 4020 Υίὸς
1609 3958 1721 4009 εἰσ-

176 4027 351 4099 ήγαγεν
370 4035 441 4097 ὡς
469 4037 594 4095 ῖσος
620 4036 837 4102 πάντως
864 4042 930 4111 τῇ
960 4038 1171 4112 θεότητι
1188 4044 1280 4095 καὶ
1305 4044 1596 4115 ἀγαθότητι
1626 4046 1719 4099 καὶ

178 4119 429 4198 δεσποτεία
458 4126 538 4199 τῷ
579 4128 794 4198 ρίψαντι
827 4131 1131 4203 τυγχάνων.
1175 4133 1285 4187 Ποῦ
1314 4134 1368 4187 δὲ
1393 4136 1606 4208 ἐγράφη
1637 4138 1718 4191 ὃτι

178 4213 467 4289 ἀσύγκριτος
512 4223 541 4275 6
585 4222 776 4292 Πατὴρ
819 4224 954 4294 πρὸς
982 4224 1074 4277 τὸν
1114 4226 1307 4280 ἑαυτοῦ
1337 4230 1715 4301 Μονογενῆ;ἢ

178 4305 292 4362 ὅτιὸ
334 4310 453 4375 Υἱὸς
492 4313 662 4366 αὑτοῦ
696 4313 790 4365 καὶ
833 4302 961 4368 τῶν
988 4315 1206 4371 πάντων
1235 4319 1577 4392 Δημιουργὸς
1623 4323 1717 4374 καὶ

181 4400 360 4471 κριτὴς,
384 4405 522 4458 κατὰ
554 4405 650 4476 τὴν
674 4406 861 4477 θεῖκὴν
882 4406 1045 4460 αὑτοῦ
1071 4409 1166 4462 καὶ
1196 4410 1330 4463 ὅλων
1364 4412 1457 4483 ὲξῃ
1470 4429 1533 4483 ρη
1545 4412 1713 4483 μένην

182 4488 369 4561 ἄπειρον
403 4494 567 4563 φύσιν
599 4496 805 4567 κτίσμα
844 4498 1023 4563 ὲστίν;
1060 4499 1092 4570 ἢ
1135 4499 1293 4564 ὅλως,
1325 4501 1409 4554 ὃτι
1446 4501 1578 4555 ποτὲ
1615 4504 1714 4557 οὑκ

181 4571 261 4646 ἧνς
292 4580 321 4651 ἢ
349 4584 446 4636 τιοῦ
484 4585 668 4649 ἰδικῶς
708 4587 809 4657 ἔφη
842 4589 870 4641 6
895 4588 1104 4659 Πατὴρ,
1144 4589 1375 4645 Ἔκτισά
1412 4610 1501 4662 μοι
1543 4593 1672 4647 Υἰὸν
1696 4611 1710 4625 ·

182 4670 250 4741 ἢὸ
282 4676 415 4745 Υἱὸς,
440 4681 729 4753 Ἑκτίσθην
760 4683 865 4736 ὑπὸ
896 4683 990 4735 τοῦ
1029 4685 1270 4756 Πατρὸς;
1304 4687 1442 4755 ὅπερ
1471 4687 1712 4753 ἀκούειν,

185 4771 345 4841 μήτιγε
382 4776 473 4829 καὶ
505 4776 718 4847 λέγειν,
764 4779 993 4850 φρικτὸν
1040 4780 1135 4832 καὶ
1168 4780 1419 4848 φευκτόν.
1466 4781 1715 4853 Οὑδαμοῦ

186 4862 263 4928 μὲν
301 4862 384 4921 οὖν
426 4870 712 4934 παντελῶς
750 4870 899 4935 θείας
944 4871 1037 4925 καὶ
1071 4874 1447 4946 πνευματικῆς
1492 4875 1717 4946 Γραφῆς

184 4951 374 5027 εὓρηται
403 4962 601 5020 ταῦτα.
651 4964 974 5018 Τοὺναντίον
1007 4966 1063 5018 δὲ
1099 4967 1484 5037 συγκρίνοντος
1523 4967 1717 5019 ἑαυτὸν

184 5046 293 5114 πρὸς
330 5052 414 5105 τὸν
452 5054 673 5123 Πατέρα
722 5057 835 5109 ἐστί
903 5056 1085 5109 πάντα
1123 5057 1217 5109 τοῦ
1252 5056 1593 5121 Μονογενοῦς
1645 5056 1716 5109 τά

185 5139 287 5209 περὶ
308 5141 398 5212 ﬁs
425 5143 678 5217 θεότητος
700 5145 863 5199 αὖτοῦ
894 5147 1111 5218 ῥήματα
1131 5164 1145 5177 ο
1181 5148 1275 5201 κα)⁸
1308 5147 1554 5211 ἐνοῦντος
1584 5148 1721 5200 ἑαυιι

365 5317 479 5392 Non
502 5323 762 5389 rapinam.
792 5323 1019 5392 Philipp.
1054 5341 1114 5388 ιι,
1142 5326 1196 5379 ﬁ.

240 5313 336 5451 gi)
365 5317 479 5374 Non
502 5323 762 5389 rapinam.
792 5323 1019 5392 Philipp.
1054 5341 1114 5388 ιι,
1142 5326 1196 5379 ﬁ.

248 5457 255 5466 _
289 5387 333 5456 ³)
364 5391 720 5466 έᾴηηιηϐυιι.
757 5410 808 5458 v,
845 5395 898 5448 5.
959 5395 1143 5449 Graeca
1184 5395 1350 5450 editio
1380 5411 1497 5466 pro,
1539 5396 1714 5449 εἰδέαν

190 5448 522 5536 ᾕξίιςιξηίδέαν.
561 5448 989 5518 8ωιεὺιιιίαιιιθή
1038 5467 1217 5534 potius
1249 5448 1609 5535 quamverba
1636 5448 1716 5520 ci-

192 5525 553 5604 ht'ltidymus:
590 5550 729 5604 qme,
758 5551 876 5587 cum
914 5525 1115 5591 clarius
1154 5525 1379 5590 reddant
1406 5537 1547 5604 quod
1600 5538 1713 5603 ipse

192 5595 443 5676 tltlt'iltngit,
471 5602 558 5676 hic
586 5595 753 5676 aﬁ‘ero
779 5623 792 5657 :
828 5605 1029 5673 Ἐζησε
1056 5605 1112 5659 δὲ
1147 5606 1318 5675 Ἀδὰμ
1338 5595 1585 5659 διακόσια
1618 5595 1713 5660 καὶ

197 5671 438 5746 ερξάκωῖα
469 5671 598 5746 ἔτη,
623 5674 714 5746 καὶ
744 5671 998 5746 ἐγέννησε
1039 5677 1179 5730 κατά
1221 5671 1319 5745 τῆν
1356 5677 1496 5729 ἰδέαν
1545 5677 1709 5736 αὑτοῦ

192 5732 266 5817 ξολ
287 5732 737 5817 κατατὴνέἱκόνα
763 5732 947 5817 αὑτοῖί,
980 5748 1073 5800 καὶ
1102 5732 1423 5817 ἐπωνόμασε
1453 5748 1513 5800 τὸ
1538 5732 1711 5817 ὄνομα

192 5808 325 5855 αὑτοῦ
368 5808 500 5877 Σήθ,
534 5814 581 5867 id
603 5827 687 5869 est
731 5835 742 5847 ο
793 5808 1078 5872 νέπὶιινρνο
1117 5808 1297 5871 ΑΛοηί
1322 5832 1492 5873 ccux
1522 5808 1710 5885 annos,

1749 4551 1789 4604 D

1826 594 2139 652 cperantem
2183 582 2348 636 Deum
2390 581 2621 637 Verbum
2660 578 2879 648 imagini
2941 587 3088 630 motu
3127 577 3401 632 destituta:

1825 673 2220 743 quodammodo
2263 671 2607 725 assimilant:
2653 684 2775 723 cum
2808 668 2854 722 is
2886 678 2940 722 et
2992 670 3167 736 quoad
3213 681 3402 722 essen-

1827 766 2062 827 tiam,et
2085 764 2257 833 quoad
2284 763 2490 826 omnia,
2545 762 2722 832 imago
2764 760 2833 814 sit
2875 759 3050 814 Patris
3090 760 3240 813 omni
3283 774 3399 812 om-

1825 857 1953 911 nino
1978 856 2289 910 diversitate
2320 869 2534 918 carens,
2559 862 2614 907 et
2660 862 2882 917 acterna,
2911 867 3017 905 non
3052 866 3179 906 vero
3212 853 3277 904 ad
3333 850 3399 903 il-

1826 946 1928 999 lius
1951 946 2182 1000 formam
2207 961 2271 1000 ac
2317 945 2543 1012 ﬁguram
2571 944 2661 1009 sit,
2686 943 2856 996 instar
2876 940 3150 996 simulacri
3173 956 3203 994 a
3228 942 3398 1008 plaste

1824 1036 2014 1099 eﬁicli,
2041 1045 2134 1089 aut
2165 1036 2384 1103 sculpti,
2411 1036 2554 1104 quod
2600 1032 2896 1086 inanimum
2932 1040 3035 1097 est,
3075 1045 3171 1084 nec
3199 1045 3295 1084 sua
3337 1044 3396 1085 se

1823 1129 1874 1182 vi
1907 1143 2171 1183 movens:
2213 1142 2388 1196 neque
2428 1127 2721 1180 secundum
2750 1124 2893 1178 illius
2919 1124 3178 1194 speciem,
3229 1131 3282 1196 et
3304 1136 3397 1177 co-

1824 1220 1991 1274 lorem
2032 1221 2122 1283 sit,
2151 1218 2452 1288 cnjnsmodi
2483 1228 2568 1271 est
2607 1216 2904 1270 artiﬁciosa
2936 1217 3001 1269 ad
3037 1190 3394 1270 imitatigtiem

1823 1308 1989 1371 facta,
2024 1317 2252 1362 etmuta
2299 1305 2544 1376 efﬁgies:
2596 1305 2902 1375 huiusmodi
2947 1306 3091 1360 enim
3133 1307 3396 1376 imagines

1823 1413 2000 1470 neque
2038 1399 2215 1468 quoad
2250 1407 2524 1460 naturam,
2551 1410 2723 1465 neque
2748 1411 2814 1450 ex
2851 1396 3061 1463 integro
3083 1397 3260 1465 quoad
3286 1396 3393 1449 alia

1822 1499 2167 1560 prototypum
2218 1488 2497 1543 exhibent.
2550 1488 2717 1543 Porro
2763 1488 2999 1542 hominis
3052 1490 3215 1543 etiam
3253 1488 3394 1542 ﬁlius

1822 1582 1998 1652 imago
2053 1593 2137 1636 est
2167 1580 2484 1634 substantiae
2530 1580 2697 1649 patris
2746 1578 2853 1643 sui,
2898 1579 2993 1633 sed
3032 1578 3280 1633 diversus
3325 1578 3394 1631 ab

1822 1673 1937 1743 ipso
1996 1682 2077 1726 est
2104 1682 2284 1737 attate,
2333 1682 2428 1726 aut
2477 1672 2678 1740 specie,
2708 1680 2800 1724 aut
2844 1670 3131 1732 sententia,
3170 1679 3264 1723 aut
3312 1671 3392 1731 vi.

1820 1774 1912 1819 aut
1945 1765 2223 1833 dignitate,
2273 1774 2367 1818 aut
2416 1764 2498 1818 his
2544 1765 2798 1818 onmibns
2852 1762 3032 1822 simul,
3066 1771 3160 1816 aut
3212 1762 3389 1829 aliqua

1754 1845 1794 1903 Β
1824 1858 1987 1911 etiam
2018 1855 2125 1909 alia
2161 1870 2238 1911 re.
2267 1857 2336 1908 At
2368 1854 2510 1909 Deus
2542 1852 2776 1909 Verbum
2799 1853 2917 1907 sine
2944 1854 3051 1906 ullo
3082 1853 3393 1907 discrimine

1821 1957 1877 2001 ct
1916 1947 2245 2002 adamussim
2282 1948 2455 2016 quoad
2501 1947 2681 2000 omnia
2734 1946 3051 2012 simplicem,
3098 1956 3151 1998 et
3194 1945 3394 1999 incomo

1824 2040 2077 2108 positam,
2104 2048 2158 2093 et
2195 2040 2456 2092 varietate
2498 2047 2772 2092 carentem
2803 2037 2977 2090 Patris
3008 2036 3263 2089 deitatem
3294 2051 3391 2088 na-

1826 2131 2089 2195 turaliter,
2118 2130 2262 2184 etab
2292 2141 2495 2183 a:terno
2521 2131 2683 2182 habet
2714 2139 2770 2181 ut
2808 2127 2981 2181 Patris
3008 2128 3186 2195 imago
3213 2144 3227 2180 ;
3267 2141 3391 2179 nam

1826 2221 1966 2288 quod
2000 2221 2112 2287 ipse
2137 2221 2206 2274 sit
2240 2218 2332 2273 Dei
2362 2220 2539 2289 imago
2566 2218 2675 2291 42
2708 2218 3000 2274 secundum
3026 2219 3172 2287 quid,
3196 2228 3250 2273 et
3279 2234 3405 2289 pro-

1825 2324 1943 2380 pter
1990 2311 2211 2380 aliquid,
2247 2326 2316 2365 ne
2347 2311 2586 2383 cogitare
2645 2311 2859 2381 quidem
2904 2310 3050 2364 licet.
3100 2309 3210 2365 Nec
3263 2326 3395 2365 vero

1822 2403 2111 2473 quidquam
2151 2403 2294 2457 illius
2343 2403 2518 2472 imago
2534 2413 2639 2468 εει,
2673 2402 2763 2471 qui
2791 2401 2908 2469 ejus
2937 2402 3409 2470 respectuincom-r

1823 2498 2079 2566 parabilis
2106 2498 2177 2552 sit
2212 2516 2225 2552 :
2268 2511 2438 2566 neque
2463 2512 2558 2565 per
2604 2511 2726 2550 cum
2767 2496 2855 2564 qui
2881 2496 3157 2550 dissimilis
3187 2495 3280 2560 sit,
3302 2506 3395 2548 aut

1824 2590 2023 2653 minor,
2058 2598 2151 2642 aut
2183 2589 2480 2657 subjectus,
2536 2587 2914 2655 reprtesentari
2959 2596 3134 2655 potest
3179 2585 3267 2641 ille
3299 2585 3393 2655 qui

1825 2696 1984 2736 verus
2019 2682 2112 2745 sit,
2153 2690 2207 2735 et
2234 2680 2582 2751 archetypus,
2605 2688 2658 2734 et
2686 2678 2884 2748 major,
2908 2689 2961 2732 et
2983 2678 3063 2732 sui
3097 2678 3207 2747 ipse
3231 2678 3393 2748 juris.

1823 2782 1877 2827 et
1922 2772 2357 2842 incomparabilis
2407 2789 2421 2827 :
2462 2786 2636 2842 neque
2694 2771 2895 2839 pariter
2942 2756 3038 2838 per
3083 2780 3392 2825 creaturam

1824 2863 2089 2919 naturalis
2117 2862 2290 2917 forma
2325 2862 2599 2918 Creatoris
2654 2861 2881 2931 intelligi
2925 2868 3099 2929 potest
3128 2880 3141 2917 :
3175 2877 3297 2915 nam
3328 2878 3403 2914 ne

1822 2954 1924 3008 alia
1958 2955 2174 3024 quidem
2205 2954 2309 3007 ulla
2350 2964 2543 3007 natura
2596 2954 2826 3008 alterum
2878 2955 2931 3008 in
2971 2956 3261 3025 semetipsa
3303 2970 3393 3009 re-

1825 3054 2133 3116 pra'sentat.
2162 3045 2300 3111 Quin
2364 3046 2526 3099 etiam
2558 3045 2685 3099 illud
2725 3046 2990 3115 sequitur,
3044 3057 3101 3099 ut
3140 3045 3296 3099 Pater
3323 3048 3395 3099 sit

1826 3137 1942 3191 sine
1980 3136 2304 3200 substantia,
2333 3135 2437 3189 nisi
2473 3149 2656 3190 verum
2701 3134 2772 3189 sit
2810 3135 2956 3199 illud,
2981 3136 3122 3204 quod
3158 3135 3392 3191 haeretici

1820 3234 2035 3291 negant,
2062 3225 2237 3291 ipsum
2264 3225 2465 3279 habere
2485 3224 2855 3279 characterem
2883 3225 3217 3280 sabstantiae.
3255 3225 3395 3278 Prae-

1821 3325 1964 3368 terea
2001 3314 2311 3377 invisibilis,
2341 3324 2399 3368 et
2452 3314 2864 3383 incompositus,
2896 3328 2952 3369 et
2991 3314 3160 3384 ﬁgura
3204 3330 3396 3370 careas

1818 3405 1958 3459 Deus
2009 3405 2298 3476 imaginem
2335 3403 2535 3459 habere
2566 3420 2669 3458 non
2704 3414 2903 3473 p0test,
2934 3406 3146 3474 qualem
3177 3404 3277 3475 ipsi
3310 3407 3399 3461 de-

1819 3496 2089 3561 scribunt,
2125 3510 2246 3565 qua:
2284 3494 2493 3550 scilicet
2525 3494 2592 3547 ad
2635 3494 2993 3550 imitationem
3029 3493 3165 3549 facta
3210 3494 3391 3549 fuerit.

1816 3584 2031 3640 Illorum
2059 3598 2240 3640 autem
2270 3593 2583 3639 commenta
2629 3583 2917 3639 manifeste
2970 3595 3192 3640 enervat
3228 3586 3392 3640 etiam

1819 3678 1958 3747 quod
1986 3676 2287 3743 subjicitur,
2320 3687 2375 3730 et
2413 3676 2493 3731 sic
2512 3690 2570 3729 se
2592 3675 2798 3730 habet:
2838 3674 2960 3729 Non
2989 3676 3227 3742 rapinam
3282 3675 3407 3747 (87).

1819 3775 2105 3825 arbitratus
2137 3781 2209 3824 est
2237 3786 2345 3824 esse
2378 3786 2431 3823 re
2460 3767 2713 3840 (aqualem
2748 3768 2873 3822 Deo.
2910 3768 2983 3822 De
3010 3769 3242 3823 naturali
3266 3784 3394 3824 vero

1824 3866 2056 3933 imagine
2100 3863 2314 3931 Moyses
2362 3876 2575 3931 quoque
2620 3861 2698 3915 sic
2756 3860 3035 3929 loquitur:
3076 3860 3246 3913 Adam
3279 3859 3393 3930 (88)

1816 3957 1987 4024 genuit
2014 3953 2138 4010 Seth
2166 3954 2447 4007 secundum
2463 3957 2688 4022 [armant
2723 3968 2897 4008 suam.
2936 3948 3118 4021 Neque
3138 3965 3266 4006 vero
3295 3950 3394 4003 luit

1819 4045 1949 4101 Seth
1978 4044 2201 4101 alterius
2235 4044 2543 4100 necessario
2599 4043 2936 4107 substantiis.
2974 4042 3152 4097 habita
3188 4042 3413 4097 ratione

1817 4139 1885 4192 ad
1916 4136 2181 4192 Adamum
2210 4154 2226 4203 ;
2278 4146 2333 4191 et
2368 4147 2545 4189 tamen
2584 4134 2874 4203 imaginem
2908 4134 3020 4206 (89)
3054 4135 3263 4199 vocavit
3291 4133 3395 4189 for-

1819 4246 1989 4296 tnam,
2022 4238 2076 4283 et
2108 4227 2521 4283 similitudinem
2576 4226 2917 4282 substantiae.
2963 4226 3032 4280 At
3078 4228 3143 4282 de
3177 4227 3393 4282 homine

1816 4338 2050 4392 quoque,
2085 4321 2354 4390 inquiunt,
2384 4321 2644 4391 scriptum
2676 4330 2755 4376 est
2785 4319 2920 4391 (90),
2943 4334 3064 4373 eum
3100 4335 3221 4374 esse
3264 4319 3394 4374 ima-

1817 4415 2021 4485 ginem,
2062 4424 2118 4469 et
2147 4413 2373 4482 gloriam
2406 4413 2520 4468 Dei.
2556 4413 2661 4467 Sed
2714 4411 2859 4466 nullo
2897 4413 2949 4466 in
3008 4412 3144 4480 loco,
3194 4429 3227 4468 ο
3268 4430 3399 4468 sua-

1822 4506 2049 4568 vissimi,
2093 4505 2160 4559 de
2194 4504 2434 4569 homine,
2460 4514 2550 4557 ant
2579 4503 2645 4557 de
2677 4503 2781 4557 alia
2812 4502 2917 4555 ulla
2951 4514 3200 4557 creatura
3252 4505 3391 4558 scri-

1821 4608 1970 4667 ptum
2001 4606 2106 4664 est,
2135 4610 2255 4651 eam
2290 4610 2412 4650 esse
2440 4596 2780 4664 splendorem
2814 4594 2998 4664 gloria:
3030 4593 3143 4661 Dei,
3178 4604 3233 4649 et
3261 4596 3393 4649 cha-

1826 4698 2089 4743 raeterem
2154 4686 2491 4742 substantia.
2532 4685 2691 4740 Aliud
2727 4695 2905 4739 autem
2962 4696 3066 4751 est,
3121 4687 3393 4741 hominem

1821 4795 1939 4835 esse
1972 4780 2258 4850 imaginem
2293 4776 2405 4843 Dei,
2433 4777 2483 4831 id
2519 4785 2602 4831 est
2633 4791 2744 4830 rem
2780 4774 3133 4831 fabrefactam
3163 4778 3395 4831 archite-

1819 4875 1892 4930 cti
1929 4889 2051 4929 esse
2078 4872 2391 4941 imaginem,
2429 4870 2569 4925 sicut
2603 4870 2732 4924 sella
2780 4880 2861 4925 est
2896 4869 3073 4940 imago
3106 4870 3269 4937 fabri;
3321 4873 3409 4926 ait-

1818 4967 1963 5021 enim
2006 4964 2262 5020 Salomon
2311 4982 2326 5019 :
2368 4961 2473 5017 Per
2518 4963 2816 5032 analogiam
2868 4962 2987 5032 (9i)
3029 4972 3401 5017 creaturarum

1823 5053 2077 5111 Conditor
2115 5056 2368 5111 cernitur.
2408 5055 2565 5109 Aliud
2613 5068 2742 5109 vero
2781 5063 2885 5119 est,
2919 5069 3017 5123 per
3062 5054 3393 5109 identitatent

1823 5149 2033 5215 formae,
2086 5150 2353 5215 essentia),
2407 5159 2465 5205 et
2514 5147 2852 5214 :eternitatis,
2889 5147 3230 5217 splendorem
3275 5162 3397 5203 esse

1822 5335 1870 5379 et
1900 5330 2076 5396 genuit
2106 5327 2391 5379 secundum
2427 5327 2649 5392 formam
2676 5342 2847 5389 artam,
2874 5335 2919 5396 et
2947 5324 3231 5396 secundum
3258 5324 3395 5376 ima-

1821 5394 1993 5466 ginem
2028 5414 2199 5466 suam,
2228 5410 2275 5449 et
2314 5398 2594 5448 nominavit
2629 5412 2812 5449 nomen
2850 5395 2967 5466 ejus,
2995 5394 3146 5448 Seth.

1893 5465 2005 5537 (89)
2041 5465 2354 5535 Imaginem.
2388 5466 2471 5537 Ex
2488 5469 2615 5537 _hac
2649 5481 2780 5537 voce
2830 5464 3285 5537 conjicerelicel,
3331 5464 3397 5537 li-

1823 5533 2060 5592 brarium
2095 5533 2334 5590 nostrum
2384 5536 2435 5587 in
2476 5533 2704 5590 Genesis
2738 5535 2853 5588 loco
2886 5533 3008 5587 ante
3056 5535 3218 5589 allato
3258 5535 3397 5585 mni-

1820 5612 1961 5661 sisse
1991 5608 2149 5658 verba
2180 5605 2288 5669 illa,
2320 5608 2413 5659 καὶ
2447 5604 2588 5659 κατὰ
2622 5606 2723 5676 τὴν
2768 5605 2953 5659 εἰκόνα
2981 5604 3167 5670 αὑτοῦ,
3205 5606 3255 5659 id
3288 5615 3397 5666 est,

1819 5690 1865 5732 et
1897 5677 2177 5747 secundum
2206 5677 2485 5747 imaginem
2509 5693 2684 5731 suam.

1891 5746 2000 5812 (90)
2034 5744 2294 5814 Scriptum
2317 5744 2413 5800 cst.
2452 5749 2469 5799 Ι
2499 5747 2622 5801 Cor.
2654 5762 2729 5810 xl,
2759 5745 2814 5799 7.

1894 5816 2003 5889 (91)
2051 5813 2158 5869 Per
2197 5819 2518 5888 analogiam.
2561 5817 2685 5886 δον.
2728 5831 2863 5882 xm,
2882 5814 2934 5869 5.
