3970 6406
475 335 583 392 359

1713 333 1950 392 οιόγΜι
1987 333 2460 390 ALEXANDRINI

3621 333 3723 390 569

479 451 684 524 gloria.
720 460 776 508 et
802 453 1173 508 characterem
1213 452 1589 524 hypostaseos,
1640 451 1758 506 sive
1809 454 2056 508 substan-

2191 451 2254 504 ηδν
2292 452 2385 504 καὶ
2413 449 2676 521 ὁμότιμον
2704 445 3100 516 ἀποφαίνοντος
3117 463 3130 477 ·
3170 444 3286 500 ἀλλ’
3315 445 3436 499 οὐδὲ
3477 444 3662 499 τέκνον
3687 447 3724 516 ἢ

481 548 571 599 tiae
611 545 664 598 in
703 543 862 598 Patre
890 544 1294 611 subsistentem,
1325 552 1380 600 et
1408 543 1839 599 veracissimam.
1878 544 2057 614 luqui't

449 704 452 707 ‘
479 636 623 688 enim
653 635 765 703 ipse
789 651 803 689 :
841 634 946 699 Qui
971 636 1094 688 vidit
1128 634 1238 705 (9i)
1276 650 1377 700 me,
1406 635 1533 688 vidit
1561 631 1770 688 Patrem
1797 649 1817 687 :
1852 645 1907 688 at
1931 650 2057 690 vero

479 725 570 792 qui
610 726 742 779 vidit
779 725 1073 792 hominem,
1106 741 1211 779 non
1249 727 1382 780 vidit
1436 723 1628 788 Deum,
1673 726 1815 780 sicut
1845 727 1934 794 qui
1977 725 2061 780 vi-

483 818 558 870 dit
589 815 799 880 sellam,
828 831 932 870 non
969 817 1102 870 vidit
1136 815 1370 871 fabrum.
1406 817 1605 872 Verum
1640 831 1862 872 necesse
1893 818 2057 872 etiam

481 916 585 971 est,
633 916 692 959 ut
750 903 908 959 unius
964 905 1250 961 invisibilis
1309 907 1402 961 Dei
1452 907 1544 962 illa
1616 922 1719 961 una
1775 907 2060 964 invisibilis

490 999 668 1066 imago
697 997 792 1064 sit,
826 1013 930 1051 non
978 1012 1110 1053 vero
1137 999 1364 1054 visibilis
1395 1000 1577 1064 homo,
1603 1000 1692 1068 qui
1725 1009 1810 1054 est
1834 1000 1899 1054 ad
1928 1001 2061 1055 ima-

485 1088 663 1157 ginem
697 1089 831 1160 (95).
865 1090 1036 1160 Igitur
1083 1089 1252 1145 Filius
1294 1105 1466 1158 neque
1519 1090 1674 1145 alteri
1711 1090 1818 1162 43
1871 1091 2063 1146 similis

485 1193 602 1245 est;
647 1183 908 1249 scriptum
959 1192 1042 1237 est
1095 1183 1237 1236 enim
1284 1199 1298 1236 :
1351 1181 1482 1248 Quis
1519 1181 1632 1254 (94)
1684 1183 2064 1236 assimilabitur

487 1271 714 1326 Domino
755 1273 809 1327 in
844 1273 971 1340 ﬁliis
1009 1272 1158 1327 Dei?
1214 1288 1389 1344 neque
1434 1271 1581 1326 Patri
1627 1288 1727 1328 suo
1789 1272 2064 1327 dissimilis

486 1372 620 1416 est:
665 1362 743 1414 ait
780 1363 973 1416 enim:
1016 1360 1125 1431 Ego
1171 1361 1284 1432 (95)
1331 1369 1380 1416 et
1425 1359 1589 1415 Pater
1644 1377 1808 1415 unum
1859 1377 2060 1416 sumus.

489 1451 597 1518 Qui
625 1467 754 1506 vero
793 1461 1032 1507 creatam
1074 1453 1127 1506 in
1170 1452 1288 1523 ipso
1340 1451 1824 1506 comminiscuntur
1872 1450 2063 1518 itnagio

493 1558 640 1608 nem,
673 1541 1189 1598 Nabuchodonosori
1238 1542 1352 1615 (96)
1387 1542 1592 1598 similes
1622 1551 1769 1607 sunt,
1808 1541 1898 1610 qui
1949 1557 2065 1596 ma-

491 1634 785 1698 uul'actam,
829 1644 885 1689 et
945 1636 1300 1690 inanimatam
1359 1633 1648 1704 imaginem
1703 1631 1974 1698 conﬂavit,
2009 1642 2069 1688 ut

2159 540 2438 611 παιδίονῆ
2485 539 2734 611 γέννημα
2776 540 2992 610 εἴρηται
3025 537 3244 591 πώποτε
3293 535 3436 592 κατὰ
3476 534 3571 606 τὴν
3617 536 3727 589 ᾶνω

2161 633 2387 704 ἄπειρον
2410 630 2662 702 γέννησιν
2690 631 2758 701 ἢν
2785 630 2936 683 οὐδὲν
2961 628 3022 682 τὸ
3047 627 3306 698 παράπαν
3328 627 3728 699 χαρακτηρίσαι

2159 721 2414 776 δύναται’
2461 721 2547 775 ἵνα
2584 723 2658 794 μή
2690 739 2743 774 τι
2780 721 2972 793 μικρὸν
3001 720 3034 791 ἦ
3068 720 3322 774 ὑπόνοιαν
3351 719 3586 790 παρέχον
3613 723 3731 781 ταῖς

2162 811 2575 885 προλεχθείσαις
2647 811 2826 865 αὐτῶν
2879 810 3297 882 σεσοφισμέναις
3365 810 3732 880 βλασφημίαις

2161 901 2497 975 φαντασθείῃ
2543 919 2662 966 τις·
2705 902 2818 956 ἀλλ’
2871 901 3002 965 Υἱὸς
3051 901 3138 954 διὰ
3180 901 3242 953 τὸ
3289 901 3491 953 τέλειον
3536 901 3630 953 καὶ
3674 899 3734 952 τὸ

2161 993 2416 1064 ἁνάρχως
2446 992 2812 1064 γεννηθῆναι,
2857 993 2954 1046 καὶ
2981 992 3042 1044 τὸ
3073 991 3208 1062 πρὸς
3236 991 3328 1046 τὸν
3371 991 3591 1062 Πατέρα
3637 992 3736 1062 τῆς

2165 1084 2379 1154 φύσεως
2403 1084 2844 1155 ἀπαράλλακτον.
2874 1083 3010 1138 Ὅλα
3040 1083 3097 1137 δὲ
3122 1083 3190 1136 τὰ
3217 1083 3548 1154 νομιζόμενα
3585 1083 3738 1154 παρά

2162 1193 2304 1229 τισιν
2341 1173 2477 1228 εἶναι
2509 1176 2645 1246 πρὸς
2671 1175 2901 1246 θεότητα
2932 1175 3125 1248 μικρὰ,
3153 1176 3246 1229 καὶ
3271 1176 3353 1240 τὸ,
3395 1175 3459 1228 '0
3493 1174 3738 1244 πέμψας

2159 1284 2238 1336 με
2269 1265 2474 1334 Πατὴρ
2495 1264 2708 1335 μείζων
2743 1266 2862 1335 μού
2900 1265 3054 1332 ἐστι,
3102 1264 3191 1319 διὰ
3224 1265 3324 1338 τὴν
3359 1264 3741 1336 φιλάνθρωπον

2167 1358 2263 1412 καὶ
2308 1358 2545 1430 ἄρρητον
2593 1355 2702 1429 [18
2731 1356 2802 1430 b]
2847 1356 3260 1430 ὲνανθρώπησιν
3312 1357 3498 1420 αὑτοῦ,
3537 1357 3639 1428 τὴν
3672 1357 3741 1410 δι’

2167 1452 2320 1522 ἡμᾶς
2353 1451 2446 1504 καὶ
2477 1451 2617 1520 ὑπὲρ
2655 1450 2813 1522 ἡμῶν
2841 1450 3158 1521 γενομένην,
3181 1450 3305 1512 ταῖς
3330 1449 3502 1521 ἱεραῖς
3535 1465 3744 1520 κεχρη-

2171 1543 2449 1614 σμῴδηται
2499 1542 2733 1613 βίϐλοις·
2779 1543 2846 1596 δι’
2877 1544 2944 1613 ἢν
2982 1543 3076 1597 καὶ
3108 1542 3354 1611 ἀγγέλων
3396 1540 3745 1612 ἡλαττῶσθαι

2169 1635 2498 1706 γέγραπται,
2527 1634 2670 1688 κατὰ
2692 1633 2783 1687 τὸν
2824 1634 3145 1689 Ἀπόστολον
3169 1634 3550 1687 ἐπιστείλαντα
3569 1651 3585 1666 ’
3632 1634 3747 1688 Τὸν

491 1725 810 1780 adoraretur
838 1726 969 1796 (97).
1003 1727 1263 1780 Adamum
1292 1741 1454 1796 porro
1490 1726 1559 1780 ob
1591 1723 2008 1779 iuobedientiam
2039 1740 2070 1779 e

2191 1724 2240 1776 ἴὲ
2261 1725 2463 1794 ,ϐραχύ
2498 1742 2550 1778 τι
2588 1725 2723 1792 παρ’
2752 1725 3048 1794 ἀγγέλους
3075 1724 3497 1795 ἠλαττωμένον
3517 1722 3749 1789 ,ϐλέπο-

493 1815 741 1884 paradiso
792 1814 935 1872 Deus
991 1817 1184 1872 merito
1237 1819 1420 1888 ejecit.
1482 1816 1771 1872 Latronem
1833 1833 1979 1882 vero,
2015 1829 2070 1872 et

2191 1835 2280 1872 ιεν
2339 1818 2571 1886 Ἰησοῦν
2619 1818 2716 1872 διὰ
2751 1819 2817 1872 τὸ
2855 1817 3098 1888 πάθημα
3130 1819 3237 1873 τοῦ
3268 1817 3550 1874 θανάτου.
3596 1816 3747 1886 Ἐγὼ

491 1922 614 1964 cum
649 1907 765 1975 ipso
807 1909 1108 1973 Adamnm,
1148 1919 1205 1964 et
1237 1910 1548 1964 universum
1596 1919 1839 1965 nostrum
1896 1927 2066 1982 genus

494 1998 622 2053 illuc
648 1998 819 2055 Filius
885 1999 1183 2054 introduxit
1217 1999 1350 2071 (98),
1387 2010 1570 2070 utpote
1602 2001 1675 2066 ei,
1717 2003 1808 2072 qui
1846 2003 2070 2071 expule-

494 2100 603 2155 rat,
643 2091 866 2146 omnino
889 2091 1111 2160 acqualis
1141 2091 1362 2158 deitate,
1394 2101 1449 2146 et
1479 2092 1742 2156 bonitate,
1788 2101 1843 2148 et
1893 2093 2070 2147 domi-

497 2183 737 2238 natione.
772 2183 1003 2238 Ubinam
1034 2198 1164 2238 vero
1213 2183 1476 2253 scriptum
1516 2183 1713 2253 legitur
1771 2183 1904 2255 (99),
1965 2183 2069 2238 Pa-

500 2283 663 2336 trem,
723 2273 904 2328 babita
941 2274 1006 2327 ad
1059 2289 1215 2329 suum
1271 2273 1610 2343 Uuigenitum
1671 2276 1897 2342 ratione,
1951 2290 2072 2330 esse

503 2364 863 2434 asyucritum,
889 2365 988 2419 hoc
1024 2375 1127 2430 est,
1153 2365 1674 2433 incomparabilem?
1715 2376 1808 2420 aut
1830 2367 2069 2420 omnium

503 2454 867 2518 conditorem,
902 2467 964 2506 ac
989 2452 1225 2522 judicem
1263 2454 1452 2509 Filium
1493 2454 1607 2524 ejus
1631 2465 1866 2527 spectata
1903 2457 2070 2526 ipsius

2169 1907 2263 1965 οὖν
2289 1906 2447 1983 οἶμαι
2473 1910 2568 1965 καὶ
2588 1911 2649 1964 οὐ
2681 1911 2901 1974 πάντως
2928 1909 3345 1982 διασφάλὶομαι,
3381 1910 3463 1963 ὃτι
3488 1909 3619 1981 περὶ
3647 1908 3747 1962 τοῦ

2172 2002 2387 2074 Πατρὸς
2432 2003 2524 2056 καὶ
2561 2000 2752 2056 ἑαυτοῦ
2795 1997 2953 2067 εἶπε,
3005 2000 3105 2072 τὴν
3137 2002 3340 2072 ἀμφοῖν
3364 2001 3574 2064 δεικνὺς
3604 2001 3749 2069 ἁγα-

2174 2093 2377 2166 Θότητα
2404 2093 2497 2147 καὶ
2528 2091 2920 2164 ὁμοουσιότητα
2940 2110 2954 2123 ·
2984 2093 3062 2148 ’⁸11
3084 2093 3376 2160 ποιήσατε
3405 2091 3470 2146 τὸ
3491 2090 3751 2160 δένδρον

2172 2184 2382 2249 καλὸν,
2411 2183 2510 2237 καὶ
2538 2184 2644 2238 τὸν
2676 2183 2910 2253 καρπὸν
2931 2185 3120 2238 αὐτοῦ
3145 2183 3358 2247 καλὸν,
3389 2183 3427 2252 ἣ
3457 2181 3753 2248 ποιήσατε

2172 2275 2241 2328 τὸ
2289 2274 2543 2345 δένδρον
2577 2275 2815 2343 σαπρὸν
2859 2275 2959 2329 καὶ
2997 2274 3104 2329 τὸν
3135 2275 3369 2344 καρπὸν
3407 2273 3593 2328 αὐτοῦ
3638 2289 3754 2328 σα-

2172 2369 2354 2437 πρόνο
2379 2368 2448 2422 ἐκ
2476 2366 2586 2437 γὰρ
2618 2368 2728 2423 τοῦ
2763 2368 3018 2436 καρποῦ,
3047 2368 3197 2438 ⁸φησι
3215 2409 3231 2433 ,
3274 2366 3339 2420 τὸ
3381 2364 3635 2434 δένδρον
3657 2382 3754 2433 τι-

2171 2458 2486 2513 νώσκεται.

500 2549 703 2615 divina,
745 2556 800 2603 et
828 2547 1056 2615 inﬁnita,
1111 2559 1164 2602 et
1223 2549 1292 2606 ab
1347 2550 1596 2604 omnibus
1647 2549 1807 2604 rebus
1862 2560 2140 2620 segregata
2201 2563 2394 2605 natura
2470 2558 2777 2606 creaturam
2836 2549 2996 2605 esse?
3045 2558 3138 2604 aut
3189 2549 3408 2604 omnino
3465 2547 3756 2616 aliquando

499 2657 624 2698 eum
686 2658 794 2698 non
856 2643 1167 2698 exstitisse?
1229 2655 1321 2700 aut
1371 2645 1588 2700 ubinam
1641 2645 1921 2713 speciatim
1992 2646 2123 2701 dixit
2196 2646 2278 2702 vel
2335 2645 2555 2703 Pater:
2603 2645 2794 2703 Creavi
2861 2647 2991 2702 mihi
3064 2644 3293 2709 Filium;
3366 2643 3452 2698 vel
3509 2641 3679 2697 Fi.ius
3734 2659 3751 2694 :

499 2738 728 2793 Creatus
763 2717 880 2792 sntit
945 2754 974 2792 a
1034 2737 1238 2794 Patre?
1296 2741 1436 2809 quod
1442 2757 1467 2810 έ
1513 2739 1730 2805 auditu,
1803 2740 1997 2795 nedum
2087 2741 2231 2797 dictu
2283 2739 2610 2797 horrendum
2671 2749 2773 2804 est,
2829 2750 2884 2796 et
2937 2741 3158 2796 omnino
3227 2737 3554 2808 fugiendum.
3607 2735 3755 2790 Nus-

501 2847 666 2901 quam
704 2847 867 2902 porro
935 2834 1048 2888 haec
1084 2833 1137 2886 in
1203 2842 1314 2887 tota
1360 2831 1560 2898 divina,
1609 2841 1664 2887 et
1713 2847 1742 2885 a
1799 2833 1980 2888 divino
2037 2833 2238 2904 Spiritu
2297 2833 2564 2905 inspirata
2621 2835 2897 2905 Scriptura
2954 2833 3319 2888 inveniuntur.
3379 2830 3422 2885 E
3477 2831 3758 2886 contrarie

502 2934 685 2983 autem
724 2941 1060 2994 quzecunque
1120 2928 1184 2980 de
1246 2941 1341 2981 sua
1380 2927 1580 2980 deitate
1609 2927 1742 2982 dixit
1773 2925 2114 2998 Unigenitus,
2164 2943 2228 2984 ea
2258 2929 2438 2982 omnia
2487 2939 2613 2984 sunt
2664 2929 2782 2984 Filii
2820 2929 3166 2998 semetipsum
3219 2924 3586 2995 comparautis
3644 2925 3759 2979 Pa-

505 3018 599 3081 tri,
655 3026 711 3073 et
746 3032 908 3071 unum
937 3030 1056 3071 cum
1093 3016 1203 3083 illo,
1265 3016 1610 3087 ejusdemque
1674 3017 1894 3072 honoris
1957 3017 2176 3087 dignum
2238 3033 2298 3074 se
2341 3018 2784 3074 demonstrantis.
2819 3019 2957 3086 Quin
2992 3027 3230 3088 spectata
3274 3019 3477 3073 cmlesti
3544 3017 3760 3072 inﬁnita

506 3110 878 3180 generatione,
947 3123 1108 3178 quam
1158 3108 1294 3163 nihil
1319 3109 1537 3164 omnino
1583 3109 1923 3178 exprimere,
1969 3125 2032 3164 ac
2078 3120 2464 3179 reprtesentare
2513 3111 2675 3180 valet,
2708 3126 2881 3180 neque
2906 3112 3113 3174 τέκνον,
3147 3110 3199 3166 id
3232 3121 3315 3166 est
3353 3110 3546 3174 Natus,
3581 3126 3764 3181 neque

507 3201 744 3264 παιδίον,
786 3201 838 3258 id
863 3210 942 3257 est
972 3199 1243 3271 puerulus,
1275 3216 1446 3271 neque
1471 3200 1749 3272 γέννημα.
1789 3201 1840 3255 id
1893 3213 1976 3256 est
2033 3203 2266 3272 genimen
2293 3204 2391 3274 (l),
2464 3220 2696 3274 unquam
2746 3204 2921 3259 dictus
2980 3204 3080 3258 fuit
3125 3221 3140 3259 :
3185 3219 3252 3258 ne
3305 3203 3513 3260 scilicet
3555 3203 3760 3275 aliquid

514 3294 715 3352 humile
774 3293 1099 3361 imaginetur
1172 3292 1329 3360 quis,
1406 3301 1497 3347 aut
1558 3293 1706 3362 quod
1764 3292 2031 3361 praedictis
2112 3308 2297 3348 eorum
2348 3295 2706 3365 blasphemiis
2768 3295 3056 3350 artiﬁciose
3105 3294 3351 3350 conﬁctis
3398 3295 3762 3364 suspicionem

510 3388 767 3460 praebeat.
838 3383 1036 3440 Verum
1087 3383 1235 3449 Υἱός,
1263 3384 1315 3438 id
1349 3393 1434 3438 est
1486 3382 1682 3449 Filius,
1748 3384 1963 3451 dicitur,
2014 3385 2084 3440 ob
2136 3385 2431 3454 perfectam
2504 3395 2664 3456 atque
2705 3397 2959 3442 aeternam
3014 3389 3435 3458 generationem,
3487 3391 3765 3445 eamdem.

515 3497 622 3552 que
684 3480 843 3551 plane
881 3495 1002 3535 cum
1045 3479 1205 3534 Patre
1239 3488 1507 3534 naturam.
1539 3479 1731 3534 Omnia
1785 3495 1914 3534 vero
1945 3479 2032 3538 illa
2105 3495 2226 3550 quae
2294 3481 2533 3536 nonnulli
2578 3491 2822 3551 respectu
2875 3480 3173 3535 divinitatis
3229 3478 3340 3552 44
3381 3467 3602 3535 humilia
3639 3497 3766 3538 esse

517 3581 725 3642 putant,
760 3581 818 3625 ut
876 3581 930 3626 et
966 3571 1141 3628 illud:
1189 3570 1292 3637 Qui
1353 3573 1493 3628 misit
1547 3587 1628 3625 me
1682 3570 1842 3625 Pater
1878 3571 1976 3644 (2),
2035 3573 2207 3640 major
2268 3589 2347 3628 me
2386 3583 2482 3640 est,
2544 3576 2594 3629 in
2643 3575 2815 3630 sacris
2883 3573 3035 3628 libris
3106 3572 3358 3628 divinitus
3418 3573 3644 3636 dictata.
3699 3592 3763 3632 ac

515 3668 716 3735 scripta
777 3673 900 3720 sunt
943 3665 1011 3720 ob
1041 3664 1321 3734 benignam
1351 3674 1512 3734 atque
1537 3663 1858 3720 iueﬁ‘abilem
1904 3664 2072 3733 ipsius
2116 3665 2561 3734 incarnationem,
2585 3682 2703 3737 qua:
2747 3676 2965 3737 propter
3011 3680 3129 3734 nos,
3183 3672 3237 3718 et
3295 3680 3392 3735 pro
3431 3665 3585 3719 nobis
3616 3664 3758 3722 facta

516 3764 600 3809 est
657 3761 932 3822 :pr0pter
995 3767 1156 3820 quam
1197 3752 1358 3806 etiam
1401 3753 1656 3822 scriptum
1702 3753 1824 3818 fuit,
1883 3769 2006 3808 eum
2078 3755 2284 3825 angelis
2349 3757 2610 3812 minorem
2648 3755 2848 3812 factum
2915 3771 3052 3823 esse,
3115 3755 3265 3824 juxta
3314 3755 3634 3826 Apostolum
3709 3758 3764 3814 in

518 3843 771 3913 Epistolis
835 3844 949 3898 suis
988 3844 1361 3912 inquieutem:
1405 3841 1545 3898 Eum
1597 3857 1769 3900 autem
1818 3846 1918 3918 (5),
1965 3847 2055 3918 qui
2113 3850 2318 3903 modico
2360 3866 2518 3920 quam
2567 3849 2755 3918 angeli,
2805 3850 3097 3906 minoratus
3142 3860 3240 3914 est,
3291 3851 3522 3904 videmus
3557 3849 3768 3916 Iesum,

519 3953 730 4013 propter
779 3944 1073 4012 passionem
1136 3942 1342 3997 mortis.
1386 3941 1500 4010 Ego
1560 3941 1723 4011 igitur
1768 3953 1898 4012 puto
1929 3982 1946 4009 ,
1988 3958 2088 3999 nec
2158 3946 2378 4001 omnino
2428 3945 2604 4010 fallor,
2643 3946 2790 4000 illum
2843 3947 2910 4000 de
2955 3944 3136 4014 Patre,
3195 3953 3250 4003 et
3304 3945 3372 4002 de
3417 3961 3476 4002 se
3528 3946 3665 4016 ipso,
3711 3958 3772 4002 ut

522 4041 814 4096 bonitatem
851 4039 1167 4107 utriusque,
1196 4047 1250 4094 et
1286 4037 1900 4093 consubstantialitatem
1959 4044 2303 4106 ostenderet,
2363 4041 2564 4097 dixisse
2613 4059 2627 4096 :
2677 4042 2784 4094 Aut
2831 4041 2991 4110 facile
3020 4039 3098 4111 (4)
3144 4037 3383 4092 arborem
3448 4037 3661 4104 bonum,
3715 4047 3768 4092 et

523 4133 750 4199 fructum
807 4132 920 4200 ejus
973 4131 1208 4183 bonum:
1246 4139 1334 4182 aut
1397 4127 1552 4196 facite
1591 4133 1827 4184 arborem
1892 4129 2105 4196 malum,
2165 4142 2211 4192 et
2260 4135 2491 4201 fructum
2551 4143 2663 4204 ejus
2725 4132 2944 4189 malum.
3011 4129 3280 4202 Siquidem
3343 4143 3408 4183 ea:
3440 4128 3642 4198 fructu,
3675 4126 3770 4182 in-

522 4226 660 4295 quit,
690 4225 846 4280 arbor
876 4225 1222 4295 cognoscitur.

1073 4313 1225 4370 CAP.
1262 4313 1404 4377 xvu
1453 4314 1550 4385 (5).
2119 4322 2162 4379 ι]

594 4411 858 4480 Quoniam
881 4424 1011 4464 vero
1065 4423 1130 4462 ex
1163 4409 1246 4468 his
1277 4408 1366 4476 qui
1426 4407 1534 4461 Deo
1579 4406 1773 4461 bellum
1829 4407 2092 4473 inferunt,

2825 4313 2983 4366 ΚΕΦ.
3033 4312 3129 4366 IZ'.

2281 4409 2497 4481 Ἐπειδὴ
2546 4408 2603 4462 δὲ
2636 4405 3027 4480 Θεομαχοῦντες
3059 4406 3110 4458 οἱ
3142 4403 3239 4475 μὲν
3267 4404 3363 4457 σὺν
3401 4400 3482 4474 τῷ
3526 4400 3642 4472 Υῑῷ
3675 4400 3778 4454 καὶ

595 4569 709 4638 (9‘2)
742 4569 845 4633 Qui
879 4569 1026 4623 vidit.
1053 4565 1356 4638 Joanaxtv,
1384 4564 1439 4619 9.

597 4633 711 4708 (95)
746 4639 826 4691 Ad
857 4640 1152 4702 imaginem.
1188 4636 1318 4690 Vide
1352 4645 1465 4708 not.
1497 4633 1586 4699 68.,
1619 4649 1739 4706 pag.
1767 4633 1821 4690 9.

597 4705 712 4776 (94)
750 4709 900 4776 Quis.
933 4708 1074 4762 Psal.
1104 4720 1370 4770 Lxxxvttt,
1411 4705 1462 4756 ’7.

597 4775 712 4846 (95)
739 4775 873 4841 qu.
903 4778 1062 4833 Joan.
1094 4795 1148 4840 ι,
1194 4776 1284 4832 50.

601 4843 712 4918 (96)
748 4847 1297 4918 Nabuchodonosori._
1332 4845 1565 4918 ϐοείοις,
1593 4843 2096 4918 ῌαόουχοδονοσωρ,

529 4936 651 4976 cum
680 4914 745 4980 to,
765 4928 816 4970 et
839 4919 956 4972 sine
983 4925 1229 4974 accentu.
1259 4915 1459 4970 Gratata.
1492 4914 1786 4968 Bibliorum’
1811 4914 2095 4979 editiones,

531 4991 667 5050 alim,
699 4987 1355 5058 Ναϐουχοδονόσορλίιιίίρ,
1382 4984 1886 5058 Ναϐουχοδονόσωρ.

603 5060 713 5128 (97)
738 5056 805 5111 Ut
829 5056 1158 5128 adoreretur.
1191 5056 1246 5110 lu
1271 5057 1479 5128 Graeco.
1508 5056 1948 5128 προσκυνεῖσθαι,
1979 5069 2096 5128 pro,

2198 4565 2322 4618 dum
2359 4565 2592 4618 lreuacus
2631 4563 2724 4616 lib.
2762 4577 2797 4626 ι,
2838 4577 2958 4631 cap.
2999 4561 3090 4627 51,
3125 4559 3380 4631 loquitur,
3417 4557 3773 4626 excogitavit,

2199 4646 2255 4689 ut
2285 4635 2548 4688 Adamum
2578 4634 2720 4687 inter
2745 4629 3026 4686 damnatos
3055 4645 3119 4685 ac
3153 4629 3407 4698 reprobos
3437 4640 3772 4684 numeraret.

2271 4722 2386 4791 (99)
2424 4721 2654 4790 Legitur.
2695 4720 3085 4783 Eunomianos,
3123 4721 3236 4774 sive
3257 4723 3546 4774 Anommos
3573 4719 3778 4791 carpit,

2201 4794 2290 4855 qui
2334 4809 2454 4847 cum
2481 4793 2741 4845 ltomousii
2774 4806 2955 4846 vocem
2989 4791 3110 4845 ideo
3152 4796 3491 4859 respuerent.
3534 4790 3680 4855 quod
3725 4792 3778 4844 in

2204 4861 2481 4932 Scriptura
2528 4877 2647 4917 non.
2681 4861 2906 4932 legatur,
2933 4860 3082 4932 plura
3138 4869 3315 4913 tamen
3347 4861 3412 4913 de
3439 4859 3573 4932 Filio
3608 4859 3784 4932 impie

2204 4929 2563 4995 aﬁirinabant,
2599 4947 2720 5000 qua;
2761 4933 2814 4984 in
2851 4929 3132 4999 Scriptura
3166 4945 3339 4999 neque
3366 4929 3541 4998 quoad
3582 4929 3781 4995 verba,

2200 5018 2377 5073 neque
2404 5002 2580 5070 quoad
2621 5016 2838 5055 sensum
2871 5001 3237 5069 reperiuntur.

2256 5091 2348 5174 .(l)
2371 5089 2761 5174 .GenimensEa
2780 5091 2999 5174 locutio,
3029 5106 3132 5159 qua
3159 5090 3327 5147 Filius
3353 5092 3629 5146 diceretur
3669 5091 3781 5145 Pa-

531 5125 617 5192 ὼς
643 5125 1097 5197 προσκυνεῖσθαιο
1129 5142 1248 5197 qua:
1280 5126 1481 5194 ellipsis
1510 5126 1713 5180 Gt'tccis
1748 5125 2100 5192 scriptoribus

531 5199 811 5252 iatniliaris
837 5207 939 5252 est.

607 5267 718 5335 (98)
743 5267 1064 5322 Introduxit.
1089 5265 1290 5332 Nempe
1309 5265 1362 5319 in
1394 5279 1616 5335 regnum
1638 5263 1931 5335 ctelorum;
1956 5263 2099 5335 quod

533 5331 789 5402 barbaro,
821 5354 883 5391 ex
918 5335 1134 5391 Persica
1166 5331 1375 5389 scilicet
1413 5331 1591 5404 lingua
1619 5336 1780 5388 ducto
1803 5375 1817 5398 ,
1849 5331 2099 5387 Paradisi

535 5407 752 5460 nomine
794 5422 822 5460 a
873 5406 1076 5461 Graecis
1128 5405 1378 5458 Patribus
1427 5405 1626 5472 passim
1673 5405 1849 5458 vocari
1897 5411 2093 5458 norunt

539 5477 794 5543 theologi.
835 5475 1071 5530 Salutem
1098 5474 1277 5540 itaque
1304 5474 1513 5538 Adami,
1542 5491 1701 5542 quem
1730 5491 1758 5526 a
1787 5472 2001 5528 Christo
2026 5473 2092 5543 ad

539 5541 746 5602 inferos
794 5546 1150 5600 descendente
1193 5545 1476 5598 liberatum
1528 5541 1603 5598 ait
1660 5544 1991 5612 Augustinus
2041 5541 2094 5595 in

537 5615 768 5683 epistola
795 5616 919 5681 164,
947 5618 1014 5669 ad
1061 5614 1339 5675 Evodium,
1375 5615 1574 5667 iudicat.
1606 5615 1688 5668 his
1724 5612 1902 5666 verbis
1930 5612 2096 5683 Didy-

541 5681 662 5753 mus
700 5685 978 5740 Tatianum
1014 5686 1174 5739 tacite
1208 5685 1498 5745 vellicans,
1529 5685 1617 5752 qui
1651 5685 1854 5753 primus
1889 5681 2096 5750 ταύτην

543 5752 891 5832 βλασφημίαν
937 5757 991 5814 id
1016 5765 1118 5822 est,
1156 5756 1290 5811 hunc
1324 5752 1717 5825 blasphemiam.
1748 5754 2096 5811 quemadmo-

2202 5161 2299 5216 tris
2322 5161 2585 5232 γέννημα.
2614 5162 2663 5215 id
2687 5171 2770 5216 est
2795 5163 3028 5230 genimen
3055 5177 3147 5215 seu
3170 5177 3399 5231 germen,
3424 5177 3614 5232 parum
3642 5177 3787 5215 non-

2203 5229 2364 5286 nullis
2406 5229 2655 5286 Pa’tribus
2691 5229 3039 5300 probabatur,
3075 5241 3132 5284 ut
3172 5229 3386 5286 constat
3417 5229 3484 5286 ex
3523 5229 3782 5299 Gregorii

2203 5303 2428 5376 Nysseni
2459 5301 2596 5356 libro
2623 5301 2780 5358 tertio
2809 5313 2989 5356 contra
3022 5301 3340 5355 Eunomium
3379 5317 3500 5372 pag.
3537 5301 3666 5355 105.

2275 5393 2352 5464 (2)
2384 5392 2487 5458 Qui
2517 5393 2678 5464 misit.
2709 5391 2899 5447 Joann.
2932 5408 3056 5464 (xw.
3088 5391 3178 5452 28.
3214 5392 3302 5464 ubi
3335 5404 3514 5447 tamen
3553 5392 3775 5464 non_le-

2199 5461 2360 5536 gitur,
2403 5465 2460 5516 ὐ
2484 5463 2705 5536 πέμψας
2732 5481 2823 5536 με,
2848 5463 2941 5536 se_d
2968 5481 2980 5516 :
3013 5462 3134 5514 Ὅτι
3156 5465 3184 5516 ὁ
3212 5463 3405 5536 Πατήρ
3433 5480 3532 5533 μου
3565 5461 3780 5531 μείζων

2203 5532 2303 5606 μού
2331 5535 2478 5606 ἐστι,
2512 5532 2570 5588 id
2594 5545 2694 5598 est,
2736 5532 2869 5606 quia;
2896 5532 3230 5606 Pater_meus
3269 5532 3442 5602 major
3461 5548 3541 5586 me
3567 5544 3668 5586 est.

2270 5605 2344 5676 (5)
2379 5604 2512 5658 Eum
2536 5602 2941 5676 rnutem.__llcl)r.
2973 5618 3034 5664 ll,
3056 5602 3111 5676 9Σ

2272 5672 2348 5744 (³4)
2385 5677 2482 5729 Aut
2516 5672 2923 5744 {agiteantttlL
2960 5688 3057 5738 xu,

2275 5741 2350 5818 (5)
2380 5746 2510 5817 Cap.
2551 5741 2744 5801 XVII.
2776 5742 3011 5800 Primam
3057 5743 3153 5800 Dei
3185 5751 3485 5799 creaturam
3521 5758 3637 5802 non
3660 5756 3789 5800 esse
