3970 6406
527 349 638 410 345
1499 361 1527 402 ι

1721 311 1724 316 ’
1801 346 2037 404 ntnvm
2073 343 2547 401 assummum

3641 347 3730 408 iii-5

528 468 607 523 ait
641 464 855 520 Moses:
890 463 1030 518 Audi
1063 460 1197 534 (14),
1223 461 1393 519 Israel
1425 475 1445 516 :
1485 461 1740 516 Dominus
1777 461 1918 517 Deus
1959 473 2099 525 tuus,

2209 475 2344 522 σου,
2382 458 2592 524 Κύριος
2623 449 2710 520 εἷς
2740 453 2930 508 ἐστιν.
2963 450 3063 506 Διὰ
3097 451 3191 506 τοῦ
3227 452 3390 506 εἰπεῖν
3412 449 3492 520 εἷς
3525 455 3731 527 δηλώσας

527 557 784 613 Dominus
816 572 954 608 unus
991 565 1089 608 est.
1157 555 1262 610 Per
1293 569 1503 614 vocem,
1554 569 1712 613 unus.
1761 569 1922 606 unam
1974 552 2108 607 indi-

526 666 658 705 rans
709 648 1007 702 deitatem:
1051 661 1149 715 per
1180 661 1365 701 vocem
1401 661 1530 700 vero
1584 644 1865 710 Dominus,
1914 645 2108 698 deinde

525 741 692 802 Deus,
723 747 777 791 et
805 753 992 792 rursus
1041 735 1322 797 Dominus.
1372 735 1692 790 Trinitatem
1744 734 2103 805 signiﬁcans:

524 845 688 900 aqua
736 829 1050 884 hominibus
1102 842 1263 882 omne
1300 827 1652 890 mundanum,
1685 836 1740 882 et
1787 841 2106 896 supratnttn-

525 925 724 975 uanum
762 921 875 989 (l5)
925 921 1125 975 bonum
1182 918 1305 985 fuit,
1339 927 1502 988 atque
1550 920 1676 972 erit.
1739 918 1804 972 Et
1853 933 2040 972 rursus
2090 940 2102 974 :

532 1011 673 1067 Dixit
713 1013 824 1083 (16)
855 1010 994 1066 Deus
1040 1025 1058 1064 :
1106 1008 1230 1063 Fiat
1259 1009 1671 1078 ﬁrmamentum.
1699 1008 1766 1062 Et
1797 1009 1916 1075 fecit
1965 1007 2105 1062 Deus

526 1104 935 1173 ﬁrmamentum.
998 1101 1068 1154 Et
1119 1101 1248 1154 vidit
1299 1099 1463 1161 Deus,
1507 1101 1647 1164 quod
1702 1110 1858 1154 esset
1892 1101 2102 1152 bonum.

526 1196 1077 1251 Animadvertemlmn
1113 1203 1218 1259 est,
1246 1195 1347 1248 hoc
1393 1194 1444 1248 in
1475 1193 1590 1248 loco
1616 1203 1669 1246 et
1705 1203 1814 1247 tres
1845 1207 2104 1261 personas

529 1287 819 1352 nominari,
855 1295 910 1344 et
961 1297 1400 1354 unamquamque
1436 1281 1602 1337 Deum
1634 1281 1840 1347 vocari,
1873 1289 1927 1337 et
1975 1296 2107 1336 con-

524 1377 853 1442 Stensionem,
893 1386 1065 1446 atque
1103 1374 1540 1444 cooperationem
1582 1374 1942 1429 demonstrari
1977 1388 2101 1427 cum

527 1468 690 1531 illius,
721 1467 816 1536 qui
855 1466 1012 1529 dixit,
1060 1476 1170 1518 tum
1205 1463 1348 1518 illius
1376 1463 1466 1533 qui
1494 1461 1641 1528 fecit,
1669 1473 1780 1516 tmn
1819 1461 1931 1534 46
1960 1463 2103 1518 illius

523 1559 616 1626 qui
645 1557 902 1612 laudavit.
936 1557 1001 1611 Et
1026 1571 1213 1610 rursus
1256 1572 1269 1608 :
1299 1553 1546 1623 Pratcipit
1575 1553 1711 1625 (l7),
1748 1553 1943 1623 inquit,
1964 1553 2102 1608 Deus

524 1649 699 1720 Moysi
738 1650 913 1702 dicens
966 1661 983 1700 :
1019 1647 1250 1712 Loquere
1284 1645 1482 1699 Aaroni
1536 1657 1584 1700 et
1624 1645 1750 1714 ﬁliis
1801 1645 1913 1714 ejus
1953 1661 1970 1698 :
2012 1643 2103 1700 Sic

523 1741 830 1794 benedicetis
867 1739 1142 1794 Israelem.
1209 1739 1491 1793 Benedicat
1527 1751 1575 1794 te
1618 1740 1891 1807 Dominus,
1919 1749 1970 1795 et
2002 1757 2098 1794 cu-

2214 549 2313 621 τὴν
2365 549 2494 620 μίαν
2538 547 2800 617 θεότηταο
2839 545 2928 599 διὰ
2973 545 3029 598 δὲ
3064 544 3154 597 τοῦ
3187 547 3409 614 Κύριος,
3443 543 3552 602 εἶτα
3592 555 3710 618 Θειῖς

2215 644 2310 696 καὶ
2350 641 2514 695 πάλιν
2569 641 2803 708 Κύριος,
2857 638 2954 709 τὴν
3002 637 3208 709 Τριὰδα
3260 639 3525 708 σημάνας’
3564 641 3731 717 παρ’ᾔ

2215 736 2324 787 πᾶν
2367 733 2662 802 ἐγκόσμιον
2717 731 2812 785 καὶ
2868 730 3235 800 ὑπερκόσμιον
3293 731 3482 798 ἀγαθὸν
3530 733 3732 805 ὑπῆρξεν

2214 827 2308 879 καὶ
2348 825 2580 897 ὑπάρξει
2626 827 2738 887 τοῖς
2786 823 3113 895 ἀνθρώποις.
3159 822 3268 876 Καὶ
3305 823 3485 876 πάλιν·
3520 822 3680 879 Εἶπεν
3709 831 3735 882 ὁ

2216 920 2387 985 Θεός·
2429 917 2749 986 Γενηθήτω
2780 916 3102 985 στερέωμα.
3135 915 3242 968 Καὶ
3273 916 3547 983 ἐποίησεν
3577 919 3601 970 ὁ
3626 917 3735 982 Θεὸς

2213 1008 2279 1062 τὸ
2317 1009 2639 1080 στερέωμα.
2673 1009 2782 1062 Καὶ
2835 1007 2965 1062 ἴδεν
2999 1009 3032 1061 ό
3074 1006 3238 1072 Θεὸς,
3292 1006 3378 1060 ὅτι
3424 1008 3618 1062 καλόν.
3661 1010 3740 1079 Ση-

2216 1102 2513 1172 μειωτέον,
2546 1103 2628 1154 ότι
2686 1101 2782 1154 καὶ
2826 1103 2977 1172 τρεῖς
3028 1099 3382 1163 ὑποστάσεις,
3422 1101 3509 1152 καὶ
3563 1102 3738 1172 ἑκάστη

2211 1191 2343 1245 Θεὸν
2384 1193 2663 1263 ὀνομάζει,
2698 1193 2792 1245 καὶ
2830 1193 2930 1264 τὴν
2976 1192 3292 1263 συμφωνίαν
3333 1192 3425 1245 καὶ
3464 1193 3556 1262 τὴν
3584 1209 3741 1263 συνερ-

2211 1283 2337 1351 γίαν
2388 1283 2632 1336 δείκνυσι
2680 1282 2774 1337 τοῦ
2821 1282 3066 1346 είπόντος
3097 1283 3190 1336 καὶ
3230 1281 3324 1336 τοῦ
3365 1280 3554 1354 [19ὁ]
3610 1285 3739 1354 ποιή-

2212 1392 2403 1440 σαντος
2432 1375 2526 1429 καὶ
2550 1375 2646 1428 τοῦ
2679 1377 3088 1438 ἐπαινέσαντος.
3118 1375 3229 1428 Καὶ
3272 1374 3449 1439 πάλιν,
3481 1373 3742 1443 Προστάτ-

2209 1484 2316 1530 τει,
2376 1469 2562 1538 φησὶν,
2610 1471 2642 1522 ό
2687 1468 2832 1534 Θεὸς
2871 1466 2952 1534 τῷ
2986 1466 3212 1534 Μωεισιῖ
3239 1465 3460 1537 λέγων·
3490 1466 3743 1533 Adducor

2223 1557 2449 1625 Ἀαρὼν
2479 1557 2577 1610 καί
2616 1556 2734 1621 τοῖς
2760 1555 2910 1622 υίοῖς
2941 1555 3158 1610 αὑτοῦ·
3195 1557 3392 1622 Οὕτως
3418 1555 3745 1626 εὐλογήσετε

2208 1651 2314 1704 τὸν
2358 1650 2634 1720 Ἰσραήλ·
2673 1649 3021 1720 Εὐλογήσαι
3071 1663 3145 1703 σε
3183 1649 3414 1717 Κύριος,
3453 1647 3550 1702 καὶ
3581 1647 3744 1717 φυλά-

2208 1741 2305 1806 ξαι
2359 1757 2454 1796 σε.
2488 1739 2802 1810 Ἑπιρὰναι
2841 1741 3056 1808 Κύριος
3120 1739 3185 1794 τὸ
3225 1741 3543 1807 πρόσωπον
3589 1737 3746 1792 αὑτοῦ

521 1833 714 1886 stodiat
745 1841 814 1886 te.
857 1830 1109 1886 Ostendat
1151 1829 1404 1884 Dominus
1451 1830 1637 1898 faciem
1663 1847 1813 1884 suam
1846 1847 2002 1899 super
2024 1843 2094 1891 te.

2209 1835 2292 1888 ἐπὶ
2337 1835 2413 1889 σὲ
2448 1833 2547 1888 καὶ
2569 1833 2818 1900 ἐλεῆσαι
2853 1849 2945 1888 σε.
2993 1832 3232 1902 Ἐπάριιι
3269 1834 3478 1902 Κύριος
3507 1831 3569 1884 τὸ
3591 1833 3748 1899 πρόσ-

519 1935 567 1976 et
600 1924 907 1976 misereatur
943 1924 1042 1974 tui.
1076 1918 1250 1974 Elcvet
1295 1919 1548 1974 Dominus
1578 1919 1780 1974 vultum
1833 1937 1983 1976 suum
2015 1938 2102 1974 su-

519 2030 613 2083 per
652 2023 722 2076 te,
753 2023 803 2067 et
837 2013 920 2067 det
957 2013 1050 2065 tibi
1086 2027 1284 2079 pacem.
1333 2011 1404 2066 Ut
1438 2022 1547 2066 tres
1588 2012 1854 2066 indicaret
1909 2027 2099 2082 perso-

524 2118 642 2165 nas,
701 2117 807 2156 non
850 2102 986 2156 dixit
1021 2101 1238 2156 semel:
1294 2100 1550 2155 Dominus
1608 2103 1878 2155 benedicat
1928 2113 1997 2169 te,
2055 2113 2100 2156 et

521 2195 761 2249 ostendat
795 2194 912 2255 tibi,
949 2203 995 2246 et
1029 2195 1112 2246 det
1171 2192 1264 2247 tibi
1299 2209 1479 2258 pacem
1513 2207 1542 2266 ί
1568 2192 1662 2247 sed
1699 2203 1781 2247 ter
1821 2192 2100 2247 Dominum

522 2283 839 2337 nominavit.
869 2281 1045 2336 Simili
1073 2283 1228 2336 modo
1254 2282 1600 2352 prophetam,
1627 2281 1855 2353 Aggtens
1881 2283 2098 2352 quidem

524 2391 592 2429 ex
629 2389 859 2444 persona
900 2372 1078 2428 Patris
1104 2374 1338 2428 divinam
1394 2373 1507 2443 (-l8)
1551 2373 1876 2428 sententiam
1918 2372 2098 2442 prote-

528 2483 676 2534 rens,
718 2483 838 2538 qua:
881 2467 961 2522 sic
997 2482 1057 2522 se
1086 2467 1246 2521 habet
1281 2482 1296 2519 :
1331 2465 1644 2534 Confortare
1685 2465 1819 2538 (l9),
1869 2465 2103 2519 Zoroba-

522 2560 626 2622 bet,
654 2561 905 2630 quoniam
952 2575 1046 2630 ego
1095 2560 1360 2613 vobiscum
1395 2575 1532 2621 sum,
1566 2569 1613 2612 et
1664 2557 1887 2612 Verbum
1929 2576 2099 2612 meum

525 2653 744 2716 bonum,
769 2660 819 2705 et
861 2649 1097 2720 Spiritus
1127 2667 1268 2706 meus
1297 2651 1349 2703 in
1391 2649 1559 2704 medio
1598 2653 1750 2705 uestri
1769 2666 1788 2704 .·
1808 2649 1976 2706 lsaias
2007 2667 2102 2703 au-

524 2756 632 2800 tem
668 2743 740 2799 ab
773 2743 1155 2815 hypostasibns
1185 2742 1377 2813 aequali
1432 2743 1636 2798 honore
1676 2742 1870 2813 dignis,
1908 2757 1972 2796 ac
2008 2757 2103 2810 per

523 2852 589 2892 se
628 2836 884 2906 perfectis
919 2835 1231 2891 missionem
1289 2850 1441 2905 atque
1495 2835 1850 2892 honorificam
1888 2829 2100 2890 tactam

522 2927 693 2983 fuisse
707 2926 915 2992 dicens,
941 2927 1236 2996 paucisque
1256 2927 1435 2982 verbis
1452 2919 1668 2982 onmem
1695 2927 1931 2997 ipsarum
1958 2942 2103 2984 com-

523 3019 832 3075 munionem
857 3020 1259 3084 demonstrans,
1297 3029 1353 3075 et
1391 3020 1630 3075 clamans
1666 3037 1681 3076 :
1713 3020 1782 3074 Et
1814 3037 1951 3075 nunc
1987 3022 2100 3094 (20)

524 3110 781 3166 Dominus
813 3109 1066 3164 Dominus
1093 3110 1233 3164 misit
1262 3127 1361 3178 me,
1387 3123 1436 3167 et
1459 3111 1713 3181 Spiritum
1749 3129 1902 3168 suum
1945 3113 2055 3186 (21)
2083 3132 2098 3172 :

2202 1939 2368 1979 ωπον
2415 1925 2602 1980 αὑτοῦ
2654 1926 2752 1979 ἐπὶ
2790 1925 2864 1980 σέ
2886 1942 2897 1953 ·
2937 1925 3036 1978 καὶ
3074 1925 3197 1992 δῴη
3231 1941 3331 1978 σοι
3365 1924 3622 1993 εἰρήνην.
3650 1925 3750 1977 "las

2209 2015 2426 2088 δηλώσῃ
2476 2017 2604 2089 τρία
2650 2017 2944 2089 πρόσωπα,
2994 2017 3092 2070 οὐκ
3148 2011 3302 2071 εἶπεν
3347 2014 3522 2080 ἅπαξ·
3564 2017 3749 2082 Κύριος

2207 2108 2542 2177 εὐλογῆσαι
2589 2124 2700 2174 σε,
2749 2108 2846 2161 καί
2889 2106 3176 2176 ἐπιφᾶναι
3219 2122 3317 2161 σοι
3363 2109 3461 2162 καὶ
3509 2107 3622 2174 δῴη
3667 2123 3751 2159 σοι

2201 2199 2484 2269 εἰρήνην-ο
2531 2199 2668 2254 ἀλλὰ
2711 2200 2892 2272 τρίτον
2937 2200 3217 2270 ὠνόμασεν
3261 2200 3500 2268 Κύριον.
3557 2198 3656 2250 Καὶ
3691 2197 3754 2258 ὡς

2200 2291 2362 2362 ἡνίκα
2413 2290 2876 2362 προφητεύουσιν·
2918 2291 3172 2358 Ἀγγαῖος
3208 2291 3308 2361 μὲν
3352 2291 3662 2362 Θεόχρηστον
3703 2289 3756 2338 ὲιι

2206 2382 2500 2454 προσώπου
2542 2381 2636 2435 τοῦ
2694 2381 2908 2452 Πατρὺς
2949 2381 3130 2451 φέρων
3179 2380 3363 2452 φωνὴν
3404 2380 3574 2443 οὕτως
3617 2379 3753 2448 ἔχου-

2203 2492 2335 2528 σαν·
2381 2475 2612 2544 Ἵσχυε,
2664 2473 3021 2542 Ζοροϐάϐελ,
3080 2473 3228 2526 διότι
3283 2472 3402 2543 ἐγὼ
3435 2474 3562 2542 μεθ’
3613 2468 3757 2539 ὑμῶν

2200 2570 2347 2636 εἰμι’
2393 2567 2494 2620 καὶ
2529 2571 2562 2621 ό
2590 2568 2780 2636 Λόγος
2817 2584 2937 2636 μου
2975 2569 3006 2620 o'
3035 2566 3276 2636 ἀγαθὸς,
3309 2567 3407 2619 καὶ
3450 2565 3512 2619 τὸ
3545 2561 3760 2631 Πνεῦμά

2195 2677 2315 2730 μου
2351 2661 2420 2714 ἐν
2453 2659 2619 2729 μέσῳ
2652 2659 2848 2728 ὑμῶν·
2895 2659 3120 2723 Ἡσαΐας
3158 2659 3212 2712 δὲ
3260 2659 3324 2726 ἐξ
3374 2659 3645 2729 ὁμοτίμων
3671 2655 3760 2708 τῶν

2201 2751 2502 2805 αὐτοτελῶν
2585 2752 2937 2806 ὑποστάσεων
3001 2753 3260 2824 ὁμότιμον
3331 2751 3434 2822 τὴν
3486 2747 3763 2817 ἀποστολὴν

2201 2842 2528 2913 γεγενῆσθαι
2560 2842 2732 2911 λέγων
2757 2843 2850 2896 καὶ
2877 2845 2934 2898 ὲν
2979 2843 3136 2914 ὀλίγῃ
3173 2845 3333 2914 ῥήσει
3381 2843 3563 2896 πᾶσαν
3596 2856 3764 2892 κοινω-

2201 2933 2320 2987 νίαν
2387 2932 2567 2987 αὐτῶν
2635 2932 3043 3003 ἐνδεικνύμενος
3107 2934 3201 2986 καὶ
3266 2931 3443 3003 βοῶν·
3499 2930 3606 2986 Καὶ
3662 2926 3764 2981 νῦν

2203 3027 2420 3096 Κύριος
2455 3028 2669 3098 Κύριος
2721 3025 3107 3081 ἀπέσταλκέν
3153 3043 3231 3096 με
3278 3027 3381 3080 καὶ
3419 3025 3486 3078 τὸ
3542 3020 3764 3090 Πνεῦμα

2203 3120 2412 3174 αὐτοῦ.
2441 3121 2516 3174 Οὑ
2555 3121 2664 3191 γὰρ
2703 3119 2890 3182 ἁπλῶς
2935 3119 3185 3190 δεύτερον
3231 3117 3546 3190 ὠνόμασεν,
3577 3116 3770 3182 Κίφιος

523 3201 634 3260 Nec
682 3203 829 3259 enim
883 3203 1084 3258 frustra
1156 3203 1238 3260 bis
1284 3206 1574 3260 nominans
1626 3205 1813 3270 dixit;
1842 3205 2100 3262 Dominus

2209 3212 2420 3278 Κύριος
2458 3211 2552 3264 και
2582 3189 2724 3264 οὑτω
2763 3211 2830 3263 τὸ
2859 3189 3105 3279 ηιοεῡμά
3133 3189 3359 3265 αὐτοῦέ
3399 3210 3516 3263 ἀλλ’
3559 3210 3643 3262 ῖνα
3685 3205 3764 3259 καὶ

525 3296 818 3362 Dominus,
882 3307 939 3352 et
981 3309 1207 3368 postea,
1271 3299 1532 3366 Spiritum
1602 3313 1757 3352 suum
1812 3313 1832 3352 :
1887 3300 1981 3355 sed
2045 3309 2101 3354 ut

525 3405 650 3446 cum
692 3406 972 3462 personas,
1023 3402 1132 3448 tum
1202 3409 1364 3447 unam
1417 3392 1674 3448 deitatem
1735 3407 1798 3446 ac
1853 3391 2104 3446 volunta-

526 3497 633 3539 tem
681 3484 982 3541 denotaret.
1018 3486 1182 3542 David
1226 3500 1353 3540 vero
1385 3487 1531 3556 (nam
1587 3485 1702 3555 ipse
1732 3499 1945 3554 quoque
1996 3484 2104 3539 hu-

524 3575 755 3648 ]usmodi
836 3576 1070 3648 capitulo
1157 3576 1487 3650 sutl‘ragatur
1567 3575 1721 3649 [22])
1798 3587 1852 3630 et
1938 3587 2100 3632 cantu

596 3777 709 3850 (Li)
733 3778 892 3850 Audi.
927 3779 1142 3850 Denter.
1172 3794 1246 3842 vr,
1270 3779 1322 3837 1.
1354 3779 1548 3850 Graeca
1571 3780 1736 3833 editio
1783 3793 1880 3846 pro
1910 3778 1938 3830 ὁ
1967 3777 2102 3841 Θεός

529 3848 861 3920 σουηῂῴει,
903 3851 933 3903 ό
959 3848 1092 3913 Θεὸς
1121 3850 1296 3920 ἡμῶν,
1324 3850 1375 3903 id
1409 3861 1491 3904 ρει
1527 3849 1663 3904 Deus
1704 3859 1897 3903 noster.

598 3917 708 3989 (15)
749 3917 936 3972 Mund.
967 3928 1018 3972 et
1051 3917 1564 3985 sttp‘ramundanum.
1599 3921 1652 3974 ld
1680 3932 1783 3984 est,
1823 3918 2068 3974 naturale
2091 3958 2106 3981 ,

533 4001 590 4044 et
618 3989 1052 4057 supernaturale.

599 4059 712 4127 (16)
753 4058 923 4112 Dixit.
961 4058 1100 4114 Gen.
1135 4075 1176 4124 ι,
1209 4059 1324 4116 6-8.
1369 4059 1530 4116 Plura
1571 4059 1888 4116 intermedia
1945 4057 2109 4112 verba

527 4131 726 4184 omittit
759 4130 1033 4198 Didymus.

605 4199 717 4268 (Π)
754 4197 1024 4264 Principii.
1061 4198 1281 4255 Numer.
1310 4216 1386 4265 vr,
1417 4199 1599 4254 22-26.
1659 4200 1846 4255 Grzrca
1887 4197 2051 4253 editio
2081 4213 2104 4268 ε

528 4266 625 4342 καὶ
661 4266 892 4342 ὲλὰλῃσε
921 4270 1126 4342 Κύριος
1157 4270 1294 4342 πρὸς
1331 4271 1572 4340 Μωῦσῆν
1633 4271 1875 4342 λέγωνατ
1903 4339 1913 4342 _
1940 4266 2106 4322 αὑτοῦ

528 4338 721 4414 λέγων’
739 4338 926 4414 oga»;
937 4338 1258 4411 εὑλογήσεῖτε
1280 4342 1410 4414 τοὺς
1434 4338 1833 4414 υἰοὺςἹσραὴλ,
1859 4339 2107 4408 λέγοντες

528 4412 733 4482 αὑτοξς·
762 4410 1094 4482 Εὑλογήσαι,
1121 4410 1180 4464 ⁷κ.
1211 4426 1260 4464 τ.
1280 4411 1332 4465 λ.

2205 3303 2304 3368 τὰς
2343 3303 2665 3366 ὑποστάσεις
2715 3303 2808 3356 καὶ
2845 3302 2943 3374 τὴν
2982 3305 3111 3374 μίαν
3153 3302 3374 3375 δηλώσῃ
3418 3302 3651 3373 θεότητα
3692 3297 3774 3351 καὶ

2208 3395 2446 3465 Θέλησιν.
2495 3393 2658 3446 Δαυὶδ
2699 3393 2755 3446 δὲ
2800 3393 2916 3463 (καὶ
2960 3393 3069 3465 γὰρ
3122 3393 3215 3448 καὶ
3260 3394 3432 3456 αὑτὸς
3478 3394 3670 3464 ἀρήγει
3709 3383 3776 3458 τῷ

2203 3487 2392 3556 τοιῷδε
2433 3486 2734 3558 κεφαλαίῳ)
2776 3488 2869 3539 καὶ
2895 3487 3038 3558 ᾠδῆς
3066 3487 3275 3558 ἔμπλεα
3312 3488 3500 3541 πάντα
3530 3486 3671 3538 ποιεί
3696 3481 3779 3538 καὶ

2205 3580 2470 3651 ἐκφαίνει,
2497 3581 2606 3652 ὅπη
2655 3581 2892 3645 πίστεως
2935 3579 3061 3651 ἔσχε
3086 3620 3102 3646 ,
3161 3578 3307 3634 κατὰ
3355 3579 3526 3633 τάσδε
3569 3577 3665 3640 τὰς
3703 3573 3781 3626 λέ-

2210 3778 2394 3844 quenti
2433 3794 2446 3848 ς
2487 3778 2676 3841 Οὕτως
2719 3776 2866 3846 λέγει
2915 3774 3156 3848 Κύριος,
3199 3775 3433 3845 Κύριος.
3481 3777 3584 3848 Ast
3620 3773 3784 3848 editio

2209 3847 2682 3904 Frant-ofurtensis
2769 3845 2892 3900 anui
2970 3845 3102 3901 1597
3182 3848 3438 3901 iteratam
3503 3845 3780 3900 dictionem

2212 3917 2440 3990 Κύριος,
2489 3919 2646 3972 habet
2682 3919 2731 3990 in
2766 3918 2833 3990 16
2868 3917 3155 3990 versiculo,
3189 3925 3248 3969 ut
3288 3917 3559 3986 Didymus
3596 3935 3620 3990 :_
3644 3915 3786 3982 cujus

2213 3987 2371 4042 lectio
2402 3987 2664 4043 liebraico
2705 3988 2835 4041 fonti
2868 3988 3037 4056 magis
3065 3997 3436 4041 consentanea
3467 3999 3573 4049 est,
3608 3987 3659 4040 in
3685 3998 3785 4054 quo

2209 4058 2405 4128 legitur
2437 4072 2633 4113 nomen
2674 4058 2880 4112 Adonei
2918 4059 3165 4129 junctum
3212 4056 3426 4112 nomini
3463 4067 3786 4126 tetragram-

2206 4141 2370 4182 IIIalO.

2277 4200 2390 4268 (21)
2425 4198 2679 4267 Spiritum
2704 4215 2873 4252 suum.
2903 4196 3037 4252 Cum
3066 4197 3251 4252 Grmca
3278 4197 3561 4268 duplicem
3591 4196 3789 4268 pgssint

2202 4266 2405 4323 habere
2432 4266 2880 4338 signiﬁcationem
2901 4308 2916 4332 ,
2953 4285 3016 4322 ac
3056 4268 3192 4322 verti
3221 4266 3392 4335 queat
3426 4279 3588 4338 tuin,
3622 4266 3788 4335 Spiri-

2203 4348 2286 4393 tus
2328 4339 2462 4408 ejus,
2490 4337 2568 4392 ιιι
2616 4340 2782 4392 habet
2821 4339 2971 4409 Vulg.
3011 4340 3316 4406 interpres,
3360 4350 3481 4392 turn
3536 4337 3791 4406 Spiritum

2202 4425 2391 4472 suum,
2425 4424 2525 4478 ego
2561 4423 2679 4462 eam
2728 4409 3222 4478 interpretationem
3267 4410 3354 4463 hic
3400 4424 3632 4476 sequor,
3675 4421 3788 4478 quae

601 4479 710 4551 (18)
755 4477 1019 4535 Divinam.
1071 4482 1218 4546 Sive,
1269 4482 1376 4536 Deo
1425 4479 1641 4537 aﬂlante
1682 4481 2162 4551 prolatam,raut_
2205 4479 2431 4548 Didyme
2467 4477 2571 4550 ipsi
2634 4477 2962 4551 arrisit,’nt
3018 4487 3236 4551 apparet
3287 4495 3352 4551 ex
3418 4479 3522 4533 lib.
3578 4478 3657 4551 D_e
3705 4477 3795 4551 Sp.

532 4547 730 4615 potius,
775 4567 804 4603 a
843 4551 950 4605 Deo
983 4553 1221 4607 editam:
1261 4561 1318 4604 ut
1347 4566 1451 4605 non
1491 4547 1713 4606 omnino
1759 4553 1899 4606 idem
1926 4550 2101 4604 valeat
2130 4547 2178 4607 D
2204 4547 2407 4613 saneto,
2439 4547 2584 4604 nutu.
2626 4549 2716 4605 ἓξ).
2749 4549 2822 4602 lbi
2872 4549 3014 4603 enim
3053 4547 3164 4602 haec
3214 4549 3447 4616 legimus
3482 4568 3498 4604 :
3553 4569 3572 4601 ι
3613 4547 3797 4604 ln‘eﬂ'a-

531 4619 896 4694 Θεόχρηστος.
953 4633 1114 4692 atque
1147 4621 1524 4685 Θεόπνευστος.
1571 4621 1781 4694 Etenim
1836 4623 1974 4694 χρᾷν
2025 4632 2108 4675 est

534 4692 780 4759 respOnsa
804 4692 952 4752 dare,
983 4705 1040 4745 ut
1069 4693 1314 4746 homines
1335 4692 2105 4761 divinitusinspiratifaciunt.

538 4761 686 4884 lganglia
710 4762 978 4884 χιρησμδς,
1007 4763 1355 4834 χρηστήριον,
1387 4762 1730 4834 χρησμῳδία,
1759 4762 2106 4834 Θεόχρηστος,

662 4848 728 4884 mi
758 4848 825 4884 ta.

530 4841 585 4886 et
609 4841 825 4884 suntlia.

604 4901 715 4970 (l9)
752 4901 1086 4968 Confortare.
1124 4904 1254 4971 Agg.
1290 4918 1351 4962 tt.
1389 4902 1422 4958 5
1454 4911 1507 4958 et
1535 4902 1588 4957 6.
1628 4902 1855 4956 Sensum
1892 4904 2104 4971 potius,

533 4987 694 5038 quam
741 4973 902 5024 verba
946 4973 1139 5026 recitat
1190 4973 1465 5045 Didymus.
1515 4974 1592 5027 Ac
1625 4988 1754 5026 sane
1783 4976 1944 5028 verba
1979 4973 2064 5026 illa
2089 5011 2104 5036 ,

530 5042 624 5096 καὶ
645 5041 673 5092 ό
696 5041 853 5097 λόγος
885 5059 986 5097 μου
1011 5043 1039 5095 ό
1064 5041 1287 5097 ἀγαθός.
1311 5045 1360 5097 id
1386 5053 1551 5097 est.et
1573 5042 1795 5097 Verbum
1814 5059 1982 5096 meum
2014 5044 2104 5095 bo-

569 5058 624 5094 αι
645 5058 673 5092 o
697 5058 853 5110 Λογος
884 5059 986 5110 μου
1011 5058 1039 5095 ο
1064 5058 1287 5110 αγαυος,
1311 5058 1360 5097 ιι]
1386 5058 1551 5110 eSt,et
1578 5058 1795 5097 Verbum
1814 5059 1982 5096 meum
2014 5058 2107 5095 oo-

531 5057 624 5096 και
645 5057 673 5092 o
697 5057 853 5110 Αογος
884 5059 986 5111 μου
1011 5057 1039 5095 ο
1064 5057 1287 5112 αγαυος,
1311 5057 1360 5097 tu
1386 5057 1551 5110 eSt,et
1578 5057 1795 5097 Verbum
1814 5059 1982 5096 meum
2014 5057 2106 5095 oo-

531 5128 657 5164 uum
683 5153 698 5179 ,
741 5113 793 5165 in
827 5113 969 5165 nulla
1000 5128 1065 5166 ex
1093 5113 1296 5167 Graecis
1328 5115 1652 5168 editionibus
1693 5114 1962 5183 leguntur.
1993 5112 2106 5183 Di-

531 5184 725 5252 dymus
773 5193 952 5235 tamen
976 5197 1085 5254 ‘ear
1119 5183 1250 5236 citat
1291 5185 1438 5248 alibi,
1477 5199 1671 5251 nempe
1721 5182 1890 5254 segm.
1937 5182 2005 5237 54
2051 5185 2102 5248 b,

533 5251 789 5322 tanquam
843 5267 910 5306 ex
971 5251 1251 5320 Scriptura
1304 5257 1638 5322 deprompta.
1697 5251 1881 5308 Graeca
1937 5268 2101 5322 porro

530 5321 926 5394 {intimiintensis
947 5322 1115 5394 editio
1137 5324 1236 5377 hoc
1255 5324 1306 5394 in
1339 5321 1454 5379 loco
1480 5321 1557 5379 sic
1577 5325 1738 5379 habet
1766 5343 1778 5377 :
1805 5321 2100 5394 Κατίσχυε.

533 5390 1127 5467 ζοροῦάϐελ,τ...-διότι
1171 5393 1288 5464 μεθ’
1335 5395 1489 5463 ὑμῶν
1521 5397 1749 5467 είμι..,..
1789 5394 1850 5446 τὸ
1879 5390 2044 5467 ῥῆμα
2076 5393 2104 5447 ὃ

531 5461 754 5533 διέθηκα
791 5463 928 5534 πρὸς
961 5465 1106 5531 ὑμᾶς
1137 5461 1278 5522 (alite
1313 5461 1588 5519 editiones"
1617 5465 1832 5527 habent,
1864 5461 1905 5516 ό’
1925 5461 2100 5532 λόγος,

531 5535 674 5606 alite,
701 5534 792 5606 τόν
816 5533 972 5602 λόγον
997 5534 1054 5587 ὃν
1085 5534 1337 5606 διεθέμην
1351 5535 1495 5606 ᾉὺμῖν
1512 5547 1623 5605 )....
1653 5537 1744 5590 καὶ
1775 5537 1835 5590 τὸ
1876 5535 2103 5605 Πνεῦμά

535 5604 961 5676 μουνέφέσςτηκεν
994 5606 1050 5656 ὲν
1083 5604 1430 5676 μέσῳὺμῶν.

606 5675 717 5741 (ὲο)
761 5674 1044 5728 Εινιιιιιε.
1101 5674 1223 5746 lsat.
1277 5674 1476 5746 ιιινιιι,
1543 5676 1630 5728 16.
1701 5676 2099 5746 Cumplntensis

532 5747 695 5821 editio
726 5747 885 5799 habet
915 5746 1068 5821 :_l_(a‘t
1090 5745 1184 5798 νῦν
1209 5745 1414 5821 Κύριος
1448 5747 1478 5799 ὁ
1517 5746 1649 5821 θεοί
1681 5745 1968 5821 ἀπέστειλέ
2006 5765 2092 5819 με.

547 5816 736 5871 Vocem
767 5829 914 5881 vero,
946 5815 1173 5889 Κύριος,
1213 5815 1498 5889 repetitam
1529 5818 1691 5873 habet
1722 5819 1983 5875 verSIculo
2008 5815 2097 5874 se-

2212 4619 2302 4674 bili
2353 4619 2554 4687 itaque,
2589 4630 2645 4675 et
2673 4620 2784 4672 sola
2826 4620 2928 4672 fide
2969 4627 3096 4672 noto
3142 4632 3399 4672 sermone
3459 4621 3796 4674 credendum

2211 4700 2313 4754 est,
2349 4691 2683 4745 Salvatorem
2714 4690 2914 4742 dictum
2943 4704 3064 4742 esse
3087 4689 3260 4741 exisse
3291 4707 3318 4740 a
3361 4689 3506 4753 Deo,
3538 4700 3594 4744 et
3631 4689 3800 4759 Spirie

2214 4770 2325 4814 tum
2359 4763 2604 4814 veritatis
2631 4777 2660 4813 a
2692 4759 2853 4813 Patre
2875 4760 3079 4829 egredi.
3115 4760 3368 4826 loquente
3397 4777 3413 4813 :
3441 4758 3686 4826 Spiritus
3714 4758 3799 4828 qui

2209 4847 2241 4882 (ι
2271 4847 2351 4884 me
2394 4833 2680 4899 egreditur.
2718 4829 2852 4884 Cum
2887 4831 3028 4883 enim
3062 4830 3243 4881 dicere
3278 4841 3467 4894 posset
3502 4869 3518 4892 ,
3549 4831 3619 4884 de
3655 4831 3760 4884 Deo
3783 4868 3799 4891 ,

2209 4903 2324 4954 sive
2345 4902 2407 4953 de
2445 4899 2692 4964 Domino,
2733 4900 2846 4953 sive
2884 4900 2946 4951 de
2978 4899 3363 4963 Omnipotente,
3411 4901 3560 4954 nihil
3609 4905 3798 4955 horum

2210 4971 2418 5050 tetigit,
2451 4972 2543 5025 sed
2575 4974 2685 5050 ait,
2733 4970 2797 5022 de
2843 4967 3024 5050 Patre.
3072 4988 3101 5050 s_
3142 4967 3305 5038 [Quae
3334 4985 3469 5023 cum
3529 4973 3592 5050 in_
3640 4971 3800 5026 editis

2208 5040 2361 5095 Itbris
2408 5057 2595 5095 manca
2644 5042 2794 5102 sint,
2844 5040 3136 5108 supplemla
3179 5052 3301 5108 sunt
3346 5055 3417 5092 ex
3465 5043 3666 5096 codice
3700 5057 3801 5094 ms.

2207 5120 2408 5165 nostra:
2459 5111 2794 5164 bibliotheca:
2838 5109 2901 5180 iS.
2937 5107 3547 5180 Saltatorisﬁoaonize
3605 5115 3660 5164 in
3703 5127 3806 5180 quo

2205 5192 2327 5250 post
2357 5195 2514 5234 voces
2538 5224 2553 5245 ,
2591 5199 2621 5234 a
2655 5180 2760 5233 Deo
2788 5221 2803 5241 ,
2837 5179 3070 5250 legitur}
3104 5199 3121 5229 ι
3157 5189 3207 5230 et
3235 5178 3516 5250 Spiritum
3555 5178 3808 5234 veritatis

2205 5249 2234 5304 ἐι
2272 5251 2432 5305 Patre
2461 5252 2642 5318 egredi
2695 5252 2985 5320 loquente:
3025 5249 3371 5320 Spiritusrqui
3406 5267 3442 5301 a
3477 5267 3564 5304 me
3596 5252 3807 5320 egredi-

2204 5331 2310 5379 tur.
2339 5322 2403 5377 Et
2432 5317 2672 5391 pulchre.
2705 5317 2806 5384 Qui
2836 5322 2899 5372 de
2921 5317 3102 5381 Patre,
3130 5317 3648 5388 inquit,egreditur:
3678 5324 3809 5375 Cum

2203 5393 2346 5464 enim
2395 5391 2662 5464 etc:
2714 5393 2994 5464 Salvatore
3037 5403 3250 5458 qucque.
3305 5405 3405 5464 μοι·
3469 5394 3807 5464 prophetam

2205 5460 2457 5530 loquente
2485 5459 2647 5534 [sicut
2690 5459 3035 5534 nuntifestum
3071 5475 3188 5534 esse
3229 5459 3431 5527 poterit
3465 5463 3545 5524 ei,
3584 5459 3681 5531 qui
3729 5473 3814 5515 to-

2205 5528 2316 5584 tum
2353 5528 2638 5602 perlégerit
2688 5528 2889 5601 locum]
2923 5545 2935 5578 :
2983 5528 3042 5582 Et
3078 5528 3549 5602 Dommus_mﬁisit
3601 5528 3722 5597 ine,
3763 5542 3810 5583 et

2203 5599 2463 5669 Spiritum
2490 5620 2662 5656 suum.
2699 5599 2974 5670 Siquidem
3001 5618 3106 5654 non
3147 5606 3316 5654 solum
3345 5599 3592 5668 Filium,
3625 5608 3727 5658 sed
3755 5613 3809 5656 ct

2201 5674 2458 5741 Spiritum
2490 5675 2652 5726 mittit
2681 5672 2838 5726 Dens.
2876 5690 2894 5722 ι

2273 5743 2383 5813 (‘22)
2453 5741 2809 5812 Sit/fragatur.
2847 5741 3392 5816 (ζοι1ει,ἀρηγείτω.
3443 5743 3567 5800 Sci
3631 5746 3816 5801 ntani‘

2199 5813 2394 5870 festum
2439 5817 2686 5870 mendum
2726 5815 2937 5869 sustuli.
