3970 6406
537 355 638 412 34⁸1

1799 350 2033 405 ΒΙΟΥΜΙ
2072 349 2542 408 ALEXANDRINI

3677 347 3781 403 548

537 491 569 528 o
616 472 753 527 Deus
790 468 1131 535 exercituum,
1186 477 1281 522 aut
1337 469 1606 522 uirtutum.
1669 466 1809 532 Quin
1866 478 1922 522 et
1967 469 2113 523 Elias

2239 472 2311 524 ταὶ
2367 471 2556 533 Ἠλίας
2592 470 2621 522 ό
2650 468 2916 537 Θεσὸίτης
2945 481 3002 520 εν
3039 468 3106 536 τῇ
3145 465 3304 537 τρίτῃ
3344 463 3456 518 τῶν
3495 464 3785 519 Βασιλειῶν

540 559 908 617 Thesbitesiu
971 561 1125 614 tertia
1163 555 1469 629 Regnorum
1534 557 1758 613 historia
1812 557 1947 628 (29),
2001 557 2114 629 48

541 670 661 708 cum
718 661 951 716 orasset,
1001 660 1060 706 ut
1103 660 1374 705 mortuum
1430 650 1666 705 Sidoniae
1714 649 1886 704 vidua:
1943 649 2114 703 ﬁlium

541 745 608 797 ad
645 743 810 797 vitam
839 749 1136 805 revocaret,
1152 749 1235 796 ter
1261 741 1314 794 in
1347 739 1522 809 ipsum
1549 738 1858 802 insumavit,
1884 749 1940 792 et
1964 747 2116 808 post-

541 851 606 889 ea
655 835 806 889 illum
847 833 1186 890 resuscitavit
1221 850 1236 887 :
1280 840 1438 901 atque
1476 832 1549 886 ita
1604 846 1708 885 non
1756 831 1913 885 modo
1942 839 2118 885 osten-

545 928 626 982 dit
674 941 734 980 se
772 926 824 980 in
864 924 1113 980 oratione
1160 922 1426 978 viviﬁcam
1462 921 1782 977 Trinitatem
1819 921 2117 976 invocavis-

545 1035 630 1084 se,
660 1019 752 1072 sed
784 1027 837 1072 et
873 1032 969 1070 nos
995 1015 1194 1080 docuit,
1230 1029 1334 1068 non
1361 1013 1521 1067 aliam
1553 1025 1791 1068 nostram
1823 1021 1916 1067 aut
1937 1012 2113 1078 ﬁdem,

546 1120 640 1162 aut
671 1109 723 1162 in
766 1108 1034 1161 reddenda
1070 1107 1180 1161 Deo
1215 1105 1381 1174 gloria
1440 1104 1724 1159 formulam
1757 1119 1875 1160 esse
1901 1105 2114 1160 debere.

545 1199 682 1254 Cum
719 1213 851 1254 vero
881 1199 968 1264 iis,
1001 1199 1091 1268 qui
1122 1212 1314 1265 aquam
1344 1198 1652 1266 portabant,
1685 1199 1939 1268 praecepit
1969 1212 1984 1251 :
2016 1195 2121 1250 Ite-

548 1308 666 1344 rum
693 1291 805 1362 ('50)
837 1291 932 1344 hoc
959 1291 1144 1358 facite,-
1164 1299 1216 1344 et
1248 1307 1263 1346 :
1307 1289 1478 1343 Tertio
1508 1290 1604 1342 hoc
1630 1289 1810 1358 facite,
1841 1299 1950 1343 tres
1983 1288 2113 1343 has-

552 1399 614 1438 ce
655 1387 906 1440 omnibus
942 1385 1154 1457 hymnis
1189 1386 1380 1456 dignas
1411 1401 1670 1456 personas
1697 1387 1889 1454 aequali
1921 1385 1972 1440 vi
1999 1385 2121 1440 ubi-

549 1494 656 1546 que
692 1478 744 1532 in
775 1477 1025 1533 omnibus
1053 1478 1296 1546 operari,
1332 1488 1388 1532 et
1440 1479 1716 1548 aequaliter
1776 1479 2120 1534 honorandas

550 1582 673 1621 esse
730 1567 1007 1622 indicavit.
1070 1567 1223 1634 Quod
1278 1568 1323 1623 si
1379 1569 1531 1624 vobis
1585 1569 1778 1637 placet,
1819 1584 1887 1623 ex
1941 1569 2120 1623 divina

555 1671 929 1725 quoquevoce
977 1673 1164 1712 rursus
1196 1658 1246 1712 id
1281 1657 1479 1728 ipsum,
1510 1658 1576 1711 de
1604 1672 1713 1726 quo
1742 1659 1938 1727 agitur,
1970 1657 2123 1712 vobis

553 1755 742 1799 notum
803 1746 1019 1801 faciam.
1063 1746 1197 1802 Nam
1256 1763 1380 1802 cum
1427 1748 1618 1810 turris,
1660 1758 1720 1803 ut
1773 1757 1857 1804 est
1887 1749 1939 1802 in
1985 1748 2122 1804 libro

2216 561 2457 633 ἱστορίᾳ,
2526 560 2627 631 τῆς
2690 559 2947 622 Σιδωνίας
3007 559 3180 629 χήρας
3257 557 3348 610 τὸν
3416 556 3532 610 υἱὸν
3598 559 3788 628 νεκρὸν

2215 652 2342 705 ὅντα
2386 652 2687 706 ἀναϐιῶναι.
2732 650 3060 721 εὐξάμενος,
3107 650 3289 720 τρίτον
3336 648 3666 718 ἐνεφύσησεν
3707 651 3789 712 εἰς

2217 743 2402 807 αὑτὸν,
2447 745 2542 796 καὶ
2579 743 2752 806 οὕτως
2793 742 3090 812 ἀνέστησεν
3115 757 3128 771 ⁸
3172 743 3236 793 ὲκ
3275 739 3467 795 τούτου
3510 741 3789 809 μονονουχὶ

2221 837 2490 907 σημάνας,
2534 835 2610 898 ώς
2650 834 2813 898 αὑτὸς
2847 835 2904 888 ἐν
2945 837 3013 904 τῇ
3059 835 3337 904 προσευχῇ
3387 833 3487 903 τὴν
3527 831 3790 896 ζωοποιδν

2218 925 2585 978 ἐπεκαλέσατο
2630 924 2856 994 Τριάδα,
2891 922 3027 978 ἀλλὰ
3058 923 3153 975 καὶ
3186 924 3335 993 ἡμᾶς
3381 922 3455 992 μὴ
3490 921 3665 985 ἄλλως
3703 939 3793 974 πι-

2218 1015 2430 1069 στεύειν
2459 1017 2554 1069 κα)⁵
2584 1015 2826 1080 δοξάζειν
2853 1015 3088 1080 διδάξας.
3114 1014 3226 1067 Καὶ
3251 1015 3361 1076 τοῖς
3391 1011 3709 1084 ὑδροφόροις
3737 1013 3794 1066 δὲ

2219 1108 2747 1180 παρακελευόμενος,
2786 1107 3177 1171 Δισσεύσατε,
3212 1105 3328 1169 καὶ,
3364 1106 3792 1172 Τρισσεύσατε,

2218 1201 2317 1264 τὰς
2347 1203 2498 1272 τρεῖς
2530 1201 2911 1272 πανυμνήτους
2943 1198 3272 1260 ὑποστάσεις
3320 1197 3658 1265 ίσοδυνάμως
3703 1197 3797 1248 καὶ

2219 1292 2501 1363 όμοτίμως
2540 1291 2818 1361 πανταχοῦ
2861 1291 2920 1342 ὲν
2965 1290 3134 1342 πᾶσιν
3176 1289 3420 1358 ἐνεργεῖν
3467 1285 3794 1356 παρεδήλου.

2221 1382 2284 1435 El
2311 1381 2368 1435 δὲ
2409 1379 2688 1452 βούλεσθε,
2720 1379 2995 1451 γνώριμον
3028 1379 3156 1448 ὑμῖν
3197 1377 3292 1430 καὶ
3325 1377 3389 1428 ἐκ
3429 1375 3578 1436 θείας
3612 1375 3798 1444 φωνῆς

2223 1469 2382 1536 αὖθις
2412 1473 2473 1526 τὸ
2520 1471 2838 1542 κινούμενον
2878 1470 3110 1541 ποιήσω.
3164 1469 3252 1522 Ἐν
3292 1467 3401 1538 γὰρ
3437 1466 3602 1537 βίϐλῳ
3642 1467 3799 1519 Γενέ-

2225 1581 2384 1629 σεως,
2417 1567 2474 1618 ὲν
2502 1568 2568 1636 τῇ
2611 1564 2961 1635 πυργοποιῖᾳ,
2993 1565 3021 1616 ὁ
3051 1559 3184 1624 Θεὸς
3211 1561 3304 1613 καὶ
3339 1559 3527 1629 Πατὴρ
3555 1557 3657 1620 τὰς
3693 1573 3800 1627 μα-

2225 1657 2424 1728 καρίας
2464 1657 2790 1720 ὑποστάσεις
2833 1656 3114 1726 ἐξέφηνεν,
3152 1655 3287 1725 πρὸς
3319 1653 3409 1706 τὸν
3441 1651 3636 1704 ἑαυτοῦ
3671 1650 3801 1706 Υίδν

2225 1749 2319 1802 καὶ
2352 1749 2412 1802 τὸ
2456 1749 2610 1818 ἅγιον
2655 1748 2818 1803 αὑτοῦ
2850 1748 3075 1818 Πνεῦμα
3105 1746 3342 1818 εἰρηκώς
3362 1763 3376 1777 ·
3407 1744 3582 1798 Δεῦτε
3621 1759 3804 1795 κατα-

550 1833 797 1898 Genesis,
833 1837 1213 1902 :ediﬁcaretur,
1249 1836 1394 1892 Deus
1421 1848 1474 1893 et
1507 1837 1670 1892 Pater
1704 1839 1890 1893 beatas
1940 1853 2123 1909 perso-

2239 1839 2434 1906 i‘a'rrec
2463 1841 2812 1910 συγχέωμεν
2841 1839 2966 1893 ἐκεῖ
2997 1838 3196 1893 αὐτῶν
3222 1839 3328 1904 τὰς
3365 1835 3670 1907 γλώσσας,
3702 1836 3806 1886 ἵνα

553 1941 654 1981 nas
688 1927 1071 1995 manilestavit,
1105 1930 1179 1984 ita
1207 1928 1402 1984 Filium
1431 1944 1612 1994 suum,
1639 1941 1696 1986 et
1727 1941 1974 1985 sanctum
2002 1929 2123 2000 ejus

554 2016 818 2085 Spiritum
878 2017 1156 2088 alloquens
1203 2037 1218 2074 :
1277 2018 1463 2074 Venite
1515 2020 1650 2092 (5|),
1709 2021 2121 2086 descendemus,

554 2109 940 2178 confundamus
971 2111 1046 2166 ibi
1076 2110 1281 2182 linguas
1311 2129 1511 2178 eorum,
1543 2124 1598 2166 ut
1627 2129 1729 2168 non
1761 2114 1944 2167 audiat
1966 2129 2126 2166 unus-

553 2205 769 2272 quisque
803 2219 975 2258 vocem
1010 2206 1240 2274 proximi
1274 2207 1379 2261 sui.
1411 2205 1620 2276 Moyses
1646 2217 1823 2262 autem
1851 2207 1918 2262 ad
1947 2216 2128 2262 osten-

557 2291 807 2359 dendam,
844 2302 902 2346 ut
941 2293 1156 2364 opinor,
1194 2293 1478 2350 Trinitatis
1526 2296 1910 2365 mqualitatem,
1966 2312 2127 2351 unam

558 2383 722 2438 vilem
785 2386 1035 2454 exposuit
1091 2385 1143 2438 in
1198 2384 1368 2439 tribus
1405 2387 1785 2457 propaginibus
1811 2386 1944 2456 (32),
1997 2401 2130 2441 nus-

559 2489 720 2543 quam
769 2489 900 2530 vero
949 2475 1171 2530 alteram
1215 2477 1564 2547 propaginem
1601 2477 1769 2533 altera
1825 2477 2132 2548 profundio-

561 2579 672 2618 rem
709 2566 820 2636 (53)
859 2567 998 2620 dixit
1043 2586 1058 2624 :
1105 2583 1171 2623 ne
1209 2570 1330 2638 quis
1366 2568 1574 2624 scilicet
1627 2584 1791 2623 unam
1841 2585 2126 2638 personam

564 2657 733 2713 altera
771 2660 1004 2730 priorem
1041 2672 1211 2731 putet,
1251 2664 1345 2718 sed
1402 2673 1514 2719 tres
1548 2664 1615 2718 ad
1663 2679 1822 2719 unam
1874 2665 2130 2720 deitatem

550 2761 807 2820 .spectare
835 2754 1126 2808 credamus
1165 2756 1423 2810 universi.
1459 2756 1572 2822 Qua
1597 2758 1760 2811 etiam
1795 2757 1860 2811 de
1893 2771 2054 2811 causa
2081 2758 2131 2810 in

564 2843 743 2907 altari,
779 2843 832 2897 in
867 2860 974 2913 quo
1001 2845 1240 2902 Trinitas
1276 2848 1634 2918 gloriﬁcatur,
1665 2851 1866 2919 gradus
1893 2849 2008 2903 ﬁeri
2038 2864 2134 2904 ve.

563 2933 665 2985 tuit
692 2933 870 2986 divina
899 2934 1174 3004 Scriptura
1208 2936 1318 3007 (34)
1353 2955 1368 2991 :
1400 2953 1466 2992 ne
1487 2938 1693 2992 scilicet
1721 2938 1988 3004 homines,
2026 2941 2130 2995 sic-

563 3035 621 3076 ut
653 3024 704 3078 in
741 3026 994 3094 gradibus
1022 3066 1037 3092 ,
1071 3028 1278 3082 divinas
1323 3044 1583 3100 personas
1614 3030 1688 3084 ita
1717 3030 2028 3096 deﬁuirent,
2077 3041 2134 3086 ut

563 3115 788 3170 alteram
818 3117 986 3172 altera
1027 3119 1342 3174 inferiorem
1377 3121 1636 3177 dicereut.
1675 3122 1731 3176 In
1781 3137 1992 3177 summa
2029 3123 2133 3178 Ve-
2161 3157 2208 3221 ρ

567 3216 653 3261 tus
693 3207 1098 3264 Testamentum
1141 3211 1273 3266 Novi
1315 3221 1497 3282 typum
1533 3213 1733 3278 ferens,
1779 3215 2020 3282 mystice,
2082 3225 2137 3270 et

565 3299 959 3354 consultissime
987 3299 1242 3370 loquitur,
1274 3304 1582 3374 mysterium
1611 3305 1794 3369 hocce,
1825 3309 1966 3376 quod
1995 3315 2140 3376 post-

563 3403 628 3442 ea
678 3389 1001 3459 patefactum
1050 3393 1179 3462 luit,
1231 3396 1566 3466 :enigmatice
1612 3399 1788 3468 potius
1850 3400 2031 3454 multis
2085 3401 2136 3453 in

565 3475 700 3531 locis
730 3477 992 3544 indicans,
1025 3496 1184 3550 quam
1236 3485 1286 3538 in
1320 3501 1426 3541 uno
1475 3488 1771 3558 eodemque
1801 3488 1911 3560 (35)
1958 3489 2140 3558 expla-

569 3583 730 3636 uans,
764 3585 829 3626 ac
855 3572 1012 3626 simul
1047 3576 1220 3644 magis
1241 3575 1369 3631 illud
1400 3578 1700 3648 explicans,
1729 3596 1889 3651 quam
1915 3584 2140 3636 obscure

566 3658 813 3715 indicans
841 3679 854 3716 :
882 3677 947 3717 ne
970 3663 1178 3719 scilicet
1209 3676 1302 3721 aut
1338 3683 1448 3736 eos,
1480 3671 1570 3740 qui
1605 3672 1797 3726 initiati
1829 3687 1934 3726 non
1962 3684 2136 3740 erant,

566 3751 768 3822 quique
799 3758 1034 3810 nondum
1091 3758 1221 3814 satis
1251 3759 1414 3824 ﬁrmi,
1467 3764 1770 3834 divinaque
1821 3766 2142 3836 cognitionis

572 3858 801 3914 capaces
822 3849 1178 3918 exsistebant,
1202 3855 1475 3922 repentina
1510 3857 1866 3926 impressione
1883 3859 2143 3929 percelle-

569 3950 675 4002 ret,
704 3939 800 3993 aut
848 3945 992 3997 omni
1056 3960 1150 4002 eos
1212 3947 1410 4002 damno
1479 3948 1740 4014 alliceret;
1802 3951 1932 4004 illud
1996 3953 2140 4006 enim

569 4040 716 4086 esset
761 4031 874 4104 49
920 4034 1244 4106 imperitiae,
1300 4039 1403 4094 hoc
1459 4050 1637 4095 autem
1707 4042 2139 4099 inhumanitatis.

570 4121 725 4193 Smpe
749 4138 876 4179 vero
900 4138 1062 4180 etiam
1086 4144 1271 4184 eorum
1309 4131 1445 4202 (56),
1481 4147 1599 4200 quur
1627 4147 1691 4186 ex
1723 4133 2010 4190 occasione
2034 4150 2142 4190 uno

569 4210 624 4266 in
668 4214 784 4268 loco
814 4216 974 4271 nobis
996 4216 1154 4284 .dixit
1177 4217 1247 4272 ad
1275 4221 1847 4289 comprehendendum
1885 4223 2140 4289 difﬁcilia,

570 4303 924 4370 solutionem,
950 4307 1476 4381 explicationemque
1506 4312 1562 4366 in
1592 4313 1698 4367 alio
1726 4315 1965 4385 capitulo
2004 4331 2143 4385 prae-

576 4391 707 4448 bere
745 4396 1054 4450 consuevit.
1105 4396 1312 4452 Novum
1363 4410 1542 4454 autem
1575 4400 1980 4455 Testamentum
2033 4419 2143 4457 non

2220 1931 2306 2003 μὴ
2337 1932 2684 1985 ἀκούσωσιν
2711 1931 2968 1996 ἕκαστος
2990 1929 3106 1999 τὴν
3132 1928 3343 1999 φωνὴν
3370 1928 3476 1982 τοῦ
3508 1927 3803 1993 πλησίον.

2226 2023 2336 2075 Καὶ
2360 2022 2598 2092 Μωῦσῆς
2625 2021 2704 2085 δὲ,
2737 2021 2834 2092 τὴν
2864 2022 3083 2090 ἰσότητα
3111 2021 3209 2092 τῆς
3247 2019 3494 2091 Τριάδος,
3525 2018 3601 2080 ὼς
3626 2013 3808 2086 οἶμαι,

2226 2113 2441 2184 δηλῶν,
2480 2113 2698 2177 ἐξέθετο
2751 2114 2880 2186 μίαν
2929 2115 3172 2186 ἄμπελον
3221 2115 3278 2166 ὲν
3322 2113 3470 2183 τρισὶ
3523 2111 3806 2181 πυθμέσι,

2225 2201 2412 2256 τοῦτον
2437 2202 2532 2256 τοῦ
2571 2203 2732 2257 ἀλλου
2768 2204 3042 2275 πυθμένος
3082 2200 3318 2278 οὐδαμοῦ
3361 2199 3811 2272 προϐαθέστερον

2228 2295 2497 2368 εἰρηκώς·
2543 2297 2628 2350 ἵνα
2667 2299 2739 2368 μή
2770 2314 2854 2361 τις
2893 2297 2992 2368 τὴν
3020 2296 3315 2349 ὑπόστασιν
3344 2294 3547 2365 ταύτην
3586 2294 3810 2363 ἐκείνης

2230 2389 2584 2460 προτερεύειν
2611 2389 2829 2460 νομίσῃ,
2869 2388 3004 2442 ἀλλά
3046 2388 3145 2452 τάς
3176 2390 3326 2458 τρεῖς
3355 2389 3414 2439 ὲν
3449 2388 3548 2457 μιᾷ
3594 2386 3811 2438 συντεί-

2230 2498 2342 2534 νειν
2407 2481 2427 2553 [
2454 2480 2525 2534 9.0
2551 2482 2578 2534 b
2602 2480 2622 2553 ]
2668 2481 2879 2552 θεότητι
2910 2481 3108 2544 πάντες
3136 2479 3496 2549 πιστεύωμεν.
3527 2477 3624 2531 Διά
3651 2477 3814 2529 τοῦτο

2231 2573 2324 2626 καὶ
2352 2573 2386 2643 ἡ
2418 2572 2775 2636 θεόπνευστος
2805 2571 2995 2644 Γραφὴ
3024 2570 3293 2626 ἐκώλυσεν
3323 2572 3380 2624 ὲν
3408 2569 3485 2641 τῷ
3515 2569 3818 2637 θυσιαστη-

2234 2666 2356 2736 ρίῳ,
2385 2667 2442 2717 ὲν
2480 2658 2525 2733 ᾧ
2565 2667 2598 2736 ἡ
2644 2665 2815 2736 Τριάς
2858 2663 3166 2731 δοξάζεται,
3210 2662 3558 2733 ἀναδαθμοὺς
3598 2665 3813 2715 ποιεῖν·

2233 2754 2374 2808 ὥστε
2406 2756 2482 2826 μὴ
2509 2754 2584 2818 ώς
2611 2755 2668 2808 ὲν
2701 2753 2926 2824 βαθμοῖς
2955 2750 3283 2825 διορίζεσθαι
3310 2750 3651 2821 ἀνθρώπους,
3681 2749 3813 2802 καθ’

2235 2846 2428 2917 ὑφεσίν
2457 2863 2581 2900 τινα
2612 2844 2751 2900 εἶναι
2778 2846 2876 2910 τὰς
2905 2846 3054 2909 θείας
3099 2846 3446 2907 ὑποστάσεις.
3482 2844 3592 2895 Καὶ
3622 2842 3818 2905 ἁπλῶς

2238 2942 2272 3012 ὴ
2303 2938 2518 2994 Παλαιὰ
2543 2939 2811 3011 Διαθήκη,
2845 2939 3012 2992 τύπον
3042 2938 3282 3009 φέρουσα
3305 2939 3402 3008 τῆς
3425 2935 3591 3000 Νέας,
3625 2953 3820 3006 μυστι-

2237 3033 2350 3097 κῶς
2367 3033 2460 3086 καὶ
2484 3032 2948 3104 προμηθεστάτως
2967 3031 3291 3100 διαλέγεται·
3307 3027 3649 3099 αἰνιττομένη
3676 3027 3822 3098 μᾶλ-

2237 3125 2326 3180 λον
2354 3126 2411 3178 ὲν
2446 3119 2680 3189 πολλοῖς,
2707 3124 2740 3196 ἢ
2768 3124 3048 3196 φράζουσα
3079 3125 3136 3177 ὲν
3168 3121 3350 3192 ταυτῷ
3368 3138 3381 3152 ·
3408 3121 3500 3174 καὶ
3531 3119 3823 3191 φράζουσα

2240 3217 2420 3283 πλέον,
2445 3217 2587 3290 ἥπερ
2612 3217 2962 3288 αίνισσομένη
2991 3215 3053 3269 τὸ
3078 3214 3301 3287 ὕστερον
3325 3212 3591 3283 ὲκφανθὲν
3617 3215 3826 3284 μυστήο

2242 3326 2390 3380 ριον·
2439 3309 2588 3372 ὅπως
2637 3309 2774 3379 μήτε
2833 3305 3013 3378 πλήξῃ
3048 3307 3114 3376 τῇ
3171 3303 3344 3375 ἀθρόᾳ
3389 3301 3660 3374 προσϐολῇ
3691 3304 3826 3364 τοὺς

2241 3401 2538 3472 ἀμυήτους,
2563 3399 2659 3452 καὶ
2677 3397 2828 3451 ούπω
2847 3397 3006 3458 ὄντας
3023 3393 3318 3466 σταθερούς
3342 3410 3400 3444 τε
3426 3393 3517 3445 καὶ
3533 3391 3826 3452 δεκτικοὺς

2239 3493 2338 3562 τῆς
2363 3490 2615 3552 θεοπτίας
2632 3507 2646 3521 ·
2673 3491 2806 3560 μήτε
2831 3489 2936 3560 μὴν
2967 3490 3045 3550 είς
3073 3487 3135 3540 τὸ
3160 3484 3419 3546 παντελὲς
3445 3481 3728 3554 ζημιώσῃ·
3765 3482 3828 3532 τὸ

2245 3585 2342 3656 μὲν
2371 3583 2478 3654 γάρ
2509 3579 2578 3655 ἦν
2606 3581 2880 3651 ἀπειρίας,
2921 3580 2980 3632 τὸ
3009 3579 3067 3632 δὲ
3104 3575 3519 3648 ἀπανθρωπίας.
3549 3571 3828 3636 Πολλάκις

2241 3675 2298 3729 δὲ
2326 3675 2421 3728 καὶ
2449 3672 2592 3742 άπερ
2631 3672 2791 3742 τυχὸν
2826 3666 3061 3725 ἐνταῦθα
3103 3669 3234 3739 ἡμῖν
3264 3664 3601 3734 δυσεφίκτως
3649 3663 3829 3734 ἐφρα-

2243 3782 2334 3829 σε,
2363 3764 2427 3818 δι’
2469 3764 2682 3835 ἑτέρας·
2708 3760 2926 3833 γραφῆς
2968 3760 3067 3830 τὴν
3109 3757 3262 3811 λύσιν
3297 3756 3623 3827 παρέσχετο.
3666 3755 3739 3806 Ἠ
3770 3755 3829 3807 δὲ

2244 3855 2362 3908 Νέα
2395 3854 2494 3907 οὑκ
2540 3853 2620 3906 ἔτι
2647 3852 2722 3914 ώς
2755 3853 2812 3902 ὲν
2849 3850 2974 3934 σκιᾷ
3006 3849 3098 3902 καὶ
3151 3845 3636 3918 παραπετάσματι,
3681 3843 3830 3934 ἀλλὰ

2245 3946 2431 4015 σαφῶς
2472 3947 2566 4000 καὶ
2595 3943 2889 4015 διαρρήδην
2916 3928 3131 4012 φράζει,
3153 3939 3227 4002 ώς
3253 3935 3623 4008 μαρτυροῦσιν
3651 3928 3828 3989 οὗτοι·

2243 4037 2457 4101 Παῦλος
2497 4035 2745 4108 γράφων,
2782 4031 3072 4103 Ῥωμαίοις
3108 4029 3228 4101 μὲν,
3267 4029 3448 4096 Εἴπερ
3476 4021 3564 4092 εἷς
3589 4029 3624 4081 ό
3654 4029 3830 4093 Θεός·

2243 4127 2510 4188 Γαλάταις
2557 4125 2614 4178 δὲ
2650 4125 2744 4176 καὶ
2795 4120 3142 4194 Κορινθίοις·
3199 4119 3262 4171 '0
3316 4117 3462 4182 Θεὸς
3499 4111 3590 4180 εἷς
3626 4116 3830 4171 ἐστιν.

2244 4219 2353 4274 Καὶ
2391 4219 2551 4271 πάλιν
2580 4216 2636 4269 δὲ
2677 4213 2984 4286 Κορινθίοις
3008 4211 3069 4265 τὸ
3094 4209 3364 4282 δεύτερον·
3403 4209 3473 4264 Ἦ
3510 4207 3687 4277 χάρις
3722 4210 3834 4264 τοῦ

2245 4310 2465 4380 Κυρίου
2499 4307 2670 4377 ἡμῶν
2717 4304 2920 4372 Ἰησοῦ
2948 4302 3206 4372 Χριστοῦ
3227 4341 3242 4366 ,
3273 4302 3370 4355 καὶ
3400 4300 3438 4367 ἡ
3475 4299 3680 4368 ἀγάπη
3722 4301 3835 4354 τοῦ

2247 4401 2416 4466 Θεοῦ,
2443 4398 2542 4452 καὶ
2582 4400 2621 4466 ἡ
2662 4395 2942 4450 κοινωνία
2964 4393 3071 4448 τοῦ
3095 4393 3266 4462 ἁγίου
3297 4392 3647 4460 Πνεύματος
3674 4391 3839 4458 μετὰ

565 4480 679 4549 jam
713 4489 968 4553 tanquam
998 4485 1050 4540 in
1083 4487 1296 4554 umbra,
1321 4497 1374 4542 et
1400 4491 1500 4546 sub
1532 4491 1672 4556 velo,
1708 4493 1802 4546 sed
1833 4493 2133 4560 manifesto1

2247 4491 2486 4545 πάντων
2519 4486 2704 4560 ὑμῶν.
2758 4485 3018 4540 Ἐνταῦθα
3046 4485 3136 4538 διὰ
3173 4483 3233 4535 τὸ
3265 4481 3462 4535 ταυτὸν
3501 4484 3603 4552 τῆς
3631 4482 3835 4553 θεότη-

572 4578 628 4624 et
659 4587 918 4642 expresse
941 4575 1205 4644 loquitur,
1236 4588 1297 4632 ut
1328 4588 1598 4634 testantur
1633 4581 1692 4645 ii,
1715 4597 1944 4652 quorum
1979 4585 2133 4637 verba

2246 4602 2357 4647 τος,
2391 4581 2606 4653 πρώτου
2645 4580 3047 4652 ἐμνημόνευσεν
3088 4575 3182 4628 τοῦ
3219 4573 3384 4637 Υίοῦ,
3421 4572 3516 4626 καὶ
3544 4572 3694 4626 οὕτω
3737 4573 3837 4626 τοῦ

571 4664 824 4734 subjicio.
856 4666 1056 4724 Paulus
1107 4667 1364 4726 Romanis
1391 4673 1608 4742 quidem
1645 4675 1888 4729 scribens
1916 4693 1928 4729 :
1963 4673 2131 4744 Siqui-

644 4869 758 4939 (29)
821 4868 1086 4940 Historia.
1126 4869 1192 4924 lll
1240 4870 1369 4940 Reg.
1417 4887 1570 4938 xvu,
1615 4873 1706 4928 2|.
1755 4872 1953 4929 Eodem
1983 4875 2141 4928 modo

567 4941 816 4997 Justinus
874 4943 927 4995 in
990 4939 1359 4994 Cohortatione
1425 4944 1494 4994 ad
1556 4941 1791 5007 (ἔνατος,
1843 4960 1995 4997 num.
2047 4946 2140 5007 5|,

573 5016 722 5084 hunc
763 5010 958 5084 librum
987 5011 1140 5084 citat.
1169 5012 1284 5064 Οὐκ
1310 5011 1417 5084 ἀπὸ
1445 5013 1543 5084 τῆς
1574 5013 1762 5084 τρίτης
1790 5014 2008 5084 (inquit)
2035 5015 2143 5067 τῶν

573 5031 713 5066 nunc
764 5031 958 5064 nurum
987 5031 1140 5065 enat.
1169 5031 1284 5064 υυκ
1310 5031 1417 5063 απο
1445 5031 1476 5065 τ
1516 5031 1543 5076 ς
1574 5031 1762 5084 τριτης
1790 5031 2008 5084 (inquit)
2035 5032 2141 5067 των

571 5078 871 5161 [inrisum
897 5081 1175 5161 ,ἱστορίας
1214 5099 1270 5136 κ.
1299 5098 1351 5134 τ.
1378 5081 1427 5134 λ.
1455 5031 1644 5137 laenae
1671 5100 1736 5138 ea:
1764 5085 1918 5137 tertia
1944 5083 2141 5154 Regno-

572 5169 685 5204 rum
722 5153 943 5204 historia
965 5153 990 5206 Ρ
1014 5162 1118 5205 etc.

644 5223 758 5290 (30)
817 5220 1039 5276 lterum.
1089 5219 1154 5274 lll
1216 5219 1350 5290 Reg.
1407 5238 1560 5288 xvnt,
1613 5224 1704 5279 54.
1752 5222 2148 5290 Complutensis

570 5289 746 5383 edilt'io
777 5293 974 5383 habet:
1029 5289 1406 5376 Δευτερώσατε
1428 5305 1548 5383 ,met
1577 5289 1968 5383 Τρισσεύσατε.
2002 5293 2148 5349 Non-

574 5361 898 5436 null_:e_al_ia*,
927 5360 1326 5436 Δευτερώσατε,
1358 5375 1423 5436 et
1441 5360 1811 5436 Τρισσώσατε.

647 5432 756 5504 (3i)
808 5430 1008 5486 Venite.
1065 5430 1202 5504 Gen.
1249 5447 1338 5498 xu,
1393 5433 1449 5487 7.
1489 5430 2144 5504 'Compluteusisdeditio:

575 5499 761 5574 ᾼεῦτε,
791 5504 886 5574 καὶ
909 5501 1245 5574 καταϐάντες
1276 5504 1592 5574 συγχέωμεν
1613 5499 1793 5560 αὑτῶν
1826 5502 2144 5572 γλῶσσαν...

575 5570 807 5644 ἕκαστος
827 5573 926 5644 τῆς
961 5573 1163 5644 φωνῆς.
1193 5570 1470 5629 Nonnullae
1493 5570 1609 5632 alia:
1646 5570 1911 5630 editiones
1943 5575 2145 5629 habent

579 5651 640 5695 ut
662 5643 800 5714 legit
815 5643 1108 5714 pidymus.

648 5712 764 5781 (52)
805 5710 1211 5782 Ρνοραρὶιιίὺιιε.
1240 5712 1376 5770 Gen.
1413 5730 1502 5779 XI...
1534 5715 1567 5773 9
1594 5723 1648 5770 et
1679 5715 1764 5770 10.

649 5783 764 5854 (ὗῦ)
805 5782 1232 5854 Profundiorent.
1272 5783 1405 5845 Vox.
1443 5785 1720 5859 προϐαθύς
1759 5787 1908 5844 dccst
1935 5785 1990 5844 in
2026 5785 2138 5844 vul—

2250 4675 2482 4747 Πατρὸς,
2511 4669 2630 4727 εἶτα
2652 4671 2746 4725 τοῦ
2773 4671 2926 4740 ἀγίου
2958 4667 3096 4722 Πνεύ
3107 4685 3271 4731 ματος
3298 4665 3481 4720 αὑτοῦ·
3505 4666 3842 4719 κοινωνίαν

2249 4873 2390 4943 gatis
2414 4871 2638 4936 lexicis,
2670 4879 2772 4943 aut
2808 4868 2951 4925 nullo
2994 4867 3240 4939 exemplo
3279 4866 3542 4922 illustrata
3576 4867 3839 4937 all‘ertur,

2250 4942 2308 4999 ut
2343 4945 2393 4996 iu
2426 4943 2643 4996 Patricii
2675 4942 2866 4996 lexico.

2321 5013 2434 5082 (54)
2477 5013 2776 5080 Scriptura.
2806 5010 2973 5082 Exod:
2999 5025 3100 5082 xx.
3117 5007 3205 5082 26.
3232 5006 3433 5062 Eodem
3453 5005 3612 5082 plane
3638 5011 3835 5072 modo,

2250 5077 2360 5152 quo
2408 5077 2888 5153 Didymus,_hunc
2935 5079 3104 5135 Exodi
3153 5079 3356 5153 locutum
3375 5077 3586 5153 accepit
3633 5093 3842 5153 attctnr

2254 5144 2562 5209 Clossaruin
2599 5154 2655 5204 in
2685 5144 2982 5213 (Exortum,
3032 5163 3174 5202 anno
3221 5145 3392 5210 1756,
3435 5145 3485 5198 in
3539 5144 3846 5202 Fascirulo

2252 5226 2624 5277 anecdotorum
2665 5236 2693 5274 a
2741 5236 2826 5274 Ine
2863 5221 3057 5274 editus.
3107 5215 3282 5282 Nihil,
3329 5216 3503 5282 inquit
3531 5231 3656 5284 pag.
3697 5218 3842 5278 Illi.

2254 5295 2310 5348 in
2350 5291 2610 5346 Trinitate
2640 5291 2901 5358 superius,
2935 5287 3066 5342 nihil
3105 5289 3336 5358 inferius
3378 5287 3698 5358 credendum
3728 5299 3842 5358 est,

2259 5380 2322 5417 ne
2353 5363 2546 5432 gradus
2586 5355 3028 5432 [aeiumu_s,sicut
3053 5355 3257 5432 Arius,
3287 5355 3505 5409 dicendo
3537 5355 3706 5410 Patre
3735 5356 3851 5410 Fi-

2256 5427 2386 5486 lium
2413 5427 2686 5493 minorem,
2715 5440 2762 5483 et
2795 5427 2936 5482 Filio
2971 5429 3226 5496 Spiritum
3259 5437 3521 5496 sanctum.

2329 5502 2442 5571 (55)
2484 5495 3152 5571 EodemqueinGrmco,
3186 5498 3244 5552 ὲν
3269 5495 3484 5571 ταυτῷ,
3515 5496 3661 5571 quod
3690 5500 3848 5553 sumi

2253 5565 2621 5640 etiam'potest
2649 5565 2886 5624 adverbii
2919 5569 3110 5640 instar,
3139 5577 3215 5640 ut_
3242 5565 3450 5640 valeat,
3481 5567 3662 5629 simul,
3699 5583 3847 5634 una,

2251 5637 2648 5724 siv‘e.nut‘)lul_g.
2680 5641 2945 5724 interpres
2968 5639 3110 5706 loqui
3137 5637 3299 5723 solet,
3326 5637 3377 5690 iu
3404 5649 3589 5720 unum.
3701 5703 3765 5724 ν.

2321 5709 2435 5835 (59’)
2456 5710 2550 5773 24,
2579 5703 2800 5835 garum.
2824 5703 2881 5767 lu
2905 5703 3112 5775 Grteéo,
3135 5707 3297 5780 ειπερ,
3331 5721 3428 5778 pro
3461 5703 3669 5777 ὧνπερ.
3701 5703 3856 5764 Vide

2349 5824 2362 5835 .
2453 5797 2570 5835 032.
2669 5820 2683 5835 ο
3281 5818 3284 5821 -

2250 5793 2362 5840 nol.
2393 5785 2423 5834 7
2452 5797 2570 5856 pag.
2596 5785 2683 5837 50.
3281 5818 3284 5821 -
