3970 6406
192 358 295 418 359

1299 369 1386 423 DE
1422 368 1801 427 TRINITATE
1838 371 2041 427 LIBER
2079 374 2360 432 PRIMUS.

3354 381 3464 441 350
3485 381 3488 385 ’

192 479 251 533 δι
275 477 373 531 τοῦ
403 478 562 546 lnios
589 479 916 552 Πνεύματος
945 481 1082 552 μετὰ
1110 482 1321 554 Πατρὸς
1352 484 1446 536 καὶ
1484 483 1614 536 Υἱοῦ
1660 480 1787 537 εἶπε

1896 488 2004 539 rtem
2039 488 2149 558 (37)
2205 505 2340 541 unus
2379 497 2453 541 est
2495 487 2651 542 Deus.
2689 488 2897 545 Galatis
2936 505 3062 545 vero
3088 529 3104 555 ,
3173 504 3227 545 et
3272 492 3466 548 Corin-

196 567 293 637 τῆς
335 570 464 637 μιᾶς
510 568 797 638 θεότητος,
835 573 930 625 καὶ
960 573 1137 642 δόξης,
1168 575 1262 626 καὶ
1306 573 1617 643 βσίσιλείας³
1655 575 1791 630 ποία

197 658 300 730 γὰρ
318 659 452 729 ἄλλη
486 662 584 713 ἐπὶ
621 661 763 715 Θεοῦ
789 665 1067 718 κοινωνία
1078 679 1097 728 ;
1124 664 1387 733 Ἐφεσίοις
1426 664 1483 717 δέ
1503 683 1518 697 ·
1539 661 1642 731 Εἷς
1672 668 1794 720 Κύ-

189 767 339 816 ριος,
373 752 485 819 μία
507 753 746 819 πίστις,
786 754 857 807 ἐν
883 754 1220 823 βάπτισμα,
1252 752 1340 821 εἷς
1378 756 1523 823 Θεὸς
1550 756 1647 809 καὶ
1675 761 1793 826 [ζα-

201 842 305 908 τὴρ
330 841 617 907 πάντων,
652 848 686 897 ὀ
722 844 812 915 [21
845 845 901 917 a]
937 847 1035 899 ἐπὶ
1090 844 1351 910 πάντων,
1376 846 1474 899 καὶ
1510 846 1608 901 διὰ
1638 847 1793 917 πάν-

201 949 339 996 των,
365 932 456 984 καὶ
486 933 561 984 ἐν
595 932 811 988 πᾶσιν.
844 937 977 989 Εἶτα
997 939 1111 999 τοῖς
1132 936 1336 999 αὐτοῖς’
1368 938 1587 991 Τούτου
1612 936 1793 1006 χάριν

207 1026 448 1091 κάμπτω
476 1026 551 1079 τὰ
590 1027 819 1095 γόνατά
847 1046 967 1097 μου
1007 1026 1155 1097 πρὸς
1198 1028 1306 1083 τὸν
1336 1030 1485 1084 Θεὸν
1531 1031 1629 1082 καὶ
1672 1033 1793 1083 Ha-

208 1118 368 1183 τέρα,
403 1118 467 1181 ἐξ
496 1115 571 1174 οὗ
596 1119 769 1174 πᾶσα
796 1120 1010 1188 πατριὰ
1033 1120 1103 1173 ὲν
1121 1120 1398 1189 οὐρανοῖς
1429 1121 1526 1175 καὶ
1552 1120 1651 1173 ἐπὶ
1674 1121 1792 1191 γῆς

210 1208 569 1277 ὀνομάζεται,
602 1212 705 1264 ἵνα
746 1211 829 1276 δῷ
865 1212 1027 1281 ὑμῖν,
1056 1214 1204 1265 κατὰ
1238 1212 1345 1265 τὸν
1379 1211 1792 1281 πλοῦτονιλτῆς

206 1297 391 1365 δόξης
444 1300 675 1366 αὑτοῦ,
724 1300 975 1371 δυνάμει
1030 1301 1464 1371 κραταιωθῆναι
1526 1301 1626 1359 διὰ
1684 1304 1791 1358 τοῦ

205 1392 555 1458 Πνεύματος
582 1391 791 1455 αὑτοῦ,
825 1395 916 1457 εὶς
946 1392 1053 1446 τὸν
1092 1394 1213 1447 ἔσω
1249 1392 1566 1461 ἄνθρωπον
1599 1411 1793 1449 κατοι-

199 1477 388 1545 κῆσαι
423 1480 535 1532 τὸν
557 1480 815 1549 Χριστὸν
839 1481 938 1535 διὰ
974 1481 1085 1548 τῆς
1111 1484 1370 1547 πίστεως
1390 1482 1458 1536 ἐν
1490 1484 1622 1550 ταῖς
1647 1502 1791 1553 καρ-

195 1569 379 1635 δίαις.
411 1564 545 1623 ὀδε
582 1572 743 1625 πάλιν
780 1574 1001 1642 ὁμοίως,
1039 1574 1128 1627 διὰ
1152 1574 1214 1627 τὸ
1247 1574 1487 1645 ἰσότιμον
1523 1576 1631 1629 τῶν
1669 1578 1793 1629 ὑπο-

197 1662 476 1725 στάσεων,
505 1665 645 1733 μετὰ
677 1666 768 1717 τὸν
798 1666 1040 1737 Πατέρα,
1074 1665 1292 1737 πρώτου
1326 1666 1421 1719 τοῦ
1456 1667 1789 1737 Πνεύματος,

196 1754 295 1806 καὶ
328 1753 485 1806 οὕτω
524 1754 619 1807 τοῦ
653 1756 781 1808 Υἱοῦ
816 1757 1237 1827 ἐμνημόνευσεν.
1264 1757 1377 1811 Καὶ
1404 1757 1562 1810 πάλιν
1591 1760 1789 1829 Κοριν-

1899 580 2023 634 thiis
2055 603 2067 635 :
2111 581 2247 633 Deus
2281 580 2394 649 (58)
2431 596 2565 633 unus
2594 592 2689 634 est.
2718 580 2784 634 Et
2824 597 3016 636 rursus
3054 583 3104 636 in
3134 584 3368 638 secunda
3393 586 3459 639 ad

1893 671 2203 726 Corinthios
2236 691 2248 726 :
2283 670 2479 723 Gratia
2508 671 2618 741 ('59)
2654 672 2865 727 Domini
2896 675 3057 727 nostri
3086 673 3213 727 Jesu
3244 674 3461 744 Christi,

1893 773 1941 817 et
1970 763 2197 816 charitas
2228 763 2321 816 Dei
2347 805 2362 829 ,
2396 776 2441 817 et
2470 766 2871 819 communicatio
2903 766 3011 837 (40)
3038 769 3205 821 sancti
3236 767 3461 836 Spiritus

1893 869 2009 907 cum
2040 854 2279 907 omnibus
2306 855 2465 907 vobis.
2502 854 2598 908 Hic
2621 855 2691 909 ob
2736 855 3068 912 identitatem
3104 860 3320 913 deitatis
3350 862 3461 929 pri-

1892 959 2038 997 mum
2082 946 2326 997 nominat
2374 944 2569 999 Filium
2599 988 2613 1012 ,
2660 947 2854 1001 deinde
2900 948 3113 1002 Patrem
3161 964 3223 1003 ac
3274 960 3458 1019 postea

1893 1046 2139 1092 sanctum
2176 1037 2293 1105 ejus
2337 1037 2617 1106 Spiritum.
2670 1037 3206 1095 Communicationem
3247 1055 3458 1108 autem,

1892 1140 1985 1180 seu
2027 1128 2457 1181 communionem
2506 1127 2740 1199 Spiritus
2792 1131 2961 1184 sancti
3012 1147 3132 1185 cum
3191 1132 3350 1187 Patre
3398 1146 3456 1189 et

1890 1212 2049 1281 Filio,
2082 1216 2207 1269 dum
2243 1217 2395 1279 dixit,
2418 1218 2578 1271 unius
2610 1219 2856 1283 deitatis,
2887 1229 2941 1273 et
2968 1220 3175 1289 glorize,
3204 1232 3258 1276 et
3283 1222 3459 1276 domi-

1897 1306 2151 1369 nationis,
2190 1322 2281 1362 seu
2316 1308 2463 1377 regni
2508 1309 2944 1363 communionem
2993 1311 3250 1365 indicavit
3288 1330 3301 1365 :
3338 1328 3458 1381 qua:

1892 1395 2036 1449 enim
2065 1394 2168 1447 alia
2205 1402 2287 1449 est
2314 1395 2365 1450 in
2398 1395 2506 1450 Deo
2537 1398 2831 1449 communio
2852 1397 2877 1449 .9
2898 1397 2978 1449 Ad
3004 1398 3267 1464 Ephesius
3288 1413 3419 1452 vero
3444 1415 3457 1451 :

1894 1483 2039 1539 Unus
2068 1484 2179 1552 (41)
2214 1484 2488 1549 Dominus,
2522 1502 2626 1538 una
2656 1486 2805 1553 ﬁdes,
2839 1502 3001 1539 unum
3024 1488 3300 1555 baptisma,
3326 1506 3460 1543 unus

1892 1573 2054 1637 Deus,
2081 1584 2129 1627 et
2156 1572 2323 1627 Pater
2353 1576 2609 1635 omnium,
2637 1577 2727 1643 qui
2754 1586 2827 1628 est
2856 1592 3012 1645 super
3049 1593 3223 1630 omnes
3250 1618 3265 1643 ,
3300 1589 3346 1632 et
3372 1596 3463 1643 per

1893 1664 2091 1724 omnia.
2115 1672 2162 1715 et
2189 1662 2242 1715 in
2273 1662 2509 1716 omnibus
2546 1663 2679 1733 (4‘2).
2712 1663 2915 1718 Deinde
2940 1666 3006 1717 ad
3034 1667 3252 1721 eosdem
3279 1686 3293 1721 :
3338 1668 3459 1720 ﬂu-

1895 1754 1978 1817 ius
2005 1752 2114 1822 (45)
2151 1753 2225 1805 rei
2254 1752 2426 1820 gratia
2454 1754 2607 1821 ﬂecto
2636 1769 2802 1821 genua
2828 1770 2941 1807 mea
2982 1755 3050 1806 ad
3083 1754 3246 1809 Deum
3273 1767 3320 1810 et
3356 1757 3461 1810 Pa—

196 1844 335 1907 θεοις
356 1860 371 1873 ·
402 1844 738 1911 Παρακαλῶ
778 1845 846 1899 δὲ
884 1844 1063 1915 ὑμᾶς,
1105 1846 1387 1916 ἀδελφοὶ,
1415 1847 1510 1901 διὰ
1536 1848 1641 1901 τοῦ
1670 1852 1786 1902 Κυ-

1896 1856 2021 1899 trem
2045 1844 2177 1916 (44),
2200 1860 2263 1897 ex
2284 1861 2383 1913 quo
2407 1845 2575 1897 omnis
2594 1845 2875 1912 paternitas
2902 1845 2955 1897 in
2980 1844 3139 1906 caelis.
3172 1856 3217 1898 et
3239 1847 3291 1899 in
3321 1858 3461 1900 terra

188 1937 331 2003 ρίου
362 1934 541 2004 ἡμῶν
586 1937 789 2003 Ἰησοῦ
827 1938 1106 2006 Χριστοῦ,
1138 1939 1238 1992 καὶ
1284 1938 1383 1994 διὰ
1407 1940 1517 2008 τῆς
1548 1940 1786 2009 άγάειης

194 2027 308 2080 τοῦ
362 2029 738 2096 Πνεύματος,
795 2031 1331 2100 συναγωνίσασθαί
1378 2048 1480 2100 μοι
1530 2032 1600 2085 ἐν
1656 2031 1786 2098 ταῖς

192 2120 578 2187 προσευχαῖς
604 2119 757 2189 ὑπὲρ
780 2121 926 2189 ἐμοῦ
959 2122 1107 2189 πρὸς
1142 2123 1245 2175 τὸν
1286 2126 1452 2177 Θεόν.
1513 2124 1785 2195 Ἑϐραίοις

192 2207 257 2259 δέ
278 2224 291 2235 ·
338 2208 412 2259 Et
442 2208 552 2277 γὰρ
578 2212 610 2261 ό
638 2208 710 2262 δι’
746 2209 1016 2281 ἀγγέλων
1034 2211 1321 2279 λαληθεὶς
1344 2214 1523 2281 λόγος
1551 2212 1786 2283 ἐγένετο

188 2300 468 2365 βέϐαιος,
506 2303 603 2353 καὶ
646 2299 816 2355 πᾶσα
852 2301 1188 2371 παράϐασις
1220 2305 1313 2357 καὶ
1346 2306 1619 2375 παρακοὴ
1649 2308 1788 2360 ἕλα-

194 2392 307 2442 ὄεν
337 2389 584 2442 ἔνδικον
608 2390 1127 2458 μισθαποδοσίαν·
1154 2391 1278 2458 πῶς
1306 2393 1476 2463 ἡμεῖς
1503 2395 1789 2463 ἐκφευξό-

188 2484 383 2549 μεθα,
410 2484 777 2548 τηλικαύτης
813 2482 1229 2551 ἀμελήσαντες
1258 2488 1586 2553 σωτηρίας;
1620 2486 1788 2553 Ἥτις

195 2574 403 2641 ἀρχὴν
427 2574 706 2628 λαϐοῦσα
742 2574 1061 2629 λαλεῖσθαι
1090 2576 1188 2629 διὰ
1232 2576 1338 2631 τοῦ
1372 2581 1627 2646 Κυρίου,
1668 2578 1787 2632 ὑπὸ

198 2664 323 2717 τῶν
372 2665 803 2729 ἀκουσάντων,
856 2669 943 2733 εὶς
981 2667 1137 2737 ἡμᾶς
1168 2670 1503 2737 ἐϐεϐαιώθη,
1544 2684 1789 2725 συνεπι-

191 2754 653 2822 μαρτυροῦντος
680 2754 785 2808 τοῦ
832 2755 980 2809 Θεοῦ
1011 2758 1285 2825 σημείοις
1320 2775 1383 2811 τε
1413 2758 1511 2811 καὶ
1558 2759 1786 2828 τέρασι,

195 2844 303 2898 καὶ
346 2844 653 2910 ποικίλαις
712 2844 1033 2915 δυνάμεσι,
1084 2848 1182 2901 καὶ
1235 2848 1581 2918 Πνεύματος
1617 2850 1787 2919 ἁγίου

192 2935 538 3004 μερισμοῖς,
565 2936 716 2990 κατὰ
752 2937 865 3004 τὴν
892 2937 1080 2990 αὐτοῦ
1112 2937 1387 3006 θέλησιν.
1420 2940 1517 2993 Διὰ
1554 2937 1646 2993 οὖν
1670 2940 1786 3006 τοῦ,

200 3028 452 3093 Κιεριόυ,
481 3026 773 3096 δεδήλωται
798 3030 825 3081 ὁ
852 3028 981 3091 Υἱός
1004 3045 1016 3057 ο
1047 3027 1136 3080 διὰ
1168 3029 1224 3081 δὲ
1254 3030 1379 3093 τοῦ,
1410 3031 1579 3094 Θεοῦ,
1622 3032 1650 3083 ὁ
1677 3032 1790 3083 Πα-

1888 1937 2216 2000 nominatur,
2244 1945 2299 1988 ut
2328 1936 2410 1988 det
2434 1934 2577 1988 vobis
2601 1935 2884 1988 secundum
2906 1936 3111 1990 divitias
3128 1938 3308 2005 gloria:
3328 1955 3458 2001 sua',

1886 2028 2076 2081 virtute
2118 2026 2452 2079 corroborari
2481 2040 2571 2094 per
2604 2024 2860 2095 Spiritum
2904 2027 3017 2096 ejus
3056 2029 3110 2080 in
3162 2029 3459 2081 interiorem

1887 2119 2144 2172 hominem
2161 2117 2271 2185 (45)
2291 2116 2525 2170 habitare
2546 2116 2812 2171 Christum
2835 2134 2925 2186 per
2943 2118 3096 2186 ﬁdem
3120 2120 3173 2171 in
3195 2118 3454 2176 cordibus.

1887 2207 2001 2262 Hoc
2038 2209 2092 2261 in
2133 2208 2255 2262 loco
2303 2221 2493 2261 rursus
2544 2208 2706 2261 simili
2742 2208 2954 2262 ratione
2980 2209 3050 2263 ob
3095 2210 3460 2279 mqualitatem

1889 2300 2132 2364 honoris,
2162 2298 2253 2367 qui
2276 2298 2503 2367 singulis
2536 2299 2782 2365 personis
2810 2298 3055 2365 debetur,
3097 2310 3216 2367 post
3245 2300 3457 2355 Patrem

1888 2391 2036 2460 prius
2078 2390 2321 2445 meminit
2355 2389 2619 2458 Spiritus,
2648 2390 2841 2444 deinde
2870 2390 3017 2444 Filii.
3057 2392 3125 2446 Et
3159 2396 3455 2448 rursus'ad

1887 2483 2197 2539 Corinthios
2215 2484 2491 2537 scribens:
2524 2480 2745 2536 Obsecro
2776 2480 2883 2551 (46)
2902 2492 3075 2536 autem
3104 2501 3212 2549 vos,
3238 2485 3452 2552 fratres,

1886 2593 1976 2643 per
1991 2576 2269 2629 Dominum
2286 2576 2391 2645 50
2408 2584 2641 2629 nostrum
2655 2574 2835 2627 Jesum
2856 2574 3142 2639 Christum,
3161 2588 3207 2629 et
3225 2594 3314 2644 per
3329 2579 3460 2631 cha-

1887 2669 2096 2720 ritatem
2116 2666 2343 2735 Spiritus
2364 2709 2378 2733 ,
2406 2677 2461 2719 ut
2493 2665 2748 2735 adjuvetis
2787 2682 2867 2719 me
2908 2667 2964 2718 in
2997 2668 3321 2723 orationibus
3361 2685 3457 2739 pro

1888 2776 1969 2813 me
1996 2760 2065 2812 ad
2093 2759 2275 2814 Deum.
2304 2760 2383 2814 Ad
2420 2758 2671 2814 Hebraeos
2698 2771 2876 2815 autem
2903 2779 2917 2815 :
2947 2761 3002 2816 Si
3026 2765 3161 2816 enim
3195 2763 3330 2833 (47),
3360 2765 3453 2833 qui

1888 2865 1980 2915 per
2012 2848 2222 2917 angelos
2252 2850 2426 2903 dictus
2472 2861 2546 2903 est
2579 2866 2747 2904 sermo
2768 2891 2782 2915 ,
2823 2851 2993 2920 [actus
3034 2864 3106 2906 est
3141 2854 3325 2920 ﬁrmus
3353 2895 3368 2919 ,
3409 2864 3460 2907 et

1890 2938 2056 2990 omnis
2100 2938 2486 3005 prwvaricatio,
2534 2948 2585 2993 et
2625 2940 2977 2995 inobedientia
3031 2944 3228 3009 accepit
3253 2944 3460 3012 justam

1888 3028 2140 3081 mercedis
2194 3028 2626 3093 retributionem;
2672 3031 2929 3099 quomodo
2990 3049 3083 3085 nos
3119 3032 3459 3101 effugiemus,

198 3119 341 3187 τήρ·
368 3113 488 3169 εἶτα
523 3119 616 3169 καὶ
644 3117 703 3169 τὸ
743 3118 1087 3183 αὐτεξούσιον
1115 3119 1211 3172 καὶ
1245 3119 1650 3190 παντοδύναμον
1692 3117 1787 3172 τοῦ

1896 3120 1936 3174 si
1973 3129 2169 3172 tantam
2204 3122 2583 3189 neglexerintus
2626 3122 2893 3175 salutem?
2937 3138 3053 3191 qua:
3098 3140 3215 3175 cum
3253 3124 3461 3177 initium

206 3209 369 3276 ἁγίου
404 3208 744 3279 Πνεῦματος.
800 3210 910 3261 Καὶ
939 3212 985 3262 ὁ.
1029 3210 1157 3273 Υἱὸς
1205 3211 1261 3264 δὲ
1303 3212 1502 3276 ἔδειξε,
1548 3214 1645 3283 τὴν
1689 3213 1787 3283 μὲν

1896 3214 2170 3282 acceperit,
2205 3214 2273 3266 ad
2304 3214 2617 3283 loquendum
2656 3232 2747 3283 per
2778 3214 3097 3279 Dominum,
3139 3216 3201 3268 ab
3226 3216 3298 3269 eis
3322 3255 3336 3277 ,
3373 3217 3462 3285 qui

207 3303 338 3370 μίαν
366 3299 625 3369 θεότητα.
659 3299 748 3352 διὰ
776 3299 869 3353 τοῦ
901 3303 1093 3367 εἰπεῖν,
1126 3302 1185 3355 Τί
1202 3320 1279 3371 με
1302 3304 1499 3373 λέγεις
1526 3305 1753 3372 ἀγαθόν
1770 3320 1789 3368 ;

208 3391 420 3457 Οὐδεὶς
449 3391 695 3461 ἀγαθὸς,
722 3394 773 3445 εί
802 3392 886 3461 μὴ
928 3392 1014 3459 εἷς
1034 3397 1065 3447 ό
1099 3397 1274 3462 Θεόςο
1303 3396 1400 3459 τὰς
1428 3396 1484 3448 δὲ
1517 3396 1790 3467 ἰσοτίμους

210 3486 306 3537 21".
334 3485 695 3554 ἰσοδυναμους
724 3489 872 3558 τρεῖς
902 3486 1249 3552 ὑποστάσεις,
1290 3487 1381 3540 διὰ
1416 3488 1515 3560 τῆς
1562 3490 1691 3561 περὶ
1725 3488 1787 3542 τὸ

219 3574 499 3648 βάπτισμα
522 3576 744 3647 διδαχῆς
764 3592 779 3606 ⁸
822 3576 896 3649 μὴ
930 3578 1098 3632 εἰπὼν
1125 3580 1183 3633 δὲ
1212 3580 1578 3652 πειραστικῶς
1604 3580 1789 3648 ἐξετά-

287 3755 394 3823 (57)
426 3754 723 3841 Siquidem.
779 3757 940 3811 Rom.
974 3771 1059 3821 ιιι,
1088 3756 1177 3811 '50.
1210 3757 1395 3813 Graeca
1449 3756 1614 3813 editio
1650 3758 1799 3811 ὲπεί-

217 3843 338 3895 asp.
368 3841 487 3889 pro,
530 3843 709 3895 ειπερ.

278 3896 393 3965 (38)
452 3894 619 3950 Deus.
681 3895 855 3950 Galat.
925 3912 1008 3961 ιιι,
1068 3894 1159 3962 20,
1205 3896 1328 3951 etl
1401 3897 1526 3954 Cor.
1588 3914 1707 3964 vni,
1763 3898 1797 3953 4

204 3967 395 4105 ειὲἒῦ
463 4032 674 4091 Gratia.
757 4033 797 4087 11
877 4036 1003 4093 Cor.
1067 4052 1185 4097 xm.
1235 4037 1320 4092 l3.
1381 4038 1568 4093 Graeca
1625 4037 1791 4091 editio

206 4104 417 4176 omittit
474 4120 684 4171 vocem,
734 4104 914 4175 ἡμῶν,
946 4122 1106 4176 quam
1157 4115 1212 4162 et
1278 4107 1704 4176 Vulgatuslegil,
1734 4118 1786 4161 et

212 4175 481 4246 Didymus
516 4185 627 4246 tum
664 4177 773 4235 hic,
809 4187 918 4230 tum
963 4175 1016 4232 in
1066 4177 1201 4230 libro
1228 4176 1304 4231 De
1336 4177 1542 4246 Spiritu
1576 4175 1777 4242 sancto,

208 4244 619 4316 nun-.16,rubi
673 4246 812 4299 edita
865 4248 1196 4316 exemplaria
1247 4244 1559 4311 habe'nt,sit
1585 4261 1787 4316 semper

206 4332 329 4369 cum
359 4315 604 4368 omnibus
644 4315 789 4369 vobis
815 4331 833 4368 :
855 4319 947 4371 sed
985 4315 1149 4371 cedes
1189 4329 1370 4372 noster
1399 4318 1601 4371 omittit
1637 4315 1791 4369 binas

208 4399 396 4511 ἶοῖοες,
431 4387 502 4440 sit
542 4401 763 4454 semper,
797 4395 856 4440 ut
902 4402 998 4444 eas
1044 4388 1245 4443 omittit
1282 4388 1541 4458 Didymus
1589 4386 1693 4440 hoc
1732 4386 1785 4439 in

294 4470 353 4509 ο.

294 4470 353 4509 ο.

1896 3304 2202 3368 audierunt,
2232 3304 2285 3356 in
2316 3320 2408 3356 nos
2438 3305 2749 3373 conﬁrmata
2779 3315 2887 3369 est,
2917 3314 3233 3359 contestante
3269 3304 3376 3357 Deo
3415 3314 3463 3359 et

1896 3395 2079 3461 signis,
2124 3404 2169 3447 et
2208 3397 2477 3462 portentis,
2509 3407 2555 3449 et
2605 3396 2766 3450 variis
2808 3397 3125 3463 virtutibus,
3167 3407 3211 3450 et
3239 3394 3465 3465 Spiritus

1893 3485 2061 3539 sancti
2083 3486 2535 3541 distributionibus
2566 3489 2725 3556 juxta
2759 3506 2908 3542 suam
2938 3489 3271 3543 voluntatem.
3296 3489 3467 3543 Porro

1896 3578 1985 3635 hic
2027 3576 2243 3632 Domini
2292 3579 2402 3651 (b8)
2445 3580 2704 3637 vocabulo
2746 3581 3076 3650 signiﬁcatur
3122 3579 3328 3645 Filius,
3360 3579 3460 3633 Dei

1906 3756 1994 3811 his
2021 3770 2141 3825 qua:
2176 3766 2495 3824 sequuntur.
2545 3753 2670 3808 Haec
2700 3754 2843 3808 enim
2876 3754 2944 3807 ibi
2966 3752 3245 3825 legimus:
3285 3770 3303 3803 ι
3330 3751 3465 3807 Nec-

1906 3843 2010 3879 non
2040 3824 2103 3880 iet
2132 3826 2259 3880 illud
2288 3827 2758 3886 considerandum,
2789 3826 2928 3891 quod
2963 3824 3014 3875 in
3050 3825 3232 3883 corde,
3266 3832 3317 3875 et
3345 3838 3468 3875 sen-

1904 3912 1964 3951 su
1998 3895 2141 3969 [cod.
2189 3908 2375 3969 noster
2408 3912 2422 3948 :
2455 3904 2504 3947 et
2552 3895 2839 3969 in_sensu]
2878 3894 3130 3969 habitare
3162 3908 3262 3969 non
3297 3902 3467 3960 potest

1906 3962 2176 4027 creatura,
2202 3966 2301 4021 nisi
2347 3966 2506 4030 Deus,
2534 3974 2587 4019 et
2618 3962 2976 4031 Sermo'ejus,
3014 3965 3063 4015 in
3099 3962 3299 4031 Spiritu
3337 3978 3462 4025 sau-

1905 4046 2110 4090 cto.....
2143 4036 2245 4090 Per
2282 4036 2439 4089 tidem
2477 4039 2671 4103 quippe
2701 4036 2943 4088 habitare
2981 4032 3256 4086 Christum
3302 4031 3352 4084 in
3385 4032 3469 4103 ιη..

1894 4108 2077 4159 teriori
2117 4107 2333 4160 homine
2379 4105 2431 4158 iu
2477 4102 2702 4172 Spiritu,
2757 4108 2834 4157 alt
2880 4104 3170 4169 Apostolus
3216 4103 3287 4154 ita
3328 4102 3465 4172 scri-

1892 4177 2066 4231 bens:
2106 4174 2175 4228 In
2204 4175 2408 4238 Spiritu
2433 4176 2483 4229 in
2521 4169 2759 4227 interiori
2801 4176 3008 4226 homine
3053 4171 3291 4225 habitare
3316 4169 3471 4224 Chri-

1895 4256 2029 4300 stum
2090 4262 2182 4313 per
2234 4246 2391 4314 ﬁdem
2447 4246 2501 4298 in
2564 4243 2807 4314 cordibus
2842 4244 3022 4314 vestris
3055 4242 3241 4313 [codex
3285 4251 3471 4294 noster

1896 4316 2170 4438 inenndose,
2202 4313 2261 4370 ut
2294 4315 2541 4369 videtur:
2573 4313 2809 4386 nostris].
2843 4313 2961 4382 Ipse
2986 4327 3255 4383 quoque,»
3290 4320 3345 4365 et
3378 4324 3469 4366 re-

1918 4400 2062 4438 taua.

1918 4401 2062 4439 Nlla.

1937 4400 2084 4523 qzliali)
2118 4453 2367 4509 Obsecro.
2420 4453 2537 4508 Non
2590 4454 2641 4507 in
2702 4453 2959 4523 Epistolis
3027 4450 3470 4523 adﬂCorinthios

284 4526 401 4595 (50)
434 4524 875 4581 Communicau’o.
910 4528 984 4582 Ita
1024 4527 1186 4582 vertit
1214 4526 1368 4595 Vulg.
1404 4527 1690 4596 interpres,
1729 4539 1793 4579 ac
1827 4518 1869 4572 D
1899 4518 2117 4596 scriptis
2171 4527 2571 4596 hmcﬂexstaut,
2616 4526 2709 4578 sed
2745 4518 2928 4578 'Rom.
2962 4537 3050 4588 xv,
3080 4522 3167 4575 50.
3203 4523 3333 4577 Vide
3369 4538 3471 4578 no-

215 4594 589 4665 llieronyums
634 4597 691 4668 in
733 4597 955 4668 Didymi
1002 4597 1139 4651 libro
1159 4598 1271 4667 jam
1302 4594 1683 4668 laudatoﬂlox
1708 4603 1788 4668 ta-

214 4681 339 4789 nﬁn
373 4666 678 4719 communio
727 4666 936 4737 Didytui
1000 4666 1171 4737 scopo
1196 4667 1653 4723 accommodatior
1704 4666 1791 4719 hic

214 4750 244 4789 ν
302 4748 452 4787 etur.

209 4748 452 4789 VMCIIII’.

283 4806 397 4877 (Η)
434 4802 607 4877 ιξηιιε.
646 4805 941 4877 Εριιοεηιν,
977 4807 1011 4861 5
1042 4817 1096 4861 et
1124 4808 1175 4863 6.

285 4873 515 4948 μελίη
546 4877 805 4948 omnibus.
839 4875 1025 4948 Grazca
1072 4878 1158 4932 ed.
1211 4877 1359 4931 addit
1398 4878 1552 4948 ὑμῖν,
1600 4875 1652 4931 id
1681 4883 1787 4941 est,

216 4947 378 5001 vobis.
421 4943 679 5014 vulgatus
710 4947 805 4999 int.
847 4946 1018 5000 nobis.

287 5018 399 5085 (45)
436 5013 636 5085 Hujus.
662 5016 856 5083 Ephes.
890 5033 966 5079 ιιι,
996 5017 1180 5073 14-17.
1224 5015 1335 5071 Hoc
1378 5015 1674 5085 Scriptum
1712 5025 1793 5069 te-

218 5086 553 5156 stimonium,
592 5100 655 5139 ac
677 5087 781 5139 duo
820 5101 939 5155 qua:
962 5089 1203 5156 proxime
1250 5087 1593 5150 antecedunt,
1632 5086 1795 5156 simili

223 5160 376 5209 nmdo
416 5154 1057 5227 Macedonianisohjicit
1116 5157 1371 5227 Didymus
1411 5157 1462 5211 in
1526 5158 1661 5210 libro
1718 5154 1798 5209 De

225 5227 424 5293 Spiritu
456 5236 659 5279 sancto.

288 5296 403 5365 tu)
444 5297 521 5349 Ad
576 5295 745 5349 Deum
798 5306 847 5350 et
906 5297 1139 5350 Patrem.
1193 5295 1378 5351 Graeca
1415 5296 1620 5349 editio:
1654 5292 1798 5364 Πρὸς

223 5366 305 5418 τὸν
355 5367 578 5437 Πατέρα
617 5365 714 5418 τοῦ
749 5365 967 5438 ΔΚυρίου
1018 5366 1174 5438 ἡμῶν
1212 5367 1385 5438 Ἰησοῦ
1440 5365 1701 5438 Χριστοῦ.
1735 5366 1800 5418 Ει

226 5438 377 5505 paqu
420 5435 538 5506 post
573 5454 589 5491 :
624 5438 714 5507 ἵνα
742 5435 891 5507 δῴη·
922 5435 1229 5507 ιιυοιιιυιιο
1262 5435 1509 5491 dictavit“
1542 5435 1801 5507 Didymus

228 5522 389 5571 segni.
420 5505 489 5559 27
528 5524 581 5561 α.
622 5506 753 5559 Vide
780 5505 1038 5576 elisegm.
1067 5505 1134 5560 88
1167 5523 1219 5558 α.

294 5577 405 5646 (45)
442 5578 506 5630 In
538 5578 842 5631 interiorem
876 5574 1154 5630 hominem.
1222 5575 1297 5629 lta
1329 5574 1479 5646 Vulg.
1508 5574 1798 5645 interpres.

236 5643 581 5716 Hieronymus
618 5663 749 5701 vero
788 5649 840 5700 in
891 5646 1099 5715 Didymi
1151 5647 1283 5699 libro
1324 5645 1401 5698 De
1444 5643 1803 5713 Spiritu‘san-

235 5728 329 5781 sto,
363 5733 508 5770 num.
540 5718 632 5780 24,
674 5718 856 5779 Vertit,
887 5717 940 5768 in
969 5718 1208 5769 interiori
1239 5716 1467 5777 homine,
1497 5726 1660 5783 atque
1690 5716 1803 5769 hinc

239 5790 390 5841 Verba
418 5790 596 5859 jungit
628 5805 741 5843 non
776 5803 896 5842 cum
939 5787 1004 5841 iis
1031 5802 1149 5855 qua:
1185 5787 1530 5852 antecedunt,
1558 5786 1651 5842 sed
1680 5801 1802 5841 cum

1893 4604 2001 4649 tam
2031 4594 2127 4663 17,
2149 4609 2268 4663 pag.
2300 4595 2353 4648 '5.

1986 4663 2075 4731 47)
2106 4661 2164 4717 Si
2196 4661 2354 4717 enim.
2388 4664 2549 4717 Hebr.
2586 4680 2646 4728 ιι,
2674 4661 2795 4716 2-4.

1988 4730 2077 4799 48)
2109 4734 2338 4786 Domini.
2373 4733 2545 4787 Simili
2590 4735 2747 4787 modo
2799 4730 2952 4785 Pauli
2993 4732 3154 4786 verba
3186 4730 3382 4800 accipit
3415 4732 3469 4787 in

1894 4802 2034 4858 libro
2062 4804 2139 4857 De
2167 4802 2373 4872 Spiritu
2404 4813 2606 4867 sancto,
2633 4818 2781 4857 num.
2809 4803 2896 4865 15,
2923 4803 3022 4855 ιιιιίε
3041 4804 3152 4855 haec
3176 4803 3463 4872 leguntur:

1901 4893 1918 4924 ι
1950 4874 2098 4928 Unde
2124 4884 2177 4926 et
2203 4871 2493 4939 Apostolus
2522 4872 2718 4943 [codex
2752 4885 2937 4943 noster
2963 4871 3141 4937 habet,
3170 4871 3469 4943 Paulus]...

1896 4944 2058 4996 alium
2090 4959 2211 4997 eum
2243 4956 2362 4996 esse
2389 4944 2457 4995 ab
2481 4942 2733 4995 omnibus
2768 4942 2971 5010 angelis
2994 4944 3351 5003 demonstrat,
3389 4942 3471 4995 di-

1897 5028 2060 5067 cens:
2090 5011 2187 5067 Cui
2231 5015 2369 5065 enim
2412 5012 2717 5081 angelorum
2756 5013 2891 5064 dixit
2924 5011 3209 5078 aliquando
3233 5027 3250 5063 :
3272 5011 3406 5065 Sede
3438 5029 3470 5064 ιι

1898 5084 2094 5137 dextris
2144 5084 2387 5136 meis.....
2412 5082 2475 5134 Et
2505 5093 2623 5149 post
2652 5082 2752 5135 alia
2780 5098 2793 5135 ε
2828 5081 3098 5145 Quomodo
3131 5099 3223 5135 nos
3256 5081 3475 5149 effugie-

1899 5170 2036 5219 mus,
2071 5163 2268 5205 tantam
2313 5152 2624 5221 negligentes
2678 5151 2940 5208 salutem?
2986 5166 3101 5219 qua:
3158 5152 3473 5221 principium

1899 5225 2154 5289 accipiens
2188 5222 2266 5292 ad
2286 5222 2599 5292 loquendum
2628 5237 2718 5289 per
2746 5220 3298 5276 Dontinum.....lloc
3327 5221 3473 5275 enim

1899 5292 2042 5360 quod
2065 5294 2161 5358 ait,
2185 5290 2269 5345 cui
2303 5290 2807 5361 angelorum,a—.que
2838 5293 3125 5361 accipitur,
3160 5307 3225 5346 ac
3250 5292 3295 5344 si
3326 5293 3475 5345 dice-

1902 5307 2042 5360 quott
2065 5307 2161 5358 att,
2185 5308 2269 5345 cui
2303 5307 2627 5360 angetorum,
2656 5307 2807 5414 acq‘ue
2838 5307 3125 5361 acetpttur,
3160 5307 3225 5346 ac
3250 5307 3295 5344 SI
3326 5307 3475 5345 unce-

1902 5371 1977 5416 tet
2002 5360 2144 5434 [cod.
2170 5373 2355 5417 nomer
2376 5377 2394 5414 :
2425 5360 2676 5434 dixerit]:
2744 5362 2854 5415 ’ulli
2881 5376 2898 5415 :
2931 5378 3026 5432 per
3054 5362 3357 5434 angelicum
3370 5376 3477 5434 rno-

1904 5431 2023 5486 men
2068 5433 2378 5499 signiﬁcans
2432 5431 2673 5485 omniain
2718 5431 3069 5486 substantiam
3126 5432 3477 5485 invisibilium

1903 5513 2293 5575 creaturarum.
2334 5500 2540 5575 Neque_
2560 5504 2701 5556 enim
2752 5502 2843 5575 ulli
2895 5501 3263 5575 [emendatum
3293 5508 3477 5556 estex

1904 5584 2094 5648 nostro
2118 5573 2409 5648 codicesic
2435 5589 2447 5623 :
2484 5569 2669 5648 Neque
2700 5573 2838 5648 enim
2882 5569 3037 5648 nulli}
3071 5571 3287 5641 quidem
3315 5588 3477 5648 anng

1904 5642 2102 5706 lorum,
2146 5653 2201 5696 et
2245 5643 2362 5695 alia:
2412 5642 2622 5696 cuidam
2674 5643 2973 5697 rationabili
3020 5642 3288 5696 creatura:
3340 5642 3477 5694 dixit

1909 5712 2047 5766 Deus
2083 5730 2096 5766 :
2129 5711 2262 5765 Sede
2288 5729 2321 5765 a
2356 5713 2551 5766 dextris
2578 5715 2724 5767 meis.
2751 5713 2804 5766 In
2823 5727 3107 5766 commune
3138 5713 3315 5779 itaque
3344 5711 3475 5763 Ser-

1907 5798 1995 5838 tuo
2018 5784 2347 5853 pronuntiat,
2380 5800 2484 5840 non
2518 5801 2633 5840 "ssc
2655 5784 2854 5839 dictum
2887 5784 3138 5854 cuiquam
3162 5790 3425 5837 creatum
3451 5794 3474 5837 ε
