3970 6406
154 328 241 383 3‘31
1260 333 1345 389 DE
1383 333 1758 392 TRINITATE
1797 337 2003 391 LIBER
2038 336 2320 395 PRIMUS.
3314 350 3422 406 558

151 462 370 511 τησαν·
422 444 579 501 διότι
616 449 843 519 Κύριος
891 451 1227 506 ἐνετείλατο
1259 453 1488 519 αὑταῖς,
1528 456 1626 509 καὶ
1676 456 1731 509 τέ

1848 458 1954 511 ritu
1988 474 2125 524 meo,
2151 459 2227 512 ait
2261 456 2516 511 Dominus
2550 458 2895 527 omnipotens.
2929 459 3137 527 Quibus
3162 461 3215 517 in
3244 466 3421 520 verbis

153 538 387 606 Πνεῦμα
432 540 628 593 αὑτοῦ
675 542 1032 613 συνήγαγεν
1073 541 1278 608 αὐτάς.
1314 542 1526 607 Παῦλος
1551 543 1609 596 δὲ
1640 546 1731 597 Κο-

1847 550 2242 604 immorandum
2273 560 2359 605 est
2406 550 2520 621 (82)
2553 566 2569 603 :
2603 565 2724 605 cum
2766 552 2909 607 enim
2958 553 3226 609 interdum
3274 556 3420 612 hete-

156 635 370 705 ρινθεοις
390 651 407 665 ·
432 639 561 690 Οὐκ
592 638 825 702 οἴδατε,
863 639 956 693 ὅτι
992 640 1137 705 ναὸς
1173 640 1321 693 Θεοῦ
1348 640 1490 693 ἐστε
1508 680 1523 705 ,
1552 641 1647 693 καὶ
1676 641 1731 695 τε

1845 638 2031 692 rodoxi
2065 636 2348 707 Spiritum,
2391 638 2437 693 si
2470 655 2574 693 una
2597 655 2720 694 cum
2749 638 2909 695 Patre
2940 654 3419 711 commemoretur,

153 726 387 795 Πνεῦμα
416 727 527 781 τοῦ
551 730 705 783 Θεοῦ
733 730 891 784 οἰκεῖ
912 730 981 784 ἐν
1007 730 1186 800 ὐμῖν;
1208 729 1318 783 Καὶ
1341 730 1521 784 πάλιν·
1574 729 1665 801 [‘25
1686 731 1731 802 αί

1849 726 2160 795 signiﬁcare
2189 728 2371 781 dicant
2408 730 2695 796 quamdam
2734 729 2987 785 virtutem
3028 730 3136 802 54
3166 748 3271 787 non
3296 737 3397 789 sub

162 820 224 873 Ἡ
255 819 462 889 ἀγάπη
508 821 618 875 τοῦ
658 824 808 878 Θεοῦ
842 824 1160 893 ἐκκέχυται
1204 824 1274 876 ἐν
1309 824 1441 888 ταῖς
1474 825 1745 892 καρδίαις

152 910 316 979 ἡμῶν
340 912 438 965 διὰ
475 916 830 983 Πνεύματος
861 917 1069 985 ἁγίουο
1107 916 1199 969 καὶ
1242 915 1433 968 πάλιν·
1476 917 1637 985 Ἡμῖν
1675 917 1743 970 δὲ

158 1004 555 1074 ἀπεκάλυψεν
594 1009 629 1059 d
675 1006 821 1073 Θεὸς
865 1007 965 1061 διὰ
1009 1006 1115 1061 τοῦ
1147 1007 1491 1076 Πνεύματος
1533 1006 1738 1061 αὐτοῦ.

165 1097 391 1150 ’Δλλοτε
422 1098 475 1151 δὲ
521 1097 687 1168 μόνον
728 1099 821 1152 τὸν
864 1099 992 1152 Υἱὸν
1034 1098 1416 1170 ὀνομάζουσιν,
1461 1100 1537 1163 ὡς
1578 1100 1741 1169 ἡνίκα

173 1190 402 1253 Ἠσαῖας
426 1190 780 1262 προσητεύῃο
812 1190 922 1245 Καὶ
950 1191 1088 1255 νῦν,
1119 1193 1315 1259 Κύριε,
1348 1191 1544 1259 πατὴρ
1575 1190 1743 1259 ἡμῶν

165 1280 262 1345 σὺ,
296 1280 466 1347 ἡμεῖς
503 1279 574 1333 δὲ
609 1279 806 1348 πηλὸς
852 1281 996 1351 ἔργα
1033 1280 1151 1334 τῶν
1191 1280 1408 1350 χειρῶν
1437 1298 1553 1334 σου
1593 1279 1742 1334 πάν-

163 1389 269 1437 τες.
326 1372 545 1435 Παῦλος
585 1372 645 1426 δὲ
696 1372 997 1436 Γαλάταις’
1033 1373 1204 1426 Ὅσοι
1236 1374 1348 1443 γὰρ
1376 1375 1463 1438 εὶς
1486 1373 1743 1440 Χριστὸν

156 1464 571 1531 ἐξαπτίσθητε,
621 1465 875 1532 Χριστὸν
918 1464 1313 1520 ἐνεδύσασθε.
1366 1465 1590 1517 Ἀλλοτε
1642 1467 1739 1519 σὺν

151 1554 220 1623 τῷ
262 1554 414 1623 ἁγίῳ
460 1554 741 1624 Πνεῦματι
780 1555 871 1608 τὸν
916 1555 1192 1625 Μονογενῆ
1239 1552 1624 1626 κηρύττουσιν,
1663 1555 1739 1617 ὡς

147 1649 268 1699 ὅταν
303 1646 531 1711 Παῦλος
580 1646 887 1717 Κορινθίοις
918 1648 1016 1718 μὲν
1044 1647 1362 1718 ἐπιστέλλῃ·
1425 1648 1601 1701 Ἀλλὰ
1628 1648 1739 1701 ἀπ-

147 1739 521 1797 ελούσασθε,
556 1738 692 1791 ἀλλ’
724 1736 1073 1807 ἡγιάσθητε,
1102 1738 1238 1792 ἀλλ’
1267 1737 1645 1806 ἐδικαιώθητε
1670 1739 1738 1791 ὲν

1843 819 2120 873 sistentem
2136 818 2270 890 (85),
2288 820 2353 875 ad
2372 835 2557 875 eorum
2576 824 2845 876 cavendas
2869 823 3091 879 insidias
3108 826 3247 879 valet
3270 826 3419 893 illud,

1842 911 1984 979 quod
2014 913 2263 980 superius
2293 914 2524 981 positum
2553 924 2659 977 est,
2690 916 3085 971 testimoaium.
3118 917 3182 971 Et
3204 917 3372 974 Isaias
3403 938 3417 973 :

1844 1000 1911 1055 Et
1948 1019 2083 1055 nunc
2116 1002 2227 1074 (84)
2259 1003 2511 1057 Dominus
2539 1006 2682 1058 misit
2709 1022 2790 1058 me
2814 1044 2831 1071 ,
2869 1018 2915 1079 et
2950 1007 3205 1075 Spiritum
3240 1026 3416 1064 suum.

1842 1093 1909 1147 Et
1934 1109 2120 1148 rursus
2149 1113 2163 1149 :
2201 1094 2322 1149 Illic
2358 1096 2469 1167 (85)
2499 1108 2837 1151 occurrerunt
2862 1115 3049 1163 cervae,
3080 1112 3126 1152 et
3164 1100 3416 1155 dederunt

1840 1182 1955 1256 (86)
2000 1186 2160 1254 facies
2195 1186 2410 1240 invicem
2438 1203 2457 1240 :
2499 1204 2713 1241 numero
2756 1192 3120 1255 praterierunt
3168 1191 3328 1263 (87),
3369 1205 3417 1247 ει

1841 1293 1949 1331 una
1978 1294 2043 1331 ex
2067 1279 2193 1347 ipsis
2217 1294 2319 1333 non
2346 1281 2537 1346 periit:
2566 1280 2735 1334 altera
2758 1281 2980 1336 alteram
3011 1299 3112 1336 non
3135 1286 3375 1353 qua'sirit
3397 1306 3414 1339 ;

1838 1370 1961 1438 quia
2019 1370 2267 1423 Dominus
2319 1370 2433 1441 (88)
2495 1374 2739 1441 prazcepit
2797 1375 2902 1437 eis,
2950 1385 2995 1428 et
3033 1373 3266 1443 Spiritus
3301 1377 3414 1446 ejus

1842 1462 2165 1530 congregavit
2200 1477 2306 1515 eas.
2346 1462 2545 1517 Paulus
2576 1474 2755 1517 autem
2796 1466 2862 1517 ad
2901 1464 3255 1521 Corinthios:
3304 1466 3401 1521 Νεο

1839 1552 1984 1604 scitis
2013 1550 2162 1621 (89),
2195 1554 2331 1620 quod
2361 1553 2609 1623 templum
2644 1553 2739 1608 Dei
2759 1556 2896 1621 .estis
2924 1596 2939 1620 ,
2974 1566 3022 1610 et
3051 1556 3284 1619 Spiritus
3320 1559 3415 1615 Dei

1839 1642 2037 1696 habitat
2068 1644 2122 1696 in
2157 1644 2336 1699 vobis?
2358 1645 2425 1698 Et
2462 1660 2649 1700 rursus
2682 1665 2695 1700 :
2753 1646 2997 1701 Charitas
3030 1650 3142 1719 (90)
3175 1650 3275 1705 Dei
3304 1652 3412 1721 dif-

1840 1736 1959 1803 fusa
2007 1747 2083 1790 est
2115 1736 2169 1790 in
2219 1737 2459 1791 cordibus
2499 1740 2693 1799 nostris
2738 1757 2829 1808 per
2862 1738 3118 1808 Spiritum
3149 1754 3411 1799 sanctum.

149 1828 221 1892 τῷ
246 1830 501 1897 ὀνόματι
526 1829 631 1883 τοῦ
649 1830 871 1898 Κυρίου
897 1830 1065 1899 ἡμῶν
1101 1832 1308 1899 Ἰησοῦ
1330 1832 1610 1899 Χριστοῦ,
1637 1833 1731 1886 και

1844 1825 1905 1879 Ει
1960 1842 2190 1883 rursus:
2230 1826 2394 1882 Nobis
2447 1829 2559 1899 (91)
2606 1838 2781 1883 autem
2836 1832 3077 1885 revelavit
3131 1834 3269 1888 Deus
3323 1851 3410 1905 rer

146 1920 210 1971 ἐν
222 1918 305 1984 τῷ
323 1920 631 1988 Uret-part
649 1919 752 1972 τοῦ
773 1918 921 1972 Θεοῦ
942 1920 1128 1989 ήμῶν-ο
1157 1922 1450 1993 Ῥωμαίοις
1467 1922 1545 1976 δέ’
1579 1922 1735 1988 Ἀλή-

147 2014 315 2063 θειαν
337 2013 506 2081 λέγω
536 2011 605 2065 ἐν
631 2011 860 2080 Χριστῷ
879 2052 894 2077 ,
929 2014 1004 2067 οὐ
1032 2014 1327 2083 ψεύδομαι
1346 2054 1361 2078 ,
1393 2030 1737 2085 συμμαρτυ-

143 2105 377 2171 ροῦσης
417 2122 526 2173 μοι
568 2103 678 2171 τῆς
723 2104 1137 2173 συνειδήσεώς
1168 2124 1291 2175 μου
1323 2106 1392 2158 ἐν
1434 2108 1734 2175 Πνεύματι

141 2200 288 2267 ἁγίῳ
310 2214 325 2226 ·
355 2198 458 2250 καὶ
492 2197 654 2251 πάλιν
675 2210 691 2225 ⁶
728 2199 797 2250 Ei
818 2197 937 2265 μὲν
964 2198 1072 2267 γὰρ
1102 2201 1134 2251 ὁ
1183 2198 1504 2267 ἐρχόμενος
1541 2199 1735 2252 ἄλλον

153 2288 400 2355 Ἰησοῦν
428 2289 751 2356 κηρύσσει,
780 2287 855 2341 ὃν
876 2290 989 2342 οὐκ
1008 2289 1401 2359 ἐκηρύξαμεν·
1426 2289 1465 2357 ἣ
1493 2290 1736 2357 Πνεῦμα

140 2381 352 2448 ἕτερον
398 2379 771 2448 λαμϐάνετε,
820 2380 851 2432 ὃ
892 2381 1003 2433 οὐκ
1056 2378 1318 2434 ἐλάϐετε.
1380 2382 1495 2433 Kal.
1547 2379 1732 2433 ἄλλοτε

141 2473 232 2524 τοῦ
291 2472 456 2539 ἁγίου
518 2470 835 2540 Πνεύματος
902 2470 1042 2524 κατὰ
1111 2471 1276 2542 μόνας
1339 2471 1730 2541 ἐπιμέμνηται,

269 2563 482 2616 ὁπόταν
533 2562 761 2625 Ἡσαΐας
829 2562 927 2632 μὲν
961 2563 1313 2634 προφητεύῃ·
1357 2562 1537 2617 Αὐτοὶ
1566 2562 1733 2630 ἠπεί-

140 2660 361 2722 θησαν,
395 2653 501 2707 καὶ
529 2652 892 2721 παρώξυναν
920 2652 984 2706 τὸ
1015 2654 1256 2724 Πνεῦμα
1298 2654 1364 2708 τὸ
1402 2654 1593 2724 ἅγιον.
1626 2655 1733 2707 Καὶ

144 2746 322 2799 πᾶλιν.
342 2744 582 2812 [ἀπέϐη
625 2744 866 2814 Πνεῦμα
902 2746 1061 2813 παρὰ
1094 2747 1338 2814 Κυρίου,
1370 2745 1469 2799 καὶ
1500 2745 1731 2815 ὡδήγη-

140 2854 247 2891 σεν
272 2838 531 2902 αὐτούς.
564 2836 776 2901 Παῦλος
823 2838 878 2890 δὲ
909 2837 1220 2907 Κορινθίοις
1247 2838 1448 2909 γράφει
1473 2854 1488 2869 ο
1522 2840 1731 2905 Σαρκι-

1837 1917 2093 1986 Spiritum
2125 1935 2300 1975 suum.
2337 1920 2483 1973 Alias
2504 1935 2635 1974 vero
2669 1920 2841 1974 solum
2868 1920 3061 1975 Filium
3089 1924 3407 1980 nominant:

1850 2017 1906 2060 ut
1941 2022 2061 2061 cum
2080 2007 2245 2062 Isaias
2262 2009 2589 2078 prophetans
2608 2010 2724 2061 ait:
2748 2008 2815 2062 Et
2844 2026 2978 2063 nunc
3002 2012 3136 2081 (92),
3166 2012 3408 2078 Domine,

1834 2108 1983 2167 pater
2014 2108 2191 2151 ηοδιει·
2229 2116 2281 2152 88
2326 2111 2403 2165 ιιι,
2436 2110 2532 2152 ηοί
2572 2115 2690 2152 tlth
2732 2099 2920 2165 lutum,
2951 2117 3107 2168 opera
3157 2118 3408 2157 manuum

1834 2203 2043 2245 tuarum
2077 2209 2272 2246 omnes.
2310 2191 2508 2247 Paulus
2550 2203 2729 2248 autem
2768 2194 2836 2247 ad
2873 2193 3135 2248 Galatas:
3174 2195 3409 2259 Quicun-

1833 2299 1929 2353 que
1958 2284 2067 2352 (95)
2101 2284 2239 2336 enim
2271 2285 2323 2335 in
2361 2282 2624 2337 Christum
2663 2284 2917 2353 baptizati
2950 2285 3071 2338 estis
3098 2324 3112 2349 ,
3144 2284 3409 2339 Christum

1835 2377 2098 2430 induistis.
2126 2378 2272 2430 Alias
2296 2392 2418 2431 cum
2454 2376 2657 2447 Spiritu
2686 2388 2878 2432 sancto
2903 2377 3244 2448 Unigenitum
3273 2396 3408 2448 prte-

1835 2472 2017 2527 dicant
2050 2491 2063 2527 :
2100 2482 2158 2526 ut
2190 2488 2311 2527 curn
2344 2472 2541 2529 Paulus
2582 2476 2647 2527 ad
2684 2475 2999 2529 Corinthios
3046 2477 3235 2531 scribit
3262 2494 3277 2530 :
3302 2477 3407 2532 Sed

1833 2563 1999 2615 abluti
2022 2566 2150 2617 estis
2183 2563 2320 2634 (94),
2354 2566 2443 2617 sed
2484 2566 2801 2633 sanctiﬁcati
2832 2568 2977 2626 estis,
3009 2568 3099 2620 sed
3119 2568 3408 2637 justi/irati

1833 2654 1954 2706 estis
1986 2655 2038 2707 in
2064 2657 2271 2708 nomine
2304 2655 2513 2708 Domini
2540 2659 2700 2709 nostri
2728 2655 2858 2710 Jesu
2889 2658 3109 2724 Christi,
3133 2669 3182 2712 et
3212 2662 3265 2712 in
3289 2659 3405 2727 Spi-

1834 2746 1938 2798 ritu
1972 2745 2067 2799 Dei
2097 2748 2280 2800 nostri.
2314 2748 2395 2801 Ad
2419 2748 2692 2802 Romanos
2720 2759 2897 2803 autem
2922 2768 2936 2805 :
2980 2750 3260 2805 Veritatem
3289 2752 3403 2824 (95)

1832 2839 1950 2889 dico
1977 2838 2032 2889 in
2062 2836 2295 2904 Christo,
2320 2855 2424 2892 non
2458 2840 2701 2903 mentior,
2734 2841 3083 2894 testimonium
3109 2842 3265 2895 simul
3285 2847 3405 2896 red-

141 2930 242 2995 κύς
277 2929 350 2981 δὲ
379 2928 699 2996 ἅνθρωπος
748 2931 821 2984 οὐ
855 2927 1087 2997 δέχεται
1130 2929 1203 2982 τὰ
1245 2930 1351 2984 τοῦ
1389 2932 1731 2999 Πνεύματος

1844 2930 1988 2982 dente
2022 2945 2227 2982 mecum
2271 2930 2585 2984 conscientia
2619 2946 2735 2984 mea
2768 2932 2823 2985 in
2857 2929 3060 2999 Spiritu
3107 2942 3309 2988 sancto.
3338 2935 3405 2989 Et

140 3019 240 3072 τοῦ
273 3019 430 3073 Θεοῦ
450 3036 465 3048 ·
500 3020 595 3072 καὶ
618 3019 692 3082 ὡς
722 3018 989 3087 Στέφανος
1025 3021 1082 3071 ὲν
1102 3022 1218 3082 ταῖς
1247 3020 1487 3091 Πράξεσι
1508 3020 1727 3089 φάσκεν

1844 3036 2059 3075 rursus:
2108 3019 2249 3074 Nam
2294 3023 2337 3075 si
2392 3020 2504 3091 (96)
2538 3023 2627 3085 is,
2680 3023 2768 3090 qui
2817 3025 2973 3088 venit,
3024 3023 3190 3078 alium
3220 3025 3405 3079 Iesum

150 3114 337 3182 Tpeiq
366 3113 449 3178 τῷ
478 3113 779 3182 Πνεύματι
807 3111 886 3177 τῷ
907 3113 1051 3182 ἁγίῳ
1068 3113 1468 3167 ἀντιπίπτετε.
1494 3114 1603 3167 Kal.
1632 3113 1731 3167 πά-

1844 3111 2103 3177 prwdicat,
2127 3128 2278 3183 quem
2296 3128 2396 3166 non
2426 3114 2824 3181 prwdicavimus
2851 3153 2866 3178 ,
2903 3125 2993 3166 aut
3032 3116 3199 3168 alium
3231 3116 3400 3184 Spiri-

142 3174 245 3258 i.ri°
285 3174 486 3275 ilych
506 3174 699 3273 ἐσμεν
716 3174 1160 3273 μάρτυρες-’τῶν
1173 3204 1457 3273 ῥημάτων
1481 3206 1725 3270 τούτων,

1844 3212 1944 3257 tum
1972 3205 2233 3274 accipitis,
2256 3222 2412 3275 quem
2449 3223 2553 3260 non
2586 3206 2881 3274 accepistis.
2908 3206 3056 3261 Alias
3077 3222 3206 3262 vero
3240 3208 3383 3279 Spiri

150 3299 239 3350 καὶ
269 3301 331 3351 τὸ
364 3298 620 3366 Πνεῦμα
647 3296 715 3350 τὸ
740 3296 928 3366 ἅγιον.
948 3296 1107 3351 Καθὰ
1124 3298 1199 3360 ὡς
1229 3296 1430 3349 ἐπίπαν
1458 3296 1727 3366 εἰώθαμεν

1844 3302 1945 3347 tum
1978 3303 2227 3350 sanctum
2261 3295 2524 3351 duntaxat
2547 3307 2977 3352 commemorant
3008 3298 3120 3368 (97)
3148 3317 3161 3354 :
3197 3308 3254 3353 ut
3279 3315 3403 3354 cum

149 3389 316 3459 λέγειν
334 3410 348 3421 ο
385 3390 584 3461 Ἡμεῖς
612 3389 761 3461 μόνοι
787 3388 1019 3443 ἐνταῦθά
1055 3391 1242 3460 ἐσμεν,
1277 3389 1367 3442 καὶ
1390 3390 1419 3442 ὁ
1442 3387 1591 3452 Θεός.
1617 3388 1727 3442 Καὶ

1844 3386 2006 3441 Isaias
2046 3387 2261 3456 quidem
2286 3388 2366 3442 sic
2398 3390 2678 3458 prophetat
2707 3407 2722 3444 :
2761 3387 2875 3460 Ipsi
2902 3389 3015 3462 (98)
3042 3406 3144 3445 non
3169 3393 3399 3447 credide-

161 3607 255 3644 nes
280 3593 527 3645 omittunt
573 3589 841 3653 voculam,
867 3589 925 3660 ἧ.
954 3586 1236 3644 Nonnullae
1271 3602 1403 3644 vero
1434 3596 1556 3659 post
1590 3586 1736 3660 ἰσχύϊ

159 3674 388 3729 repetunt
409 3675 605 3715 vocem
627 3660 853 3731 μεγάλῃ.

226 3726 329 3802 (82)
356 3726 761 3802 [maturandum
806 3726 906 3783 'e'st.
938 3726 1102 3802 I_._ego,
1144 3728 1543 3802 ἐγχρονιστεον.

219 3797 326 3871 (83)
356 3801 483 3855 Non
527 3802 910 3871 subsistentem.
950 3797 1339 3853 Nonnullosex
1372 3798 1719 3852 MacedOnia-

153 3872 235 3926 nis
279 3870 504 3935 indicat,
535 3871 626 3938 qui
656 3870 917 3937 Spiritum
957 3879 1204 3923 sanctum
1252 3884 1355 3922 non
1408 3878 1713 3923 creaturam

148 3946 420 4003 dicebant,
457 3942 551 3993 sed
598 3939 860 4005 essentia,
913 3954 1006 3993 seu
1056 3939 1378 4004 substantia,
1408 3953 1471 3993 ac
1504 3940 1719 4006 propria

147 4012 507 4067 subsistentia
547 4019 843 4065 Carentem.
899 4008 1082 4078 Itaque
1130 4010 1463 4078 Augustinus
1491 4009 1544 4061 iu
1584 4008 1720 4063 libro

1844 3586 1899 3651 6,
1934 3586 2150 3658 legitur,
2193 3585 2600 3658 κατελάϐοσαν,
2632 3602 2730 3658 pro
2771 3586 3092 3641 κατέλαϐον.
3152 3588 3217 3641 Ει
3246 3590 3403 3658 paulo

1842 3655 2197 3727 post,'nempe
2236 3672 2387 3727 (vers.
2419 3657 2511 3720 21,
2556 3655 2869 3727 ὲξήλθοσαν,
2900 3672 3020 3725 pro,
3053 3655 3276 3727 ἐξῆλθον
3303 3677 3317 3690 ·
3347 3671 3401 3715 et

1838 3726 1965 3781 alibi
2001 3728 2203 3780 similes
2231 3726 2567 3790 intlexidnes,
2601 3726 2692 3781 seu
2748 3726 3153 3783 terminationes
3208 3742 3399 3784 occur-

1823 3808 1973 3856 runt,
2000 3809 2056 3849 ut
2082 3796 2293 3850 εἴδοσαν
2324 3812 2420 3865 pro
2451 3792 2611 3860 εἶδον,
2641 3805 2695 3851 et
2720 3806 2933 3849 caetera.

1892 3867 2004 3939 (88)
2040 3869 2197 3939 Quia,
2227 3867 2494 3939 Dominus.
2530 3868 2715 3922 Grzeca
2760 3866 2944 3933 editio,
2976 3868 3058 3921 ὅτι
3106 3869 3136 3922 ὁ
3173 3866 3398 3939 Κύριος.

1893 3938 2007 4007 (89)
2042 3938 2290 4007 lyescitis.
2323 3936 2499 4007 licor.
2528 3953 2610 4003 In,
2646 3939 2732 3990 16.

1893 4005 2005 4076 (90)
2035 4005 2300 4060 Charitas.
2335 4006 2494 4063 Rom.
2527 4024 2582 4073 ν,
2613 4007 2667 4062 5.
2696 4007 2828 4062 Vide
2859 4022 3030 4078 segm.
3058 4008 3127 4063 73
3152 4007 3203 4073 b,
3238 4016 3293 4063 et
3322 4008 3394 4064 ibi

146 4081 225 4135 De
266 4084 580 4144 hcresibus,
640 4079 829 4132 lizeresi
875 4079 962 4137 52,
1030 4080 1097 4132 de
1150 4079 1547 4133 Macedonianis
1604 4079 1717 4132 haec
1820 4090 1969 4132 meas
2002 4087 2177 4131 notas.

145 4155 335 4207 scribit
365 4169 379 4203 ι
415 4151 522 4205 Sed
550 4156 614 4203 de
649 4147 849 4217 Spiritu
897 4158 1077 4202 sancto
1125 4148 1221 4201 hoc
1256 4150 1436 4202 nolunt
1491 4148 1719 4211 credere,

145 4238 445 4275 creaturam
471 4237 583 4274 esse
601 4220 939 4274 dicentes.....
979 4219 1228 4283 Quamvis
1260 4235 1291 4270 a
1322 4219 1584 4272 nonnullis
1605 4235 1724 4283 per-

143 4294 447 4353 hibeantur,
492 4308 595 4343 non
644 4288 840 4354 Deum,
874 4292 964 4341 sed
1004 4289 1250 4340 deitatem
1292 4287 1471 4342 Patris
1508 4298 1555 4341 et
1593 4287 1722 4341 Filii

143 4366 315 4416 dicere
350 4361 890 4428 Spiritumnsanctum,
923 4358 1201 4428 etnullam
1233 4360 1497 4425 propriam
1534 4358 1721 4411 habere

1894 4147 2006 4217 (91)
2044 4146 2227 4217 Nobis.
2266 4147 2435 4203 lCor.
2464 4163 2526 4215 η,
2561 4144 2649 4201 10.

1914 4216 2004 4283 92)
2041 4215 2108 4269 Et
2133 4230 2290 4273 nunc.
2326 4217 2429 4273 lsa.
2457 4233 2603 4283 wa,
2633 4219 2686 4272 8.

1915 4220 1982 4271 9‘2
2041 4220 2108 4269 Et
2133 4230 2290 4273 nunc.
2326 4220 2429 4273 lsa.
2457 4233 2603 4283 wa,
2633 4220 2686 4272 8.

1915 4288 1982 4340 95
2044 4287 2369 4357 Quicunque.
2400 4288 2519 4343 Gal.
2554 4305 2637 4352 ut,
2671 4288 2759 4341 27.

1916 4220 2005 4427 94)
2043 4354 2148 4427 Sed
2201 4359 2386 4412 abluti.
2451 4357 2472 4411 l
2519 4359 2642 4414 Cor.
2704 4374 2754 4410 νι

1892 4354 2004 4425 (94)
2043 4354 2148 4410 Sed
2201 4354 2386 4412 abluti.
2451 4357 2472 4411 l
2519 4359 2642 4414 Cor.
2704 4374 2754 4410 νι
2782 4397 2796 4417 ,
2863 4358 2945 4412 ll.
2992 4358 3181 4412 (ξιξερο
3228 4358 3399 4413 editio

145 4426 521 4487 substantiam.
605 4426 930 4501 Utramque
979 4426 1416 4501 Macedonianam
1506 4437 1714 4481 sectam
1752 4495 1785 4501 _
1824 4426 1991 4501 caret
2022 4426 2242 4501 vocibus
2279 4427 2458 4501 ἡμῶν,
2492 4439 2553 4501 et
2580 4427 2840 4501 Χριστοῦ.
2889 4430 2957 4501 ﬁt
3014 4427 3274 4501 \[tilgatus
3303 4445 3397 4485 eas

148 4520 323 4572 segni.
371 4503 588 4569 quidem
636 4498 706 4551 26
756 4516 788 4550 a
816 4495 1308 4572 itacile_carpi‘t,_in
1363 4498 1497 4551 libro
1540 4507 1719 4572 autem
1752 4495 1796 4549 D
1826 4496 1972 4566 legit,
1999 4505 2056 4550 ut
2087 4495 2364 4572 Didymus.
2398 4497 2454 4552 lu
2479 4495 2838 4572 libro'autem
2890 4497 2966 4550 De
3026 4495 3229 4572 Spiritu
3260 4515 3398 4572 san-

144 4565 454 4640 DevSpiritu
480 4580 662 4623 sancto
691 4579 876 4640 aperte
926 4565 1121 4622 refellit
1150 4568 1408 4640 Didymus
1437 4587 1454 4640 ς
1492 4569 1718 4640 primam

146 4637 369 4711 quidem
402 4641 623 4711 passim,
655 4638 878 4691 alteram
902 4654 1030 4711 vero
1062 4653 1209 4689 num.
1236 4638 1329 4699 ‘15,
1359 4638 1446 4691 ubi
1483 4640 1595 4711 haec
1628 4637 1725 4711 ba-

143 4705 241 4766 bet
276 4730 290 4764 :
323 4705 469 4764 Unde
497 4712 752 4761 discentes
778 4708 1237 4775 operotricem.....
1278 4719 1520 4760 naturam
1553 4705 1727 4775 Spiri-

146 4796 234 4835 tus
266 4786 456 4844 sancti,
480 4797 585 4833 non
630 4780 957 4830 abducantur
984 4776 1047 4829 ab
1077 4776 1184 4837 his,
1206 4779 1295 4843 qui
1330 4780 1511 4830 dicunt
1540 4792 1725 4844 opera-

147 4858 369 4915 tionem,
423 4863 471 4905 et
525 4866 627 4902 non
666 4852 1016 4901 substantiam
1055 4846 1146 4899 Dei
1178 4863 1287 4901 esse
1322 4844 1575 4915 Spiritum
1598 4862 1727 4899 san-

143 4932 341 5114 :gi)
373 4989 434 5044 Et
464 5006 621 5044 nunc.
650 4986 757 5040 ιω.
784 5002 973 5054 sum,
1007 4986 1094 5041 16.
1116 4985 1249 5040 Vide
1280 4994 1461 5040 notam
1485 4985 1579 5051 20,
1608 5001 1725 5055 pag.

227 5101 343 5201 (85)
368 5130 507 5188 Illic.
536 5130 639 5185 lsa.
676 5141 866 5201 xxstv,
908 5127 977 5201 153'
1031 5138 1086 5181 et
1110 5126 1207 5201 _16.
1239 5127 1374 5201 cum
1396 5142 1514 5201 nox
1546 5125 1734 5195 ἔλαφοι

152 5197 555 5256 εἱι’ςοιιιηιυιιὶε
584 5198 821 5270 generis,
856 5197 1307 5270 in_Coniplutensi
1342 5198 1736 5270 editiouever-

154 5272 311 5336 titur,
339 5275 483 5325 cervi.
514 5266 627 5341 Egi)
673 5266 951 5341 transtuli,
987 5266 1170 5341 cerva,
1201 5270 1271 5321 ob
1312 5270 1538 5341 nomina
1580 5268 1737 5341 fetui-7

154 5343 311 5405 uiua,
342 5358 451 5413 qua:
484 5336 807 5412 sequuntur,
836 5337 955 5407 μία,
997 5339 1051 5392 id
1078 5348 1183 5402 est,
1216 5354 1345 5405 una,
1377 5348 1432 5393 et
1453 5336 1645 5408 ἑτέρα,
1682 5339 1735 5391 id

154 5416 657 5551 e51llStailwliiiiterunt.
697 5484 887 5541 Graeca
939 5479 1121 5543 editio,
1165 5473 1328 5545 εἶδον,
1362 5477 1419 5531 id
1444 5487 1550 5545 est,
1584 5478 1729 5533 vide-

148 5563 346 5689 militi)
396 5623 802 5679 Praterierunt.
856 5620 1125 5691 Complut.
1182 5619 1372 5682 editio,
1434 5618 1735 5690 παρῆλθον.

158 5692 634 5765 Francolurteusis,
665 5693 969 5766 παρῆλθεν,
1005 5694 1102 5766 sed
1130 5707 1193 5745 ex
1249 5704 1465 5766 errore"
1487 5702 1739 5766 typogra—

162 5766 266 5830 μω
295 5764 515 5823 t'urtasse.
572 5760 857 5838 Didymus,
893 5761 1269 5833 παρήλθοσαν.
1303 5760 1391 5816 Sic
1431 5760 1663 5817 Zacbat'.
1696 5776 1733 5825 ι,

1828 4579 1935 4630 cto,
1964 4582 2111 4619 num.
2147 4568 2204 4632 4,
2229 4569 2429 4622 citatur
2478 4570 2628 4624 locus
2672 4584 2699 4620 a
2744 4568 2990 4637 Didymo,
3022 4570 3172 4634 juxta
3206 4570 3392 4623 editio-

1827 4652 1949 4690 nem
1989 4636 2352 4693 Veronensem
2389 4657 2402 4692 :
2434 4637 2501 4692 In
2535 4640 2740 4692 nomine
2772 4636 2899 4689 Jesu
2952 4638 3184 4699 Christi;
3223 4648 3279 4690 at
3305 4653 3397 4691 co-

1828 4708 1927 4759 dex
1974 4722 2075 4759 ms.
2118 4716 2313 4762 nostrae
2352 4709 2689 4763 bibliothec:e
2736 4710 2931 4774 saepius
2952 4707 3062 4775 jam
3092 4710 3288 4761 citatus
3317 4709 3390 4763 ibi

1830 4777 1991 4829 habet
2017 4799 2031 4829 -.
2057 4775 2124 4831 In
2174 4780 2382 4830 nomine
2430 4778 2642 4831 Domini
2692 4788 2853 4828 nostri
2883 4777 3009 4830 Jesu
3040 4776 3274 4841 Christi;
3302 4780 3394 4846 qui

1830 4846 2023 4909 codex,
2069 4848 2170 4900 etsi
2230 4850 2437 4901 ruemlis
2464 4859 2687 4913 scateat,
2713 4848 2893 4914 plures
2918 4854 3098 4902 tamen
3132 4848 3291 4901 habet
3320 4851 3398 4901 le-

1831 4917 2518 4987 Ctionesanimadversione
2547 4919 2752 4987 dignas.

1903 4986 2013 5055 (95)
2048 4985 2343 5040 Veritatem.
2378 4988 2529 5041 llom.
2566 4985 2637 5048 Ii,
2674 4988 2724 5040 1.

1906 5056 2017 5126 (96)
2053 5056 2191 5108 Nam
2223 5062 2287 5109 si.
2319 5058 2357 5110 ΙΙ
2390 5059 2515 5111 Cor.
2545 5073 2619 5118 χι,
2650 5058 2703 5110 ι.

1908 5126 2019 5197 (97)
2046 5127 2483 5198 commemorant.
2519 5128 2574 5179 In
2604 5126 2811 5198 Gnaeo,
2845 5127 3237 5198 ἐπιμέμνηται.
3257 5126 3398 5180 Stib-

1837 5196 2093 5268 intellige,
2120 5199 2153 5266 ἡ
2187 5196 2393 5268 Γραφή.
2428 5198 2546 5268 Nisi
2571 5197 2725 5268 malis
2754 5196 2953 5265 legere,
2970 5196 3395 5268 ἐπιμέμνηνται.

1908 5267 2020 5337 (98)
2045 5266 2175 5335 Ipsi.
2207 5266 2311 5321 lSa.
2345 5266 2498 5337 ιρχιιι,
2529 5267 2617 5319 10.
2649 5266 2726 5320 Ita
2771 5268 3041 5333 transtuli,
3070 5266 3156 5319 ‘ut
3209 5266 3400 5321 Hiero-

1837 5350 2033 5405 nymus
2063 5338 2115 5391 in
2144 5338 2278 5391 libro
2298 5338 2374 5391 De
2411 5336 2611 5403 Spiritu
2642 5349 2841 5400 sancto,
2867 5352 3012 5391 num.
3043 5338 3132 5402 47,
3168 5339 3257 5392 ubi
3286 5340 3369 5390 bu:

1839 5406 2005 5461 habet
2047 5406 2342 5477 Didymus:
2380 5424 2397 5456 ι
2422 5408 2697 5476 Siquidem
2741 5417 2794 5460 et
2825 5406 2896 5461 ibi
2939 5420 3059 5475 post
3121 5418 3384 5477 peccaturi

1839 5476 2039 5531 dicitur
2091 5476 2159 5530 ad
2192 5492 2285 5529 eos
2309 5493 2321 5529 :
2346 5477 2707 5547 Deretiquistts
2752 5478 3052 5544 Dominum,
3080 5476 3131 5529 et
3166 5478 3235 5529 ad
3290 5479 3371 5529 ira

1839 5552 2086 5601 cundiam
2126 5546 2424 5600 concitastis
2453 5546 2687 5600 sanctum
2738 5547 2944 5611 Israel;
2971 5558 3025 5600 et
3059 5562 3201 5601 nunc
3258 5557 3402 5615 quot:

1840 5618 1940 5680 ipsi
1970 5635 2071 5671 non
2105 5618 2437 5688 crediderunt
2466 5617 2694 5688 [rectius
2715 5618 2938 5670 fortasse
2960 5620 3125 5688 codex
3162 5626 3351 5688 uoster
3380 5632 3395 5668 :

1840 5688 1905 5741 Et
1938 5700 2257 5760 nubemque
2283 5704 2295 5737 :
2326 5686 2438 5754 Ipsi
2469 5685 2587 5741 non
2620 5687 2998 5760 crediderunt],
3032 5697 3078 5740 et
3116 5685 3388 5741 exacerba-

1842 5770 2023 5814 verunt
2058 5756 2313 5828 Spiritum
2342 5769 2579 5813 sanctum
2606 5758 2736 5825 eius.
2780 5776 2797 5809 ι
