  <div class='ocr_page' id='page_1' title='image "/cluster/home/n/w/nwhite01/storage/ocr_20150623/39/hvd.32044037979440/189.png"; bbox 0 0 3970 6406; ppageno 0'>
   <div class='ocr_carea' id='block_1_1' title="bbox 516 275 624 334">
    <p class='ocr_par' dir='ltr' id='par_1_1' title="bbox 516 275 624 334">
     <span class='ocr_line' id='line_1_1' title="bbox 516 275 624 334; baseline -0.019 0"><span class='ocrx_word' id='word_1_1' title='bbox 516 275 624 334; x_wconf 69' lang='grc'><strong><em>359</em></strong></span> 
     </span>
    </p>
   </div>
   <div class='ocr_carea' id='block_1_2' title="bbox 1774 256 2530 320">
    <p class='ocr_par' dir='ltr' id='par_1_2' title="bbox 1774 256 2530 320">
     <span class='ocr_line' id='line_1_2' title="bbox 1774 256 2530 320; baseline -0.005 0"><span class='ocrx_word' id='word_1_2' title='bbox 1774 264 2008 320; x_wconf 74' lang='lat' dir='ltr'><strong><em>DIDYMI</em></strong></span> <span class='ocrx_word' id='word_1_3' title='bbox 2051 262 2377 318; x_wconf 73' lang='lat' dir='ltr'><strong><em>ALEXAND</em></strong></span> <span class='ocrx_word' id='word_1_4' title='bbox 2390 256 2530 316; x_wconf 22' lang='lat' dir='ltr'><strong><em>RlNl‘</em></strong></span> 
     </span>
    </p>
   </div>
   <div class='ocr_carea' id='block_1_3' title="bbox 3673 266 3779 323">
    <p class='ocr_par' dir='ltr' id='par_1_3' title="bbox 3673 266 3779 323">
     <span class='ocr_line' id='line_1_3' title="bbox 3673 266 3779 323; baseline 0.019 -2"><span class='ocrx_word' id='word_1_5' title='bbox 3673 266 3779 323; x_wconf 71' lang='grc' dir='ltr'><strong><em>5ϋό</em></strong></span> 
     </span>
    </p>
   </div>
   <div class='ocr_carea' id='block_1_4' title="bbox 518 374 2093 459">
    <p class='ocr_par' dir='ltr' id='par_1_4' title="bbox 518 384 2093 459">
     <span class='ocr_line' id='line_1_4' title="bbox 518 384 2093 459; baseline -0.006 -13"><span class='ocrx_word' id='word_1_6' title='bbox 518 404 644 446; x_wconf 83' lang='lat' dir='ltr'><strong><em>runt</em></strong></span> <span class='ocrx_word' id='word_1_7' title='bbox 668 429 685 455; x_wconf 90' lang='lat'><strong><em>,</em></strong></span> <span class='ocrx_word' id='word_1_8' title='bbox 723 387 828 459; x_wconf 82' lang='lat'><strong><em>55</em></strong></span> <span class='ocrx_word' id='word_1_9' title='bbox 859 400 905 441; x_wconf 91' lang='lat' dir='ltr'><strong><em>et</em></strong></span> <span class='ocrx_word' id='word_1_10' title='bbox 936 386 1376 442; x_wconf 73' lang='lat' dir='ltr'><strong><em>exacerbaverunt</em></strong></span> <span class='ocrx_word' id='word_1_11' title='bbox 1412 384 1676 455; x_wconf 74' lang='lat' dir='ltr'><strong><em>Spiritum</em></strong></span> <span class='ocrx_word' id='word_1_12' title='bbox 1722 397 1982 438; x_wconf 87' lang='lat' dir='ltr'><strong><em>sanctum.</em></strong></span> <span class='ocrx_word' id='word_1_13' title='bbox 2037 384 2093 438; x_wconf 64' lang='lat' dir='ltr'><strong><em>rit</em></strong></span> 
     </span>
    </p>
   </div>
   <div class='ocr_carea' id='block_1_5' title="bbox 2208 374 3781 459">
    <p class='ocr_par' dir='ltr' id='par_1_5' title="bbox 2208 374 3781 454">
     <span class='ocr_line' id='line_1_5' title="bbox 2208 374 3781 454; baseline 0.002 -19"><span class='ocrx_word' id='word_1_14' title='bbox 2208 383 2440 454; x_wconf 71' lang='grc' dir='ltr'><strong><em>ὀΣωτὴρ</em></strong></span> <span class='ocrx_word' id='word_1_15' title='bbox 2467 382 2523 435; x_wconf 83' lang='grc' dir='ltr'><strong><em>δὲ</em></strong></span> <span class='ocrx_word' id='word_1_16' title='bbox 2548 381 2678 454; x_wconf 80' lang='grc' dir='ltr'><em>παρ’</em></span> <span class='ocrx_word' id='word_1_17' title='bbox 2723 379 2968 451; x_wconf 80' lang='grc' dir='ltr'><strong><em>Ἰωάννῃ,</em></strong></span> <span class='ocrx_word' id='word_1_18' title='bbox 2995 379 3158 450; x_wconf 85' lang='grc' dir='ltr'>μόνου</span> <span class='ocrx_word' id='word_1_19' title='bbox 3185 378 3513 452; x_wconf 76' lang='grc' dir='ltr'><strong>μνημονεύει</strong></span> <span class='ocrx_word' id='word_1_20' title='bbox 3545 374 3641 436; x_wconf 74' lang='grc' dir='ltr'><strong><em>τοῦ</em></strong></span> <span class='ocrx_word' id='word_1_21' title='bbox 3671 382 3781 438; x_wconf 74' lang='grc' dir='ltr'><em>θεῖ-</em></span> 
     </span>
    </p>
   </div>
   <div class='ocr_carea' id='block_1_6' title="bbox 519 476 2092 549">
    <p class='ocr_par' dir='ltr' id='par_1_6' title="bbox 519 476 2092 549">
     <span class='ocr_line' id='line_1_6' title="bbox 519 476 2092 549; baseline -0.006 -11"><span class='ocrx_word' id='word_1_22' title='bbox 519 497 711 540; x_wconf 80' lang='lat' dir='ltr'><strong><em>rnrsus</em></strong></span> <span class='ocrx_word' id='word_1_23' title='bbox 745 499 757 535; x_wconf 88' lang='lat'><strong>:</strong></span> <span class='ocrx_word' id='word_1_24' title='bbox 793 479 1069 534; x_wconf 73' lang='lat' dir='ltr'><strong><em>Descendit</em></strong></span> <span class='ocrx_word' id='word_1_25' title='bbox 1101 479 1212 549; x_wconf 79' lang='lat'><strong>(99)</strong></span> <span class='ocrx_word' id='word_1_26' title='bbox 1234 476 1464 546; x_wconf 75' lang='lat' dir='ltr'><strong><em>Spiritus</em></strong></span> <span class='ocrx_word' id='word_1_27' title='bbox 1495 495 1526 531; x_wconf 94' lang='lat' dir='ltr'><strong><em>a</em></strong></span> <span class='ocrx_word' id='word_1_28' title='bbox 1557 477 1779 532; x_wconf 89' lang='lat' dir='ltr'><strong><em>Domino</em></strong></span> <span class='ocrx_word' id='word_1_29' title='bbox 1802 519 1818 544; x_wconf 92' lang='lat'><strong><em>,</em></strong></span> <span class='ocrx_word' id='word_1_30' title='bbox 1857 488 1903 531; x_wconf 91' lang='lat' dir='ltr'><strong><em>et</em></strong></span> <span class='ocrx_word' id='word_1_31' title='bbox 1927 479 2092 530; x_wconf 85' lang='lat' dir='ltr'><strong><em>dedu-</em></strong></span> 
     </span>
    </p>
   </div>
   <div class='ocr_carea' id='block_1_7' title="bbox 2199 470 3781 543">
    <p class='ocr_par' dir='ltr' id='par_1_7' title="bbox 2199 470 3781 543">
     <span class='ocr_line' id='line_1_7' title="bbox 2199 470 3781 543; baseline 0.001 -16"><span class='ocrx_word' id='word_1_32' title='bbox 2199 474 2294 528; x_wconf 79' lang='grc' dir='ltr'><strong><em>κοῦ</em></strong></span> <span class='ocrx_word' id='word_1_33' title='bbox 2327 473 2659 543; x_wconf 83' lang='grc' dir='ltr'><em>Πνεύματος,</em></span> <span class='ocrx_word' id='word_1_34' title='bbox 2691 471 2895 540; x_wconf 79' lang='grc' dir='ltr'><strong><em>λέγων’</em></strong></span> <span class='ocrx_word' id='word_1_35' title='bbox 2938 471 3116 526; x_wconf 83' lang='grc' dir='ltr'><em>Ὅταν</em></span> <span class='ocrx_word' id='word_1_36' title='bbox 3143 470 3213 524; x_wconf 81' lang='grc' dir='ltr'><strong><em>δὲ</em></strong></span> <span class='ocrx_word' id='word_1_37' title='bbox 3242 473 3388 540; x_wconf 74' lang='grc' dir='ltr'><em>ἔλθῃ</em></span> <span class='ocrx_word' id='word_1_38' title='bbox 3421 471 3674 539; x_wconf 80' lang='grc' dir='ltr'><em>ἐκεῖνος,</em></span> <span class='ocrx_word' id='word_1_39' title='bbox 3715 472 3781 529; x_wconf 78' lang='grc' dir='ltr'><strong><em>τὸ</em></strong></span> 
     </span>
    </p>
   </div>
   <div class='ocr_carea' id='block_1_8' title="bbox 515 560 2093 633">
    <p class='ocr_par' dir='ltr' id='par_1_8' title="bbox 515 568 2093 630">
     <span class='ocr_line' id='line_1_8' title="bbox 515 568 2093 630; baseline -0.003 -3"><span class='ocrx_word' id='word_1_40' title='bbox 515 576 594 627; x_wconf 69' lang='lat' dir='ltr'><strong><em>xit</em></strong></span> <span class='ocrx_word' id='word_1_41' title='bbox 633 591 738 630; x_wconf 89' lang='lat' dir='ltr'><strong><em>eos.</em></strong></span> <span class='ocrx_word' id='word_1_42' title='bbox 761 572 954 626; x_wconf 84' lang='lat' dir='ltr'><strong><em>Paulus</em></strong></span> <span class='ocrx_word' id='word_1_43' title='bbox 1005 585 1131 624; x_wconf 87' lang='lat' dir='ltr'><strong><em>vero</em></strong></span> <span class='ocrx_word' id='word_1_44' title='bbox 1175 569 1242 624; x_wconf 87' lang='lat' dir='ltr'><strong><em>ad</em></strong></span> <span class='ocrx_word' id='word_1_45' title='bbox 1260 569 1574 624; x_wconf 85' lang='lat' dir='ltr'><strong><em>Corinthios</em></strong></span> <span class='ocrx_word' id='word_1_46' title='bbox 1621 570 1853 624; x_wconf 78' lang='lat' dir='ltr'><strong><em>scribit:</em></strong></span> <span class='ocrx_word' id='word_1_47' title='bbox 1892 568 2093 624; x_wconf 85' lang='lat' dir='ltr'><strong><em>Carna-</em></strong></span> 
     </span>
    </p>
   </div>
   <div class='ocr_carea' id='block_1_9' title="bbox 2208 560 3781 633">
    <p class='ocr_par' dir='ltr' id='par_1_9' title="bbox 2208 560 3781 633">
     <span class='ocr_line' id='line_1_9' title="bbox 2208 560 3781 633; baseline -0.002 -14"><span class='ocrx_word' id='word_1_48' title='bbox 2208 565 2439 633; x_wconf 82' lang='grc' dir='ltr'><em>Πνεῦμα</em></span> <span class='ocrx_word' id='word_1_49' title='bbox 2470 563 2582 632; x_wconf 80' lang='grc' dir='ltr'><strong><em>τῆς</em></strong></span> <span class='ocrx_word' id='word_1_50' title='bbox 2633 563 2941 629; x_wconf 73' lang='grc' dir='ltr'><em>ἀληθείας,</em></span> <span class='ocrx_word' id='word_1_51' title='bbox 2998 561 3288 631; x_wconf 76' lang='grc' dir='ltr'><strong><em>ὁδηγήσει</em></strong></span> <span class='ocrx_word' id='word_1_52' title='bbox 3329 560 3487 631; x_wconf 79' lang='grc' dir='ltr'><em>ὑμᾶς</em></span> <span class='ocrx_word' id='word_1_53' title='bbox 3538 565 3630 628; x_wconf 84' lang='grc' dir='ltr'><strong><em>εις</em></strong></span> <span class='ocrx_word' id='word_1_54' title='bbox 3669 564 3781 631; x_wconf 80' lang='grc' dir='ltr'><strong><em>τὴν</em></strong></span> 
     </span>
    </p>
   </div>
   <div class='ocr_carea' id='block_1_10' title="bbox 518 658 2095 735">
    <p class='ocr_par' dir='ltr' id='par_1_10' title="bbox 518 658 2095 735">
     <span class='ocr_line' id='line_1_10' title="bbox 518 658 2095 735; baseline -0.002 -20"><span class='ocrx_word' id='word_1_55' title='bbox 518 666 583 718; x_wconf 85' lang='lat' dir='ltr'><strong><em>tis</em></strong></span> <span class='ocrx_word' id='word_1_56' title='bbox 613 665 690 735; x_wconf 89' lang='lat' dir='ltr'><strong>(l)</strong></span> <span class='ocrx_word' id='word_1_57' title='bbox 728 674 900 717; x_wconf 84' lang='lat' dir='ltr'><strong><em>autem</em></strong></span> <span class='ocrx_word' id='word_1_58' title='bbox 945 664 1098 715; x_wconf 78' lang='lat' dir='ltr'><strong><em>homo</em></strong></span> <span class='ocrx_word' id='word_1_59' title='bbox 1146 677 1249 714; x_wconf 85' lang='lat' dir='ltr'><strong><em>non</em></strong></span> <span class='ocrx_word' id='word_1_60' title='bbox 1309 661 1486 727; x_wconf 75' lang='lat' dir='ltr'><strong><em>recipit</em></strong></span> <span class='ocrx_word' id='word_1_61' title='bbox 1532 677 1650 729; x_wconf 76' lang='lat' dir='ltr'><strong><em>qua:</em></strong></span> <span class='ocrx_word' id='word_1_62' title='bbox 1686 667 1807 714; x_wconf 88' lang='lat' dir='ltr'><strong><em>sunt</em></strong></span> <span class='ocrx_word' id='word_1_63' title='bbox 1863 658 2095 728; x_wconf 82' lang='lat' dir='ltr'><strong><em>Spiritus</em></strong></span> 
     </span>
    </p>
   </div>
   <div class='ocr_carea' id='block_1_11' title="bbox 518 748 2096 822">
    <p class='ocr_par' dir='ltr' id='par_1_11' title="bbox 518 748 2096 822">
     <span class='ocr_line' id='line_1_11' title="bbox 518 748 2096 822; baseline -0.006 -11"><span class='ocrx_word' id='word_1_64' title='bbox 518 757 653 820; x_wconf 81' lang='lat' dir='ltr'><strong><em>Dei;</em></strong></span> <span class='ocrx_word' id='word_1_65' title='bbox 686 766 738 809; x_wconf 89' lang='lat' dir='ltr'><strong><em>et</em></strong></span> <span class='ocrx_word' id='word_1_66' title='bbox 782 751 1177 822; x_wconf 65' lang='lat' dir='ltr'><strong><em>Stephanus(2)</em></strong></span> <span class='ocrx_word' id='word_1_67' title='bbox 1203 751 1254 805; x_wconf 91' lang='lat' dir='ltr'><strong><em>in</em></strong></span> <span class='ocrx_word' id='word_1_68' title='bbox 1278 751 1426 804; x_wconf 78' lang='lat' dir='ltr'><strong><em>Actis</em></strong></span> <span class='ocrx_word' id='word_1_69' title='bbox 1476 752 1553 804; x_wconf 92' lang='lat' dir='ltr'><strong><em>ait</em></strong></span> <span class='ocrx_word' id='word_1_70' title='bbox 1587 769 1600 804; x_wconf 89' lang='lat'><strong>:</strong></span> <span class='ocrx_word' id='word_1_71' title='bbox 1640 748 1741 805; x_wconf 82' lang='lat' dir='ltr'><strong><em>Vos</em></strong></span> <span class='ocrx_word' id='word_1_72' title='bbox 1776 749 1852 821; x_wconf 77' lang='lat'><strong><em>(3)</em></strong></span> <span class='ocrx_word' id='word_1_73' title='bbox 1876 749 2096 813; x_wconf 84' lang='lat' dir='ltr'><strong><em>Spiritui</em></strong></span> 
     </span>
    </p>
   </div>
   <div class='ocr_carea' id='block_1_12' title="bbox 519 839 2091 911">
    <p class='ocr_par' dir='ltr' id='par_1_12' title="bbox 519 839 2091 911">
     <span class='ocr_line' id='line_1_12' title="bbox 519 839 2091 911; baseline -0.006 -10"><span class='ocrx_word' id='word_1_74' title='bbox 519 856 703 902; x_wconf 88' lang='lat' dir='ltr'><strong><em>sancto</em></strong></span> <span class='ocrx_word' id='word_1_75' title='bbox 741 846 1004 898; x_wconf 76' lang='lat' dir='ltr'><strong><em>resistitis.</em></strong></span> <span class='ocrx_word' id='word_1_76' title='bbox 1029 843 1093 896; x_wconf 87' lang='lat' dir='ltr'><strong><em>Et</em></strong></span> <span class='ocrx_word' id='word_1_77' title='bbox 1114 858 1301 897; x_wconf 84' lang='lat' dir='ltr'><strong><em>rursus</em></strong></span> <span class='ocrx_word' id='word_1_78' title='bbox 1329 860 1342 896; x_wconf 90' lang='lat'>:</span> <span class='ocrx_word' id='word_1_79' title='bbox 1374 839 1484 896; x_wconf 81' lang='lat' dir='ltr'><strong><em>Nos</em></strong></span> <span class='ocrx_word' id='word_1_80' title='bbox 1512 858 1690 896; x_wconf 85' lang='lat' dir='ltr'><strong><em>sumus</em></strong></span> <span class='ocrx_word' id='word_1_81' title='bbox 1723 840 1798 911; x_wconf 66' lang='grc' dir='ltr'>(ιι)</span> <span class='ocrx_word' id='word_1_82' title='bbox 1825 851 1971 895; x_wconf 78' lang='lat' dir='ltr'><strong><em>testes</em></strong></span> <span class='ocrx_word' id='word_1_83' title='bbox 1999 843 2091 893; x_wconf 79' lang='lat' dir='ltr'><strong><em>lto-</em></strong></span> 
     </span>
    </p>
   </div>
   <div class='ocr_carea' id='block_1_13' title="bbox 522 930 2096 1002">
    <p class='ocr_par' dir='ltr' id='par_1_13' title="bbox 522 930 2096 1002">
     <span class='ocr_line' id='line_1_13' title="bbox 522 930 2096 1002; baseline -0.003 -14"><span class='ocrx_word' id='word_1_84' title='bbox 522 951 632 988; x_wconf 85' lang='lat' dir='ltr'><strong><em>rum</em></strong></span> <span class='ocrx_word' id='word_1_85' title='bbox 675 932 981 996; x_wconf 83' lang='lat' dir='ltr'><strong><em>verborum,</em></strong></span> <span class='ocrx_word' id='word_1_86' title='bbox 1009 942 1054 985; x_wconf 91' lang='lat' dir='ltr'><strong><em>et</em></strong></span> <span class='ocrx_word' id='word_1_87' title='bbox 1082 930 1310 1000; x_wconf 84' lang='lat' dir='ltr'><strong><em>Spiritus</em></strong></span> <span class='ocrx_word' id='word_1_88' title='bbox 1351 942 1585 985; x_wconf 87' lang='lat' dir='ltr'><strong><em>sanctus.</em></strong></span> <span class='ocrx_word' id='word_1_89' title='bbox 1628 932 1716 985; x_wconf 82' lang='lat' dir='ltr'><strong><em>Eo&#39;</em></strong></span> <span class='ocrx_word' id='word_1_90' title='bbox 1747 933 1904 1002; x_wconf 85' lang='lat' dir='ltr'><strong>plane</strong></span> <span class='ocrx_word' id='word_1_91' title='bbox 1938 931 2096 985; x_wconf 87' lang='lat' dir='ltr'><strong><em>modo</em></strong></span> 
     </span>
    </p>
   </div>
   <div class='ocr_carea' id='block_1_14' title="bbox 521 1023 2096 1096">
    <p class='ocr_par' dir='ltr' id='par_1_14' title="bbox 521 1023 2096 1096">
     <span class='ocr_line' id='line_1_14' title="bbox 521 1023 2096 1096; baseline -0.001 -18"><span class='ocrx_word' id='word_1_92' title='bbox 521 1044 624 1094; x_wconf 85' lang='lat' dir='ltr'><strong><em>quo</em></strong></span> <span class='ocrx_word' id='word_1_93' title='bbox 659 1027 839 1081; x_wconf 89' lang='lat' dir='ltr'><strong><em>dicere</em></strong></span> <span class='ocrx_word' id='word_1_94' title='bbox 879 1025 1260 1096; x_wconf 82' lang='lat' dir='ltr'><strong><em>consuevimus</em></strong></span> <span class='ocrx_word' id='word_1_95' title='bbox 1301 1041 1315 1078; x_wconf 91' lang='lat'><strong>:</strong></span> <span class='ocrx_word' id='word_1_96' title='bbox 1357 1024 1466 1078; x_wconf 85' lang='lat' dir='ltr'><strong><em>Nos</em></strong></span> <span class='ocrx_word' id='word_1_97' title='bbox 1510 1023 1609 1078; x_wconf 89' lang='lat' dir='ltr'><strong><em>soli</em></strong></span> <span class='ocrx_word' id='word_1_98' title='bbox 1663 1024 1748 1078; x_wconf 89' lang='lat' dir='ltr'><strong><em>hic</em></strong></span> <span class='ocrx_word' id='word_1_99' title='bbox 1779 1039 2000 1086; x_wconf 88' lang='lat' dir='ltr'><strong><em>sumus,</em></strong></span> <span class='ocrx_word' id='word_1_100' title='bbox 2043 1032 2096 1078; x_wconf 89' lang='lat' dir='ltr'><strong><em>et</em></strong></span> 
     </span>
    </p>
   </div>
   <div class='ocr_carea' id='block_1_15' title="bbox 522 1113 2114 1186">
    <p class='ocr_par' dir='ltr' id='par_1_15' title="bbox 522 1113 2114 1186">
     <span class='ocr_line' id='line_1_15' title="bbox 522 1113 2114 1186; baseline -0.002 -14"><span class='ocrx_word' id='word_1_101' title='bbox 522 1120 681 1173; x_wconf 86' lang='lat' dir='ltr'><strong><em>Dens.</em></strong></span> <span class='ocrx_word' id='word_1_102' title='bbox 737 1118 876 1186; x_wconf 78' lang='lat' dir='ltr'><strong><em>Quin</em></strong></span> <span class='ocrx_word' id='word_1_103' title='bbox 931 1117 1182 1171; x_wconf 74' lang='lat' dir='ltr'><strong><em>Salvator</em></strong></span> <span class='ocrx_word' id='word_1_104' title='bbox 1230 1117 1393 1170; x_wconf 90' lang='lat' dir='ltr'><strong><em>etiam</em></strong></span> <span class='ocrx_word' id='word_1_105' title='bbox 1424 1117 1580 1185; x_wconf 90' lang='lat' dir='ltr'><strong><em>.apud</em></strong></span> <span class='ocrx_word' id='word_1_106' title='bbox 1621 1113 1884 1170; x_wconf 81' lang='lat' dir='ltr'><strong><em>Joannem</em></strong></span> <span class='ocrx_word' id='word_1_107' title='bbox 1929 1114 2114 1170; x_wconf 84' lang='lat' dir='ltr'><strong><em>solius</em></strong></span> 
     </span>
    </p>
   </div>
   <div class='ocr_carea' id='block_1_16' title="bbox 519 1206 2094 1278">
    <p class='ocr_par' dir='ltr' id='par_1_16' title="bbox 519 1206 2094 1278">
     <span class='ocr_line' id='line_1_16' title="bbox 519 1206 2094 1278; baseline -0.004 -12"><span class='ocrx_word' id='word_1_108' title='bbox 519 1210 766 1266; x_wconf 83' lang='lat' dir='ltr'><strong><em>meminit</em></strong></span> <span class='ocrx_word' id='word_1_109' title='bbox 795 1210 960 1263; x_wconf 83' lang='lat' dir='ltr'><strong><em>divini</em></strong></span> <span class='ocrx_word' id='word_1_110' title='bbox 994 1209 1227 1278; x_wconf 86' lang='lat' dir='ltr'><strong><em>Spiritus</em></strong></span> <span class='ocrx_word' id='word_1_111' title='bbox 1253 1249 1268 1273; x_wconf 95' lang='lat'><strong><em>,</em></strong></span> <span class='ocrx_word' id='word_1_112' title='bbox 1313 1211 1440 1262; x_wconf 90' lang='lat' dir='ltr'><strong><em>dum</em></strong></span> <span class='ocrx_word' id='word_1_113' title='bbox 1468 1208 1545 1261; x_wconf 89' lang='lat' dir='ltr'><strong><em>ait</em></strong></span> <span class='ocrx_word' id='word_1_114' title='bbox 1571 1225 1586 1262; x_wconf 91' lang='lat'><strong>:</strong></span> <span class='ocrx_word' id='word_1_115' title='bbox 1615 1207 1746 1260; x_wconf 80' lang='lat' dir='ltr'><strong><em>Cum</em></strong></span> <span class='ocrx_word' id='word_1_116' title='bbox 1787 1217 1963 1260; x_wconf 87' lang='lat' dir='ltr'><strong><em>autem</em></strong></span> <span class='ocrx_word' id='word_1_117' title='bbox 1995 1206 2094 1275; x_wconf 83' lang='lat' dir='ltr'><strong><em>t5)</em></strong></span> 
     </span>
    </p>
   </div>
   <div class='ocr_carea' id='block_1_17' title="bbox 519 1296 2094 1370">
    <p class='ocr_par' dir='ltr' id='par_1_17' title="bbox 519 1296 2094 1370">
     <span class='ocr_line' id='line_1_17' title="bbox 519 1296 2094 1370; baseline -0.002 -15"><span class='ocrx_word' id='word_1_118' title='bbox 519 1302 719 1355; x_wconf 75' lang='lat' dir='ltr'><strong><em>venerit</em></strong></span> <span class='ocrx_word' id='word_1_119' title='bbox 761 1301 880 1365; x_wconf 88' lang='lat' dir='ltr'><strong><em>ille,</em></strong></span> <span class='ocrx_word' id='word_1_120' title='bbox 934 1299 1164 1369; x_wconf 81' lang='lat' dir='ltr'><strong><em>Spiritus</em></strong></span> <span class='ocrx_word' id='word_1_121' title='bbox 1211 1296 1477 1362; x_wconf 83' lang='lat' dir='ltr'><strong><em>veritatis,</em></strong></span> <span class='ocrx_word' id='word_1_122' title='bbox 1516 1299 1732 1360; x_wconf 78' lang='lat' dir='ltr'><strong><em>deducet</em></strong></span> <span class='ocrx_word' id='word_1_123' title='bbox 1769 1298 1844 1370; x_wconf 88' lang='lat'><strong><em>(6)</em></strong></span> <span class='ocrx_word' id='word_1_124' title='bbox 1896 1315 1983 1353; x_wconf 84' lang='lat' dir='ltr'><strong><em>vos</em></strong></span> <span class='ocrx_word' id='word_1_125' title='bbox 2039 1302 2094 1352; x_wconf 89' lang='lat' dir='ltr'><strong><em>in</em></strong></span> 
     </span>
    </p>
   </div>
   <div class='ocr_carea' id='block_1_18' title="bbox 521 1391 2092 1446">
    <p class='ocr_par' dir='ltr' id='par_1_18' title="bbox 521 1391 2092 1446">
     <span class='ocr_line' id='line_1_18' title="bbox 521 1391 2092 1446; baseline 0.001 -3"><span class='ocrx_word' id='word_1_126' title='bbox 521 1408 721 1445; x_wconf 86' lang='lat' dir='ltr'><strong><em>omnem</em></strong></span> <span class='ocrx_word' id='word_1_127' title='bbox 749 1393 1037 1446; x_wconf 76' lang='lat' dir='ltr'><strong><em>veritatem.</em></strong></span> <span class='ocrx_word' id='word_1_128' title='bbox 1068 1392 1132 1446; x_wconf 86' lang='lat' dir='ltr'><strong><em>Et</em></strong></span> <span class='ocrx_word' id='word_1_129' title='bbox 1163 1391 1294 1445; x_wconf 83' lang='lat' dir='ltr'><strong><em>Acta</em></strong></span> <span class='ocrx_word' id='word_1_130' title='bbox 1331 1391 1578 1445; x_wconf 79' lang='lat' dir='ltr'><strong><em>similiter</em></strong></span> <span class='ocrx_word' id='word_1_131' title='bbox 1603 1391 1667 1445; x_wconf 89' lang='lat' dir='ltr'><strong><em>de</em></strong></span> <span class='ocrx_word' id='word_1_132' title='bbox 1690 1391 1792 1444; x_wconf 91' lang='lat' dir='ltr'><strong><em>hoc</em></strong></span> <span class='ocrx_word' id='word_1_133' title='bbox 1813 1391 1966 1445; x_wconf 83' lang='lat' dir='ltr'><strong><em>(idem</em></strong></span> <span class='ocrx_word' id='word_1_134' title='bbox 2014 1391 2092 1445; x_wconf 75' lang='lat' dir='ltr'><strong><em>fa-</em></strong></span> 
     </span>
    </p>
   </div>
   <div class='ocr_carea' id='block_1_19' title="bbox 519 1481 2091 1552">
    <p class='ocr_par' dir='ltr' id='par_1_19' title="bbox 519 1481 2091 1552">
     <span class='ocr_line' id='line_1_19' title="bbox 519 1481 2091 1552; baseline -0.001 -15"><span class='ocrx_word' id='word_1_135' title='bbox 519 1485 669 1537; x_wconf 91' lang='lat' dir='ltr'><strong><em>ciunt</em></strong></span> <span class='ocrx_word' id='word_1_136' title='bbox 703 1502 716 1537; x_wconf 93' lang='lat'><strong>:</strong></span> <span class='ocrx_word' id='word_1_137' title='bbox 753 1483 911 1536; x_wconf 83' lang='lat' dir='ltr'><strong><em>Petro</em></strong></span> <span class='ocrx_word' id='word_1_138' title='bbox 939 1484 1014 1552; x_wconf 87' lang='lat'><strong><em>(7)</em></strong></span> <span class='ocrx_word' id='word_1_139' title='bbox 1038 1492 1211 1535; x_wconf 87' lang='lat' dir='ltr'><strong><em>autem</em></strong></span> <span class='ocrx_word' id='word_1_140' title='bbox 1227 1485 1495 1551; x_wconf 83' lang='lat' dir='ltr'><strong><em>cogitante</em></strong></span> <span class='ocrx_word' id='word_1_141' title='bbox 1552 1483 1615 1534; x_wconf 92' lang='lat' dir='ltr'><strong><em>de</em></strong></span> <span class='ocrx_word' id='word_1_142' title='bbox 1645 1482 1792 1536; x_wconf 82' lang='lat' dir='ltr'><strong><em>verbo</em></strong></span> <span class='ocrx_word' id='word_1_143' title='bbox 1825 1481 1900 1552; x_wconf 89' lang='lat'><strong><em>(8)</em></strong></span> <span class='ocrx_word' id='word_1_144' title='bbox 1920 1522 1935 1547; x_wconf 91' lang='lat'><strong><em>,</em></strong></span> <span class='ocrx_word' id='word_1_145' title='bbox 1959 1482 2091 1536; x_wconf 78' lang='lat' dir='ltr'><strong><em>dixit</em></strong></span> 
     </span>
    </p>
   </div>
   <div class='ocr_carea' id='block_1_20' title="bbox 519 1571 2091 1642">
    <p class='ocr_par' dir='ltr' id='par_1_20' title="bbox 519 1571 2091 1642">
     <span class='ocr_line' id='line_1_20' title="bbox 519 1571 2091 1642; baseline 0 -16"><span class='ocrx_word' id='word_1_146' title='bbox 519 1575 565 1626; x_wconf 71' lang='lat' dir='ltr'><strong><em>ei</em></strong></span> <span class='ocrx_word' id='word_1_147' title='bbox 598 1572 826 1641; x_wconf 77' lang='lat' dir='ltr'><strong><em>Spiritus</em></strong></span> <span class='ocrx_word' id='word_1_148' title='bbox 861 1583 1075 1627; x_wconf 86' lang='lat' dir='ltr'><strong><em>sanctus</em></strong></span> <span class='ocrx_word' id='word_1_149' title='bbox 1109 1574 1184 1641; x_wconf 78' lang='lat' dir='ltr'><strong><em>t9)</em></strong></span> <span class='ocrx_word' id='word_1_150' title='bbox 1220 1591 1232 1626; x_wconf 85' lang='lat'><strong>:</strong></span> <span class='ocrx_word' id='word_1_151' title='bbox 1261 1571 1494 1642; x_wconf 88' lang='lat' dir='ltr'><strong><em>Surgens</em></strong></span> <span class='ocrx_word' id='word_1_152' title='bbox 1536 1572 1821 1634; x_wconf 80' lang='lat' dir='ltr'><strong><em>descende,</em></strong></span> <span class='ocrx_word' id='word_1_153' title='bbox 1859 1585 1905 1626; x_wconf 84' lang='lat' dir='ltr'><strong><em>et</em></strong></span> <span class='ocrx_word' id='word_1_154' title='bbox 1960 1575 2091 1626; x_wconf 79' lang='lat' dir='ltr'><strong><em>vade</em></strong></span> 
     </span>
    </p>
   </div>
   <div class='ocr_carea' id='block_1_21' title="bbox 520 1661 2090 1730">
    <p class='ocr_par' dir='ltr' id='par_1_21' title="bbox 520 1661 2090 1730">
     <span class='ocr_line' id='line_1_21' title="bbox 520 1661 2090 1730; baseline 0.001 -16"><span class='ocrx_word' id='word_1_155' title='bbox 520 1679 635 1715; x_wconf 87' lang='lat' dir='ltr'><strong><em>cunt</em></strong></span> <span class='ocrx_word' id='word_1_156' title='bbox 664 1664 736 1716; x_wconf 89' lang='lat' dir='ltr'><strong><em>eis</em></strong></span> <span class='ocrx_word' id='word_1_157' title='bbox 773 1663 905 1714; x_wconf 82' lang='lat' dir='ltr'><strong><em>nihil</em></strong></span> <span class='ocrx_word' id='word_1_158' title='bbox 944 1662 1189 1715; x_wconf 86' lang='lat' dir='ltr'><strong><em>dubitans</em></strong></span> <span class='ocrx_word' id='word_1_159' title='bbox 1209 1703 1223 1725; x_wconf 94' lang='lat'><strong><em>,</em></strong></span> <span class='ocrx_word' id='word_1_160' title='bbox 1253 1663 1376 1730; x_wconf 85' lang='lat' dir='ltr'><strong><em>quia</em></strong></span> <span class='ocrx_word' id='word_1_161' title='bbox 1406 1677 1499 1730; x_wconf 88' lang='lat' dir='ltr'><strong><em>ego</em></strong></span> <span class='ocrx_word' id='word_1_162' title='bbox 1533 1661 1649 1714; x_wconf 84' lang='lat' dir='ltr'><strong><em>misi</em></strong></span> <span class='ocrx_word' id='word_1_163' title='bbox 1693 1661 1832 1714; x_wconf 86' lang='lat' dir='ltr'><strong><em>illos.</em></strong></span> <span class='ocrx_word' id='word_1_164' title='bbox 1860 1661 1927 1715; x_wconf 85' lang='lat' dir='ltr'><strong><em>Et</em></strong></span> <span class='ocrx_word' id='word_1_165' title='bbox 1971 1677 2090 1716; x_wconf 87' lang='lat' dir='ltr'><strong><em>rur-</em></strong></span> 
     </span>
    </p>
   </div>
   <div class='ocr_carea' id='block_1_22' title="bbox 2195 651 3780 723">
    <p class='ocr_par' dir='ltr' id='par_1_22' title="bbox 2195 651 3780 723">
     <span class='ocr_line' id='line_1_22' title="bbox 2195 651 3780 723; baseline -0.003 -13"><span class='ocrx_word' id='word_1_166' title='bbox 2195 656 2486 722; x_wconf 74' lang='grc' dir='ltr'><em>ἀλήθειαν</em></span> <span class='ocrx_word' id='word_1_167' title='bbox 2546 653 2772 710; x_wconf 83' lang='grc' dir='ltr'><em>πᾶσαν.</em></span> <span class='ocrx_word' id='word_1_168' title='bbox 2819 653 2930 706; x_wconf 81' lang='grc' dir='ltr'><strong><em>Καὶ</em></strong></span> <span class='ocrx_word' id='word_1_169' title='bbox 2980 654 3036 705; x_wconf 81' lang='lat' dir='ltr'><strong><em>al.</em></strong></span> <span class='ocrx_word' id='word_1_170' title='bbox 3090 651 3325 723; x_wconf 82' lang='grc' dir='ltr'><em>Πράξεις</em></span> <span class='ocrx_word' id='word_1_171' title='bbox 3360 652 3625 716; x_wconf 75' lang='grc' dir='ltr'><strong><em>ὡσαύτως</em></strong></span> <span class='ocrx_word' id='word_1_172' title='bbox 3654 654 3780 723; x_wconf 73' lang='grc' dir='ltr'><em>περ).</em></span> 
     </span>
    </p>
   </div>
   <div class='ocr_carea' id='block_1_23' title="bbox 2194 743 3780 820">
    <p class='ocr_par' dir='ltr' id='par_1_23' title="bbox 2194 743 3780 820">
     <span class='ocr_line' id='line_1_23' title="bbox 2194 743 3780 820; baseline -0.003 -18"><span class='ocrx_word' id='word_1_173' title='bbox 2194 748 2383 802; x_wconf 85' lang='grc' dir='ltr'><strong><em>τούτου</em></strong></span> <span class='ocrx_word' id='word_1_174' title='bbox 2423 747 2518 820; x_wconf 71' lang='lat'><strong><em>[25</em></strong></span> <span class='ocrx_word' id='word_1_175' title='bbox 2554 745 2605 819; x_wconf 91' lang='lat' dir='ltr'><strong><em>b]</em></strong></span> <span class='ocrx_word' id='word_1_176' title='bbox 2670 745 3024 800; x_wconf 77' lang='grc' dir='ltr'><strong><em>πιστοῦνται·</em></strong></span> <span class='ocrx_word' id='word_1_177' title='bbox 3061 744 3172 799; x_wconf 86' lang='grc' dir='ltr'><em>Τοῦ</em></span> <span class='ocrx_word' id='word_1_178' title='bbox 3220 744 3290 798; x_wconf 77' lang='grc' dir='ltr'><strong><em>δὲ</em></strong></span> <span class='ocrx_word' id='word_1_179' title='bbox 3323 743 3548 813; x_wconf 78' lang='grc' dir='ltr'><strong><em>Πέτρου</em></strong></span> <span class='ocrx_word' id='word_1_180' title='bbox 3581 746 3780 798; x_wconf 83' lang='grc' dir='ltr'><em>διανο-</em></span> 
     </span>
    </p>
   </div>
   <div class='ocr_carea' id='block_1_24' title="bbox 2196 833 3780 910">
    <p class='ocr_par' dir='ltr' id='par_1_24' title="bbox 2196 833 3780 910">
     <span class='ocr_line' id='line_1_24' title="bbox 2196 833 3780 910; baseline -0.004 -15"><span class='ocrx_word' id='word_1_181' title='bbox 2196 840 2454 910; x_wconf 79' lang='grc' dir='ltr'><em>ουμένου</em></span> <span class='ocrx_word' id='word_1_182' title='bbox 2477 838 2611 907; x_wconf 80' lang='grc' dir='ltr'><em>περὶ</em></span> <span class='ocrx_word' id='word_1_183' title='bbox 2637 837 2741 892; x_wconf 87' lang='grc' dir='ltr'><strong><em>τοῦ</em></strong></span> <span class='ocrx_word' id='word_1_184' title='bbox 2764 837 3054 907; x_wconf 80' lang='grc' dir='ltr'><em>ῥήματος,</em></span> <span class='ocrx_word' id='word_1_185' title='bbox 3079 833 3248 890; x_wconf 76' lang='grc' dir='ltr'><em>εἶπεν</em></span> <span class='ocrx_word' id='word_1_186' title='bbox 3262 836 3423 902; x_wconf 84' lang='grc' dir='ltr'><em>αὐτῷ</em></span> <span class='ocrx_word' id='word_1_187' title='bbox 3443 836 3510 890; x_wconf 81' lang='grc' dir='ltr'><strong><em>τὸ</em></strong></span> <span class='ocrx_word' id='word_1_188' title='bbox 3536 837 3780 904; x_wconf 83' lang='grc' dir='ltr'><strong><em>Πνεῦμα</em></strong></span> 
     </span>
    </p>
   </div>
   <div class='ocr_carea' id='block_1_25' title="bbox 2194 927 3780 1000">
    <p class='ocr_par' dir='ltr' id='par_1_25' title="bbox 2194 927 3780 1000">
     <span class='ocr_line' id='line_1_25' title="bbox 2194 927 3780 1000; baseline -0.003 -14"><span class='ocrx_word' id='word_1_189' title='bbox 2194 932 2261 986; x_wconf 84' lang='grc' dir='ltr'><strong><em>τὸ</em></strong></span> <span class='ocrx_word' id='word_1_190' title='bbox 2287 931 2489 1000; x_wconf 79' lang='grc' dir='ltr'><strong><em>ἅγιον·</em></strong></span> <span class='ocrx_word' id='word_1_191' title='bbox 2525 929 2806 996; x_wconf 81' lang='grc' dir='ltr'><em>Ἀναστὰς</em></span> <span class='ocrx_word' id='word_1_192' title='bbox 2843 928 3146 997; x_wconf 80' lang='grc' dir='ltr'><em>κατάϐηθι,</em></span> <span class='ocrx_word' id='word_1_193' title='bbox 3199 927 3298 982; x_wconf 80' lang='grc' dir='ltr'><em>καὶ</em></span> <span class='ocrx_word' id='word_1_194' title='bbox 3349 929 3611 996; x_wconf 81' lang='grc' dir='ltr'><strong><em>πορεύου</em></strong></span> <span class='ocrx_word' id='word_1_195' title='bbox 3656 928 3780 981; x_wconf 80' lang='grc' dir='ltr'><strong><em>σὺν</em></strong></span> 
     </span>
    </p>
   </div>
   <div class='ocr_carea' id='block_1_26' title="bbox 2194 1019 3779 1092">
    <p class='ocr_par' dir='ltr' id='par_1_26' title="bbox 2194 1019 3779 1092">
     <span class='ocr_line' id='line_1_26' title="bbox 2194 1019 3779 1092; baseline -0.003 -14"><span class='ocrx_word' id='word_1_196' title='bbox 2194 1023 2417 1089; x_wconf 86' lang='grc' dir='ltr'><em>αὐτοῖς,</em></span> <span class='ocrx_word' id='word_1_197' title='bbox 2426 1021 2620 1092; x_wconf 81' lang='grc' dir='ltr'><em>μηδὲν</em></span> <span class='ocrx_word' id='word_1_198' title='bbox 2641 1020 3110 1089; x_wconf 54' lang='grc' dir='ltr'><strong><em>διακρινόσιιενος⁸</em></strong></span> <span class='ocrx_word' id='word_1_199' title='bbox 3128 1019 3276 1074; x_wconf 85' lang='grc' dir='ltr'><em>διότι</em></span> <span class='ocrx_word' id='word_1_200' title='bbox 3295 1019 3410 1088; x_wconf 65' lang='grc' dir='ltr'><strong><em>ἐγὼ</em></strong></span> <span class='ocrx_word' id='word_1_201' title='bbox 3421 1019 3779 1074; x_wconf 74' lang='grc' dir='ltr'><em>ἀπέσταλκα</em></span> 
     </span>
    </p>
   </div>
   <div class='ocr_carea' id='block_1_27' title="bbox 2194 1109 3778 1180">
    <p class='ocr_par' dir='ltr' id='par_1_27' title="bbox 2194 1109 3778 1180">
     <span class='ocr_line' id='line_1_27' title="bbox 2194 1109 3778 1180; baseline -0.003 -11"><span class='ocrx_word' id='word_1_202' title='bbox 2194 1116 2435 1180; x_wconf 84' lang='grc' dir='ltr'><strong><em>αὐτούς.</em></strong></span> <span class='ocrx_word' id='word_1_203' title='bbox 2485 1113 2596 1168; x_wconf 74' lang='grc' dir='ltr'><strong><em>Καὶ</em></strong></span> <span class='ocrx_word' id='word_1_204' title='bbox 2643 1111 2804 1165; x_wconf 86' lang='grc' dir='ltr'>πάλιν</span> <span class='ocrx_word' id='word_1_205' title='bbox 2829 1126 2843 1142; x_wconf 83' lang='lat'><strong><em>°</em></strong></span> <span class='ocrx_word' id='word_1_206' title='bbox 2901 1110 3047 1166; x_wconf 82' lang='grc' dir='ltr'><strong><em>Τάδε</em></strong></span> <span class='ocrx_word' id='word_1_207' title='bbox 3085 1109 3248 1179; x_wconf 76' lang='grc' dir='ltr'><em>λέγει</em></span> <span class='ocrx_word' id='word_1_208' title='bbox 3287 1110 3354 1163; x_wconf 82' lang='grc' dir='ltr'><strong><em>τὸ</em></strong></span> <span class='ocrx_word' id='word_1_209' title='bbox 3409 1110 3656 1178; x_wconf 79' lang='grc' dir='ltr'><strong><em>Πνεῦμα</em></strong></span> <span class='ocrx_word' id='word_1_210' title='bbox 3708 1110 3778 1164; x_wconf 86' lang='grc' dir='ltr'><strong><em>τὸ</em></strong></span> 
     </span>
    </p>
   </div>
   <div class='ocr_carea' id='block_1_28' title="bbox 2195 1202 3777 1278">
    <p class='ocr_par' dir='ltr' id='par_1_28' title="bbox 2195 1202 3777 1278">
     <span class='ocr_line' id='line_1_28' title="bbox 2195 1202 3777 1278; baseline -0.005 -15"><span class='ocrx_word' id='word_1_211' title='bbox 2195 1208 2393 1278; x_wconf 80' lang='grc' dir='ltr'><em>ἅγιον·</em></span> <span class='ocrx_word' id='word_1_212' title='bbox 2431 1204 2772 1275; x_wconf 71' lang='grc' dir='ltr'><em>Ἀφορίσατέ</em></span> <span class='ocrx_word' id='word_1_213' title='bbox 2792 1222 2891 1274; x_wconf 83' lang='grc' dir='ltr'><strong><em>μοι</em></strong></span> <span class='ocrx_word' id='word_1_214' title='bbox 2925 1203 3030 1258; x_wconf 85' lang='grc' dir='ltr'><em>τὸν</em></span> <span class='ocrx_word' id='word_1_215' title='bbox 3061 1204 3308 1257; x_wconf 76' lang='grc' dir='ltr'><em>Παῦλον</em></span> <span class='ocrx_word' id='word_1_216' title='bbox 3349 1203 3447 1256; x_wconf 81' lang='grc' dir='ltr'><em>καὶ</em></span> <span class='ocrx_word' id='word_1_217' title='bbox 3487 1202 3595 1256; x_wconf 82' lang='grc' dir='ltr'><em>τὸν</em></span> <span class='ocrx_word' id='word_1_218' title='bbox 3621 1205 3777 1267; x_wconf 81' lang='grc' dir='ltr'><em>Βαρ-</em></span> 
     </span>
    </p>
   </div>
   <div class='ocr_carea' id='block_1_29' title="bbox 2194 1295 3780 1367">
    <p class='ocr_par' dir='ltr' id='par_1_29' title="bbox 2194 1295 3780 1367">
     <span class='ocr_line' id='line_1_29' title="bbox 2194 1295 3780 1367; baseline -0.004 -14"><span class='ocrx_word' id='word_1_219' title='bbox 2194 1299 2384 1353; x_wconf 80' lang='grc' dir='ltr'><em>νάϐαν</em></span> <span class='ocrx_word' id='word_1_220' title='bbox 2405 1301 2492 1363; x_wconf 83' lang='grc' dir='ltr'><strong><em>εις</em></strong></span> <span class='ocrx_word' id='word_1_221' title='bbox 2517 1297 2585 1352; x_wconf 83' lang='grc' dir='ltr'><strong><em>τὸ</em></strong></span> <span class='ocrx_word' id='word_1_222' title='bbox 2613 1297 2809 1367; x_wconf 77' lang='grc' dir='ltr'><em>ἔργον,</em></span> <span class='ocrx_word' id='word_1_223' title='bbox 2836 1295 2868 1349; x_wconf 83' lang='grc' dir='ltr'><strong>ὃ</strong></span> <span class='ocrx_word' id='word_1_224' title='bbox 2895 1295 3349 1364; x_wconf 78' lang='grc' dir='ltr'><em>προσκέκλημαι</em></span> <span class='ocrx_word' id='word_1_225' title='bbox 3388 1295 3628 1360; x_wconf 83' lang='grc' dir='ltr'><strong><em>αὐτούς.</em></strong></span> <span class='ocrx_word' id='word_1_226' title='bbox 3664 1295 3780 1347; x_wconf 76' lang='grc' dir='ltr'><strong><em>Καὶ</em></strong></span> 
     </span>
    </p>
   </div>
   <div class='ocr_carea' id='block_1_30' title="bbox 2195 1384 3778 1460">
    <p class='ocr_par' dir='ltr' id='par_1_30' title="bbox 2195 1384 3778 1460">
     <span class='ocr_line' id='line_1_30' title="bbox 2195 1384 3778 1460; baseline -0.003 -17"><span class='ocrx_word' id='word_1_227' title='bbox 2195 1389 2353 1444; x_wconf 79' lang='grc' dir='ltr'>πάλιν</span> <span class='ocrx_word' id='word_1_228' title='bbox 2380 1388 2572 1460; x_wconf 82' lang='grc' dir='ltr'><em>Πέτρῳ</em></span> <span class='ocrx_word' id='word_1_229' title='bbox 2605 1384 2759 1441; x_wconf 75' lang='grc' dir='ltr'><em>εἶπεν</em></span> <span class='ocrx_word' id='word_1_230' title='bbox 2782 1387 2841 1440; x_wconf 87' lang='grc' dir='ltr'><strong><em>τὸ</em></strong></span> <span class='ocrx_word' id='word_1_231' title='bbox 2874 1386 3030 1455; x_wconf 79' lang='grc' dir='ltr'>ἆγιον</span> <span class='ocrx_word' id='word_1_232' title='bbox 3059 1386 3316 1456; x_wconf 73' lang='grc' dir='ltr'><em>Πνεῦμαο</em></span> <span class='ocrx_word' id='word_1_233' title='bbox 3357 1385 3642 1451; x_wconf 76' lang='grc' dir='ltr'><em>Ἀναστὰς</em></span> <span class='ocrx_word' id='word_1_234' title='bbox 3668 1399 3778 1437; x_wconf 74' lang='grc' dir='ltr'><strong><em>πο-</em></strong></span> 
     </span>
    </p>
   </div>
   <div class='ocr_carea' id='block_1_31' title="bbox 2186 1474 3772 1552">
    <p class='ocr_par' dir='ltr' id='par_1_31' title="bbox 2186 1474 3772 1552">
     <span class='ocr_line' id='line_1_31' title="bbox 2186 1474 3772 1552; baseline -0.004 -16"><span class='ocrx_word' id='word_1_235' title='bbox 2186 1483 2433 1552; x_wconf 82' lang='grc' dir='ltr'><em>ρεύθητι</em></span> <span class='ocrx_word' id='word_1_236' title='bbox 2461 1483 2548 1547; x_wconf 81' lang='grc' dir='ltr'><em>εὶς</em></span> <span class='ocrx_word' id='word_1_237' title='bbox 2583 1479 2690 1534; x_wconf 85' lang='grc' dir='ltr'><em>τὸν</em></span> <span class='ocrx_word' id='word_1_238' title='bbox 2714 1476 2882 1534; x_wconf 78' lang='grc' dir='ltr'><em>οἷκον</em></span> <span class='ocrx_word' id='word_1_239' title='bbox 2907 1478 3268 1547; x_wconf 73' lang='grc' dir='ltr'><em>Κορνηλίου.</em></span> <span class='ocrx_word' id='word_1_240' title='bbox 3306 1478 3417 1530; x_wconf 76' lang='grc' dir='ltr'><strong><em>Καὶ</em></strong></span> <span class='ocrx_word' id='word_1_241' title='bbox 3441 1474 3596 1540; x_wconf 82' lang='grc' dir='ltr'><em>αὖθις</em></span> <span class='ocrx_word' id='word_1_242' title='bbox 3631 1495 3772 1546; x_wconf 80' lang='grc' dir='ltr'><strong><em>κομ-</em></strong></span> 
     </span>
    </p>
   </div>
   <div class='ocr_carea' id='block_1_32' title="bbox 2190 1568 3774 1648">
    <p class='ocr_par' dir='ltr' id='par_1_32' title="bbox 2190 1568 3774 1648">
     <span class='ocr_line' id='line_1_32' title="bbox 2190 1568 3774 1648; baseline -0.004 -20"><span class='ocrx_word' id='word_1_243' title='bbox 2190 1574 2485 1648; x_wconf 70' lang='grc' dir='ltr'><em>ψευόμεναι</em></span> <span class='ocrx_word' id='word_1_244' title='bbox 2519 1574 2575 1626; x_wconf 86' lang='grc' dir='ltr'><em>αἱ</em></span> <span class='ocrx_word' id='word_1_245' title='bbox 2600 1570 2954 1637; x_wconf 78' lang='grc' dir='ltr'><strong><em>ἀποστολικαὶ</em></strong></span> <span class='ocrx_word' id='word_1_246' title='bbox 2998 1569 3234 1642; x_wconf 79' lang='grc' dir='ltr'><em>Πράξεις</em></span> <span class='ocrx_word' id='word_1_247' title='bbox 3259 1608 3274 1632; x_wconf 93' lang='grc'><strong><em>,</em></strong></span> <span class='ocrx_word' id='word_1_248' title='bbox 3308 1568 3589 1641; x_wconf 71' lang='grc' dir='ltr'><strong><em>διατριϐὴν</em></strong></span> <span class='ocrx_word' id='word_1_249' title='bbox 3627 1585 3774 1639; x_wconf 85' lang='grc' dir='ltr'><em>παρ-</em></span> 
     </span>
    </p>
   </div>
   <div class='ocr_carea' id='block_1_33' title="bbox 2192 1660 3777 1738">
    <p class='ocr_par' dir='ltr' id='par_1_33' title="bbox 2192 1660 3777 1738">
     <span class='ocr_line' id='line_1_33' title="bbox 2192 1660 3777 1738; baseline -0.003 -19"><span class='ocrx_word' id='word_1_250' title='bbox 2192 1667 2376 1738; x_wconf 79' lang='grc' dir='ltr'><strong><em>έχουσι</em></strong></span> <span class='ocrx_word' id='word_1_251' title='bbox 2423 1664 2502 1735; x_wconf 79' lang='grc' dir='ltr'>τῷ</span> <span class='ocrx_word' id='word_1_252' title='bbox 2551 1663 2739 1733; x_wconf 78' lang='grc' dir='ltr'>τοιῷδε</span> <span class='ocrx_word' id='word_1_253' title='bbox 2791 1661 2972 1733; x_wconf 75' lang='grc' dir='ltr'><strong><em>λόγῳο</em></strong></span> <span class='ocrx_word' id='word_1_254' title='bbox 3025 1660 3338 1731; x_wconf 80' lang='grc' dir='ltr'><strong><em>περιέχουσι</em></strong></span> <span class='ocrx_word' id='word_1_255' title='bbox 3380 1660 3518 1731; x_wconf 78' lang='grc' dir='ltr'><strong><em>γάρ’</em></strong></span> <span class='ocrx_word' id='word_1_256' title='bbox 3572 1661 3711 1714; x_wconf 84' lang='grc' dir='ltr'><em>Τότε</em></span> <span class='ocrx_word' id='word_1_257' title='bbox 3741 1661 3777 1714; x_wconf 85' lang='grc' dir='ltr'><em>δ</em></span> 
     </span>
    </p>
   </div>
   <div class='ocr_carea' id='block_1_34' title="bbox 520 1734 2093 1823">
    <p class='ocr_par' dir='ltr' id='par_1_34' title="bbox 520 1751 2091 1823">
     <span class='ocr_line' id='line_1_34' title="bbox 520 1751 2091 1823; baseline 0.001 -18"><span class='ocrx_word' id='word_1_258' title='bbox 520 1768 640 1806; x_wconf 82' lang='lat' dir='ltr'><strong><em>sus:</em></strong></span> <span class='ocrx_word' id='word_1_259' title='bbox 663 1753 788 1807; x_wconf 73' lang='lat' dir='ltr'><strong><em>Ila&#39;c</em></strong></span> <span class='ocrx_word' id='word_1_260' title='bbox 809 1754 936 1806; x_wconf 79' lang='lat' dir='ltr'><strong><em>dicit</em></strong></span> <span class='ocrx_word' id='word_1_261' title='bbox 965 1753 1076 1822; x_wconf 85' lang='grc'><strong><em>(10)</em></strong></span> <span class='ocrx_word' id='word_1_262' title='bbox 1115 1752 1344 1821; x_wconf 87' lang='lat' dir='ltr'><strong><em>Spiritus</em></strong></span> <span class='ocrx_word' id='word_1_263' title='bbox 1381 1765 1592 1819; x_wconf 77' lang='lat' dir='ltr'><strong><em>sanctus</em></strong></span> <span class='ocrx_word' id='word_1_264' title='bbox 1618 1768 1637 1806; x_wconf 84' lang='lat'><strong><em>.&#39;</em></strong></span> <span class='ocrx_word' id='word_1_265' title='bbox 1662 1751 1937 1823; x_wconf 83' lang='lat' dir='ltr'><strong><em>Segregate</em></strong></span> <span class='ocrx_word' id='word_1_266' title='bbox 1964 1755 2091 1807; x_wconf 86' lang='lat' dir='ltr'><strong><em>mihi</em></strong></span> 
     </span>
    </p>
   </div>
   <div class='ocr_carea' id='block_1_35' title="bbox 2208 1734 3778 1823">
    <p class='ocr_par' dir='ltr' id='par_1_35' title="bbox 2208 1734 3778 1823">
     <span class='ocr_line' id='line_1_35' title="bbox 2208 1734 3778 1823; baseline -0.005 -12"><span class='ocrx_word' id='word_1_267' title='bbox 2208 1734 2436 1822; x_wconf 70' lang='grc' dir='ltr'><em>Παῦλος</em></span> <span class='ocrx_word' id='word_1_268' title='bbox 2473 1734 2767 1823; x_wconf 67' lang='grc' dir='ltr'><em>πλησθεὶς</em></span> <span class='ocrx_word' id='word_1_269' title='bbox 2819 1741 3164 1822; x_wconf 73' lang='grc' dir='ltr'><em>Πνεύιιατος</em></span> <span class='ocrx_word' id='word_1_270' title='bbox 3212 1750 3406 1820; x_wconf 58' lang='grc' dir='ltr'><strong><em>ἁγίου,</em></strong></span> <span class='ocrx_word' id='word_1_271' title='bbox 3460 1745 3585 1804; x_wconf 75' lang='grc' dir='ltr'><em>εἷπε</em></span> <span class='ocrx_word' id='word_1_272' title='bbox 3620 1749 3778 1818; x_wconf 80' lang='grc' dir='ltr'><em>πρὸς</em></span> 
     </span>
    </p>
   </div>
   <div class='ocr_carea' id='block_1_36' title="bbox 521 1842 2091 1914">
    <p class='ocr_par' dir='ltr' id='par_1_36' title="bbox 521 1842 2091 1914">
     <span class='ocr_line' id='line_1_36' title="bbox 521 1842 2091 1914; baseline 0 -16"><span class='ocrx_word' id='word_1_273' title='bbox 521 1844 748 1898; x_wconf 84' lang='lat' dir='ltr'><strong><em>Paulum</em></strong></span> <span class='ocrx_word' id='word_1_274' title='bbox 775 1845 918 1914; x_wconf 91' lang='lat' dir='ltr'><strong><em>(ll),</em></strong></span> <span class='ocrx_word' id='word_1_275' title='bbox 959 1855 1005 1898; x_wconf 91' lang='lat' dir='ltr'><strong><em>et</em></strong></span> <span class='ocrx_word' id='word_1_276' title='bbox 1039 1842 1338 1897; x_wconf 82' lang='lat' dir='ltr'><strong><em>Barnabam</em></strong></span> <span class='ocrx_word' id='word_1_277' title='bbox 1376 1845 1428 1898; x_wconf 83' lang='lat' dir='ltr'><strong><em>in</em></strong></span> <span class='ocrx_word' id='word_1_278' title='bbox 1465 1861 1592 1912; x_wconf 89' lang='lat' dir='ltr'><strong><em>apns</em></strong></span> <span class='ocrx_word' id='word_1_279' title='bbox 1642 1845 1710 1897; x_wconf 89' lang='lat' dir='ltr'><strong><em>ad</em></strong></span> <span class='ocrx_word' id='word_1_280' title='bbox 1737 1845 1874 1914; x_wconf 84' lang='lat' dir='ltr'><strong><em>quod</em></strong></span> <span class='ocrx_word' id='word_1_281' title='bbox 1915 1847 2091 1900; x_wconf 75' lang='lat' dir='ltr'><strong><em>vocavi</em></strong></span> 
     </span>
    </p>
   </div>
   <div class='ocr_carea' id='block_1_37' title="bbox 520 1935 2086 2006">
    <p class='ocr_par' dir='ltr' id='par_1_37' title="bbox 520 1935 2086 2006">
     <span class='ocr_line' id='line_1_37' title="bbox 520 1935 2086 2006; baseline 0.001 -18"><span class='ocrx_word' id='word_1_282' title='bbox 520 1953 636 1988; x_wconf 86' lang='lat' dir='ltr'><strong><em>eos.</em></strong></span> <span class='ocrx_word' id='word_1_283' title='bbox 671 1936 734 1988; x_wconf 85' lang='lat' dir='ltr'><strong><em>Et</em></strong></span> <span class='ocrx_word' id='word_1_284' title='bbox 787 1950 976 1990; x_wconf 83' lang='lat' dir='ltr'><strong><em>rursus</em></strong></span> <span class='ocrx_word' id='word_1_285' title='bbox 1015 1935 1174 1989; x_wconf 81' lang='lat' dir='ltr'><strong><em>Petro</em></strong></span> <span class='ocrx_word' id='word_1_286' title='bbox 1217 1935 1353 1989; x_wconf 82' lang='lat' dir='ltr'><strong><em>dixit</em></strong></span> <span class='ocrx_word' id='word_1_287' title='bbox 1394 1935 1628 2003; x_wconf 88' lang='lat' dir='ltr'><strong><em>Spiritus</em></strong></span> <span class='ocrx_word' id='word_1_288' title='bbox 1673 1946 1896 1990; x_wconf 81' lang='lat' dir='ltr'><strong><em>sanctus</em></strong></span> <span class='ocrx_word' id='word_1_289' title='bbox 1927 1936 2038 2006; x_wconf 72' lang='grc'><strong>(12)</strong></span> <span class='ocrx_word' id='word_1_290' title='bbox 2071 1953 2086 1989; x_wconf 90' lang='lat'><strong>:</strong></span> 
     </span>
    </p>
   </div>
   <div class='ocr_carea' id='block_1_38' title="bbox 523 2025 2090 2097">
    <p class='ocr_par' dir='ltr' id='par_1_38' title="bbox 523 2025 2090 2097">
     <span class='ocr_line' id='line_1_38' title="bbox 523 2025 2090 2097; baseline 0.001 -17"><span class='ocrx_word' id='word_1_291' title='bbox 523 2026 750 2096; x_wconf 86' lang='lat' dir='ltr'><strong><em>Snrgens</em></strong></span> <span class='ocrx_word' id='word_1_292' title='bbox 776 2029 903 2080; x_wconf 81' lang='lat' dir='ltr'><strong><em>vade</em></strong></span> <span class='ocrx_word' id='word_1_293' title='bbox 928 2027 982 2079; x_wconf 89' lang='lat' dir='ltr'><strong><em>in</em></strong></span> <span class='ocrx_word' id='word_1_294' title='bbox 1004 2027 1213 2079; x_wconf 86' lang='lat' dir='ltr'><strong><em>domum</em></strong></span> <span class='ocrx_word' id='word_1_295' title='bbox 1237 2025 1487 2079; x_wconf 78' lang='lat' dir='ltr'><strong><em>Cornelii.</em></strong></span> <span class='ocrx_word' id='word_1_296' title='bbox 1522 2025 1590 2080; x_wconf 87' lang='lat' dir='ltr'><strong><em>El</em></strong></span> <span class='ocrx_word' id='word_1_297' title='bbox 1619 2042 1805 2080; x_wconf 84' lang='lat' dir='ltr'><strong><em>rursus</em></strong></span> <span class='ocrx_word' id='word_1_298' title='bbox 1823 2025 1930 2097; x_wconf 76' lang='lat'><strong>56</strong></span> <span class='ocrx_word' id='word_1_299' title='bbox 1959 2028 2090 2082; x_wconf 79' lang='lat' dir='ltr'><strong><em>Acta</em></strong></span> 
     </span>
    </p>
   </div>
   <div class='ocr_carea' id='block_1_39' title="bbox 522 2117 2094 2188">
    <p class='ocr_par' dir='ltr' id='par_1_39' title="bbox 522 2117 2094 2188">
     <span class='ocr_line' id='line_1_39' title="bbox 522 2117 2094 2188; baseline 0.001 -17"><span class='ocrx_word' id='word_1_300' title='bbox 522 2119 810 2187; x_wconf 81' lang='lat' dir='ltr'><strong><em>apostolica</em></strong></span> <span class='ocrx_word' id='word_1_301' title='bbox 829 2133 951 2171; x_wconf 88' lang='lat' dir='ltr'><strong><em>cum</em></strong></span> <span class='ocrx_word' id='word_1_302' title='bbox 984 2119 1154 2188; x_wconf 78' lang='lat' dir='ltr'><strong><em>gratia</em></strong></span> <span class='ocrx_word' id='word_1_303' title='bbox 1193 2134 1255 2172; x_wconf 88' lang='lat' dir='ltr'><strong><em>ac</em></strong></span> <span class='ocrx_word' id='word_1_304' title='bbox 1277 2117 1616 2187; x_wconf 87' lang='lat' dir='ltr'><strong><em>jucunditate</em></strong></span> <span class='ocrx_word' id='word_1_305' title='bbox 1642 2117 1696 2172; x_wconf 94' lang='lat' dir='ltr'><strong><em>in</em></strong></span> <span class='ocrx_word' id='word_1_306' title='bbox 1717 2119 1818 2176; x_wconf 89' lang='lat' dir='ltr'><strong><em>hoc</em></strong></span> <span class='ocrx_word' id='word_1_307' title='bbox 1847 2133 2094 2173; x_wconf 80' lang='lat' dir='ltr'><strong><em>sermone</em></strong></span> 
     </span>
    </p>
   </div>
   <div class='ocr_carea' id='block_1_40' title="bbox 524 2205 2092 2263">
    <p class='ocr_par' dir='ltr' id='par_1_40' title="bbox 524 2205 2092 2263">
     <span class='ocr_line' id='line_1_40' title="bbox 524 2205 2092 2263; baseline 0.001 -1"><span class='ocrx_word' id='word_1_308' title='bbox 524 2225 622 2262; x_wconf 90' lang='lat' dir='ltr'><strong><em>nos</em></strong></span> <span class='ocrx_word' id='word_1_309' title='bbox 667 2209 909 2262; x_wconf 87' lang='lat' dir='ltr'><strong><em>detinent</em></strong></span> <span class='ocrx_word' id='word_1_310' title='bbox 944 2224 957 2260; x_wconf 92' lang='lat'>:</span> <span class='ocrx_word' id='word_1_311' title='bbox 997 2210 1109 2262; x_wconf 62' lang='lat' dir='ltr'><strong><em>haec</em></strong></span> <span class='ocrx_word' id='word_1_312' title='bbox 1149 2207 1291 2262; x_wconf 89' lang='lat' dir='ltr'><strong><em>enim</em></strong></span> <span class='ocrx_word' id='word_1_313' title='bbox 1337 2208 1618 2262; x_wconf 82' lang='lat' dir='ltr'><strong><em>continent</em></strong></span> <span class='ocrx_word' id='word_1_314' title='bbox 1651 2225 1666 2262; x_wconf 90' lang='lat'><strong>:</strong></span> <span class='ocrx_word' id='word_1_315' title='bbox 1694 2206 1839 2260; x_wconf 82' lang='lat' dir='ltr'><strong><em>Tunc</em></strong></span> <span class='ocrx_word' id='word_1_316' title='bbox 1888 2205 2092 2263; x_wconf 80' lang='lat' dir='ltr'><strong><em>Paulus</em></strong></span> 
     </span>
    </p>
   </div>
   <div class='ocr_carea' id='block_1_41' title="bbox 521 2297 2089 2369">
    <p class='ocr_par' dir='ltr' id='par_1_41' title="bbox 521 2297 2089 2369">
     <span class='ocr_line' id='line_1_41' title="bbox 521 2297 2089 2369; baseline 0.001 -17"><span class='ocrx_word' id='word_1_317' title='bbox 521 2300 744 2359; x_wconf 79' lang='lat' dir='ltr'><strong><em>repletus</em></strong></span> <span class='ocrx_word' id='word_1_318' title='bbox 769 2298 973 2366; x_wconf 83' lang='lat' dir='ltr'><strong><em>Spiritu</em></strong></span> <span class='ocrx_word' id='word_1_319' title='bbox 997 2309 1176 2352; x_wconf 85' lang='lat' dir='ltr'><strong><em>saneto</em></strong></span> <span class='ocrx_word' id='word_1_320' title='bbox 1197 2299 1329 2352; x_wconf 67' lang='lat' dir='ltr'><strong><em>dixit</em></strong></span> <span class='ocrx_word' id='word_1_321' title='bbox 1357 2299 1425 2351; x_wconf 86' lang='lat' dir='ltr'><strong><em>ad</em></strong></span> <span class='ocrx_word' id='word_1_322' title='bbox 1445 2314 1560 2353; x_wconf 88' lang='lat' dir='ltr'><strong><em>eum</em></strong></span> <span class='ocrx_word' id='word_1_323' title='bbox 1583 2297 1718 2369; x_wconf 78' lang='lat' dir='ltr'><strong><em>(l3).</em></strong></span> <span class='ocrx_word' id='word_1_324' title='bbox 1744 2297 1808 2352; x_wconf 82' lang='lat' dir='ltr'><strong><em>Et</em></strong></span> <span class='ocrx_word' id='word_1_325' title='bbox 1834 2298 2089 2368; x_wconf 87' lang='lat' dir='ltr'><strong><em>insuper:</em></strong></span> 
     </span>
    </p>
   </div>
   <div class='ocr_carea' id='block_1_42' title="bbox 522 2386 2093 2458">
    <p class='ocr_par' dir='ltr' id='par_1_42' title="bbox 522 2386 2093 2458">
     <span class='ocr_line' id='line_1_42' title="bbox 522 2386 2093 2458; baseline -0.001 -14"><span class='ocrx_word' id='word_1_326' title='bbox 522 2389 709 2444; x_wconf 84' lang='lat' dir='ltr'><strong><em>Petrus</em></strong></span> <span class='ocrx_word' id='word_1_327' title='bbox 749 2388 860 2458; x_wconf 68' lang='grc'><strong><em>(14)</em></strong></span> <span class='ocrx_word' id='word_1_328' title='bbox 889 2390 1025 2442; x_wconf 83' lang='lat' dir='ltr'><strong><em>enim</em></strong></span> <span class='ocrx_word' id='word_1_329' title='bbox 1045 2391 1231 2458; x_wconf 85' lang='lat' dir='ltr'><strong><em>plenus</em></strong></span> <span class='ocrx_word' id='word_1_330' title='bbox 1279 2386 1486 2458; x_wconf 86' lang='lat' dir='ltr'><strong><em>Spiritu</em></strong></span> <span class='ocrx_word' id='word_1_331' title='bbox 1525 2399 1706 2444; x_wconf 87' lang='lat' dir='ltr'><strong><em>sancto</em></strong></span> <span class='ocrx_word' id='word_1_332' title='bbox 1738 2389 1872 2443; x_wconf 72' lang='lat' dir='ltr'><strong><em>dixit</em></strong></span> <span class='ocrx_word' id='word_1_333' title='bbox 1899 2389 1969 2441; x_wconf 90' lang='lat' dir='ltr'><strong><em>ad</em></strong></span> <span class='ocrx_word' id='word_1_334' title='bbox 1999 2404 2093 2453; x_wconf 87' lang='lat' dir='ltr'><strong><em>po-</em></strong></span> 
     </span>
    </p>
   </div>
   <div class='ocr_carea' id='block_1_43' title="bbox 520 2477 2091 2547">
    <p class='ocr_par' dir='ltr' id='par_1_43' title="bbox 520 2477 2091 2547">
     <span class='ocr_line' id='line_1_43' title="bbox 520 2477 2091 2547; baseline 0.003 -20"><span class='ocrx_word' id='word_1_335' title='bbox 520 2479 723 2544; x_wconf 81' lang='lat' dir='ltr'><strong><em>pulum.</em></strong></span> <span class='ocrx_word' id='word_1_336' title='bbox 765 2479 1081 2532; x_wconf 79' lang='lat' dir='ltr'><strong><em>Divinarum</em></strong></span> <span class='ocrx_word' id='word_1_337' title='bbox 1111 2490 1292 2532; x_wconf 87' lang='lat' dir='ltr'><strong><em>autem</em></strong></span> <span class='ocrx_word' id='word_1_338' title='bbox 1314 2518 1330 2544; x_wconf 95' lang='lat'><strong><em>,</em></strong></span> <span class='ocrx_word' id='word_1_339' title='bbox 1365 2480 1620 2547; x_wconf 87' lang='lat' dir='ltr'><strong><em>omnique</em></strong></span> <span class='ocrx_word' id='word_1_340' title='bbox 1661 2478 1867 2532; x_wconf 86' lang='lat' dir='ltr'><strong><em>honore</em></strong></span> <span class='ocrx_word' id='word_1_341' title='bbox 1905 2477 2091 2533; x_wconf 89' lang='lat' dir='ltr'><strong><em>colen-</em></strong></span> 
     </span>
    </p>
   </div>
   <div class='ocr_carea' id='block_1_44' title="bbox 523 2569 2096 2639">
    <p class='ocr_par' dir='ltr' id='par_1_44' title="bbox 523 2569 2096 2639">
     <span class='ocr_line' id='line_1_44' title="bbox 523 2569 2096 2639; baseline 0.001 -17"><span class='ocrx_word' id='word_1_342' title='bbox 523 2571 711 2622; x_wconf 89' lang='lat' dir='ltr'><strong><em>darum</em></strong></span> <span class='ocrx_word' id='word_1_343' title='bbox 755 2571 1125 2639; x_wconf 76' lang='lat' dir='ltr'><strong><em>liypostasium</em></strong></span> <span class='ocrx_word' id='word_1_344' title='bbox 1163 2571 1388 2638; x_wconf 73' lang='lat' dir='ltr'><strong><em>aequalis</em></strong></span> <span class='ocrx_word' id='word_1_345' title='bbox 1429 2572 1509 2624; x_wconf 87' lang='lat' dir='ltr'><strong><em>vis</em></strong></span> <span class='ocrx_word' id='word_1_346' title='bbox 1554 2585 1617 2624; x_wconf 85' lang='lat' dir='ltr'><strong><em>ac</em></strong></span> <span class='ocrx_word' id='word_1_347' title='bbox 1658 2569 1898 2639; x_wconf 87' lang='lat' dir='ltr'><strong><em>potentia</em></strong></span> <span class='ocrx_word' id='word_1_348' title='bbox 1936 2569 1994 2624; x_wconf 91' lang='lat' dir='ltr'><strong><em>in</em></strong></span> <span class='ocrx_word' id='word_1_349' title='bbox 2030 2583 2096 2624; x_wconf 87' lang='lat' dir='ltr'><strong><em>eo</em></strong></span> 
     </span>
    </p>
   </div>
   <div class='ocr_carea' id='block_1_45' title="bbox 521 2659 2096 2729">
    <p class='ocr_par' dir='ltr' id='par_1_45' title="bbox 521 2659 2096 2729">
     <span class='ocr_line' id='line_1_45' title="bbox 521 2659 2096 2729; baseline 0.004 -19"><span class='ocrx_word' id='word_1_350' title='bbox 521 2660 681 2711; x_wconf 89' lang='lat' dir='ltr'><strong><em>etiam</em></strong></span> <span class='ocrx_word' id='word_1_351' title='bbox 724 2659 974 2713; x_wconf 84' lang='lat' dir='ltr'><strong><em>similiter</em></strong></span> <span class='ocrx_word' id='word_1_352' title='bbox 1019 2659 1398 2728; x_wconf 76' lang='lat' dir='ltr'><strong><em>signiﬁcatur,</em></strong></span> <span class='ocrx_word' id='word_1_353' title='bbox 1443 2661 1586 2729; x_wconf 82' lang='lat' dir='ltr'><strong><em>quod</em></strong></span> <span class='ocrx_word' id='word_1_354' title='bbox 1644 2660 1905 2715; x_wconf 91' lang='lat' dir='ltr'><strong><em>Dominus</em></strong></span> <span class='ocrx_word' id='word_1_355' title='bbox 1955 2660 2096 2716; x_wconf 84' lang='lat' dir='ltr'><strong><em>Dens</em></strong></span> 
     </span>
    </p>
   </div>
   <div class='ocr_carea' id='block_1_46' title="bbox 522 2749 2096 2824">
    <p class='ocr_par' dir='ltr' id='par_1_46' title="bbox 522 2749 2096 2824">
     <span class='ocr_line' id='line_1_46' title="bbox 522 2749 2096 2824; baseline 0.003 -20"><span class='ocrx_word' id='word_1_356' title='bbox 522 2751 783 2816; x_wconf 82' lang='lat' dir='ltr'><strong><em>Verbum,</em></strong></span> <span class='ocrx_word' id='word_1_357' title='bbox 817 2767 910 2820; x_wconf 89' lang='lat' dir='ltr'><strong><em>per</em></strong></span> <span class='ocrx_word' id='word_1_358' title='bbox 930 2752 1240 2821; x_wconf 64' lang='lat' dir='ltr'><strong><em>praedictam</em></strong></span> <span class='ocrx_word' id='word_1_359' title='bbox 1281 2767 1439 2806; x_wconf 90' lang='lat' dir='ltr'><strong><em>suam</em></strong></span> <span class='ocrx_word' id='word_1_360' title='bbox 1473 2754 1538 2806; x_wconf 89' lang='lat' dir='ltr'><strong><em>de</em></strong></span> <span class='ocrx_word' id='word_1_361' title='bbox 1587 2749 1853 2819; x_wconf 85' lang='lat' dir='ltr'><strong><em>baptismo</em></strong></span> <span class='ocrx_word' id='word_1_362' title='bbox 1875 2753 2096 2824; x_wconf 82' lang='lat' dir='ltr'><strong><em>hymnis</em></strong></span> 
     </span>
    </p>
   </div>
   <div class='ocr_carea' id='block_1_47' title="bbox 523 2843 2095 2912">
    <p class='ocr_par' dir='ltr' id='par_1_47' title="bbox 523 2843 2095 2912">
     <span class='ocr_line' id='line_1_47' title="bbox 523 2843 2095 2912; baseline 0.004 -17"><span class='ocrx_word' id='word_1_363' title='bbox 523 2856 738 2912; x_wconf 67' lang='lat' dir='ltr'><strong><em>semper</em></strong></span> <span class='ocrx_word' id='word_1_364' title='bbox 781 2843 1161 2898; x_wconf 90' lang='lat' dir='ltr'><strong><em>celebrandam</em></strong></span> <span class='ocrx_word' id='word_1_365' title='bbox 1211 2858 1430 2911; x_wconf 89' lang='lat' dir='ltr'><strong><em>vocem,</em></strong></span> <span class='ocrx_word' id='word_1_366' title='bbox 1465 2844 1830 2912; x_wconf 70' lang='lat' dir='ltr'><strong><em>azqualitatem</em></strong></span> <span class='ocrx_word' id='word_1_367' title='bbox 1873 2845 2095 2902; x_wconf 86' lang='lat' dir='ltr'><strong><em>honoris</em></strong></span> 
     </span>
    </p>
   </div>
   <div class='ocr_carea' id='block_1_48' title="bbox 2197 1841 3770 1913">
    <p class='ocr_par' dir='ltr' id='par_1_48' title="bbox 2197 1841 3770 1913">
     <span class='ocr_line' id='line_1_48' title="bbox 2197 1841 3770 1913; baseline -0.006 -9"><span class='ocrx_word' id='word_1_368' title='bbox 2197 1850 2402 1904; x_wconf 79' lang='grc' dir='ltr'><em>αὐτόν.</em></span> <span class='ocrx_word' id='word_1_369' title='bbox 2449 1847 2560 1902; x_wconf 77' lang='grc' dir='ltr'><strong><em>Καὶ</em></strong></span> <span class='ocrx_word' id='word_1_370' title='bbox 2605 1845 2684 1898; x_wconf 79' lang='grc' dir='ltr'><strong><em>ἔτι</em></strong></span> <span class='ocrx_word' id='word_1_371' title='bbox 2703 1861 2716 1875; x_wconf 89' lang='grc'><strong>·</strong></span> <span class='ocrx_word' id='word_1_372' title='bbox 2768 1845 2820 1896; x_wconf 90' lang='grc' dir='ltr'><strong><em>Ὁ</em></strong></span> <span class='ocrx_word' id='word_1_373' title='bbox 2851 1843 2960 1913; x_wconf 82' lang='grc' dir='ltr'><strong><em>γὰρ</em></strong></span> <span class='ocrx_word' id='word_1_374' title='bbox 2997 1843 3209 1909; x_wconf 70' lang='grc' dir='ltr'><em>Πέτρος</em></span> <span class='ocrx_word' id='word_1_375' title='bbox 3263 1841 3557 1910; x_wconf 73' lang='grc' dir='ltr'><em>πλησθεὶς</em></span> <span class='ocrx_word' id='word_1_376' title='bbox 3584 1843 3770 1894; x_wconf 83' lang='grc' dir='ltr'><em>Πνεύ-</em></span> 
     </span>
    </p>
   </div>
   <div class='ocr_carea' id='block_1_49' title="bbox 2190 1932 3776 2010">
    <p class='ocr_par' dir='ltr' id='par_1_49' title="bbox 2190 1932 3776 2010">
     <span class='ocr_line' id='line_1_49' title="bbox 2190 1932 3776 2010; baseline -0.006 -16"><span class='ocrx_word' id='word_1_377' title='bbox 2190 1957 2378 2010; x_wconf 81' lang='grc' dir='ltr'><em>ματος</em></span> <span class='ocrx_word' id='word_1_378' title='bbox 2399 1939 2593 2008; x_wconf 71' lang='grc' dir='ltr'><strong><em>άγιου,</em></strong></span> <span class='ocrx_word' id='word_1_379' title='bbox 2630 1932 2777 1990; x_wconf 77' lang='grc' dir='ltr'><em>εἷπε</em></span> <span class='ocrx_word' id='word_1_380' title='bbox 2802 1935 2951 2003; x_wconf 84' lang='grc' dir='ltr'><em>πρὸς</em></span> <span class='ocrx_word' id='word_1_381' title='bbox 2977 1934 3081 1988; x_wconf 83' lang='grc' dir='ltr'><strong><em>τὸν</em></strong></span> <span class='ocrx_word' id='word_1_382' title='bbox 3122 1934 3317 1994; x_wconf 44' lang='grc' dir='ltr'><em>λαόν,</em></span> <span class='ocrx_word' id='word_1_383' title='bbox 3355 1933 3689 2003; x_wconf 80' lang='grc' dir='ltr'><em>Σημαίνεται</em></span> <span class='ocrx_word' id='word_1_384' title='bbox 3716 1932 3776 1985; x_wconf 77' lang='grc' dir='ltr'><strong><em>δὲ</em></strong></span> 
     </span>
    </p>
   </div>
   <div class='ocr_carea' id='block_1_50' title="bbox 2195 2023 3776 2100">
    <p class='ocr_par' dir='ltr' id='par_1_50' title="bbox 2195 2023 3776 2100">
     <span class='ocr_line' id='line_1_50' title="bbox 2195 2023 3776 2100; baseline -0.004 -17"><span class='ocrx_word' id='word_1_385' title='bbox 2195 2030 2396 2100; x_wconf 81' lang='grc' dir='ltr'><strong><em>ὁμοίως</em></strong></span> <span class='ocrx_word' id='word_1_386' title='bbox 2433 2029 2494 2082; x_wconf 84' lang='grc' dir='ltr'><strong>τὸ</strong></span> <span class='ocrx_word' id='word_1_387' title='bbox 2525 2027 2815 2100; x_wconf 70' lang='grc' dir='ltr'><strong><em>ἰσόρροπον</em></strong></span> <span class='ocrx_word' id='word_1_388' title='bbox 2861 2026 2954 2078; x_wconf 70' lang='lat' dir='ltr'><strong><em>ita).</em></strong></span> <span class='ocrx_word' id='word_1_389' title='bbox 2992 2023 3306 2096; x_wconf 77' lang='grc' dir='ltr'><strong><em>ῐσοδύναμον</em></strong></span> <span class='ocrx_word' id='word_1_390' title='bbox 3347 2025 3455 2077; x_wconf 82' lang='grc' dir='ltr'><strong><em>τῶν</em></strong></span> <span class='ocrx_word' id='word_1_391' title='bbox 3490 2025 3776 2094; x_wconf 76' lang='grc' dir='ltr'><em>παντίμων</em></span> 
     </span>
    </p>
   </div>
   <div class='ocr_carea' id='block_1_51' title="bbox 2198 2115 3774 2186">
    <p class='ocr_par' dir='ltr' id='par_1_51' title="bbox 2198 2115 3774 2186">
     <span class='ocr_line' id='line_1_51' title="bbox 2198 2115 3774 2186; baseline -0.004 -12"><span class='ocrx_word' id='word_1_392' title='bbox 2198 2121 2570 2176; x_wconf 82' lang='grc' dir='ltr'><strong><em>ὑποστάσεων.</em></strong></span> <span class='ocrx_word' id='word_1_393' title='bbox 2602 2115 2696 2173; x_wconf 77' lang='grc' dir='ltr'><strong><em>καὶ</em></strong></span> <span class='ocrx_word' id='word_1_394' title='bbox 2746 2119 2803 2170; x_wconf 78' lang='grc' dir='ltr'><strong><em>ὲν</em></strong></span> <span class='ocrx_word' id='word_1_395' title='bbox 2857 2115 2935 2186; x_wconf 84' lang='grc' dir='ltr'><strong><em>τῷ</em></strong></span> <span class='ocrx_word' id='word_1_396' title='bbox 2987 2116 3077 2169; x_wconf 75' lang='grc' dir='ltr'>τὸν</span> <span class='ocrx_word' id='word_1_397' title='bbox 3109 2117 3382 2186; x_wconf 80' lang='grc' dir='ltr'><strong><em>Δεσπότην</em></strong></span> <span class='ocrx_word' id='word_1_398' title='bbox 3411 2115 3541 2168; x_wconf 83' lang='grc' dir='ltr'><strong><em>Θεὸν</em></strong></span> <span class='ocrx_word' id='word_1_399' title='bbox 3575 2116 3774 2183; x_wconf 81' lang='grc' dir='ltr'><strong><em>Λόγον,</em></strong></span> 
     </span>
    </p>
   </div>
   <div class='ocr_carea' id='block_1_52' title="bbox 2195 2205 3772 2283">
    <p class='ocr_par' dir='ltr' id='par_1_52' title="bbox 2195 2205 3772 2283">
     <span class='ocr_line' id='line_1_52' title="bbox 2195 2205 3772 2283; baseline -0.003 -18"><span class='ocrx_word' id='word_1_400' title='bbox 2195 2211 2283 2266; x_wconf 78' lang='grc' dir='ltr'><strong><em>διὰ</em></strong></span> <span class='ocrx_word' id='word_1_401' title='bbox 2311 2210 2414 2283; x_wconf 81' lang='grc' dir='ltr'><strong><em>τῆς</em></strong></span> <span class='ocrx_word' id='word_1_402' title='bbox 2442 2209 2833 2280; x_wconf 75' lang='grc' dir='ltr'><strong><em>προλεχθείσης</em></strong></span> <span class='ocrx_word' id='word_1_403' title='bbox 2883 2207 3046 2260; x_wconf 76' lang='grc' dir='ltr'><em>αὐτοῦ</em></span> <span class='ocrx_word' id='word_1_404' title='bbox 3093 2208 3173 2272; x_wconf 81' lang='grc' dir='ltr'><strong><em>εἰς</em></strong></span> <span class='ocrx_word' id='word_1_405' title='bbox 3204 2207 3266 2259; x_wconf 81' lang='grc' dir='ltr'>τὸ</span> <span class='ocrx_word' id='word_1_406' title='bbox 3317 2205 3599 2276; x_wconf 82' lang='grc' dir='ltr'><strong><em>βάπτισμα</em></strong></span> <span class='ocrx_word' id='word_1_407' title='bbox 3636 2219 3772 2261; x_wconf 75' lang='grc' dir='ltr'><em>παν-</em></span> 
     </span>
    </p>
   </div>
   <div class='ocr_carea' id='block_1_53' title="bbox 2196 2298 3777 2373">
    <p class='ocr_par' dir='ltr' id='par_1_53' title="bbox 2196 2298 3777 2373">
     <span class='ocr_line' id='line_1_53' title="bbox 2196 2298 3777 2373; baseline -0.004 -17"><span class='ocrx_word' id='word_1_408' title='bbox 2196 2303 2436 2373; x_wconf 81' lang='grc' dir='ltr'><strong><em>υμνήτου</em></strong></span> <span class='ocrx_word' id='word_1_409' title='bbox 2469 2303 2673 2371; x_wconf 81' lang='grc' dir='ltr'><strong><em>φωνῆς,</em></strong></span> <span class='ocrx_word' id='word_1_410' title='bbox 2718 2301 2814 2372; x_wconf 81' lang='grc' dir='ltr'><strong><em>τὴν</em></strong></span> <span class='ocrx_word' id='word_1_411' title='bbox 2868 2299 3135 2370; x_wconf 75' lang='grc' dir='ltr'><strong><em>ἰσοτιμίαν</em></strong></span> <span class='ocrx_word' id='word_1_412' title='bbox 3181 2298 3357 2369; x_wconf 80' lang='grc' dir='ltr'><strong><em>ἐαυτῷ</em></strong></span> <span class='ocrx_word' id='word_1_413' title='bbox 3408 2299 3601 2368; x_wconf 78' lang='grc' dir='ltr'><strong><em>καὶτῷ</em></strong></span> <span class='ocrx_word' id='word_1_414' title='bbox 3628 2299 3777 2371; x_wconf 80' lang='grc' dir='ltr'><strong><em>ἁγίῳ</em></strong></span> 
     </span>
    </p>
   </div>
   <div class='ocr_carea' id='block_1_54' title="bbox 2196 2379 3776 2466">
    <p class='ocr_par' dir='ltr' id='par_1_54' title="bbox 2196 2379 3776 2466">
     <span class='ocr_line' id='line_1_54' title="bbox 2196 2379 3776 2466; baseline -0.001 -19"><span class='ocrx_word' id='word_1_415' title='bbox 2196 2394 2476 2466; x_wconf 80' lang='grc' dir='ltr'><em>Πνεύματι</em></span> <span class='ocrx_word' id='word_1_416' title='bbox 2503 2395 2601 2463; x_wconf 82' lang='grc' dir='ltr'><strong><em>τὴν</em></strong></span> <span class='ocrx_word' id='word_1_417' title='bbox 2635 2379 2771 2464; x_wconf 49' lang='lat' dir='ltr'><strong><em>ripe;</em></strong></span> <span class='ocrx_word' id='word_1_418' title='bbox 2804 2391 2894 2446; x_wconf 83' lang='grc' dir='ltr'><strong><em>τὸν</em></strong></span> <span class='ocrx_word' id='word_1_419' title='bbox 2924 2393 3145 2462; x_wconf 80' lang='grc' dir='ltr'><em>Πατέρα</em></span> <span class='ocrx_word' id='word_1_420' title='bbox 3178 2391 3438 2460; x_wconf 82' lang='grc' dir='ltr'><strong><em>φυλάξαι·</em></strong></span> <span class='ocrx_word' id='word_1_421' title='bbox 3492 2392 3557 2445; x_wconf 78' lang='grc' dir='ltr'>δι’</span> <span class='ocrx_word' id='word_1_422' title='bbox 3591 2392 3658 2462; x_wconf 79' lang='grc' dir='ltr'><strong><em>ἦν</em></strong></span> <span class='ocrx_word' id='word_1_423' title='bbox 3715 2393 3776 2446; x_wconf 77' lang='grc' dir='ltr'><em>αἱ</em></span> 
     </span>
    </p>
   </div>
   <div class='ocr_carea' id='block_1_55' title="bbox 2198 2480 3778 2559">
    <p class='ocr_par' dir='ltr' id='par_1_55' title="bbox 2198 2480 3778 2559">
     <span class='ocr_line' id='line_1_55' title="bbox 2198 2480 3778 2559; baseline -0.004 -19"><span class='ocrx_word' id='word_1_424' title='bbox 2198 2489 2344 2559; x_wconf 74' lang='grc' dir='ltr'><em>ἱεραὶ</em></span> <span class='ocrx_word' id='word_1_425' title='bbox 2389 2485 2584 2556; x_wconf 72' lang='grc' dir='ltr'>βίϐλοι,</span> <span class='ocrx_word' id='word_1_426' title='bbox 2638 2484 2768 2537; x_wconf 80' lang='grc' dir='ltr'><strong>ποτὲ</strong></span> <span class='ocrx_word' id='word_1_427' title='bbox 2820 2483 2919 2554; x_wconf 78' lang='grc' dir='ltr'><strong><em>μὲν</em></strong></span> <span class='ocrx_word' id='word_1_428' title='bbox 2949 2480 3163 2553; x_wconf 82' lang='grc' dir='ltr'><strong><em>πρώτου</em></strong></span> <span class='ocrx_word' id='word_1_429' title='bbox 3201 2481 3502 2552; x_wconf 83' lang='grc' dir='ltr'><em>μέμνηνται</em></span> <span class='ocrx_word' id='word_1_430' title='bbox 3531 2480 3622 2534; x_wconf 80' lang='grc' dir='ltr'><strong><em>τοῦ</em></strong></span> <span class='ocrx_word' id='word_1_431' title='bbox 3657 2482 3778 2533; x_wconf 79' lang='grc' dir='ltr'><em>Πα-</em></span> 
     </span>
    </p>
   </div>
   <div class='ocr_carea' id='block_1_56' title="bbox 2196 2573 3774 2648">
    <p class='ocr_par' dir='ltr' id='par_1_56' title="bbox 2196 2573 3774 2648">
     <span class='ocr_line' id='line_1_56' title="bbox 2196 2573 3774 2648; baseline -0.004 -18"><span class='ocrx_word' id='word_1_432' title='bbox 2196 2578 2322 2648; x_wconf 80' lang='grc' dir='ltr'><strong><em>τρὸς</em></strong></span> <span class='ocrx_word' id='word_1_433' title='bbox 2345 2618 2360 2641; x_wconf 95' lang='grc'><strong><em>,</em></strong></span> <span class='ocrx_word' id='word_1_434' title='bbox 2401 2577 2494 2629; x_wconf 77' lang='grc' dir='ltr'><strong><em>καὶ</em></strong></span> <span class='ocrx_word' id='word_1_435' title='bbox 2543 2574 2684 2628; x_wconf 78' lang='grc' dir='ltr'><strong><em>οὕτω</em></strong></span> <span class='ocrx_word' id='word_1_436' title='bbox 2716 2573 2810 2626; x_wconf 76' lang='grc' dir='ltr'><strong><em>τοῦ</em></strong></span> <span class='ocrx_word' id='word_1_437' title='bbox 2845 2574 2998 2640; x_wconf 77' lang='grc' dir='ltr'><strong><em>Υἱοῦ,</em></strong></span> <span class='ocrx_word' id='word_1_438' title='bbox 3053 2575 3086 2645; x_wconf 84' lang='grc' dir='ltr'>ἢ</span> <span class='ocrx_word' id='word_1_439' title='bbox 3120 2573 3215 2627; x_wconf 82' lang='grc' dir='ltr'><strong><em>τοῦ</em></strong></span> <span class='ocrx_word' id='word_1_440' title='bbox 3245 2574 3400 2641; x_wconf 84' lang='grc' dir='ltr'><strong><em>ἁγίου</em></strong></span> <span class='ocrx_word' id='word_1_441' title='bbox 3432 2573 3774 2642; x_wconf 76' lang='grc' dir='ltr'><em>Πνεύματοςο</em></span> 
     </span>
    </p>
   </div>
   <div class='ocr_carea' id='block_1_57' title="bbox 2197 2663 3776 2736">
    <p class='ocr_par' dir='ltr' id='par_1_57' title="bbox 2197 2663 3776 2736">
     <span class='ocr_line' id='line_1_57' title="bbox 2197 2663 3776 2736; baseline 0 -20"><span class='ocrx_word' id='word_1_442' title='bbox 2197 2663 2328 2716; x_wconf 83' lang='grc' dir='ltr'><strong><em>ποτὲ</em></strong></span> <span class='ocrx_word' id='word_1_443' title='bbox 2349 2663 2404 2717; x_wconf 78' lang='grc' dir='ltr'><strong><em>δὲ</em></strong></span> <span class='ocrx_word' id='word_1_444' title='bbox 2432 2663 2648 2736; x_wconf 80' lang='grc' dir='ltr'><strong><em>πρώτου</em></strong></span> <span class='ocrx_word' id='word_1_445' title='bbox 2684 2666 3083 2735; x_wconf 83' lang='grc' dir='ltr'><em>ὲπιμέμνηνται</em></span> <span class='ocrx_word' id='word_1_446' title='bbox 3109 2665 3201 2718; x_wconf 79' lang='grc' dir='ltr'><strong><em>τοῦ</em></strong></span> <span class='ocrx_word' id='word_1_447' title='bbox 3229 2663 3386 2728; x_wconf 78' lang='grc' dir='ltr'><strong><em>Υὶοῦ,</em></strong></span> <span class='ocrx_word' id='word_1_448' title='bbox 3425 2663 3513 2716; x_wconf 82' lang='grc' dir='ltr'>διὰ</span> <span class='ocrx_word' id='word_1_449' title='bbox 3572 2663 3633 2716; x_wconf 78' lang='grc' dir='ltr'><strong><em>τὸ</em></strong></span> <span class='ocrx_word' id='word_1_450' title='bbox 3673 2666 3776 2734; x_wconf 76' lang='grc' dir='ltr'><strong><em>τῆς</em></strong></span> 
     </span>
    </p>
   </div>
   <div class='ocr_carea' id='block_1_58' title="bbox 2197 2754 3774 2826">
    <p class='ocr_par' dir='ltr' id='par_1_58' title="bbox 2197 2754 3774 2826">
     <span class='ocr_line' id='line_1_58' title="bbox 2197 2754 3774 2826; baseline 0 -18"><span class='ocrx_word' id='word_1_451' title='bbox 2197 2755 2411 2824; x_wconf 84' lang='grc' dir='ltr'><strong><em>φύσεως</em></strong></span> <span class='ocrx_word' id='word_1_452' title='bbox 2435 2756 2750 2826; x_wconf 80' lang='grc' dir='ltr'><strong><em>ἀμέριστον,</em></strong></span> <span class='ocrx_word' id='word_1_453' title='bbox 2776 2758 2867 2808; x_wconf 77' lang='grc' dir='ltr'><strong><em>καὶ</em></strong></span> <span class='ocrx_word' id='word_1_454' title='bbox 2901 2755 3002 2824; x_wconf 81' lang='grc' dir='ltr'><strong><em>τῆς</em></strong></span> <span class='ocrx_word' id='word_1_455' title='bbox 3025 2755 3300 2823; x_wconf 80' lang='grc' dir='ltr'><em>θεολογίας</em></span> <span class='ocrx_word' id='word_1_456' title='bbox 3342 2755 3403 2808; x_wconf 86' lang='grc' dir='ltr'>τὺ</span> <span class='ocrx_word' id='word_1_457' title='bbox 3433 2754 3774 2825; x_wconf 56' lang='grc' dir='ltr'><strong><em>Ἲάδιάφορονο</em></strong></span> 
     </span>
    </p>
   </div>
   <div class='ocr_carea' id='block_1_59' title="bbox 2197 2844 3774 2918">
    <p class='ocr_par' dir='ltr' id='par_1_59' title="bbox 2197 2844 3774 2918">
     <span class='ocr_line' id='line_1_59' title="bbox 2197 2844 3774 2918; baseline -0.001 -19"><span class='ocrx_word' id='word_1_458' title='bbox 2197 2845 2274 2909; x_wconf 86' lang='grc' dir='ltr'><strong><em>ὼς</em></strong></span> <span class='ocrx_word' id='word_1_459' title='bbox 2305 2846 2433 2899; x_wconf 82' lang='grc' dir='ltr'><strong><em>ὃταν</em></strong></span> <span class='ocrx_word' id='word_1_460' title='bbox 2458 2845 2591 2917; x_wconf 76' lang='grc' dir='ltr'><strong><em>λέγῃ</em></strong></span> <span class='ocrx_word' id='word_1_461' title='bbox 2624 2845 2763 2910; x_wconf 79' lang='grc' dir='ltr'><strong><em>Ἰὼϐ,</em></strong></span> <span class='ocrx_word' id='word_1_462' title='bbox 2798 2847 3007 2916; x_wconf 80' lang='grc' dir='ltr'><em>τρανῶς</em></span> <span class='ocrx_word' id='word_1_463' title='bbox 3039 2845 3137 2917; x_wconf 80' lang='grc' dir='ltr'><strong><em>τὴν</em></strong></span> <span class='ocrx_word' id='word_1_464' title='bbox 3175 2845 3380 2918; x_wconf 81' lang='grc' dir='ltr'><em>Τριὰδα</em></span> <span class='ocrx_word' id='word_1_465' title='bbox 3423 2845 3599 2916; x_wconf 78' lang='grc' dir='ltr'><strong><em>δηλῶν</em></strong></span> <span class='ocrx_word' id='word_1_466' title='bbox 3619 2863 3634 2877; x_wconf 87' lang='grc'><strong>·</strong></span> <span class='ocrx_word' id='word_1_467' title='bbox 3685 2844 3774 2914; x_wconf 77' lang='grc' dir='ltr'><strong><em>Ζῆ</em></strong></span> 
     </span>
    </p>
   </div>
   <div class='ocr_carea' id='block_1_60' title="bbox 597 2980 2093 3093">
    <p class='ocr_par' dir='ltr' id='par_1_60' title="bbox 597 2980 2085 3093">
     <span class='ocr_line' id='line_1_60' title="bbox 597 2980 2085 3093; baseline 0.001 -23"><span class='ocrx_word' id='word_1_468' title='bbox 597 3015 725 3093; x_wconf 61' lang='lat' dir='ltr'><strong>(D9)</strong></span> <span class='ocrx_word' id='word_1_469' title='bbox 749 3015 1045 3093; x_wconf 69' lang='lat' dir='ltr'><strong><em>Descendit.</em></strong></span> <span class='ocrx_word' id='word_1_470' title='bbox 1107 3017 1434 3093; x_wconf 83' lang='lat' dir='ltr'><strong><em>ln__Vu|galo</em></strong></span> <span class='ocrx_word' id='word_1_471' title='bbox 1487 3019 1792 3093; x_wconf 65' lang='lat' dir='ltr'><strong><em>interprete</em></strong></span> <span class='ocrx_word' id='word_1_472' title='bbox 1817 3019 1956 3073; x_wconf 88' lang='lat' dir='ltr'><strong><em>haud</em></strong></span> <span class='ocrx_word' id='word_1_473' title='bbox 2012 3019 2085 3093; x_wconf 83' lang='lat' dir='ltr'><strong><em>ita</em></strong></span> 
     </span>
    </p>
   </div>
   <div class='ocr_carea' id='block_1_61' title="bbox 2208 2980 3347 3093">
    <p class='ocr_par' dir='ltr' id='par_1_61' title="bbox 2208 3020 3347 3093">
     <span class='ocr_line' id='line_1_61' title="bbox 2208 3020 3347 3093; baseline 0.001 -18"><span class='ocrx_word' id='word_1_474' title='bbox 2208 3029 2335 3093; x_wconf 66' lang='lat' dir='ltr'><strong><em>teut,</em></strong></span> <span class='ocrx_word' id='word_1_475' title='bbox 2369 3020 2533 3093; x_wconf 64' lang='grc' dir='ltr'><strong><em>αξ)τοῦ</em></strong></span> <span class='ocrx_word' id='word_1_476' title='bbox 2569 3021 2863 3093; x_wconf 76' lang='grc' dir='ltr'><em>μάρτυρες,</em></span> <span class='ocrx_word' id='word_1_477' title='bbox 2896 3030 2972 3088; x_wconf 89' lang='lat' dir='ltr'><strong><em>et,</em></strong></span> <span class='ocrx_word' id='word_1_478' title='bbox 3009 3021 3236 3092; x_wconf 81' lang='grc' dir='ltr'><em>Πνεῦμα</em></span> <span class='ocrx_word' id='word_1_479' title='bbox 3267 3021 3347 3076; x_wconf 82' lang='grc' dir='ltr'><strong><em>δέ.</em></strong></span> 
     </span>
    </p>
   </div>
   <div class='ocr_carea' id='block_1_62' title="bbox 525 3087 2086 3143">
    <p class='ocr_par' dir='ltr' id='par_1_62' title="bbox 525 3087 2086 3143">
     <span class='ocr_line' id='line_1_62' title="bbox 525 3087 2086 3143; baseline 0.003 -4"><span class='ocrx_word' id='word_1_480' title='bbox 525 3087 680 3140; x_wconf 77' lang='lat' dir='ltr'><strong><em>facile</em></strong></span> <span class='ocrx_word' id='word_1_481' title='bbox 716 3088 826 3141; x_wconf 65' lang='lat' dir='ltr'><strong><em>hare</em></strong></span> <span class='ocrx_word' id='word_1_482' title='bbox 867 3088 1126 3140; x_wconf 83' lang='lat' dir='ltr'><strong><em>invenies.</em></strong></span> <span class='ocrx_word' id='word_1_483' title='bbox 1168 3087 1397 3141; x_wconf 75' lang='lat' dir='ltr'><strong><em>Exstant</em></strong></span> <span class='ocrx_word' id='word_1_484' title='bbox 1431 3101 1608 3142; x_wconf 90' lang='lat' dir='ltr'><strong><em>autem</em></strong></span> <span class='ocrx_word' id='word_1_485' title='bbox 1656 3090 1708 3142; x_wconf 89' lang='lat' dir='ltr'><strong><em>in</em></strong></span> <span class='ocrx_word' id='word_1_486' title='bbox 1755 3088 1940 3142; x_wconf 72' lang='lat' dir='ltr'><strong><em>Graeca</em></strong></span> <span class='ocrx_word' id='word_1_487' title='bbox 1971 3091 2086 3143; x_wconf 88' lang='lat' dir='ltr'><strong><em>edi-</em></strong></span> 
     </span>
    </p>
   </div>
   <div class='ocr_carea' id='block_1_63' title="bbox 527 3154 1136 3219">
    <p class='ocr_par' dir='ltr' id='par_1_63' title="bbox 527 3154 1136 3219">
     <span class='ocr_line' id='line_1_63' title="bbox 527 3154 1136 3219; baseline 0 -9"><span class='ocrx_word' id='word_1_488' title='bbox 527 3160 670 3210; x_wconf 90' lang='lat' dir='ltr'><strong><em>tione</em></strong></span> <span class='ocrx_word' id='word_1_489' title='bbox 700 3154 822 3208; x_wconf 81' lang='lat' dir='ltr'><strong><em>lsai.</em></strong></span> <span class='ocrx_word' id='word_1_490' title='bbox 856 3172 1010 3219; x_wconf 80' lang='grc' dir='ltr'>ωιιιι,</span> <span class='ocrx_word' id='word_1_491' title='bbox 1055 3157 1136 3210; x_wconf 58' lang='lat' dir='ltr'><strong><em>id.</em></strong></span> 
     </span>
    </p>
   </div>
   <div class='ocr_carea' id='block_1_64' title="bbox 601 3225 2089 3295">
    <p class='ocr_par' dir='ltr' id='par_1_64' title="bbox 601 3225 2089 3295">
     <span class='ocr_line' id='line_1_64' title="bbox 601 3225 2089 3295; baseline 0.003 -18"><span class='ocrx_word' id='word_1_492' title='bbox 601 3227 676 3295; x_wconf 88' lang='grc'><strong>(1)</strong></span> <span class='ocrx_word' id='word_1_493' title='bbox 716 3225 981 3282; x_wconf 81' lang='lat' dir='ltr'><strong><em>Carnutis.</em></strong></span> <span class='ocrx_word' id='word_1_494' title='bbox 1030 3225 1048 3277; x_wconf 92' lang='lat' dir='ltr'><strong><em>l</em></strong></span> <span class='ocrx_word' id='word_1_495' title='bbox 1105 3227 1232 3282; x_wconf 87' lang='lat' dir='ltr'><strong><em>Cor.</em></strong></span> <span class='ocrx_word' id='word_1_496' title='bbox 1287 3241 1364 3289; x_wconf 93' lang='lat' dir='ltr'><strong>II,</strong></span> <span class='ocrx_word' id='word_1_497' title='bbox 1422 3227 1508 3280; x_wconf 72' lang='lat' dir='ltr'><strong><em>lli.</em></strong></span> <span class='ocrx_word' id='word_1_498' title='bbox 1569 3225 1752 3282; x_wconf 76' lang='lat' dir='ltr'><strong><em>Graeca</em></strong></span> <span class='ocrx_word' id='word_1_499' title='bbox 1804 3227 1988 3285; x_wconf 85' lang='lat' dir='ltr'><strong><em>editio,</em></strong></span> <span class='ocrx_word' id='word_1_500' title='bbox 2034 3239 2089 3282; x_wconf 86' lang='lat' dir='ltr'><strong><em>et</em></strong></span> 
     </span>
    </p>
   </div>
   <div class='ocr_carea' id='block_1_65' title="bbox 530 3295 2081 3366">
    <p class='ocr_par' dir='ltr' id='par_1_65' title="bbox 530 3295 2081 3366">
     <span class='ocr_line' id='line_1_65' title="bbox 530 3295 2081 3366; baseline 0.001 -18"><span class='ocrx_word' id='word_1_501' title='bbox 530 3295 784 3364; x_wconf 82' lang='lat' dir='ltr'><strong><em>Vulgatus</em></strong></span> <span class='ocrx_word' id='word_1_502' title='bbox 813 3297 910 3349; x_wconf 88' lang='lat' dir='ltr'><strong><em>int.</em></strong></span> <span class='ocrx_word' id='word_1_503' title='bbox 948 3298 1125 3361; x_wconf 84' lang='lat' dir='ltr'><strong><em>habet,</em></strong></span> <span class='ocrx_word' id='word_1_504' title='bbox 1156 3297 1401 3366; x_wconf 77' lang='grc' dir='ltr'><strong><em>ψυχικὸς,</em></strong></span> <span class='ocrx_word' id='word_1_505' title='bbox 1435 3299 1484 3350; x_wconf 87' lang='lat' dir='ltr'><strong><em>id</em></strong></span> <span class='ocrx_word' id='word_1_506' title='bbox 1516 3308 1598 3351; x_wconf 85' lang='lat' dir='ltr'><strong><em>est</em></strong></span> <span class='ocrx_word' id='word_1_507' title='bbox 1637 3297 1898 3350; x_wconf 84' lang='lat' dir='ltr'><strong><em>animalis.</em></strong></span> <span class='ocrx_word' id='word_1_508' title='bbox 1943 3299 2081 3363; x_wconf 80' lang='lat' dir='ltr'><strong><em>Quin</em></strong></span> 
     </span>
    </p>
   </div>
   <div class='ocr_carea' id='block_1_66' title="bbox 531 3367 2086 3435">
    <p class='ocr_par' dir='ltr' id='par_1_66' title="bbox 531 3367 2086 3435">
     <span class='ocr_line' id='line_1_66' title="bbox 531 3367 2086 3435; baseline 0.003 -19"><span class='ocrx_word' id='word_1_509' title='bbox 531 3367 784 3435; x_wconf 80' lang='lat' dir='ltr'><strong><em>Didymus</em></strong></span> <span class='ocrx_word' id='word_1_510' title='bbox 833 3368 945 3433; x_wconf 85' lang='lat' dir='ltr'><strong><em>ipse</em></strong></span> <span class='ocrx_word' id='word_1_511' title='bbox 982 3376 1091 3420; x_wconf 89' lang='lat' dir='ltr'><strong><em>tttm</em></strong></span> <span class='ocrx_word' id='word_1_512' title='bbox 1141 3369 1192 3420; x_wconf 91' lang='lat' dir='ltr'><strong><em>in</em></strong></span> <span class='ocrx_word' id='word_1_513' title='bbox 1240 3371 1340 3421; x_wconf 88' lang='lat' dir='ltr'><strong><em>hoc</em></strong></span> <span class='ocrx_word' id='word_1_514' title='bbox 1374 3382 1552 3434; x_wconf 83' lang='lat' dir='ltr'><strong><em>opere,</em></strong></span> <span class='ocrx_word' id='word_1_515' title='bbox 1582 3381 1753 3433; x_wconf 72' lang='lat' dir='ltr'><strong><em>segni.</em></strong></span> <span class='ocrx_word' id='word_1_516' title='bbox 1787 3367 1856 3420; x_wconf 71' lang='lat'><strong><em>‘28</em></strong></span> <span class='ocrx_word' id='word_1_517' title='bbox 1893 3368 1941 3432; x_wconf 70' lang='grc' dir='ltr'><em>ὸ,</em></span> <span class='ocrx_word' id='word_1_518' title='bbox 1983 3368 2086 3421; x_wconf 71' lang='grc'><strong>131»</strong></span> 
     </span>
    </p>
   </div>
   <div class='ocr_carea' id='block_1_67' title="bbox 527 3435 2089 3505">
    <p class='ocr_par' dir='ltr' id='par_1_67' title="bbox 527 3435 2089 3505">
     <span class='ocr_line' id='line_1_67' title="bbox 527 3435 2089 3505; baseline 0.003 -18"><span class='ocrx_word' id='word_1_519' title='bbox 527 3455 581 3497; x_wconf 83' lang='grc' dir='ltr'><strong><em>ο,</em></strong></span> <span class='ocrx_word' id='word_1_520' title='bbox 613 3448 664 3488; x_wconf 90' lang='lat' dir='ltr'><strong><em>et</em></strong></span> <span class='ocrx_word' id='word_1_521' title='bbox 689 3435 838 3495; x_wconf 82' lang='lat' dir='ltr'><strong><em>alibi,</em></strong></span> <span class='ocrx_word' id='word_1_522' title='bbox 881 3447 990 3488; x_wconf 90' lang='lat' dir='ltr'><strong><em>tum</em></strong></span> <span class='ocrx_word' id='word_1_523' title='bbox 1023 3438 1074 3490; x_wconf 87' lang='lat' dir='ltr'><strong><em>in</em></strong></span> <span class='ocrx_word' id='word_1_524' title='bbox 1100 3437 1234 3491; x_wconf 90' lang='lat' dir='ltr'><strong><em>libro</em></strong></span> <span class='ocrx_word' id='word_1_525' title='bbox 1259 3438 1330 3490; x_wconf 85' lang='lat' dir='ltr'><strong><em>De</em></strong></span> <span class='ocrx_word' id='word_1_526' title='bbox 1357 3439 1562 3505; x_wconf 80' lang='lat' dir='ltr'><strong><em>Spiritu</em></strong></span> <span class='ocrx_word' id='word_1_527' title='bbox 1596 3445 1798 3500; x_wconf 88' lang='lat' dir='ltr'><strong><em>sancto,</em></strong></span> <span class='ocrx_word' id='word_1_528' title='bbox 1827 3453 1972 3490; x_wconf 90' lang='lat' dir='ltr'><strong><em>num.</em></strong></span> <span class='ocrx_word' id='word_1_529' title='bbox 1997 3439 2089 3500; x_wconf 82' lang='grc'><strong><em>51,</em></strong></span> 
     </span>
    </p>
   </div>
   <div class='ocr_carea' id='block_1_68' title="bbox 530 3505 2090 3572">
    <p class='ocr_par' dir='ltr' id='par_1_68' title="bbox 530 3505 2090 3572">
     <span class='ocr_line' id='line_1_68' title="bbox 530 3505 2090 3572; baseline 0.001 -15"><span class='ocrx_word' id='word_1_530' title='bbox 530 3505 722 3568; x_wconf 81' lang='lat' dir='ltr'><strong><em>habet,</em></strong></span> <span class='ocrx_word' id='word_1_531' title='bbox 755 3507 1032 3570; x_wconf 78' lang='lat' dir='ltr'><strong><em>animalis,</em></strong></span> <span class='ocrx_word' id='word_1_532' title='bbox 1067 3521 1170 3560; x_wconf 88' lang='lat' dir='ltr'><strong><em>non</em></strong></span> <span class='ocrx_word' id='word_1_533' title='bbox 1201 3522 1358 3571; x_wconf 73' lang='lat' dir='ltr'><strong><em>vero,</em></strong></span> <span class='ocrx_word' id='word_1_534' title='bbox 1393 3508 1643 3561; x_wconf 80' lang='lat' dir='ltr'><strong><em>carnalis.</em></strong></span> <span class='ocrx_word' id='word_1_535' title='bbox 1676 3506 1828 3572; x_wconf 82' lang='lat' dir='ltr'><strong><em>Quod</em></strong></span> <span class='ocrx_word' id='word_1_536' title='bbox 1868 3508 1912 3561; x_wconf 87' lang='lat' dir='ltr'><strong><em>si</em></strong></span> <span class='ocrx_word' id='word_1_537' title='bbox 1947 3508 2090 3562; x_wconf 86' lang='lat' dir='ltr'><strong><em>edita</em></strong></span> 
     </span>
    </p>
   </div>
   <div class='ocr_carea' id='block_1_69' title="bbox 531 3574 2093 3646">
    <p class='ocr_par' dir='ltr' id='par_1_69' title="bbox 531 3574 2093 3646">
     <span class='ocr_line' id='line_1_69' title="bbox 531 3574 2093 3646; baseline 0.001 -19"><span class='ocrx_word' id='word_1_538' title='bbox 531 3585 734 3628; x_wconf 85' lang='lat' dir='ltr'><strong><em>tantum</em></strong></span> <span class='ocrx_word' id='word_1_539' title='bbox 763 3574 878 3642; x_wconf 86' lang='lat' dir='ltr'><strong><em>ejus</em></strong></span> <span class='ocrx_word' id='word_1_540' title='bbox 910 3575 1027 3629; x_wconf 89' lang='lat' dir='ltr'><strong><em>libri</em></strong></span> <span class='ocrx_word' id='word_1_541' title='bbox 1047 3577 1372 3645; x_wconf 73' lang='lat' dir='ltr'><strong><em>exemplaria</em></strong></span> <span class='ocrx_word' id='word_1_542' title='bbox 1398 3586 1721 3646; x_wconf 86' lang='lat' dir='ltr'><strong><em>spectemus,</em></strong></span> <span class='ocrx_word' id='word_1_543' title='bbox 1742 3577 2006 3632; x_wconf 88' lang='lat' dir='ltr'><strong><em>videbitur</em></strong></span> <span class='ocrx_word' id='word_1_544' title='bbox 2024 3577 2093 3630; x_wconf 92' lang='lat' dir='ltr'><strong><em>ibi</em></strong></span> 
     </span>
    </p>
   </div>
   <div class='ocr_carea' id='block_1_70' title="bbox 527 3646 2088 3715">
    <p class='ocr_par' dir='ltr' id='par_1_70' title="bbox 527 3646 2088 3715">
     <span class='ocr_line' id='line_1_70' title="bbox 527 3646 2088 3715; baseline 0.002 -19"><span class='ocrx_word' id='word_1_545' title='bbox 527 3646 689 3714; x_wconf 85' lang='lat' dir='ltr'><strong><em>paulo</em></strong></span> <span class='ocrx_word' id='word_1_546' title='bbox 714 3656 830 3714; x_wconf 86' lang='lat' dir='ltr'><strong><em>post</em></strong></span> <span class='ocrx_word' id='word_1_547' title='bbox 867 3646 1077 3715; x_wconf 75' lang='lat' dir='ltr'><strong><em>legisse,</em></strong></span> <span class='ocrx_word' id='word_1_548' title='bbox 1119 3663 1181 3701; x_wconf 90' lang='lat' dir='ltr'><strong><em>ea</em></strong></span> <span class='ocrx_word' id='word_1_549' title='bbox 1214 3663 1330 3715; x_wconf 69' lang='lat' dir='ltr'><strong><em>quin</em></strong></span> <span class='ocrx_word' id='word_1_550' title='bbox 1359 3646 1587 3714; x_wconf 85' lang='lat' dir='ltr'><strong><em>Spiritus</em></strong></span> <span class='ocrx_word' id='word_1_551' title='bbox 1625 3658 1766 3712; x_wconf 89' lang='lat' dir='ltr'><strong><em>sunt,</em></strong></span> <span class='ocrx_word' id='word_1_552' title='bbox 1803 3662 1908 3700; x_wconf 92' lang='lat' dir='ltr'><strong><em>non</em></strong></span> <span class='ocrx_word' id='word_1_553' title='bbox 1939 3663 2088 3710; x_wconf 88' lang='lat' dir='ltr'><strong><em>vero,</em></strong></span> 
     </span>
    </p>
   </div>
   <div class='ocr_carea' id='block_1_71' title="bbox 530 3713 2095 3782">
    <p class='ocr_par' dir='ltr' id='par_1_71' title="bbox 530 3713 2095 3782">
     <span class='ocr_line' id='line_1_71' title="bbox 530 3713 2095 3782; baseline 0.004 -16"><span class='ocrx_word' id='word_1_554' title='bbox 530 3733 593 3767; x_wconf 89' lang='lat' dir='ltr'><strong><em>ea</em></strong></span> <span class='ocrx_word' id='word_1_555' title='bbox 616 3713 730 3782; x_wconf 64' lang='lat' dir='ltr'><strong><em>qua}</em></strong></span> <span class='ocrx_word' id='word_1_556' title='bbox 757 3727 878 3769; x_wconf 83' lang='lat' dir='ltr'><strong><em>sunt</em></strong></span> <span class='ocrx_word' id='word_1_557' title='bbox 908 3713 1138 3782; x_wconf 84' lang='lat' dir='ltr'><strong><em>Spiritus</em></strong></span> <span class='ocrx_word' id='word_1_558' title='bbox 1161 3713 1272 3770; x_wconf 80' lang='lat' dir='ltr'><strong><em>Dei.</em></strong></span> <span class='ocrx_word' id='word_1_559' title='bbox 1299 3718 1368 3770; x_wconf 83' lang='lat' dir='ltr'><strong><em>At</em></strong></span> <span class='ocrx_word' id='word_1_560' title='bbox 1400 3713 1484 3771; x_wconf 86' lang='lat' dir='ltr'><strong><em>res</em></strong></span> <span class='ocrx_word' id='word_1_561' title='bbox 1514 3718 1668 3771; x_wconf 79' lang='lat' dir='ltr'><strong><em>aliter</em></strong></span> <span class='ocrx_word' id='word_1_562' title='bbox 1700 3732 1758 3772; x_wconf 88' lang='lat' dir='ltr'><strong><em>se</em></strong></span> <span class='ocrx_word' id='word_1_563' title='bbox 1787 3717 2020 3782; x_wconf 84' lang='lat' dir='ltr'><strong><em>habebit,</em></strong></span> <span class='ocrx_word' id='word_1_564' title='bbox 2049 3719 2095 3772; x_wconf 83' lang='lat' dir='ltr'><strong><em>si</em></strong></span> 
     </span>
    </p>
   </div>
   <div class='ocr_carea' id='block_1_72' title="bbox 533 3787 2090 3855">
    <p class='ocr_par' dir='ltr' id='par_1_72' title="bbox 533 3787 2090 3855">
     <span class='ocr_line' id='line_1_72' title="bbox 533 3787 2090 3855; baseline 0.001 -17"><span class='ocrx_word' id='word_1_565' title='bbox 533 3787 770 3839; x_wconf 88' lang='lat' dir='ltr'><strong><em>codicem</em></strong></span> <span class='ocrx_word' id='word_1_566' title='bbox 801 3801 900 3839; x_wconf 92' lang='lat' dir='ltr'><strong><em>ms.</em></strong></span> <span class='ocrx_word' id='word_1_567' title='bbox 942 3787 1279 3842; x_wconf 67' lang='lat' dir='ltr'><strong><em>bibliothecm</em></strong></span> <span class='ocrx_word' id='word_1_568' title='bbox 1302 3798 1496 3841; x_wconf 71' lang='lat' dir='ltr'><strong><em>nostra:</em></strong></span> <span class='ocrx_word' id='word_1_569' title='bbox 1529 3788 1812 3855; x_wconf 88' lang='lat' dir='ltr'><strong><em>inspicere,</em></strong></span> <span class='ocrx_word' id='word_1_570' title='bbox 1837 3801 1898 3839; x_wconf 88' lang='lat' dir='ltr'><strong><em>ac</em></strong></span> <span class='ocrx_word' id='word_1_571' title='bbox 1937 3788 2090 3854; x_wconf 79' lang='lat' dir='ltr'><strong><em>sequi</em></strong></span> 
     </span>
    </p>
   </div>
   <div class='ocr_carea' id='block_1_73' title="bbox 531 3855 2096 3917">
    <p class='ocr_par' dir='ltr' id='par_1_73' title="bbox 531 3855 2096 3917">
     <span class='ocr_line' id='line_1_73' title="bbox 531 3855 2096 3917; baseline 0.003 -11"><span class='ocrx_word' id='word_1_572' title='bbox 531 3856 802 3908; x_wconf 84' lang='lat' dir='ltr'><strong><em>malimus.</em></strong></span> <span class='ocrx_word' id='word_1_573' title='bbox 854 3855 930 3908; x_wconf 84' lang='lat' dir='ltr'><strong><em>En</em></strong></span> <span class='ocrx_word' id='word_1_574' title='bbox 979 3867 1146 3909; x_wconf 88' lang='lat' dir='ltr'><strong><em>totum</em></strong></span> <span class='ocrx_word' id='word_1_575' title='bbox 1199 3857 1406 3917; x_wconf 90' lang='lat' dir='ltr'><strong><em>locum,</em></strong></span> <span class='ocrx_word' id='word_1_576' title='bbox 1439 3868 1496 3909; x_wconf 91' lang='lat' dir='ltr'><strong><em>ut</em></strong></span> <span class='ocrx_word' id='word_1_577' title='bbox 1528 3869 1705 3910; x_wconf 72' lang='lat' dir='ltr'><strong><em>eXStat</em></strong></span> <span class='ocrx_word' id='word_1_578' title='bbox 1757 3859 1807 3909; x_wconf 89' lang='lat' dir='ltr'><strong>iII</strong></span> <span class='ocrx_word' id='word_1_579' title='bbox 1860 3858 2096 3910; x_wconf 81' lang='lat' dir='ltr'><strong><em>editione</em></strong></span> 
     </span>
    </p>
   </div>
   <div class='ocr_carea' id='block_1_74' title="bbox 530 3923 2100 3994">
    <p class='ocr_par' dir='ltr' id='par_1_74' title="bbox 530 3923 2100 3994">
     <span class='ocr_line' id='line_1_74' title="bbox 530 3923 2100 3994; baseline 0.003 -18"><span class='ocrx_word' id='word_1_580' title='bbox 530 3923 873 3979; x_wconf 88' lang='lat' dir='ltr'><strong><em>Veronensi:</em></strong></span> <span class='ocrx_word' id='word_1_581' title='bbox 931 3942 948 3974; x_wconf 84' lang='grc' dir='ltr'><strong><em>ι</em></strong></span> <span class='ocrx_word' id='word_1_582' title='bbox 993 3925 1214 3980; x_wconf 78' lang='lat' dir='ltr'><strong><em>Docebit</em></strong></span> <span class='ocrx_word' id='word_1_583' title='bbox 1261 3941 1388 3980; x_wconf 87' lang='lat' dir='ltr'><strong><em>vero</em></strong></span> <span class='ocrx_word' id='word_1_584' title='bbox 1429 3941 1532 3979; x_wconf 90' lang='lat' dir='ltr'><strong><em>non</em></strong></span> <span class='ocrx_word' id='word_1_585' title='bbox 1585 3927 1739 3994; x_wconf 82' lang='lat' dir='ltr'><strong><em>quasi</em></strong></span> <span class='ocrx_word' id='word_1_586' title='bbox 1783 3926 1992 3988; x_wconf 86' lang='lat' dir='ltr'><strong><em>doctor,</em></strong></span> <span class='ocrx_word' id='word_1_587' title='bbox 2044 3938 2100 3980; x_wconf 90' lang='lat' dir='ltr'><strong><em>et</em></strong></span> 
     </span>
    </p>
   </div>
   <div class='ocr_carea' id='block_1_75' title="bbox 533 3996 2094 4065">
    <p class='ocr_par' dir='ltr' id='par_1_75' title="bbox 533 3996 2094 4065">
     <span class='ocr_line' id='line_1_75' title="bbox 533 3996 2094 4065; baseline 0.001 -18"><span class='ocrx_word' id='word_1_588' title='bbox 533 4005 789 4062; x_wconf 69' lang='lat' dir='ltr'><strong><em>magister</em></strong></span> <span class='ocrx_word' id='word_1_589' title='bbox 812 3996 1125 4062; x_wconf 63' lang='lat' dir='ltr'><strong><em>disciplima,</em></strong></span> <span class='ocrx_word' id='word_1_590' title='bbox 1155 4012 1312 4065; x_wconf 86' lang='lat' dir='ltr'><strong><em>quam</em></strong></span> <span class='ocrx_word' id='word_1_591' title='bbox 1363 3996 1575 4048; x_wconf 83' lang='lat' dir='ltr'><strong><em>aliunde</em></strong></span> <span class='ocrx_word' id='word_1_592' title='bbox 1597 4006 1682 4049; x_wconf 90' lang='lat' dir='ltr'><strong><em>est</em></strong></span> <span class='ocrx_word' id='word_1_593' title='bbox 1703 4005 2094 4050; x_wconf 88' lang='lat' dir='ltr'><strong><em>consecutus...</em></strong></span> 
     </span>
    </p>
   </div>
   <div class='ocr_carea' id='block_1_76' title="bbox 533 4065 2096 4133">
    <p class='ocr_par' dir='ltr' id='par_1_76' title="bbox 533 4065 2096 4133">
     <span class='ocr_line' id='line_1_76' title="bbox 533 4065 2096 4133; baseline 0 -17"><span class='ocrx_word' id='word_1_594' title='bbox 533 4068 626 4117; x_wconf 86' lang='lat' dir='ltr'><strong><em>sed</em></strong></span> <span class='ocrx_word' id='word_1_595' title='bbox 667 4066 822 4131; x_wconf 85' lang='lat' dir='ltr'><strong><em>quasi</em></strong></span> <span class='ocrx_word' id='word_1_596' title='bbox 865 4067 976 4132; x_wconf 90' lang='lat' dir='ltr'><strong><em>ipse</em></strong></span> <span class='ocrx_word' id='word_1_597' title='bbox 1021 4081 1138 4126; x_wconf 85' lang='lat' dir='ltr'><strong><em>ars,</em></strong></span> <span class='ocrx_word' id='word_1_598' title='bbox 1191 4077 1353 4133; x_wconf 75' lang='lat' dir='ltr'><strong><em>atque</em></strong></span> <span class='ocrx_word' id='word_1_599' title='bbox 1395 4065 1661 4126; x_wconf 88' lang='lat' dir='ltr'><strong><em>doctrina,</em></strong></span> <span class='ocrx_word' id='word_1_600' title='bbox 1704 4073 1758 4116; x_wconf 87' lang='lat' dir='ltr'><strong><em>et</em></strong></span> <span class='ocrx_word' id='word_1_601' title='bbox 1800 4067 2096 4131; x_wconf 78' lang='lat' dir='ltr'><strong><em>sapientia,</em></strong></span> 
     </span>
    </p>
   </div>
   <div class='ocr_carea' id='block_1_77' title="bbox 530 4134 2095 4201">
    <p class='ocr_par' dir='ltr' id='par_1_77' title="bbox 530 4134 2095 4201">
     <span class='ocr_line' id='line_1_77' title="bbox 530 4134 2095 4201; baseline 0.003 -18"><span class='ocrx_word' id='word_1_602' title='bbox 530 4134 883 4201; x_wconf 74' lang='lat' dir='ltr'><strong><em>veritatisque</em></strong></span> <span class='ocrx_word' id='word_1_603' title='bbox 915 4135 1238 4201; x_wconf 66' lang='lat' dir='ltr'><strong><em>Spiritus...</em></strong></span> <span class='ocrx_word' id='word_1_604' title='bbox 1267 4141 1521 4186; x_wconf 75' lang='lat' dir='ltr'><strong><em>audacter</em></strong></span> <span class='ocrx_word' id='word_1_605' title='bbox 1546 4134 1650 4186; x_wconf 88' lang='lat' dir='ltr'><strong><em>alio</em></strong></span> <span class='ocrx_word' id='word_1_606' title='bbox 1683 4136 2048 4187; x_wconf 70' lang='lat' dir='ltr'><strong><em>conclamaute</em></strong></span> <span class='ocrx_word' id='word_1_607' title='bbox 2081 4152 2095 4188; x_wconf 88' lang='lat'><strong>:</strong></span> 
     </span>
    </p>
   </div>
   <div class='ocr_carea' id='block_1_78' title="bbox 2265 3089 3184 3160">
    <p class='ocr_par' dir='ltr' id='par_1_78' title="bbox 2265 3089 3184 3160">
     <span class='ocr_line' id='line_1_78' title="bbox 2265 3089 3184 3160; baseline 0.002 -17"><span class='ocrx_word' id='word_1_608' title='bbox 2265 3091 2342 3160; x_wconf 81' lang='lat'><strong>(5)</strong></span> <span class='ocrx_word' id='word_1_609' title='bbox 2383 3089 2514 3144; x_wconf 84' lang='lat' dir='ltr'><strong><em>Cum</em></strong></span> <span class='ocrx_word' id='word_1_610' title='bbox 2545 3089 2924 3146; x_wconf 26' lang='lat' dir='ltr'><strong><em>a‘Iltenthoan.</em></strong></span> <span class='ocrx_word' id='word_1_611' title='bbox 2959 3108 3067 3153; x_wconf 74' lang='lat' dir='ltr'><strong><em>xw,</em></strong></span> <span class='ocrx_word' id='word_1_612' title='bbox 3099 3089 3184 3145; x_wconf 48' lang='lat'><strong><em>15&#39;.</em></strong></span> 
     </span>
    </p>
   </div>
   <div class='ocr_carea' id='block_1_79' title="bbox 2266 3160 3772 3248">
    <p class='ocr_par' dir='ltr' id='par_1_79' title="bbox 2266 3160 3772 3248">
     <span class='ocr_line' id='line_1_79' title="bbox 2266 3160 3772 3248; baseline -0.005 -26"><span class='ocrx_word' id='word_1_613' title='bbox 2266 3160 2358 3238; x_wconf 40' lang='lat'><strong>(&#39;5).</strong></span> <span class='ocrx_word' id='word_1_614' title='bbox 2403 3160 2657 3248; x_wconf 43' lang='lat' dir='ltr'><strong><em>lffdpcet...</em></strong></span> <span class='ocrx_word' id='word_1_615' title='bbox 2674 3162 2806 3248; x_wconf 46' lang='lat' dir='ltr'><strong><em>Sive</em></strong></span> <span class='ocrx_word' id='word_1_616' title='bbox 2822 3201 2837 3225; x_wconf 89' lang='lat'><strong><em>,</em></strong></span> <span class='ocrx_word' id='word_1_617' title='bbox 2871 3163 3098 3248; x_wconf 47' lang='lat' dir='ltr'><strong><em>diriget,</em></strong></span> <span class='ocrx_word' id='word_1_618' title='bbox 3122 3171 3197 3248; x_wconf 43' lang='grc' dir='ltr'>,ιιι</span> <span class='ocrx_word' id='word_1_619' title='bbox 3223 3161 3477 3216; x_wconf 80' lang='lat' dir='ltr'><strong><em>transfert</em></strong></span> <span class='ocrx_word' id='word_1_620' title='bbox 3505 3161 3772 3248; x_wconf 65' lang='lat' dir='ltr'><strong><em>Hierony.</em></strong></span> 
     </span>
    </p>
   </div>
   <div class='ocr_carea' id='block_1_80' title="bbox 2196 3229 3772 3300">
    <p class='ocr_par' dir='ltr' id='par_1_80' title="bbox 2196 3229 3772 3300">
     <span class='ocr_line' id='line_1_80' title="bbox 2196 3229 3772 3300; baseline 0.003 -19"><span class='ocrx_word' id='word_1_621' title='bbox 2196 3229 2316 3300; x_wconf 85' lang='lat' dir='ltr'><strong><em>mus</em></strong></span> <span class='ocrx_word' id='word_1_622' title='bbox 2346 3229 2399 3281; x_wconf 91' lang='lat' dir='ltr'><strong><em>in</em></strong></span> <span class='ocrx_word' id='word_1_623' title='bbox 2431 3231 2639 3300; x_wconf 84' lang='lat' dir='ltr'><strong><em>Didymi</em></strong></span> <span class='ocrx_word' id='word_1_624' title='bbox 2672 3230 2808 3284; x_wconf 90' lang='lat' dir='ltr'><strong><em>libro</em></strong></span> <span class='ocrx_word' id='word_1_625' title='bbox 2860 3231 2936 3284; x_wconf 88' lang='lat' dir='ltr'><strong><em>De</em></strong></span> <span class='ocrx_word' id='word_1_626' title='bbox 2980 3229 3193 3300; x_wconf 71' lang='lat' dir='ltr'><strong><em>Spiritu</em></strong></span> <span class='ocrx_word' id='word_1_627' title='bbox 3243 3243 3438 3299; x_wconf 82' lang='lat' dir='ltr'><strong><em>stmcto,</em></strong></span> <span class='ocrx_word' id='word_1_628' title='bbox 3475 3247 3623 3286; x_wconf 89' lang='lat' dir='ltr'><strong><em>num.</em></strong></span> <span class='ocrx_word' id='word_1_629' title='bbox 3677 3229 3772 3287; x_wconf 76' lang='lat'><strong><em>53.</em></strong></span> 
     </span>
    </p>
   </div>
   <div class='ocr_carea' id='block_1_81' title="bbox 2198 3299 3030 3367">
    <p class='ocr_par' dir='ltr' id='par_1_81' title="bbox 2198 3299 3030 3367">
     <span class='ocr_line' id='line_1_81' title="bbox 2198 3299 3030 3367; baseline 0.001 -15"><span class='ocrx_word' id='word_1_630' title='bbox 2198 3299 2452 3367; x_wconf 79' lang='lat' dir='ltr'><strong><em>Vulgatns</em></strong></span> <span class='ocrx_word' id='word_1_631' title='bbox 2477 3299 2742 3366; x_wconf 86' lang='lat' dir='ltr'><strong><em>interpres</em></strong></span> <span class='ocrx_word' id='word_1_632' title='bbox 2764 3313 2778 3352; x_wconf 90' lang='lat'><strong>:</strong></span> <span class='ocrx_word' id='word_1_633' title='bbox 2807 3300 3030 3359; x_wconf 81' lang='lat' dir='ltr'><strong><em>docebit.</em></strong></span> 
     </span>
    </p>
   </div>
   <div class='ocr_carea' id='block_1_82' title="bbox 2266 3369 3769 3439">
    <p class='ocr_par' dir='ltr' id='par_1_82' title="bbox 2266 3369 3769 3439">
     <span class='ocr_line' id='line_1_82' title="bbox 2266 3369 3769 3439; baseline 0.003 -19"><span class='ocrx_word' id='word_1_634' title='bbox 2266 3369 2343 3439; x_wconf 87' lang='lat'><strong>(7)</strong></span> <span class='ocrx_word' id='word_1_635' title='bbox 2387 3369 2566 3422; x_wconf 88' lang='lat' dir='ltr'><strong><em>Petro.</em></strong></span> <span class='ocrx_word' id='word_1_636' title='bbox 2604 3371 2723 3422; x_wconf 87' lang='lat' dir='ltr'><strong><em>Act.</em></strong></span> <span class='ocrx_word' id='word_1_637' title='bbox 2760 3386 2817 3434; x_wconf 74' lang='grc' dir='ltr'><em>χ,</em></span> <span class='ocrx_word' id='word_1_638' title='bbox 2849 3371 2998 3426; x_wconf 43' lang='grc' dir='ltr'>19ιοι</span> <span class='ocrx_word' id='word_1_639' title='bbox 3029 3371 3122 3426; x_wconf 74' lang='grc'><strong><em>20.</em></strong></span> <span class='ocrx_word' id='word_1_640' title='bbox 3152 3371 3418 3427; x_wconf 84' lang='lat' dir='ltr'><strong><em>Nonnulla</em></strong></span> <span class='ocrx_word' id='word_1_641' title='bbox 3446 3370 3769 3428; x_wconf 87' lang='lat' dir='ltr'><strong><em>intermedia</em></strong></span> 
     </span>
    </p>
   </div>
   <div class='ocr_carea' id='block_1_83' title="bbox 2198 3439 2666 3494">
    <p class='ocr_par' dir='ltr' id='par_1_83' title="bbox 2198 3439 2666 3494">
     <span class='ocr_line' id='line_1_83' title="bbox 2198 3439 2666 3494; baseline -0.009 0"><span class='ocrx_word' id='word_1_642' title='bbox 2198 3439 2288 3494; x_wconf 87' lang='lat' dir='ltr'><strong><em>hic</em></strong></span> <span class='ocrx_word' id='word_1_643' title='bbox 2325 3441 2666 3491; x_wconf 86' lang='lat' dir='ltr'><strong><em>omittuntur.</em></strong></span> 
     </span>
    </p>
   </div>
   <div class='ocr_carea' id='block_1_84' title="bbox 2273 3506 3774 3579">
    <p class='ocr_par' dir='ltr' id='par_1_84' title="bbox 2273 3506 3774 3579">
     <span class='ocr_line' id='line_1_84' title="bbox 2273 3506 3774 3579; baseline -0.001 -16"><span class='ocrx_word' id='word_1_644' title='bbox 2273 3508 2348 3579; x_wconf 91' lang='lat'><strong><em>(8)</em></strong></span> <span class='ocrx_word' id='word_1_645' title='bbox 2380 3506 2654 3578; x_wconf 84' lang='lat' dir='ltr'><strong><em>Cogitante</em></strong></span> <span class='ocrx_word' id='word_1_646' title='bbox 2692 3509 2755 3562; x_wconf 87' lang='lat' dir='ltr'><strong><em>de</em></strong></span> <span class='ocrx_word' id='word_1_647' title='bbox 2786 3507 2954 3563; x_wconf 78' lang='lat' dir='ltr'><strong><em>verbo.</em></strong></span> <span class='ocrx_word' id='word_1_648' title='bbox 2999 3510 3110 3566; x_wconf 78' lang='lat' dir='ltr'><strong><em>Hoc</em></strong></span> <span class='ocrx_word' id='word_1_649' title='bbox 3148 3521 3253 3577; x_wconf 88' lang='lat' dir='ltr'><strong><em>est,</em></strong></span> <span class='ocrx_word' id='word_1_650' title='bbox 3291 3510 3359 3567; x_wconf 88' lang='lat' dir='ltr'><strong><em>de</em></strong></span> <span class='ocrx_word' id='word_1_651' title='bbox 3392 3527 3449 3566; x_wconf 88' lang='lat' dir='ltr'><strong><em>re</em></strong></span> <span class='ocrx_word' id='word_1_652' title='bbox 3481 3529 3494 3564; x_wconf 91' lang='lat'>:</span> <span class='ocrx_word' id='word_1_653' title='bbox 3529 3510 3583 3564; x_wconf 89' lang='lat' dir='ltr'><strong><em>id</em></strong></span> <span class='ocrx_word' id='word_1_654' title='bbox 3623 3511 3774 3563; x_wconf 87' lang='lat' dir='ltr'><strong><em>enim</em></strong></span> 
     </span>
    </p>
   </div>
   <div class='ocr_carea' id='block_1_85' title="bbox 2199 3579 3774 3650">
    <p class='ocr_par' dir='ltr' id='par_1_85' title="bbox 2199 3579 3774 3650">
     <span class='ocr_line' id='line_1_85' title="bbox 2199 3579 3774 3650; baseline -0.001 -16"><span class='ocrx_word' id='word_1_655' title='bbox 2199 3593 2337 3648; x_wconf 69' lang='lat' dir='ltr'><strong><em>smpe</em></strong></span> <span class='ocrx_word' id='word_1_656' title='bbox 2372 3579 2531 3650; x_wconf 81' lang='lat' dir='ltr'><strong><em>valet</em></strong></span> <span class='ocrx_word' id='word_1_657' title='bbox 2562 3579 2904 3632; x_wconf 87' lang='lat' dir='ltr'><strong><em>Hebraismus</em></strong></span> <span class='ocrx_word' id='word_1_658' title='bbox 2953 3581 3075 3637; x_wconf 87' lang='lat' dir='ltr'><strong><em>iste.</em></strong></span> <span class='ocrx_word' id='word_1_659' title='bbox 3130 3583 3448 3650; x_wconf 81' lang='lat' dir='ltr'><strong><em>Quanquam</em></strong></span> <span class='ocrx_word' id='word_1_660' title='bbox 3493 3596 3556 3634; x_wconf 89' lang='lat' dir='ltr'><strong><em>ea</em></strong></span> <span class='ocrx_word' id='word_1_661' title='bbox 3605 3583 3774 3634; x_wconf 88' lang='lat' dir='ltr'><strong><em>etiam</em></strong></span> 
     </span>
    </p>
   </div>
   <div class='ocr_carea' id='block_1_86' title="bbox 2198 3649 3778 3720">
    <p class='ocr_par' dir='ltr' id='par_1_86' title="bbox 2198 3649 3778 3720">
     <span class='ocr_line' id='line_1_86' title="bbox 2198 3649 3778 3720; baseline 0.001 -18"><span class='ocrx_word' id='word_1_662' title='bbox 2198 3651 2350 3702; x_wconf 78' lang='lat' dir='ltr'><strong><em>verba</em></strong></span> <span class='ocrx_word' id='word_1_663' title='bbox 2412 3649 2904 3720; x_wconf 12' lang='lat' dir='ltr'><strong><em>intelligererlicet,</em></strong></span> <span class='ocrx_word' id='word_1_664' title='bbox 2959 3667 3078 3720; x_wconf 70' lang='lat' dir='ltr'><strong><em>qua:</em></strong></span> <span class='ocrx_word' id='word_1_665' title='bbox 3129 3649 3317 3717; x_wconf 78' lang='lat' dir='ltr'><strong><em>Petro,</em></strong></span> <span class='ocrx_word' id='word_1_666' title='bbox 3381 3653 3506 3704; x_wconf 91' lang='lat' dir='ltr'><strong><em>dum</em></strong></span> <span class='ocrx_word' id='word_1_667' title='bbox 3556 3651 3778 3704; x_wconf 81' lang='lat' dir='ltr'><strong><em>celebre</em></strong></span> 
     </span>
    </p>
   </div>
   <div class='ocr_carea' id='block_1_87' title="bbox 2200 3719 3777 3782">
    <p class='ocr_par' dir='ltr' id='par_1_87' title="bbox 2200 3719 3777 3782">
     <span class='ocr_line' id='line_1_87' title="bbox 2200 3719 3777 3782; baseline 0.001 -10"><span class='ocrx_word' id='word_1_668' title='bbox 2200 3720 2326 3772; x_wconf 90' lang='lat' dir='ltr'><strong><em>illud</em></strong></span> <span class='ocrx_word' id='word_1_669' title='bbox 2366 3732 2464 3772; x_wconf 84' lang='lat' dir='ltr'><strong><em>vas</em></strong></span> <span class='ocrx_word' id='word_1_670' title='bbox 2501 3719 2867 3782; x_wconf 70' lang='lat' dir='ltr'><strong><em>descenderet,</em></strong></span> <span class='ocrx_word' id='word_1_671' title='bbox 2917 3719 3214 3774; x_wconf 31' lang='lat' dir='ltr'><strong><em>in’visione</em></strong></span> <span class='ocrx_word' id='word_1_672' title='bbox 3237 3722 3376 3775; x_wconf 88' lang='lat' dir='ltr'><strong><em>dicta</em></strong></span> <span class='ocrx_word' id='word_1_673' title='bbox 3409 3729 3554 3774; x_wconf 89' lang='lat' dir='ltr'><strong><em>sunt.</em></strong></span> <span class='ocrx_word' id='word_1_674' title='bbox 3583 3719 3777 3773; x_wconf 55' lang='lat' dir='ltr'><strong><em>Graeca</em></strong></span> 
     </span>
    </p>
   </div>
   <div class='ocr_carea' id='block_1_88' title="bbox 2199 3787 3782 3860">
    <p class='ocr_par' dir='ltr' id='par_1_88' title="bbox 2199 3787 3782 3860">
     <span class='ocr_line' id='line_1_88' title="bbox 2199 3787 3782 3860; baseline 0.002 -20"><span class='ocrx_word' id='word_1_675' title='bbox 2199 3791 2363 3841; x_wconf 91' lang='lat' dir='ltr'><strong><em>editio</em></strong></span> <span class='ocrx_word' id='word_1_676' title='bbox 2395 3805 2410 3842; x_wconf 89' lang='lat'><strong>:</strong></span> <span class='ocrx_word' id='word_1_677' title='bbox 2459 3787 2873 3860; x_wconf 17' lang='lat' dir='ltr'><strong><em>évliupoupévoui</em></strong></span> <span class='ocrx_word' id='word_1_678' title='bbox 2910 3791 3037 3859; x_wconf 79' lang='grc' dir='ltr'><em>περὶ</em></span> <span class='ocrx_word' id='word_1_679' title='bbox 3080 3789 3173 3843; x_wconf 76' lang='grc' dir='ltr'><strong><em>τοῦ</em></strong></span> <span class='ocrx_word' id='word_1_680' title='bbox 3206 3791 3511 3860; x_wconf 81' lang='grc' dir='ltr'><strong><em>ὁράματος,</em></strong></span> <span class='ocrx_word' id='word_1_681' title='bbox 3546 3789 3650 3843; x_wconf 87' lang='lat' dir='ltr'><strong><em>hoc</em></strong></span> <span class='ocrx_word' id='word_1_682' title='bbox 3694 3800 3782 3843; x_wconf 83' lang='lat' dir='ltr'><strong><em>est.</em></strong></span> 
     </span>
    </p>
   </div>
   <div class='ocr_carea' id='block_1_89' title="bbox 2199 3859 3376 3930">
    <p class='ocr_par' dir='ltr' id='par_1_89' title="bbox 2199 3859 3376 3930">
     <span class='ocr_line' id='line_1_89' title="bbox 2199 3859 3376 3930; baseline 0.003 -19"><span class='ocrx_word' id='word_1_683' title='bbox 2199 3861 2458 3930; x_wconf 61' lang='lat' dir='ltr'><strong><em>cogitante</em></strong></span> <span class='ocrx_word' id='word_1_684' title='bbox 2482 3862 2544 3910; x_wconf 87' lang='lat' dir='ltr'><strong><em>de</em></strong></span> <span class='ocrx_word' id='word_1_685' title='bbox 2577 3859 2796 3930; x_wconf 72' lang='lat' dir='ltr'><strong><em>uisione.</em></strong></span> <span class='ocrx_word' id='word_1_686' title='bbox 2837 3859 2965 3913; x_wconf 83' lang='lat' dir='ltr'><strong><em>Vide</em></strong></span> <span class='ocrx_word' id='word_1_687' title='bbox 2998 3876 3174 3930; x_wconf 73' lang='lat' dir='ltr'><strong><em>segm.</em></strong></span> <span class='ocrx_word' id='word_1_688' title='bbox 3202 3859 3376 3915; x_wconf 61' lang='lat'><strong><em>1021:.</em></strong></span> 
     </span>
    </p>
   </div>
   <div class='ocr_carea' id='block_1_90' title="bbox 2271 3925 3783 3997">
    <p class='ocr_par' dir='ltr' id='par_1_90' title="bbox 2271 3925 3783 3997">
     <span class='ocr_line' id='line_1_90' title="bbox 2271 3925 3783 3997; baseline 0.001 -15"><span class='ocrx_word' id='word_1_689' title='bbox 2271 3930 2346 3997; x_wconf 88' lang='lat'><strong><em>(9)</em></strong></span> <span class='ocrx_word' id='word_1_690' title='bbox 2389 3925 2633 3981; x_wconf 83' lang='lat' dir='ltr'><strong><em>Sanetus.</em></strong></span> <span class='ocrx_word' id='word_1_691' title='bbox 2682 3927 2804 3980; x_wconf 72' lang='lat' dir='ltr'><strong><em>llzec</em></strong></span> <span class='ocrx_word' id='word_1_692' title='bbox 2837 3944 2938 3982; x_wconf 79' lang='lat' dir='ltr'><strong><em>vox</em></strong></span> <span class='ocrx_word' id='word_1_693' title='bbox 2973 3925 3122 3984; x_wconf 66' lang='lat' dir='ltr'><strong><em>deest</em></strong></span> <span class='ocrx_word' id='word_1_694' title='bbox 3159 3941 3267 3985; x_wconf 89' lang='lat' dir='ltr'><strong><em>tum</em></strong></span> <span class='ocrx_word' id='word_1_695' title='bbox 3324 3932 3374 3984; x_wconf 90' lang='lat' dir='ltr'><strong><em>in</em></strong></span> <span class='ocrx_word' id='word_1_696' title='bbox 3428 3927 3616 3984; x_wconf 65' lang='lat' dir='ltr'><strong><em>erca</em></strong></span> <span class='ocrx_word' id='word_1_697' title='bbox 3670 3928 3783 3984; x_wconf 85' lang='lat' dir='ltr'><strong><em>edi-</em></strong></span> 
     </span>
    </p>
   </div>
   <div class='ocr_carea' id='block_1_91' title="bbox 2201 3997 2914 4065">
    <p class='ocr_par' dir='ltr' id='par_1_91' title="bbox 2201 3997 2914 4065">
     <span class='ocr_line' id='line_1_91' title="bbox 2201 3997 2914 4065; baseline 0.003 -15"><span class='ocrx_word' id='word_1_698' title='bbox 2201 3997 2366 4059; x_wconf 87' lang='lat' dir='ltr'><strong><em>ti0ne,</em></strong></span> <span class='ocrx_word' id='word_1_699' title='bbox 2406 4008 2513 4050; x_wconf 87' lang='lat' dir='ltr'><strong><em>tum</em></strong></span> <span class='ocrx_word' id='word_1_700' title='bbox 2547 3997 2596 4049; x_wconf 92' lang='lat' dir='ltr'><strong><em>in</em></strong></span> <span class='ocrx_word' id='word_1_701' title='bbox 2630 3997 2782 4065; x_wconf 79' lang='lat' dir='ltr'><strong><em>Vulg.</em></strong></span> <span class='ocrx_word' id='word_1_702' title='bbox 2815 3997 2914 4052; x_wconf 88' lang='lat' dir='ltr'><strong><em>int‘.</em></strong></span> 
     </span>
    </p>
   </div>
   <div class='ocr_carea' id='block_1_92' title="bbox 2271 4062 3780 4136">
    <p class='ocr_par' dir='ltr' id='par_1_92' title="bbox 2271 4062 3780 4136">
     <span class='ocr_line' id='line_1_92' title="bbox 2271 4062 3780 4136; baseline 0.003 -18"><span class='ocrx_word' id='word_1_703' title='bbox 2271 4066 2412 4136; x_wconf 82' lang='grc'><strong>(10)</strong></span> <span class='ocrx_word' id='word_1_704' title='bbox 2448 4065 2577 4118; x_wconf 77' lang='grc' dir='ltr'><em>Παιο</em></span> <span class='ocrx_word' id='word_1_705' title='bbox 2605 4062 2756 4120; x_wconf 62' lang='lat' dir='ltr'><strong><em>dicit:</em></strong></span> <span class='ocrx_word' id='word_1_706' title='bbox 2791 4070 2910 4121; x_wconf 81' lang='lat' dir='ltr'><strong><em>Act.</em></strong></span> <span class='ocrx_word' id='word_1_707' title='bbox 2944 4084 3065 4129; x_wconf 75' lang='lat' dir='ltr'><strong>XIII,</strong></span> <span class='ocrx_word' id='word_1_708' title='bbox 3097 4069 3150 4122; x_wconf 73' lang='grc'><strong>2.</strong></span> <span class='ocrx_word' id='word_1_709' title='bbox 3181 4068 3367 4124; x_wconf 68' lang='lat' dir='ltr'><strong><em>Grieca</em></strong></span> <span class='ocrx_word' id='word_1_710' title='bbox 3405 4067 3570 4123; x_wconf 86' lang='lat' dir='ltr'><strong><em>editio</em></strong></span> <span class='ocrx_word' id='word_1_711' title='bbox 3601 4083 3616 4121; x_wconf 87' lang='lat'><strong>:</strong></span> <span class='ocrx_word' id='word_1_712' title='bbox 3651 4062 3780 4122; x_wconf 78' lang='grc' dir='ltr'><em>εἷπε</em></span> 
     </span>
    </p>
   </div>
   <div class='ocr_carea' id='block_1_93' title="bbox 2198 4135 3784 4209">
    <p class='ocr_par' dir='ltr' id='par_1_93' title="bbox 2198 4135 3784 4209">
     <span class='ocr_line' id='line_1_93' title="bbox 2198 4135 3784 4209; baseline 0.003 -22"><span class='ocrx_word' id='word_1_713' title='bbox 2198 4135 2620 4209; x_wconf 24' lang='grc' dir='ltr'><strong><em>τὸΑΠνεῦμαῌ-τὸ</em></strong></span> <span class='ocrx_word' id='word_1_714' title='bbox 2670 4136 2761 4204; x_wconf 66' lang='lat' dir='ltr'><strong><em>ay.</em></strong></span> <span class='ocrx_word' id='word_1_715' title='bbox 2809 4136 2993 4209; x_wconf 83' lang='grc' dir='ltr'><strong><em>Ἀφορ.</em></strong></span> <span class='ocrx_word' id='word_1_716' title='bbox 3037 4139 3100 4209; x_wconf 87' lang='grc' dir='ltr'><strong><em>δή</em></strong></span> <span class='ocrx_word' id='word_1_717' title='bbox 3140 4157 3227 4209; x_wconf 90' lang='grc' dir='ltr'>μοι</span> <span class='ocrx_word' id='word_1_718' title='bbox 3265 4139 3357 4192; x_wconf 87' lang='grc' dir='ltr'><strong><em>τόν</em></strong></span> <span class='ocrx_word' id='word_1_719' title='bbox 3397 4156 3458 4191; x_wconf 86' lang='grc' dir='ltr'><em>τε</em></span> <span class='ocrx_word' id='word_1_720' title='bbox 3488 4137 3784 4209; x_wconf 70' lang='grc' dir='ltr'><em>Βαρνὰὁαν</em></span> 
     </span>
    </p>
   </div>
   <div class='ocr_carea' id='block_1_94' title="bbox 531 4203 2093 4280">
    <p class='ocr_par' dir='ltr' id='par_1_94' title="bbox 531 4203 2089 4280">
     <span class='ocr_line' id='line_1_94' title="bbox 531 4203 2089 4280; baseline 0.001 -25"><span class='ocrx_word' id='word_1_721' title='bbox 531 4203 793 4280; x_wconf 38' lang='lat' dir='ltr'><strong><em>DocuistiA</em></strong></span> <span class='ocrx_word' id='word_1_722' title='bbox 816 4220 896 4256; x_wconf 87' lang='lat' dir='ltr'><strong><em>me</em></strong></span> <span class='ocrx_word' id='word_1_723' title='bbox 915 4243 930 4268; x_wconf 87' lang='lat'><strong><em>,</em></strong></span> <span class='ocrx_word' id='word_1_724' title='bbox 963 4203 1108 4280; x_wconf 80' lang='lat' dir='ltr'><strong><em>Deus</em></strong></span> <span class='ocrx_word' id='word_1_725' title='bbox 1135 4245 1178 4280; x_wconf 43' lang='lat' dir='ltr'><strong><em>,n</em></strong></span> <span class='ocrx_word' id='word_1_726' title='bbox 1201 4222 1236 4280; x_wconf 72' lang='grc' dir='ltr'><strong><em>ιι</em></strong></span> <span class='ocrx_word' id='word_1_727' title='bbox 1276 4205 1748 4280; x_wconf 45' lang='lat' dir='ltr'><strong><em>juventute‘__ntett:</em></strong></span> <span class='ocrx_word' id='word_1_728' title='bbox 1798 4217 1964 4280; x_wconf 80' lang='lat' dir='ltr'><strong><em>atque</em></strong></span> <span class='ocrx_word' id='word_1_729' title='bbox 2019 4205 2089 4256; x_wconf 88' lang='lat' dir='ltr'><strong><em>ita</em></strong></span> 
     </span>
    </p>
   </div>
   <div class='ocr_carea' id='block_1_95' title="bbox 2208 4203 3779 4280">
    <p class='ocr_par' dir='ltr' id='par_1_95' title="bbox 2208 4203 3779 4280">
     <span class='ocr_line' id='line_1_95' title="bbox 2208 4203 3779 4280; baseline 0.003 -22"><span class='ocrx_word' id='word_1_730' title='bbox 2208 4206 2294 4260; x_wconf 80' lang='grc' dir='ltr'><strong><em>καὶ</em></strong></span> <span class='ocrx_word' id='word_1_731' title='bbox 2325 4205 2416 4257; x_wconf 79' lang='grc' dir='ltr'><strong><em>τὸν</em></strong></span> <span class='ocrx_word' id='word_1_732' title='bbox 2438 4203 2664 4280; x_wconf 72' lang='grc' dir='ltr'><em>Σαῦλον,</em></span> <span class='ocrx_word' id='word_1_733' title='bbox 2689 4203 2752 4280; x_wconf 79' lang='lat' dir='ltr'><strong><em>et</em></strong></span> <span class='ocrx_word' id='word_1_734' title='bbox 2791 4203 3103 4280; x_wconf 25' lang='lat' dir='ltr'><strong><em>reli&#39;qiiaulii</em></strong></span> <span class='ocrx_word' id='word_1_735' title='bbox 3139 4203 3276 4264; x_wconf 82' lang='lat' dir='ltr'><strong><em>libro</em></strong></span> <span class='ocrx_word' id='word_1_736' title='bbox 3306 4210 3523 4280; x_wconf 72' lang='lat' dir='ltr'><strong><em>quidem</em></strong></span> <span class='ocrx_word' id='word_1_737' title='bbox 3676 4208 3779 4265; x_wconf 80' lang='lat' dir='ltr'><strong><em>So.</em></strong></span> 
     </span>
    </p>
   </div>
   <div class='ocr_carea' id='block_1_96' title="bbox 530 4271 2090 4341">
    <p class='ocr_par' dir='ltr' id='par_1_96' title="bbox 530 4271 2090 4341">
     <span class='ocr_line' id='line_1_96' title="bbox 530 4271 2090 4341; baseline 0.003 -19"><span class='ocrx_word' id='word_1_738' title='bbox 530 4287 720 4327; x_wconf 87' lang='lat' dir='ltr'><strong><em>onmes</em></strong></span> <span class='ocrx_word' id='word_1_739' title='bbox 765 4274 899 4326; x_wconf 80' lang='lat' dir='ltr'><strong><em>ﬁunt</em></strong></span> <span class='ocrx_word' id='word_1_740' title='bbox 945 4275 1108 4327; x_wconf 87' lang='lat' dir='ltr'><strong><em>docti.</em></strong></span> <span class='ocrx_word' id='word_1_741' title='bbox 1148 4274 1238 4326; x_wconf 85' lang='lat' dir='ltr'><strong><em>Dei</em></strong></span> <span class='ocrx_word' id='word_1_742' title='bbox 1279 4276 1488 4341; x_wconf 69' lang='lat' dir='ltr'><strong><em>quoque</em></strong></span> <span class='ocrx_word' id='word_1_743' title='bbox 1532 4271 1698 4327; x_wconf 83' lang='lat' dir='ltr'><strong><em>Filius</em></strong></span> <span class='ocrx_word' id='word_1_744' title='bbox 1742 4284 1796 4327; x_wconf 89' lang='lat' dir='ltr'><strong><em>et</em></strong></span> <span class='ocrx_word' id='word_1_745' title='bbox 1829 4274 2090 4339; x_wconf 85' lang='lat' dir='ltr'><strong><em>sapientia</em></strong></span> 
     </span>
    </p>
   </div>
   <div class='ocr_carea' id='block_1_97' title="bbox 532 4341 2093 4410">
    <p class='ocr_par' dir='ltr' id='par_1_97' title="bbox 532 4341 2093 4410">
     <span class='ocr_line' id='line_1_97' title="bbox 532 4341 2093 4410; baseline 0.001 -15"><span class='ocrx_word' id='word_1_746' title='bbox 532 4341 624 4396; x_wconf 87' lang='lat' dir='ltr'><strong><em>Dei</em></strong></span> <span class='ocrx_word' id='word_1_747' title='bbox 654 4353 706 4395; x_wconf 89' lang='lat' dir='ltr'><strong><em>et</em></strong></span> <span class='ocrx_word' id='word_1_748' title='bbox 740 4346 937 4397; x_wconf 87' lang='lat' dir='ltr'><strong><em>veritas</em></strong></span> <span class='ocrx_word' id='word_1_749' title='bbox 963 4344 1042 4396; x_wconf 90' lang='lat' dir='ltr'><strong><em>sic</em></strong></span> <span class='ocrx_word' id='word_1_750' title='bbox 1074 4344 1228 4397; x_wconf 87' lang='lat' dir='ltr'><strong><em>docet</em></strong></span> <span class='ocrx_word' id='word_1_751' title='bbox 1268 4345 1555 4410; x_wconf 84' lang='lat' dir='ltr'><strong><em>participes</em></strong></span> <span class='ocrx_word' id='word_1_752' title='bbox 1584 4358 1801 4397; x_wconf 89' lang='lat' dir='ltr'><strong><em>suos....</em></strong></span> <span class='ocrx_word' id='word_1_753' title='bbox 1850 4341 1999 4396; x_wconf 89' lang='lat' dir='ltr'><strong><em>Unde</em></strong></span> <span class='ocrx_word' id='word_1_754' title='bbox 2039 4351 2093 4396; x_wconf 91' lang='lat' dir='ltr'><strong><em>et</em></strong></span> 
     </span>
    </p>
   </div>
   <div class='ocr_carea' id='block_1_98' title="bbox 532 4412 2090 4480">
    <p class='ocr_par' dir='ltr' id='par_1_98' title="bbox 532 4412 2090 4480">
     <span class='ocr_line' id='line_1_98' title="bbox 532 4412 2090 4480; baseline 0.003 -18"><span class='ocrx_word' id='word_1_755' title='bbox 532 4428 653 4463; x_wconf 85' lang='lat' dir='ltr'><strong><em>eum</em></strong></span> <span class='ocrx_word' id='word_1_756' title='bbox 701 4413 962 4467; x_wconf 86' lang='lat' dir='ltr'><strong><em>docentur</em></strong></span> <span class='ocrx_word' id='word_1_757' title='bbox 1011 4413 1180 4468; x_wconf 81' lang='lat' dir='ltr'><strong><em>Solum</em></strong></span> <span class='ocrx_word' id='word_1_758' title='bbox 1223 4414 1538 4479; x_wconf 80' lang='lat' dir='ltr'><strong><em>magistrum</em></strong></span> <span class='ocrx_word' id='word_1_759' title='bbox 1578 4429 1772 4468; x_wconf 84' lang='lat' dir='ltr'><strong><em>vocare</em></strong></span> <span class='ocrx_word' id='word_1_760' title='bbox 1819 4412 2090 4480; x_wconf 85' lang='lat' dir='ltr'><strong><em>discipuli.</em></strong></span> 
     </span>
    </p>
   </div>
   <div class='ocr_carea' id='block_1_99' title="bbox 537 4480 2090 4551">
    <p class='ocr_par' dir='ltr' id='par_1_99' title="bbox 537 4480 2090 4551">
     <span class='ocr_line' id='line_1_99' title="bbox 537 4480 2090 4551; baseline 0.002 -20"><span class='ocrx_word' id='word_1_761' title='bbox 537 4480 641 4533; x_wconf 83' lang='lat' dir='ltr'><strong><em>llas</em></strong></span> <span class='ocrx_word' id='word_1_762' title='bbox 673 4487 888 4536; x_wconf 88' lang='lat' dir='ltr'><strong><em>easdem</em></strong></span> <span class='ocrx_word' id='word_1_763' title='bbox 920 4483 1249 4551; x_wconf 85' lang='lat' dir='ltr'><strong><em>disciplinas,</em></strong></span> <span class='ocrx_word' id='word_1_764' title='bbox 1283 4498 1401 4551; x_wconf 76' lang='lat' dir='ltr'><strong><em>quze</em></strong></span> <span class='ocrx_word' id='word_1_765' title='bbox 1433 4484 1628 4536; x_wconf 88' lang='lat' dir='ltr'><strong><em>dantur</em></strong></span> <span class='ocrx_word' id='word_1_766' title='bbox 1654 4499 1683 4536; x_wconf 92' lang='lat' dir='ltr'><strong><em>a</em></strong></span> <span class='ocrx_word' id='word_1_767' title='bbox 1722 4482 1882 4536; x_wconf 88' lang='lat' dir='ltr'><strong><em>Patre</em></strong></span> <span class='ocrx_word' id='word_1_768' title='bbox 1915 4492 1968 4534; x_wconf 88' lang='lat' dir='ltr'><strong><em>et</em></strong></span> <span class='ocrx_word' id='word_1_769' title='bbox 2001 4481 2090 4536; x_wconf 87' lang='lat' dir='ltr'><strong><em>Fi-</em></strong></span> 
     </span>
    </p>
   </div>
   <div class='ocr_carea' id='block_1_100' title="bbox 535 4551 2095 4620">
    <p class='ocr_par' dir='ltr' id='par_1_100' title="bbox 535 4551 2095 4620">
     <span class='ocr_line' id='line_1_100' title="bbox 535 4551 2095 4620; baseline 0.004 -20"><span class='ocrx_word' id='word_1_770' title='bbox 535 4551 604 4602; x_wconf 91' lang='lat' dir='ltr'><strong><em>lio</em></strong></span> <span class='ocrx_word' id='word_1_771' title='bbox 641 4553 694 4604; x_wconf 89' lang='lat' dir='ltr'><strong><em>in</em></strong></span> <span class='ocrx_word' id='word_1_772' title='bbox 743 4555 902 4605; x_wconf 87' lang='lat' dir='ltr'><strong><em>corda</em></strong></span> <span class='ocrx_word' id='word_1_773' title='bbox 940 4553 1272 4605; x_wconf 87' lang='lat' dir='ltr'><strong><em>credentium</em></strong></span> <span class='ocrx_word' id='word_1_774' title='bbox 1303 4553 1536 4620; x_wconf 74' lang='lat' dir='ltr'><strong><em>Spiritus</em></strong></span> <span class='ocrx_word' id='word_1_775' title='bbox 1573 4561 1788 4606; x_wconf 89' lang='lat' dir='ltr'><strong><em>sanctus</em></strong></span> <span class='ocrx_word' id='word_1_776' title='bbox 1830 4551 2095 4606; x_wconf 72' lang='lat' dir='ltr'><strong><em>ministrat</em></strong></span> 
     </span>
    </p>
   </div>
   <div class='ocr_carea' id='block_1_101' title="bbox 536 4620 2093 4689">
    <p class='ocr_par' dir='ltr' id='par_1_101' title="bbox 536 4620 2093 4689">
     <span class='ocr_line' id='line_1_101' title="bbox 536 4620 2093 4689; baseline 0.001 -17"><span class='ocrx_word' id='word_1_777' title='bbox 536 4621 618 4672; x_wconf 82' lang='lat' dir='ltr'><strong><em>his</em></strong></span> <span class='ocrx_word' id='word_1_778' title='bbox 646 4661 660 4683; x_wconf 90' lang='lat'><strong><em>,</em></strong></span> <span class='ocrx_word' id='word_1_779' title='bbox 699 4623 788 4689; x_wconf 82' lang='lat' dir='ltr'><strong><em>qui</em></strong></span> <span class='ocrx_word' id='word_1_780' title='bbox 821 4621 1082 4674; x_wconf 85' lang='lat' dir='ltr'><strong><em>animales</em></strong></span> <span class='ocrx_word' id='word_1_781' title='bbox 1113 4637 1234 4676; x_wconf 85' lang='lat' dir='ltr'><strong><em>esse</em></strong></span> <span class='ocrx_word' id='word_1_782' title='bbox 1274 4623 1553 4675; x_wconf 87' lang='lat' dir='ltr'><strong><em>desierint.</em></strong></span> <span class='ocrx_word' id='word_1_783' title='bbox 1604 4620 1861 4674; x_wconf 74' lang='lat' dir='ltr'><strong><em>Animalia</em></strong></span> <span class='ocrx_word' id='word_1_784' title='bbox 1909 4622 2093 4688; x_wconf 80' lang='lat' dir='ltr'><strong><em>quippe</em></strong></span> 
     </span>
    </p>
   </div>
   <div class='ocr_carea' id='block_1_102' title="bbox 535 4690 2093 4761">
    <p class='ocr_par' dir='ltr' id='par_1_102' title="bbox 535 4690 2093 4761">
     <span class='ocr_line' id='line_1_102' title="bbox 535 4690 2093 4761; baseline 0.002 -20"><span class='ocrx_word' id='word_1_785' title='bbox 535 4693 688 4743; x_wconf 75' lang='lat' dir='ltr'><strong><em>hoino</em></strong></span> <span class='ocrx_word' id='word_1_786' title='bbox 729 4708 831 4744; x_wconf 88' lang='lat' dir='ltr'><strong><em>non</em></strong></span> <span class='ocrx_word' id='word_1_787' title='bbox 864 4690 1076 4757; x_wconf 85' lang='lat' dir='ltr'><strong><em>percipit</em></strong></span> <span class='ocrx_word' id='word_1_788' title='bbox 1109 4708 1169 4745; x_wconf 89' lang='lat' dir='ltr'><strong><em>ea</em></strong></span> <span class='ocrx_word' id='word_1_789' title='bbox 1189 4733 1204 4756; x_wconf 91' lang='lat'><strong><em>,</em></strong></span> <span class='ocrx_word' id='word_1_790' title='bbox 1230 4708 1346 4761; x_wconf 61' lang='lat' dir='ltr'><strong><em>qua?</em></strong></span> <span class='ocrx_word' id='word_1_791' title='bbox 1378 4691 1606 4760; x_wconf 81' lang='lat' dir='ltr'><strong><em>Spiritus</em></strong></span> <span class='ocrx_word' id='word_1_792' title='bbox 1643 4701 1761 4744; x_wconf 80' lang='lat' dir='ltr'><strong><em>sunt</em></strong></span> <span class='ocrx_word' id='word_1_793' title='bbox 1787 4707 1805 4743; x_wconf 90' lang='lat'><strong><em>:</em></strong></span> <span class='ocrx_word' id='word_1_794' title='bbox 1831 4690 2093 4744; x_wconf 82' lang='lat' dir='ltr'><strong><em>arbitrans</em></strong></span> 
     </span>
    </p>
   </div>
   <div class='ocr_carea' id='block_1_103' title="bbox 534 4761 2093 4828">
    <p class='ocr_par' dir='ltr' id='par_1_103' title="bbox 534 4761 2093 4828">
     <span class='ocr_line' id='line_1_103' title="bbox 534 4761 2093 4828; baseline 0.001 -16"><span class='ocrx_word' id='word_1_795' title='bbox 534 4777 656 4814; x_wconf 84' lang='lat' dir='ltr'><strong><em>esse</em></strong></span> <span class='ocrx_word' id='word_1_796' title='bbox 688 4761 968 4814; x_wconf 86' lang='lat' dir='ltr'><strong><em>stultitiam</em></strong></span> <span class='ocrx_word' id='word_1_797' title='bbox 1005 4776 1121 4828; x_wconf 78' lang='lat' dir='ltr'><strong><em>qua:</em></strong></span> <span class='ocrx_word' id='word_1_798' title='bbox 1155 4763 1423 4816; x_wconf 81' lang='lat' dir='ltr'><strong><em>dicantur.</em></strong></span> <span class='ocrx_word' id='word_1_799' title='bbox 1469 4778 1487 4810; x_wconf 82' lang='grc' dir='ltr'><strong><em>ι</em></strong></span> <span class='ocrx_word' id='word_1_800' title='bbox 1530 4763 1711 4814; x_wconf 75' lang='lat' dir='ltr'><strong><em>Codex</em></strong></span> <span class='ocrx_word' id='word_1_801' title='bbox 1745 4776 1873 4814; x_wconf 86' lang='lat' dir='ltr'><strong><em>vero</em></strong></span> <span class='ocrx_word' id='word_1_802' title='bbox 1909 4773 2093 4814; x_wconf 78' lang='lat' dir='ltr'><strong><em>noster</em></strong></span> 
     </span>
    </p>
   </div>
   <div class='ocr_carea' id='block_1_104' title="bbox 541 4829 2095 4899">
    <p class='ocr_par' dir='ltr' id='par_1_104' title="bbox 541 4829 2095 4899">
     <span class='ocr_line' id='line_1_104' title="bbox 541 4829 2095 4899; baseline -0.001 -17"><span class='ocrx_word' id='word_1_803' title='bbox 541 4830 702 4884; x_wconf 87' lang='lat' dir='ltr'><strong><em>habet</em></strong></span> <span class='ocrx_word' id='word_1_804' title='bbox 729 4849 741 4882; x_wconf 88' lang='lat'><strong>:</strong></span> <span class='ocrx_word' id='word_1_805' title='bbox 780 4831 1014 4894; x_wconf 80' lang='lat' dir='ltr'><strong><em>Docebit,</em></strong></span> <span class='ocrx_word' id='word_1_806' title='bbox 1043 4843 1194 4884; x_wconf 86' lang='lat' dir='ltr'><strong><em>etc...</em></strong></span> <span class='ocrx_word' id='word_1_807' title='bbox 1223 4840 1271 4883; x_wconf 87' lang='lat' dir='ltr'><strong><em>et</em></strong></span> <span class='ocrx_word' id='word_1_808' title='bbox 1305 4829 1586 4898; x_wconf 71' lang='lat' dir='ltr'><strong><em>Sapientia:</em></strong></span> <span class='ocrx_word' id='word_1_809' title='bbox 1615 4832 1940 4899; x_wconf 73' lang='lat' dir='ltr'><strong><em>veritatisque</em></strong></span> <span class='ocrx_word' id='word_1_810' title='bbox 1978 4829 2095 4895; x_wconf 84' lang='lat' dir='ltr'><strong><em>Spi-</em></strong></span> 
     </span>
    </p>
   </div>
   <div class='ocr_carea' id='block_1_105' title="bbox 536 4899 2094 4964">
    <p class='ocr_par' dir='ltr' id='par_1_105' title="bbox 536 4899 2094 4964">
     <span class='ocr_line' id='line_1_105' title="bbox 536 4899 2094 4964; baseline -0.001 -12"><span class='ocrx_word' id='word_1_811' title='bbox 536 4902 736 4954; x_wconf 81' lang='lat' dir='ltr'><strong><em>ritus...</em></strong></span> <span class='ocrx_word' id='word_1_812' title='bbox 751 4901 1001 4952; x_wconf 81' lang='lat' dir='ltr'><strong><em>audacter</em></strong></span> <span class='ocrx_word' id='word_1_813' title='bbox 1013 4901 1117 4952; x_wconf 88' lang='lat' dir='ltr'><strong><em>alio</em></strong></span> <span class='ocrx_word' id='word_1_814' title='bbox 1138 4903 1493 4953; x_wconf 86' lang='lat' dir='ltr'><strong><em>conclamante</em></strong></span> <span class='ocrx_word' id='word_1_815' title='bbox 1514 4899 1781 4954; x_wconf 87' lang='lat' dir='ltr'><strong><em>:Docuisti</em></strong></span> <span class='ocrx_word' id='word_1_816' title='bbox 1806 4917 1912 4964; x_wconf 85' lang='lat' dir='ltr'><strong><em>me,</em></strong></span> <span class='ocrx_word' id='word_1_817' title='bbox 1935 4900 2094 4962; x_wconf 85' lang='lat' dir='ltr'><strong><em>Deus,</em></strong></span> 
     </span>
    </p>
   </div>
   <div class='ocr_carea' id='block_1_106' title="bbox 538 4969 2092 5036">
    <p class='ocr_par' dir='ltr' id='par_1_106' title="bbox 538 4969 2092 5036">
     <span class='ocr_line' id='line_1_106' title="bbox 538 4969 2092 5036; baseline 0 -14"><span class='ocrx_word' id='word_1_818' title='bbox 538 4987 566 5022; x_wconf 72' lang='grc' dir='ltr'><strong><em>ιι</em></strong></span> <span class='ocrx_word' id='word_1_819' title='bbox 593 4971 872 5035; x_wconf 84' lang='lat' dir='ltr'><strong><em>jnventute</em></strong></span> <span class='ocrx_word' id='word_1_820' title='bbox 899 4986 1036 5023; x_wconf 86' lang='lat' dir='ltr'><strong><em>mea.</em></strong></span> <span class='ocrx_word' id='word_1_821' title='bbox 1061 4971 1224 5036; x_wconf 84' lang='lat' dir='ltr'><strong><em>Atque</em></strong></span> <span class='ocrx_word' id='word_1_822' title='bbox 1253 4984 1270 5021; x_wconf 92' lang='lat'><strong><em>:</em></strong></span> <span class='ocrx_word' id='word_1_823' title='bbox 1303 4972 1500 5029; x_wconf 85' lang='lat' dir='ltr'><strong><em>Omnes</em></strong></span> <span class='ocrx_word' id='word_1_824' title='bbox 1529 4973 1660 5022; x_wconf 90' lang='lat' dir='ltr'><strong><em>liunt</em></strong></span> <span class='ocrx_word' id='word_1_825' title='bbox 1692 4970 1949 5023; x_wconf 88' lang='lat' dir='ltr'><strong><em>docibiles</em></strong></span> <span class='ocrx_word' id='word_1_826' title='bbox 1981 4969 2092 5022; x_wconf 90' lang='lat' dir='ltr'><strong><em>Dei.</em></strong></span> 
     </span>
    </p>
   </div>
   <div class='ocr_carea' id='block_1_107' title="bbox 538 5037 2095 5107">
    <p class='ocr_par' dir='ltr' id='par_1_107' title="bbox 538 5037 2095 5107">
     <span class='ocr_line' id='line_1_107' title="bbox 538 5037 2095 5107; baseline -0.001 -16"><span class='ocrx_word' id='word_1_827' title='bbox 538 5040 710 5092; x_wconf 69' lang='lat' dir='ltr'><strong><em>Filius</em></strong></span> <span class='ocrx_word' id='word_1_828' title='bbox 751 5055 953 5107; x_wconf 85' lang='lat' dir='ltr'><strong><em>quoque</em></strong></span> <span class='ocrx_word' id='word_1_829' title='bbox 1011 5037 1244 5100; x_wconf 80' lang='lat' dir='ltr'><strong><em>Veritas,</em></strong></span> <span class='ocrx_word' id='word_1_830' title='bbox 1286 5050 1330 5093; x_wconf 91' lang='lat' dir='ltr'><strong><em>et</em></strong></span> <span class='ocrx_word' id='word_1_831' title='bbox 1367 5039 1634 5106; x_wconf 76' lang='lat' dir='ltr'><strong><em>Sapientia</em></strong></span> <span class='ocrx_word' id='word_1_832' title='bbox 1677 5038 1771 5091; x_wconf 85' lang='lat' dir='ltr'><strong><em>Dei</em></strong></span> <span class='ocrx_word' id='word_1_833' title='bbox 1823 5043 1898 5091; x_wconf 86' lang='lat' dir='ltr'><strong><em>sic</em></strong></span> <span class='ocrx_word' id='word_1_834' title='bbox 1950 5039 2095 5090; x_wconf 80' lang='lat' dir='ltr'><strong><em>docet</em></strong></span> 
     </span>
    </p>
   </div>
   <div class='ocr_carea' id='block_1_108' title="bbox 536 5109 2099 5178">
    <p class='ocr_par' dir='ltr' id='par_1_108' title="bbox 536 5109 2099 5178">
     <span class='ocr_line' id='line_1_108' title="bbox 536 5109 2099 5178; baseline -0.003 -17"><span class='ocrx_word' id='word_1_835' title='bbox 536 5111 824 5178; x_wconf 80' lang='lat' dir='ltr'><strong><em>participes</em></strong></span> <span class='ocrx_word' id='word_1_836' title='bbox 847 5124 1038 5164; x_wconf 86' lang='lat' dir='ltr'><strong><em>suos...</em></strong></span> <span class='ocrx_word' id='word_1_837' title='bbox 1064 5109 1212 5162; x_wconf 81' lang='lat' dir='ltr'><strong><em>Unde</em></strong></span> <span class='ocrx_word' id='word_1_838' title='bbox 1235 5126 1279 5162; x_wconf 82' lang='lat' dir='ltr'><strong><em>et</em></strong></span> <span class='ocrx_word' id='word_1_839' title='bbox 1307 5126 1420 5161; x_wconf 86' lang='lat' dir='ltr'><strong><em>eum</em></strong></span> <span class='ocrx_word' id='word_1_840' title='bbox 1456 5113 1626 5160; x_wconf 86' lang='lat' dir='ltr'><strong><em>solum</em></strong></span> <span class='ocrx_word' id='word_1_841' title='bbox 1651 5109 1900 5178; x_wconf 86' lang='lat' dir='ltr'><strong><em>docentur</em></strong></span> <span class='ocrx_word' id='word_1_842' title='bbox 1931 5111 2099 5176; x_wconf 84' lang='lat' dir='ltr'><strong><em>magi-</em></strong></span> 
     </span>
    </p>
   </div>
   <div class='ocr_carea' id='block_1_109' title="bbox 536 5177 2092 5247">
    <p class='ocr_par' dir='ltr' id='par_1_109' title="bbox 536 5177 2092 5247">
     <span class='ocr_line' id='line_1_109' title="bbox 536 5177 2092 5247; baseline -0.002 -16"><span class='ocrx_word' id='word_1_843' title='bbox 536 5177 701 5231; x_wconf 78' lang='lat' dir='ltr'><strong><em>strum</em></strong></span> <span class='ocrx_word' id='word_1_844' title='bbox 734 5177 922 5232; x_wconf 69' lang='lat' dir='ltr'><strong><em>vocare</em></strong></span> <span class='ocrx_word' id='word_1_845' title='bbox 953 5181 1217 5247; x_wconf 75' lang='lat' dir='ltr'><strong><em>discipuli.</em></strong></span> <span class='ocrx_word' id='word_1_846' title='bbox 1260 5179 1372 5232; x_wconf 83' lang='lat' dir='ltr'><strong><em>Has</em></strong></span> <span class='ocrx_word' id='word_1_847' title='bbox 1413 5183 1619 5231; x_wconf 84' lang='lat' dir='ltr'><strong><em>easdem</em></strong></span> <span class='ocrx_word' id='word_1_848' title='bbox 1655 5177 1816 5245; x_wconf 87' lang='lat' dir='ltr'><strong><em>igitur</em></strong></span> <span class='ocrx_word' id='word_1_849' title='bbox 1855 5178 2092 5242; x_wconf 84' lang='lat' dir='ltr'><strong><em>discipli-</em></strong></span> 
     </span>
    </p>
   </div>
   <div class='ocr_carea' id='block_1_110' title="bbox 537 5248 2098 5317">
    <p class='ocr_par' dir='ltr' id='par_1_110' title="bbox 537 5248 2098 5317">
     <span class='ocr_line' id='line_1_110' title="bbox 537 5248 2098 5317; baseline 0 -19"><span class='ocrx_word' id='word_1_850' title='bbox 537 5265 658 5310; x_wconf 84' lang='lat' dir='ltr'><strong><em>nos,</em></strong></span> <span class='ocrx_word' id='word_1_851' title='bbox 685 5265 800 5317; x_wconf 76' lang='lat' dir='ltr'><strong><em>qua:</em></strong></span> <span class='ocrx_word' id='word_1_852' title='bbox 829 5251 1040 5312; x_wconf 86' lang='lat' dir='ltr'><strong><em>duntur,</em></strong></span> <span class='ocrx_word' id='word_1_853' title='bbox 1066 5258 1219 5302; x_wconf 79' lang='lat' dir='ltr'><strong><em>etc...</em></strong></span> <span class='ocrx_word' id='word_1_854' title='bbox 1253 5249 1330 5301; x_wconf 82' lang='lat' dir='ltr'><strong><em>Itis</em></strong></span> <span class='ocrx_word' id='word_1_855' title='bbox 1371 5249 1458 5316; x_wconf 87' lang='lat' dir='ltr'><strong><em>qui</em></strong></span> <span class='ocrx_word' id='word_1_856' title='bbox 1493 5251 1746 5299; x_wconf 82' lang='lat' dir='ltr'><strong><em>animales</em></strong></span> <span class='ocrx_word' id='word_1_857' title='bbox 1791 5263 1900 5300; x_wconf 87' lang='lat' dir='ltr'><strong><em>esse</em></strong></span> <span class='ocrx_word' id='word_1_858' title='bbox 1929 5248 2098 5299; x_wconf 79' lang='lat' dir='ltr'><strong><em>desie-</em></strong></span> 
     </span>
    </p>
   </div>
   <div class='ocr_carea' id='block_1_111' title="bbox 537 5318 2100 5386">
    <p class='ocr_par' dir='ltr' id='par_1_111' title="bbox 537 5318 2100 5386">
     <span class='ocr_line' id='line_1_111' title="bbox 537 5318 2100 5386; baseline -0.002 -15"><span class='ocrx_word' id='word_1_859' title='bbox 537 5332 692 5379; x_wconf 84' lang='lat' dir='ltr'><strong><em>runt,</em></strong></span> <span class='ocrx_word' id='word_1_860' title='bbox 724 5319 970 5371; x_wconf 86' lang='lat' dir='ltr'><strong><em>animalis</em></strong></span> <span class='ocrx_word' id='word_1_861' title='bbox 1013 5320 1207 5386; x_wconf 80' lang='lat' dir='ltr'><strong><em>quippe</em></strong></span> <span class='ocrx_word' id='word_1_862' title='bbox 1257 5323 1413 5371; x_wconf 87' lang='lat' dir='ltr'><strong><em>homo</em></strong></span> <span class='ocrx_word' id='word_1_863' title='bbox 1459 5335 1562 5370; x_wconf 89' lang='lat' dir='ltr'><strong><em>non</em></strong></span> <span class='ocrx_word' id='word_1_864' title='bbox 1615 5318 1841 5384; x_wconf 78' lang='lat' dir='ltr'><strong><em>percipit</em></strong></span> <span class='ocrx_word' id='word_1_865' title='bbox 1885 5332 1946 5370; x_wconf 79' lang='lat' dir='ltr'><strong><em>ea</em></strong></span> <span class='ocrx_word' id='word_1_866' title='bbox 1981 5331 2100 5382; x_wconf 71' lang='lat' dir='ltr'><strong><em>(tua:</em></strong></span> 
     </span>
    </p>
   </div>
   <div class='ocr_carea' id='block_1_112' title="bbox 538 5385 2098 5456">
    <p class='ocr_par' dir='ltr' id='par_1_112' title="bbox 538 5385 2098 5456">
     <span class='ocr_line' id='line_1_112' title="bbox 538 5385 2098 5456; baseline -0.001 -16"><span class='ocrx_word' id='word_1_867' title='bbox 538 5400 664 5441; x_wconf 89' lang='lat' dir='ltr'><strong><em>sunt</em></strong></span> <span class='ocrx_word' id='word_1_868' title='bbox 700 5389 933 5456; x_wconf 78' lang='lat' dir='ltr'><strong><em>Spiritus</em></strong></span> <span class='ocrx_word' id='word_1_869' title='bbox 965 5385 1078 5450; x_wconf 76' lang='lat' dir='ltr'><strong><em>Del,</em></strong></span> <span class='ocrx_word' id='word_1_870' title='bbox 1110 5385 1402 5453; x_wconf 79' lang='lat' dir='ltr'><strong><em>arbitrans,</em></strong></span> <span class='ocrx_word' id='word_1_871' title='bbox 1440 5405 1549 5442; x_wconf 80' lang='lat' dir='ltr'><strong><em>esse</em></strong></span> <span class='ocrx_word' id='word_1_872' title='bbox 1573 5388 1851 5440; x_wconf 80' lang='lat' dir='ltr'><strong><em>stultitiam</em></strong></span> <span class='ocrx_word' id='word_1_873' title='bbox 1875 5401 1990 5455; x_wconf 76' lang='lat' dir='ltr'><strong><em>qua:</em></strong></span> <span class='ocrx_word' id='word_1_874' title='bbox 2015 5385 2098 5438; x_wconf 81' lang='lat' dir='ltr'><strong><em>ui-</em></strong></span> 
     </span>
    </p>
   </div>
   <div class='ocr_carea' id='block_1_113' title="bbox 538 5473 747 5511">
    <p class='ocr_par' dir='ltr' id='par_1_113' title="bbox 538 5473 747 5511">
     <span class='ocr_line' id='line_1_113' title="bbox 538 5473 747 5511; baseline 0.005 -1"><span class='ocrx_word' id='word_1_875' title='bbox 538 5473 747 5511; x_wconf 72' lang='lat' dir='ltr'><strong><em>cuntur.</em></strong></span> 
     </span>
    </p>
   </div>
   <div class='ocr_carea' id='block_1_114' title="bbox 611 5524 2096 5608">
    <p class='ocr_par' dir='ltr' id='par_1_114' title="bbox 611 5524 2096 5608">
     <span class='ocr_line' id='line_1_114' title="bbox 611 5524 2096 5608; baseline -0.001 -29"><span class='ocrx_word' id='word_1_876' title='bbox 611 5527 686 5608; x_wconf 57' lang='lat' dir='ltr'><strong>(Et)</strong></span> <span class='ocrx_word' id='word_1_877' title='bbox 729 5526 1044 5608; x_wconf 63' lang='lat' dir='ltr'><strong><em>Stephanus.</em></strong></span> <span class='ocrx_word' id='word_1_878' title='bbox 1102 5525 1404 5608; x_wconf 60' lang='lat' dir='ltr'><strong><em>legendum</em></strong></span> <span class='ocrx_word' id='word_1_879' title='bbox 1451 5527 1503 5608; x_wconf 75' lang='lat' dir='ltr'><strong><em>in</em></strong></span> <span class='ocrx_word' id='word_1_880' title='bbox 1538 5526 1772 5608; x_wconf 39' lang='grc' dir='ltr'><strong><em>,ϐω-(το,</em></strong></span> <span class='ocrx_word' id='word_1_881' title='bbox 1808 5524 2096 5608; x_wconf 29' lang='grc' dir='ltr'><strong><em>ξιτὲνφανος.</em></strong></span> 
     </span>
    </p>
   </div>
   <div class='ocr_carea' id='block_1_115' title="bbox 612 5595 2106 5667">
    <p class='ocr_par' dir='ltr' id='par_1_115' title="bbox 612 5595 2106 5667">
     <span class='ocr_line' id='line_1_115' title="bbox 612 5595 2106 5667; baseline 0 -17"><span class='ocrx_word' id='word_1_882' title='bbox 612 5595 686 5667; x_wconf 73' lang='grc' dir='ltr'><strong><em>(ὃ)</em></strong></span> <span class='ocrx_word' id='word_1_883' title='bbox 739 5597 856 5650; x_wconf 70' lang='grc' dir='ltr'><strong><em>γυ..</em></strong></span> <span class='ocrx_word' id='word_1_884' title='bbox 887 5599 1006 5650; x_wconf 75' lang='lat' dir='ltr'><strong><em>Act.</em></strong></span> <span class='ocrx_word' id='word_1_885' title='bbox 1041 5613 1132 5660; x_wconf 88' lang='lat' dir='ltr'><strong><em>vII,</em></strong></span> <span class='ocrx_word' id='word_1_886' title='bbox 1168 5595 1268 5664; x_wconf 83' lang='lat'><strong><em>51,</em></strong></span> <span class='ocrx_word' id='word_1_887' title='bbox 1316 5598 1402 5652; x_wconf 90' lang='lat' dir='ltr'><strong><em>ubi</em></strong></span> <span class='ocrx_word' id='word_1_888' title='bbox 1450 5597 1664 5665; x_wconf 68' lang='lat' dir='ltr'><strong><em>legitur,</em></strong></span> <span class='ocrx_word' id='word_1_889' title='bbox 1705 5597 1861 5666; x_wconf 85' lang='grc' dir='ltr'><em>ὑμεῖς</em></span> <span class='ocrx_word' id='word_1_890' title='bbox 1891 5595 2001 5660; x_wconf 83' lang='grc' dir='ltr'><em>ἀεί,</em></span> <span class='ocrx_word' id='word_1_891' title='bbox 2050 5605 2106 5650; x_wconf 88' lang='lat' dir='ltr'><strong><em>et</em></strong></span> 
     </span>
    </p>
   </div>
   <div class='ocr_carea' id='block_1_116' title="bbox 535 5680 753 5724">
    <p class='ocr_par' dir='ltr' id='par_1_116' title="bbox 535 5680 753 5724">
     <span class='ocr_line' id='line_1_116' title="bbox 535 5680 753 5724; baseline -0.023 0"><span class='ocrx_word' id='word_1_892' title='bbox 535 5680 753 5724; x_wconf 66' lang='lat' dir='ltr'><strong><em>cauerat.</em></strong></span> 
     </span>
    </p>
   </div>
   <div class='ocr_carea' id='block_1_117' title="bbox 609 5734 2097 5807">
    <p class='ocr_par' dir='ltr' id='par_1_117' title="bbox 609 5734 2097 5807">
     <span class='ocr_line' id='line_1_117' title="bbox 609 5734 2097 5807; baseline 0.001 -18"><span class='ocrx_word' id='word_1_893' title='bbox 609 5741 687 5807; x_wconf 72' lang='lat'><strong><em>(4)</em></strong></span> <span class='ocrx_word' id='word_1_894' title='bbox 728 5736 839 5792; x_wconf 74' lang='lat' dir='ltr'><strong><em>Nos</em></strong></span> <span class='ocrx_word' id='word_1_895' title='bbox 863 5755 1062 5794; x_wconf 86' lang='lat' dir='ltr'><strong><em>sumus.</em></strong></span> <span class='ocrx_word' id='word_1_896' title='bbox 1093 5739 1216 5793; x_wconf 79' lang='lat' dir='ltr'><strong><em>Act.</em></strong></span> <span class='ocrx_word' id='word_1_897' title='bbox 1257 5753 1304 5804; x_wconf 83' lang='grc' dir='ltr'><em>ν,</em></span> <span class='ocrx_word' id='word_1_898' title='bbox 1336 5736 1428 5802; x_wconf 71' lang='lat'><strong><em>5-2,</em></strong></span> <span class='ocrx_word' id='word_1_899' title='bbox 1463 5736 1549 5792; x_wconf 82' lang='lat' dir='ltr'><strong><em>tibi</em></strong></span> <span class='ocrx_word' id='word_1_900' title='bbox 1579 5734 1762 5789; x_wconf 59' lang='lat' dir='ltr'><strong><em>Graeca</em></strong></span> <span class='ocrx_word' id='word_1_901' title='bbox 1796 5734 1962 5790; x_wconf 80' lang='lat' dir='ltr'><strong><em>Biblia</em></strong></span> <span class='ocrx_word' id='word_1_902' title='bbox 2002 5738 2097 5791; x_wconf 84' lang='lat' dir='ltr'><strong><em>lia—</em></strong></span> 
     </span>
    </p>
   </div>
   <div class='ocr_carea' id='block_1_118' title="bbox 2196 4275 3778 4348">
    <p class='ocr_par' dir='ltr' id='par_1_118' title="bbox 2196 4275 3778 4348">
     <span class='ocr_line' id='line_1_118' title="bbox 2196 4275 3778 4348; baseline 0.004 -21"><span class='ocrx_word' id='word_1_903' title='bbox 2196 4284 2376 4328; x_wconf 86' lang='lat' dir='ltr'><strong><em>sancto</em></strong></span> <span class='ocrx_word' id='word_1_904' title='bbox 2411 4293 2559 4330; x_wconf 87' lang='lat' dir='ltr'><strong><em>num.</em></strong></span> <span class='ocrx_word' id='word_1_905' title='bbox 2592 4277 2644 4339; x_wconf 83' lang='lat'><strong><em>8,</em></strong></span> <span class='ocrx_word' id='word_1_906' title='bbox 2675 4277 2803 4348; x_wconf 72' lang='lat' dir='ltr'><strong><em>_ll:BC</em></strong></span> <span class='ocrx_word' id='word_1_907' title='bbox 2832 4275 2992 4330; x_wconf 85' lang='lat' dir='ltr'><strong><em>habet</em></strong></span> <span class='ocrx_word' id='word_1_908' title='bbox 3022 4277 3274 4348; x_wconf 90' lang='lat' dir='ltr'><strong><em>Didymus</em></strong></span> <span class='ocrx_word' id='word_1_909' title='bbox 3303 4275 3371 4333; x_wconf 71' lang='grc'><strong><em>;“‹</em></strong></span> <span class='ocrx_word' id='word_1_910' title='bbox 3406 4278 3541 4348; x_wconf 82' lang='lat' dir='ltr'><strong><em>Hinc</em></strong></span> <span class='ocrx_word' id='word_1_911' title='bbox 3573 4275 3778 4348; x_wconf 76' lang='lat' dir='ltr'><strong><em>[codex</em></strong></span> 
     </span>
    </p>
   </div>
   <div class='ocr_carea' id='block_1_119' title="bbox 2194 4345 3784 4418">
    <p class='ocr_par' dir='ltr' id='par_1_119' title="bbox 2194 4345 3784 4418">
     <span class='ocr_line' id='line_1_119' title="bbox 2194 4345 3784 4418; baseline 0.003 -20"><span class='ocrx_word' id='word_1_912' title='bbox 2194 4354 2381 4418; x_wconf 61' lang='lat' dir='ltr'><strong><em>noster</em></strong></span> <span class='ocrx_word' id='word_1_913' title='bbox 2402 4361 2504 4418; x_wconf 85' lang='lat' dir='ltr'><strong><em>ms.</em></strong></span> <span class='ocrx_word' id='word_1_914' title='bbox 2529 4345 2689 4416; x_wconf 80' lang='lat' dir='ltr'><strong><em>unde]</em></strong></span> <span class='ocrx_word' id='word_1_915' title='bbox 2715 4356 2769 4398; x_wconf 86' lang='lat' dir='ltr'><strong><em>et</em></strong></span> <span class='ocrx_word' id='word_1_916' title='bbox 2793 4349 3006 4418; x_wconf 74' lang='lat' dir='ltr'><strong><em>quidam</em></strong></span> <span class='ocrx_word' id='word_1_917' title='bbox 3040 4345 3160 4401; x_wconf 83' lang='lat' dir='ltr'><strong><em>cum</em></strong></span> <span class='ocrx_word' id='word_1_918' title='bbox 3188 4349 3472 4418; x_wconf 84' lang='lat' dir='ltr'><strong><em>supercilio</em></strong></span> <span class='ocrx_word' id='word_1_919' title='bbox 3494 4345 3784 4418; x_wconf 46' lang='lat' dir='ltr'><strong><em>ait—illave</em></strong></span> 
     </span>
    </p>
   </div>
   <div class='ocr_carea' id='block_1_120' title="bbox 2192 4413 3779 4482">
    <p class='ocr_par' dir='ltr' id='par_1_120' title="bbox 2192 4413 3779 4482">
     <span class='ocr_line' id='line_1_120' title="bbox 2192 4413 3779 4482; baseline 0.003 -15"><span class='ocrx_word' id='word_1_920' title='bbox 2192 4417 2316 4467; x_wconf 87' lang='lat' dir='ltr'><strong><em>dicit</em></strong></span> <span class='ocrx_word' id='word_1_921' title='bbox 2345 4413 2571 4482; x_wconf 74' lang='lat' dir='ltr'><strong><em>Spiritus</em></strong></span> <span class='ocrx_word' id='word_1_922' title='bbox 2594 4413 2825 4468; x_wconf 52' lang='lat' dir='ltr'><strong><em>sanctus;</em></strong></span> <span class='ocrx_word' id='word_1_923' title='bbox 2871 4434 2888 4467; x_wconf 83' lang='grc' dir='ltr'><strong><em>ι</em></strong></span> <span class='ocrx_word' id='word_1_924' title='bbox 2923 4416 3118 4470; x_wconf 87' lang='lat' dir='ltr'><strong><em>Verum</em></strong></span> <span class='ocrx_word' id='word_1_925' title='bbox 3161 4418 3231 4470; x_wconf 89' lang='lat' dir='ltr'><strong><em>ibi</em></strong></span> <span class='ocrx_word' id='word_1_926' title='bbox 3258 4413 3368 4472; x_wconf 80' lang='lat' dir='ltr'><strong><em>non</em></strong></span> <span class='ocrx_word' id='word_1_927' title='bbox 3405 4418 3582 4470; x_wconf 89' lang='lat' dir='ltr'><strong><em>locum</em></strong></span> <span class='ocrx_word' id='word_1_928' title='bbox 3625 4417 3779 4472; x_wconf 87' lang='lat' dir='ltr'><strong><em>hunc</em></strong></span> 
     </span>
    </p>
   </div>
   <div class='ocr_carea' id='block_1_121' title="bbox 2199 4485 3781 4555">
    <p class='ocr_par' dir='ltr' id='par_1_121' title="bbox 2199 4485 3781 4555">
     <span class='ocr_line' id='line_1_121' title="bbox 2199 4485 3781 4555; baseline 0.002 -18"><span class='ocrx_word' id='word_1_929' title='bbox 2199 4486 2441 4553; x_wconf 85' lang='lat' dir='ltr'><strong><em>respicit,</em></strong></span> <span class='ocrx_word' id='word_1_930' title='bbox 2473 4486 2566 4539; x_wconf 90' lang='lat' dir='ltr'><strong><em>sed</em></strong></span> <span class='ocrx_word' id='word_1_931' title='bbox 2603 4486 2721 4538; x_wconf 84' lang='lat' dir='ltr'><strong><em>Act.</em></strong></span> <span class='ocrx_word' id='word_1_932' title='bbox 2753 4500 2866 4548; x_wconf 81' lang='lat' dir='ltr'><strong><em>xxi,</em></strong></span> <span class='ocrx_word' id='word_1_933' title='bbox 2898 4485 2985 4549; x_wconf 89' lang='grc'><strong>11,</strong></span> <span class='ocrx_word' id='word_1_934' title='bbox 3019 4487 3103 4538; x_wconf 89' lang='lat' dir='ltr'><strong><em>ubi</em></strong></span> <span class='ocrx_word' id='word_1_935' title='bbox 3132 4486 3348 4555; x_wconf 80' lang='lat' dir='ltr'><strong><em>Agabus</em></strong></span> <span class='ocrx_word' id='word_1_936' title='bbox 3374 4501 3438 4541; x_wconf 91' lang='lat' dir='ltr'><strong><em>eo</em></strong></span> <span class='ocrx_word' id='word_1_937' title='bbox 3463 4486 3622 4555; x_wconf 83' lang='lat' dir='ltr'><strong><em>modo</em></strong></span> <span class='ocrx_word' id='word_1_938' title='bbox 3655 4503 3781 4540; x_wconf 82' lang='lat' dir='ltr'><strong><em>cum</em></strong></span> 
     </span>
    </p>
   </div>
   <div class='ocr_carea' id='block_1_122' title="bbox 2194 4554 3624 4624">
    <p class='ocr_par' dir='ltr' id='par_1_122' title="bbox 2194 4554 3624 4624">
     <span class='ocr_line' id='line_1_122' title="bbox 2194 4554 3624 4624; baseline 0 -17"><span class='ocrx_word' id='word_1_939' title='bbox 2194 4555 2471 4624; x_wconf 82' lang='lat' dir='ltr'><strong><em>supercilio</em></strong></span> <span class='ocrx_word' id='word_1_940' title='bbox 2507 4555 2729 4623; x_wconf 80' lang='lat' dir='ltr'><strong><em>loquens</em></strong></span> <span class='ocrx_word' id='word_1_941' title='bbox 2757 4555 3046 4624; x_wconf 69' lang='lat' dir='ltr'><strong><em>inducitur.</em></strong></span> <span class='ocrx_word' id='word_1_942' title='bbox 3081 4554 3211 4609; x_wconf 73' lang='lat' dir='ltr'><strong><em>Vide</em></strong></span> <span class='ocrx_word' id='word_1_943' title='bbox 3235 4571 3408 4624; x_wconf 82' lang='lat' dir='ltr'><strong><em>segm.</em></strong></span> <span class='ocrx_word' id='word_1_944' title='bbox 3443 4554 3548 4608; x_wconf 71' lang='grc'><strong><em>102</em></strong></span> <span class='ocrx_word' id='word_1_945' title='bbox 3571 4556 3624 4608; x_wconf 88' lang='lat' dir='ltr'><strong><em>b.</em></strong></span> 
     </span>
    </p>
   </div>
   <div class='ocr_carea' id='block_1_123' title="bbox 2265 4621 3780 4693">
    <p class='ocr_par' dir='ltr' id='par_1_123' title="bbox 2265 4621 3780 4693">
     <span class='ocr_line' id='line_1_123' title="bbox 2265 4621 3780 4693; baseline 0.002 -18"><span class='ocrx_word' id='word_1_946' title='bbox 2265 4624 2376 4693; x_wconf 84' lang='lat' dir='ltr'><strong><em>(ll)</em></strong></span> <span class='ocrx_word' id='word_1_947' title='bbox 2419 4621 2593 4692; x_wconf 52' lang='lat' dir='ltr'><strong><em>Segrf</em></strong></span> <span class='ocrx_word' id='word_1_948' title='bbox 2626 4625 2772 4693; x_wconf 83' lang='lat' dir='ltr'><strong><em>mihi</em></strong></span> <span class='ocrx_word' id='word_1_949' title='bbox 2798 4621 3048 4678; x_wconf 86' lang='lat' dir='ltr'><strong><em>Paulum.</em></strong></span> <span class='ocrx_word' id='word_1_950' title='bbox 3090 4623 3230 4691; x_wconf 79' lang='lat' dir='ltr'><strong><em>Pro,</em></strong></span> <span class='ocrx_word' id='word_1_951' title='bbox 3267 4621 3530 4687; x_wconf 75' lang='lat' dir='ltr'><strong><em>Paulum,</em></strong></span> <span class='ocrx_word' id='word_1_952' title='bbox 3586 4624 3780 4692; x_wconf 69' lang='lat' dir='ltr'><strong><em>Graeca</em></strong></span> 
     </span>
    </p>
   </div>
   <div class='ocr_carea' id='block_1_124' title="bbox 2195 4692 3778 4761">
    <p class='ocr_par' dir='ltr' id='par_1_124' title="bbox 2195 4692 3778 4761">
     <span class='ocr_line' id='line_1_124' title="bbox 2195 4692 3778 4761; baseline 0 -14"><span class='ocrx_word' id='word_1_953' title='bbox 2195 4694 2362 4747; x_wconf 90' lang='lat' dir='ltr'><strong><em>editio</em></strong></span> <span class='ocrx_word' id='word_1_954' title='bbox 2401 4695 2591 4756; x_wconf 83' lang='lat' dir='ltr'><strong><em>habet,</em></strong></span> <span class='ocrx_word' id='word_1_955' title='bbox 2642 4692 2885 4746; x_wconf 84' lang='lat' dir='ltr'><strong><em>Saulum.</em></strong></span> <span class='ocrx_word' id='word_1_956' title='bbox 2935 4694 2992 4755; x_wconf 83' lang='lat' dir='ltr'><strong><em>In</em></strong></span> <span class='ocrx_word' id='word_1_957' title='bbox 3037 4695 3175 4746; x_wconf 89' lang='lat' dir='ltr'><strong><em>libro</em></strong></span> <span class='ocrx_word' id='word_1_958' title='bbox 3221 4707 3400 4748; x_wconf 90' lang='lat' dir='ltr'><strong><em>autem</em></strong></span> <span class='ocrx_word' id='word_1_959' title='bbox 3448 4694 3521 4747; x_wconf 84' lang='lat' dir='ltr'><strong><em>De</em></strong></span> <span class='ocrx_word' id='word_1_960' title='bbox 3562 4695 3778 4761; x_wconf 84' lang='lat' dir='ltr'><strong><em>Spiritu</em></strong></span> 
     </span>
    </p>
   </div>
   <div class='ocr_carea' id='block_1_125' title="bbox 2196 4762 3776 4825">
    <p class='ocr_par' dir='ltr' id='par_1_125' title="bbox 2196 4762 3776 4825">
     <span class='ocr_line' id='line_1_125' title="bbox 2196 4762 3776 4825; baseline 0.001 -9"><span class='ocrx_word' id='word_1_961' title='bbox 2196 4775 2400 4825; x_wconf 84' lang='lat' dir='ltr'><strong><em>sancto,</em></strong></span> <span class='ocrx_word' id='word_1_962' title='bbox 2444 4779 2592 4816; x_wconf 83' lang='lat' dir='ltr'><strong><em>nunt.</em></strong></span> <span class='ocrx_word' id='word_1_963' title='bbox 2621 4763 2714 4825; x_wconf 75' lang='grc'><strong><em>25,</em></strong></span> <span class='ocrx_word' id='word_1_964' title='bbox 2746 4762 2966 4816; x_wconf 72' lang='lat' dir='ltr'><strong><em>aﬂertur</em></strong></span> <span class='ocrx_word' id='word_1_965' title='bbox 3002 4764 3088 4816; x_wconf 86' lang='lat' dir='ltr'><strong><em>hic</em></strong></span> <span class='ocrx_word' id='word_1_966' title='bbox 3120 4763 3268 4818; x_wconf 85' lang='lat' dir='ltr'><strong><em>locus</em></strong></span> <span class='ocrx_word' id='word_1_967' title='bbox 3296 4767 3347 4816; x_wconf 89' lang='lat' dir='ltr'><strong><em>in</em></strong></span> <span class='ocrx_word' id='word_1_968' title='bbox 3375 4764 3517 4818; x_wconf 90' lang='lat' dir='ltr'><strong><em>hunc</em></strong></span> <span class='ocrx_word' id='word_1_969' title='bbox 3552 4767 3776 4818; x_wconf 88' lang='lat' dir='ltr'><strong><em>modum</em></strong></span> 
     </span>
    </p>
   </div>
   <div class='ocr_carea' id='block_1_126' title="bbox 2201 4831 3775 4900">
    <p class='ocr_par' dir='ltr' id='par_1_126' title="bbox 2201 4831 3775 4900">
     <span class='ocr_line' id='line_1_126' title="bbox 2201 4831 3775 4900; baseline 0.002 -16"><span class='ocrx_word' id='word_1_970' title='bbox 2201 4833 2251 4884; x_wconf 92' lang='lat' dir='ltr'><strong><em>in</em></strong></span> <span class='ocrx_word' id='word_1_971' title='bbox 2287 4834 2446 4885; x_wconf 75' lang='lat' dir='ltr'><strong><em>editis</em></strong></span> <span class='ocrx_word' id='word_1_972' title='bbox 2475 4832 2874 4900; x_wconf 75' lang='lat' dir='ltr'><strong><em>exemplaribus</em></strong></span> <span class='ocrx_word' id='word_1_973' title='bbox 2900 4850 2914 4886; x_wconf 91' lang='lat'><strong>:</strong></span> <span class='ocrx_word' id='word_1_974' title='bbox 2948 4831 3202 4898; x_wconf 89' lang='lat' dir='ltr'><strong><em>Separate</em></strong></span> <span class='ocrx_word' id='word_1_975' title='bbox 3225 4834 3351 4886; x_wconf 82' lang='lat' dir='ltr'><strong><em>mihi</em></strong></span> <span class='ocrx_word' id='word_1_976' title='bbox 3379 4831 3694 4886; x_wconf 86' lang='lat' dir='ltr'><strong><em>Barnabam</em></strong></span> <span class='ocrx_word' id='word_1_977' title='bbox 3726 4846 3775 4887; x_wconf 92' lang='lat' dir='ltr'><strong><em>et</em></strong></span> 
     </span>
    </p>
   </div>
   <div class='ocr_carea' id='block_1_127' title="bbox 2197 4900 3781 4964">
    <p class='ocr_par' dir='ltr' id='par_1_127' title="bbox 2197 4900 3781 4964">
     <span class='ocr_line' id='line_1_127' title="bbox 2197 4900 3781 4964; baseline -0.001 -9"><span class='ocrx_word' id='word_1_978' title='bbox 2197 4900 2440 4964; x_wconf 85' lang='lat' dir='ltr'><strong><em>Saulum,</em></strong></span> <span class='ocrx_word' id='word_1_979' title='bbox 2471 4913 2524 4954; x_wconf 92' lang='lat' dir='ltr'><strong><em>et</em></strong></span> <span class='ocrx_word' id='word_1_980' title='bbox 2545 4913 2760 4956; x_wconf 71' lang='lat' dir='ltr'><strong><em>czetera.</em></strong></span> <span class='ocrx_word' id='word_1_981' title='bbox 2789 4903 2859 4954; x_wconf 81' lang='lat' dir='ltr'><strong><em>At</em></strong></span> <span class='ocrx_word' id='word_1_982' title='bbox 2891 4902 3087 4956; x_wconf 86' lang='lat' dir='ltr'><strong><em>ibidem</em></strong></span> <span class='ocrx_word' id='word_1_983' title='bbox 3127 4907 3296 4958; x_wconf 74' lang='lat' dir='ltr'><strong><em>codex</em></strong></span> <span class='ocrx_word' id='word_1_984' title='bbox 3321 4914 3505 4958; x_wconf 90' lang='lat' dir='ltr'><strong><em>noster</em></strong></span> <span class='ocrx_word' id='word_1_985' title='bbox 3535 4918 3642 4956; x_wconf 89' lang='lat' dir='ltr'><strong><em>ms.</em></strong></span> <span class='ocrx_word' id='word_1_986' title='bbox 3681 4905 3781 4956; x_wconf 85' lang='lat' dir='ltr'><strong><em>ha-</em></strong></span> 
     </span>
    </p>
   </div>
   <div class='ocr_carea' id='block_1_128' title="bbox 2197 4968 3778 5043">
    <p class='ocr_par' dir='ltr' id='par_1_128' title="bbox 2197 4968 3778 5043">
     <span class='ocr_line' id='line_1_128' title="bbox 2197 4968 3778 5043; baseline 0.003 -20"><span class='ocrx_word' id='word_1_987' title='bbox 2197 4971 2322 5043; x_wconf 54' lang='lat' dir='ltr'><strong><em>bet,</em></strong></span> <span class='ocrx_word' id='word_1_988' title='bbox 2345 4968 2614 5043; x_wconf 20' lang='lat' dir='ltr'><strong><em>APaulum.</em></strong></span> <span class='ocrx_word' id='word_1_989' title='bbox 2646 4970 2926 5043; x_wconf 70' lang='lat' dir='ltr'><strong><em>conjicere</em></strong></span> <span class='ocrx_word' id='word_1_990' title='bbox 2952 4972 3143 5043; x_wconf 79' lang='lat' dir='ltr'><strong><em>itaque</em></strong></span> <span class='ocrx_word' id='word_1_991' title='bbox 3183 4972 3338 5036; x_wconf 90' lang='lat' dir='ltr'><strong><em>licet,</em></strong></span> <span class='ocrx_word' id='word_1_992' title='bbox 3374 4971 3778 5043; x_wconf 77' lang='lat' dir='ltr'><strong><em>Hieronymqu</em></strong></span> 
     </span>
    </p>
   </div>
   <div class='ocr_carea' id='block_1_129' title="bbox 2197 5039 3781 5112">
    <p class='ocr_par' dir='ltr' id='par_1_129' title="bbox 2197 5039 3781 5112">
     <span class='ocr_line' id='line_1_129' title="bbox 2197 5039 3781 5112; baseline 0.003 -20"><span class='ocrx_word' id='word_1_993' title='bbox 2197 5055 2263 5092; x_wconf 81' lang='lat' dir='ltr'><strong><em>ex</em></strong></span> <span class='ocrx_word' id='word_1_994' title='bbox 2295 5041 2523 5112; x_wconf 82' lang='lat' dir='ltr'><strong><em>Didyme</em></strong></span> <span class='ocrx_word' id='word_1_995' title='bbox 2566 5042 2791 5112; x_wconf 80' lang='lat' dir='ltr'><strong><em>vertisse</em></strong></span> <span class='ocrx_word' id='word_1_996' title='bbox 2822 5039 3086 5112; x_wconf 49' lang='lat' dir='ltr'><strong><em>Potitum}</em></strong></span> <span class='ocrx_word' id='word_1_997' title='bbox 3127 5056 3192 5097; x_wconf 86' lang='lat' dir='ltr'><strong><em>ac</em></strong></span> <span class='ocrx_word' id='word_1_998' title='bbox 3236 5041 3488 5096; x_wconf 81' lang='lat' dir='ltr'><strong><em>scitulam</em></strong></span> <span class='ocrx_word' id='word_1_999' title='bbox 3537 5039 3781 5112; x_wconf 80' lang='lat' dir='ltr'><strong><em>aliquem</em></strong></span> 
     </span>
    </p>
   </div>
   <div class='ocr_carea' id='block_1_130' title="bbox 2197 5107 3132 5175">
    <p class='ocr_par' dir='ltr' id='par_1_130' title="bbox 2197 5107 3132 5175">
     <span class='ocr_line' id='line_1_130' title="bbox 2197 5107 3132 5175; baseline 0.003 -14"><span class='ocrx_word' id='word_1_1000' title='bbox 2197 5125 2262 5161; x_wconf 80' lang='lat' dir='ltr'><strong><em>ex</em></strong></span> <span class='ocrx_word' id='word_1_1001' title='bbox 2303 5107 2487 5162; x_wconf 79' lang='lat' dir='ltr'><strong><em>Bibliis</em></strong></span> <span class='ocrx_word' id='word_1_1002' title='bbox 2518 5111 2855 5171; x_wconf 85' lang='lat' dir='ltr'><strong><em>emendasse,</em></strong></span> <span class='ocrx_word' id='word_1_1003' title='bbox 2889 5107 3132 5175; x_wconf 77' lang='lat' dir='ltr'><strong><em>Sunium.</em></strong></span> 
     </span>
    </p>
   </div>
   <div class='ocr_carea' id='block_1_131' title="bbox 2235 5178 3784 5257">
    <p class='ocr_par' dir='ltr' id='par_1_131' title="bbox 2235 5178 3784 5257">
     <span class='ocr_line' id='line_1_131' title="bbox 2235 5178 3784 5257; baseline 0.003 -27"><span class='ocrx_word' id='word_1_1004' title='bbox 2235 5248 2244 5257; x_wconf 38' lang='lat'>.</span> <span class='ocrx_word' id='word_1_1005' title='bbox 2269 5178 2380 5249; x_wconf 73' lang='lat'><strong>(12)</strong></span> <span class='ocrx_word' id='word_1_1006' title='bbox 2421 5181 2516 5248; x_wconf 80' lang='lat' dir='ltr'><strong><em>Sp.</em></strong></span> <span class='ocrx_word' id='word_1_1007' title='bbox 2544 5191 2778 5257; x_wconf 77' lang='lat' dir='ltr'><strong><em>sanctus.</em></strong></span> <span class='ocrx_word' id='word_1_1008' title='bbox 2823 5180 2946 5233; x_wconf 80' lang='lat' dir='ltr'><strong><em>Act.</em></strong></span> <span class='ocrx_word' id='word_1_1009' title='bbox 2977 5196 3032 5246; x_wconf 72' lang='grc' dir='ltr'><em>χ,</em></span> <span class='ocrx_word' id='word_1_1010' title='bbox 3059 5180 3126 5235; x_wconf 88' lang='grc'><strong><em>19</em></strong></span> <span class='ocrx_word' id='word_1_1011' title='bbox 3146 5189 3201 5236; x_wconf 89' lang='lat' dir='ltr'><strong><em>et</em></strong></span> <span class='ocrx_word' id='word_1_1012' title='bbox 3220 5179 3310 5234; x_wconf 74' lang='lat'><strong><em>20.</em></strong></span> <span class='ocrx_word' id='word_1_1013' title='bbox 3337 5179 3571 5236; x_wconf 88' lang='lat' dir='ltr'><strong><em>Sensum</em></strong></span> <span class='ocrx_word' id='word_1_1014' title='bbox 3599 5190 3784 5235; x_wconf 84' lang='lat' dir='ltr'><strong><em>tamen</em></strong></span> 
     </span>
    </p>
   </div>
   <div class='ocr_carea' id='block_1_132' title="bbox 2199 5253 2699 5311">
    <p class='ocr_par' dir='ltr' id='par_1_132' title="bbox 2199 5253 2699 5311">
     <span class='ocr_line' id='line_1_132' title="bbox 2199 5253 2699 5311; baseline -0.002 -9"><span class='ocrx_word' id='word_1_1015' title='bbox 2199 5253 2351 5311; x_wconf 81' lang='lat' dir='ltr'><strong><em>citat,</em></strong></span> <span class='ocrx_word' id='word_1_1016' title='bbox 2379 5263 2481 5301; x_wconf 86' lang='lat' dir='ltr'><strong><em>non</em></strong></span> <span class='ocrx_word' id='word_1_1017' title='bbox 2515 5253 2699 5303; x_wconf 61' lang='lat' dir='ltr'><strong><em>vet-ha.</em></strong></span> 
     </span>
    </p>
   </div>
   <div class='ocr_carea' id='block_1_133' title="bbox 2271 5316 3786 5392">
    <p class='ocr_par' dir='ltr' id='par_1_133' title="bbox 2271 5316 3786 5392">
     <span class='ocr_line' id='line_1_133' title="bbox 2271 5316 3786 5392; baseline 0.004 -22"><span class='ocrx_word' id='word_1_1018' title='bbox 2271 5319 2380 5392; x_wconf 78' lang='lat'><strong>(15)</strong></span> <span class='ocrx_word' id='word_1_1019' title='bbox 2424 5317 2568 5371; x_wconf 87' lang='lat' dir='ltr'><strong><em>Tunc</em></strong></span> <span class='ocrx_word' id='word_1_1020' title='bbox 2606 5316 2826 5392; x_wconf 80' lang='lat' dir='ltr'><strong><em>Paulus.</em></strong></span> <span class='ocrx_word' id='word_1_1021' title='bbox 2863 5320 2984 5373; x_wconf 84' lang='lat' dir='ltr'><strong><em>Act.</em></strong></span> <span class='ocrx_word' id='word_1_1022' title='bbox 3031 5335 3164 5386; x_wconf 74' lang='grc' dir='ltr'>λιιι,</span> <span class='ocrx_word' id='word_1_1023' title='bbox 3215 5320 3269 5375; x_wconf 83' lang='lat'><strong><em>9.</em></strong></span> <span class='ocrx_word' id='word_1_1024' title='bbox 3317 5319 3549 5375; x_wconf 89' lang='lat' dir='ltr'><strong><em>Sensum</em></strong></span> <span class='ocrx_word' id='word_1_1025' title='bbox 3605 5324 3786 5392; x_wconf 78' lang='lat' dir='ltr'><strong><em>magis</em></strong></span> 
     </span>
    </p>
   </div>
   <div class='ocr_carea' id='block_1_134' title="bbox 2202 5385 2784 5457">
    <p class='ocr_par' dir='ltr' id='par_1_134' title="bbox 2202 5385 2784 5457">
     <span class='ocr_line' id='line_1_134' title="bbox 2202 5385 2784 5457; baseline 0.003 -18"><span class='ocrx_word' id='word_1_1026' title='bbox 2202 5385 2376 5453; x_wconf 60' lang='lat' dir='ltr'><strong><em>allen,</em></strong></span> <span class='ocrx_word' id='word_1_1027' title='bbox 2411 5404 2569 5457; x_wconf 79' lang='lat' dir='ltr'><strong><em>quam</em></strong></span> <span class='ocrx_word' id='word_1_1028' title='bbox 2604 5389 2784 5441; x_wconf 89' lang='lat' dir='ltr'><strong><em>verba.</em></strong></span> 
     </span>
    </p>
   </div>
   <div class='ocr_carea' id='block_1_135' title="bbox 2273 5457 3785 5530">
    <p class='ocr_par' dir='ltr' id='par_1_135' title="bbox 2273 5457 3785 5530">
     <span class='ocr_line' id='line_1_135' title="bbox 2273 5457 3785 5530; baseline 0.001 -19"><span class='ocrx_word' id='word_1_1029' title='bbox 2273 5459 2384 5527; x_wconf 74' lang='lat' dir='ltr'><strong><em>(Mi</em></strong></span> <span class='ocrx_word' id='word_1_1030' title='bbox 2427 5458 2635 5511; x_wconf 81' lang='lat' dir='ltr'><strong><em>Petrus.</em></strong></span> <span class='ocrx_word' id='word_1_1031' title='bbox 2672 5459 2795 5512; x_wconf 76' lang='lat' dir='ltr'><strong><em>Act.</em></strong></span> <span class='ocrx_word' id='word_1_1032' title='bbox 2845 5473 2918 5522; x_wconf 87' lang='lat' dir='ltr'><strong><em>Iv,</em></strong></span> <span class='ocrx_word' id='word_1_1033' title='bbox 2961 5457 3014 5514; x_wconf 92' lang='lat'><strong><em>8.</em></strong></span> <span class='ocrx_word' id='word_1_1034' title='bbox 3066 5458 3283 5512; x_wconf 82' lang='lat' dir='ltr'><strong><em>Videtur</em></strong></span> <span class='ocrx_word' id='word_1_1035' title='bbox 3331 5459 3595 5528; x_wconf 84' lang='lat' dir='ltr'><strong><em>Didymus</em></strong></span> <span class='ocrx_word' id='word_1_1036' title='bbox 3629 5477 3785 5530; x_wconf 79' lang='lat' dir='ltr'><strong><em>supe-</em></strong></span> 
     </span>
    </p>
   </div>
   <div class='ocr_carea' id='block_1_136' title="bbox 2210 5527 3782 5593">
    <p class='ocr_par' dir='ltr' id='par_1_136' title="bbox 2210 5527 3782 5593">
     <span class='ocr_line' id='line_1_136' title="bbox 2210 5527 3782 5593; baseline 0.003 -14"><span class='ocrx_word' id='word_1_1037' title='bbox 2210 5527 2405 5581; x_wconf 88' lang='lat' dir='ltr'><strong><em>riorem</em></strong></span> <span class='ocrx_word' id='word_1_1038' title='bbox 2455 5531 2625 5580; x_wconf 84' lang='lat' dir='ltr'><strong><em>locum</em></strong></span> <span class='ocrx_word' id='word_1_1039' title='bbox 2656 5543 2776 5581; x_wconf 83' lang='lat' dir='ltr'><strong><em>eum</em></strong></span> <span class='ocrx_word' id='word_1_1040' title='bbox 2816 5530 2994 5585; x_wconf 72' lang='lat' dir='ltr'><strong><em>hocce.</em></strong></span> <span class='ocrx_word' id='word_1_1041' title='bbox 3029 5530 3359 5584; x_wconf 79' lang='lat' dir='ltr'><strong><em>confundere</em></strong></span> <span class='ocrx_word' id='word_1_1042' title='bbox 3381 5571 3396 5593; x_wconf 92' lang='lat'><strong><em>,</em></strong></span> <span class='ocrx_word' id='word_1_1043' title='bbox 3427 5527 3522 5582; x_wconf 83' lang='lat' dir='ltr'><strong><em>aut</em></strong></span> <span class='ocrx_word' id='word_1_1044' title='bbox 3553 5527 3782 5585; x_wconf 81' lang='lat' dir='ltr'><strong><em>sensum</em></strong></span> 
     </span>
    </p>
   </div>
   <div class='ocr_carea' id='block_1_137' title="bbox 2209 5600 3780 5670">
    <p class='ocr_par' dir='ltr' id='par_1_137' title="bbox 2209 5600 3780 5670">
     <span class='ocr_line' id='line_1_137' title="bbox 2209 5600 3780 5670; baseline 0.007 -23"><span class='ocrx_word' id='word_1_1045' title='bbox 2209 5600 2407 5670; x_wconf 68' lang='lat' dir='ltr'><strong><em>putius,</em></strong></span> <span class='ocrx_word' id='word_1_1046' title='bbox 2453 5600 2768 5670; x_wconf 67' lang='lat' dir='ltr'><strong><em>quanrjpsa</em></strong></span> <span class='ocrx_word' id='word_1_1047' title='bbox 2801 5601 2963 5656; x_wconf 85' lang='lat' dir='ltr'><strong><em>verba</em></strong></span> <span class='ocrx_word' id='word_1_1048' title='bbox 3009 5601 3289 5670; x_wconf 85' lang='lat' dir='ltr'><strong><em>utrobique</em></strong></span> <span class='ocrx_word' id='word_1_1049' title='bbox 3320 5600 3780 5658; x_wconf 81' lang='lat' dir='ltr'><strong><em>citare-voluisse.</em></strong></span> 
     </span>
    </p>
   </div>
   <div class='ocr_carea' id='block_1_138' title="bbox 2211 5665 2758 5738">
    <p class='ocr_par' dir='ltr' id='par_1_138' title="bbox 2211 5665 2758 5738">
     <span class='ocr_line' id='line_1_138' title="bbox 2211 5665 2758 5738; baseline 0.004 -18"><span class='ocrx_word' id='word_1_1050' title='bbox 2211 5665 2344 5722; x_wconf 72' lang='lat' dir='ltr'><strong><em>Vide</em></strong></span> <span class='ocrx_word' id='word_1_1051' title='bbox 2375 5665 2542 5738; x_wconf 76' lang='lat' dir='ltr'><strong><em>segni.</em></strong></span> <span class='ocrx_word' id='word_1_1052' title='bbox 2575 5667 2674 5720; x_wconf 82' lang='grc'><strong><em>107</em></strong></span> <span class='ocrx_word' id='word_1_1053' title='bbox 2707 5667 2758 5722; x_wconf 77' lang='grc' dir='ltr'><strong><em>Ι).</em></strong></span> 
     </span>
    </p>
   </div>
  </div>
