3970 6406
231 321 321 378 35]
1327 317 1414 370 DE
1453 318 1828 374 TRINITATE
1865 321 2068 376 LIBER
2110 322 2392 381 PRIMUS.

3394 335 3502 401 559.

231 436 461 503 Κύριος,
507 433 575 501 ὃς
602 433 756 486 οὕτω
784 450 860 502 με
897 432 1129 502 κέκρικε
1153 471 1166 494 ,
1202 433 1298 487 καὶ
1335 438 1367 487 ὁ
1389 436 1800 504 Παντοκράτωι

1923 453 2040 492 cum
2076 438 2236 494 Patre
2265 439 2392 506 sibi,
2425 450 2478 496 et
2505 442 2728 512 Spiritui
2763 456 2952 499 sancto
2979 447 3297 503 servaverit.
3319 449 3500 520 Atque

230 532 258 581 ὁ
282 525 582 594 πικρὰνας
592 543 714 596 μου
745 525 858 592 τὴν
880 525 1094 594 ψυχήν
1117 544 1131 558 ο
1155 529 1202 580 εὶ
1227 525 1356 595 μὴν
1373 527 1459 580 ἔτι
1490 527 1600 595 τῆς
1623 528 1817 596 πνοῆς

225 637 334 688 μου
371 620 660 686 ἐνούσης,
690 617 933 686 Πνεῦμα
957 616 1026 669 δὲ
1063 617 1224 671 θεῖον
1263 618 1331 671 τὸ
1372 620 1580 688 περιόν
1607 639 1710 689 μοι
1745 622 1815 672 ἐν

223 713 404 780 ρισίνζ
444 710 521 762 Τὸ
552 708 852 773 ζωοποιοῦν
888 727 954 780 με
997 709 1151 776 ἅγιον
1193 710 1438 781 Πνεῦμα,
1477 718 1659 780 φησιν,
1723 714 1816 765 καὶ

229 801 510 855 ἁναπνέειν
543 801 624 854 ἔτι
664 801 873 854 ποιοῦν.
905 802 1013 854 Καὶ
1052 801 1126 864 ὡς
1174 802 1336 871 ήνὶκα
1378 802 1587 866 Παῦλος
1615 804 1818 856 Θεσσα-

228 895 488 948 λοηδικεῦσι
526 893 585 946 τὸ
613 893 866 965 δεύτερον
896 893 1127 964 γράψει’
1162 894 1358 960 Αὐτὸς
1396 893 1464 946 δὲ
1515 898 1548 948 ὀ
1601 897 1815 963 Κύριος

235 985 390 1056 ἡμῶν
421 986 657 1054 Ἰησοῦς
686 986 962 1054 Χριστὸς,
989 985 1087 1038 καὶ
1115 988 1147 1038 ὁ
1177 986 1321 1050 Θεὸς
1351 986 1450 1038 καὶ
1474 987 1676 1054 Πατὴρ
1707 1004 1815 1040 πα-

233 1078 539 1150 ρακαλέσει
595 1077 765 1147 ὑμῶν
817 1077 908 1149 [Eii
942 1077 1005 1149 al
1039 1079 1144 1144 τὰς
1176 1078 1442 1146 καρδίας.
1476 1079 1584 1132 Καὶ
1638 1080 1812 1133 Γαλά-

239 1190 348 1235 ταις
367 1191 379 1201 ·
397 1171 639 1238 Παῦλος
657 1172 1026 1236 ἀπόστολος,
1051 1173 1162 1224 οὐκ
1187 1172 1288 1224 ἀπ’
1315 1170 1652 1238 ἀνθρώπου,
1673 1171 1814 1224 οὐδὲ

237 1266 302 1320 δι’
331 1263 662 1333 ἀνθρώπου,
698 1263 859 1317 ἀλλὰ
889 1263 984 1317 διὰ
1025 1262 1220 1330 Ἰησοῦ
1249 1261 1506 1330 Χριστοῦ
1535 1263 1632 1316 καὶ
1664 1262 1812 1316 Θεοῦ

231 1360 467 1424 Πατρός.
501 1356 612 1409 Καὶ
655 1354 977 1429 Κορινθίοις,
1005 1354 1081 1418 ὠς
1131 1355 1482 1425 προείρηται³
1555 1355 1615 1406 Ἠ
1641 1352 1812 1422 χάρις

225 1448 322 1504 τοῦ
351 1448 578 1516 Kvplov
610 1446 778 1516 ἡμῶν
812 1446 1018 1516 Ἰησοῦ
1055 1445 1350 1514 Χριστοῦ,
1388 1445 1485 1498 καὶ
1534 1446 1570 1511 ἠ
1607 1446 1808 1516 ἀγάπη

224 1542 317 1596 τοῦ
353 1541 509 1595 Θεοῦ
535 1541 631 1594 καὶ
664 1539 916 1608 Πατρὸς,
960 1537 1058 1591 καὶ
1089 1540 1125 1606 ἠ
1159 1540 1438 1591 κοινωνία
1485 1537 1590 1591 τοῦ
1638 1539 1809 1608 ἁγίου

217 1635 586 1704 Πνεύματος.
613 1633 724 1685 Καὶ
769 1634 798 1685 ὁ
851 1631 1040 1702 Σωτὴρ
1067 1630 1122 1683 δέ
1151 1648 1312 1701 φησιν
1333 1649 1344 1661 ·
1413 1631 1810 1700 Ἐλευσόμεθα

215 1729 320 1797 ἐγὼ
343 1729 444 1782 καὶ
495 1730 529 1781 ό
560 1725 783 1793 Πατὴρ,
818 1724 914 1777 καὶ
941 1723 1142 1792 μονὴν
1179 1723 1314 1790 παρ’
1341 1722 1503 1788 αὐτῷ
1557 1722 1809 1788 ποιήσο-

1921 531 1990 582 ob
2023 528 2161 585 hanc
2197 533 2557 600 aequalitatem
2591 536 2728 588 sacri
2758 535 2880 588 libri
2915 538 3073 591 modo
3095 538 3311 607 quidem
3346 542 3499 610 prius

1920 622 2246 676 mentionem
2282 622 2487 678 faciunt
2525 623 2737 691 Patris,
2780 637 2888 680 tum
2935 627 3095 692 Filii,
3139 640 3231 683 aut
3265 629 3502 700 Spiritus

1919 716 2124 781 sancti;
2161 718 2317 769 modo
2363 733 2492 772 vero
2524 721 2670 786 prius
2713 733 3017 776 memorant
3074 723 3268 777 Filium
3305 742 3318 777 :
3355 728 3495 796 quod

1919 816 2108 859 natura
2145 809 2211 860 ab
2263 809 2326 863 iis
2369 810 2677 865 individuus
2731 814 2828 878 sit,
2869 824 2921 866 ct
2967 815 3109 883 quod
3159 817 3249 870 Dei
3299 834 3494 875 nomen

1915 898 2036 953 sine
2073 899 2175 952 nlla
2229 901 2592 970 discrepantia
2633 905 2880 958 omnibus
2918 909 3205 962 conveniat
3243 909 3380 980 (15).
3432 911 3500 970 Ut

1917 1004 2036 1042 cum
2073 989 2146 1042 ait
2183 990 2282 1044 Job
2305 1034 2318 1057 ,
2345 992 2665 1046 Trinitatem
2701 995 2988 1049 manifesto
3023 998 3314 1065 designans
3347 1019 3361 1054 :
3402 998 3497 1054 Vi-

1917 1081 1984 1132 rit
2008 1079 2119 1150 (16)
2140 1081 2392 1135 Dominus
2421 1084 2510 1154 qui
2545 1084 2622 1136 sic
2649 1101 2726 1136 me
2742 1085 3005 1153 judicavit
3025 1127 3039 1149 ,
3083 1099 3129 1140 et
3156 1088 3498 1157 Omnipotens

1915 1172 2003 1239 qui
2055 1174 2124 1223 ad
2165 1175 2574 1228 amaritudinem
2627 1176 2853 1229 adduxit
2914 1180 3145 1231 animam
3197 1197 3364 1235 meam
3399 1197 3417 1238 .'
3450 1184 3496 1238 si

1914 1265 2126 1331 quidem
2153 1268 2275 1318 dum
2303 1267 2474 1318 adhuc
2502 1267 2636 1321 inest
2677 1268 2874 1320 halitus
2906 1286 3048 1322 meus
3069 1314 3083 1337 ,
3119 1270 3347 1341 Spiritus
3393 1291 3495 1328 au-

1913 1367 2012 1404 tem
2048 1353 2254 1404 dicinus
2311 1354 2397 1422 qui
2433 1363 2665 1420 superest
2718 1355 2845 1407 mihi
2905 1357 2962 1410 in
3011 1359 3224 1413 naribus
3271 1375 3290 1413 :
3334 1362 3490 1432 quasi

1914 1443 2116 1498 diceret
2151 1463 2162 1498 :
2197 1445 2429 1513 Spiritus
2459 1458 2710 1510 sanctus,
2745 1449 2836 1518 qui
2879 1465 2961 1504 me
3002 1452 3278 1516 vivilicat,
3311 1464 3365 1508 et
3397 1457 3492 1524 qui

1915 1535 2086 1588 adhuc
2133 1551 2216 1589 nie
2271 1537 2541 1605 respirare
2603 1536 2754 1592 facit.
2809 1540 2872 1593 lit
2935 1542 3074 1594 sicut
3117 1558 3238 1596 cmn
3293 1543 3491 1600 Paulus

1915 1623 1968 1676 in
2001 1627 2240 1678 secunda
2286 1627 2350 1678 ad
2393 1625 2905 1683 Thessalonicenses
2945 1631 3134 1684 scribit
3171 1649 3185 1686 :
3219 1631 3341 1701 Ipse
3379 1634 3488 1704 (17)

1915 1727 2084 1769 autem
2117 1716 2366 1771 Dominus
2397 1727 2571 1770 noster
2599 1717 2754 1772 Jesus
2779 1719 3039 1784 Christus,
3065 1732 3110 1774 et
3131 1721 3268 1775 Deus
3293 1741 3354 1775 ac
3382 1722 3491 1776 Pa.

207 1837 336 1888 μεν.
375 1817 520 1870 ﬂat}:
549 1816 604 1868 δὲ
629 1815 843 1886 πρῶτον
871 1816 932 1868 τὸ
964 1807 1115 1882 ἆῨιον
1153 1813 1379 1883 Πνεῦμα
1426 1813 1800 1884 ὀνομάζουσιν,

1914 1815 1988 1860 ter
2016 1809 2370 1860 consolabitur
2405 1814 2566 1862 corda
2598 1821 2786 1864 vestra.
2825 1813 2890 1865 Et
2922 1817 2986 1866 ad
3033 1813 3250 1869 Galatas
3290 1833 3302 1867 :
3340 1814 3489 1868 Pau-

215 1912 518 1983 μετέπειτα
556 1909 611 1961 δὲ
640 1909 730 1960 τὸν
757 1907 998 1977 Πατέρα,
1036 1906 1067 1976 ἦ
1097 1907 1186 1958 τὸν
1217 1906 1365 1971 Υἱὸν,
1396 1905 1469 1969 ὡς
1497 1907 1624 1960 ὅταν
1647 1907 1809 1960 Δαυῒδ

211 2004 392 2076 cina;
411 2021 423 2032 -
453 1999 580 2055 Ποῦ
605 1996 877 2068 πορευθῶ
893 1997 1007 2050 ἀπὸ
1036 1998 1140 2051 τοῦ
1163 1999 1509 2066 [Ii-stipator;
1535 2014 1650 2052 σου
1667 2015 1686 2062 ;
1705 2000 1804 2053 καὶ

209 2097 320 2150 ἀπὸ
348 2095 463 2148 τοῦ
491 2093 816 2161 προσώπου
850 2109 966 2146 σου
999 2091 1116 2145 ποῦ
1147 2093 1345 2161 gora);
1369 2092 1478 2144 Καὶ
1511 2093 1538 2144 ὁ
1577 2091 1719 2155 Ἰὼϐ,
1746 2091 1806 2144 τὸ

208 2188 496 2258 εὗγνωμον
519 2188 754 2252 δεικνὺς,
788 2187 988 2255 φάσκει
1018 2204 1030 2217 ·
1057 2184 1299 2254 Πνεῦμα
1333 2183 1495 2239 θεῖον
1545 2186 1610 2237 τὸ
1636 2184 1806 2252 ποιῆ-

205 2282 321 2336 σὰν
352 2300 432 2350 με
457 2300 469 2312 ·
499 2281 657 2348 πνοὴ
703 2280 772 2332 δὲ
803 2277 1298 2347 Παντοκριὶτορος
1331 2277 1368 2345 ἡ
1426 2277 1805 2331 διδάσκουσα

204 2388 288 2439 με.
325 2372 444 2424 Καὶ
477 2370 552 2434 ὡς
583 2368 797 2433 Παῦλος
827 2370 884 2421 ὲν
917 2372 982 2440 τῇ
1035 2366 1227 2441 πρώτῃ
1273 2367 1558 2438 Ἐπιστολῇ
1609 2369 1805 2438 Κοριν-

205 2463 339 2528 θίοις
377 2463 580 2534 γράφει
602 2479 615 2492 ·
665 2463 992 2530 Διαιρέσεις
1023 2461 1091 2514 δὲ
1119 2459 1506 2530 χαρισμάτων
1529 2461 1709 2523 εἰσιν,
1740 2459 1803 2512 τὸ

204 2554 264 2607 δὲ
287 2555 450 2608 αὐτὸ
484 2553 729 2621 Πνεῦμα
749 2571 762 2583 ·
791 2553 888 2607 καὶ
919 2551 1241 2620 διαιρέσεις
1285 2549 1600 2604 διακονιῶν
1623 2555 1800 2614 εἰσιν,

205 2649 233 2699 ὀ
263 2646 335 2698 δὲ
375 2644 564 2710 αὐτὸς
609 2646 820 2712 Κύριος
845 2661 860 2675 ο
913 2644 1010 2698 καὶ
1039 2642 1362 2711 διαιρέσεις
1387 2643 1800 2711 ἐνεργημάτων

204 2738 389 2798 εἰσιν,
422 2734 546 2789 όδὲ
572 2737 754 2800 αὐτὸς
783 2733 946 2798 Θεὸς,
983 2737 1015 2786 ό
1051 2731 1310 2802 ἐνεργῶν
1365 2733 1436 2786 τὰ
1492 2731 1682 2787 πάντα
1731 2732 1801 2784 ἐν

204 2826 418 2882 πᾶσιν.
448 2829 591 2880 Ποτὲ
631 2828 686 2878 δὲ
726 2827 852 2896 περὶ
901 2825 993 2878 δύο
1053 2824 1406 2878 ὑποστάσεων
1462 2824 1798 2890 διαλέγονται

207 2921 513 2991 dum-39w;
533 2962 548 2985 ,
577 2920 654 2981 ὡς
673 2921 760 2972 ὅτε
803 2918 1076 2988 Ζαχαρίας
1109 2916 1256 2984 λέγει
1285 2932 1297 2944 '
1352 2913 1539 2970 Εἶπεν
1584 2917 1798 2984 Κύριος

207 3014 356 3081 πρὸς
388 3012 502 3066 τὸν
531 3011 820 3064 διάϐολον
846 3027 858 3040 ·
914 3008 1282 3076 Ἐπιτιμήσει
1316 3009 1524 3076 Κύριος
1587 3009 1651 3062 ἐν
1675 3007 1794 3070 σοι,

206 3105 468 3159 ειιὶὲολε.
517 3104 630 3157 Καὶ
662 3104 918 3174 ἀνωτέρω
951 3101 1164 3172 ἐδείχθη
1191 3100 1282 3153 διὰ
1313 3100 1594 3156 πλειόνων.

207 3201 490 3254 dirisiones
550 3199 958 3252 ministeriorum
1006 3209 1156 3261 sunt,
1213 3197 1348 3248 idem
1394 3206 1565 3247 autem
1615 3192 1868 3247 Dominus
1933 3192 2082 3263 (23);
2150 3202 2198 3245 et

1910 1897 1991 1952 lus
2031 1898 2141 1968 (18)
2183 1900 2450 1965 apostolus
2496 1917 2596 1953 non
2643 1901 2706 1954 ab
2733 1904 2961 1965 homine.
3003 1923 3163 1976 neque.
3195 1924 3288 1976 per
3314 1908 3487 1964 homiv

1910 2007 2055 2056 nem,
2089 1992 2178 2044 sed
2219 2009 2310 2059 per
2336 1991 2517 2046 Jesum
2556 1991 2818 2048 Christum
2845 2005 2893 2049 et
2941 1995 3102 2051 Deum
3150 1995 3380 2053 Patrem.
3405 2000 3489 2057 Ἐι

1909 2083 1974 2134 ad
2005 2082 2338 2146 Corinthios,
2367 2095 2422 2136 ut
2446 2092 2602 2138 antea
2640 2085 2754 2158 (19)
2788 2087 2989 2141 dictum
3013 2098 3094 2142 est
3122 2109 3134 2142 :
3167 2087 3348 2143 Gratia
3373 2090 3486 2162 (ΞΟ)

1910 2173 2120 2227 Domini
2137 2175 2438 2229 nostrilesu
2455 2176 2669 2240 Christi,
2688 2189 2735 2230 et
2771 2179 3001 2232 choritas
3025 2180 3118 2234 Dei
3143 2199 3204 2234 ac
3223 2180 3485 2246 Patris,”

1907 2269 2303 2321 communicatio
2321 2270 2486 2320 sancti
2500 2269 2751 2338 Spiritus.
2784 2271 3034 2326 Salvator
3052 2289 3178 2328 vero
3193 2275 3354 2328 etiam
3376 2276 3484 2332 ait:

1922 2357 2189 2412 Venientus
2215 2359 2326 2429 (9.1)
2362 2377 2454 2429 ego
2491 2371 2538 2414 et
2574 2361 2758 2427 Pater,
2779 2375 2822 2416 et
2981 2367 3305 2420 mansionem
3345 2366 3487 2435 apud

1906 2466 2020 2503 eum
2071 2451 2344 2518 faciemus.
2387 2453 2542 2507 Modo
2595 2471 2723 2508 vero
2764 2455 2996 2524 primum
3052 2457 3314 2527 Spiritum
3357 2474 3484 2514 san.

1907 2553 2050 2597 ctum
2078 2545 2374 2611 nominant,
2397 2547 2590 2602 deinde
2606 2543 2819 2602 Patrem
2839 2591 2852 2612 ,
2877 2559 2971 2602 aut
2995 2549 3186 2604 Filium
3223 2570 3234 2604 :
3272 2561 3328 2605 ut
3359 2568 3480 2606 cum

1907 2634 2071 2688 David
2101 2636 2276 2705 psallit
2309 2654 2321 2688 :
2354 2636 2468 2702 Quo
2504 2638 2588 2692 ibo
2619 2640 2729 2710 (9.2)
2772 2659 2800 2694 a
2831 2639 3036 2710 Spiritu
3063 2652 3151 2695 tuo
3172 2684 3186 2707 ,
3219 2653 3265 2695 ct
3289 2660 3319 2694 a
3346 2645 3483 2711 facie

1904 2737 1995 2780 tua
2034 2745 2134 2793 quo
2169 2729 2410 2799 fugiam?
2436 2730 2499 2785 Et
2527 2730 2692 2786 Jobus
2726 2749 2826 2786 non
2870 2733 3142 2802 ingratum
3187 2749 3245 2788 se
3299 2747 3485 2788 ostenv

1903 2822 2036 2875 dens
2063 2821 2138 2872 ait
2166 2839 2179 2875 :
2217 2819 2444 2884 Spiritus
2492 2823 2602 2892 (‘23)
2635 2824 2836 2876 divinus
2869 2827 2959 2893 qui
2983 2825 3101 2892 fecit
3142 2842 3222 2877 me
3244 2866 3258 2888 ,
3286 2827 3482 2880 halitus

1903 2929 2020 2966 vero
2083 2913 2465 2981 Omnipotentis
2509 2916 2694 2968 docens
2747 2933 2844 2968 me.
2894 2916 2956 2968 Et
2997 2917 3138 2970 sicut
3187 2916 3384 2970 Paulus
3428 2919 3479 2970 in

1904 3006 2077 3073 prima
2105 3006 2170 3057 ad
2192 3005 2502 3059 Corinthios
2524 3006 2757 3074 Epistula
2788 3007 2974 3059 scribit
3003 3028 3014 3061 :
3045 3007 3336 3061 Divisiones
3365 3007 3480 3078 (24)

1825 3094 1867 3150 C
1901 3108 2075 3152 autem
2122 3099 2496 3152 charismatum
2529 3109 2683 3165 sunt,
2720 3099 2855 3151 idem
2905 3110 3076 3152 autem
3119 3097 3387 3168 Spiritus;
3431 3112 3482 3153 et

2272 3194 2549 3246 divisiones
2603 3193 2964 3262 Operationum
3007 3203 3157 3256 sunt,
3199 3193 3334 3245 idem
3377 3209 3482 3245 au-

210 3300 301 3343 tem
349 3289 530 3354 Deus,
581 3291 673 3359 qui
725 3300 969 3356 aperatur
1014 3289 1189 3340 omnia
1262 3288 1317 3340 in
1390 3285 1648 3338 omnibus.
1700 3283 1854 3337 Modo
1895 3299 2024 3339 vero
2070 3283 2136 3337 de
2187 3285 2391 3338 duabus
2431 3285 2672 3352 personis
2717 3283 3040 3351 loquuntur,
3076 3284 3206 3352 quin
3253 3298 3346 3336 eas
3379 3299 3481 3336 no.

217 3382 412 3433 minent
443 3381 561 3449 (:26)
591 3399 604 3434 :
635 3391 690 3433 ut
723 3396 841 3433 cum
866 3379 1160 3433 Zacharias
1189 3379 1302 3432 ait:
1343 3377 1484 3430 Dixit
1544 3376 1654 3447 ('27)
1689 3376 1939 3434 Dominus
1976 3378 2043 3430 ad
2079 3378 2341 3432 diabolum
2373 3393 2389 3432 :
2425 3378 2726 3431 lncreoabit
2792 3377 3047 3431 Dominus
3081 3379 3133 3432 in
3200 3387 3283 3444 te,
3351 3379 3481 3435 αέα-ν

223 3470 342 3526 bole.
367 3472 431 3526 Et
461 3481 523 3524 ut
553 3471 804 3540 superius
830 3471 940 3541 (‘28)
974 3483 1250 3527 ostensum
1278 3484 1359 3526 est
1391 3473 1581 3525 fusius.

294 3712 391 3780 (l5)
439 3711 545 3765 Dei
585 3728 839 3768 nomen...
877 3715 1169 3768 conveniat.
1215 3712 1294 3766 Ad
1339 3713 1562 3766 verbum
1597 3728 1610 3762 :
1641 3719 1694 3762 et
1737 3710 1798 3762 ob

221 3779 485 3849 theologia:
531 3783 963 3849 indi/ferentium.
1023 3784 1189 3838 Porro
1249 3784 1388 3835 sicut
1439 3779 1796 3851 κυριολογεῖν,

219 3863 316 3916 est,
345 3852 631 3905 Dominum
657 3870 858 3916 vocare,
887 3854 966 3906 sic
989 3854 1258 3922 θεολογεῖν
1277 3864 1380 3917 est,
1405 3852 1571 3906 Deum
1596 3867 1798 3922 uocare,

217 3935 273 3975 ιιι
298 3923 558 3976 omnibus
591 3932 774 3974 notum
805 3934 918 3987 est,
955 3925 1020 3978 iis
1061 3921 1330 3982 tliaitilue.
1365 3925 1454 3990 qui
1495 3923 1547 3974 in
1590 3921 1802 3975 Graeco-

217 4009 331 4044 rum
355 3993 580 4044 Patrum
619 3993 846 4046 lectione
887 3995 1085 4048 versati
1117 4003 1261 4049 sunt.
1297 3991 1480 4061 Itaque
1507 3992 1619 4044 hinc
1655 3991 1799 4043 theo-

214 4066 368 4131 logia:
391 4062 755 4130 indi/ferentia
778 4107 790 4127 ,
822 4066 886 4117 de
915 4079 1016 4130 qua
1051 4065 1338 4133 Didymus,
1373 4065 1424 4115 in
1450 4077 1515 4115 eo
1539 4063 1642 4114 sita
1674 4071 1794 4125 est,

217 4145 274 4184 ut
330 4133 426 4185 Dei
474 4149 664 4184 nomen
698 4133 808 4186 sine
837 4135 1141 4187 discrimine
1179 4133 1378 4187 divinis
1421 4133 1668 4202 personis
1701 4133 1797 4184 tri-

215 4203 428 4254 buntur.

287 4275 398 4340 (ιιι)
453 4269 612 4324 Vivit.
649 4271 748 4325 Job
793 4289 964 4336 imit,
1003 4273 1038 4326 2
1064 4284 1117 4325 et
1141 4273 1195 4326 ὅ.
1249 4272 1640 4342 Complntensis
1677 4270 1793 4342 edi-

215 4343 294 4396 tio
326 4347 404 4396 sic
435 4344 618 4404 habet,
649 4355 705 4392 ιιι
745 4344 1014 4411 Didymus.
1057 4343 1334 4397 Nonnulla:
1385 4341 1510 4394 aliae
1543 4358 1639 4410 pro
1684 4341 1795 4395 Κύ-

215 4429 333 4481 ριος
386 4415 608 4473 habent,
635 4414 662 4464 ὁ
695 4411 931 4485 Θεόςζοι
957 4429 1052 4482 pro
1098 4416 1146 4465 εἰ
1202 4416 1306 4485 μήν
1338 4414 1552 4485 habent,
1587 4411 1619 4482 ἦ
1655 4415 1782 4481 μήν.

215 4485 321 4548 Qui
351 4493 510 4535 notas
557 4484 804 4550 apposuit
838 4482 1275 4537 Francol'nrtensi
1316 4483 1557 4546 etlitiOni,
1595 4485 1791 4536 lectio-

218 4566 364 4610 ncm.
395 4554 445 4604 εἰ
485 4553 614 4621 μήν,
653 4554 956 4607 mendosam
993 4556 1168 4608 dixit:
1212 4570 1315 4607 non
1353 4555 1792 4606 animadvertetis

219 4626 456 4674 l'oriasse
495 4624 864 4676 tiebraisnium
912 4626 996 4678 hic
1040 4626 1240 4687 latere,
1281 4639 1344 4676 ac
1383 4623 1619 4692 jurantis
1671 4637 1790 4676 esse

217 4693 374 4752 illud,
420 4693 489 4757 si,
528 4704 640 4755 aut,
671 4708 736 4743 si.

295 4763 406 4830 (Π)
445 4762 589 4828 Ipse.
655 4761 696 4816 ll
759 4761 950 4816 Thess.
993 4780 1050 4827 ιι,
1105 4763 1171 4818 16
1243 4773 1296 4816 et
1372 4761 1459 4814 17.
1529 4760 1791 4815 Nonnulla

217 4836 546 4885 omittuntur
605 4833 943 4904 interinedia.
1005 4835 1106 4887 Pro
1170 4832 1541 4904 παρακαλέσει
1608 4830 1792 4884 Graeca

220 4903 391 4956 editio
414 4904 610 4972 habet,
641 4903 1046 4972 παρακαλέσαι,
1080 4905 1219 4958 sicut
1254 4903 1314 4956 et
1355 4905 1609 4969 Vulgatus
1641 4904 1784 4968 legit.

300 4972 412 5038 (18)
455 4970 674 5025 Paulus.
711 4970 886 5027 Galat.
934 4991 970 5038 ι,
1009 4975 1059 5027 1.
1105 4974 1290 5030 ϐιειιυιι
1340 4975 1506 5025 editio
1558 4982 1612 5025 et
1663 4972 1792 5026 Vul-

222 5056 354 5112 gata
385 5043 894 5112 translatto_habent
927 5063 939 5097 :
975 5061 1074 5096 non
1113 5045 1176 5096 ab
1205 5043 1523 5096 hominibus.

301 5112 411 5178 (I9)
449 5114 632 5182 Antea.
661 5110 841 5182 Segni.
878 5114 948 5168 20
977 5117 1026 5167 ὁ.

303 5183 416 5251 ('20)
479 5180 685 5236 Gratia.
741 5180 802 5234 ’11
871 5186 998 5237 Cor.
1071 5200 1185 5245 xm,
1259 5183 1346 5239 15.
1404 5180 1792 5248 Explicationis

227 5267 393 5304 causa
435 5253 581 5324 addit
630 5253 890 5324 Didymus
937 5255 1100 5308 verba
1156 5255 1243 5307 illa
1272 5263 1378 5324 ,νει
1418 5252 1631 5324 Putris,
1675 5267 1794 5324 qua;

227 5337 403 5389 segni.
426 5323 494 5378 ξι)
522 5325 550 5373 b
600 5338 705 5376 non
735 5321 1037 5377 ’addiderat
1069 5343 1080 5376 :
1114 5334 1171 5376 nt
1203 5323 1408 5376 scilicet
1437 5321 1634 5374 clarius
1665 5323 1796 5374 unli-

227 5404 350 5452 εει,
378 5392 460 5445 Dei
485 5395 699 5446 namine
725 5409 784 5446 se
809 5394 969 5446 Deum
997 5393 1207 5446 Patrem
1244 5393 1561 5460 intelligere.

307 5461 416 5529 (2!)
465 5461 754 5518 Venientes.
780 5462 936 5517 Joan.
973 5479 1080 5529 xw,
1107 5465 1199 5526 23,
1233 5463 1319 5515 ubi
1345 5469 1502 5514 verba
1533 5461 1639 5525 illa,
1673 5476 1786 5528 ego,

227 5539 286 5584 et
319 5529 499 5596 -l’ater,
524 5549 626 5584 non
654 5545 889 5598 exstant,
921 5535 1013 5587 sed
1045 5553 1071 5584 ει
1100 5535 1321 5602 Didymo
1348 5547 1565 5586 sensum
1592 5541 1794 5584 tutante

231 5603 336 5654 hic
366 5604 618 5655 adduntur
649 5619 664 5655 :
703 5620 802 5656 nec
839 5619 900 5657 ea
937 5605 987 5656 in
1025 5605 1309 5670 Evangelia
1343 5605 1454 5670 ipse
1504 5603 1647 5667 legit,
1679 5613 1789 5665 ant,

234 5680 304 5724 ct
334 5674 514 5728 rectius
554 5673 766 5740 laquar,
814 5675 914 5726 sibi
953 5690 980 5725 a
1013 5676 1124 5727 suis
1172 5675 1306 5726 lecta
1353 5673 1597 5725 audivit:
1653 5670 1797 5724 sicut

237 5741 516 5798 mnifesto
553 5753 776 5812 apparet
806 5760 872 5798 ex
905 5743 1039 5798 libro
1065 5743 1139 5796 De
1167 5741 1260 5800 Si).
1287 5756 1488 5809 sancto,
1515 5756 1662 5796 num.
1698 5740 1790 5796 ‘24.

511 5863 783 5925 PATBOL.
831 5861 950 5924 GR.
995 5859 1299 5924 XXXIX.

1909 3711 1980 3763 lbi
2014 3711 2155 3764 enim
2184 3710 2333 3778 prius
2375 3707 2486 3762 haec
2515 3709 2775 3778 dictavit:
2815 3729 2832 3759 ι
2875 3709 2940 3762 Ει
2981 3710 3250 3777 Salvator,
3291 3712 3476 3768 Venie-

1909 3797 2058 3844 mus,
2105 3777 2300 3849 inquit,
2340 3796 2432 3846 ego
2460 3789 2508 3831 et
2552 3777 2714 3832 Pater
2750 3781 2930 3848 (haud
2965 3781 3219 3842 dubium,
3250 3786 3379 3848 quin
3408 3785 3478 3840 ad

1907 3865 2028 3902 eum
2055 3891 2068 3912 ,
2119 3853 2208 3918 qui
2243 3861 2505 3920 praecepta
2541 3850 2662 3920 ejus
2679 3849 3006 3920 servaverit)
3034 3889 3048 3911 ,
3076 3861 3125 3904 et
3153 3854 3478 3906 mansionem

1906 3922 2047 3986 apud
2081 3936 2200 3973 eum
2245 3919 2524 3988 faciemus.
2570 3937 2587 3969 ι
2627 3919 2759 3972 Tum
2794 3919 2947 3987 quasi
2997 3935 3118 3972 eum
3151 3923 3473 3988 paeniteret,

1909 3993 2049 4057 quod
2104 3993 2262 4045 verba
2309 3991 2417 4058 ipsa
2466 3991 2756 4062 sermonis,
2787 3991 2854 4062 ἰιΙ⁸
2874 4000 2958 4042 est
2999 3998 3176 4044 textus
3208 3993 3296 4062 (id
3331 3993 3476 4047 enim

1906 4062 2048 4114 valet
2081 4077 2182 4113 non
2213 4077 2334 4114 raro
2361 4076 2459 4114 vox
2490 4061 2643 4126 λόγος
2669 4062 2805 4129 apud
2835 4059 3139 4128 Didymum,
3164 4059 3225 4115 ut
3245 4063 3476 4117 vidimus

1905 4145 2072 4197 segni.
2121 4130 2192 4184 22
2234 4132 2282 4194 b,
2335 4141 2387 4184 et
2438 4136 2574 4198 apud
2620 4132 2755 4184 alios
2805 4129 3069 4198 Patres),
3122 4133 3236 4186 haec
3289 4141 3476 4186 statim

1901 4200 2212 4266 subjunxit:
2253 4222 2270 4252 ι
2316 4200 2483 4255 Porro
2529 4203 2604 4254 sic
2651 4217 2831 4253 sermo
2880 4201 2979 4252 iste
3023 4203 3368 4269 contexitur:
3414 4202 3475 4257 Si

1901 4277 2014 4336 quis
2037 4271 2207 4342 diligit
2237 4289 2383 4326 me...
2419 4269 2577 4324 Pater
2603 4287 2746 4325 meus
2777 4271 2956 4339 diliget
2992 4285 3133 4334 eum,
3159 4283 3206 4325 et
3242 4273 3311 4326 ad
3349 4289 3470 4327 eum

1900 4344 2176 4403 veniemus,
2214 4363 2230 4392 ι
2270 4353 2322 4395 et
2347 4343 2569 4410 reliqua.

1969 4412 2078 4478 (:22)
2124 4414 2236 4476 Quo
2271 4413 2373 4466 ibo.
2409 4412 2549 4482 Psal.
2590 4427 2852 4479 cxxxvni,
2889 4414 2922 4468 6
2953 4415 3069 4482 (seu
3098 4414 3172 4482 7).

1967 4482 2080 4551 ('25)
2122 4484 2370 4548 Spiritus.
2424 4481 2525 4535 Job
2555 4497 2744 4554 xxxiii,
2774 4486 2827 4535 4.
2880 4481 3279 4554 Coinpluiensis
3304 4483 3471 4539 editio

1895 4564 2015 4618 post
2057 4553 2494 4623 ΙΙαντοκράτορος
2520 4593 2533 4613 ,
2569 4553 2884 4623 addition.
2914 4553 3048 4608 Alia:
3079 4554 3347 4609 editiones
3377 4570 3472 4608 vo-

1893 4623 2066 4743 Cililcin
2116 4638 2234 4676 eam
2275 4622 2572 4687 emittunt,
2626 4633 2681 4674 ut.
2724 4622 2979 4693 Didymus
3027 4636 3137 4680 tum
3187 4623 3306 4691 hic,
3359 4635 3472 4680 tum

1894 4709 1961 4743 ai
2011 4711 2045 4743 l.

1894 4709 2045 4746 ιιιιυι.

1965 4763 2078 4830 (2t)
2121 4762 2429 4818 Divisianes.
2463 4763 2480 4815 ι
2530 4761 2656 4816 Cor.
2693 4777 2794 4823 xu,
2834 4763 2929 4816 4-6

1964 4832 2074 4900 (25)
2117 4831 2263 4885 Idem
2302 4846 2476 4885 «uitem
2528 4832 2798 4884 Dominus.
2836 4833 3022 4888 Graeca
3063 4834 3227 4888 editio
3262 4834 3466 4889 habet:

1895 4903 1988 4954 καὶ
2029 4906 2056 4955 ὁ
2097 4903 2260 4966 αὐτὸς
2295 4902 2498 4974 Κύριος
2527 4943 2540 4965 ,
2576 4919 2734 4974 quam
2767 4903 3046 4957 lectionem
3098 4906 3342 4972 sequitur
3381 4906 3472 4959 Dio

1894 4975 2086 5041 dymus
2112 4989 2279 5040 segni.
2312 4973 2393 5025 ‘26
2416 4992 2468 5036 ιι,
2504 4984 2555 5025 et
2582 4973 2650 5026 91
2675 4975 2723 5034 b,
2758 4985 2840 5035 et,
2875 4984 2930 5026 ut
2972 4976 3205 5038 videtur,
3244 4976 3295 5028 in
3325 4976 3468 5031 libro

1898 5041 1970 5094 De
2006 5043 2209 5109 Spiritu
2245 5054 2445 5102 sancto,
2477 5059 2621 5097 num.
2659 5043 2750 5105 9.2,
2788 5059 2908 5096 cum
2939 5045 3008 5097 ibi
3059 5045 3350 5099 Vaticanus
3378 5061 3471 5098 co-

1895 5118 2032 5170 dex.
2063 5129 2126 5166 ac
2158 5126 2362 5174 noster,
2404 5125 2459 5165 et
2502 5113 2664 5165 Vetus
2708 5115 2872 5164 editio
2920 5115 3196 5168 habeant:
3249 5115 3315 5168 Et
3360 5117 3468 5178 ipse

1898 5179 2168 5234 Dominus.
2202 5183 2338 5246 Quin
2366 5184 2526 5234 etiam
2564 5183 2748 5234 vocula
2781 5185 2919 5247 ἐστι,
2949 5201 3067 5251 (tua:
3093 5201 3211 5238 mox
3244 5186 3464 5237 additur

1897 5251 1948 5302 in
1981 5252 2184 5324 Graecis
2217 5253 2420 5314 Bibliis,
2458 5253 2526 5304 ibi
2561 5252 2809 5306 similiter
2838 5257 3104 5308 ounttitur
3133 5272 3163 5306 a
3209 5253 3460 5324 Didyme,

1897 5332 1952 5372 ut
1997 5324 2094 5373 hoc
2135 5323 2187 5374 in
2225 5327 2359 5376 loco.

1968 5391 2077 5461 (‘26)
2123 5390 2259 5455 Quin
2285 5409 2374 5463 eas
2392 5393 2675 5444 nominent.
2728 5391 2829 5444 Pro
2860 5391 3159 5463 ἁνωνύμως
3185 5392 3468 5463 legendum

1895 5459 2157 5526 susmcor.
2198 5459 2503 5530 ὁμωνύμως
2529 5503 2542 5522 ,
2575 5463 2622 5512 id
2653 5471 2756 5523 est,
2782 5465 3038 5531 ambigue.

1967 5531 2078 5599 (:27)
2124 5532 2288 5585 Dixit.
2335 5532 2560 5583 Zacliar.
2595 5547 2674 5593 ιιι,
2704 5532 2758 5584 2.
2794 5535 2978 5586 Grut-ca
3001 5533 3166 5586 editio
3197 5548 3292 5602 pro
3347 5534 3469 5590 ἐπισ

1894 5609 2113 5670 τιμήσει
2141 5604 2326 5672 habet,
2359 5603 2702 5672 ὲπιτιμήσαι,
2741 5605 2840 5655 hoc
2873 5616 2956 5656 est
2986 5604 3230 5671 increpet.

1975 5669 2084 5742 (£8)
2117 5671 2386 5742 Superius.
2425 5669 2581 5726 initio
2612 5675 2768 5742 hujus
2792 5675 3005 5743 capitis,
3040 5669 3154 5727 sive
3177 5688 3346 5744 segm.
3379 5669 3470 5738 19.

3088 5859 3161 5924 12
