4104 6408
531 333 637 400 571

1777 346 2017 406 DIDYMI
2055 346 2525 408 ALEXANDRINI

3681 348 3787 407 872

470 478 475 483 ·
534 460 781 519 templum
840 460 934 515 Dei
985 460 1221 527 viventis,
1280 465 1417 518 sicut
1468 465 1591 519 dicit
1655 466 1795 522 Deus
1830 484 1848 523 :
1882 468 2106 524 Inltabi-

2233 485 2363 524 ιατα
2397 468 2567 539 ὑμῶν
2596 468 2744 535 ναὸς
2788 468 2894 523 τοῦ
2943 469 3013 521 ἑν
3049 467 3192 539 ὑμῖν
3230 467 3403 538 ἁγίου
3449 468 3790 539 Πνεύματός

535 555 655 608 tabo
700 551 814 624 (74)
853 554 908 607 in
954 554 1104 624 ipsis,
1149 568 1304 624 atque
1357 555 1800 623 inambulabo,,et
1858 576 1947 614 ero
1985 560 2108 615 illo-

536 660 655 698 rum
692 644 857 711 Deus,
896 654 944 699 et
980 646 1079 712 ipsi
1114 657 1267 700 erunt
1295 663 1437 702 mens
1470 649 1711 714 populus.
1758 651 1825 704 Et
1880 667 2106 708 rursus:

545 733 778 791 Nescitis
831 737 943 805 (75)
1000 738 1139 806 quod
1168 740 1410 803 templum
1447 739 1540 794 Dei
1587 742 1735 804 estis,
1775 753 1823 795 et
1875 742 2107 811 Spiritus

539 824 641 879 Dei
710 826 911 879 habitat
972 827 1028 880 in
1106 828 1294 883 vobis?
1351 828 1477 885 Et:
1526 828 1750 886 Nescitis
1786 833 1897 902 (76)
1971 837 2110 904 quod

536 933 757 986 corpora
791 928 960 971 vestra
988 917 1233 985 templum
1261 928 1380 972 sunt
1405 921 1698 975 exsistentis
1724 924 1778 976 in
1813 928 1957 980 vobis
1986 926 2109 995 Spi-

536 1010 674 1063 ritus
701 1009 893 1075 sancti,
923 1025 1072 1078 quem
1104 1007 1306 1064 habetis
1342 1027 1373 1064 a
1418 1012 1525 1065 Deo
1547 1015 1572 1067 ?
1607 1013 1670 1066 Et
1697 1015 1763 1066 ad
1795 1014 2057 1083 Ephesius
2092 1035 2107 1071 :

542 1101 611 1156 Ut
667 1102 750 1155 det
802 1103 915 1171 (77)
964 1103 1107 1158 vobis
1144 1103 1425 1158 secundum
1484 1105 1696 1161 divitias
1748 1106 1931 1175 glorite
1978 1123 2107 1171 sum,

539 1194 731 1245 virtute
754 1193 1083 1246 corroborari
1109 1210 1199 1263 per
1234 1192 1494 1260 Spiritum
1539 1195 1655 1264 ejus
1708 1196 1765 1248 in
1807 1197 2109 1250 interiorem

537 1286 817 1346 flaminem,
879 1286 1118 1339 habitare
1162 1286 1430 1339 Christum
1476 1303 1569 1355 per
1594 1286 1746 1348 ﬁdem
1779 1289 1833 1339 in
1863 1286 2110 1343 cordibus

540 1376 746 1430 vestris.
786 1375 851 1430 Et
895 1378 1034 1431 sicut
1063 1393 1182 1431 cum
1221 1378 1476 1431 Dominus
1509 1378 1562 1431 in
1593 1376 1797 1433 Joanne
1822 1379 1899 1430 ait
1938 1396 1952 1431 :
1985 1377 2110 1447 Spi-

541 1469 705 1521 ritum
737 1468 847 1540 (78)
895 1470 1127 1523 veritatis
1158 1508 1175 1533 ,
1232 1485 1383 1539 quem
1421 1471 1648 1522 mundus
1686 1485 1787 1523 non
1821 1481 1985 1534 potest
2019 1487 2112 1524 ac-

541 1561 729 1627 cipere,
756 1563 879 1629 quia
907 1577 1008 1613 non
1038 1562 1175 1613 videt
1201 1577 1340 1623 eum,
1374 1576 1467 1613 nec
1509 1562 1770 1630 cognoscit
1811 1578 1927 1615 eum
1958 1577 1978 1615 :
2020 1579 2109 1616 vos

541 1662 715 1704 autem
748 1652 1057 1720 cognoscitis
1092 1666 1213 1704 eum
1239 1690 1256 1713 ,
1302 1652 1426 1719 quia
1458 1653 1595 1717 apud
1626 1667 1713 1705 vos
1745 1662 1944 1719 manet,
1977 1662 2023 1706 et
2057 1653 2111 1706 in

540 1739 685 1795 vobis
713 1743 846 1804 erit;
876 1753 930 1797 et
965 1756 1152 1796 rursus
1180 1759 1194 1792 :
1226 1739 1285 1795 Si
1311 1742 1427 1810 quis
1452 1740 1563 1811 (79)
1592 1742 1762 1811 diligit
1785 1758 1885 1804 me,
1915 1758 2112 1797 scruto—

2210 559 2403 623 ἐστιν,
2454 556 2527 616 οὗ
2580 559 2749 629 ἔχετε
2792 558 2911 613 ἀπὸ
2959 559 3065 614 τοῦ
3114 558 3298 623 Θεοῦ;
3339 557 3449 613 Καὶ
3490 558 3785 628 Ἑφεσίοιςο

2212 652 2340 707 Ἵνα
2363 650 2483 720 δῴη
2512 651 2676 721 ὑμῖν,
2703 651 2853 705 κατὰ
2879 652 2987 703 τὸν
3028 650 3299 704 πλοῦτον
3337 648 3445 717 τῆς
3477 649 3664 717 δόξης
3687 652 3793 705 αὐ-

2210 743 2338 806 τοῦ,
2377 742 2627 811 δυνάμει
2665 740 3098 811 κραταιωθῆναι
3115 781 3131 807 ,
3168 741 3267 795 διὰ
3307 741 3412 795 τοῦ
3452 744 3794 812 Πνεύματος

2209 833 2396 888 αὐτοῦ
2447 836 2534 899 είς
2585 832 2694 887 τὸν
2744 835 2867 887 ἐσω
2916 832 3231 900 ἄνθρωπον
3278 834 3632 901 κατοικῆσαι
3687 834 3793 888 τὸν

2210 923 2487 993 Χριστὸν,
2511 924 2610 979 διὰ
2641 923 2753 992 τῆς
2784 925 3043 989 πίστεως
3060 925 3131 978 ἐν
3156 924 3286 991 ταῖς
3310 925 3579 995 καρδίαις
3605 926 3792 996 ὑμῶν.

2212 1015 2321 1069 Καὶ
2376 1014 2453 1078 ὡς
2509 1014 2637 1068 ὅταν
2684 1016 2713 1068 ὁ
2762 1014 3039 1085 Δεσπότης
3084 1016 3142 1067 ὲν
3203 1015 3420 1087 Ἰωάννῃ
3474 1016 3661 1085 λέγει’
3718 1016 3797 1071 Τὸ

2209 1105 2452 1175 Πνεῦμα
2501 1105 2611 1173 τῆς
2662 1106 2968 1174 ἀληθείας,
3009 1105 3041 1160 ὃ
3081 1109 3115 1162 ὀ
3159 1109 3389 1177 κόσμος
3432 1111 3505 1163 οὐ
3546 1108 3798 1163 δύναται

2208 1197 2438 1260 λαϐεῖν,
2476 1197 2565 1251 ὅτι
2593 1199 2666 1252 οὐ
2700 1197 2908 1266 θεωρεῖ
2929 1198 3099 1263 αὐτὸ,
3136 1198 3281 1252 οὐδέ
3311 1198 3589 1268 γινώσκει
3615 1202 3793 1254 αὐτό⁴

2209 1288 2381 1357 ὑμεῖς
2417 1287 2487 1341 δὲ
2532 1287 2856 1359 γινώσκετε
2900 1291 3067 1353 αὐτὸ,
3120 1290 3209 1343 ὅτι
3262 1292 3397 1358 παρ’
3429 1291 3574 1361 ὑμῖν
3604 1292 3794 1361 μένει,

2211 1380 2309 1434 καὶ
2348 1381 2417 1433 ἐν
2442 1380 2583 1448 ὑμῖν
2610 1380 2783 1434 ἔσται
2799 1398 2813 1411 ’
2846 1381 2942 1435 καὶ
2970 1381 3132 1435 πάλιν
3153 1398 3168 1413 ·
3208 1381 3350 1435 Ἐάν
3372 1400 3463 1448 τις
3484 1382 3684 1452 ἀγαπᾷ
3696 1401 3795 1454 με,

2210 1469 2320 1523 τὸν
2354 1472 2539 1541 λόγον
2570 1488 2691 1539 μου
2735 1472 2987 1540 τηρήσει
3011 1488 3027 1503 '
3061 1472 3161 1526 καί
3201 1476 3234 1527 ό
3274 1474 3475 1542 Πατήρ
3499 1493 3619 1543 μου
3651 1478 3799 1546 ἀγα-

2211 1559 2395 1628 στήσει
2432 1562 2640 1625 αὐτὸν,
2690 1562 2788 1616 καί
2825 1563 2975 1632 πρὸς
3012 1564 3201 1618 αὐτὸν
3245 1564 3648 1635 ἐλευσόμεθα,
3696 1571 3798 1624 καὶ

2206 1651 2408 1722 μονὴν
2458 1654 2597 1720 παρ’
2637 1650 2796 1717 αὐτῷ
2854 1654 3244 1721 ποιησόμεθα.
3292 1654 3484 1707 Ἔσται
3539 1654 3595 1707 δὲ
3641 1656 3801 1710 τοῦτο

2213 1740 2376 1793 πλέον
2424 1739 2736 1807 καταφανὲς
2791 1739 2870 1810 τῷ
2930 1740 3310 1806 ὲπιστάνοντι,
3363 1741 3445 1794 ὅτι
3492 1741 3722 1813 θελήσας
3770 1743 3801 1794 ὁ

543 1848 658 1885 nem
688 1832 794 1903 63
816 1850 985 1887 meum
1018 1833 1257 1893 servabit,
1291 1843 1337 1886 et
1369 1831 1537 1886 Pater
1562 1849 1707 1887 meus
1749 1834 1932 1905 diliget
1955 1851 2071 1889 eum
2094 1872 2109 1899 ,

2233 1832 2398 1885 πάντα
2429 1830 2725 1901 δυνάμενος
2757 1831 2889 1895 Θεὸς
2916 1832 3106 1900 Λόγος,
3141 1832 3409 1904 ἄτρεπτός
3444 1851 3504 1886 τε
3535 1833 3802 1904 διέμεινεν

542 1933 590 1976 et
620 1923 688 1976 ad
719 1940 834 1977 eum
866 1924 1125 1977 veniemus
1145 1962 1160 1987 ,
1195 1936 1242 1975 et
1263 1924 1585 1976 mansionem
1615 1925 1755 1990 apud
1789 1940 1909 1978 eum
1949 1924 2114 1993 facie-

545 2031 685 2067 mus.
710 2015 885 2083 Atque
911 2014 1009 2067 hoc
1042 2014 1089 2067 ei
1125 2014 1296 2082 magis
1339 2014 1686 2067 manifestum
1716 2015 1821 2070 erit
1846 2056 1862 2082 ,
1892 2017 1983 2085 qui
2018 2033 2117 2072 uo-

546 2106 619 2159 rit
653 2105 805 2175 (80),
838 2105 1261 2173 omnipotentem
1314 2102 1477 2158 Deum
1514 2104 1752 2159 Verbum
1777 2114 1834 2159 et
1869 2107 2121 2161 immuta-

545 2196 710 2250 bilem
744 2196 1034 2259 mansisse,
1086 2207 1141 2250 et
1191 2211 1219 2247 a
1266 2194 1484 2267 Virgine
1514 2198 1565 2251 in
1598 2206 1750 2252 utero
1784 2198 1986 2264 gestari
2021 2214 2117 2255 vo-

550 2287 733 2341 luisse.
778 2286 879 2354 Ipsi
932 2301 1059 2340 vero
1107 2288 1299 2341 iterum
1354 2290 1577 2355 instant,
1631 2297 1687 2346 et
1716 2291 1789 2345 ita
1840 2291 2118 2346 contradi-

550 2387 678 2431 cunt
707 2379 840 2448 (8|).
873 2378 1142 2448 Scriptum
1176 2379 1395 2450 est(8'.’.)
1428 2382 1637 2437 scilicet
1664 2384 1731 2437 de
1766 2383 1975 2437 Auania
2006 2383 2119 2455 (83)

552 2472 767 2539 quidem
818 2490 829 2522 :
862 2469 973 2526 Cur
1010 2470 1235 2541 implevit
1274 2471 1505 2527 Satanas
1539 2490 1629 2527 cor
1653 2474 1841 2529 tuum?
1871 2475 1943 2529 De
1985 2473 2118 2530 Iuda

556 2574 685 2614 vero
712 2556 846 2630 (81),
879 2560 1018 2629 quod
1051 2562 1321 2615 intraverit
1351 2561 1406 2613 in
1434 2562 1605 2629 ipsum
1639 2558 1895 2616 Satanas.
1918 2561 2123 2628 Quibus

554 2653 635 2707 sic
696 2651 1126 2721 respondendum
1167 2663 1268 2708 est.
1309 2653 1540 2707 Satanas
1599 2670 1702 2709 non
1752 2656 2121 2723 participatus,

554 2748 730 2813 neque
775 2746 830 2798 in
874 2744 1106 2799 animam
1156 2744 1319 2799 veluti
1362 2745 1638 2811 insiliens,
1692 2748 1783 2800 sed
1824 2762 1943 2800 eam
1974 2747 2123 2801 deci-

555 2837 771 2902 piendo,
802 2846 857 2890 et
898 2836 1036 2889 mala
1065 2836 1288 2892 consilia
1313 2877 1329 2902 ,
1356 2851 1419 2890 ac
1446 2844 1692 2891 versutos
1723 2851 1899 2890 mores
1957 2837 2008 2891 in
2062 2851 2124 2892 ea

560 2927 858 2994 operando,
911 2937 1073 2996 atque
1131 2929 1364 2983 otiosam
1408 2928 1701 2994 reddendo,
1745 2943 1839 2984 sua
1884 2928 2124 2998 nequitia

557 3019 729 3088 replet
780 3035 937 3085 eum,
978 3021 1071 3089 qui
1109 3036 1212 3075 non
1254 3021 1487 3075 attendit
1528 3018 1671 3090 quod
1714 3020 1972 3087 scriptum
2003 3030 2126 3075 est:

558 3106 682 3165 Non
744 3113 833 3166 des
865 3112 977 3183 (85)
1018 3115 1073 3166 in
1121 3113 1519 3169 commotionem
1554 3114 1733 3180 pedem
1762 3122 1932 3177 tuum,
1967 3129 2129 3184 neque

558 3203 812 3259 dormitat
866 3205 955 3273 qui
1005 3205 1229 3257 custodit
1287 3214 1353 3259 te.
1390 3203 1506 3270 Quo
1562 3204 1718 3259 modo
1777 3202 2022 3274 Elymam
2063 3204 2129 3258 li-

564 3296 699 3349 lium
730 3312 886 3351 suum
938 3296 1268 3365 operationis
1319 3295 1587 3350 Satanicm
1639 3297 1983 3367 suggestione
2040 3310 2130 3351 re-

560 3380 726 3451 plerit
766 3396 780 3435 :
819 3399 941 3436 nam
977 3384 1025 3437 ei
1066 3390 1245 3438 mente
1277 3385 1389 3454 (8(3)
1441 3396 1495 3439 et
1562 3384 1864 3440 actionibus
1918 3380 2129 3440 abanti-

564 3577 726 3629 quam
768 3560 973 3628 lapsum
1005 3576 1148 3621 esse.
1191 3560 1323 3616 alias
1360 3561 1469 3632 jam
1519 3562 1651 3617 dixi.
1713 3562 1787 3617 ita
1829 3563 1880 3618 in
1926 3562 2017 3617 lib.
2063 3562 2137 3619 De

562 3632 763 3703 Spiritu
794 3644 996 3695 sancto,
1031 3648 1177 3685 num.
1222 3633 1307 3697 10,
1354 3649 1475 3687 Cum
1521 3648 1588 3687 ex
1635 3648 1711 3687 xu
1763 3633 1917 3688 Luca:
1958 3636 2133 3703 capite

564 3702 1157 3773 attulissetversiculos
1198 3703 1256 3757 Η
1291 3713 1344 3756 et
1377 3703 1465 3765 12,
1496 3704 1679 3757 statim
1712 3703 1989 3773 subiungit
2014 3702 2035 3755 :7
2065 3702 2132 3757 Et

562 3774 618 3825 in
662 3771 766 3824 alia
799 3769 1116 3842 Evangelia;
1152 3789 1273 3829 cum
1313 3785 1490 3842 tamen
1523 3775 1780 3828 continuo
1814 3769 1937 3828 ιιοιῐ
1961 3773 2132 3837 aliud,

563 3841 659 3898 Sed
692 3856 880 3896 rursus
915 3844 1053 3897 idem
1093 3844 1223 3898 citet
1268 3842 1425 3897 Lucae
1470 3841 1850 3914 Eyaugelium,
1902 3844 2135 3897 aliereus

564 3922 633 3967 ex
685 3914 804 3979 cap.
847 3924 938 3966 xxt
994 3915 1316 3967 versiculum
1371 3914 1456 3967 M.
1500 3913 1639 3976 Quin
1674 3917 1837 3968 etiam
1886 3928 2032 3967 num.
2066 3914 2133 3969 60

566 3980 798 4038 similem
828 3982 1005 4035 denuo
1032 3998 1239 4036 merum
1258 3984 1483 4051 diligens
1510 3984 1678 4037 lector
1701 3984 2098 4037 animadvertat
2123 4002 2134 4035 :

568 4054 646 4105 ait
675 4051 815 4122 enim
852 4069 916 4122 :_t
947 4052 1013 4105 Et
1036 4054 1103 4106 de
1133 4051 1268 4105 Juda
1299 4052 1674 4122 ioquiturgipse
1698 4052 1964 4122 Salvator,
1996 4054 2136 4122 quod

567 4121 833 4174 intraverit
866 4118 1083 4192 [codexA
1108 4132 1309 4187 noster,
1331 4118 1652 4192 intravit]'in
1682 4140 1797 4176 eum
1823 4118 2073 4177 Satanas.
2116 4141 2135 4173 ι

567 4193 637 4245 At
663 4192 823 4243 verba
867 4189 970 4245 ista
1004 4205 1019 4243 :
1054 4189 1278 4245 Intravit
1323 4202 1495 4245 autem
1548 4189 1780 4246 Satanas
1828 4196 1882 4244 in
1924 4192 2143 4257 ludam,

570 4276 692 4329 quae
716 4269 825 4313 tum
854 4261 1039 4316 Graeca
1066 4262 1253 4323 editio,
1276 4270 1386 4316 tum
1415 4261 1636 4329 Vulgata
1669 4261 1955 4315 translatio
1979 4262 2144 4316 habet

570 4332 627 4385 in
654 4330 797 4413 .Luc.
832 4348 949 4413 cap.
1001 4346 1174 4413 usti,
1212 4345 1353 4413 vers.
1398 4333 1453 4413 ξ),
1499 4347 1603 4413 non
1645 4330 1949 4413 Saivatoris
1965 4339 2141 4413 “svnt,
2175 4357 2222 4413 Β
2251 4339 2351 4383 tem
2388 4333 2655 4413 alicujus,
2689 4344 2735 4386 et
2779 4333 3071 4413 principale
3119 4333 3293 4385 cordis
3324 4334 3555 4413 impleat.
3601 4371 3615 4384 .

2223 1921 2317 1973 καὶ
2341 1921 2446 1973 ὑπὸ
2472 1921 2571 1991 τῆς
2609 1921 2887 1993 Παρθένου
2918 1922 3285 1993 ὲκυοφορήθη.
3318 1924 3382 1975 υἱ
3426 1923 3484 1976 δὲ
3515 1922 3678 1976 πάλιν
3711 1925 3802 1977 ὲν-

2224 2012 2465 2067 ίστανται
2527 2013 2915 2081 ἀντιλέγοντες.
2950 2014 3264 2086 Γέγραπται
3309 2015 3471 2085 δῆθεν
3525 2018 3655 2087 περ).
3703 2016 3803 2087 μὲν

2235 2106 2456 2160 Ἀνανία
2479 2124 2492 2136 ·
2528 2106 2628 2161 Διὰ
2666 2107 2724 2159 τί
2755 2106 3109 2174 ἐπλήρωσεν
3140 2111 3173 2160 ό
3203 2106 3475 2174 Σατανᾶς
3516 2107 3632 2175 τὴν
3659 2126 3803 2177 καρ-

2223 2195 2362 2250 δίαν
2397 2212 2513 2250 σου
2538 2212 2558 2261 ;
2586 2196 2713 2267 περὶ
2741 2196 2795 2249 δὲ
2837 2196 3025 2259 Ἰούδα,
3053 2197 3129 2260 ὡς
3168 2196 3467 2264 Εἰσῆλθεν
3495 2200 3582 2262 εις
3616 2198 3806 2252 αὐτὸν

2225 2293 2259 2344 ό
2284 2289 2571 2355 Σατανᾶς.
2611 2290 2752 2361 Πρὸς
2799 2287 2892 2352 οὓς
2934 2289 3146 2360 ῥητέον,
3180 2290 3255 2353 ὡς
3307 2290 3379 2342 Οὐ
3423 2290 3803 2360 μετεχόμενος,

2225 2381 2345 2435 οὐδὲ
2377 2382 2443 2451 τῇ
2491 2379 2636 2450 ψυχῇ
2677 2378 2866 2450 ὥσπερ
2910 2378 3269 2445 ὲπιὸατεύων,
3301 2380 3437 2432 ἀλλὰ
3475 2380 3802 2449 φενακίζων,

2226 2473 2323 2525 κα)⁸
2364 2471 2741 2534 κακοϐουλίας,
2776 2471 2868 2524 καὶ
2912 2470 3242 2540 παλίμϐολον
3281 2471 3478 2542 τρόπον
3519 2471 3809 2541 ἐνεργαζό-

2232 2580 2411 2634 μενος,
2454 2564 2548 2615 καὶ
2594 2562 2869 2633 πάρεργον
2922 2561 3089 2615 ποιῶν
3135 2564 3234 2632 τῆς
3281 2561 3473 2616 ἑαυτοῦ
3517 2562 3805 2633 πονηρίας,

2228 2652 2427 2724 πληροί
2455 2653 2546 2705 τὸν
2584 2652 2657 2723 μὴ
2693 2652 3030 2724 προσέχοντα
3053 2652 3149 2722 τῷ,
3185 2652 3283 2720 Μὴ
3311 2652 3467 2721 δῴης
3497 2656 3583 2718 είς
3608 2652 3809 2707 σάλον

2229 2744 2338 2797 τὸν
2368 2741 2522 2797 πόδα
2550 2752 2685 2806 σου,
2726 2740 2823 2796 καί
2855 2746 2925 2796 οὐ
2961 2740 3045 2812 μὴ
3097 2741 3371 2804 νυστάζει
3401 2747 3434 2797 ὁ
3466 2743 3810 2812 φυλάσσων

2231 2852 2338 2891 σε·
2371 2831 2491 2890 καθ’
2529 2834 2587 2889 ὃν
2635 2836 2833 2907 τρόπον
2861 2830 3105 2906 Ἔλυμαν
3147 2835 3238 2889 τὸν
3289 2836 3403 2889 υἱὸν
3435 2834 3599 2891 αὐτοῦ
3641 2836 3811 2907 ἐπλή-

2237 2944 2407 2999 ρωσεν
2439 2929 2503 2997 τῇ
2551 2926 2784 2997 ὑποῢολῇ
2838 2926 3090 2997 πράξεως
3132 2927 3426 2997 σατανικῆς
3450 2942 3465 2955 ·
3505 2926 3654 2995 λέγει
3698 2927 3809 2998 γὰρ

2234 3018 2383 3089 αὐτῷ
2412 3017 2641 3082 Παῦλος,
2674 3018 2904 3090 μυσαρῷ
2936 3019 3034 3090 τὴν
3067 3017 3290 3089 γνώμην
3318 3018 3409 3071 καὶ
3459 3018 3548 3081 τὰς
3580 3017 3811 3089 πράξεις

2234 3110 2585 3180 τυγχάνοντι,
2626 3111 2720 3162 καὶ
2746 3110 2998 3179 ἀνάπλεῳ
3021 3110 3121 3181 τῆς
3153 3102 3461 3180 διαϐολικῆς
3496 3109 3585 3183 [27
3611 3108 3665 3181 b]
3696 3110 3812 3163 ὄντι

2241 3202 2558 3275 μοχθηρίας,
2588 3204 2682 3255 καὶ
2709 3202 3190 3274 κατασοφιζομένῳ
3230 3204 3355 3267 τοὺς
3391 3203 3598 3271 ἁγίους,
3624 3203 3699 3265 ὡς
3722 3203 3811 3256 δο-

2237 3295 2350 3347 κεῖν
2380 3295 2436 3345 ὲν
2476 3291 2621 3362 αὐτῷ
2668 3293 2835 3345 οἰκεῖν
2870 3293 2958 3345 τὸν
3007 3292 3314 3363 ἀρχέκακον
3361 3293 3572 3363 πατέρα
3603 3291 3809 3345 αὐτοῦ’

2236 3381 2311 3440 Ὦ
2339 3384 2575 3455 πλήρης
2602 3384 2828 3452 παντὸς
2852 3385 3035 3439 δόλου
3069 3385 3166 3438 καὶ
3206 3384 3407 3453 πάσης
3426 3384 3812 3455 ῥᾳδιουργίας

2241 3561 2445 3635 objicit,
2477 3580 2538 3619 ac
2566 3563 2719 3618 diluit
2751 3561 3007 3635 Didymus
3036 3564 3087 3619 in
3116 3563 3253 3618 libro
3276 3558 3348 3618 De
3372 3563 3570 3621 Spiritu
3603 3575 3812 3630 sancto,

2241 3650 2392 3757 lnunt.
2424 3634 2493 3689 60
2522 3647 2576 3691 et
2604 3636 2693 3689 61.
2735 3634 2950 3701 Confer,
2994 3637 3038 3690 si
3084 3636 3279 3705 placet,
3315 3636 3596 3704 utriusque
3633 3638 3813 3705 operis

2259 3719 2376 3757 oca.

2259 3719 2352 3758 0(‘3
2362 3745 2376 3756 .

2311 3773 2424 3844 (82)
2455 3774 2718 3840 Scriptum
2757 3786 2853 3830 est.
2909 3775 3030 3829 Act.
3067 3790 3117 3840 ιι,
3150 3775 3202 3828 5.
3249 3773 3508 3841 Vnigatns
3542 3773 3815 3842 interpres

2242 3859 2359 3915 pro,
2388 3846 2637 3915 implevit,
2672 3844 2850 3915 habet,
2886 3845 3117 3899 tentavit.
3154 3845 3617 3915 Didymns’autem
3656 3845 3712 3898 in
3753 3847 3815 3898 li-

2242 3913 2339 3967 bro
2376 3913 2536 3969 etiam
2578 3914 2654 3968 De
2693 3914 2892 3979 Spiritu
2930 3926 3129 3975 sancto,
3173 3913 3320 3967 nutu.
3356 3915 3441 3977 18,
3481 3914 3630 3983 legit,
3667 3930 3816 3968 com-

2245 3984 2418 4052 plevit,
2448 3996 2500 4037 et
2529 4000 2674 4038 num.
2707 3984 2794 4047 60,
2819 3985 3041 4049 implevit
3068 3999 3087 4038 :
3111 3984 3240 4053 quin
3268 3998 3452 4037 vocem
3482 3986 3675 4052 ipsum,
3713 3986 3814 4036 int—

2246 4054 2422 4119 plevil,
2473 4055 2543 4109 ibi
2591 4065 2764 4121 urget,
2808 4065 3179 4122 argumentum
3234 4053 3444 4122 diluens
3498 4069 3562 4106 cx
3616 4068 3680 4108 ea
3726 4056 3817 4108 de-

2247 4135 2541 4189 sumptutn.
2597 4123 2720 4177 ilice
2773 4121 2913 4176 enim
2952 4123 3023 4176 ibi
3077 4123 3349 4191 legimus;
3401 4121 3620 4175 Interim
3677 4139 3817 4177 nunc

2252 4192 2572 4263 disputemus
2608 4196 2880 4246 adversum
2913 4194 2965 4243 id
3016 4196 3151 4263 quod
3183 4195 3439 4263 scriptum
3464 4205 3537 4244 est
3574 4206 3594 4243 :
3637 4192 3815 4258 Quare

2252 4261 2493 4330 implevit
2524 4264 2751 4316 Satanas
2782 4277 2878 4315 cor
2908 4261 3093 4315 luunt?
3121 4263 3376 4329 quomodo
3403 4261 3635 4316 Satanas
3666 4279 3814 4315 men-

3657 4371 3674 4386 .
3728 4331 3817 4385 sed

570 4401 667 4472 sed
698 4402 1061 4472 evangelista.
1100 4401 1288 4456 Simile
1323 4404 1450 4470 quid
1486 4401 1721 4472 reperies
1748 4417 1895 4456 nunt.
1930 4399 1997 4453 i8
2030 4399 2146 4472 ejus
2176 4399 2219 4413 ν
2249 4402 2399 4470 quasi
2430 4399 2651 4456 callidus
2702 4405 2935 4470 quidam,
2958 4399 2961 4400 ⁷
2984 4415 3029 4455 et
3086 4418 3303 4470 nequam
3349 4419 3411 4472 ac
3458 4402 3625 4472 fallax
3655 4403 3815 4472 (cod.

571 4470 718 4525 libri.
736 4466 880 4543 Vide
901 4473 1062 4525 etiam
1090 4474 1209 4540 quae
1235 4466 1357 4525 dixi
1371 4487 1493 4543 pag.
1517 4466 1570 4533 5⁷,
1600 4480 1711 4528 ιιοι.
1739 4472 1795 4536 2,
1821 4479 1875 4525 et
1901 4486 2023 4541 pag.
2054 4466 2147 4538 λθ,

574 4541 1125 4679 ῃοῖίῖέῖίηίιαιιὲιαίιο.
1161 4609 1217 4664 1η
1252 4608 1491 4663 Levitieo
1518 4610 1596 4665 sic
1630 4612 1794 4667 habet
1819 4610 2007 4667 Graeca
2034 4612 2150 4665 edi-

575 4680 661 4752 ιίοΔ
695 4696 709 4732 :
742 4681 835 4733 καὶ
881 4682 1315 4752 ἐμπεριπατήσω
1352 4683 1409 4733 ὲν
1437 4682 1599 4752 ὑμῖν,
1628 4683 1723 4735 καὶ
1760 4682 1952 4752 ἔσομαι
1997 4682 2152 4752 ὑμῶν

574 4748 729 4814 Θεὸς,
771 4752 865 4803 καὶ
889 4748 1045 4821 ὐήμεῐᾴ
1087 4748 1279 4804 ἔσεσθέ
1321 4768 1413 4821 μοι
1436 4748 1583 4814 λαός,
1627 4754 1677 4805 id
1708 4763 1809 4815 est,
1839 4748 1883 4805 et
1912 4748 2151 4805 inambu-

575 4822 695 4874 labo
724 4822 789 4900 ‘in
825 4820 989 4886 vobis,
1024 4830 1073 4875 et
1116 4839 1204 4876 ero
1240 4833 1406 4874 vester
1437 4820 1601 4887 Deus,
1640 4834 1687 4874 et
1720 4839 1804 4878 vos
1842 4823 1989 4877 eritis
2024 4824 2151 4876 mihi

574 4891 819 4958 populus.
1146 4954 1147 4957 η

652 4962 764 5031 (Ἰὶι)
801 4959 1051 5017 Nescitis.
1080 4961 1097 5016 l
1125 4961 1251 5019 Cor.
1290 4978 1371 5023 ιιι,
1404 4961 1493 5019 16.

651 5032 762 5099 (Ἱύ)
795 5032 1096 5086 NeseitisJ
1157 5034 1281 5088 Cor.
1339 5049 1411 5097 γι,
1476 5033 1564 5089 19.
1608 5033 1794 5089 Grteca
1825 5032 1911 5087 ed.
1966 5048 2062 5099 pro
2085 5031 2155 5085 τὰ

636 5099 811 5154 {inata
856 5105 1013 5154 habet
1060 5104 1120 5154 τὸ
1167 5103 1346 5154 σῶμα.
1394 5105 1441 5154 id
1497 5115 1600 5154 est.
1661 5119 1867 5154 corpus.
1900 5101 2156 5154 Vulgatus

582 5105 811 5173 σώματα
856 5105 1013 5157 habet
1060 5105 1120 5157 τὸ
1167 5105 1346 5173 σῶμα,
1394 5105 1441 5157 id
1497 5115 1600 5167 est,
1661 5119 1867 5171 corpus.
1900 5105 2154 5172 Vulgatus

582 5172 684 5225 lnt.
744 5177 993 5225 membra.
1039 5174 1295 5243 Didymus
1346 5175 1507 5227 etiam
1550 5175 1601 5226 in
1649 5175 1787 5228 libro
1834 5171 1910 5226 De
1949 5170 2154 5242 Spiritu

581 5252 785 5303 sancto,
819 5260 966 5296 num.
1000 5243 1091 5301 25.
1124 5260 1363 5308 corpora.

652 5314 762 5383 (77)
809 5311 874 5365 Ut
906 5317 1012 5367 det.
1051 5315 1247 5383 Epltes.
1292 5330 1372 5380 ιιι,
1423 5315 1511 5376 iii,
1551 5313 1637 5366 17.
1686 5312 1817 5368 Vide
1882 5314 2062 5368 notam
2097 5315 2153 5378 8,

579 5396 704 5453 pag.
746 5384 837 5438 49.

658 5454 770 5525 (78)
805 5457 1077 5525 Spiritum.
1105 5455 1260 5510 Joan.
1291 5471 1398 5514 xlv,
1437 5456 1522 5509 17.

658 5522 769 5595 (79)
805 5522 860 5581 Si
891 5528 1027 5595 quis.
1068 5527 1223 5581 Joau.
1257 5542 1367 5589 xw,
1400 5526 1488 5579 25.
1524 5525 1710 5579 Grmca
1745 5525 1930 5585 editio,
1966 5540 2029 5579 ac
2060 5522 2155 5577 Di-

586 5594 779 5681 dymus
820 5594 932 5664 ipse
983 5612 1151 5667 segni.
1193 5596 1261 5649 24
1343 5613 1396 5658 a,
1449 5611 1545 5664 pro
1593 5595 1934 5666 ποιησόμεθα
1995 5596 2156 5649 habet

586 5673 902 5736 ποιήσομεν.

812 5735 989 5817 ίχοτὶι.
1026 5735 1427 5817 βοιιιιιιιειεγοκ,
1451 5736 1813 5790 ἐπιστάνοντι.
1892 5816 1897 5817 7
2073 5803 2101 5817 η
2129 5804 2141 5817 ι

654 5803 770 5877 (31)
818 5804 1209 5861 Contradiwnt.
1254 5803 1363 5863 Hoc
1411 5808 1579 5876 ipsum
1626 5816 1995 5876 argumentum
2042 5803 2141 5860 sibi

2252 4480 2433 4526 uoster
2462 4488 2476 4524 :
2504 4484 2657 4539 atque
2681 4472 2875 4541 pellas,
2903 4488 3020 4541 pro,
3051 4486 3113 4524 ac
3137 4471 3325 4541 fallax)
3349 4471 3819 4539 fraudulentnsque

2250 4541 2527 4608 deceptor,
2556 4545 2609 4596 in
2641 4558 2727 4595 eos
2767 4542 2996 4596 animam
3030 4543 3311 4593 humanam
3343 4542 3557 4609 malititv
3595 4541 3817 4609 affectus

2253 4609 2411 4683 trahit
2459 4610 2701 4683 [rectius
2734 4615 2898 4667 codex
2928 4623 3123 4683 noster
3154 4628 3170 4666 :
3208 4608 3445 4683 trahat
3492 4626 3583 4683 per
3620 4608 3818 4681 cogita-

2254 4680 2439 4746 tiones,
2461 4678 2521 4735 'et
2554 4684 2811 4736 incentiva
2845 4682 3108 4743 vitiorum,
3144 4682 3331 4748 quibus
3364 4678 3471 4748 ipse
3494 4678 3700 4745 plenus
3721 4691 3815 4734 est.

2252 4748 2542 4817 Gregorius
2573 4751 2846 4820 Nyssenus
2886 4756 3101 4820 quoque
3153 4755 3203 4803 in
3252 4749 3611 4820 opusculo‘ad
3658 4752 3820 4803 Abla-

2254 4768 2542 4817 urcgorms
2573 4768 2614 4805 ιιι
2640 4768 2846 4807 'ssenus
2886 4768 3101 4820 quoque
3153 4768 3203 4803 ιιι
3252 4768 3506 4817 opusculo
3542 4768 3610 4801 aa
3658 4768 3819 4803 nota-

2254 4821 2395 4873 biam
2429 4833 2556 4876 tom.
2592 4768 2655 4886 ll’,
2695 4838 2814 4892 pag.
2842 4822 2949 4876 452
2980 4822 3107 4892 legit
3147 4839 3160 4874 :
3195 4820 3371 4884 Quare
3408 4817 3633 4888 implevit
3664 4820 3819 4873 Sata-

2253 4904 2366 4949 nas,
2404 4903 2456 4945 et
2486 4903 2697 4947 caetera.

2324 4960 2435 5033 (85)
2468 4961 2540 5033 De
2569 4962 2798 5017 Anania.
2826 4961 3028 5033 Codex.
3067 4961 3195 5033 περὶ
3236 4960 3341 5033 μὲν.
3381 4959 3617 5033 Ἀνανία.
3656 4959 3819 5016 Puta-

2252 5029 2338 5084 bit
2378 5029 2498 5099 quis
2526 5032 2830 5102 legendum,
2865 5031 2995 5103 περὶ
3024 5032 3121 5102 μὲν
3136 5029 3404 5103 ςΑνανίου
3429 5069 3444 5093 ,
3482 5032 3560 5083 vel
3583 5046 3709 5103 cum
3747 5034 3820 5085 lo—

2254 5118 2352 5155 cus
2389 5104 2476 5154 hic
2516 5099 2717 5156 citatus
2763 5099 2986 5170 incipiat
3026 5099 3092 5154 in
3135 5100 3320 5153 Btbiiis
3352 5119 3379 5152 ει
3413 5115 3541 5154 voce
3583 5099 3817 5164 Ἀνανία,

2256 5171 2534 5239 legendum
2592 5173 2816 5224 fortasse
2855 5176 2931 5224 sic
2985 5186 3104 5225 esse
3151 5187 3167 5221 :
3219 5171 3348 5240 περὶ
3396 5170 3494 5240 μὲν
3542 5170 3815 5225 Ἀνανίου·

2268 5240 2506 5306 Ἀνανία,
2535 5242 2621 5295 διὰ
2646 5241 2718 5308 τί,
2751 5253 2804 5293 et
2837 5243 3059 5308 reliqua.
3088 5241 3218 5294 Vide
3251 5251 3425 5295 tamen
3456 5255 3623 5310 segm.
3659 5241 3726 5295 77
3766 5250 3817 5294 α.

2335 5313 2446 5380 (δι)
2490 5313 2563 5365 De
2592 5312 2734 5364 Juda
2778 5328 2910 5364 vero.
2952 5311 3078 5365 Luc.
3112 5327 3248 5373 xm,
3275 5310 3331 5364 5.

2326 5378 2436 5451 (85)
2504 5382 2657 5451 Non
2698 5384 2806 5435 des.
2872 5380 3012 5435 Psal.
3080 5397 3228 5443 cxx,
3299 5380 3386 5451 '5.“
3429 5378 3820 5448 Complutensis

2254 5448 2459 5524 editio:
2500 5452 2575 5524 μὴ
2601 5450 2737 5524 δῴη,
2770 5452 2955 5524 idest,
2984 5467 3084 5524 non
3114 5451 3219 5514 det,
3259 5462 3315 5503 ut
3350 5448 3816 5524 Vulgz‘interptes.

2256 5520 2390 5593 Iunt
2424 5505 2541 5590 prb,
2562 5505 2666 5576 ’καί
2688 5505 2749 5573 «iis
2783 5505 3159 5593 μὴνυστὰζει,
3195 5505 3373 5593 habet,
3403 5505 3537 5591 μῆδὲ
3562 5505 3817 5593 νυσέάξῐὶ·

2256 5589 2375 5664 Mos
2402 5589 2571 5664 codex
2604 5594 2763 5664 habet
2785 5589 3037 5664 Ἔλυμαν
3067 5608 3171 5664 pro
3204 5589 3461 5664 Ἐλύμαν.

2332 5662 2444 5732 (86)
2502 5662 2693 5716 Mente.
2743 5663 2797 5734 lu
2851 5659 3034 5734 codice
3050 5659 3083 5727 ,⁷
3122 5659 3220 5733 τὴν
3258 5659 3474 5733 γνώμη.
3515 5659 3823 5734 Legendum

2260 5746 2406 5799 vero,
2448 5740 2505 5789 ut
2533 5742 2695 5802 patet,
2743 5733 2841 5804 τὴν
2868 5732 3111 5805 γνώμην.
