4104 6408
509 278 616 335 5Ὶ9

1741 270 1981 328 DIDYMI
2017 268 2487 326 ALEXANDRINI

3641 270 3751 327 380

508 397 603 449 bus
626 433 642 459 ,
668 400 720 447 et
761 388 1239 457 concupiscentiis;
1272 394 1326 442 et
1352 388 1419 441 ad
1451 385 1766 441 Corinthios
1793 405 1807 439 :
1838 386 2083 440 Charitas

2188 385 2315 452 ταῖς
2359 383 2692 452 ἐπιθυμίαις
2716 400 2730 413 °
2772 383 2864 437 καί
2916 382 3252 454 Κορινθίοις’
3301 382 3361 438 Ἠ
3395 381 3508 453 γὰρ
3549 383 3756 456 ἀγάπη

508 482 623 552 (27)
657 480 794 536 enim
815 478 1012 533 Christi
1036 476 1236 530 cohibet
1265 491 1379 540 nos,
1412 476 1509 528 hoc
1540 475 1816 542 judicante
1841 474 1973 542 (28).
2016 474 2083 526 lit

505 587 604 640 pro
635 570 873 624 omnibus
914 577 1156 620 mortuus
1194 574 1267 618 est
1293 605 1309 630 ,
1360 573 1417 617 ut
1439 565 1544 633 ,qui
1582 561 1931 631 vivunt,jam
1982 578 2085 614 non

507 663 608 718 sibi
628 664 832 724 vivant,
855 660 944 713 sed
965 658 1012 711 ei
1034 657 1124 726 qui
1148 672 1241 724 pro
1270 654 1395 724 ipsis
1427 665 1663 707 mortuus
1693 662 1767 707 est
1796 692 1811 716 ,
1840 662 1887 705 et
1912 668 2086 705 resur-

507 753 683 818 rexit;
730 760 784 805 et
835 763 1068 803 rursus:
1105 747 1362 800 Animalis
1409 745 1520 815 (29)
1566 754 1737 797 autem
1790 743 1943 796 homo
1984 758 2087 797 non

506 844 647 909 capit
689 858 750 895 ea
784 855 900 910 quae
946 846 1063 892 sunt
1103 835 1331 904 Spiritus
1384 834 1512 898 Dei;
1537 834 1761 888 stultitia
1794 835 1931 887 enim
1963 844 2084 889 sunt

505 931 623 1003 illi;
664 938 718 985 et
757 941 988 983 rursus:
1020 924 1383 979 zEntulamini
1425 922 1534 993 (50)
1575 931 1749 975 autem
1796 922 2083 991 spiritalia.

506 1022 733 1092 Insuper
787 1018 1086 1093 Ecclesiam
1134 1031 1369 1086 quoque,
1403 1031 1522 1083 qua:
1563 1014 1722 1068 simul
1761 1028 1884 1068 eum
1923 1013 2087 1083 glori-

516 1116 802 1177 ﬁcatione,
848 1126 1004 1180 quam
1041 1111 1149 1163 Deo
1181 1109 1417 1171 exhibet,
1443 1116 1495 1160 et
1539 1121 1660 1160 cum
1703 1105 1977 1159 incruenta
2011 1103 2089 1157 la-

515 1206 616 1261 lria
642 1206 775 1273 (51),
801 1220 960 1274 quam
997 1201 1181 1264 oﬂ‘ert,
1218 1201 1628 1261 consideratur,
1667 1197 1720 1251 in
1765 1197 1936 1266 prima
1965 1197 2087 1264 qni-

513 1299 633 1353 dem
682 1297 750 1349 ad
786 1295 1094 1350 Corinthios
1118 1291 1211 1346 Dei
1232 1293 1344 1363 68
1375 1308 1486 1346 esse
1510 1289 1920 1343 annnntiavitin
1944 1286 2089 1341 hunc

512 1392 732 1446 modum
778 1409 791 1444 :
841 1388 965 1444 Siue
1000 1387 1112 1460 (52)
1139 1387 1426 1455 offensione
1470 1394 1631 1439 estote
1672 1393 1718 1436 et
1755 1380 1987 1446 Judaris,
2040 1390 2088 1434 et

512 1484 746 1545 Gra'cis,
789 1491 837 1536 et
879 1480 1127 1534 Ecclesia:
1169 1478 1303 1541 Dei;
1345 1487 1399 1531 ct
1431 1490 1658 1530 rursus:
1693 1472 1803 1527 Nos
1853 1473 1972 1542 (55)
2004 1483 2086 1525 ta-

509 1575 608 1628 lem
659 1572 1084 1627 consuetudinem
1140 1584 1240 1622 non
1296 1569 1581 1630 habemus,
1632 1580 1791 1633 neque
1841 1562 2088 1617 Ecclesia:

514 1664 632 1719 Dei.
689 1665 768 1717 Ad
838 1662 1098 1731 Ephesios
1149 1669 1325 1715 autem
1378 1659 1656 1722 scribens,
1731 1657 1904 1724 ipsam
1971 1655 2087 1709 vice

2186 474 2292 528 τοῦ
2325 472 2581 542 Χριστοῦ
2633 472 2876 542 συνέχει
2922 471 3101 543 ἡμᾶς,
3149 474 3463 541 κρίναντος
3508 476 3755 531 toniton-

2184 565 2283 619 καὶ
2314 564 2469 633 ὑπὲρ
2494 562 2736 618 πάντων
2761 563 3079 627 ἀπέθανεν,
3106 566 3206 619 ἵνα
3237 568 3291 619 al
3321 554 3530 632 ζῶντες
3570 565 3762 636 μηκὲ-

2184 670 2238 706 τι
2261 652 2496 719 ἑαυτοῖς
2518 651 2716 716 ζῶσιν,
2744 654 2906 707 ἀλλὰ
2935 654 3017 720 τῷ
3041 655 3192 721 ὑπὲρ
3216 654 3414 708 αὐτῶν
3431 656 3763 712 ἀποθανόν-

2185 762 2239 799 τι
2279 743 2376 797 καὶ
2403 742 2698 813 ἐγερθέντι
2716 761 2732 776 θ
2762 744 2856 798 καὶ
2890 744 3051 798 πάλιν
3072 761 3086 776 ·
3121 745 3386 815 Ψυχικὸς
3421 745 3490 799 δὲ
3531 747 3760 816 ἀνθρω-

2185 852 2301 900 πος
2338 837 2410 888 οὐ
2434 834 2667 918 δέχεται
2695 834 2768 889 τὰ
2795 836 2903 890 τοῦ
2935 837 3277 906 Πνεύματος
3299 838 3404 893 τοῦ
3432 839 3579 894 Θεοῦ
3603 857 3616 870 ·
3644 857 3763 907 μω-

2177 928 2283 997 ρία
2328 924 2439 995 γὰρ
2482 922 2642 989 αὐτῷ
2681 924 2885 978 ἐστιν·
2922 926 3015 979 καὶ
3061 926 3222 979 πάλιν
3244 944 3258 957 ο
3288 927 3553 995 Ζηλοῦτε
3584 929 3655 983 δέ
3684 933 3765 987 τὰ

2186 1014 2571 1088 πνευματικά.
2604 1016 2724 1069 Ἔτι
2757 1016 2851 1069 καὶ
2882 1015 2977 1087 τὴν
3018 1014 3362 1086 Ἐκκλησίαν,
3392 1018 3510 1087 ἥτις
3557 1023 3760 1072 νοεῖται

2189 1112 2286 1187 σὺν
2342 1112 2409 1182 τῇ
2452 1108 2881 1180 ἀναπεμπομένη
2930 1110 2987 1161 ὲν
3018 1109 3154 1179 αὐτῇ
3191 1108 3336 1180 δόξῃ,
3367 1111 3460 1163 καὶ
3502 1114 3569 1183 τῇ
3597 1129 3762 1183 προσ-

2187 1203 2432 1275 αγομένη
2481 1201 2803 1272 ἀναιμάκτῳ
2864 1201 3109 1273 λατρεία,
3176 1201 3481 1273 Κορινθίοις
3548 1204 3647 1273 μὲν
3698 1204 3761 1257 τὸ

2188 1296 2404 1368 πρῶτον
2428 1294 2654 1366 γράφων
2684 1292 2778 1346 τοῦ
2797 1291 2928 1347 Θεοῦ
2958 1289 3116 1359 εἶναι,
3144 1293 3499 1363 κατήγγειλεν
3527 1296 3753 1348 οὑτωσί·

2202 1386 2591 1454 Ἄπρόσκοποι
2640 1382 2739 1436 καὶ
2786 1382 3091 1449 Ἰουδαίοις
3143 1383 3401 1451 γίνεσθε,
3460 1383 3557 1438 καὶ
3618 1384 3761 1438 Ἕλ-

2187 1478 2334 1542 λησι
2357 1514 2372 1540 ,
2422 1473 2520 1527 καὶ
2569 1459 2653 1540 ’τῇ
2687 1472 3013 1538 Ἐκκλησία
3051 1470 3157 1525 τοῦ
3200 1472 3377 1525 Θεοῦ·
3427 1471 3520 1525 καὶ
3559 1472 3756 1524 πάλιν·

2200 1566 2389 1636 Ἡμεῖς
2441 1566 2724 1639 τοιαύτην
2765 1561 3095 1629 συνήθειαν
3123 1565 3235 1617 οὐκ
3264 1562 3501 1633 ἔχομεν,
3528 1563 3671 1617 οὐδὲ
3699 1567 3763 1617 αἱ

2201 1658 2549 1724 Ἐκκλησίαι
2588 1656 2695 1711 τοῦ
2733 1655 2901 1709 Θεοῦ.
2938 1654 3207 1724 Ἐφεσίοις
3233 1655 3289 1708 δὲ
3323 1655 3482 1710 πάλιν
3510 1656 3761 1710 ἐπιστέλ-

511 1770 667 1811 versa
727 1754 908 1808 docuit
945 1767 1053 1805 esse
1087 1748 1319 1814 Christi,
1372 1764 1493 1803 cum
1542 1748 1620 1802 sic
1669 1747 1743 1800 ait
1784 1743 1893 1800 :Ut
1939 1745 2083 1798 exhi-

2190 1753 2318 1816 λων,
2354 1752 2459 1806 τοῦ
2488 1749 2745 1819 Χριστοῦ
2771 1744 2923 1802 εἶναι
2942 1747 3113 1817 αὐτὴν
3142 1747 3399 1813 ἐδίδαξεν,
3437 1741 3538 1802 ὧδε
3568 1747 3758 1802 εἰπών’

513 1848 651 1901 beret
706 1845 819 1916 (54)
887 1844 986 1896 sibi
1043 1840 1543 1911 irreprehensibilem
1604 1837 1931 1900 Ecclesium,
1980 1852 2084 1889 non

507 1937 780 1992 habentem
818 1923 1076 1987 maculam
1100 1974 1114 1997 ,
1154 1943 1242 1986 aut
1284 1948 1504 2001 rugam,
1539 1943 1626 1983 aut
1666 1929 1867 1999 aliquid
1900 1927 2086 1996 hujus-

507 2028 671 2091 ntodi,
695 2027 782 2079 sed
820 2035 873 2076 ut
911 2026 975 2077 sit
994 2032 1204 2088 sancta,
1227 2030 1277 2075 et
1300 2010 1667 2073 immaculata.
1694 2019 1753 2073 Si
1787 2019 1909 2085 quis
1941 2019 2083 2071 enim

508 2116 666 2183 aliter
714 2117 910 2177 sentit,
976 2115 1020 2169 is
1062 2114 1448 2182 interpretetur
1500 2112 1626 2180 quid
1672 2112 1772 2164 silii
1831 2110 1958 2164 Velit
1982 2110 2085 2178 Ag-

508 2225 657 2279 gmus
689 2207 947 2276 propheta
973 2244 989 2271 ,
1019 2221 1142 2259 cntn
1171 2206 1345 2274 inquit
1371 2221 1385 2255 :
1415 2203 1609 2272 Magna
1640 2201 1753 2273 (55)
1780 2204 1877 2255 erit
1912 2201 2083 2270 gloria

505 2302 692 2353 domus
724 2299 911 2368 hujus,
954 2299 1235 2351 novissima
1271 2312 1429 2364 super
1470 2297 1727 2362 primam;
1770 2294 1821 2347 id
1846 2302 1960 2357 est,
1988 2293 2086 2347 Ec-

507 2392 689 2447 clesiae
726 2390 962 2454 Christi,
997 2399 1051 2443 et
1079 2387 1519 2458 gloriﬁcationis,
1550 2401 1671 2455 quae
1706 2386 1756 2438 in
1805 2386 1917 2455 ipsa
1964 2385 2084 2440 rod—

509 2482 673 2546 ditur,
710 2497 823 2551 prae
860 2480 1141 2552 Synagoga
1164 2479 1472 2534 Judaeorum
1500 2519 1514 2543 ,
1541 2479 1592 2532 in
1628 2493 1734 2547 qua
1764 2478 1914 2532 solus
1943 2476 2083 2532 Deus

506 2570 673 2629 Pater
711 2574 1009 2628 Vocabatur
1049 2573 1186 2626 heus
1207 2610 1223 2635 ,
1262 2582 1315 2625 et
1347 2569 1775 2638 gloriﬁcabatur.
1806 2569 1897 2623 llis
1924 2583 2084 2638 porro

508 2674 865 2721 consentanea
903 2674 1031 2720 sunt
1065 2680 1185 2733 quae
1225 2663 1293 2717 de
1319 2662 1607 2732 Evangelio
1651 2677 1864 2731 quoque
1898 2662 2086 2716 scribit

507 2755 727 2811 Patrius.
765 2755 896 2809 Nam
944 2754 1070 2808 illud
1110 2753 1267 2808 modo
1312 2752 1441 2806 dicit
1468 2768 1588 2806 esse
1629 2752 1719 2806 Dei
1754 2751 1964 2817 Patris,
2003 2752 2084 2806 ni-

505 2848 704 2902 mirum
745 2847 990 2901 scribens
1034 2846 1099 2899 ad
1149 2845 1422 2899 Romanos
1456 2859 1470 2895 :
1510 2841 1713 2896 Paulus
1757 2842 1868 2913 (56)
1906 2858 2083 2896 servus

506 2937 635 2992 Jesu
663 2937 878 2996 Christi,
908 2948 1116 2989 vocatus
1146 2935 1425 2995 Apostolus
1446 2976 1460 2998 ,
1486 2944 1784 3001 segregatus
1821 2933 1874 2985 in
1909 2931 2085 2987 Evan-

507 3032 699 3099 getinm
752 3028 884 3091 Dei;
928 3040 980 3082 et
1028 3041 1264 3081 rursus:
1313 3024 1433 3078 Non
1484 3027 1618 3078 enim
1666 3024 1798 3093 (57)
1840 3024 2081 3078 erubesco

2191 1846 2325 1899 Ἵνα
2356 1841 2723 1911 παραστήσῃ
2767 1838 2958 1906 ἑαυτῷ
3002 1837 3306 1909 ἄμεμπτον
3357 1838 3475 1907 τὴν
3518 1840 3763 1908 Ἐκκλη-

2186 1937 2354 1998 σίαν,
2401 1935 2483 2003 μὴ
2528 1934 2797 2003 ἔχουσαν
2825 1931 3067 1995 σπῖλον,
3116 1931 3153 2000 ἣ
3183 1932 3421 1999 ῥυτίδα,
3467 1931 3507 2000 ἤ
3556 1950 3610 1986 τι
3645 1931 3764 1987 τῶν

2185 2028 2486 2081 τοιούτων
2502 2025 2638 2079 ἀλλ’
2657 2024 2757 2077 ἵνα
2779 2019 2966 2095 ᾖάγία
2986 2022 3348 2092 καὶᾶμωμος.
3369 2023 3550 2095 Εἰγὰρ
3565 2024 3640 2093 μὴ
3659 2016 3761 2077 ὦδε

2186 2115 2338 2187 αὐτῴ
2361 2114 2556 2178 ἐδόκει,
2584 2114 2912 2187 ἑρμηνεύσει
2928 2131 3033 2178 τις,
3057 2113 3111 2167 τί
3136 2114 3381 2185 βούλεται
3406 2112 3578 2167 εἰπὼν
3598 2113 3689 2186 [:29
3706 2113 3760 2185 b]

2184 2212 2214 2264 ὁ
2238 2211 2523 2280 προφήτης
2559 2209 2829 2276 Ἀγγαῖος,
2855 2207 2937 2260 ὄτι
2965 2194 3205 2277 Μεγάλη
3227 2206 3398 2260 ἔσται
3422 2208 3459 2274 ἠ
3482 2206 3633 2271 δόξα
3656 2206 3763 2261 τοῦ

2186 2299 2627 2361 οἷκουτούτου,
2657 2299 2694 2366 ἡ
2727 2296 2953 2367 ἐσχάτη
2985 2296 3135 2364 ὑπὲρ
3172 2296 3285 2363 τὴν
3308 2294 3547 2364 πρώτην
3571 2313 3585 2326 ·
3615 2296 3763 2349 τοῦτ’

2186 2390 2354 2454 ἔστιν,
2385 2390 2483 2461 τῆς
2510 2387 2605 2443 τοῦ
2635 2386 2872 2459 Χριστοῦ
2907 2385 3252 2454 Ἑκκλησίας,
3281 2386 3375 2438 καὶ
3408 2386 3508 2455 τῆς
3534 2387 3593 2439 ὲν
3623 2387 3760 2457 αὐτῇ

2184 2481 2511 2550 δοξολογίας,
2547 2479 2697 2549 παρὰ
2721 2478 2819 2549 τὴν
2853 2476 3168 2547 συναγωγὴν
3198 2475 3484 2539 Ἰουδαίων,
3518 2477 3578 2528 ὲν
3675 2476 3764 2547 μό-

2185 2592 2274 2649 νος
2315 2576 2343 2626 ὁ
2385 2572 2516 2636 Θεὸς
2563 2572 2658 2625 καὶ
2709 2569 2895 2640 Πατὴρ
2937 2567 3268 2636 ὲθεολογεῖτο
3323 2568 3417 2620 καὶ
3459 2568 3758 2634 ἐδοξάζετο.

2196 2665 2513 2735 Ἐπομένως
2537 2663 2712 2718 τοίνυν
2754 2663 2848 2715 καὶ
2884 2662 2943 2714 τὸ
2969 2661 3299 2728 Εὐαγγέλιον
3357 2661 3450 2713 νῦν
3496 2661 3593 2730 μὲν
3626 2660 3759 2714 Θεοῦ

2185 2755 2280 2809 τοῦ
2317 2753 2531 2825 Πατρὸς
2560 2748 2702 2805 εἶναι
2735 2751 2903 2819 λέγει,
2957 2751 3182 2821 γράφων
3237 2750 3553 2821 Ῥωμαίοις’
3601 2751 3760 2805 Παῦ-

2183 2848 2314 2910 λος,
2349 2842 2570 2905 δοῦλος
2614 2839 2816 2909 Ἰησοῦ
2847 2840 3126 2911 Χριστοῦ,
3161 2839 3373 2907 κλητὸς
3399 2841 3759 2906 ἀπόστολος,

2183 2934 2600 3007 ἀφωρισμένος
2627 2937 2715 2998 εἰς
2744 2934 3108 3003 Εὐαγγέλιον
3131 2935 3279 2989 Θεοῦ
3297 2949 3313 2964 ’
3344 2934 3438 2987 καὶ
3460 2934 3622 2987 πάλιν
3638 2952 3652 2966 ο
3678 2937 3760 2989 Οὐ

2190 3029 2301 3098 γὰρ
2349 3027 2783 3095 ἐπαισχύνομαι
2824 3025 2888 3077 τὸ
2934 3024 3320 3095 Εὐαγγέλιον.
3350 3026 3606 3095 Δύναμις
3651 3024 3761 3095 γὰρ

509 3120 853 3189 Evangelinm
890 3134 908 3173 :
949 3120 1115 3173 virtus
1158 3120 1291 3171 enim
1340 3117 1430 3170 Dei
1469 3129 1542 3171 est
1585 3119 1638 3169 in
1672 3118 1892 3169 salutem
1940 3117 2083 3169 omni

2191 3120 2339 3175 Θεοῦ
2373 3120 2564 3184 ἐστιν,
2613 3120 2700 3183 εἰς
2745 3117 3045 3185 σωτηρίαν
3080 3117 3258 3170 παντὶ
3290 3116 3370 3183 τῷ
3396 3118 3759 3182 πιστεύοντι,

506 3212 810 3274 credemi,et
834 3208 1025 3263 Judazo
1045 3211 1292 3277 primum,
1307 3220 1351 3262 et
1372 3205 1551 3261 (ἐντυεο
1571 3206 1811 3276 .‘justitia
1834 3207 1968 3258 enim
1987 3206 2083 3259 Dei

505 3306 561 3355 in
582 3319 641 3356 eo
671 3299 1049 3371 revelatur(58)
1076 3300 1282 3369 :jnstus
1305 3309 1477 3351 autem
1499 3314 1563 3350 ea:
1578 3298 1681 3364 ﬁde
1701 3300 1857 3359 vivet;
1879 3305 1933 3349 et
1958 3297 2009 3349 in
2041 3294 2083 3349 ll

506 3394 576 3448 ad
630 3393 988 3447 Corinthios:
1041 3392 1301 3457 Quoniam
1346 3389 1483 3460 (59)
1532 3389 1695 3460 gratis
1744 3387 2081 3458 Evangelium

509 3484 607 3538 Dei
644 3478 997 3552 erattgelizavi
1040 3484 1199 3536 vobis.
1249 3481 1406 3537 Modo
1444 3493 1623 3536 autem
1668 3481 1761 3535 Dei
1813 3480 2081 3550 Unigeniti

509 3574 636 3629 illud
670 3590 791 3630 esse
824 3575 1120 3630 Corinthiis
1146 3574 1335 3629 scribit
1366 3594 1378 3629 :
1415 3575 1464 3628 in
1500 3577 1672 3644 prima
1710 3575 1923 3642 quidem
1961 3573 2083 3642 Epi-

507 3670 648 3725 Stola
696 3687 709 3721 :
764 3669 872 3724 Sed
922 3685 1022 3721 non
1053 3668 1163 3739 (40)
1209 3670 1289 3721 usi
1324 3685 1502 3723 sumus
1540 3670 1637 3722 hac
1684 3678 1960 3735 potestate,
1994 3668 2084 3721 sed

507 3764 684 3815 omnia
718 3763 1032 3815 sustinemus
1053 3804 1066 3829 ,
1098 3778 1160 3814 ne
1187 3778 1342 3832 quam
1372 3760 1682 3815 excisionem
1705 3760 1884 3812 demus
1913 3758 2087 3813 Evan-

507 3852 645 3922 gelia
674 3852 904 3917 Christi;
932 3852 983 3905 in
1027 3856 1260 3906 secunda
1290 3867 1417 3905 vero
1447 3870 1460 3904 :
1491 3849 1621 3904 Cum
1667 3851 1919 3903 uenissem
1972 3848 2085 3921 (41)

508 3951 683 3996 autem
720 3941 973 3997 Troadem
1001 3951 1212 4011 propter
1255 3942 1594 4012 Evangelium
1618 3941 1856 4009 Christi;
1883 3952 1937 3996 et
1963 3958 2086 3997 rur-

579 4056 693 4128 (Ἦ)
726 4055 991 4128 Charitas.
1037 4058 1077 4111 ll
1109 4058 1233 4112 Cor.
1272 4072 1322 4128 γ,
1357 4056 1423 4110 14
1457 4065 1511 4109 et
1542 4056 1631 4128 15.

584 4123 696 4196 (ιε’)
738 4123 853 4179 Hoc
901 4126 1194 4195 judicante.
1259 4127 1451 4196 Graeca
1495 4126 1660 4179 editio
1713 4144 1726 4179 :
1789 4124 2081 4194 κρίναντας

508 4194 687 4262 τοῦτο,
730 4196 781 4250 id
812 4194 916 4259 est,
947 4197 1247 4265 judicantes
1275 4199 1391 4249 hoc.
1428 4194 1554 4249 Post
1594 4210 1713 4264 quae
1756 4200 1917 4250 Verba
1946 4212 2082 4249 nun—

512 4268 657 4321 nulla
698 4276 1016 4334 sequuntur,
1049 4283 1167 4336 quae
1212 4266 1725 4336 omittitDidytuus.

582 4338 697 4402 (‘29)
738 4337 1018 4390 Animalis.
1065 4334 1081 4391 Ι
1122 4335 1249 4391 Cor.
1286 4352 1346 4399 ιι,
1379 4334 1464 4389 14.

582 4405 695 4475 (50)
733 4406 1111 4475 Αῖηιιιίιιηιὶηἱ.
1138 4407 1155 4459 l
1178 4406 1303 4461 Cor.
1337 4405 1529 4471 xuv,-i.

585 4474 698 4547 (51)
745 4474 950 4547 Latr‘ia.
993 4475 1439 4547 Cloriﬁcationem
1492 4476 1623 4547 dicit
1670 4474 1937 4544 praecipue
1984 4474 2082 4545 hy-

512 4544 722 4609 mnum,
765 4545 947 4599 Gloria
981 4544 1157 4614 Patri,
1196 4559 1249 4601 et
1300 4547 1525 4613 reliqua.
1577 4544 1914 4598 lncruentam
1953 4558 2082 4598 vero

512 4617 745 4679 latriam,
778 4631 871 4669 seu
898 4617 1125 4681 cultum,
1170 4625 1568 4672 sacrosanctam
1603 4615 1875 4684 liturgiam
1913 4615 2081 4684 inter-

512 4696 700 4756 pretor
731 4703 744 4738 :
781 4686 858 4739 sic
884 4687 1028 4739 enim
1063 4703 1183 4742 eam
1226 4696 1383 4742 vocat
1414 4684 1646 4756 Cyrillus
1682 4682 1895 4753 quoque
1922 4682 2082 4756 διετο-

512 4754 865 4826 εοιγιιιίιίιιιιιε
892 4756 1100 4826 caleeh.
1128 4772 1286 4820 χχιιι,
1317 4754 1473 4809 num.‘
1490 4755 1543 4809 8.
1577 4756 1690 4823 Ipse
1713 4768 1889 4808 autem
1922 4754 2083 4825 Didy-

513 4825 635 4880 tnus
665 4836 943 4893 segmento
973 4825 1041 4879 92
1068 4845 1123 4890 a,
1156 4830 1233 4891 et,’
1261 4830 1400 4895 quod
1447 4826 1613 4895 pluris
1640 4825 1942 4878 faciendum
1974 4833 2080 4887 est,

511 4895 779 4964 Ephesius
830 4895 1063 4964 synodus
1093 4896 1422 4951 meumeniea
1458 4897 1641 4948 anath.
1673 4910 1748 4957 ιιι,
1778 4902 2084 4964 eaturoeat

511 4963 1087 5035 ᾁναίμακτονθυσίαν,
1134 4967 1186 5021 id
1226 4976 1328 5029 est,
1366 4968 1694 5019 incruentum
1737 4963 2079 5031 sacriﬁcium.

510 5033 716 5090 Latriaz
736 5050 885 5098 vero,
924 5036 974 5088 id
994 5046 1096 5100 est,
1122 5037 1406 5101 seruitutis,
1434 5046 1525 5087 aut
1552 5039 1723 5087 cultus
1752 5038 1964 5087 nonune
1992 5050 2079 5085 sa-

512 5107 769 5171 criﬁcium
797 5107 958 5159 etiam
987 5107 1254 5174 designari
1283 5121 1405 5162 eum
1438 5108 1491 5159 in
1518 5103 1724 5165 Bibliis.
1756 5115 1865 5157 tum
1891 5105 1941 5157 in
1974 5102 2081 5155 Pa-

519 5186 659 5229 trum
701 5176 937 5244 scriptis,
974 5188 1169 5229 norunt
1200 5176 1455 5243 theologi.
1501 5175 1615 5241 Qua
1650 5177 1714 5229 de
1739 5189 1898 5228 causa
1936 5175 2078 5244 ipso-

513 5259 635 5299 rum
672 5243 888 5298 Patrum
927 5245 1168 5299 nonnulli
1203 5246 1435 5309 Judteos,
1463 5246 1572 5313 jam
1605 5247 1741 5315 μήτε
1772 5243 2080 5315 προφήτας.

515 5316 654 5395 μήτε
691 5315 966 5386 λατρείαν,
1012 5317 1211 5395 idest,
1260 5331 1420 5395 neque
1449 5313 1724 5395 prophetas
1746 5353 1760 5377 ,
1809 5328 1969 5395 neque
2002 5313 2082 5362 la-

513 5383 696 5448 triam,
734 5383 926 5451 nempe
952 5385 1294 5454 sacriﬁcium,
1322 5387 1510 5438 habere
1537 5386 1826 5438 nllirnumt.
1864 5383 2080 5437 Utram-

513 5470 802 5577 queiiorro
826 5457 984 5510 simul
1015 5456 1425 5525 appellatiOnnnt
1450 5456 1682 5524 jungens
1706 5455 2077 5520 Athenagoras

513 5524 570 5577 in
664 5526 917 5577 cautione.
966 5543 1112 5577 num.
1148 5527 1255 5577 13:
1297 5525 1631 5577 Ποοσιοέοειν
1668 5525 1784 5577 δέον
1823 5521 2077 5577 (inquit)

512 5521 570 5579 in
617 5521 917 5595 Legatione,
966 5521 1112 5579 ιιιιιίι.
1148 5527 1255 5580 13:
1297 5521 1631 5595 Προσφέρὲιν
1668 5525 1784 5578 δέον
1810 5524 1839 5595 1(
1863 5521 2079 5595 inquit)

513 5590 849 5666 ἀναίμακτον
877 5596 1086 5661 θυσίαν,
1125 5597 1221 5651 καὶ
1247 5590 1363 5666 τὴν
1386 5590 1608 5666 λογικὴν
1652 5590 1945 5664 προσάγειν
1988 5590 2081 5642 λα-

511 5662 720 5735 τρείαν,
750 5667 802 5721 id
825 5675 933 5733 est,
963 5682 1079 5720 cum
1111 5662 1439 5721 incruentam
1467 5662 1745 5727 victimam,
1774 5674 1820 5716 et
1846 5666 2081 5735 rationa-

516 5731 621 5792 lem
652 5735 893 5810 (atrioin,
920 5731 1009 5794 seu
1049 5737 1244 5794 cultum
1281 5737 1470 5806 σθω-ε
1500 5744 1751 5805 oporteat.
1784 5735 1955 5802 Quam
1991 5731 2076 5787 in-

2203 3210 2467 3276 Ἰουδαίῳ
2515 3227 2579 3264 τε
2623 3208 2875 3277 πρῶτον,
2921 3211 3019 3264 καὶ
3069 3211 3348 3278 Ἕλληνι.
3401 3212 3759 3278 Δικαιοσύνη

2190 3304 2299 3373 γὰρ
2331 3302 2476 3356 Θεοῦ
2515 3302 2583 3355 ἐν
2623 3300 2783 3367 αὐτῷ
2810 3302 3289 3356 ἀποκαλύπτεται
3310 3317 3323 3331 ·
3358 3306 3391 3355 ὀ
3431 3302 3499 3355 δὲ
3536 3301 3761 3368 δίκαιος

2188 3395 2255 3446 ἐκ
2303 3395 2561 3458 πίστεως
2599 3390 2833 3459 ζήσεται
2860 3408 2873 3422 ·
2909 3392 3002 3445 καὶ
3032 3391 3338 3461 Κορινθίοις
3380 3392 3438 3445 τὸ
3482 3391 3755 3463 δεύτερον·

2192 3485 2319 3537 Ὀτι
2340 3483 2567 3550 δωρεὰν
2594 3483 2658 3535 τὸ
2679 3483 2783 3536 τοῦ
2809 3482 2956 3536 Θεοῦ
2985 3480 3350 3552 Eua-msich
3376 3480 3762 3552 εὐηγγελισά-

2183 3593 2309 3647 μην
2342 3576 2503 3646 ύμῑν.
2530 3573 2642 3628 Νῦν
2674 3573 2729 3626 δὲ
2760 3573 2897 3628 Θεοῦ
2920 3573 3014 3626 τοῦ
3046 3572 3361 3645 μονογενοῦς
3395 3574 3526 3627 αὐτὸ
3558 3574 3760 3644 τυγχά-

2189 3686 2298 3723 νειν
2341 3667 2645 3721 ἐπιστέλλει
2679 3665 3005 3736 Κορινθίοις,
3045 3663 3107 3717 τὺ
3150 3665 3248 3735 μὲν
3295 3672 3380 3718 α’·
3441 3665 3602 3718 Ἀλλ’
3651 3666 3760 3717 οὐκ

2189 3761 2568 3833 ἐχρησάμεθα
2601 3760 2674 3829 τῇ
2698 3760 2947 3828 ἐξουσίᾳ
2967 3761 3148 3829 ταύτῃ
3176 3778 3189 3792 ·
3220 3760 3381 3815 ἀλλὰ
3407 3760 3602 3814 πάντα
3630 3759 3761 3814 στέ-

2191 3870 2392 3925 γομεν,
2428 3853 2528 3906 ἵνα
2567 3850 2653 3921 μὴ
2691 3851 2959 3916 ἐκκοπὴν
2990 3868 3123 3904 τινα
3156 3850 3348 3921 δῶμεν
3391 3850 3471 3916 τῷ
3506 3854 3762 3921 Euam-s-

2190 3946 2301 4010 λίῳ
2348 3943 2453 3998 τοῦ
2500 3942 2788 4011 Χριστοῦ’
2830 3943 2890 3995 τὸ
2933 3942 2988 3994 δὲ
3031 3942 3113 4013 β’·
3162 3942 3388 3998 Ἐλθὼν
3426 3942 3493 3996 δὲ
3523 3946 3610 4010 εις
3648 3942 3762 4013 τὴν

2202 4059 2355 4112 ﬁrma
2388 4068 2564 4114 autem
2592 4059 2701 4113 sint
2731 4071 2849 4125 quin
2873 4058 3205 4123 Albertinus,
3242 4057 3436 4124 aliique
3459 4047 3757 4113 Calviniani

2191 4130 2258 4182 de
2311 4128 2618 4192 hujusniodi
2666 4128 2935 4183 iOCllliOIle
2983 4128 3269 4183 commenti
3318 4137 3481 4192 sunt,
3527 4145 3631 4183 non
3674 4139 3757 4186 est

2188 4197 2350 4264 hujus
2384 4197 2483 4251 loci
2518 4199 2820 4253 ostendere.

2255 4268 2368 4336 (δί)
2410 4266 2556 4325 Sine.
2594 4269 2611 4321 |
2642 4268 2767 4320 (lor.
2803 4282 2854 4332 ι,
2895 4266 2983 4321 52.

2254 4339 2365 4405 (35)
2406 4336 2588 4391 Nos.l
2626 4339 2868 4401 Comm,
2907 4338 2994 4391 16.

2255 4339 2343 4405 (55
2406 4339 2588 4391 Nos.l
2626 4339 2868 4401 Comm,
2907 4339 2994 4391 16.

2255 4339 2368 4477 (5-1)
2399 4407 2467 4461 Ut
2490 4406 2771 4477 exhiberet.
2794 4408 2987 4474 Ephes.
3004 4422 3056 4471 ν,
3075 4405 3161 4461 27.
3181 4407 3366 4463 Grmca
3391 4408 3553 4463 editio
3576 4409 3755 4476 habet,

2186 4475 2356 4546 αὐτὴν
2389 4478 2564 4549 ἐαυτῷ
2593 4475 2821 4541 ἔνδοξον,
2857 4478 3195 4549 εείιιοῐιιιιιΙΙε
3214 4480 3538 4549 esetnplaria
3559 4475 3757 4535 habent

2184 4548 2344 4620 αρτός
2389 4564 2482 4611 pro
2524 4547 2731 4617 αὑτήν·
2760 4561 2864 4620 qua
2907 4548 2975 4602 de
3011 4562 3177 4603 causa
3214 4547 3380 4620 Vulg.
3404 4551 3502 4603 int.
3543 4550 3704 4620 vertit
3738 4569 3753 4604 :

2186 4615 2547 4689 thexhiberct
2602 4615 2709 4684 ipse
2752 4618 2851 4671 sibi
2897 4620 3201 4688 gloriosam,
3251 4615 3587 4689 et'reliqna.
3634 4618 3739 4674 Pro

2188 4687 2373 4741 σπίλον
2404 4688 2521 4758 lego
2551 4689 2759 4741 σπῖλον.

2226 4759 2367 4828 (55)
2402 4756 2620 4828 Magna.
2661 4759 2794 4828 ᾼςε.
2830 4772 2892 4818 ιι,
2925 4756 3014 4811 10.

2256 4824 2369 4893 (56)
2413 4824 2636 4882 Paulus.
2672 4824 2826 4881 Bonl.
2871 4843 2908 4891 l,
2952 4828 3001 4881 1.

2256 4900 2367 4970 (57)
2409 4897 2531 4970 Non
2563 4900 2720 4970 enim.
2757 4895 2913 4970 Rom.
2949 4913 2987 4960 ι,
3028 4897 3095 4970 ίβ
3133 4908 3188 4953 et
3228 4899 3315 4954 17.
3364 4899 3551 4955 Graeca
3591 4901 3754 4954 editio

2185 4965 2402 5023 habet:
2457 4965 2785 5035 Εὐαγγέλιον
2811 4966 3096 5038 ΔΧριστοῦ.
3157 4971 3226 5024 At
3279 4985 3489 5033 vocem,
3534 4970 3750 5034 Christi,

2190 5039 2394 5092 omittit
2449 5052 2553 5091 non
2586 5034 2756 5091 modo
2809 5034 3098 5107 Didymus,
3148 5043 3243 5095 sed
3280 5050 3336 5094 et
3374 5038 3529 5109 Vulg.
3580 5041 3751 5095 inter-

2185 5123 2328 5177 pres.

2259 5178 2371 5246 (58)
2413 5175 2716 5233 Revelatur.
2754 5176 2880 5233 Post
2916 5178 3054 5233 hanc
3085 5193 3272 5235 vocem
3302 5179 3554 5235 nonnulla
3592 5179 3754 5236 habet

2184 5249 2369 5311 editio,
2398 5262 2519 5318 ante
2554 5248 2753 5318 omittit
2788 5249 3061 5318 Didymus.

2255 5318 2366 5385 (59)
2412 5315 2690 5381 Quoniam.
2724 5316 2764 5372 ΙΙ
2795 5315 2920 5373 Cor.
2971 5334 3045 5383 χι,
3079 5318 3130 5374 7.

2256 5386 2366 5455 (40)
2403 5385 2504 5459 Sed
2529 5402 2650 5439 non.
2689 5390 2702 5441 I
2744 5389 2998 5459 Cornix,
3065 5389 3152 5444 12.
3210 5388 3395 5445 (ἔναιρε
3435 5391 3602 5445 editio
3656 5403 3752 5459 pro

2184 5457 2427 5528 ἐκκοπὴν
2486 5458 2667 5530 1ιιιιιει,
2699 5458 2964 5530 ἐγκοπήν.
3009 5459 3111 5513 Sed
3156 5471 3381 5528 utraque
3409 5476 3508 5515 vox
3540 5457 3753 5530 videtur

2182 5526 2423 5581 eatndein
2455 5526 2580 5607 Ohio
2645 5526 2845 5607 haltere
2899 5526 3393 5607 signiﬁcationem,
3449 5529 3752 5601 oﬂ'endiculi

2182 5612 2398 5664 nempe,
2420 5597 2539 5667 sive
2565 5597 2951 5667 impedimenti.

2251 5667 2360 5739 (41)
2402 5665 2530 5723 Cum
2557 5665 2821 5725 venissem.
2854 5666 2899 5723 ll
2924 5670 3048 5727 Cor.
3083 5685 3141 5737 ιι,
3171 5667 3255 5724 12.
