4104 6408
510 289 623 348 ἵμθῦ

1748 284 1990 341 ΒΙΠῩΜΙ
2027 282 2495 341 ALEXANDRINI

3649 281 3758 337 584's

516 407 592 462 hil
624 419 745 458 eum
776 403 829 457 in
860 404 1146 472 semetipso
1176 403 1400 465 habere,
1428 402 1568 471 quod
1617 402 1940 471 acquisitum
1970 401 2086 456 l'ue-

2207 417 2371 461 ιενον,
2399 402 2455 452 ἐν
2486 397 2662 469 ἐαυτῷ
2693 394 2829 450 εἶναι
2849 412 2862 427 ·
2889 395 3097 449 οἴκοθεν
3134 393 3178 447 δ’
3216 391 3514 462 ἐπάγεσθαι
3546 394 3759 462 τάγαθὰ

516 498 606 560 rit,
640 506 728 550 aut
764 495 906 566 quod
937 496 1074 549 alter
1113 496 1164 550 in
1211 497 1326 564 ipso
1369 503 1625 563 operatus
1653 494 1742 557 sit,
1779 494 1872 548 sed
1907 496 2084 549 omnia

518 604 578 644 se
629 591 764 642 bona
799 589 864 641 de
905 602 1003 639 suo
1043 586 1260 651 habere,
1309 601 1371 640 ac
1415 600 1598 640 secum
1654 586 1888 649 trahere,
1926 600 2087 638 unam

519 679 754 734 divinam
784 692 992 745 pacem,
1031 676 1185 744 cujus
1217 690 1324 730 non
1356 686 1439 729 est
1475 674 1598 728 linis
1624 673 1758 744 (5:2),
1785 686 1837 728 et
1880 675 1946 727 de
1982 689 2085 740 qua

519 769 685 823 Isaias
729 768 937 821 locutus
979 776 1095 832 est,
1143 783 1262 820 cum
1305 764 1627 819 exclamavit
1658 779 1671 816 :
1707 765 1926 817 Domine
1978 763 2088 834 (55)

518 861 661 915 Deus
710 869 901 920 noster,
925 874 1100 926 pacem
1137 860 1205 910 da
1247 858 1423 920 nobis;
1448 858 1620 910 omnia
1649 857 1782 909 enim
1820 855 2090 908 reddidisti

523 953 668 1002 nobis
695 965 715 1004 :
747 949 982 1011 Domine,
1029 957 1184 1011 extra
1215 958 1262 1001 te
1289 949 1451 1001 alium
1491 964 1592 1000 non
1628 947 1904 1001 novimus:
1929 948 2089 1011 hanc,

523 1042 762 1111 inquam,
812 1057 1020 1109 pacem,
1081 1050 1265 1108 utpote
1322 1055 1443 1108 qua:
1496 1040 1638 1094 illius
1672 1048 1777 1103 est,
1827 1054 1892 1094 eo
1941 1039 2086 1108 quod

523 1147 863 1187 communem
913 1148 1034 1186 cum
1083 1131 1241 1184 Patre
1293 1141 1540 1184 naturam
1597 1131 1810 1195 habeat,
1842 1139 1895 1184 et
1941 1145 2093 1200 aeque

525 1225 784 1278 Dominus
832 1227 922 1289 sit,
954 1239 1016 1278 ac
1063 1223 1172 1287 ille,
1205 1222 1421 1291 propria
1475 1223 1800 1276 auctoritate
1843 1223 2090 1292 largitur.

523 1315 612 1368 Ait
641 1315 782 1366 enim
810 1330 822 1365 ε
853 1311 1046 1364 Pacem
1081 1312 1194 1382 (54)
1225 1311 1456 1380 relinquo
1490 1311 1650 1374 vobis,
1694 1326 1874 1379 pacem
1925 1327 2093 1363 meam

526 1407 593 1456 do
640 1406 800 1457 vobis.
845 1403 1048 1458 idcirco
1089 1402 1286 1456 Paulus
1336 1417 1548 1470 quoque
1593 1402 1785 1455 eodem
1826 1401 1983 1454 modo
2016 1402 2094 1454 di-

525 1496 708 1548 vinum
742 1495 854 1564 (:35)
885 1497 985 1549 hoc
1016 1496 1211 1548 donum
1245 1495 1432 1547 ambas
1467 1495 1732 1548 increatas
1781 1495 2096 1564 hypostases

527 1587 646 1639 sine
683 1584 790 1639 nilo
832 1587 1147 1640 discrimine
1186 1587 1602 1640 subministrare
1640 1586 1736 1647 ait,
1771 1601 1890 1638 cum
1922 1585 2005 1638 sic
2029 1586 2093 1638 ad

530 1677 801 1732 lloruanos
855 1677 1049 1729 alicubi
1088 1676 1275 1729 scribit
1303 1693 1315 1728 :
1347 1674 1533 1729 Gratia
1569 1675 1676 1744 (56)
1710 1674 1871 1740 vobis,
1905 1685 1951 1728 et
1991 1692 2097 1742 pax

2191 493 2366 545 πάντα
2400 491 2698 563 παριστῶν,
2730 489 2826 560 τὴν
2863 488 2987 560 μίαν
3017 487 3202 557 θεῐκὴν
3230 487 3472 558 εἰρήνην,
3505 482 3574 558 ἦς
3615 487 3760 556 ὅρων

2189 583 2288 634 οὑκ
2318 581 2462 635 ἔστιν
2489 598 2502 610 ·
2541 580 2667 649 περὶ
2699 576 2766 650 ἧς
2823 579 3047 642 Ἡσαΐας
3093 577 3469 648 διακέκραγεν·
3516 578 3692 644 Κύριε
3731 580 3763 632 ὁ

2194 671 2336 736 Θεὸς
2385 670 2588 740 ἡμῶν,
2625 669 2874 737 εἰρήνην
2906 668 3011 734 δὸς
3050 667 3193 735 ἡμῖν
3219 683 3233 697 '
3265 666 3461 720 πάντα
3506 666 3617 735 γὰρ
3652 667 3767 721 ἁπ-

2190 759 2414 825 ἐδωκας
2445 759 2588 828 ἡμῖν
2607 775 2620 788 ·
2657 760 2854 826 Κύριε,
2886 756 3060 822 ἐκτὸς
3086 754 3203 809 σοῦ
3221 754 3412 808 ἄλλον
3444 757 3554 808 οὐκ
3599 755 3768 807 οῖδα-

2185 867 2336 919 μεν·
2387 849 2460 913 ὼς
2495 847 2662 902 αὑτοῦ
2692 847 3088 918 τυγχάνουσαν,
3124 845 3212 898 διὰ
3262 844 3324 898 τὸ
3355 845 3626 897 ἐπίκοινον
3665 845 3769 913 τῆς

2194 940 2424 1010 φύσεως,
2467 940 2559 992 καὶ
2593 938 2913 1010 κυριότητος
2952 937 3165 990 δίδωσιν
3210 935 3583 1000 κατεξουσίαν.
3619 937 3769 1006 Ἔφη

2192 1007 2298 1103 ἰἀρ
2323 1049 2336 1061 ’
2375 1007 2900 1098 Εἰρήνηννάφίὴμι
2949 1027 3110 1096 ὑμῖν,
3146 1025 3396 1094 εἰρήνην
3453 1025 3568 1092 τὴν
3608 1026 3771 1094 ἐμὴν

2193 1121 2396 1190 δίδωμι
2425 1121 2583 1190 ὑμῖν.
2621 1122 2709 1173 Διὸ
2737 1121 2834 1190 οὺχ
2875 1121 3076 1189 ἥκιστα
3115 1119 3208 1171 καὶ
3249 1117 3456 1181 Παῦλος
3497 1117 3654 1170 τοῦτο
3706 1117 3772 1170 τὸ

2195 1206 2463 1260 θεόσδοτον
2512 1209 2696 1279 χρῆμα
2745 1208 2910 1277 ἄμφω
2957 1207 3055 1269 τὰς
3101 1206 3397 1275 ἀγενήτους
3439 1207 3769 1270 ὑποστάσεις

2195 1298 2623 1368 ἀπαραλλάκτως
2667 1283 2918 1370 χορηγεῖν
2959 1297 3086 1369 ἔφη,
3133 1297 3422 1368 Ῥωμαίοις
3471 1296 3613 1350 οὕτω
3662 1314 3768 1351 που

2195 1389 2408 1461 γράψας
2427 1407 2439 1419 ’
2475 1389 2656 1458 Χάρις
2686 1390 2826 1459 ὑμῖν
2853 1389 2950 1445 καὶ
2982 1387 3188 1457 εἰρήνη
3215 1390 3333 1442 ἀπὸ
3359 1389 3507 1443 Θεοῦ
3536 1389 3773 1456 Πατρός

2197 1479 2364 1548 ἡμῶν
2396 1481 2493 1534 καὶ
2543 1482 2765 1549 Κυρίου
2802 1481 2997 1548 Ἰησοῦ
3047 1480 3340 1549 Χριστοῦ·
3388 1480 3679 1548 διάγνωσιν
3714 1479 3775 1532 δὲ

2195 1575 2349 1642 ἡμῖν,
2397 1572 2542 1624 τοῦτ’
2591 1571 2720 1624 αὐτὸ
2771 1571 2941 1634 οὕτως
2994 1571 3161 1642 ἔχειν,
3202 1570 3505 1641 παρέσχετο
3546 1570 3641 1623 καὶ
3686 1569 3774 1634 τὸ,

2198 1663 2400 1716 Πάντα
2426 1661 2542 1716 ὅσα
2579 1663 2702 1731 ἔχει
2745 1665 2778 1715 ὀ
2803 1662 3026 1730 Πατὴρ,
3065 1661 3178 1732 ἐμά
3211 1663 3399 1717 ἐστιν.
3438 1661 3622 1714 Ταῦτα
3663 1660 3774 1732 γὰρ

526 1788 559 1823 u
591 1769 693 1822 Deo
737 1767 894 1822 Patre
936 1779 1133 1830 nostro,
1176 1777 1221 1818 et
1271 1766 1491 1820 Domino
1545 1765 1675 1819 Jesu
1723 1765 1946 1820 Christo.
1989 1767 2099 1821 lloc

2207 1756 2302 1808 οὐκ
2329 1754 2556 1824 ἀμαθῶς
2578 1757 2656 1818 είς
2681 1753 2779 1825 τὴν
2808 1754 3007 1818 κτίσιν,
3036 1754 3150 1807 ἀλλ’
3178 1755 3258 1817 είς
3286 1755 3384 1823 τὴν
3408 1751 3596 1823 θεῖκὴν
3620 1752 3776 1817 ἀξίαν

530 1874 712 1914 autem
748 1861 921 1923 ipsum
959 1860 1028 1912 ita
1067 1873 1124 1912 se
1167 1859 1389 1919 habere,
1436 1858 1750 1923 dignoscere
1789 1859 1942 1912 nobis
1974 1857 2099 1913 licet

528 1953 694 2004 etiam
727 1966 792 2004 ex
835 1950 937 2002 illis
968 1950 1146 2002 verbis
1177 1966 1189 2001 :
1221 1947 1413 2001 Omnia
1444 1947 1555 2015 (57)
1590 1963 1910 2016 quacunque
1944 1948 2096 2001 habet

527 2041 716 2107 Pater,
748 2059 863 2096 mea
904 2052 1045 2094 sunt.
1084 2039 1207 2093 Hinc
1259 2040 1401 2093 enim
1444 2055 1550 2091 non
1589 2041 1653 2092 de
1690 2050 1956 2102 creatura,
1999 2041 2100 2094 hoc

529 2143 611 2190 est
653 2135 720 2188 de
766 2134 980 2188 Clirism
1011 2143 1066 2184 ut
1107 2133 1344 2195 homine,
1373 2131 1564 2184 inscite
1607 2131 1920 2198 accipienda
1952 2142 2099 2195 sunt,

531 2229 623 2281 sed
657 2228 721 2280 de
744 2227 921 2281 divina
950 2226 1230 2294 dignitate,
1262 2225 1304 2278 si
1350 2233 1526 2277 tamen
1565 2224 1880 2292 dignitatem
1914 2225 1964 2275 in
1993 2223 2100 2276 Deo

533 2319 716 2373 dicere
767 2318 846 2370 las
885 2331 985 2370 esu
1030 2317 1169 2370 Deus
1209 2316 1350 2369 enim
1381 2316 1600 2385 (inquit)
1630 2315 2098 2376 est.l’atcr?Sum

533 2421 587 2464 et
625 2424 757 2479 ego;
789 2425 906 2462 cum
943 2409 1109 2462 Filius
1135 2408 1250 2475 ejus
1276 2407 1583 2476 unigenitus
1605 2407 1728 2468 sim,
1753 2418 1804 2460 et
1830 2423 2007 2471 verus,
2048 2417 2101 2461 et

533 2501 778 2555 dilectus.
818 2501 1074 2554 Dominus
1117 2510 1200 2552 est
1231 2499 1420 2553 Pater?
1445 2499 1574 2552 Sum
1625 2507 1679 2550 et
1723 2511 1820 2566 ego
1862 2499 2100 2550 omnium

533 2591 814 2657 Dominus,
837 2601 891 2645 et
922 2592 1111 2652 haeres,
1141 2591 1230 2658 qui
1272 2589 1485 2643 vivente
1517 2588 1675 2642 Patre
1705 2588 1754 2640 in
1787 2587 2103 2642 hrcreditate

535 2678 832 2732 demiuium
859 2693 1127 2732 exerceo:
1153 2693 1213 2731 ac
1243 2693 1428 2732 eorum
1496 2692 1614 2746 qua:
1646 2691 1761 2730 mea
1800 2677 1965 2745 ipsius
1989 2675 2100 2747 (58)

536 2778 662 2821 sunt
721 2768 891 2820 lueres
920 2768 1144 2833 exsisto,
1196 2777 1306 2819 tum
1362 2774 1624 2833 quatenus
1667 2764 1903 2833 ipsorum
1943 2764 2106 2819 Crea-

538 2867 641 2918 tor,
679 2867 788 2910 tum
841 2873 966 2910 vero
1011 2859 1172 2911 etiam
1207 2867 1264 2909 ut
1291 2871 1580 2924 germanus
1611 2855 1778 2911 Filius
1807 2873 1820 2908 :
1857 2859 2108 2909 constitu-

539 2961 621 3001 tus
651 2959 828 3002 autem
863 2965 980 3002 sum
1019 2949 1182 3002 lateres
1214 2949 1354 3018 (59),
1415 2958 1472 3001 ut
1513 2949 1842 3002 incarnatus.
1878 2947 2102 3001 Creator

536 3051 590 3092 et
618 3039 730 3093 Rex
761 3048 843 3093 est
871 3039 1060 3093 Pater?
1097 3041 1225 3094 Sum
1267 3055 1367 3108 ego
1404 3054 1618 3108 quoque
1647 3057 1660 3091 :
1685 3040 1794 3093 dixi
1827 3038 1937 3109 (60)
1965 3041 2104 3093 enim

2205 1847 2635 1918 ἐκλαμϐάνεται,
2680 1849 2728 1899 εί
2775 1847 2932 1913 ἀξίαν
2977 1847 3068 1899 ἐπὶ
3112 1846 3205 1900 τοῦ
3247 1845 3382 1899 Θεοῦ
3435 1847 3600 1916 φάναι
3645 1847 3773 1919 χρή.

2205 1940 2334 2003 Θεὸς
2375 1940 2521 2010 γὰρ,
2568 1940 2753 2010 φησιν,
2790 1940 2936 1991 ἐστὶν
2979 1940 3007 1990 6
3063 1939 3287 2009 Πατήρς
3323 1938 3439 2008 είμὶ
3482 1937 3576 1990 καὶ
3627 1935 3775 2005 ἐγώο

2206 2030 2330 2092 Υἱὸς
2372 2029 2480 2099 γὰρ
2510 2027 2674 2081 αὑτοῦ
2715 2027 3025 2098 μονογενὴς,
3061 2027 3157 2080 καὶ
3191 2026 3441 2096 ἀληθινὸς
3462 2066 3476 2089 ,
3508 2028 3602 2079 καὶ
3635 2028 3775 2095 ἀγα-

2208 2122 2395 2192 πητός.
2431 2120 2634 2192 Κύριός
2665 2121 2810 2172 ἐστιν
2836 2123 2864 2173 6
2896 2120 3120 2190 Πατήρς
3161 2119 3274 2189 εἰμὶ
3299 2120 3391 2171 καὶ
3413 2117 3524 2186 ἐγὼ
3559 2119 3777 2173 πάντων

2207 2215 2426 2284 Κύριος,
2459 2215 2550 2266 καὶ
2586 2213 2917 2284 κληρονόμος
2961 2211 3161 2276 ζῶντος
3197 2212 3428 2284 Πατρός,
3447 2213 3544 2283 τῆς
3575 2212 3777 2284 κληρο-

2208 2306 2398 2376 νομίας
2438 2304 2733 2368 δεσπόζων.
2773 2303 3110 2374 Κληρονομῶ
3153 2303 3208 2356 δὲ
3235 2303 3303 2355 τὰ
3327 2303 3590 2374 ἐμαυτοῦ,
3619 2304 3778 2356 τοῦτο

2212 2397 2309 2468 μὲν
2351 2397 2424 2458 ὡς
2473 2397 2700 2467 ποιητὴς
2741 2395 2940 2459 αὐτῶν,
2990 2394 3146 2448 τοῦτο
3189 2395 3246 2448 δὲ
3289 2396 3382 2449 καὶ
3433 2395 3508 2458 ὠς
3559 2396 3778 2465 γνήσιος

2209 2488 2355 2551 Υἱός.
2423 2487 2642 2558 Ἐτέθην
2685 2487 2741 2540 δὲ
2790 2487 3160 2557 κληρονόμος,
3209 2487 3284 2551 ὡς
3332 2487 3775 2558 ἐνανθρωπήσας.

2208 2580 2547 2650 Δημιουργὸς
2569 2579 2662 2632 καὶ
2689 2578 2939 2648 βασιλεύς
2966 2582 3110 2632 ἐστιν
3142 2581 3170 2632 6
3197 2580 3420 2650 Πατήρ;
3453 2578 3588 2648 είμί.
3614 2576 3778 2631 Εἶπον

2210 2672 2318 2740 γὰρ
2365 2672 2513 2740 ὑμῖν,
2559 2670 2633 2732 ὡς
2678 2666 2787 2723 τΗν·
2822 2688 2913 2735 τις
2955 2669 3293 2735 βασιλεὺς,
3331 2671 3430 2722 καὶ
3482 2670 3774 2736 ἐπορεύθη

2211 2761 2457 2831 ποιῆσαι
2489 2761 2711 2832 γάμους
2738 2761 2819 2828 τῷ
2842 2761 2948 2827 υἱῷ
2971 2762 3158 2816 αὐτοῦ
3185 2760 3264 2826 τῷ
3286 2761 3556 2826 βασιλεῖ.
3593 2763 3779 2832 Ἀτρε-

2213 2855 2342 2916 πτός
2370 2856 2515 2906 ἐστιν
2543 2854 2570 2904 6
2601 2855 2822 2923 Πατήρ;
2855 2855 2970 2924 εἰμὶ
3012 2855 3106 2907 καὶ
3152 2853 3279 2922 ἐγώ.
3315 2853 3776 2925 Κεχρησμῴδηται

2211 2948 2319 3018 γὰρ
2354 2948 2480 3017 περ).
2508 2945 2675 3016 ἐμοῦ·
2707 2946 2789 2999 Σὺ
2841 2950 2873 2999 ό
2912 2948 3094 3013 αὐτὸς
3121 2943 3207 3009 εἴ,
3255 2947 3356 3000 καὶ
3402 2947 3475 2999 τὰ
3515 2947 3620 3015 ἐτη
3666 2961 3778 3000 σου

2214 3041 2322 3092 οὐκ
2350 3039 2760 3105 ἐκλείψουσιν.
2797 3038 3037 3110 Ἀπαθὴς
3071 3042 3218 3092 ἐστιν
3247 3038 3274 3089 6
3303 3040 3513 3109 Πατήρς
3547 3039 3681 3108 εἰμὶ,
3707 3037 3777 3100 ὡς

538 3130 714 3195 vobis,
751 3130 916 3183 fuisse
951 3135 1227 3196 quemdam
1280 3147 1470 3200 regem,
1496 3140 1544 3184 et
1574 3132 1785 3196 abiisse,
1815 3143 1868 3184 ut
1915 3133 2105 3200 faceret

2211 3129 2444 3191 καὶτοὺς
2469 3128 2725 3199 μετόχους
2752 3147 2850 3198 μου
2878 3128 3314 3201 ἀπαθείαςβθὺ]
3332 3131 3776 3200 μεταλαμϐάνειν.

540 3223 747 3287 nuptias
777 3220 890 3288 ﬁlio
923 3236 1018 3273 suo
1054 3221 1182 3289 regi.
1225 3219 1584 3275 lmmutabilis
1623 3230 1708 3275 est
1751 3221 1952 3274 Pater?
1975 3221 2104 3275 Sum

540 3322 591 3363 et
615 3327 734 3379 ego.
764 3311 1035 3380 Scriptum
1066 3322 1150 3365 est
1179 3313 1322 3366 enim
1349 3313 1414 3366 de
1435 3328 1521 3367 me
1545 3312 1654 3382 (61)
1681 3329 1696 3365 :
1733 3313 1809 3365 Tu
1838 3315 1974 3367 idem
1999 3316 2106 3382 ipse

541 3419 617 3467 es,
655 3414 702 3456 et
739 3405 963 3456 annitui
1002 3421 1103 3457 non
1147 3405 1410 3472 deﬁcient.
1443 3403 1765 3473 lmpatibilis
1802 3417 1884 3461 est
1916 3406 2117 3461 Pater?

545 3495 673 3548 Sum
705 3510 804 3564 ego
840 3511 1074 3563 quoque,
1112 3497 1181 3549 ita
1215 3505 1272 3550 ut
1320 3499 1483 3551 etiam
1535 3499 1833 3568 participes,
1870 3515 1963 3553 seu
1995 3516 2118 3552 con-

539 3598 703 3642 sortes
735 3586 842 3656 (δὲ)
889 3587 989 3656 71
1029 3588 1155 3648 mei,
1195 3588 1608 3655 impatibilitatis
1646 3591 1936 3658 participes
1979 3591 2108 3646 sint.

538 3677 798 3734 .‘Eternus
848 3690 929 3734 ρει
976 3680 1176 3733 Pater?
1214 3681 1342 3734 Sum
1386 3691 1438 3734 et
1477 3696 1596 3750 ego.
1640 3680 1924 3751 Nunquam
1969 3681 2112 3735 enim

541 3771 657 3841 ipse
700 3788 807 3824 non
852 3772 1041 3825 habuit
1080 3786 1277 3825 nomen
1321 3771 1520 3836 Patris,
1554 3781 1610 3826 et
1643 3772 2031 3826 subsistentem
2062 3773 2112 3826 in

538 3878 606 3917 eo
632 3864 816 3933 gloria:
839 3879 947 3917 suae
971 3863 1340 3931 splendorem,
1364 3873 1418 3917 et
1443 3867 1820 3918 characterem
1856 3867 2109 3920 substan-

542 3953 650 4014 tiae,
683 3964 736 4006 et
764 3953 1051 4021 imaginem
1095 3953 1338 4016 deitatis,
1370 3968 1564 4021 nempe
1598 3970 1702 4008 me.
1740 3955 1884 4020 Vita,
1917 3964 1971 4008 et
2000 3956 2108 4022 lux,

540 4052 595 4095 et
635 4043 872 4106 bonitas,
922 4054 975 4097 et
1016 4045 1275 4112 potentia,
1320 4053 1374 4097 et
1409 4045 1694 4112 sapientia,
1726 4055 1781 4098 et
1807 4046 2029 4112 veritas,
2059 4055 2114 4099 et

541 4137 746 4196 omnia,
793 4151 910 4204 qua:
943 4136 1049 4190 Deo
1093 4137 1252 4205 digna
1310 4145 1456 4203 sunt,
1499 4147 1584 4191 est
1635 4135 1833 4190 Pater?
1882 4136 2013 4190 Sum
2060 4151 2114 4192 et

541 4244 660 4298 ego,
690 4238 749 4283 ut
773 4239 932 4282 antea
984 4229 1228 4283 audistis.
1266 4227 1430 4297 Atqui
1485 4229 1649 4281 etiam
1704 4225 1952 4284 Salvator
1991 4245 2108 4284 sum

543 4408 682 4460 sisse
703 4405 1000 4472 exsistimo,
1027 4405 1189 4475 quod,
1226 4420 1349 4459 cum
1390 4405 1531 4460 inter
1559 4405 1804 4460 homines
1837 4406 2110 4462 Grzecani-
2142 4414 2192 4472 ι)

543 4490 624 4530 car.
645 4477 962 4530 eruditionis
986 4476 1386 4529 amantissimos
1407 4476 1730 4540 scriberent,
1762 4487 2108 4540 venerentur,

545 4561 638 4608 ne,
666 4547 709 4597 si
754 4547 910 4598 aliter
939 4561 996 4600 se
1027 4545 1344 4612 gessissent,
1375 4545 1537 4599 veluti
1598 4547 1778 4609 rudes,
1818 4557 1872 4600 et
1907 4548 2106 4600 indocti

545 4616 980 4682 despicerentur;
1023 4623 1115 4667 aut
1144 4615 1285 4685 quod
1314 4614 1570 4682 majorem
1603 4617 1704 4668 hac
1728 4617 1934 4672 ratione
1971 4617 2110 4683 apud

545 4685 665 4738 illos
693 4685 847 4737 [idem
880 4686 978 4739 sibi
1027 4686 1317 4739 conciliare
1342 4685 1558 4739 vellent.
1597 4685 1857 4740 l'razclare
1891 4689 1948 4742 S.
1977 4687 2111 4739 Atii-

543 4754 758 4809 hrosius
789 4755 883 4809 lib.
930 4771 988 4809 ιιι
1027 4754 1100 4807 De
1127 4754 1254 4823 ﬁde,
1283 4770 1402 4823 cap.
1433 4757 1484 4820 1,
1521 4771 1643 4809 cum
1678 4756 1729 4808 in
1766 4758 1937 4825 primo
1977 4755 2114 4810 libro

546 4840 650 4877 nou
687 4835 963 4896 poetarum
1007 4825 1300 4896 versiculos
1334 4826 1574 4889 citasset,
1612 4835 1670 4877 ut
1714 4827 1990 4896 Didymus.
2020 4828 2113 4880 sed

545 4909 612 4966 ex
636 4896 858 4962 poeticis
883 4894 1556 4966 fabuliscomparationem
1586 4894 1828 4951 duxisset
1855 4914 1867 4950 :
1894 4895 1949 4950 Si
1972 4897 2110 4966 quis,

545 4964 742 5032 inquit,
784 4977 964 5018 contra
1011 4965 1211 5017 licitum
1270 4975 1416 5031 putat
1472 4965 1695 5018 colorem
1745 4964 2113 5031 disputationis

547 5033 805 5098 eiusmodi
836 5053 866 5088 a
900 5037 1112 5104 poeticis
1137 5035 1330 5102 fabulis
1362 5036 1675 5095 derivatum,
1707 5047 1754 5088 et
1788 5053 1903 5088 cum
1935 5036 1988 5088 in
2012 5037 2116 5103 ﬁde

551 5105 683 5156 nini!
721 5106 860 5171 quod
911 5109 1201 5172 vituperare
1253 5105 1414 5172 possit
1478 5105 1748 5170 invenerit,
1801 5107 2001 5173 aliquid
2060 5109 2117 5158 in

549 5190 783 5226 sermone
830 5175 1189 5242 reprehendit;
1246 5185 1489 5243 agnoscat
1541 5192 1656 5243 non
1695 5176 1862 5228 solum
1907 5187 2115 5229 senten-

549 5245 672 5307 tias,
696 5243 784 5296 sed
815 5247 970 5298 etiam
991 5243 1265 5298 versiculos
1284 5241 1594 5312 poetarum,
1629 5241 1918 5315 Scripturis
1949 5249 2120 5299 inser-

550 5322 628 5366 tos
651 5330 760 5366 esse
782 5315 989 5367 divinis.

622 5383 732 5452 (52)
769 5382 942 5438 Finis.
976 5383 1217 5451 Respicit
1277 5382 1377 5438 lsa.
1430 5398 1504 5451 Ix,
1529 5385 1584 5447 7,
1608 5385 1694 5439 ubi
1746 5385 1940 5452 legitur
1968 5404 1980 5440 :
2011 5385 2118 5437 Καὶ

546 5453 648 5531 τῆς
677 5455 899 5525 εἰρήνης
948 5455 1050 5506 οὐκ
1093 5454 1207 5505 ἔστι
1233 5453 1406 5518 τέλος,
1437 5457 1487 5508 id
1517 5469 1620 5519 est,
1661 5466 1706 5508 et
1731 5460 1876 5526 pacis
1910 5472 2010 5509 non
2045 5467 2119 5509 est

547 5530 691 5594 ﬁnis.

629 5591 738 5663 (55)
775 5593 1009 5648 Domine.
1043 5594 1147 5649 lsa.
1179 5609 1327 5662 ιιιινι,
1375 5595 1443 5648 12
1472 5606 1525 5652 ct
1558 5597 1643 5652 15.
1669 5595 1930 5653 Nonnulla
1961 5597 2120 5652 omit-

551 5662 621 5722 tit
652 5662 992 5722 interinedia.

624 5721 738 5802 (34)
774 5731 980 5790 Pacem.
1013 5735 1203 5794 Joann.
1238 5752 1345 5805 xiv,
1377 5736 1461 5791 27.

2215 3222 2479 3290 Ἀναρχος
2509 3223 2537 3273 6
2570 3222 2793 3291 Πατήρ;
2843 3222 2977 3292 εἰμί.
3015 3223 3089 3275 Οὐ
3119 3223 3226 3292 γὰρ
3259 3218 3347 3293 ἦν,
3387 3223 3476 3275 ὅτε
3511 3223 3610 3275 οὐκ
3641 3218 3779 3291 εἶχεν

2209 3314 2270 3366 τὸ
2302 3314 2469 3383 ὄνομα
2499 3313 2591 3365 τοῦ
2626 3314 2857 3386 Πατρός,
2889 3315 2983 3367 καὶ
3011 3316 3107 3384 τῆς
3131 3315 3288 3386 δόξης
3317 3315 3483 3367 αὐτοῦ
3513 3315 3574 3367 τὸ
3597 3313 3782 3366 ἐνυπό-

2215 3421 2406 3459 στατον
2437 3406 2796 3477 ἀπαύγασμα,
2829 3407 2922 3460 καὶ
2947 3406 3037 3458 τὸν
3068 3407 3391 3478 χαρακτῆρα
3416 3406 3516 3474 τῆς
3546 3405 3780 3458 ὑποστά-

2214 3515 2350 3562 σεως
2369 3540 2383 3561 ,
2429 3500 2523 3552 καὶ
2551 3499 2648 3570 τὴν
2678 3500 2862 3553 εἰκόνα
2900 3501 2999 3570 τῆς
3045 3499 3314 3569 θεότητος,
3353 3500 3474 3570 ἐμέ.
3505 3497 3628 3565 Ζωὴ
3647 3539 3662 3564 ,
3693 3498 3783 3550 καὶ

2212 3593 2346 3661 φῶς,
2395 3595 2491 3648 καὶ
2539 3593 2850 3666 ἀγαθότης,
2885 3595 2978 3646 καί
3019 3593 3270 3662 δύναμις,
3317 3595 3411 3646 καὶ
3447 3593 3645 3661 σοφία,
3692 3593 3786 3644 καὶ

2211 3682 2452 3752 ἀλήθεια,
2480 3682 2573 3736 καὶ
2605 3685 2703 3736 ὅσα
2729 3683 2862 3735 Θεοῦ
2891 3683 3015 3748 ἄξιά
3046 3684 3190 3735 ἐστιν
3229 3684 3256 3735 6
3290 3684 3476 3753 Πατήρ
3502 3699 3515 3744 ;
3549 3682 3687 3752 εἰμὶ,
3712 3681 3784 3743 ti);

2212 3773 2512 3841 φθάσαντες
2559 3773 2849 3842 ἠκούσατε.
2904 3774 3012 3826 Καὶ
3063 3773 3244 3844 μέντοι
3294 3774 3388 3826 καὶ
3429 3773 3620 3843 Σωτὴρ
3655 3771 3783 3842 ἐγὼ,

2212 3864 2513 3916 ἀνατέλλων
2539 3864 2629 3918 τὸν
2677 3867 2826 3936 ἥλιον
2857 3867 2948 3920 ἐπὶ
2983 3865 3224 3929 δικαίους
3265 3866 3360 3918 κα)¹
3408 3865 3783 3936 ἁμαρτωλοὺς,

2212 3954 2307 4007 καὶ
2335 3955 2433 4007 οὐκ
2462 3955 2683 4023 ἐπάγων
2728 3957 2899 4009 κακὸν
2937 3957 3057 4009 ἀντὶ
3101 3957 3294 4011 κακοῦ.
3322 3956 3721 4026 ιΦιλάνθρωπος
3758 3955 3786 4006 6

2211 4043 2430 4112 Πατήρς
2469 4045 2604 4113 εἰμί·
2641 4045 2838 4114 ὄπουγε
2869 4047 3017 4116 ὑμῶν
3055 4047 3220 4100 ἕνεκα
3248 4046 3484 4118 ἐμαυτὸν
3519 4046 3786 4113 ἐκένωσα,

2218 4135 2428 4206 μορφὴν
2455 4136 2641 4191 δούλου
2661 4137 2840 4191 λαϐὼν
2864 4155 2880 4170 ·
2905 4141 2996 4192 καὶ
3023 4140 3382 4210 ραπιζόντων,
3409 4141 3501 4192 κα).
3529 4138 3790 4208 ἐμιττυὸν⁴

2215 4243 2344 4290 των,
2372 4229 2464 4280 καὶ
2522 4229 2925 4301 ἐμπαιζόντων,
2966 4232 3059 4284 καὶ
3084 4231 3462 4304 σταυροῦντων
3491 4231 3645 4302 ὑμῶν
3690 4232 3786 4300 ὴν-

2289 4408 2400 4480 (55)
2433 4408 2697 4480 Divinum.
2729 4408 2892 4480 Recte
2922 4407 3198 4462 θεόσδοτον
3238 4409 3462 4462 dictavit
3488 4409 3741 4478 Didymus
3769 4428 3784 4466 :

2215 4478 2457 4533 sic‘enim
2497 4479 2759 4532 Pindarus
2803 4478 2962 4547 Pyth.
2999 4481 3086 4532 od.
3139 4495 3167 4530 v
3197 4481 3432 4543 scripsit,
3466 4480 3662 4545 aliique
3695 4495 3787 4534 ve—

2217 4558 2378 4603 teres.
2416 4547 2601 4616 Itaque
2653 4549 2971 4601 vocabulum
3016 4547 3172 4613 illud,
3230 4547 3494 4613 θεόδοτος,
3549 4550 3690 4616 quod
3735 4551 3784 4602 in

2218 4620 2521 4689 fragmento
2571 4618 2950 4689 Didyiniqapud
3005 4617 3264 4671 Joannem
3315 4618 3703 4689 Damascenqu
3734 4620 3783 4671 in

2217 4687 2524 4754 Parattetis,
2565 4687 2689 4759 pag.
2749 4687 2873 4754 685,
2926 4687 3146 4756 legitur,
3189 4692 3505 4746 mendosum
3557 4687 3786 4743 fortasse

2217 4769 2292 4813 BSI
2306 4797 2318 4810 .

2287 4826 2396 4899 (56)
2427 4826 2632 4882 Gratia.
2661 4826 2816 4899 Rom.
2852 4844 2892 4893 ι,
2926 4829 2977 4881 7.

2292 4897 2404 4967 (57⁷)
2437 4899 2647 4950 Omnia.
2671 4898 2822 4951 Joau.
2859 4913 2968 4963 xw,
2994 4897 3081 4952 15.

2287 4965 2397 5040 (58)
2429 4967 2548 5040 Μία
2576 4969 2757 5040 ipsius.
2794 4967 2937 5035 Lego
2966 4966 3202 5040 ἐμαυτοῦ
3235 4981 3330 5040 pro
3359 4965 3574 5040 ἐαυτοῦ.

2436 5037 2878 5110 ροιιειὶιιιιυσ.....
2907 5036 3093 5110 lateres.
3115 5037 3354 5108 liespicil.
3378 5037 3541 5091 Hebr.
3568 5054 3607 5100 ι,
3631 5036 3689 5092 2.

2289 5107 2401 5180 (60)
2441 5107 2584 5180 Dixi.
2617 5108 2804 5180 Matth.
2836 5124 2969 5172 xxu,
2994 5109 3049 5160 2.

2291 5175 2401 5248 (61)
2431 5178 2502 5248 Qe
2531 5193 2630 5229 me.
2669 5177 2809 5248 Vide
2833 5189 2938 5231 not.
2967 5180 3055 5242 78,
3087 5193 3206 5244 pag.
3241 5175 3331 5232 27.

2292 5244 2402 5320 (ϐὶ)
2436 5246 2738 5320 Consor_tes.
2793 5246 3011 5320 Locutio
3057 5249 3253 5301 Biblica
3325 5261 3397 5320 ex_
3437 5245 3538 5320 illo
3592 5244 3782 5320 psalmi

2220 5315 2363 5382 xciv,
2383 5323 2537 5372 ducta
2569 5333 2581 5368 :
2616 5315 2737 5370 Pra:
2765 5319 3090 5371 consortibus
3122 5325 3236 5386 (seu
3261 5317 3620 5385 participibus)
3657 5317 3780 5368 tuis.

2222 5392 2372 5454 Quod
2404 5402 2528 5441 vero
2561 5398 2772 5454 spectat
2801 5390 2866 5441 ad
2903 5389 3045 5439 illam
3089 5387 3376 5447 ἀπάθειαν,
3404 5387 3454 5439 id
3484 5397 3588 5448 est,
3617 5387 3787 5452 impa-

2223 5460 2544 5519 tibititatem,
2575 5457 2727 5521 cujus
2755 5473 2852 5512 nos
2883 5459 3167 5526 participes
3190 5457 3321 5508 ellici
3358 5456 3609 5521 allirmat,
3637 5470 3786 5523 quaa-

2223 5545 2327 5597 que
2377 5527 2684 5596 liieronyuii
2729 5529 3068 5581 accusatione
3127 5526 3364 5591 infamis,
3403 5536 3492 5578 aut
3539 5535 3791 5594 suspecta

2224 5596 2436 5657 saltem,
2471 5599 2592 5649 dum
2625 5597 2736 5650 haec
2787 5600 3012 5650 dictaret
3069 5599 3343 5667 Didymus,
3373 5596 3621 5667 nondqu
3653 5609 3788 5648 eva-

2226 5677 2391 5793 qqrat,
2425 5668 2678 5792 diqaﬁiriti
2711 5669 2848 5723 uotis
2882 5669 2947 5723 ad
2992 5663 3181 5739 segni;
3204 5665 3307 5721 1Ἱῦ
3344 5683 3398 5731 a,
3421 5671 3534 5721 sive
3557 5663 3626 5721 ad
3657 5679 3786 5736 cap.

2265 5777 2294 5791 -
2322 5746 2464 5793 tertii
2515 5756 2525 5791 l
2568 5753 2632 5792 ri.

2265 5739 2294 5791 .4.
2322 5738 2464 5793 tertii
2491 5737 2632 5792 libri.
