4104 6408
337 311 448 370 Ξῖ85

1457 309 1545 364 DE
1588 305 1961 363 'I'RINITATE
2000 306 2203 362 LIBER
2243 309 2522 367 PRIMUS.

3511 324 3617 380 386

338 429 606 502 εσχὸμην.
656 431 848 486 Πάντα
893 422 986 483 οὖν
1019 423 1139 482 εἷπε
1210 426 1273 480 τὰ
1350 427 1592 499 πατρικὰ
1650 424 1928 495 τυγχάνειν

2039 438 2158 493 ego,
2197 425 2284 493 qtti
2315 427 2446 480 oriri
2481 425 2622 481 facio
2656 426 2769 500 (65)
2797 435 2967 484 solem
3005 432 3382 502 snperjttstos,
3413 445 3464 488 et
3489 451 3618 506 pec-

342 521 512 578 αὐτοῦ
533 561 548 585 ,
589 521 736 574 ὥστε
774 521 942 593 μηδὲν
987 519 1146 572 πλέον
1174 517 1370 571 διδόναι
1401 517 1478 590 τῷ
1509 517 1630 587 ’Θεῴ
1659 517 1863 587 Πατρὶ,
1900 515 1932 584 ἢ

347 616 512 688 μόνον
549 613 611 666 τὸ
640 608 786 666 εἶναι
831 612 1052 684 Πατέρα
1106 610 1236 664 Υἱοῦ
1285 609 1623 682 συνανάρχου
1671 609 1764 662 καὶ
1813 626 1935 661 συν-

343 705 678 776 υφεστῶτος.
703 705 862 760 Οῦτω
879 704 1154 758 πιστεύειν
1185 703 1466 758 ἀναπείθει
1493 704 1588 756 καὶ
1619 702 1700 768 τὸ,
1731 700 1934 755 Πάντα

339 798 415 851 τὰ
437 799 549 868 ἐμὰ
601 795 686 852 σά
706 797 881 850 ἐστιν
896 815 908 825 ·
939 796 1033 849 καὶ
1063 797 1133 849 τὰ
1153 795 1256 858 σὰ,
1279 794 1390 864 ἐμὰ
1414 812 1427 826 ·
1452 794 1547 847 καὶ
1571 793 1934 858 δεδόξασμαι

341 891 412 942 ἐν
455 890 680 954 αὐτοῖς.
716 889 778 942 Εἰ
810 887 918 958 γὰρ
969 889 1042 960 μὴ
1076 888 1163 941 διὰ
1211 888 1308 959 τὴν
1348 887 1585 958 φυσικὴν
1618 886 1799 957 σχέσιν
1829 878 1933 938 ὧδε

347 982 564 1052 ἐλέχθη,
611 983 706 1034 καὶ
741 982 908 1034 πᾶσιν
938 983 1048 1044 τοῖς
1090 983 1376 1051 πατρικοῖς
1407 979 1678 1042 οῦσιωδῶς
1723 978 1933 1043 δεδόξα-

351 1076 527 1126 σταιὸ
558 1074 718 1134 Υἱόςο
750 1075 797 1126 εί
837 1073 910 1143 μὴ
939 1072 1187 1141 βασιλεία
1231 1073 1323 1126 καὶ
1355 1071 1641 1125 δεσποτεία
1678 1072 1773 1142 μία
1798 1089 1930 1140 τυγ-

350 1167 537 1237 χάνει·
586 1166 722 1236 ἄρα,
764 1165 905 1218 κατά
937 1182 997 1232 γε
1031 1165 1189 1231 λόγον
1235 1165 1528 1236 αἱρετικὸν,
1590 1165 1735 1217 ἔστιν
1772 1166 1806 1218 ἆ
1853 1163 1927 1234 μὴ

350 1259 456 1310 ὑπὸ
492 1262 584 1329 τὴν
633 1258 727 1310 τοῦ
784 1257 1016 1328 Πατρὸς,
1066 1256 1180 1310 ἀλλ’
1230 1256 1335 1311 ὑπὸ
1386 1258 1484 1328 τὴν
1537 1258 1781 1324 ἐξουσίαν
1834 1259 1928 1310 τοῦ

348 1349 484 1402 Υἰοῦ
540 1350 704 1405 τελεῖ.
758 1350 868 1402 Καὶ
923 1350 1086 1402 πάλιν
1114 1367 1126 1380 ο
1189 1350 1329 1402 Ἐὰν
1363 1347 1476 1418 ἐγὼ
1503 1347 1724 1413 δοξάζω
1752 1349 1930 1417 ἐμαυ-

342 1441 471 1504 tor,
528 1443 567 1507 ἠ
615 1440 762 1504 δόξα
815 1460 935 1509 μου
980 1442 1160 1494 οὐδέν
1205 1443 1409 1494 ἐστιν·
1447 1440 1620 1495 ἔστιν
1665 1445 1698 1496 ό
1727 1442 1927 1510 Πατήρ

332 1550 458 1600 μου
551 1535 585 1584 ό
656 1531 918 1595 δοξάζον
991 1551 1086 1602 με.
1164 1535 1177 1552 ’

1025 1627 1113 1648 ’3--Ξ
1137 1645 1150 1648 _
1197 1626 1280 1648 91Ρ

1335 1575 1349 1597 ,
1437 1535 1637 1606 φησιν,
1716 1534 1927 1602 λέγοντι

339 1715 549 1782 Πατὴρ
575 1715 646 1768 ἓν
673 1717 880 1786 ἐσμεν,
914 1718 1189 1771 ἀπιστεῖτε
1211 1735 1224 1748 ·
1257 1718 1369 1772 ἀλλ’
1405 1719 1550 1772 ἐστιν
1574 1721 1601 1771 ὁ
1632 1716 1926 1789 μαρτυρῶν

2042 523 2273 582 calores,
2299 527 2481 571 etnon
2513 517 2710 572 induco
2749 521 2947 574 malum
2983 537 3080 591 pro
3115 523 3256 577 malo
3288 523 3420 595 (64).
3459 525 3620 582 Beni-

2039 622 2174 673 gnus
2226 618 2310 661 est
2349 608 2540 664 Pater?
2589 611 2718 665 Sunt
2774 623 2827 666 et
2871 628 2968 682 ego
2999 632 3012 668 :
3043 615 3480 684 quandoquidem
3537 633 3623 674 me

2039 698 2212 766 ipsum
2259 711 2482 771 pr0pter
2521 718 2615 758 vos
2661 703 2956 769 exinaniri,
3001 704 3230 760 formam
3275 710 3416 763 servi
3463 712 3624 764 acciv-

2038 794 2211 861 picns.
2255 795 2514 864 vobisque
2541 797 2716 866 alapis
2760 813 2844 852 me
2875 800 3230 864 cazdentibus,
3257 811 3420 870 alque
3445 803 3497 856 in
3529 819 3616 858 me

2037 889 2482 956 conspuentibus,
2509 899 2564 942 et
2603 888 2734 942 mihi
2767 889 3137 956 illudentibus,
3175 910 3368 963 meque
3401 897 3622 950 crucill-

2037 980 2313 1044 gentibus.
2347 980 2459 1033 haec
2496 981 2749 1034 universa
2783 983 3039 1038 sustinui.
3084 985 3276 1039 Omnia
3312 1002 3461 1056 ergo,
3495 1004 3615 1055 qua:

2037 1068 2215 1125 Patris
2253 1083 2400 1136 sunt,
2441 1089 2532 1126 sua
2578 1074 2714 1128 dixit
2757 1091 2897 1140 esse,
2960 1077 3033 1130 ita
3087 1087 3145 1130 ιιι
3206 1079 3337 1132 nihil
3391 1081 3622 1150 amplius

2038 1163 2146 1217 Deo
2189 1164 2332 1219 Patri
2367 1167 2478 1230 det,
2526 1167 2628 1221 nisi
2674 1168 2776 1222 hoc
2814 1169 3010 1234 solum,
3046 1173 3186 1239 quod
3232 1172 3348 1241 ipse
3381 1175 3448 1225 sit
3481 1189 3622 1228 cote-

2036 1258 2196 1322 terni,
2225 1273 2288 1311 ac
2323 1259 2484 1312 simul
2512 1277 2633 1314 cum
2665 1277 2729 1314 eo
2773 1263 3120 1317 sohsistcntis
3155 1264 3276 1318 Filii
3319 1266 3496 1321 Pater.
3532 1267 3626 1320 Sic.

2033 1365 2131 1402 nos
2157 1350 2551 1419 crcderejuhet
2572 1354 2734 1406 etiam
2767 1355 3047 1408 oraculum
3086 1357 3212 1410 illud
3242 1374 3255 1409 :
3288 1356 3478 1411 Omnia
3507 1357 3622 1427 (65')

2032 1455 2146 1492 nica
2211 1452 2301 1492 ma
2366 1453 2525 1504 sunt,
2575 1452 2626 1494 ρι
2687 1453 2776 1495 tua
2831 1461 2982 1508 mea,
3035 1456 3081 1497 et
3141 1447 3464 1515 gloriﬁcatus
3507 1465 3621 1500 sum

2031 1531 2084 1583 in
2115 1532 2240 1588 illis.
2277 1531 2332 1585 Si
2385 1533 2527 1584 enim
2575 1549 2678 1586 non
2727 1546 2948 1605 propter
2989 1539 3292 1592 naturalem
3342 1540 3621 1594 habitudi-

2033 1637 2154 1675 nem
2187 1623 2234 1675 id
2268 1623 2338 1675 ita
2369 1624 2570 1676 dictum
2606 1625 2730 1690 fuit,
2759 1642 2820 1680 ac
2853 1629 2896 1680 si
2927 1644 3030 1680 non
3064 1633 3336 1696 omnibus,
3361 1648 3480 1700 qum
3522 1631 3623 1685 Pa-

2036 1714 2134 1768 tris
2169 1728 2314 1782 sunt,
2359 1719 2794 1773 substantialiter
2841 1722 3173 1787 glorilicattts
3219 1736 3300 1779 est
3353 1726 3540 1790 Filius,
3575 1729 3620 1781 si

340 1824 435 1877 μοι
481 1808 692 1879 Πατὴρ,
728 1809 807 1862 ὅτι
843 1809 984 1862 κατὰ
1014 1809 1174 1879 φύσιν
1209 1810 1522 1880 δοξάζομαι,
1566 1811 1694 1872 Υἱὸς
1728 1812 1825 1879 μὲν
1854 1808 1926 1862 ὣν

2033 1804 2245 1858 demum
2282 1809 2561 1876 utriusque
2602 1824 2823 1878 regnum
2862 1826 2922 1864 ac
2954 1814 3250 1867 dominium
3290 1831 3454 1869 unum
3512 1833 3618 1870 llOtt

338 1897 511 1951 αὑτοῦ
565 1899 850 1969 ἀγαπητὸς
897 1900 992 1952 καὶ
1047 1899 1326 1969 ἀληθινὸς,
1372 1900 1504 1964 Θεὸς
1550 1901 1606 1952 δὲ
1643 1900 1796 1971 ὑμῶν
1843 1902 1936 1953 καὶ

341 1990 648 2060 Δεσπότης.
693 1987 825 2043 Εἶτα
857 1990 1045 2057 λέγει·
1080 1991 1292 2059 Πάτερ,
1345 1992 1602 2056 ὃόξασόδι
1657 2008 1772 2044 σου
1833 1991 1938 2045 τὸν

347 2083 512 2143 Ner,
563 2084 662 2136 ἵνα
703 2083 799 2136 καὶ
829 2086 862 2136 ὁ
907 2084 1040 2149 Υἱός
1085 2098 1202 2137 σου
1239 2082 1474 2151 δοξάσῃ
1503 2101 1597 2136 σε.
1648 2086 1770 2154 Ἷση
1800 2086 1933 2138 κάν-

335 2173 518 2226 ταῦθα
553 2173 829 2246 ἐσυλάχθη
860 2176 994 2246 τιμή
1034 2192 1090 2226 τε
1129 2175 1222 2227 καὶ
1253 2173 1378 2238 δόξα
1409 2177 1528 2237 ταῖς
1559 2175 1728 2238 θείαις
1751 2175 1835 2246 [51
1874 2173 1930 2246 ιι]

338 2265 731 2318 ῦποστὰσεσιν.
791 2258 860 2336 ᾮ
919 2265 1030 2336 γὰρ
1080 2265 1146 2319 ἂν
1203 2266 1559 2337 ὑπολάϐωμεν
1609 2269 1794 2338 τρόπῳ
1843 2269 1933 2322 τὸν

337 2359 569 2427 Πατέρα
598 2357 841 2422 δοξάζειν
872 2358 962 2409 τὸν
994 2358 1123 2409 Υίὸν
1153 2358 1317 2410 αὑτοῦ
1344 2400 1356 2420 ,
1387 2358 1563 2429 τούτῳ
1594 2360 1755 2422 αὐτὸς
1782 2361 1932 2427 δοξά-

338 2450 496 2514 ζεται
524 2451 616 2502 ὑπ’
642 2450 830 2503 αὐτοῦ.
865 2451 972 2503 Καὶ
998 2447 1158 2513 αὖθις
1189 2452 1384 2519 ἐπάγει
1413 2468 1427 2483 °
1475 2451 1584 2505 Καὶ
1617 2453 1734 2505 νῦν
1758 2453 1935 2517 δόξα-

337 2545 459 2596 σόν
480 2560 557 2610 με
584 2584 598 2607 ,
630 2541 821 2610 Πάτερ
840 2583 854 2605 ,
883 2545 1041 2612 παρὰ
1071 2540 1306 2606 σεαυτῷ
1331 2582 1344 2604 ,
1381 2540 1456 2610 τῇ
1501 2543 1650 2609 δόξῃ
1699 2537 1738 2613 ᾗ
1769 2539 1935 2612 εἶχον

340 2635 457 2704 πρὸ
485 2636 594 2689 τοῦ
624 2637 731 2688 τὸν
755 2637 988 2704 κόσμον
1011 2633 1162 2689 εἶναι
1191 2633 1350 2703 παρά
1373 2637 1494 2689 σοι.
1517 2637 1746 2707 Φρικτὸν
1771 2637 1929 2706 ἀκοῇ,

343 2727 486 2779 ὃτιὸ
525 2727 683 2790 δόξαν
720 2727 858 2797 ἔχων
907 2728 1156 2799 ἀνάρχως
1206 2727 1355 2800 παρὰ
1393 2727 1470 2798 τῷ
1521 2728 1712 2782 ἑαυτοῦ
1759 2729 1933 2799 Harp).

344 2818 528 2888 (τοῦτο
550 2819 659 2890 γὰρ
687 2820 940 2891 σημαίνει
971 2821 1052 2880 τὸ,
1081 2816 1164 2892 ᾟ
1188 2817 1356 2889 εἶχον
1377 2820 1526 2888 δόξῃ
1557 2821 1669 2889 πρὸ
1698 2821 1804 2874 τοῦ
1829 2821 1933 2873 τὸν

339 2912 580 2979 κόσμον
594 2907 770 2981 εἶναι)
834 2913 938 2965 ὑπὸ
970 2913 1260 2984 αἱρετικῶν
1287 2915 1346 2968 οὐ
1375 2911 1674 2978 δοξάζεται.
1707 2914 1841 2966 Ποία
1875 2913 1931 2966 δὲ

339 2999 409 3075 ἦν
446 3005 625 3074 αῦτη;
681 3007 804 3065 Ἢν,
843 3005 919 3068 ὼς
956 3001 1128 3076 οἶμαι,
1182 3007 1273 3060 καὶ
1305 3007 1530 3076 Μάρκος
1577 3007 1710 3076 ἔφη’
1745 3007 1932 3059 ’Ὁταν

339 3098 494 3165 ἔλθῃ
530 3102 563 3151 ό
611 3097 739 3163 Υἱὸς
767 3098 837 3149 ἐν
870 3097 944 3166 τῇ
982 3098 1131 3166 δόξῃ
1164 3099 1268 3152 τοῦ
1309 3099 1537 3166 Πατρός
1570 3099 1778 3152 αὐτοῦ·
1808 3099 1928 3151 ἀντὶ

2039 1911 2142 1961 est,
2171 1899 2613 1968 sequitur,jnxta
2655 1903 2964 1957 luereticam
2998 1907 3214 1974 quidem
3245 1909 3618 1961 ratiocinatio-

2043 2009 2187 2053 tu-nt,
2223 2002 2278 2044 ut
2309 1995 2553 2060 quendam
2583 1995 2714 2060 sint,
2756 2011 2874 2063 qum.
2907 2011 3010 2050 non
3042 1997 3141 2051 sub
3172 1997 3368 2063 Patris,
3396 2001 3489 2054 sed
3520 2001 3621 2053 sub

2036 2081 2157 2135 Filii
2234 2093 2499 2152 potestate
2565 2098 2973 2141 enumerentur.
3069 2088 3136 2142 Et
3223 2106 3414 2144 rursus
3481 2103 3494 2142 :
3553 2091 3615 2144 Si

2035 2191 2126 2243 ego
2147 2175 2256 2246 (66)
2279 2177 2516 2246 gloriﬁco
2541 2195 2620 2231 me
2646 2180 2839 2245 ipsum,
2871 2181 3041 2250 gloria
3074 2198 3186 2235 mea
3219 2181 3347 2235 nihil
3382 2193 3456 2236 est
3494 2196 3512 2234 .'
3542 2192 3618 2234 est

2038 2266 2202 2320 Pater
2236 2285 2398 2332 meus,
2433 2271 2523 2338 qui
2551 2270 2811 2339 gloriﬁcul
2859 2289 2955 2324 me.
2987 2272 3141 2336 Mihi,
3170 2275 3364 2344 inquit,
3408 2277 3472 2328 de
3503 2293 3618 2330 mea

2037 2357 2216 2411 divina
2255 2359 2423 2429 gloria
2444 2359 2688 2415 dicenti:
2728 2360 2838 2430 Ego
2868 2361 2978 2432 (67)
3018 2376 3065 2417 et
3111 2364 3273 2418 Pater
3313 2383 3476 2420 unum
3527 2384 3622 2421 su-

2036 2467 2174 2511 mus,
2217 2467 2320 2503 non
2374 2453 2628 2514 creditis;
2661 2453 2754 2506 sed
2783 2465 2885 2517 est,
2915 2456 3004 2524 qui
3065 2455 3195 2509 mihi
3249 2459 3617 2515 testimonium

2037 2543 2306 2610 perhibet,
2348 2541 2531 2606 Pater,
2565 2547 2860 2599 secundum
2904 2558 3151 2600 naturam
3203 2549 3495 2617 glorificari
3532 2566 3620 2608 me

2039 2644 2264 2699 testans,
2297 2652 2417 2690 cum
2451 2637 2616 2705 ipsius
2657 2639 2916 2693 exsistant
2951 2640 3180 2695 dilectus
3209 2641 3398 2708 Filius,
3434 2655 3490 2698 et
3527 2661 3619 2699 ve-

2038 2742 2149 2790 rus,
2179 2739 2358 2782 vester
2381 2739 2559 2784 autem
2589 2731 2752 2795 Deus,
2779 2745 2833 2786 et
2867 2734 3144 2789 Dominus.
3174 2735 3375 2790 Deinde
3401 2737 3572 2806 inquit
3600 2756 3615 2792 :

2039 2814 2210 2870 Pater
2233 2817 2368 2888 (68),
2403 2818 2641 2888 glori/ica
2691 2830 2837 2872 tuum
2875 2819 3093 2881 Filium,
3141 2833 3194 2874 ιιι
3224 2835 3267 2874 et
3298 2820 3470 2875 Filius
3498 2833 3618 2876 tuus

2036 2910 2286 2979 glori/iret
2320 2922 2385 2966 te.
2416 2910 2664 2981 Equalis
2715 2911 2813 2966 hoc
2845 2913 3006 2966 etiam
3047 2915 3097 2966 in
3138 2913 3254 2967 loco
3281 2914 3478 2968 divinis
3507 2930 3620 2968 ser-

2038 3011 2195 3057 vatus
2235 3013 2315 3056 est
2355 3014 2409 3057 et
2441 3004 2634 3067 honor,
2663 3013 2717 3056 ct
2758 3003 2927 3074 gloria
2973 3008 3219 3074 personis
3251 3021 3264 3058 :
3297 3021 3618 3075 quocunque

2035 3097 2178 3149 enim
2216 3099 2426 3151 modoa
2469 3097 2629 3152 Patre
2673 3098 2964 3168 gloriﬁcari
3014 3099 3504 3154 existimaverimns
3530 3097 3618 3152 Fi-

339 3186 458 3251 τοῦ,
497 3188 613 3258 Τὴν
649 3187 923 3259 πατρικὴν
951 3188 1106 3252 δόξαν
1130 3188 1240 3258 ἔχει
1263 3229 1276 3251 ,
1317 3189 1406 3240 καὶ
1437 3190 1494 3240 ὲν
1538 3189 1670 3258 αὐτῇ
1714 3187 1833 3257 ἥξει
1867 3189 1928 3240 τὸ

2035 3189 2162 3242 lium
2205 3205 2386 3256 Stttltn,
2420 3192 2608 3244 codem
2653 3192 2767 3262 ipse
2831 3192 2992 3244 Pater
3021 3208 3047 3244 a
3088 3192 3222 3246 Filio
3261 3191 3610 3263 gloriﬁcatur.

339 3280 616 3351 δεύτερον.
649 3275 749 3332 Ἦν
780 3281 835 3333 δὲ
866 3282 898 3350 ἡ
931 3280 1055 3346 δόξα
1087 3281 1204 3350 μία,
1236 3281 1333 3332 οὐκ
1362 3279 1495 3350 ἄλλη
1532 3281 1624 3333 καὶ
1652 3279 1785 3349 ἄλλη
1810 3279 1927 3331 θεὸ-

341 3389 479 3441 της,
526 3372 620 3424 καὶ
678 3371 954 3441 βασιλεία,
1002 3374 1094 3425 καὶ
1143 3371 1512 3444 προσκύνητις
1565 3371 1926 3441 καθέστηκεν.

349 3466 512 3516 Ὅθεν
541 3464 1030 3537 προπαραγγὲλ).ει
1057 3479 1070 3492 °
1123 3467 1443 3518 Πιστεύετε
1491 3467 1578 3530 εἰς
1617 3464 1723 3517 τᾶν
1758 3463 1928 3530 Θεὸν,

351 3556 454 3606 καὶ
483 3555 566 3620 εἰς
609 3554 714 3623 ἐμὲ
763 3555 1076 3607 πιστεύετε
1103 3571 1115 3582 ·
1155 3556 1224 3608 ἐν
1253 3553 1328 3623 τῇ
1361 3555 1517 3620 οἰκίῃ
1559 3555 1663 3607 τοῦ
1703 3557 1930 3621 Πατρός

341 3663 469 3714 μου
491 3647 665 3714 μοναὶ
697 3648 924 3699 πολλαί
949 3649 1123 3701 εἰσιν.
1156 3648 1268 3718 Τῆς
1300 3647 1408 3718 γὰρ
1435 3647 1709 3718 θεότητος,
1738 3649 1924 3718 φησιν,

344 3737 605 3808 διαφορὰν
631 3739 732 3790 οῦκ
757 3739 1005 3808 ἐχούσης,
1035 3739 1162 3809 μίαν
1191 3740 1428 3803 πίστεως
1449 3739 1649 3808 γνῶσιν
1678 3741 1803 3811 περὶ
1829 3739 1929 3808 τῆς

343 3831 575 3900 Τριάδος
607 3833 752 3901 ἔχειν
794 3831 1066 3899 ὀφείλετε,
1104 3832 1168 3884 ἵν’
1203 3831 1344 3885 οῦτω
1383 3832 1842 3902 κατασκηνώσητε
1872 3836 1928 3886 ὲν

339 3921 584 3984 ἐκείναις
625 3926 745 3985 ταῖς
791 3923 1285 3995 τρισμακαρίσταις
1327 3925 1538 3987 αὐλαῖς,
1589 3929 1708 3988 ταῖς
1763 3927 1927 3977 πᾶσιν

337 4015 635 4086 ἁρμοδίαις
684 4033 745 4070 τε
785 4018 875 4070 καὶ
919 4017 1233 4089 ἀρχούσαις.
1263 4020 1337 4072 Οὐ
1371 4018 1528 4087 μόνον
1570 4017 1699 4086 γοῦν
1733 4017 1800 4070 τὰ
1836 4017 1928 4086 ὑφ’

339 4107 580 4178 ἡγητοῦ,
609 4109 745 4162 ἀλλὰ
771 4110 954 4163 καὶτὰ
980 4111 1112 4164 Θεοῦ
1152 4113 1426 4182 παρέχων,
1464 4111 1645 4180 λέγει’
1691 4112 1929 4181 ’Λεεέον-

338 4201 443 4253 ταί
475 4216 576 4253 σοι
608 4203 669 4253 αἱ
706 4203 1014 4270 ἁμαρτίαι*
1061 4203 1347 4274 προσέχεις
1383 4204 1659 4257 κάνταῦθα
1708 4205 1767 4257 τὸ
1794 4206 1925 4258 αῦτ-

339 4292 586 4357 εξούσιον
611 4295 798 4358 αὐτοῦ,
821 4295 902 4348 ὃτι
922 4295 1120 4347 ὡσανεὶ
1144 4296 1279 4367 πρὸς
1300 4296 1518 4365 μείζονα
1537 4299 1595 4350 οὐ
1617 4296 1925 4368 πρεσϐεύει,

337 4386 458 4440 ἀλλ’
484 4387 562 4449 ὼς
591 4388 948 4458 αὐτοκράτωρ
977 4391 1268 4457 συγχωρεῖ.
1297 4389 1575 4452 Ματθαῖος
1607 4389 1684 4452 δὲ,
1722 4407 1926 4443 συνεισ-

339 4477 531 4549 φὲρων
556 4479 650 4531 καὶ
683 4479 843 4542 αὐτὸς
874 4483 994 4542 ταῖς
1021 4481 1148 4551 περὶ
1171 4481 1265 4533 τοῦ
1297 4481 1616 4552 μονογενοῦς
1645 4481 1776 4534 Υὶοῦ
1805 4481 1926 4534 Θεο-

336 4569 571 4638 λογίαις,
603 4571 704 4641 ε’ρη
725 4587 738 4600 ο
776 4571 986 4637 Οὐδείς
1014 4571 1288 4640 γινώσκει
1327 4574 1434 4627 τὸν
1465 4573 1696 4643 Πατέρα
1717 4615 1730 4636 ,
1759 4575 1813 4627 ει
1833 4573 1919 4642 μὴ

334 4665 370 4714 o'
439 4663 592 4726 Υἱόςο
625 4661 767 4715 οὐδὲ
792 4662 899 4716 τὸν
942 4664 1074 4716 Υἱόν
1100 4681 1190 4730 τις
1223 4663 1635 4734 ἐπιγινώσκει,
1667 4668 1716 4718 εἱ
1748 4664 1833 4734 μὴ
1889 4669 1922 4718 ό

333 4753 563 4822 Πατήρ.
597 4754 718 4818 Πῶς
753 4757 932 4809 τοίνυν
954 4753 1100 4811 οὗτοι
1128 4756 1548 4826 φιλονεικοῦσιν,
1577 4759 1651 4820 ὡς
1679 4758 1878 4820 εἰδότες
1903 4798 1917 4820 ,

330 4844 430 4897 τὸν
483 4845 586 4914 μὲν
641 4847 860 4918 Πατέρα
912 4847 1275 4920 ἀσύγκριτον·
1331 4850 1421 4903 τον
1472 4849 1528 4902 δὲ
1575 4849 1699 4902 Υίὸν
1730 4849 1916 4913 αὑτοῦ,

329 4936 590 5006 ἀνόμοιον
618 4938 804 5009 αὐτῷ·
844 4939 942 5011 τὴν
983 4941 1041 4994 δὲ
1086 4941 1294 5006 οὐσίαν,
1348 4941 1674 5013 ἀγεννησίαν
1698 4959 1712 4974 ·
1765 4943 1917 4995 οὐδὲν

407 5137 521 5204 (63)
553 5139 701 5193 Oriri
734 5143 892 5209 facio.
923 5143 1059 5197 Vide
1095 5145 1277 5198 Matth.
1311 5161 1362 5204 ν,
1404 5144 1492 5197 45.

409 5211 526 5282 (ιλιι
557 5210 660 5263 Pro
685 5214 844 5265 malo.
874 5213 1004 5266 Vide
1039 5215 1194 5269 Rom.
1232 5232 1332 5279 xit,
1365 5217 1464 5280 ll;
1497 5225 1551 5268 et
1589 5214 1608 5268 l
1655 5215 1798 5271 Petr.
1830 5231 1913 5282 ιιι,

330 5279 393 5343 9;
423 5291 478 5332 et
502 5279 699 5334 Jerent.
737 5297 808 5344 tv,
842 5287 894 5347 li,
927 5297 1031 5339 etc.

429 5349 520 5412 65)
549 5350 761 5404 Omnia.
796 5352 950 5408 Joan.
988 5371 1117 5418 xvn,
1151 5355 1238 5412 10.

429 5420 521 5488 66)
558 5420 615 5474 Si
641 5439 752 5490 ego.
781 5422 936 5476 Joan.
973 5441 1089 5487 \‘ttt,
1122 5427 1210 5480 54.

402 5491 518 5559 (67)
545 5490 677 5559 Ego.
709 5491 866 5547 Joan.
895 5511 946 5558 χ,
981 5496 1072 5549 50.

397 5561 512 5628 (68)
545 5559 731 5621 Pater.
762 5561 917 5618 Jonn.
957 5581 1086 5626 ιιι-ιι,
1125 5567 1173 5620 1.

401 5630 513 5702 (b9)
542 5631 606 5683 Et
633 5650 793 5686 nunc.
824 5633 978 5688 Joau.
1016 5652 1149 5701 xt'tt,
1187 5637 1238 5701 5,
1269 5638 1354 5690 tthi
1380 5638 1566 5692 Graéca
1607 5637 1770 5694 editio
1816 5642 1910 5693 ad-

328 5699 405 5757 dit
432 5699 679 5754 Voculam
713 5704 800 5766 σύ,
839 5707 887 5759 id
918 5717 1020 5769 est,
1065 5716 1134 5762 tu.

400 5772 512 5841 (70)
539 5771 847 5842 Signiﬁcat.
902 5775 1028 5833 νεαρ
1083 5795 1201 5848 qua:
1243 5781 1563 5834 adnotamus
1621 5782 1684 5836 ad
1734 5801 1900 5855 st'gm.

2032 3279 2100 3333 Et
2146 3297 2335 3335 rursus
2375 3283 2519 3336 addit
2555 3299 2568 3334 :
2601 3281 2666 3335 El
2705 3301 2841 3337 nunc
2873 3283 2982 3355 (69)
3017 3284 3254 3351 gloriﬁca
3295 3301 3394 3348 me,
3431 3283 3612 3351 Pater,

2031 3375 2173 3441 apud
2223 3373 2552 3438 temetipsum
2614 3376 2784 3444 gloria
2856 3390 3012 3442 quam
3072 3373 3251 3440 habui,
3307 3377 3613 3444 priusquam

2032 3465 2261 3516 mundus
2303 3475 2457 3526 esset,
2501 3466 2640 3532 apud
2696 3477 2766 3520 ιε.
2819 3465 3150 3518 ΙΙοιίειιάιιιιι
3187 3467 3370 3520 auditu
3412 3475 3511 3528 est,
3545 3466 3614 3522 il-

2033 3553 2142 3606 lum
2174 3554 2279 3622 72
2306 3555 2395 3623 ιιιιί
2449 3555 2672 3622 glorianti
2707 3554 2774 3607 ab
2799 3567 3001 3608 σείει-ιιι)
3035 3557 3193 3609 habet
3225 3558 3364 3625 apud
3396 3555 3611 3612 Patrem

2033 3661 2188 3699 suum
2217 3649 2345 3717 (hoc
2375 3647 2520 3701 enim
2583 3647 2854 3715 signiﬁcat
2887 3647 2998 3717 (70)
3039 3648 3163 3700 illud
3191 3663 3204 3700 :
3233 3646 3415 3701 Gloria
3454 3666 3611 3718 quam

2038 3737 2196 3790 habui
2252 3737 2556 3806 priusquam
2604 3741 2831 3790 mundus
2869 3739 3048 3806 esset),
3090 3738 3156 3790 ab
3198 3737 3471 3791 hmreticis
3507 3755 3612 3792 non

2036 3829 2360 3898 giOrilicari.
2402 3829 2591 3894 Qualis
2611 3840 2793 3883 autem
2826 3840 2947 3882 erat
2979 3829 3122 3882 ista?
3153 3829 3246 3890 Ea,
3282 3839 3339 3883 ut
3372 3839 3520 3898 puto,
3549 3831 3614 3884 de

2032 3936 2136 3989 qua
2174 3919 2389 3974 Marcus
2435 3920 2599 3975 etiam
2647 3921 2717 3973 ait
2747 3935 2758 3971 :
2789 3919 2918 3973 Cum
2962 3921 3148 3974 venerit
3189 3919 3301 3990 (7i)
3334 3919 3509 3975 Filius
3559 3923 3615 3974 in

2031 4014 2202 4084 gloria
2237 4012 2416 4066 Patris
2443 4014 2524 4065 sui
2555 4028 2573 4066 :
2605 4013 2744 4080 quod
2777 4014 3001 4083 perinde
3052 4022 3135 4066 est
3178 4029 3241 4066 ac
3279 4016 3322 4068 si
3368 4014 3609 4070 diceret:

2033 4106 2212 4160 Patris
2248 4105 2474 4173 gloriam
2517 4106 2698 4170 habet,
2729 4115 2781 4158 et
2815 4107 2865 4158 in
2899 4105 2996 4158 hac
3022 4105 3216 4158 iterum
3247 4106 3447 4159 veniet.
3469 4105 3613 4170 Qno'

2031 4215 2151 4254 rum
2193 4207 2371 4252 autem
2411 4213 2513 4250 una
2551 4207 2636 4251 est
2669 4197 2862 4265 gloria,
2912 4199 3014 4252 alia
3048 4212 3209 4266 atque
3255 4198 3358 4252 alia
3396 4214 3498 4251 non
3530 4209 3614 4251 est

2031 4295 2228 4356 deitas,
2257 4300 2313 4346 et
2357 4307 2604 4361 regnum,
2642 4302 2695 4345 et
2725 4293 2995 4345 adoratio.
3027 4290 3141 4358 Qua
3176 4291 3241 4345 de
3268 4306 3425 4344 causa
3458 4292 3610 4358 prius

2031 4385 2275 4453 prtecipit
2307 4401 2320 4436 :
2351 4380 2572 4438 Creditis
2604 4381 2716 4452 (79.)
2758 4384 2812 4436 in
2862 4382 3052 4446 Deum,
3091 4391 3142 4435 et
3185 4383 3237 4434 in
3273 4397 3353 4434 me
3396 4382 3606 4435 credite.

2031 4475 2098 4529 In
2143 4479 2297 4528 domo
2334 4476 2512 4529 Patris
2548 4477 2645 4528 mei
2682 4477 2982 4528 mansiones
3033 4478 3215 4526 multa:
3263 4483 3405 4527 sunt.
3445 4474 3610 4540 Quasi

2031 4568 2370 4621 dicat:Com
2414 4569 2634 4622 deitatis
2697 4567 2899 4621 nullum
2951 4567 3022 4620 sit
3071 4567 3386 4628 discrimen,
3445 4583 3607 4620 unant

2029 4665 2095 4715 de
2131 4661 2396 4714 Trinitate
2443 4661 2642 4714 habere
2684 4660 2896 4714 debetis
2943 4660 3063 4712 ﬁdei
3115 4659 3480 4727 cognitionem
3513 4671 3610 4716 :ut

2019 4733 2101 4808 ita
2133 4755 2416 4809 credentes
2452 4754 2502 4806 in
2542 4755 2648 4808 illis
2686 4763 2768 4808 ter
2793 4753 3121 4806 beatissimis
3158 4752 3318 4814 aulis,
3350 4768 3469 4822 quae
3490 4769 3608 4807 0m-

2030 4847 2185 4900 nihus
2221 4855 2418 4916 aptata:
2447 4857 2595 4910 sunt,
2630 4861 2694 4900 ac
2728 4845 3085 4909 sollicitantes,
3126 4847 3443 4900 inhabitetis
3471 4845 3604 4916 (75).

2026 4941 2143 4994 Jattt
2190 4957 2319 4996 vero
2360 4958 2463 4996 non
2516 4943 2675 4998 modo
2729 4943 3004 4998 doctorem
3042 4942 3153 5014 (74)
3193 4958 3252 4997 se
3293 4945 3606 5010 ostendens,

2028 5146 2130 5200 203
2180 5166 2234 5204 a.
2290 5146 2499 5200 Excidit
2557 5144 2779 5200 librario
2825 5162 2928 5202 vox
2992 5144 3152 5216 εἶναι,
3187 5151 3430 5206 addenda
3480 5161 3606 5210 ante

2025 5218 2151 5270 ὑπό.

2095 5289 2206 5359 (71)
2245 5285 2374 5359 Cum
2416 5291 2628 5359 venerit.
2663 5289 2827 5343 Marc.
2867 5304 2984 5347 tht.
3010 5291 3099 5346 58.

2095 5357 2206 5425 (72)
2233 5357 2481 5411 Creditis.
2521 5358 2676 5414 Joan.
2706 5377 2812 5421 ittt',
2849 5360 2868 5411 1
2899 5375 2952 5414 et
2977 5362 3026 5414 Ξ.

2096 5429 2206 5499 (75)
2269 5429 2435 5482 Aulis.
2470 5468 2484 5482 .
2525 5469 2538 5482 .
2574 5470 2589 5484 .
2629 5469 2644 5483 .
2673 5431 2992 5484 inhabitetis.
3024 5431 3246 5485 Locutio
3304 5431 3502 5486 Biblica
3532 5448 3602 5489 ex

2017 5497 2216 5573 Ρεςιιιιιἶ
2255 5515 2400 5558 LXIV,
2429 5515 2570 5573 vers.
2612 5502 2651 5573 47
2684 5501 2797 5570 (Seu
2841 5500 2895 5568 5)
2931 5503 3256 5573 desumpta,
3327 5507 3414 5558 ubi
3467 5505 3601 5573 legi-

2014 5578 2098 5620 tur
2130 5587 2142 5620 :
2177 5569 2607 5640 Κατασκηνώσει
2639 5569 2698 5624 ὲν
2730 5574 2849 5634 ταῖς
2884 5571 3072 5635 αὐλαῖς
3101 5569 3214 5639 σου,
3246 5574 3379 5639 sive,
3433 5585 3490 5629 ut
3520 5569 3606 5633 ésl

2010 5641 2062 5692 in
2104 5641 2258 5707 Vulg.
2292 5643 2413 5704 int.,,
2451 5642 2763 5695 inltabitabil
2791 5643 2843 5694 in
2871 5645 3024 5695 ulriis
3049 5644 3172 5698 tuis.

2083 5710 2193 5774 (74)
2232 5711 2528 5765 Doclorem.
2568 5710 2730 5796 Lego,
2769 5711 3078 5792 ὑφηγητοῦ.
