4104 6408
297 319 300 322 ’
316 309 424 366 ’589

1415 306 1504 361 DE
1542 305 1914 362 TRINITATE
1947 303 2149 360 LIBER
2189 301 2462 359 PRIMUS.

3451 303 3556 362 590

313 437 422 490 της
450 417 617 472 αὐτοῦ
641 417 704 472 οὗ
734 419 1077 491 γνωρίζεται,
1102 417 1245 474 τοῦτ’
1279 419 1426 475 ἐστιν
1451 423 1484 491 ή
1510 421 1597 474 ἀεὶ
1626 423 1718 474 καὶ
1753 420 1886 474 κατά

1996 419 2108 487 ipso
2130 433 2149 482 ;
2188 424 2284 472 et;
2325 415 2428 470 Hic
2461 423 2537 468 est
2575 411 2691 484 (87)
2727 410 2774 465 F
2777 411 2897 466 ilius
2942 427 3085 465 meus
3127 411 3366 469 dilectas.
3421 413 3562 481 Quin
3600 447 3610 470 ι

314 512 492 566 ταυτά
517 511 714 581 ἔχουσα
739 511 950 581 θεότης·
973 512 1347 582 Φιλιππησίοις
1373 512 1450 565 δέ’
1480 516 1583 579 Ὃς
1605 514 1674 566 ἐν
1699 513 1895 582 μορφῇ

317 603 472 656 Θεοῦ
501 602 784 669 ὑπάρχων
839 607 954 672 οὐχ
980 604 1295 672 ἁρπαγμὸν
1313 604 1582 674 ἡγήσατο
1614 602 1766 660 εἶναι
1790 607 1897 659 ἶσα

315 693 463 758 Θεῷ,
497 694 637 746 ἀλλ’
670 693 887 746 ἑαυτὸν
912 694 1231 757 ἐκένωσεν,
1260 696 1502 764 μορφὴν
1532 695 1756 750 δούλου
1789 700 1895 750 λα-

315 784 454 837 ϐὼν.
511 784 578 836 Τί
623 781 722 852 τῆς
769 786 1012 855 ἰσότητος
1055 785 1258 856 ταύτης
1307 787 1618 856 εὑρίσκεται
1673 787 1891 852 ἄνισονς

315 875 430 942 Οὐχ
457 874 675 944 ἥρπασε
720 873 863 944 γὰρ,
898 877 1083 944 φησιν,
1135 877 1234 929 οὐκ
1279 875 1436 929 ἔλαϐε
1480 877 1540 929 τὸ
1600 877 1711 930 ῐσον
1755 874 1895 932 εἶναι

315 967 386 1034 τῇ
416 965 571 1032 φύσει
602 964 681 1034 τῷ
711 965 828 1034 Θεῷ
860 966 953 1017 καὶ
987 965 1176 1038 Πατρί.
1211 967 1320 1020 Καὶ
1345 966 1407 1037 δὴ
1441 967 1468 1018 ὁ
1510 967 1584 1038 μὴ
1614 969 1704 1020 ὑπ’
1731 969 1892 1021 ἄλλου

321 1053 597 1116 κενωθεὶς,
641 1054 833 1106 ἑαυτὸν
884 1055 940 1106 δὲ
989 1054 1253 1117 κενώσας.
1310 1056 1575 1127 αὐθέντην
1627 1057 1894 1128 δεσπότην

323 1143 463 1211 ὁμοῦ
505 1146 594 1195 καὶ
631 1143 802 1194 ἀΐδιον
834 1143 1022 1196 ἑαυτὸν
1050 1143 1342 1210 ἐπέδειξεν.
1371 1145 1433 1196 Εἰ
1467 1143 1575 1216 γὰρ
1601 1146 1813 1214 ἐγένετο
1837 1150 1893 1200 ὲν

324 1233 509 1285 δούλου
557 1235 758 1302 μορφῇ.
806 1233 1192 1302 ἀναμφίλογον,
1243 1234 1316 1296 ὼς
1363 1235 1425 1287 οὐ
1469 1234 1690 1287 διετέλει
1726 1236 1892 1306 πρινὴ

322 1323 481 1375 τοῦτο
510 1324 733 1393 γένηται
774 1325 832 1375 ἐν
882 1324 1204 1394 ποιήμασιν,
1253 1323 1366 1376 ἀλλ’
1421 1326 1479 1377 ἐν
1521 1324 1782 1395 ἐλευθέρᾳ
1824 1328 1888 1395 τῇ

319 1419 560 1484 πατρικῇ
597 1415 756 1483 φύσει
793 1410 880 1485 ἦν.
925 1415 1141 1486 Ἐπειδὴ
1175 1415 1249 1486 μὴ
1288 1415 1511 1468 δυνατὸν
1540 1412 1607 1486 ἦν
1641 1418 1887 1487 ὀφθῆναι,

318 1507 632 1576 συγκατέϐη
680 1506 989 1577 ἀτρέπτως,
1027 1506 1494 1573 ἀφαντασιάστως,
1527 1508 1632 1570 ἓως
1680 1509 1888 1560 οἰκέτου

313 1599 566 1669 μορφῆς⁸
602 1599 694 1650 καὶ
738 1599 804 1651 τὰ
851 1599 948 1650 τοῦ
1002 1599 1212 1650 οἰκέτου
1267 1597 1529 1651 ἀπώσατο
1585 1599 1748 1670 ἄχθη,
1799 1602 1890 1654 καὶ

311 1691 463 1761 ζωῆς
490 1690 842 1761 φαιδροτέρας
866 1691 1092 1744 δέδωκεν
1124 1692 1298 1762 ἀρχήν
1316 1708 1328 1721 ·
1359 1691 1481 1744 ὅθεν
1507 1694 1597 1744 κα).
1625 1694 1773 1756 ὅστις
1798 1694 1890 1746 ἁν-

2002 510 2166 563 etiam
2220 508 2288 561 ad
2336 505 2531 560 Filium
2576 504 2746 573 magis
2777 511 3022 572 spectant
3051 516 3169 570 qua:
3199 503 3361 556 allata
3393 515 3560 558 sunt:

1999 601 2079 653 sic
2107 600 2248 654 enim
2300 599 2545 652 habent:
2584 594 2651 649 Ut
2709 611 2876 648 serves
2923 595 3228 646 mandatum
3271 610 3430 659 usque
3495 597 3564 649 ad
3656 631 3662 646 ς

1997 693 2273 744 adventum
2299 688 2510 742 Domini
2549 686 2680 741 Iesu
2712 685 2930 749 Christi,
2964 703 3115 754 quem
3151 687 3427 740 adventum
3453 689 3564 743 suis

1999 783 2313 850 temporibus
2359 780 2586 834 catendet
2640 780 2842 842 beatus,
2881 788 2929 830 et
2962 778 3105 830 solus
3148 788 3346 844 potens.
3389 778 3566 833 Mani-

1998 873 2192 927 festum
2243 883 2327 926 est
2372 879 2575 936 autem,
2611 871 2676 922 de
2717 869 2852 922 Filio
2904 869 3080 936 potius
3113 869 3227 923 lucc
3260 869 3394 933 dici;
3450 872 3566 937 ipse

1997 965 2143 1018 enim
2175 973 2255 1018 est
2293 965 2380 1028 qui
2410 978 2564 1016 suum
2608 963 2775 1028 ipsius
2803 962 3094 1013 adventum
3127 962 3399 1024 ostendet,
3441 977 3565 1016 cum

1997 1056 2193 1109 iterum
2252 1054 2448 1109 veniet.
2501 1052 2737 1107 Observa
2787 1051 2969 1120 igitur,
3025 1047 3272 1114 Paulum,
3333 1051 3402 1104 oh
3448 1051 3563 1118 ejus

1996 1163 2116 1198 cum
2148 1144 2307 1198 Patre
2331 1144 2717 1211 aetpialitatem,
2748 1145 2911 1197 etiam
2943 1142 3170 1210 primam
3201 1140 3427 1210 gloriam
3460 1142 3562 1209 ipsi

1996 1237 2309 1289 altribttere.
2363 1236 2440 1289 Ad
2489 1234 2768 1288 Romanos
2805 1245 2982 1286 autem
3011 1231 3200 1286 scribit
3227 1249 3241 1285 :
3270 1231 3564 1286 Iuvisibilia

1995 1327 2108 1397 (88)
2151 1327 2287 1379 enim
2323 1327 2484 1393 ipsius
2508 1342 2538 1378 α
2563 1335 2805 1377 creatura
2863 1324 3044 1376 mundi
3078 1340 3168 1390 per
3190 1339 3250 1376 ea
3279 1339 3396 1392 qua:
3417 1324 3565 1391 facta

1992 1429 2112 1472 sunt
2181 1417 2443 1471 intellecta
2499 1417 2889 1484 conspiciuntur
2933 1432 2950 1469 :
3005 1426 3050 1468 et
3097 1415 3408 1483 sempiterna
3449 1417 3566 1484 ejus

1993 1510 2174 1571 virtus,
2202 1525 2261 1560 ac
2285 1510 2474 1562 deitas.
2502 1506 2576 1561 Ne
2611 1509 2724 1561 hinc
2759 1508 2974 1574 quidem
3008 1508 3072 1558 ad
3136 1521 3256 1560 eum
3295 1506 3566 1574 pertinent

1993 1602 2082 1668 qui
2118 1600 2291 1654 factus
2325 1601 2396 1654 sit
2451 1617 2463 1652 :
2511 1601 2636 1652 dum
2682 1599 2823 1652 enim
2873 1596 3132 1651 Conditor
3176 1597 3422 1651 conditus
3468 1613 3562 1651 seu

1996 1693 2166 1748 factus
2193 1692 2302 1762 (89)
2348 1692 2651 1760 concipitur
2676 1731 2690 1754 ,
2739 1690 2904 1759 ipsius
2942 1689 3217 1743 wternitas
3269 1705 3331 1742 ac
3362 1690 3558 1754 deitas,

310 1757 512 1855 ἀρχωςή
535 1757 630 1853 ἦν(
667 1757 1003 1854 ἐπεγνώσθη.
1048 1757 1265 1837 Καὶ,τά
1301 1783 1435 1838 ἄλλα
1468 1786 1524 1838 δὲ
1569 1784 1637 1838 τὰ
1668 1789 1886 1840 ἐπιστα-

1997 1785 2049 1838 id
2078 1794 2158 1838 est
2191 1800 2250 1836 ea
2300 1784 2470 1837 deitas
2517 1798 2634 1850 qua:
2664 1797 2770 1835 uno
2803 1781 3098 1848 eodemque
3141 1793 3355 1846 semper
3404 1779 3562 1831 modo

313 1878 479 1930 λέντα
523 1879 633 1938 τοῖς
687 1876 868 1938 αὐτοῖς
924 1875 1322 1945 Φιλιππησίοις,
1360 1877 1442 1928 ὅτι
1486 1875 1586 1948 ἤδη
1636 1894 1752 1939 πως
1801 1878 1891 1930 τὸν

316 1969 468 2027 Υἰδν,
496 1966 801 2038 προῦχοντά
823 1985 881 2019 τε
905 1969 998 2020 καὶ
1029 1967 1430 2037 ὑπερϐάλλοντα
1459 1969 1557 2020 σὺν
1585 1969 1662 2038 τῴ
1695 1966 1888 2021 ἑαυτοῦ

311 2062 516 2130 Πατρὶ,
547 2063 671 2112 ὅσον
718 2059 851 2129 πρὸς
891 2059 1184 2120 ἀσυνέτους
1210 2057 1524 2125 ἀποφαίνει,
1556 2057 1652 2128 ἤδη
1689 2075 1776 2126 μοι
1805 2057 1891 2109 λέ-

312 2153 506 2205 λεκται
538 2151 769 2222 πρόσθεν
801 2153 856 2203 ὲν
889 2149 1164 2218 κεφαλαίῳ
1193 2148 1257 2213 ζ’·
1295 2148 1493 2202 κωλύει
1521 2151 1577 2202 δὲ
1599 2149 1772 2210 οὐδὲν,
1799 2147 1893 2200 καὶ

307 2243 423 2295 ἀπὸ
469 2243 565 2311 τῆς
595 2241 823 2312 ἀρχαίας
867 2239 1058 2292 τοῦτο·
1081 2239 1338 2309 συστῆσαι
1382 2238 1633 2308 Γραφῆςο
1668 2237 1750 2289 δεῖ
1784 2236 1892 2308 γὰρ

314 2332 396 2402 μὴ
419 2333 708 2402 παρέργως
729 2331 1030 2401 κεχρῆσθαι
1058 2334 1122 2400 τῇ
1148 2329 1415 2400 θεολογίια.
1441 2331 1600 2398 Λέγει
1625 2325 1716 2382 οὖν
1741 2330 1891 2397 παρά

308 2423 392 2492 τῷ
437 2422 631 2494 Ἠσαῖα
671 2425 699 2474 ὁ
731 2422 888 2484 Θεός’
935 2422 1041 2487 Τὰς
1088 2429 1420 2491 νουμηνίας
1458 2421 1645 2490 ὑμῶν,
1694 2421 1893 2474 καὶτὰ

309 2516 609 2574 Σάϐϐατα,
663 2515 761 2566 καὶ
819 2513 926 2578 τὰς
960 2513 1165 2582 ἑορτὰς
1218 2513 1384 2578 ὑμῶν
1416 2513 1586 2582 μισεῖ
1630 2515 1668 2579 ὴ
1719 2513 1888 2582 ψυχή

302 2623 450 2673 μου.
528 2603 870 2671 Ἐγενήοητέ
924 2621 1025 2670 μοι
1077 2605 1164 2668 εἰς
1224 2603 1624 2672 πλησμονήν
1683 2605 1887 2656 οὐκέτι

309 2695 526 2760 ἀνήσω
550 2696 656 2760 τὰς
691 2695 978 2763 ἁμαρτίας
1008 2693 1198 2763 ὑμῶν·
1234 2695 1349 2748 κᾶν
1393 2695 1752 2764 πληρώσητε
1777 2695 1892 2763 τὴν

309 2787 547 2852 δέησιν,
599 2789 711 2840 οὐκ
757 2787 1185 2855 εἰσακούσομαι
1221 2787 1416 2854 ὑμῶν·
1463 2791 1521 2840 αἱ
1557 2788 1667 2856 γὰρ
1699 2786 1891 2854 χεῖρες

309 2877 482 2947 ὑμῶν
522 2880 768 2945 αἵματος
814 2879 1084 2946 πλήρεις.
1143 2881 1474 2941 Λούσασθε,
1527 2877 1770 2946 καθαροὶ
1798 2877 1890 2945 γέο

308 2974 492 3022 γεσιίὶε
518 2987 529 2998 ·
568 2968 817 3037 ἀφέλετε
852 2969 953 3035 τὰς
985 2970 1270 3038 ἁμαρτίας
1298 2970 1458 3037 ὑμῶν
1481 2970 1598 3022 ἀπὸ
1629 2968 1746 3022 τῶν
1773 2973 1890 3037 ψυ-

1997 1892 2055 1929 se
2087 1876 2248 1929 habet
2276 1875 2410 1944 (90),
2439 1889 2544 1927 non
2581 1872 3024 1941 deprehenditur.
3073 1870 3151 1922 Ad
3189 1869 3563 1937 Philippenses

1995 1967 2104 2038 74
2149 1978 2367 2019 autem:
2411 1965 2511 2030 Qui
2546 1981 2662 2016 cum
2691 1963 2802 2034 (91)
2843 1964 2898 2015 in
2939 1962 3106 2031 forma
3141 1961 3235 2014 Dei
3261 1971 3413 2023 esset,
3457 1976 3562 2013 non

1994 2060 2235 2123 rapinam
2289 2055 2576 2107 arbitratus
2629 2063 2701 2106 est
2747 2067 2855 2105 esse
2899 2068 2950 2104 se
2999 2050 3248 2114 wqualem
3284 2049 3427 2112 Deo;
3471 2048 3560 2101 sed

1993 2149 2322 2214 semetipsum
2348 2145 2658 2208 exinanivit,
2684 2145 2907 2209 formam
2946 2142 3081 2196 servi
3111 2141 3387 2208 accipiens.
3421 2139 3560 2204 Quid

1993 2239 2046 2294 in
2083 2239 2182 2291 hac
2229 2238 2533 2305 mqualitate
2591 2236 2860 2289 invenitur
2908 2231 3202 2300 inmquale?
3251 2230 3361 2284 Nec
3414 2231 3562 2284 enim

1996 2330 2196 2398 rapuit,
2229 2329 2424 2396 inquit,
2457 2343 2561 2380 non
2595 2325 2812 2379 aliunde
2849 2325 3059 2391 accepit
3089 2331 3146 2374 ut
3201 2331 3344 2374 esset
3373 2329 3562 2374 natura

1995 2422 2104 2476 Deo
2151 2431 2207 2475 et
2265 2421 2413 2474 Patri
2473 2420 2720 2488 mqnalis.
2775 2417 2841 2471 Et
2891 2433 3022 2470 sane
3053 2417 3142 2484 qui
3189 2432 3292 2469 non
3348 2415 3416 2469 ab
3457 2415 3563 2468 alio

1991 2514 2300 2570 exinanitus
2345 2523 2447 2576 est,
2499 2513 2590 2564 sed
2640 2510 2994 2578 semetipsum
3030 2507 3350 2572 exinauivit,
3392 2507 3435 2561 is
3470 2521 3560 2560 se-

1996 2609 2170 2674 ipsom
2221 2605 2456 2658 ostendit
2504 2603 2786 2656 Dominum
2825 2616 2944 2656 esse
2986 2599 3200 2668 propria
3237 2597 3562 2652 auctoritate

1995 2707 2247 2766 agentem
2278 2695 2391 2763 (99.)
2437 2694 2595 2747 simul
2639 2706 2692 2747 et
2738 2704 3021 2747 aeternum.
3053 2691 3110 2744 Si
3136 2692 3280 2744 enim
3309 2692 3361 2745 in
3391 2690 3561 2744 forma

1991 2789 2132 2843 servi
2167 2788 2341 2841 factus
2371 2797 2473 2851 est,
2535 2787 2852 2848 indubitate,
2897 2796 3186 2853 antequam
3227 2790 3331 2838 hoc
3381 2782 3556 2849 ﬁeret,

1993 2881 2133 2934 inter
2175 2890 2456 2934 creaturas
2503 2895 2607 2933 non
2660 2877 3078 2940 numerabatur;
3139 2876 3233 2929 sed
3284 2874 3338 2929 in
3390 2874 3561 2928 libera

1990 2980 2108 3024 erat
2157 2979 2348 3023 natura
2398 2969 2619 3023 Patris:
2651 2969 2986 3036 etquoniam
3053 2967 3165 3020 fieri
3207 2981 3310 3020 non
3353 2974 3561 3035 poterat

308 3064 438 3131 χῶν
481 3061 662 3130 ὑμῶν.
711 3064 868 3132 ὐρᾲς
902 3061 1096 3126 τοίνυν,
1127 3063 1205 3112 ὅτι
1235 3063 1327 3112 καὶ
1358 3059 1546 3128 φθάνει
1586 3060 1884 3131 φιλανθρω-

1994 3075 2052 3118 ιιι
2082 3065 2441 3131 aspiceretur,
2475 3061 2859 3115 condescendit
2893 3058 3303 3112 itnmutabiliter
3355 3071 3419 3112 ac
3447 3072 3562 3110 rea-

307 3155 411 3208 πία
443 3154 542 3223 τὴν
595 3152 842 3222 ἀπειλὴν.
887 3154 1007 3204 ὅσον
1054 3153 1261 3205 οὐδέπω
1294 3151 1759 3219 διαλλαττόμενος,
1792 3152 1886 3204 καὶ

315 3249 528 3315 μηνιείν
549 3245 756 3314 μακρὰ,
783 3244 980 3314 μᾶλλον
1002 3244 1056 3296 δὲ
1079 3247 1287 3313 μηνιεῐν
1314 3243 1448 3306 ὅλως
1469 3246 1568 3296 οὐκ
1591 3243 1744 3306 εἰδώς
1761 3260 1773 3272 ⁸
1796 3243 1888 3294 καὶ

317 3342 465 3406 μισεί
491 3338 589 3398 τας
615 3337 806 3406 ἑορτὰς
839 3336 1038 3400 αὐτῶν,
1064 3336 1091 3388 ὃ
1112 3337 1225 3387 ἐστι
1254 3335 1350 3406 τὴν
1378 3335 1535 3406 (521)]
1573 3335 1883 3405 θρησκείαν,

315 3429 391 3491 ὡς
422 3429 517 3497 τῆς
551 3428 884 3498 τελεωτάτης
916 3427 1237 3496 θεογνωσίας
1279 3427 1744 3498 ἀπολειπομένην·
1780 3444 1886 3478 πα-

321 3521 664 3591 ρακελεύεται
683 3521 738 3573 δὲ
757 3522 1133 3590 βαπτισθῆναι,
1152 3521 1289 3572 ὥστε
1311 3520 1561 3584 δέξασθαι
1582 3521 1678 3588 τὴν
1710 3520 1886 3572 πίστιν

321 3611 464 3680 πῷς
513 3612 596 3663 τὸν
631 3613 759 3681 περὶ
812 3612 904 3664 τοῦ
954 3612 1320 3682 βαπτίσματος
1368 3613 1682 3664 δεσποτικὸν
1740 3613 1885 3681 ὅρον.

334 3701 696 3754 Ἐπιστὼσατο
721 3701 779 3754 δὲ
807 3704 951 3772 ἡμᾶς
977 3703 1068 3754 καὶ
1091 3702 1323 3772 ἀλλαχοῦ
1352 3703 1380 3754 ὁ
1410 3702 1641 3766 Παῦλος,
1677 3703 1770 3754 ἐπὶ
1797 3701 1888 3753 λέ-

315 3793 453 3858 ξεως
495 3794 916 3863 ἁνακεκραγὼς,
969 3794 1044 3864 μὴ
1096 3793 1238 3862 ἔχειν
1282 3794 1475 3847 ἑαυτοῦ
1520 3795 1743 3864 μείζονα
1796 3795 1886 3847 τὸν

313 3884 464 3936 Υῐόν.
497 3885 751 3940 Εἰπόντος
780 3885 886 3954 γὰρ
911 3885 1000 3936 τοῦ
1029 3885 1162 3938 Θεοῦ
1188 3889 1244 3938 ἐν
1289 3888 1352 3956 τῇ
1379 3885 1590 3937 Γενέσει
1625 3886 1759 3955 πρὸς
1796 3886 1886 3938 τὸν

321 3975 606 4045 Ἀεὶραάμο
650 3976 762 4028 Τί-ιν
786 3977 915 4028 υἱόν
947 3991 1061 4029 σου
1101 3975 1467 4046 προσένεγκέ
1495 3995 1596 4045 μοι
1625 3977 1844 4030 θυσίαν
1864 3993 1877 4006 ·

306 4065 405 4117 καὶ
460 4064 617 4117 τοῦτο
669 4064 960 4135 προθύμως
1011 4069 1352 4138 ποιήσαντος,
1397 4069 1488 4120 καὶ
1528 4069 1754 4136 ἐπάγειν
1794 4069 1879 4121 ἐπ’

385 4265 498 4332 (87)
538 4263 635 4316 Hic
672 4274 766 4316 est.
793 4263 977 4318 Matth.
1001 4280 1080 4328 ιιι,
1120 4263 1208 4323 17,
1243 4275 1444 4330 etxvu,
1475 4265 1527 4319 5.

384 4335 498 4404 (88)
541 4333 851 4404 Inrisibilia.
888 4335 1038 4404 Boni.
1085 4351 1120 4399 ι,
1168 4333 1257 4388 20.
1297 4334 1482 4389 Gra‘ca
1521 4334 1607 4390 ed.
1642 4350 1737 4402 pro
1764 4334 1882 4389 θεό-

307 4423 411 4474 της
449 4403 608 4457 habet
641 4403 868 4472 θειότης.
910 4403 1038 4458 Vide
1085 4421 1254 4468 segni.
1297 4405 1355 4458 ill
1399 4424 1430 4458 a
1482 4416 1536 4460 et.
1570 4405 1671 4459 1M
1697 4424 1750 4470 a,
1793 4406 1879 4460 ubi

311 4477 601 4545 legendum
627 4476 844 4545 outnino
874 4489 990 4527 esse
1030 4475 1139 4545 vult
1161 4474 1391 4545 θειότης.

384 4544 500 4612 (89)
534 4541 748 4596 Factus.
786 4543 926 4610 Lego
948 4544 1172 4613 γενητόν
1189 4561 1284 4612 pro
1304 4541 1579 4613 γεννητόν.

384 4615 499 4679 (90)
549 4613 703 4665 Μοάο
754 4629 808 4667 se
852 4615 1021 4667 habet.
1059 4613 1196 4682 Lego
1255 4617 1393 4668 κατά
1420 4614 1589 4668 ταυτά
1616 4629 1711 4683 pro
1743 4613 1882 4667 κατὰ

309 4685 507 4744 ταῦτα,
568 4683 707 4749 quod
738 4686 1049 4736 tuendosum
1085 4694 1184 4738 est.
1228 4683 1347 4738 Ilaec
1375 4701 1536 4753 porro
1577 4687 1796 4747 locutio,
1844 4687 1883 4806 η

311 4757 401 4806 ἀεὶ
430 4755 523 4806 καὶ
556 4753 695 4805 κατά
719 4753 888 4806 ταυτά
921 4754 1135 4806 ἕγουσα.
1181 4767 1269 4806 aut
1320 4754 1379 4806 τὸ
1409 4754 1548 4806 κατά
1583 4754 1753 4806 ταυτά
1789 4771 1857 4806 κα

311 4757 401 4808 ἀεὶ
430 4755 523 4806 καὶ
556 4753 695 4805 κατά
719 4753 888 4806 ταυτά
921 4754 1135 4823 ἔχουσα,
1181 4767 1269 4806 aut
1320 4754 1379 4806 τὸ
1409 4754 1548 4807 κατά
1583 4754 1753 4807 ταυτά
1789 4771 1857 4806 κα

309 4823 576 4885 ὡσαύτως
605 4823 744 4892 ἔχον,
778 4825 1050 4877 Platonica
1092 4832 1173 4877 est
1207 4842 1219 4877 :
1257 4837 1320 4876 ac
1358 4826 1549 4893 Stepius
1587 4841 1614 4876 ιι
1664 4824 1882 4877 Platone

313 4907 441 4947 tunc
477 4895 809 4960 potissimum
843 4895 1144 4954 adhibetur,
1178 4909 1298 4946 cum
1335 4896 1399 4946 de
1449 4895 1726 4947 divinitate
1766 4908 1882 4946 ser-

312 4979 528 5018 nznnem
596 4963 778 5025 habet,
821 4973 876 5015 ut
929 4963 1107 5016 videre
1141 4965 1261 5016 licet
1291 4964 1342 5016 in
1375 4962 1565 5015 Tima’o
1592 5005 1606 5028 ,
1653 4973 1706 5016 et
1731 4962 1878 5016 alibi.

313 5035 446 5087 Duo
476 5048 603 5104 vero
651 5034 894 5086 deitatem
951 5034 1028 5086 sic
1056 5031 1282 5104 loquens
1319 5033 1553 5087 excludit
1592 5033 1876 5104 Didymus,

313 5120 474 5170 quam
515 5102 649 5156 Filio
683 5103 1210 5156 tribuebantAriani.

385 5171 499 5242 (9i)
539 5171 805 5236 Quicum.
855 5171 1081 5239 Philipp.
1113 5187 1177 5242 ιι,
1215 5171 1248 5225 6
1299 5179 1353 5225 el.
1389 5169 1442 5226 7.
1478 5173 1659 5229 Codex
1689 5171 1878 5225 Φιλιπ-

312 5237 533 5306 πισὶοις.
557 5242 741 5297 Cra-ca
771 5243 956 5305 editio,
993 5237 1053 5295 τὸ
1087 5237 1247 5297 εἶναι.

383 5313 491 5376 (92)
526 5313 790 5380 Agentem.
841 5311 913 5364 De
963 5326 1091 5365 voce
1121 5310 1400 5379 αὐθέντης,
1446 5312 1568 5367 vide
1613 5310 1874 5365 Thomam

310 5382 622 5450 Magistrum
655 5396 775 5451 pag.
804 5380 929 5444 9.05,
967 5385 1018 5436 ιιι
1075 5397 1204 5436 voce
1232 5381 1538 5448 δεσποτεία,
1567 5392 1624 5436 et
1650 5397 1769 5451 qua:
1803 5383 1876 5436 ibi

308 5455 562 5508 .‘duolata
595 5461 744 5506 sunt.

305 5590 323 5604 _
381 5519 970 5643 (95iil’hilippemibus.
1017 5522 1158 5592 Lego
1197 5519 1594 5591 Φιλιππησίοις,
1651 5535 1749 5592 pro
1779 5523 1873 5574 Φι-

305 5607 501 5643 λιππεσ
523 5609 624 5643 εις.

305 5607 624 5656 λιππεσιεις.

380 5663 489 5731 (in)
536 5663 599 5716 1η
653 5661 765 5717 γη
814 5662 1059 5728 capitulo.
1118 5660 1377 5727 Quidnam
1436 5661 1643 5730 septimi
1693 5678 1865 5730 κεφα-

308 5729 477 5785 λαίοὼ
507 5735 727 5789 nomine
782 5733 1060 5802 intelligat,
1116 5747 1218 5785 non
1261 5732 1480 5786 omnino
1528 5729 1862 5800 exploratum

1988 3157 2111 3211 liter
2150 3172 2322 3226 usque
2355 3156 2417 3209 ad
2452 3157 2678 3208 formam
2734 3151 2898 3215 servi,
2943 3160 2999 3204 et
3042 3149 3224 3204 famuli
3273 3150 3548 3203 molestias

1987 3248 2205 3316 repulit,
2237 3258 2289 3300 et
2315 3247 2535 3300 laetioris
2568 3246 2691 3298 vita:
2728 3243 2942 3295 initium
2974 3240 3115 3294 dedit
3143 3257 3157 3293 :
3187 3240 3326 3293 unde
3361 3249 3415 3291 et
3463 3239 3554 3305 qui

1986 3342 2052 3390 ab
2080 3349 2282 3392 a-terno
2305 3348 2442 3397 erat,
2469 3337 2684 3403 agnitus
2712 3341 2814 3388 est.
2862 3334 2980 3386 Alia
3029 3347 3160 3384 vero
3211 3347 3329 3399 qua}
3365 3331 3553 3383 iisdem

1983 3429 2410 3497 Philippensibus
2451 3428 2559 3497 (95)
2593 3427 2792 3491 scripta
2845 3433 2988 3486 sunt,
3041 3423 3233 3478 Filium
3279 3438 3382 3476 una
3429 3438 3553 3477 cum

1985 3524 2202 3592 pmprio
2250 3522 2408 3576 Patre
2456 3520 2717 3590 dignitate
2765 3517 3162 3588 prmcellentem
3214 3526 3268 3569 et
3298 3517 3548 3583 superio-

1989 3628 2100 3665 rem
2157 3611 2452 3673 declarare,
2499 3619 2756 3678 quantmn
2811 3616 2992 3658 nostra
3024 3603 3126 3657 fert
3165 3603 3398 3663 inscitia,
3441 3603 3557 3669 jam

1956 3715 2139 3757 antea
2189 3704 2239 3756 in
2291 3701 2519 3770 septimo
2584 3697 2820 3767 capitulo
2873 3696 2984 3764 (94)
3016 3712 3042 3747 a
3077 3710 3161 3748 tne
3190 3695 3389 3748 dictum
3435 3693 3553 3750 fuit.

1984 3795 2125 3849 Nihil
2175 3804 2354 3846 autem
2411 3791 2662 3861 prohibet
2721 3788 3010 3856 quominus
3067 3785 3170 3838 hoc
3245 3801 3309 3838 ex
3372 3782 3554 3839 Veteri

1991 3886 2152 3939 etiam
2197 3885 2474 3952 Scriptura
2517 3883 2805 3951 probemus
2836 3899 2849 3933 ;
2882 3877 3120 3931 divinum
3154 3877 3297 3930 enim
3346 3891 3557 3932 sermo-

1989 3991 2113 4029 nem
2152 3975 2323 4028 obiter
2351 3989 2413 4028 ac
2477 3972 2806 4042 negligenter
2848 3979 3080 4022 tractare
3129 3967 3280 4021 nefas
3323 3978 3423 4023 est.
3468 3970 3558 4024 Ait

1988 4081 2114 4136 ergo
2143 4065 2285 4135 apud
2334 4064 2524 4120 Isaiam
2567 4065 2708 4121 Deus
2738 4061 3090 4132 :_Neomeuias
3119 4061 3230 4130 (95)
3272 4069 3465 4114 vestras
3510 4071 3558 4114 et

1991 4266 2119 4319 mihi
2167 4275 2268 4320 est.
2297 4264 2518 4335 Quater
2573 4265 2834 4318 duntaxat
2886 4266 2937 4320 in
2986 4265 3050 4320 iis
3087 4281 3207 4335 quas
3268 4274 3558 4333 supersunt

1989 4336 2249 4404 capitibus
2291 4334 2580 4401 Epistulam
2625 4335 2690 4388 ad
2729 4334 3380 4404 Philippenses’scriptam
3422 4335 3552 4388 alle-

1985 4409 2123 4472 gavit
2183 4406 2440 4458 hactenus
2473 4405 2725 4474 Didymus
2756 4423 2769 4458 :
2817 4407 3066 4460 nimirum
3101 4422 3219 4473 cap.
3264 4405 3352 4470 25,
3383 4421 3550 4474 segni.

1983 4477 2071 4535 29,
2105 4490 2222 4543 cap.
2254 4475 2339 4538 16,
2364 4491 2534 4542 segni.
2569 4475 2653 4537 17,
2679 4491 2798 4541 cap.
2835 4476 2922 4539 15,
2947 4490 3114 4542 segm.
3141 4476 3228 4539 il,
3257 4488 3312 4528 et
3341 4489 3457 4543 cap.
3495 4476 3547 4538 7,

1984 4561 2152 4613 segni.
2193 4547 2242 4599 ι.
2276 4545 2442 4599 Porro
2481 4544 2579 4596 tria
2620 4545 2799 4612 priora
2836 4561 2900 4598 ex
2958 4546 3104 4598 hisce
3131 4546 3396 4613 capitibus
3419 4560 3551 4599 sane

1985 4631 2087 4668 non
2124 4616 2388 4681 respicit:
2431 4623 2487 4666 ιιι
2518 4615 2659 4666 enim
2712 4615 2845 4668 alias
2893 4615 3136 4668 omittam
3182 4613 3543 4679 conjecturas,

1983 4685 2234 4738 credibile
2259 4700 2363 4737 non
2397 4693 2502 4746 est,
2547 4693 2744 4737 tantam
2773 4685 2822 4737 in
2853 4699 3074 4739 numero
3123 4684 3473 4738 mutationem
3514 4701 3545 4738 a

1985 4754 2202 4823 librario
2243 4754 2436 4808 iactant
2468 4768 2606 4807 esse.
2660 4753 2937 4822 l’teliquunt
2981 4769 3112 4823 ergo
3138 4764 3282 4808 esset
3336 4764 3392 4806 ut
3425 4753 3550 4808 illud

1986 4822 2267 4886 indicaret,
2321 4826 2462 4892 quod
2496 4833 2654 4890 caput
2717 4823 2760 4875 7-
2789 4822 3201 4890 inscripsimus:
3251 4826 3548 4892 praesertim

1984 4909 2103 4946 cum
2137 4894 2206 4946 ibi
2235 4894 2381 4948 locus
2406 4909 2469 4947 ex
2517 4908 2579 4947 ea
2621 4892 2842 4961 epistola
2883 4893 3156 4958 atieratur,
3202 4893 3300 4948 etsi
3348 4893 3548 4946 nullum

1983 4965 2250 5029 peculiare
2300 4980 2364 5016 ex
2420 4964 2509 5016 illo
2568 4973 2939 5032 argumentum
2983 4965 3212 5018 deducat
3273 4964 3547 5033 Didymus.

1984 5033 2090 5086 Sed
2152 5044 2328 5086 utrum
2395 5033 2523 5086 illud
2573 5041 2732 5101 caput
2788 5049 2970 5087 revera
3037 5048 3146 5101 pra:
3210 5035 3381 5088 oculis
3435 5034 3550 5101 ipse

1982 5103 2249 5167 habuerit,
2283 5103 2449 5156 lector
2488 5102 2712 5169 judicel.
2777 5101 2900 5172 Mihi
2933 5104 3147 5172 quidem
3214 5104 3339 5156 illud
3385 5105 3547 5155 etiam

1981 5173 2270 5226 verisimile
2301 5174 2534 5234 videtur,
2575 5171 3024 5238 quemadmodum
3066 5173 3194 5228 libri
3213 5172 3354 5227 tertii
3387 5187 3549 5236 caput

1982 5243 2210 5312 alterum
2281 5243 2518 5311 quinque
2577 5251 2630 5296 et
2693 5242 3076 5312 quinquaginta
3151 5244 3312 5298 habet
3381 5241 3549 5311 κεφά-

1977 5310 2125 5374 λαια,
2165 5312 2264 5367 hoc
2289 5310 2372 5366 est
2394 5313 2588 5379 capita,
2625 5310 2982 5382 sencapitul’a
3005 5313 3202 5382 potius,
3246 5326 3434 5381 nempe
3455 5310 3548 5363 ar-

1977 5391 2252 5450 gumenta;
2297 5383 2366 5434 ita
2418 5383 2469 5434 in
2502 5383 2640 5434 libro
2666 5381 2835 5451 primo
2876 5381 3016 5450 post
3041 5383 3356 5451 prommium
3386 5389 3548 5450 caput

1977 5449 2270 5514 exstitisse,
2313 5467 2417 5518 quo
2466 5451 2631 5504 multa
2662 5449 2961 5518 hujusmotli
2999 5449 3292 5519 κεφάλαια.
3330 5465 3422 5504 seu
3456 5449 3544 5503 με·

1977 5523 2142 5587 pitula
2167 5522 2608 5575 continerentur:
2641 5537 2703 5575 ac
2737 5523 3020 5588 septimum
3050 5537 3116 5574 ex
3141 5522 3206 5576 iis
3234 5519 3324 5576 uie
3345 5520 3548 5590 allega-

1979 5593 2042 5643 ri.
2071 5589 2373 5659 Videnotas
2401 5607 2521 5659 pag.
2559 5590 2646 5642 82.

2051 5660 2158 5729 (95)
2191 5658 2526 5714 Neomeuias.
2557 5659 2654 5714 Isa.
2680 5676 2718 5721 ι.
2745 5661 2905 5714 1446
2974 5660 3130 5729 Plura
3152 5658 3349 5729 omittit
3371 5658 3544 5729 inter-

1972 5725 2162 5785 tncdia.
2195 5729 2380 5784 Graeca
2427 5730 2628 5786 editio:
2671 5731 2762 5786 καὶ
2796 5731 2890 5784 ἐὰν
2940 5725 3242 5803 πληθύνητε
3279 5727 3375 5801 τὴν
3420 5725 3545 5795 δεη-
