4104 6408
291 279 382 335 3θῖ
1386 275 1472 328 DE
1512 272 1891 330 TRINITATE
1928 271 2134 326 LlBER
2173 271 2455 330 PRIMUS.
3439 266 3541 321 398

292 392 376 446 τοῦ
402 388 566 444 αὑτοῦ
601 387 920 459 ψαλμῳδοῦ,
946 386 1319 459 μαθησόμεθα,
1347 387 1427 440 ὅτι
1457 387 1762 449 ἐπίσταται,
1791 387 1863 450 ὡς

1970 387 2167 451 minus,
2201 387 2292 456 qui
2325 385 2478 441 nobis
2503 385 2772 456 apparuit,
2811 383 2925 438 sive
2950 383 3125 438 illuxit
3150 382 3220 453 (is
3250 393 3426 438 autem
3461 381 3546 436 Fi-

291 485 372 537 τὸν
422 481 665 552 Πατέρα,
705 479 850 533 οὕτω
905 480 997 532 καὶ
1041 479 1131 532 τὸν
1180 479 1327 542 Υίὸν,
1376 478 1693 551 ὑπάρχοντα
1728 476 1858 528 θεὸν

1967 477 2071 533 lius
2095 477 2223 548 est),
2243 487 2387 533 recte
2406 478 2605 533 dicitur
2623 476 2761 546 apud
2795 475 3118 546 Prophetam
3137 474 3278 530 Deus
3298 490 3546 545 magnus,

293 577 389 629 τῶν
436 571 816 644 προπατόρων.
866 571 954 623 Ἐν
999 569 1108 641 γὰρ
1156 577 1250 640 μς¹
1307 569 1506 640 ψαλμῷ
1566 569 1857 641 κέκραγεν·

291 667 716 721 Ἐϐασίλευσεν
746 665 778 716 ό
806 661 948 728 Θεὸς
974 661 1072 714 ἐπὶ
1091 662 1162 715 τὰ
1187 661 1354 731 ἔθνηο
1387 665 1419 716 ὁ
1444 661 1587 728 Θεὸς
1615 661 1864 724 κάθηται

290 757 380 810 ἐπὶ
419 756 635 824 θρόνου
686 752 860 822 ἁγίου
911 752 1119 806 αὐτοῦ·
1170 752 1461 821 ἄρχοντες
1505 750 1670 806 λαῶν
1709 768 1860 804 συν-

289 836 560 916 ήχθησαν
580 845 672 918 [δι
693 845 749 913 bl
781 843 931 914 μετὰ
957 845 1060 897 τοῦ
1098 844 1245 897 Θεοῦ
1262 842 1537 913 Ἀϐραάμ.
1556 844 1860 914 Συνεκκλη-

295 937 579 1008 σιάσθησαν
609 937 667 990 δὲ
723 937 861 1008 μετὰ
892 936 988 989 τοῦ
1022 935 1157 988 Θεοῦ
1196 935 1290 988 τοῦ
1322 936 1858 1008 ὲνανθρωπήσαντος,

296 1032 419 1101 περὶ
475 1022 533 1081 οὖ
577 1029 759 1100 ᾅδεται
810 1030 868 1082 ἐν
921 1027 963 1097 β’
1001 1027 1218 1098 ψαλμῷο
1276 1029 1411 1082 Ἵνα
1457 1030 1514 1081 τί
1555 1027 1862 1098 ἐφρύαξαν

299 1123 453 1187 ἔθνη,
487 1121 576 1173 καί
601 1121 737 1174 λαοί
767 1121 1141 1190 ἐμελέτησαν
1169 1121 1347 1186 uerri;
1378 1121 1778 1189 Παρέστησιιν
1807 1123 1862 1174 οί

291 1212 560 1279 βασιλεῖς
608 1211 720 1280 τῆς
771 1211 904 1282 τῆς,
938 1214 1034 1265 καί
1067 1215 1120 1267 οἱ
1143 1213 1431 1282 ἄρχοντες
1458 1211 1862 1280 συνήχθησαν

295 1307 386 1359 ἐπὶ
414 1307 477 1359 τὸ
499 1304 668 1369 αὐτὸ,
702 1307 852 1358 κατὰ
881 1306 986 1359 τοῦ
1027 1306 1270 1373 Κυρίου,
1305 1304 1405 1357 καί
1431 1303 1578 1358 κατὰ
1603 1303 1708 1357 τοῦ
1729 1305 1860 1372 Χρι-

291 1398 435 1451 στοῦ
463 1397 690 1459 αὐτοῦ;
734 1395 962 1459 Ἡσαΐας
992 1395 1049 1448 δὲ
1099 1394 1430 1465 ἀσύγκριτον
1463 1395 1646 1458 αὐτὸν,
1673 1392 1748 1456 ὡς
1771 1393 1861 1445 τὸν

287 1488 414 1541 Θεὸν
459 1487 699 1557 Πατέρα,
759 1485 1090 1557 ἀνευφημῶν
1126 1485 1259 1557 βοᾷ*
1291 1485 1436 1541 Ἀπὸ
1494 1485 1600 1540 τοῦ
1648 1483 1862 1550 αἰῶνος

284 1579 392 1631 οὐκ
411 1577 783 1643 ἠκούσαμεν,
805 1574 946 1630 οὐδὲ
966 1578 1019 1628 οἱ
1035 1573 1327 1644 ὀφθαλμοὶ
1354 1571 1524 1643 ἡμῶν
1539 1573 1670 1627 ἴδον
1692 1573 1858 1636 Θεὸν,

283 1668 448 1736 πλὴν
486 1668 622 1722 σοῦ.
665 1667 858 1720 Ἀλλον
891 1667 999 1739 γὰρ
1032 1667 1132 1719 οὐκ
1175 1665 1354 1736 ἴδομεν
1396 1666 1548 1725 Θεὸν.
1590 1666 1742 1737 ἦτον
1795 1668 1860 1719 ἐκ

1965 567 2012 622 si
2045 577 2130 622 est
2152 569 2492 632 benedictus,
2522 570 2573 622 id
2596 579 2681 623 est
2701 567 3056 638 gloriﬁcatus,
3085 568 3128 623 si
3159 582 3252 622 rex
3294 583 3546 638 magnus,

1965 661 2010 714 si
2051 660 2198 715 solus
2241 660 2625 714 miraculorum
2682 660 2924 726 eﬂ‘ector,
2965 673 3244 729 perperam
3302 657 3548 713 haeretici

1963 752 2230 807 minorem
2259 753 2475 821 proprio
2502 753 2660 807 Patre
2700 766 2822 807 eum
2855 765 2975 806 esse
3005 751 3350 820 suspicantur
3382 765 3398 804 :
3441 763 3540 803 nec

1961 845 2106 899 enim
2163 844 2279 898 ﬁeri
2341 853 2539 914 potest,
2585 854 2644 898 ut
2700 859 2840 900 unus
2873 853 3036 912 atque
3086 843 3225 897 idem
3273 842 3450 911 reipsa
3491 849 3546 895 et

1962 937 2163 1006 primas
2199 945 2399 998 teneat,
2441 947 2500 991 ut
2537 937 2646 990 vult
2707 936 3013 1006 prophetia,
3067 945 3123 989 et
3162 935 3447 1001 secundas,
3489 945 3545 988 ut

1963 1030 2065 1099 ipsi
2104 1029 2309 1084 volunt.
2366 1028 2510 1084 Sane
2560 1028 2671 1100 79
2720 1029 2763 1084 si
2812 1027 3042 1083 Psaltem
3099 1028 3272 1094 ipsum
3323 1041 3548 1096 percon-

1966 1132 2165 1187 temur,
2206 1123 2346 1176 sicut
2385 1120 2622 1187 Patrem,
2671 1121 2752 1175 sic
2791 1119 2953 1174 etiam
2987 1118 3180 1173 Filium
3218 1119 3286 1173 ab
3327 1119 3443 1188 ipso
3487 1125 3546 1171 ut

1965 1213 2136 1267 Deum
2189 1227 2512 1282 proavorum
2570 1210 2789 1281 agnosci
2839 1209 3254 1278 comperiemus.
3303 1207 3436 1261 Nam
3491 1209 3544 1261 in

1961 1303 2173 1372 psalmo
2199 1318 2323 1357 XLVI
2349 1301 2671 1356 exclamavit
2705 1319 2720 1356 :
2760 1300 3013 1370 Regnavit
3047 1299 3158 1372 (2'7)
3211 1298 3350 1352 Deus
3391 1313 3548 1365 super

1964 1405 2161 1464 gentes,
2193 1394 2336 1448 Deus
2364 1395 2501 1449 sedet
2527 1411 2681 1464 super
2706 1397 2880 1450 sedem
2914 1403 3152 1448 sanctam
3173 1409 3361 1458 suam;
3395 1393 3546 1459 princ

1962 1488 2096 1554 cipes
2134 1487 2442 1555 populorum
2474 1487 2771 1556 congregati
2806 1494 2926 1540 sunt
2963 1502 3079 1539 cum
3118 1483 3228 1538 Deo
3253 1485 3542 1538 Abraham.

1964 1576 2136 1632 Simul
2163 1588 2343 1633 autem
2373 1581 2757 1635 convenientes
2786 1580 3085 1648 congregati
3125 1588 3246 1632 sunt
3289 1592 3407 1630 cum
3437 1575 3545 1628 Deo

1965 1671 2264 1736 incarnato,
2285 1672 2349 1726 de
2372 1685 2477 1740 quo
2504 1671 2712 1726 canitur
2736 1673 2787 1724 in
2813 1672 3049 1725 secundo
3099 1668 3336 1739 psalmo:
3369 1665 3546 1731 Quare

285 1759 565 1831 Παρθένου
617 1759 856 1830 Μαρίας,
901 1758 1045 1811 κατὰ
1070 1759 1169 1829 τὴν
1205 1758 1472 1828 σωτήριον
1504 1757 1859 1830 ἐνανθρώπη-

1966 1762 2281 1832 fremuerunt
2299 1776 2490 1835 gentes,
2518 1773 2564 1818 et
2586 1763 2762 1832 populi
2779 1763 3018 1816 meditati
3037 1771 3160 1816 sunt
3178 1761 3398 1816 inania?
3421 1761 3546 1814 asti-

289 1872 368 1908 σιν
404 1851 685 1924 τεχθέντα⁶
722 1851 842 1904 οὐδὲ
873 1851 1208 1921 ἠκούσαμεν,
1269 1852 1318 1903 εί
1352 1849 1426 1923 μὴ
1457 1849 1547 1902 τὸν
1585 1866 1864 1922 μαρτυρη-

286 1946 446 1999 θέντα
491 1943 598 1996 ὑπὸ
649 1941 744 1996 τοῦ
778 1941 914 1994 Θεοῦ
947 1941 1176 2010 Πατρός·
1235 1937 1425 2006 Οὗτός
1460 1941 1632 1994 ἐστιν
1667 1943 1700 1994 o'
1733 1941 1864 2006 Υἱός

282 2057 398 2109 μου
424 2041 459 2091 ὀ
485 2037 812 2106 ἀγαπητός
832 2036 926 2088 καὶ
950 2035 1132 2096 πάλιν,
1165 2034 1240 2096 ὡς
1266 2032 1588 2106 προελέχθη·
1620 2032 1866 2086 Παιδίον

287 2131 578 2202 ἐγεννήθη
600 2128 767 2198 ἡμῖν,
810 2130 942 2193 υίὸς
976 2127 1072 2180 καὶ
1129 2127 1324 2193 ἐδόθη,
1370 2123 1442 2183 οὗ
1483 2114 1520 2196 ἦ
1568 2124 1724 2195 ἀρχὴ
1765 2125 1862 2180 est

287 2223 392 2278 τοῦ
413 2223 576 2292 ὤμου
625 2219 834 2274 αὐτοῦ’
888 2219 986 2272 καὶ
1025 2219 1292 2273 καλεῖται
1331 2218 1398 2272 τὸ
1441 2219 1626 2287 ὄνομα
1655 2216 1861 2275 αὑτοῦ.

289 2316 434 2382 Θεὸς
481 2315 727 2385 ίσχυρὸς
753 2353 769 2378 ,
799 2311 1261 2379 Ἐξουσιαστὴς,
1327 2312 1559 2380 ’Ἄρχων
1601 2310 1861 2379 εἰρήνης,

287 2408 490 2477 Πατὴρ
520 2407 628 2461 τοῦ
653 2405 991 2475 μέλλοντος
1018 2403 1251 2470 αἰῶνος.
1293 2403 1427 2458 Μεθ’
1456 2403 1618 2476 ἕτερά
1664 2422 1720 2457 τε
1767 2406 1865 2456 ἐπ-

289 2501 430 2568 άγει·
464 2497 573 2551 Καὶ
604 2496 712 2563 τῆς
738 2495 981 2564 είρήνης
1023 2494 1211 2549 αὑτοῦ
1239 2497 1348 2548 οὐκ
1390 2493 1562 2548 ἐστιν
1584 2495 1766 2563 ὅριον.
1809 2493 1864 2547 Ὀ

289 2593 437 2656 Υἱὸς,
459 2591 643 2660 φησὶν,
691 2587 784 2641 τοῦ
823 2587 956 2640 Θεοῦ
980 2586 1423 2658 ἐνανθρωπήσας,
1449 2587 1708 2658 ἐγεννήθη
1740 2604 1865 2639 παι-

287 2685 396 2736 δίον
457 2682 552 2735 καὶ
602 2679 756 2750 ἐδόθη
801 2681 954 2749 ἡμῖν,
1005 2678 1188 2750 φέρων
1237 2679 1398 2742 αὐτὸς
1448 2681 1540 2732 ἐπὶ
1565 2671 1662 2732 ’τοῦ
1713 2678 1863 2750 ὤμου

288 2772 454 2828 αὑτοῦ
494 2771 698 2842 ταύτης
717 2770 1011 2842 αὐτοῦ’τῆς
1036 2771 1186 2823 κάτω
1212 2772 1517 2841 γεννήσεως
1537 2772 1634 2842 τὴν
1668 2772 1861 2842 ἀρχὴν·

286 2865 432 2919 τοῦτ’
487 2864 656 2927 ἔστιν,
713 2862 876 2924 αὐτὸς
932 2861 1125 2915 ἑαυτοῦ
1176 2862 1317 2932 ἀρχὴ
1342 2863 1642 2932 τυγχάνων,
1696 2865 1754 2915 ὲν
1789 2862 1866 2932 τῷ

287 2957 608 3030 ἁρρεὑστως
638 2955 741 3008 ὑπὸ
795 2953 1096 3025 Παρθένου,
1158 2955 1251 3007 καὶ
1299 2953 1358 3018 ἐξ
1417 2954 1582 3024 αὐτῆς
1613 2955 1867 3025 ἀρρήτως

291 3049 646 3124 σαρωθέντα
689 3048 965 3118 τεχθῆναι,
1015 3046 1295 3110 συνουσίας
1333 3046 1524 3116 ἀνδρὸς
1582 3045 1750 3117 ἀρχὴν
1804 3046 1863 3097 οὐ

1966 1865 2136 1910 terunt
2173 1872 2316 1925 reges
2351 1866 2525 1921 terrae,
2547 1865 2594 1910 et
2630 1855 2888 1924 principes
2919 1865 3262 1907 convenerunt
3295 1855 3353 1908 in
3385 1867 3546 1906 unum

1965 1949 2211 2002 adversus
2233 1947 2536 2012 Dominum,
2557 1956 2604 2001 et
2629 1947 2879 2000 adversus
2901 1943 3169 2000 Christum
3192 1946 3302 2012 ejus
3325 1945 3350 1998 .’
3378 1944 3544 2000 Isaias

1965 2051 2143 2093 autem
2171 2039 2346 2110 ipsum
2391 2039 2675 2095 celebrans
2720 2046 2778 2091 ut
2804 2052 2952 2102 eum,
2984 2037 3074 2104 qui
3106 2037 3412 2108 asyucritus
3455 2037 3545 2101 sit,

1965 2133 2019 2187 id
2070 2141 2174 2196 est,
2229 2131 2690 2202 incomparabilis,
2742 2145 2894 2199 aeque
2948 2144 3012 2184 ac
3057 2129 3200 2183 Deus
3233 2129 3416 2191 Pater,
3472 2128 3547 2180 ita

1965 2227 2163 2282 clamat
2191 2225 2301 2298 (28)
2337 2245 2352 2283 :
2390 2226 2433 2280 A
2463 2226 2656 2280 saeculo
2686 2242 2789 2281 non
2828 2224 3149 2288 audivimus,
3190 2239 3352 2292 neque
3403 2221 3544 2276 oculi

1967 2321 2133 2375 nostri
2182 2321 2420 2374 uiderunt
2482 2319 2649 2373 Deum
2701 2329 2890 2387 praeter
2940 2329 3006 2372 te.
3045 2315 3154 2372 Nec
3194 2317 3338 2372 enim
3387 2315 3549 2369 alium

1967 2413 2134 2468 Deum
2165 2413 2416 2475 vidimus,
2454 2412 2558 2466 nisi
2588 2427 2736 2471 eum.
2775 2412 2868 2480 qui
2906 2424 2984 2485 ex
3005 2407 3228 2479 Virgine
3270 2407 3443 2462 Maria
3495 2406 3547 2458 in

1966 2505 2187 2561 salutari
2220 2503 2595 2559 Incarnatione
2620 2511 2780 2557 natus
2809 2509 2912 2565 est,
2957 2512 3132 2569 neque
3181 2497 3345 2552 alium
3390 2495 3548 2550 audi-

1967 2599 2176 2661 vimus,
2219 2597 2317 2651 nisi
2375 2611 2531 2660 eum,
2587 2595 2673 2650 cui
2743 2591 3104 2648 testimonium
3159 2590 3262 2644 hoc
3315 2587 3553 2642 reddidit

1970 2687 2114 2742 Deus
2141 2687 2302 2740 Pater
2337 2705 2351 2741 :
2389 2685 2492 2740 llic
2517 2696 2590 2740 est
2614 2683 2785 2738 Filius
2808 2699 2949 2736 meus
2973 2681 3232 2745 dilectus;
3260 2689 3315 2734 et
3341 2693 3552 2746 rursus,

1969 2789 2030 2834 ut
2090 2789 2247 2832 antea
2303 2778 2505 2832 dictum
2554 2787 2637 2831 est
2657 2775 2794 2847 (29),
2829 2773 3154 2829 exclamavit
3202 2790 3215 2825 :
3267 2767 3404 2823 Puer
3435 2755 3550 2837 (50)

1970 2884 2123 2926 natus
2157 2883 2230 2926 est
2256 2872 2424 2938 nobis,
2453 2871 2595 2939 ﬁlius
2632 2879 2681 2923 et
2721 2871 2876 2921 datus
2913 2875 3012 2930 est,
3045 2866 3198 2935 cujus
3231 2863 3396 2934 ἀρχή,
3453 2861 3555 2915 hoc

1968 2977 2072 3030 est,
2100 2965 2444 3035 principatus,
2480 2978 2572 3018 seu
2599 2963 2914 3030 principium
2937 2975 3093 3029 super
3117 2960 3388 3010 humerum
3404 2955 3553 3026 eius:

1977 3070 2022 3114 et
2051 3069 2263 3112 vocatur
2295 3073 2479 3110 nomen
2511 3056 2622 3124 ejus
2649 3055 2785 3108 Deus
2817 3054 2993 3122 fortis,
3025 3051 3360 3113 Dominator,
3396 3045 3558 3099 Prin-

289 3109 981 3210 :1.pzcx0p£vq;..;0uopa
1028 3136 1084 3189 δὲ
1121 3135 1290 3206 αὐτῷ,
1327 3109 1458 3199 Θεὸξ
1490 3109 1727 3207 ἰσχυρίίς,
1763 3135 1863 3200 Ἐξ.

1983 3164 2099 3217 ceps
2155 3149 2322 3216 pacis,
2388 3109 2552 3199 Pure;
2607 3144 2772 3214 futuri
2834 3144 3034 3198 saeculi.
3092 3141 3219 3196 Post
3275 3141 3380 3194 alia
3428 3153 3556 3192 vero

285 3234 601 3302 ουσιαστής.
622 3231 737 3284 Οὐκ
761 3226 934 3293 εἶπεν,
978 3228 1352 3292 ’Υπεξούσιος-
1385 3230 1500 3281 ἀλλ’
1531 3230 1863 3300 ὲφανέρωσεκ

1982 3239 2211 3293 subdit:
2243 3235 2309 3289 Et
2356 3238 2498 3305 pacis
2530 3234 2639 3306 (51)
2690 3234 2802 3304 ejus
2856 3250 2959 3288 non
3013 3242 3086 3286 est
3130 3231 3402 3286 terminus.
3462 3229 3556 3284 Dei

291 3324 459 3378 αὗτοῦ
482 3323 580 3394 τὴν
612 3323 794 3393 φύσιν,
821 3322 920 3393 τὴν
945 3321 1191 3392 δύναμιν,
1223 3320 1321 3392 τὴν
1348 3321 1680 3376 αὐθεντείαν.
1701 3323 1863 3392 Ὅπεε

1984 3329 2153 3385 Filius
2182 3327 2407 3402 [inquit]
2439 3329 2774 3391 incarnatus,
2806 3336 2964 3380 natus
2996 3333 3083 3380 est
3115 3339 3268 3392 puer,
3300 3332 3356 3378 et
3401 3322 3559 3376 datus

293 3419 470 3486 ονομα
487 3415 768 3484 γινώσκων
800 3414 982 3475 Δαυῖδ,
1011 3414 1219 3484 ψάλλει·
1258 3413 1616 3479 Γνώτωσαν,
1649 3413 1863 3467 ὅτιόνοι

1984 3430 2068 3476 est
2117 3421 2291 3484 nobis,
2323 3430 2548 3490 portans
2588 3418 2705 3488 ipse
2752 3433 2913 3487 super
2948 3417 3233 3472 humerum
3265 3430 3420 3471 suum
3454 3415 3558 3467 liu-

289 3507 381 3578 μά
421 3523 538 3565 σοι,
570 3509 803 3576 Κύριος·
837 3507 919 3581 σὺ
936 3503 991 3560 εἴ
1005 3507 1192 3576 μόνος
1217 3506 1514 3574 ’Υψιστος
1554 3505 1651 3559 ἐπί
1674 3504 1863 3559 πᾶσαν

1982 3511 2071 3581 jus
2110 3525 2221 3564 sua:
2253 3519 2478 3565 terrenae
2511 3508 2875 3580 generationis
2901 3508 3100 3578 ἀρχὴν,
3136 3507 3239 3562 hoc
3281 3515 3384 3569 est,
3413 3506 3558 3574 prin-

296 3599 422 3667 τὴν
453 3599 582 3668 γῆν·
613 3600 674 3652 τὸ
713 3601 926 3668 μόνος,
979 3598 1068 3651 διὰ
1116 3597 1214 3668 τὴν
1256 3598 1382 3668 μίαν
1433 3597 1666 3668 θεότητα
1712 3596 1863 3650 simi»

1987 3606 2214 3674 cipium,
2250 3619 2441 3672 nempe
2478 3603 2590 3672 ipse
2620 3600 2702 3656 sui
2732 3602 2901 3669 ipsius
2927 3601 3092 3671 ἀρχή,
3123 3614 3219 3653 seu
3242 3597 3556 3667 principium

291 3692 396 3766 [55
432 3689 509 3764 α].
545 3693 761 3761 Πατέρα
788 3691 846 3742 δὲ
885 3690 1046 3742 αὐτὸν
1082 3689 1364 3759 μέλλοντος
1395 3691 1650 3745 ἐκάλεσεν
1688 3689 1863 3752 αἰῶνος

1988 3698 2274 3760 exsistens,
2321 3697 2444 3750 dum
2487 3695 2695 3749 scclnso
2739 3694 2928 3764 quovis
2957 3692 3100 3745 ﬂuxu
3120 3688 3238 3760 (⁸52)
3274 3705 3304 3744 a
3342 3689 3560 3760 Virgine

285 3787 447 3849 ὅντα,
506 3786 600 3838 καὶ
645 3783 753 3836 τῶν
776 3782 1154 3854 παρελθόντων
1178 3781 1388 3835 αἰώνων
1418 3781 1766 3853 δημιουργὸν,
1796 3781 1863 3834 διέ

1990 3789 2199 3860 genitus
2253 3788 2374 3854 fuit,
2413 3803 2477 3844 ex
2531 3802 2635 3856 qua
2689 3785 3031 3841 inell‘abiliter
3087 3786 3399 3840 incarnatus
3455 3791 3558 3846 est,

284 3879 350 3932 τὸ
405 3877 519 3930 ἀπὸ
559 3877 748 3948 χρόνου
793 3875 887 3928 τοῦ
934 3876 1033 3945 τῆς
1079 3874 1389 3944 οἰκονομίας
1422 3874 1688 3943 ἐγνῶσθαι
1723 3874 1863 3927 αὑτὸε

1989 3882 2117 3952 quin
2147 3882 2246 3937 viri
2284 3882 2459 3936 coitus
2495 3881 2689 3952 ἀρχήν,
2723 3879 2776 3933 id
2813 3887 2896 3933 est
2931 3878 3163 3941 initium,
3196 3877 3247 3930 ei
3274 3874 3558 3946 praaberet.

287 3971 433 4025 πολὺ
462 3974 577 4032 τοῖς
603 3968 931 4041 ἀνθρώποις.
963 3968 1201 4038 Κτίστης
1228 3969 1428 4034 τοίνυν,
1464 3967 1558 4022 καὶ
1605 3969 1704 4020 οὐκ
1731 3967 1856 4020 ἀκτί

1993 3974 2194 4029 Nomen
2245 3984 2425 4028 autem
2473 3974 2573 4041 ipsi
2635 3982 2738 4037 est,
2788 3972 2928 4026 Deus
2977 3969 3154 4036 fortis,
3203 3969 3556 4024 Dominator:

291 4081 426 4118 στου
483 4061 722 4130 φύσεως,
761 4057 913 4114 εἶπεν
954 4060 1116 4113 αὑτὸν
1146 4060 1385 4132 Πατέρα·
1415 4055 1496 4124 εἷς
1528 4060 1636 4131 γὰρ
1672 4063 1699 4114 ὁ
1730 4060 1863 4112 ἀκτί·

1993 4081 2096 4117 non
2139 4063 2294 4129 dixit,
2334 4065 2613 4129 subditus;
2652 4066 2745 4119 sed
2780 4063 2898 4132 ejus
2924 4074 3194 4125 naturam,
3240 4061 3559 4131 potentiam.

290 4172 430 4208 στου
464 4154 560 4206 καὶ
586 4154 870 4223 ὁμοουσίου
900 4152 1030 4205 Υίοῦ
1073 4153 1281 4224 Πατήρ.
1315 4153 1682 4224 Παραδεικνὺς
1708 4153 1762 4205 δὲ
1786 4153 1863 4220 τῆς

1992 4151 2437 4220 dominationem,
2478 4163 2642 4222 atque
2675 4151 3048 4207 auctoritatem
3076 4149 3388 4206 declaravit.
3409 4148 3562 4216 Quod

289 4245 560 4312 Θεότητκ
596 4242 758 4295 αὑτοῦ
791 4243 852 4294 τὸ
881 4243 1170 4313 ἁμέγεθες,
1204 4241 1328 4312 ἔφη·
1364 4241 1484 4310 Τῆς
1510 4242 1754 4311 ειρήνης
1777 4246 1863 4297 αὖ·

1995 4258 2189 4298 nomen
2247 4259 2368 4299 cum
2426 4243 2591 4299 David
2653 4259 2757 4298 non
2809 4245 3121 4314 ignoraret,
3182 4244 3261 4298 sic
3328 4241 3558 4312 psallit:

288 4335 405 4389 τοῦ
426 4337 544 4388 οὐκ
576 4335 745 4388 ἔστιν
776 4334 960 4402 ὄριο-ν.
992 4335 1101 4387 Καὶ
1141 4334 1405 4405 Ἱερεμίας
1429 4334 1507 4401 δὲ,
1530 4335 1647 4406 ἦτοι
1672 4335 1863 4407 Βαροὺ;

1994 4333 2174 4389 Sciant
2200 4335 2334 4407 (55),
2375 4337 2508 4401 quod
2548 4351 2733 4389 nomen
2762 4336 2856 4389 tibi
2897 4335 3150 4390 Dominus
3187 4352 3205 4392 .'
3246 4344 3302 4389 tu
3330 4351 3383 4389 es
3419 4335 3563 4388 solus

291 4425 511 4495 (βίόλος
563 4425 673 4494 γὰρ
717 4423 814 4494 μία
872 4422 1246 4495 ἀμφοτέρων),
1282 4426 1610 4497 σεμνηγορεῖ
1637 4426 1765 4496 περὶ
1792 4426 1858 4478 αὐ

1995 4425 2294 4480 Altissimus
2344 4443 2499 4494 super
2552 4443 2754 4481 omnem
2811 4437 3006 4482 terram
3039 4445 3058 4487 :
3087 4427 3174 4482 ubi
3203 4426 3357 4492 illud,
3396 4427 3562 4489 solus,

288 4474 415 4570 ;;ﬁ'
440 4474 694 4580 oazéq'e
717 4474 876 4581 ⁸Θεὸς
906 4474 1101 4585 ἱήμῶν·⁸
1125 4474 1658 4586 οὐιλογίσθθξσσεταί
1687 4474 1863 4586 έτεροε

1966 4505 2127 4570 dixit
2167 4515 2376 4572 Psaltes
2412 4517 2482 4572 ob
2519 4518 2782 4572 unitatem
2831 4517 3069 4573 deitatis.
3114 4516 3330 4572 Patrem
3381 4526 3563 4573 autem

289 4608 456 4676 πρὸς
486 4609 694 4662 αὐτόν.
713 4607 988 4675 Ἑξεῦρεν
1014 4607 1222 4663 πᾶσαν
1245 4608 1388 4662 ὁδὸν
1411 4608 1771 4679 ἐπιστήμης,
1790 4626 1863 4664 κα

1996 4609 2162 4665 futuri
2205 4609 2409 4674 saeculi,
2440 4625 2561 4665 cum
2593 4611 2664 4665 sit
2696 4610 2860 4665 etiam
2896 4610 3291 4680 praeteritorum
3339 4609 3566 4666 saeculo-

290 4699 532 4752 ἒδωκεν
549 4699 744 4766 αὐτὴν
762 4699 974 4753 Ἰακὼϐ
996 4699 1076 4764 τῷ
1099 4699 1264 4753 παιδὶ
1297 4699 1504 4762 αὐτοῦ,
1524 4701 1622 4754 καὶ
1639 4693 1863 4768 Ἰσραὴ.

1997 4715 2114 4754 rum
2149 4709 2384 4766 creator,
2412 4703 2583 4770 ipsum
2625 4702 2836 4756 vocavit
2859 4699 3048 4766 lsaias,
3075 4716 3140 4756 eo
3180 4701 3323 4771 quod
3363 4717 3394 4756 a
3428 4711 3566 4757 teni-

291 4789 378 4854 τῷ
413 4789 782 4858 ἠγαπημένῳ
821 4791 924 4844 ὑπ’
959 4790 1168 4844 αὑτοῦ.
1204 4791 1365 4845 Μετὰ
1409 4791 1616 4854 ταῦτα,
1653 4793 1750 4844 ἐπὶ
1779 4791 1863 4860 τῆς

1995 4795 2266 4865 poreso
2306 4796 2636 4862 (nconomiae,
2693 4809 2886 4865 nempe
2950 4795 3364 4862 lncarnationis,
3411 4796 3569 4851 valde

292 4881 414 4950 γῆς
459 4881 626 4950 ὧροη
659 4881 755 4933 καί
786 4879 908 4946 τοῖς
929 4879 1263 4948 ἀνθρώποις
1301 4882 1790 4952 συνανεστράφη.
1827 4883 1863 4936 Ε

1996 4879 2242 4958 COgnitus
2267 4887 2369 4942 fuit
2401 4890 2468 4944 ab
2499 4889 2823 4944 hominibus.
2864 4888 3114 4944 Creatam
3141 4888 3326 4958 igitur,
3359 4889 3570 4948 scilicet

289 4971 392 5029 οὖν
433 4976 514 5046 μὴ
541 4974 859 5046 θεοπρεπῶς
900 4973 1140 5046 νοηθείη,
1181 4976 1263 5029 ὅτι
1311 4975 1398 5032 διὰ
1437 4976 1497 5028 τὸ
1543 4976 1735 5028 ταυτὸν
1760 5014 1764 5020 ς
1791 4976 1859 5046 τῆ

1993 4979 2308 5046 humanam,
2339 4996 2445 5034 non
2492 4995 2622 5036 vero
2664 4981 2954 5037 increatam
2987 4992 3236 5037 naturam
3287 4981 3566 5046 indicavit.

279 5070 562 5138 θεότητος
581 5067 747 5137 ἄμφω
789 5067 896 5120 τῶν
930 5069 1256 5140 ἀπορρήτων
1291 5070 1662 5130 ὑποστάσεων,
1691 5075 1722 5141 ἡ
1755 5090 1862 5143 προ

1992 5087 2115 5125 cum
2146 5087 2269 5127 eum
2306 5073 2519 5128 vocavit
2542 5072 2756 5129 Patrem
2790 5088 2806 5127 :
2832 5089 2971 5129 unus
2999 5077 3143 5130 enim
3171 5086 3256 5131 est
3279 5075 3331 5129 in
3369 5075 3572 5130 deitate

292 5163 537 5233 κειμένη
586 5160 772 5233 γραφὴ
792 5159 965 5225 οὓτως
998 5161 1229 5232 ἐρρήθη,
1282 5160 1529 5216 λείπεται
1579 5162 1863 5234 ἁθεησαντ‹

1991 5164 2174 5231 Pater,
2215 5166 2440 5222 increati
2483 5183 2696 5234 nempe,
2720 5177 2768 5222 et
2803 5167 3282 5224 consubstantialis
3319 5167 3462 5223 Fiiii.
3504 5167 3574 5226 ιλ

366 5317 490 5386 (2'7)
516 5317 792 5388 Regnavit.
826 5316 966 5388 Psal.
994 5333 1139 5384 xLVI,
1180 5332 1323 5372 vers.
1355 5318 1388 5370 7
1409 5330 1461 5372 et
1485 5318 1536 5373 8.

367 5384 492 5456 (28)
519 5393 561 5442 Α
592 5384 803 5442 seculo.
849 5387 950 5441 lsa.
975 5405 1118 5450 thv,
1160 5388 1214 5446 4.
1247 5388 1430 5444 Grasca
1459 5391 1623 5445 editio
1659 5384 1818 5444 εἶδον.

370 5459 494 5546 t3?!)
519 5458 738 5546 ρίείυιη
770 5468 869 5512 “tv
905 5459 1153 5546 επιιμίδν
1185 5460 1449 5546 θεε¹¹¹κ¹⁴
1489 5461 1563 5546 -”-‘-

2063 5465 2175 5546 (ἓξ)
2199 5463 2402 5546 item
2441 5464 2642 5546 Eodem
2697 5463 2997 5538 ἀρεύστως-
3041 5465 3207 5546 ἕλξερν
3233 5464 3569 5546 uestiera-

371 5527 492 5598 {50)
510 5529 671 5582 Puer.
699 5529 800 5583 lsa.
835 5545 912 5593 ix,
944 5527 1408 5597 6.Cotnplntensis
1439 5530 1602 5584 editio
1621 5542 1741 5600 post
1775 5532 1860 5585 ὲδό

289 5599 398 5668 θη,
441 5600 764 5671 additigpiv'
789 5609 918 5671 post
965 5601 1132 5671 ἀρχή,
1187 5601 1336 5654 addit
1370 5601 1624 5671 ἐγενήθη.
1672 5604 1863 5657 Deniun

2066 5527 2178 5606 (35)
2207 5534 2409 5590 Sciant.
2439 5534 2582 5591 Psal.
2616 5527 2824 5598 Lxxitt,
2861 5527 3000 5590 vers.
3039 5537 3105 5590 1-7
3120 5527 3406 5606 '(scu'l'9).
3440 5527 3568 5589 Edi-

1994 5613 2047 5656 ta
2093 5605 2261 5661 Biblia
2315 5617 2503 5661 carent
2535 5608 2725 5662 vocula
2777 5604 2848 5662 εἷ.
2882 5606 3038 5670 Vide,
3082 5608 3125 5659 si
3174 5605 3367 5671 placet,
3406 5603 3568 5663 Marti"

290 5619 398 5668 οη,
441 5619 764 5668 διιαιιημιν·
797 5619 918 5667 pom
965 5619 1132 5671 αρχη,
1187 5619 1336 5654 auutt
1370 5619 1624 5671 εγενηυη.
1672 5619 1863 5657 ueniunt

290 5669 721 5751 pu~t,.rohv_opa
740 5669 930 5731 αὐτοῦ,
950 5671 1098 5751 plura
1128 5673 1305 5751 habet,
1341 5688 1460 5751 tunc
1484 5672 1738 5740 Didymus
1757 5690 1862 5751 pia:

1994 5619 2047 5656 ta
2093 5619 2261 5661 multa
2315 5619 2503 5661 carent
2535 5619 2725 5662 vocula
2777 5619 2848 5662 εὶ.
2890 5619 3038 5670 Vide,
3082 5623 3125 5659 ει
3174 5619 3367 5676 placet,
3406 5619 3572 5663 utaris

1992 5675 2187 5732 Martni
2219 5677 2592 5733 adnotationes
2631 5683 2697 5732 ad
2727 5679 2869 5732 hunc
2903 5678 3099 5730 Ineunt.

287 5742 577 5797 termittit.
601 5741 801 5796 Vocem
820 5756 950 5795 vero
983 5742 1330 5811 api-nomint
1354 5745 1514 5798 etiam
1545 5759 1714 5813 segni.
1752 5743 1817 5797 M
1841 5745 1890 5798 ὑ.

1989 5323 2176 5457 τέέέἑ)
2208 5321 2275 5377 Et
2311 5324 2476 5389 pacis.
2507 5322 2610 5378 lsa.
2638 5340 2712 5386 Ix,
2744 5323 2792 5375 7.
2830 5323 3098 5394 Contplut.
3118 5325 3248 5379 edit.
3279 5324 3380 5377 οὐκ
3419 5322 3572 5378 ἔσται
