4104 6408
289 357 394 415 ιω

1406 371 1494 426 DE
1529 371 1906 430 TRINITATE
1949 377 2148 431 LIBER
2191 378 2472 436 PRIMUS.

3470 393 3574 448 ισε

293 476 737 571 προσεπιτίκτει.
773 481 1036 551 Σημαίνει
1069 484 1174 558 γὰρ
1205 487 1386 553 αὐτὸν,
1418 489 1517 560 τὴν
1544 491 1672 560 μίαν
1705 491 1894 556 αὐτεξ-

1999 499 2275 548 mundaret
2319 497 2418 549 sibi
2468 497 2716 566 populum
2750 501 3060 564 peculiarem
3102 502 3239 571 (4⁵2),
3267 514 3574 562 sectatorem

295 566 479 620 οὐδ-ιον
519 571 616 622 καὶ
639 570 853 642 ἀγαθὴν
886 572 1115 646 θεότητα
1141 576 1238 648 τὴν
1290 579 1507 633 πάντων
1534 583 1732 639 αξτίαν.
1771 584 1886 637 δια-

297 659 704 731 κεκληρῶσθαι.
746 664 907 718 Ἴδιον
929 665 1038 740 γὰρ
1065 667 1400 742 δημιουργοῦ
1438 673 1557 743 μὲν,
1591 676 1684 727 καὶ
1711 677 1772 727 οὐ
1798 677 1890 746 δη-

301 753 540 823 μιουργή
550 771 743 823 ματος,
766 755 826 808 τὸ
848 757 1308 828 ὑπεραποοανεῖν,
1338 763 1386 814 εὶ
1410 762 1552 816 οὕτω
1568 764 1673 835 χρὴ
1702 767 1886 834 φάναι,

295 845 394 897 τοῦ
451 845 584 898 ἰδίου
612 851 940 918 ποιήματος⁸
966 851 1096 904 Υἱοῦ
1123 853 1179 906 δὲ
1203 855 1510 927 ἀγαπητοῦ.
1543 858 1769 930 Θεότητα
1797 862 1890 912 καὶ

302 940 586 1010 βασιλείαν
613 942 674 994 οὐ
699 941 957 1014 διάφορον
995 944 1213 1016 ἔχοντος
1265 948 1402 1018 μετὰ
1424 950 1658 1020 Πατρὸς,
1683 951 1744 1004 τὸ
1766 954 1888 1006 ἑαυ-

301 1027 388 1097 τῷ
416 1029 505 1082 τὸν
536 1030 661 1083 λαὸν
683 1034 1057 1105 περιποιῆσαι.
1093 1038 1274 1106 Ἀγων
1303 1039 1360 1091 δὲ
1377 1039 1654 1109 τὸνλόγον,
1675 1046 1704 1095 ὁ
1724 1043 1890 1108 πολὺς

305 1114 467 1182 οὗτος
499 1123 586 1174 καὶ
611 1122 820 1196 ἀληθὴς
847 1124 1140 1198 ἐξηγητὴς,
1179 1131 1258 1193 εἰς
1285 1131 1346 1183 τὸ
1398 1132 1676 1200 ἀποδεῖξαι
1706 1136 1886 1197 αὑτὸν,

308 1211 431 1282 ἅμα
464 1213 559 1282 μὲν
578 1215 962 1288 φιλάνθρωπον
998 1223 1266 1292 σωτήριόν
1295 1240 1354 1275 τε
1386 1224 1540 1288 Θεὸν,
1579 1225 1693 1297 ἅμα
1715 1228 1772 1280 δὲ
1815 1229 1891 1291 ὡς

309 1302 503 1356 ἑαυτὸν
532 1305 901 1379 ὲδυσώπησεν,
938 1311 1034 1364 καὶ
1063 1313 1124 1364 οὐ
1153 1313 1420 1384 κρείττονι
1463 1311 1604 1381 εἶξεν
1651 1318 1888 1390 Θεότητι,

305 1397 560 1464 γενέσθαι
611 1400 728 1470 μεθ’
770 1403 957 1472 ἡμῶν,
987 1405 1063 1467 ὼς
1096 1401 1178 1470 εἷς
1207 1408 1264 1474 ἐξ
1300 1409 1476 1479 ἡμῶν,
1505 1412 1715 1482 τροπῆς
1769 1413 1890 1484 δίχα

302 1491 398 1542 καὶ
418 1491 714 1562 ἁμαρτίας.
748 1495 968 1563 φάσκει·
997 1498 1133 1550 Ὅτε
1158 1498 1227 1552 δὲ
1269 1501 1306 1567 ἡ
1339 1505 1701 1569 χρηστότης,
1739 1506 1888 1574 καὶὴ

293 1585 718 1652 φιλανθρωπία
757 1587 1027 1656 ἐπεφάνη
1049 1588 1155 1643 τοῦ
1186 1589 1459 1658 Σωτῆρος
1503 1593 1673 1661 ἡμῶν
1717 1596 1886 1660 Θεοῦ,

293 1678 412 1728 οὐκ
454 1676 527 1740 ἐξ
552 1678 742 1746 ἔργων
764 1673 852 1732 ὧν
878 1680 1254 1750 ἐποιήσαμεν
1293 1683 1487 1751 ἡμεῖς,
1518 1685 1678 1739 ἀλλὰ
1740 1687 1890 1740 κατὰ

293 1769 367 1819 τὸ
401 1768 563 1822 πολὺ
579 1770 768 1824 αὐτοῦ
803 1772 996 1836 ἕλεος.
1031 1771 1402 1826 Κολοσσαεῦσι
1428 1774 1485 1827 δὲ
1539 1775 1634 1830 καὶ
1675 1777 1888 1848 μέμφε-

293 1875 412 1923 ται,
463 1862 560 1913 καὶ
606 1861 912 1932 καταϐολὴν
947 1862 1047 1934 τῆς
1093 1865 1403 1938 πρωτίστης
1449 1868 1726 1938 θεολογίας
1758 1872 1886 1942 περὶ
1919 1851 1960 1905 Β

292 1949 394 2020 ['56
416 1948 475 2022 ιι]
497 1950 668 2003 αὑτοῦ
720 1955 975 2018 ποιεῖται,
1002 1953 1250 2024 γράφων,
1277 1955 1352 2021 ὡς
1391 1957 1490 2027 ἤδη
1523 1958 1582 2010 ἐν
1625 1958 1704 2029 τῷ
1745 1961 1883 2028 Περὶ

291 2042 636 2108 όμοουσίου
686 2042 902 2114 εἴρηται
950 2044 1250 2116 κεφαλαίῳ·
1302 2047 1406 2100 Διά
1459 2049 1516 2101 τί
1562 2050 1711 2102 κατὰ
1775 2050 1887 2118 τὴν·

292 2133 648 2202 παράδοσιν
670 2133 790 2188 τῶν
836 2137 1181 2205 ἀνθρώπων,
1204 2140 1353 2195 κατὰ
1378 2141 1450 2194 τὰ
1483 2143 1750 2212 στοιχεῖα
1778 2145 1886 2199 τοῦ

291 2227 560 2308 κόσμου,
609 2227 708 2280 καὶ
753 2229 825 2281 οὐ
875 2229 1027 2283 κατὰ
1070 2231 1333 2299 Χριστὸν
1382 2233 1637 2300 Ἰησοῦνσ
1677 2235 1766 2289 ὅτι
1817 2237 1888 2289 ἐν

293 2318 468 2383 αὐτῷ
509 2320 783 2374 κατοικεῖ
821 2321 946 2376 πᾶν
989 2321 1056 2375 τὸ
1103 2324 1398 2394 πλήρωμα
1449 2326 1558 2395 τῆς
1609 2329 1888 2395 θεότητος

292 2411 675 2479 σωματικῶς·
708 2412 855 2466 τοῦτ’
875 2413 1042 2478 ἐστιν,
1088 2416 1380 2482 οὐσιωδῶς.
1417 2419 1527 2472 Καὶ
1549 2420 1654 2491 γὰρ
1687 2423 1889 2485 ἐκεῖνος

294 2501 467 2569 φύσει
497 2501 774 2574 πλήρωμά
793 2505 960 2566 ἐστιν,
989 2506 1120 2559 αὐτὸ
1147 2509 1180 2578 ἡ
1214 2509 1454 2580 πατρικὴ
1496 2509 1685 2580 θεότης
1714 2512 1888 2582 ὑπάρ-

295 2612 415 2665 χων
441 2597 511 2665 τῇ
537 2595 716 2666 οὐσίᾳ.
755 2599 880 2666 Οὐχ
908 2598 1222 2669 ἁρπαγμὸν
1251 2600 1359 2671 γὰρ
1393 2600 1666 2671 ᾐτήσατο
1700 2603 1765 2655 τὸ
1809 2600 1887 2657 εἷ-

295 2704 400 2740 ναι
435 2687 543 2740 ἴσα
589 2686 730 2753 Θεῷο
783 2690 944 2759 ἡμεῖς
988 2691 1046 2744 δὲ
1112 2694 1177 2746 ὲκ
1231 2693 1326 2746 τοῦ
1389 2693 1772 2764 πληρώματος,
1821 2697 1886 2748 δι’

295 2777 623 2848 ἀγαθότητα
669 2779 857 2843 αὐτοῦ,
917 2781 1078 2853 χάριν
1137 2782 1422 2854 ἐλάϐομεν,
1473 2786 1651 2855 ⁴ἤνπερ
1707 2786 1886 2855 φύσει,

297 2870 380 2933 ὡς
403 2869 607 2938 δοῦλοι,
631 2873 732 2925 οὐκ
752 2872 995 2944 εἴχομεν,
1041 2875 1182 2928 κατὰ
1214 2876 1461 2949 Ἰωάννην
1514 2879 1755 2948 λέγοντα’
1781 2881 1887 2934 Καὶ

299 2966 373 3019 ἐκ
415 2965 526 3020 τοῦ
566 2966 963 3035 πληρώματος
1030 2969 1216 3024 αὐτοῦ
1277 2971 1448 3039 ἡμεῖς
1501 2972 1724 3040 πάντες
1755 2973 1892 3028 ἐλά-

301 3059 491 3126 ϐομεν·
519 3099 534 3120 ,
591 3057 689 3110 καὶ
762 3056 942 3127 χάριν
995 3060 1129 3113 ἀντὶ
1183 3061 1442 3129 χάριτος·
1503 3063 1646 3117 τοῦτ’
1710 3064 1888 3128 ἔστιν,

299 3151 404 3221 τὴν
453 3149 558 3219 τῆς
597 3151 1008 3222 ἀναγεννήσεως
1070 3153 1192 3207 ἀντὶ
1225 3150 1294 3224 ἧς
1345 3155 1692 3227 ἀπεϐάλομεν
1743 3159 1895 3229 χάρι-
1921 3195 1964 3255 C

299 3258 395 3304 τος
429 3283 446 3307 ,
513 3243 1030 3314 παρακρουσάμενοι
1101 3246 1199 3317 τὴν
1272 3249 1364 3301 ἐπὶ
1435 3249 1514 3319 τῷ
1581 3251 1661 3302 ἑνὶ
1737 3251 1888 3322 φυτῷ

305 3333 533 3404 πρώτην
575 3335 946 3406 Θεσμοδοσίαν.
1018 3340 1140 3392 Οὐκ
1184 3339 1270 3392 ἐτι
1319 3342 1447 3411 γὰρ,
1513 3343 1700 3414 φησὶν,
1751 3344 1892 3398 ἐστὲ

309 3429 432 3482 ὑπὸ
482 3431 689 3498 νόμον,
721 3431 860 3486 ἀλλ’
889 3433 1004 3486 ὑπὸ
1036 3433 1242 3502 χάριν·
1292 3437 1386 3489 καὶ
1446 3431 1634 3500 αὖθιςο
1680 3439 1799 3491 Ὅτι
1827 3440 1897 3491 ἐν

311 3517 477 3582 αι’·τῷ
501 3519 796 3588 εὐδόκησε
819 3521 942 3576 πᾶν
967 3522 1032 3576 τὸ
1059 3523 1348 3595 πλήρωμα
1378 3526 1752 3594 κατοικῆσαι,
1797 3529 1893 3582 καὶ

312 3611 396 3663 δι’
425 3613 604 3667 αὐτοῦ
644 3615 1144 3681 ἀποκαταλλάξαι
1195 3619 1268 3671 τὰ
1325 3617 1522 3672 πάντα
1571 3624 1657 3687 εἷς
1683 3623 1889 3676 αὐτόν.

323 3703 597 3775 Ἐπύμενα
623 3707 719 3760 καὶ
767 3707 942 3762 ταῦτα
965 3712 1074 3773 τοῖς
1111 3710 1362 3780 πρόσθεν.
1402 3712 1506 3765 Τοῦ
1546 3712 1653 3784 γὰρ
1680 3715 1892 3786 Πατρὸς

307 3798 370 3850 ὲν
408 3798 487 3869 τῷ
521 3799 655 3869 Υιῷ,
689 3801 782 3854 καὶ
821 3797 982 3854 αὑτοῦ
1023 3804 1079 3854 ἐν
1104 3803 1181 3873 τῷ
1210 3804 1386 3876 Πατρὶ
1412 3808 1478 3876 τῇ
1512 3805 1670 3874 φύσει
1699 3807 1898 3877 τυγχά-

305 3907 517 3957 νοντος,
567 3892 642 3954 ὡς
693 3893 786 3945 καὶ
835 3893 942 3946 πᾶν
1007 3894 1267 3962 συγγενὲς
1323 3893 1627 3967 ἀχώριστόν
1661 3916 1777 3961 πως
1805 3897 1896 3951 τοῦ

381 4040 498 4109 (42)
532 4039 879 4113 Βεειιίἰοτεηι.
911 4040 1166 4112 Vulgatus
1189 4045 1478 4111 interpres,
1501 4043 1888 4113 acceptabilem,

307 4108 503 4167 eodem
537 4108 676 4175 fere,
710 4108 1038 4182 ntropinor:
1059 4129 1240 4167 sensu.
1270 4108 1374 4168 Sed
1405 4129 1525 4176 vox,
1556 4108 1889 4182 peculiarem,

310 4182 552 4238 fortasse
583 4181 981 4253 magisDidymi
1011 4194 1240 4253 mentem
1274 4182 1458 4244 refert,
1491 4181 1562 4237 ex'
1598 4187 1700 4247 his,
1763 4201 1888 4253 qua:

311 4265 622 4320 sequuntur
646 4252 970 4323 paulopost.
994 4252 1119 4318 llaec
1149 4269 1311 4323 porro
1337 4254 1484 4307 Pauli
1522 4255 1739 4317 locutio,
1759 4252 1894 4316 λαὸς

313 4323 652 4393 περιούσιος,
678 4339 752 4395 es
775 4322 961 4395 Veteri
999 4322 1344 4380 Testamento
1371 4324 1681 4395 deprompta
1705 4335 1806 4390 est,
1840 4327 1893 4380 in

308 4411 423 4464 quo
451 4411 566 4464 non
585 4393 756 4448 semel
791 4393 1076 4464 reperitur.

387 4465 504 4532 (ιδ)
538 4463 758 4536 Locum.
809 4462 967 4536 Visus
997 4476 1081 4520 est
1107 4463 1366 4535 Origenes
1415 4464 1763 4536 Hieronymo,
1799 4465 1894 4520 Ju-

1996 589 2250 641 bonorum
2279 605 2513 658 operum.
2549 591 2804 658 lnquiens
2831 607 3011 660 porro,
3041 596 3217 661 magni
3241 595 3354 657 Dei.
3385 608 3433 650 et
3459 598 3571 652 Sal-

1992 680 2184 731 uatoris
2215 680 2380 731 nostri
2410 678 2540 732 Jesu
2571 680 2804 749 Christi,
2852 685 3111 744 ostendit,
3157 700 3301 749 eum,
3330 698 3570 752 spectata

1993 773 2246 833 essentia,
2281 779 2586 839 aiternaqne
2616 773 2951 828 etsistenlia.
2982 775 3276 827 secundum
3308 787 3427 843 post
3451 792 3572 831 ma-

1991 877 2152 928 gnum
2198 863 2364 916 Deum
2392 861 2608 918 Patrem
2641 865 2814 918 locum
2845 864 2954 934 (.15)
3002 881 3106 918 non
3149 876 3346 922 tenere.
3395 870 3571 939 Atque
3617 899 3620 902 ~

1990 957 2045 1010 id
2078 958 2160 1012 vel
2197 972 2356 1013 sensu
2404 960 2541 1028 ipso,
2588 968 2646 1012 ut
2676 960 2747 1012 ita
2791 957 3002 1028 loquar,
3037 961 3239 1031 percipi
3283 972 3476 1032 potest.
3509 963 3566 1018 Si

1991 1049 2135 1102 enim
2189 1064 2387 1118 parvus
2430 1059 2512 1104 est
2550 1050 2746 1116 Filius,
2800 1052 3068 1119 quomodo
3130 1068 3350 1122 magnus
3392 1065 3570 1124 potest

1992 1156 2112 1196 esse
2146 1141 2338 1196 Pater?
2372 1141 2426 1196 Si
2457 1142 2600 1197 Deus
2627 1143 2859 1197 Verbum
2892 1143 3176 1209 aliquando
3207 1161 3310 1198 non
3336 1147 3567 1207 exstitit,

1992 1249 2171 1288 nonne
2210 1233 2385 1288 Patris
2433 1249 2648 1304 quoque
2689 1250 2880 1289 nomen
2944 1235 3232 1304 aliquando
3284 1253 3388 1290 non
3426 1238 3568 1292 fuit?

1990 1327 2262 1394 Propitius
2287 1326 2396 1398 (Μ)
2430 1337 2608 1381 autem
2647 1328 2712 1380 sit
2745 1325 2896 1382 nobis
2933 1328 3089 1390 Deus,
3123 1329 3212 1396 qui
3243 1331 3312 1382 ob
3339 1329 3564 1384 aliorum
3651 1357 3654 1361 ι

1992 1419 2388 1487 improbitatem
2418 1419 2540 1472 talia
2574 1421 2755 1474 dicere
2780 1423 3056 1475 audemus.
3089 1419 3160 1474 Ut
3190 1422 3330 1475 enim
3371 1423 3524 1476 aiunt
3551 1442 3562 1476 :

1991 1509 2253 1581 Religioso
2303 1511 2414 1581 (45)
2444 1513 2606 1565 metui
2643 1529 2937 1565 assuescere
2973 1514 3246 1581 pulchrum
3283 1523 3380 1568 est.
3431 1515 3564 1571 Cum

1991 1617 2118 1656 vero
2154 1605 2228 1655 ait
2265 1621 2277 1655 :
2317 1602 2420 1666 Qui
2447 1603 2586 1656 dedit
2615 1603 2941 1670 semetipsum
2983 1622 3077 1671 pro
3127 1605 3292 1668 nobis,
3326 1615 3380 1657 ut
3412 1623 3565 1657 mun-

1992 1695 2139 1748 daret
2184 1694 2284 1748 sibi
2335 1696 2582 1763 populum
2634 1696 2969 1764 peculiarem,
3002 1711 3109 1750 non
3149 1697 3366 1762 dicens,
3409 1699 3564 1752 alteri

1993 1796 2051 1839 ut
2079 1788 2362 1840 mundaret
2387 1786 2662 1855 populum,
2691 1787 2776 1854 iis,
2823 1802 2941 1853 qua:
2967 1798 3383 1843 commemorata
3417 1798 3566 1857 sunt,

1989 1886 2351 1932 consentanea
2383 1889 2437 1933 et
2463 1879 2575 1947 ipse
2604 1879 2870 1947 concipit;
2905 1878 3096 1933 Filium
3128 1880 3269 1932 enim
3294 1881 3360 1934 ad
3383 1895 3566 1945 unam,

1987 1970 2202 2040 pr0pria
2251 1980 2517 2039 potestate
2566 1980 2728 2039 atque
2761 1973 3080 2025 auctoritate
3132 1973 3433 2040 prmditam,
3467 1974 3568 2027 bo-

1989 2082 2220 2136 namque
2259 2067 2551 2129 deitatem,
2585 2082 2704 2136 quae
2742 2081 2921 2120 rerum
2973 2067 3212 2122 omnium
3261 2081 3422 2122 causa
3463 2075 3565 2132 est,

1987 2159 2258 2228 pertinere
2299 2159 2408 2231 (46)
2444 2159 2712 2230 signiﬁcat
2743 2176 2757 2213 :
2786 2158 3059 2213 Creatoris
3096 2159 3205 2228 82
3256 2161 3420 2222 enim,
3464 2174 3566 2213 uou

1986 2260 2246 2304 creatura:
2303 2251 2578 2320 proprium
2625 2257 2707 2305 est
2764 2249 2823 2302 τὸ
2877 2249 3328 2322 ὑπεραποθανεῖν,
3374 2252 3420 2304 si
3495 2251 3567 2304 ita

1987 2343 2129 2411 loqui
2156 2343 2237 2398 fas
2259 2354 2361 2410 est,
2392 2343 2485 2397 τοῦ
2530 2344 2660 2396 ἰδίου
2701 2345 3022 2414 ποιήματος,
3063 2344 3112 2397 id
3158 2353 3238 2397 est
3297 2346 3430 2396 mori
3472 2359 3569 2412 pro

1987 2449 2083 2487 sua
2113 2444 2354 2488 creatura
2389 2450 2407 2486 :
2440 2433 2560 2488 Filii
2595 2442 2774 2487 autem
2806 2433 2984 2487 dilecti
3021 2433 3266 2487 eamdem
3299 2447 3421 2487 cum
3468 2432 3568 2487 Pa-

1991 2536 2072 2581 tre
2096 2526 2452 2590 divinitatem,
2482 2535 2534 2578 et
2563 2524 2983 2579 dominationem
3021 2524 3266 2578 habentis
3293 2524 3564 2594 proprium

1988 2629 2091 2682 est,
2135 2619 2233 2673 sibi
2283 2617 2530 2687 populum
2563 2619 2842 2686 acquirere
2869 2616 3006 2686 (Π).
3037 2631 3099 2669 ac
3120 2615 3412 2670 vindicare.
3439 2615 3569 2671 Illuc

1991 2723 2115 2762 vero
2147 2723 2450 2763 sermonem
2489 2711 2812 2776 provehens,
2851 2723 3022 2776 eoque
3074 2709 3298 2762 tendens
3339 2723 3566 2778 magnus

1990 2801 2079 2855 hic
2121 2809 2175 2855 et
2212 2815 2368 2856 verax
2397 2802 2685 2869 interpres,
2735 2810 2798 2853 ut
2833 2800 3076 2852 ostendat
3109 2800 3279 2868 ipsum
3318 2813 3438 2854 esse
3474 2799 3569 2854 bc-

1993 2894 2210 2962 uignum
2243 2894 2294 2946 in
2319 2894 2567 2947 homines
2596 2893 2786 2955 Deum,
2817 2893 3113 2960 salutisque
3149 2902 3444 2956 auctorem,
3491 2893 3565 2947 εἰ⁴

1994 2985 2103 3037 mul
2139 2997 2266 3038 vero
2309 2985 2410 3038 hoc
2456 2985 2674 3047 indicet,
2703 2998 2806 3039 non
2836 2999 2958 3038 eum
3007 2985 3292 3049 potentiori
3341 2985 3568 3041 cessisse

1995 3077 2220 3141 Deitati,
2277 3077 2368 3130 sed
2417 3076 2591 3145 ipsum
2642 3087 2813 3131 semet
2853 3090 3125 3140 exorasse,
3187 3086 3244 3129 ut
3288 3077 3566 3131 uobiscum

1994 3177 2138 3223 esset
2177 3179 2427 3236 tanquam
2464 3183 2601 3222 unus
2637 3182 2701 3221 ex
2747 3167 2919 3233 nobis,
2958 3167 3074 3221 sine
3105 3165 3206 3219 ulla
3241 3175 3416 3220 tamen
3453 3181 3570 3220 mu-

1998 3259 2218 3320 tatione,
2250 3267 2411 3327 atque
2437 3267 2682 3325 peccato,
2719 3256 2893 3326 inquit
2932 3275 2944 3310 :
2984 3255 3112 3309 Cum
3149 3266 3321 3309 autem
3346 3256 3453 3327 (48)
3487 3259 3571 3308 be-

1998 3349 2223 3418 nignitas
2261 3359 2308 3402 et
2332 3349 2630 3402 humanitas
2659 3349 2901 3417 apparuit
2935 3347 3228 3402 Saluatoris
3256 3349 3421 3426 nostri
3447 3347 3568 3414 Dei,

1995 3458 2098 3495 non
2131 3457 2195 3494 ea:
2235 3441 2496 3510 aperibus,
2533 3456 2650 3510 quis
2702 3441 2922 3508 fecimus
2979 3458 3089 3504 nos,
3143 3442 3232 3492 sed
3287 3441 3571 3494 secundum

1995 3548 2237 3602 magnam
2277 3533 2441 3602 ipsius
2474 3533 2909 3586 misericordiam.
2961 3533 3015 3586 In
3069 3533 3303 3602 Epistola
3348 3548 3474 3602 vero
3503 3536 3570 3588 ad

1994 3622 2343 3679 Colossenses
2371 3634 2426 3678 et
2468 3627 2841 3695 conqueritur,
2876 3636 2926 3681 et
2964 3627 3246 3694 praecipuae
3286 3639 3446 3696 atque
3476 3642 3572 3683 ex-

1994 3715 2388 3770 cellentissima;
2447 3716 2704 3771 deitatem
2763 3718 2860 3786 ipsi
2926 3717 3212 3772 tribuentis
3294 3716 3572 3788 theologia:

1994 3807 2338 3864 fundamenta
2371 3809 2546 3879 jacit,
2596 3808 2721 3863 dum
2770 3810 2995 3874 scribit,
3068 3818 3127 3862 ut
3162 3808 3275 3876 jam
3334 3809 3388 3864 in
3431 3811 3572 3878 capi-

1998 3900 2108 3954 tulo
2159 3899 2234 3954 De
2273 3900 2703 3954 consubstantiali
2749 3899 2859 3971 (49)
2910 3900 3112 3954 dictum
3145 3899 3244 3954 luit
3296 3918 3310 3952 :
3366 3898 3568 3955 Secun-

1991 4053 2197 4097 cluram
2235 4045 2560 4111 confugiam.
2587 4043 2786 4109 Quare,
2813 4042 2914 4097 nisi
2948 4043 3067 4112 quis
3122 4041 3249 4096 velit
3286 4052 3574 4113 utramque

1990 4114 2213 4185 Didyme
2263 4117 2694 4185 terminationem
2736 4113 3023 4185 placuisse,
3061 4113 3325 4185 reliquum
3363 4121 3475 4185 est,
3508 4123 3566 4166 ut

1989 4182 2242 4252 putemus
2274 4184 2549 4239 librarium
2577 4194 2666 4237 aut
2707 4199 2803 4252 pro
2827 4182 2984 4246 ἵλεως
3011 4183 3264 4238 mendose
3284 4183 3572 4250 scripsisse

1994 4254 2144 4318 ἵλεω,
2205 4265 2298 4308 aut
2338 4270 2458 4308 cum
2504 4255 2764 4322 scriptum
2815 4254 3105 4321 reperisset
3144 4253 3194 4306 in
3229 4253 3568 4322 apographo,

1991 4327 2131 4392 quod
2170 4324 2522 4385 describebat,
2545 4323 2683 4387 ἵλεος
2711 4339 2830 4377 cum
2860 4340 3023 4390 parvo
3050 4340 3097 4382 ο,
3126 4336 3191 4377 ex
3224 4324 3430 4377 duobus
3468 4323 3573 4378 ele-

1991 4395 2189 4449 mentis
2243 4413 2291 4459 ο,
2325 4411 2376 4457 σ,
2404 4410 2568 4448 unum
2617 4395 2868 4448 mendose
2918 4393 3183 4448 conﬂasse
3216 4411 3261 4444 ω
3295 4409 3570 4461 magnum.

2063 4466 2176 4534 (45)
2207 4464 2494 4532 Religioso.
2541 4463 2618 4516 Ex
2668 4465 2845 4532 aliquo
2889 4463 3113 4517 forsitan
3161 4473 3317 4531 poeta
3352 4473 3571 4518 senten-

317 4536 558 4588 stiniano
599 4535 934 4602 imperatori,
990 4536 1215 4603 aliisque
1265 4537 1462 4602 gradus
1517 4537 1567 4589 in
1621 4535 1894 4590 "l‘rinitale
1925 4550 1969 4604 ι)
2001 4536 2127 4589 tiam
2175 4537 2312 4589 hanc
2340 4535 2518 4588 hausit
2562 4535 2842 4602 theologus
2900 4544 3104 4595 noster,
3149 4542 3318 4604 atque
3341 4549 3403 4586 ex
3439 4535 3573 4586 iam-

317 4619 617 4673 agituscere
645 4605 697 4658 in
741 4604 876 4660 libro
904 4607 1078 4675 primo
1103 4606 1176 4659 De
1191 4606 1458 4675 principiis
1480 4621 1598 4675 cap.
1634 4607 1689 4665 5.
1726 4624 1779 4661 n.
1814 4607 1847 4660 5
1875 4625 1889 4660 :

319 4692 380 4727 at:
413 4691 551 4729 sane
593 4673 954 4745 eumplocum,
993 4686 1152 4745 proot
1203 4693 1231 4728 a
1268 4673 1569 4730 .Iustiniano
1594 4675 1818 4731 affertur
1841 4681 1892 4731 in

317 4745 564 4814 Lpistola
593 4745 664 4798 ad
687 4743 921 4815 Menam,
947 4743 1051 4800 non
1073 4763 1202 4802 vero
1227 4755 1384 4815 prout
1416 4761 1445 4798 a
1481 4745 1672 4801 Ruﬁno
1703 4746 1894 4801 Latine

321 4816 618 4869 translatus
651 4814 854 4879 luit,ad
887 4814 1474 4872 catholicumseusum
1511 4819 1725 4871 trahere
1756 4821 1894 4872 haud

321 4889 393 4938 ita
421 4886 579 4958 facile
607 4895 711 4958 est.
755 4886 828 4940 At
864 4887 1142 4958 theologus
1174 4896 1356 4958 noster
1395 4901 1567 4958 neque
1598 4887 1774 4942 hacin
1816 4903 1893 4950 re,

319 4973 497 5022 neque
534 4955 585 5010 in
613 4955 719 5009 ulla
758 4959 859 5012 alia
885 4958 952 5011 ad
984 4954 1228 5011 sanctum
1269 4954 1550 5011 Trinitatis
1584 4959 1892 5026 mysterium

318 5036 626 5091 spectante,
661 5027 965 5094 Origenista
1005 5028 1147 5080 fuit:
1209 5027 1310 5080 nisi
1359 5026 1720 5096 Oirigenistam
1774 5043 1896 5083 eum

321 5103 508 5150 dicere
553 5097 676 5166 quis
703 5099 852 5161 velit,
890 5098 979 5165 qui
1008 5097 1257 5166 Origenis
1287 5098 1351 5150 de
1373 5095 1638 5151 Triuitate
1668 5099 1895 5153 locutio-

323 5183 421 5219 nes
447 5185 476 5217 a
516 5167 700 5240 multis
736 5170 1096 5238 reprehensas
1133 5167 1398 5223 catholico
1419 5167 1677 5238 explicari
1743 5184 1899 5240 posse

322 5237 704 5290 contendebat.

396 5308 511 5376 (Η)
542 5304 834 5374 Propitius.
887 5307 1088 5365 Codex.
1132 5309 1280 5362 ἵλεω.
1325 5306 1454 5375 Quzn
1499 5324 1600 5363 vox
1651 5325 1770 5363 cum
1803 5324 1900 5363 saa-

323 5380 446 5444 pius
483 5380 538 5432 in
572 5379 674 5432 hoc
701 5394 865 5448 opere
886 5391 1158 5449 occurrat,
1197 5379 1354 5434 modo
1379 5379 1637 5449 scribitur
1669 5396 1697 5432 a
1730 5381 1901 5433 libra-

325 5449 411 5500 rio
443 5450 565 5502 sine
591 5449 769 5503 littera
794 5465 846 5514 σ,
883 5460 938 5502 ιιι
973 5451 1080 5513 hic,
1121 5461 1176 5504 et
1221 5463 1390 5517 segni.
1431 5448 1500 5503 58
1528 5469 1579 5507 ιι.
1620 5460 1675 5504 et
1727 5451 1851 5504 alibi
1884 5466 1899 5504 :

324 5521 492 5574 modo
546 5534 673 5574 vero
720 5520 900 5586 ἵλεως,
953 5531 1012 5574 ιιι
1035 5535 1203 5587 segni.
1232 5519 1300 5574 58
1337 5522 1462 5585 b,et
1486 5521 1636 5574 alibi.
1681 5520 1831 5586 Quod
1856 5520 1900 5573 si

325 5598 439 5661 tant
474 5603 617 5656 sape
666 5593 930 5658 scriptum
976 5607 1080 5645 non
1131 5591 1479 5653 invenissem,
1527 5589 1674 5654 ἵλεω.
1721 5591 1905 5661 legen-

326 5659 456 5731 dum
515 5674 633 5731 esse
701 5661 1060 5731 coniecissem
1131 5661 1336 5731 hocin
1389 5661 1551 5731 loco,
1609 5659 1796 5714 ἔστων
1845 5661 1902 5713 δὲ

332 5726 483 5801 ξλεω.
527 5729 577 5784 id
624 5741 727 5799 est,
758 5726 974 5800 propitii
1025 5732 1177 5785 ambo
1217 5730 1345 5794 sint,
1387 5726 1551 5785 Pater
1577 5742 1814 5801 nempe,‘
1840 5747 1903 5785 ac

331 5796 521 5853 Filius.
554 5801 657 5856 Sed
688 5796 812 5857 cum
844 5796 969 5856 alibi
993 5817 1206 5872 quoque
1238 5801 1364 5854 ἵλεω
1389 5818 1485 5870 pro
1513 5801 1668 5865 ἵλεως
1693 5796 1720 5855 εἰ
1744 5802 1904 5854 libra-

338 5886 421 5924 no
445 5872 704 5944 scriptum
739 5873 972 5939 videam,
1014 5875 1144 5928 nihil
1176 5884 1258 5928 cst
1300 5889 1396 5928 cur
1428 5873 1494 5927 ad
1529 5875 1666 5930 hanc
1723 5873 1905 5941 conje-

1999 4608 2066 4660 bo
2101 4607 2314 4659 Senario
2361 4620 2573 4674 prosam
2626 4601 2928 4674 orationem
2967 4605 3112 4674 fecit.
3149 4601 3348 4674 Versus
3391 4615 3568 4656 autem

1997 4678 2210 4729 videtur
2257 4668 2560 4729 hic'fuiSsc
2609 4673 2816 4727 εκαλὸν
2875 4674 2982 4744 γὰρ
3040 4668 3274 4726 εὐλάϐει⁹
3301 4672 3420 4735 ἔθος
3466 4677 3577 4736 τοῖς

2002 4745 2326 4817 χρωμένοις,
2371 4756 2462 4798 aut.
2498 4745 2635 4817 alius
2664 4744 2861 4817 afﬁnis.

2070 4810 2186 4883 (ιιι)
2240 4814 2528 4869 Pertinere.
2575 4815 2801 4869 Locutio
2855 4813 2964 4870 illa.
3015 4810 3240 4883 Θεότητα
3287 4811 3576 4884 διακεκλη-

2003 4885 2224 4957 pias-Dat,
2267 4887 2538 4955 signiﬁcat
2564 4889 2836 4957 _pr0prie,
2875 4885 3119 4957 deitatem
3167 4884 3408 4957 sortitum
3442 4899 3576 4957 esse,

2001 4951 2095 5010 Seu
2135 4967 2272 5008 sorte
2319 4951 2482 5009 veluti
2537 4951 2762 5008 divisam
2809 4954 3097 5019 possidere.
3160 4953 3310 5017 Quod
3370 4951 3576 5006 Graecis

2002 5027 2218 5092 quidem
2271 5028 2491 5080 auribus
2535 5026 2794 5079 absonum
2863 5039 2967 5075 non
3010 5033 3118 5092 cst,
3163 5025 3238 5074 sic
3280 5023 3426 5074 enim
3487 5023 3578 5074 alii

2003 5113 2217 5165 quoque
2253 5095 2444 5150 Patres
2486 5099 2816 5164 loquuntur:
2866 5093 2956 5165 sed
2985 5091 3210 5165 _La_tina:
3242 5092 3291 5165 id
3337 5108 3441 5144 non
3502 5093 3580 5165 le—

2010 5161 2176 5220 runt":
2218 5168 2400 5236 itaque
2425 5161 2605 5221 dediia
2629 5179 2794 5234 opera
2824 5162 3114 5216 sortitionis
3137 5164 3452 5215 vocabulum
3477 5161 3584 5214 evi-

2005 5239 2130 5288 luvi.
3593 5238 3597 5242 ”

2076 5307 2185 5376 (47)
2221 5307 2521 5377 Acquirere.
2554 5304 2820 5377 Es_prima
2851 5301 3154 5377 l_’etri_u,_9.

2078 5371 2190 5448 (48)
2221 5371 2349 5430 Cum
2379 5389 2577 5448 autem.
2609 5371 2826 5448 Titini,
2852 5372 2886 5424 4
2917 5383 2969 5426 et
3002 5372 3256 5448 5._Edilio
3274 5371 3583 5448 _Bibliorum

2008 5441 2215 5517 habet:
2243 5448 2332 5499 ὅτε
2363 5449 2487 5502 δὲ...
2527 5446 2628 5499 οὐκ
2673 5444 2731 5517 ἐξ
2761 5443 2959 5517 (ἔργων
3010 5443 3117 5495 τῶν
3165 5443 3224 5496 ἐν
3269 5441 3588 5517 δικαιοσύνῃ

2005 5511 2078 5572 ὧν
2105 5521 2194 5573 ὲπ.
2229 5520 2328 5594 ius.
2363 5519 2449 5572 ἀλ.
2467 5535 2520 5571 κ.
2545 5517 2642 5594 ,τὸν
2667 5516 2728 5594 ἀ..
2755 5511 2921 5594 ἔλεον.
2967 5586 2978 5594 _
3113 5586 3126 5594 _
3155 5587 3165 5594 _
3303 5583 3336 5594 ,ν
3457 5585 3490 5594 ..

2079 5591 2191 5661 (49)
2249 5582 2326 5642 De
2376 5587 2828 5661 consubstantiali.
2869 5585 3068 5661 Eadem
3113 5586 3204 5640 hic
3238 5582 3584 5661 oriturAdilli-

2009 5653 2200 5726 cultas,
2234 5675 2352 5728 qua:
2372 5658 2526 5727 paulo
2554 5669 2700 5720 ante,
2731 5671 2900 5726 segni.
2937 5656 3006 5710 5‘2
3035 5674 3087 5723 a,
3110 5667 3228 5711 orta
3262 5665 3366 5710 est.
3396 5653 3582 5728 Quod-

2011 5746 2155 5795 nam,
2211 5725 2417 5799 quaeso,
2465 5740 2549 5784 est
2599 5725 2895 5799 capitulum
2947 5729 3111 5799 istud,
3150 5728 3230 5781 vel
3277 5733 3459 5799 caput,
3515 5725 3582 5775 tle

2010 5797 2443 5853 consubstantiali
2487 5798 2840 5864 inscriptum?
2873 5797 2950 5849 An
3001 5798 3216 5866 aliquod
3249 5797 3392 5848 aliud
3445 5810 3582 5866 opus

2014 5873 2235 5940 respicit
2286 5870 2580 5942 Didymus?
2625 5867 2798 5923 Minus
2852 5863 3144 5944 verisimile
3175 5869 3399 5923 videtur.
3443 5863 3584 5918 Nun-
