4104 6408
593 363 702 418 403
865 404 873 410 .
1343 401 1346 407 .
1868 350 2109 407 DlDYMl
2147 345 2618 404 ALEXANDRINI
3751 345 3860 401 ull.

597 487 721 539 dunt
747 481 860 556 (50)
887 481 1223 534 traditionem
1266 477 1558 542 hominum,
1607 475 1890 530 secundum
1925 475 2175 528 elementa

2289 469 2477 524 ἑαυτοῦ
2509 465 2805 536 συγγενοῦς
2829 465 3186 538 καθέστηκεν,
3223 464 3324 520 κᾶν
3356 467 3423 536 τῇ
3457 463 3750 518 ὑποστάσει
3777 469 3861 518 δι·

599 578 862 639 mundi,et
889 589 989 625 non
1007 570 1288 625 secundum
1305 567 1568 622 Christum
1588 564 1806 628 Jesum;
1839 566 1963 635 quia
1981 566 2032 616 in
2060 565 2172 629 ipso

2289 561 2530 624 ἔζευκται
2548 575 2560 585 ⁸
2591 557 2769 620 καλῶς
2789 556 2926 610 καὶὸ
2946 557 3004 611 ἐν
3031 555 3108 626 τῷ
3133 557 3436 627 κινουμένῳ
3456 555 3658 626 ἐδαφίῳ
3684 556 3858 624 λόγος,

601 665 802 717 habitat
832 662 998 714 omnis
1013 659 1284 728 plenitudo
1303 655 1597 711 diuinitatis
1618 654 1992 722 corporaliter;
2024 654 2074 707 id
2090 663 2174 707 est

2289 653 2322 703 εί
2356 651 2448 703 καὶ
2477 650 2615 717 ἄγαν
2650 646 2878 718 βαθέως,
2917 647 3029 700 ἀλλ’
3060 647 3120 699 οὐ
3169 650 3334 710 πᾶσιν
3377 646 3744 710 εὐσυνόπτως,
3782 648 3862 699 Δ.⁶

601 750 1063 813 substantialiter;
1114 763 1236 801 nam
1289 746 1378 802 ille
1423 760 1488 800 ex
1531 753 1720 798 natura
1775 754 1857 798 est
1901 743 2174 814 plenitudo

2289 740 2460 793 κὺτοῦ
2513 737 2611 792 καὶ
2652 739 2740 802 εἰς
2792 736 2980 790 αὐτὸν
3013 735 3585 789 άποκαταλλάσσειν
3609 735 3679 787 τὰ
3714 735 3863 788 πάν-

600 847 738 913 ipsa,
776 859 898 898 cum
927 841 998 897 sit
1025 851 1246 911 paterna
1296 839 1408 910 ipse
1450 837 1627 892 Deitas
1677 853 1743 892 ex
1781 836 2013 891 essentia
2047 852 2060 888 :
2092 849 2173 888 et-

2289 851 2345 886 ra
2365 850 2378 863 °
2429 833 2504 894 ώς
2535 831 2833 903 ἁρμόττειν
2876 829 2953 900 τῷ
2988 829 3102 900 Υίῷ
3154 831 3250 882 καὶ
3282 830 3341 882 τὸ
3374 828 3502 898 περὶ
3531 827 3624 880 τοῦ
3651 827 3862 897 Πατρός

599 939 742 994 enim
770 953 874 990 non
895 936 1134 1004 rapinam
1167 932 1279 1006 (51)
1305 935 1590 987 arbitratus
1621 942 1694 986 est
1715 946 1823 984 esse
1843 946 1898 983 se
1918 928 2170 996 aequalem

2289 923 2511 996 ιρησθέν
2533 941 2544 950 ’
2593 924 2687 987 Ἐξ
2709 918 2780 977 οὗ
2813 921 2882 974 τὰ
2907 920 3133 974 πάντα·
3167 921 3326 992 εἰπερ
3356 921 3526 988 ὑγιῶς
3556 920 3778 990 ἕχει,τά
3802 937 3858 972 τε

602 1030 732 1084 Deo.
759 1027 869 1084 Nos
913 1038 1093 1082 autem
1129 1041 1192 1080 ex
1235 1025 1324 1079 illo
1369 1024 1459 1094 qui
1507 1033 1592 1078 est
1621 1020 1916 1093 plenitudo,
1955 1021 2026 1076 ob
2055 1020 2174 1090 ejus

2289 1017 2372 1070 νῦν
2405 1015 2687 1089 εἰρημένα,
2745 1015 2806 1068 τό
2836 1031 2917 1076 τε,
2963 1015 3059 1066 Ἐν
3110 1012 3269 1078 αὑτῷ
3328 1013 3592 1066 κατοικεῖ
3643 1012 3764 1067 πᾶν
3795 1023 3858 1066 το

600 1121 898 1176 bonitatem
932 1119 1164 1190 gratiam
1198 1117 1526 1187 accepimus,
1545 1131 1710 1184 quam
1741 1104 1954 1179 natura,
1989 1121 2174 1183 utpote

2289 1109 2564 1179 πλήρωμα
2596 1107 2706 1176 τῆς
2738 1108 3031 1174 θεότητος.
3094 1107 3202 1158 Καὶ
3247 1106 3497 1175 Τιμοθέῳ
3533 1105 3590 1157 δέ
3623 1105 3859 1175 γράψας,

601 1214 766 1277 servi,
791 1228 897 1270 non
935 1211 1285 1275 habebamus,
1331 1210 1482 1278 juxta
1521 1206 1780 1262 Joannem
1821 1207 1912 1276 qui
1937 1206 2053 1260 ait:
2103 1203 2172 1258 Et

2289 1205 2356 1266 εις
2391 1203 2557 1272 ἀκρον
2588 1201 2938 1272 ἐθεολόγησεν
2973 1199 3102 1270 περὶ
3149 1199 3338 1262 αὑτοῦ,
3397 1199 3492 1252 καὶ
3535 1200 3627 1253 ἀπ’
3659 1199 3864 1268 ἀμφοῖν

601 1324 667 1361 ea:
694 1303 804 1378 (52)
828 1305 1147 1374 plenitudine
1182 1303 1294 1371 ejus
1323 1317 1415 1355 nos
1443 1315 1617 1354 omnes
1647 1299 2020 1368 accepimus,et
2054 1313 2174 1368 gra-

2289 1295 2382 1348 τῶν
2404 1295 2623 1361 λέξεων,
2668 1293 2730 1346 τὸ
2765 1293 2837 1364 μὴ
2879 1286 3020 1344 εἶναι
3054 1291 3196 1343 κατὰ
3227 1290 3457 1360 θεότητα
3507 1288 3660 1360 παρά
3700 1289 3862 1357 φύσιν

604 1401 733 1452 tiam
764 1413 858 1466 pro
898 1397 1106 1466 gratia,
1142 1395 1194 1448 id
1221 1401 1326 1458 est,
1360 1392 1588 1462 gratiam
1622 1391 2042 1462 regenerationis
2074 1405 2173 1459 pro

2289 1389 2372 1460 τὴν
2400 1387 2670 1458 πατρικὴν
2705 1385 2960 1451 ἐδίδαξεν.
2992 1383 3158 1438 Εἶπεν
3191 1383 3300 1456 γάρ
3320 1383 3540 1436 τοιῶσδε
3562 1399 3578 1414 ο
3622 1383 3859 1450 Ὁμολο-

2275 1482 2576 1552 τουμένως
2618 1481 2771 1550 μέγα
2808 1480 2978 1533 ἐστὶν
3026 1479 3090 1533 τὸ
3126 1477 3236 1545 τῆς
3283 1476 3592 1541 εὐσεϐείας
3623 1473 3860 1544 μυστή-

604 1592 953 1649 ιιιτεοεριυιιι,
977 1594 1083 1648 quo
1105 1579 1173 1632 ab
1200 1595 1304 1632 una
1330 1579 1506 1648 planta
1529 1579 1800 1632 abstinere
1826 1575 2169 1648 jubebamur,

2289 1591 2424 1627 οιονο
2439 1573 2573 1638 θεὸς
2597 1571 2938 1641 ἐφανερώθη
2960 1572 3029 1626 ὲν
3050 1568 3571 1644 σαρκὶ,ἐδικαιώθη
3593 1566 3860 1619 ἑνΠνεύ-

608 1671 1020 1741 repudiavimus.
1049 1669 1170 1725 Non
1186 1671 1346 1735 enim,
1363 1668 1654 1740 inquit(54)
1677 1667 1905 1736 Paulus,
1910 1667 2024 1738 jam
2047 1667 2171 1721 estis

2289 1684 2432 1731 uari,
2457 1666 2621 1735 ὤφθη
2651 1665 2922 1734 ἀγγέλοις
2947 1661 3116 1736 [3M],
3135 1663 3434 1730 ἐκηρύχθη
3459 1661 3718 1720 ἔθνεσιν,
3740 1658 3860 1710 ἐπι-

602 1762 712 1833 83
743 1763 836 1816 sub
863 1761 991 1832 lege,
1014 1771 1100 1816 sed
1125 1761 1220 1816 sub
1250 1764 1445 1832 gratia.
1463 1760 1530 1815 Et
1557 1777 1743 1816 rursus
1767 1779 1779 1816 :
1807 1759 1945 1826 Quia
1973 1760 2087 1828 (55)
2118 1761 2174 1812 in

2289 1761 2496 1826 γτεύθη
2522 1760 2591 1812 ἐν
2618 1759 2844 1828 κόσμῳ,
2905 1756 3216 1826 ἀνελήφθη
3260 1756 3330 1808 ἐν
3350 1755 3520 1821 δόξῃ.
3556 1752 3722 1807 Οὔπω
3749 1751 3857 1822 γὰρ

604 1857 716 1917 ipso
737 1855 1068 1922 contplacuit,
1111 1870 1312 1908 omnem
1348 1854 1722 1921 plenitudinem
1759 1853 2073 1918 inhabitare,
2124 1863 2173 1908 et

2289 1854 2443 1907 πᾶσιν
2489 1850 2675 1921 σαφῶς
2709 1850 2930 1922 ἔκδηλος
2958 1848 3034 1902 ὣν
3067 1844 3218 1910 οὗτος
3247 1850 3276 1900 ὁ
3309 1848 3524 1900 πάντων
3547 1861 3858 1914 γενεσιουρ-

604 1490 799 1557 gratia,
845 1503 1006 1557 quam
1049 1486 1346 1556 abjecimus
1375 1485 1508 1557 (53),
1558 1485 1773 1554 quando
1811 1483 2040 1552 primum
2081 1483 2170 1536 Dei

2279 1945 2375 2014 γὺς
2435 1944 2528 1997 καὶ
2554 1943 2870 2014 εὐεργέτης,
2935 1941 3175 2010 ἐκφανὴς
3207 1939 3427 2010 εὑρέθη,
3450 1938 3613 2008 ἡνίκα
3643 1937 3728 1990 διά
3760 1937 3861 2007 τὴν

2279 2038 2494 2091 πάντων
2518 2035 2789 2106 σωτηρίαν
2822 2032 3038 2101 ἐγένετο
3081 2030 3383 2100 ἐθελοντὴς,
3420 2031 3515 2082 καὶ⁸
3538 2028 3614 2091 ὡς
3641 2023 3720 2091 εἷς
3752 2026 3860 2079 τῶν

2279 2129 2516 2183 πάντων.
2551 2127 2713 2181 Ὅθεν
2748 2125 3054 2191 ἐδικαιώθη
3085 2125 3154 2178 ἐν
3186 2124 3502 2192 Πνεύματι,
3537 2122 3680 2175 τοῦτ’
3715 2121 3861 2173 ἔστιν

2278 2219 2592 2289 ἀπεφάνθη.
2625 2221 2708 2291 ἦτ’
2741 2214 2833 2273 οὖν
2868 2217 3190 2286 ἐϐεϐαιώθη,
3229 2215 3321 2268 καὶ
3355 2214 3503 2284 παρὰ
3522 2213 3630 2266 τῶν
3657 2214 3859 2281 ἀγνοη-

2281 2313 2486 2366 σάντων
2519 2312 2684 2364 αὑτὸν
2741 2314 2797 2364 ἐν
2850 2309 2928 2381 τῷ
2980 2308 3204 2362 ὄπισθεν
3243 2307 3420 2384 χρόνῳ
3449 2304 3702 2375 ἀληθινὸς
3722 2299 3860 2356 εἶναι

2277 2405 2409 2468 Θεός
2433 2421 2448 2436 ⁸
2475 2405 2570 2459 καὶ
2602 2403 2760 2457 τοῦτό
2785 2419 2971 2473 φησιν,
3009 2403 3110 2456 οὐκ
3136 2400 3532 2462 ἀϐασανίστως,
3575 2397 3691 2451 ἀλλ’
3723 2397 3858 2466 αὐτῇ

2278 2498 2344 2567 τῇ
2383 2496 2587 2567 ψυχικῇ
2617 2493 2773 2565 ήμῶν
2817 2494 3050 2563 κινήσει.
3095 2491 3171 2551 ὼς
3202 2492 3235 2561 ἡ
3282 2488 3434 2560 κοινὴ
3459 2488 3718 2558 συνήθεια
3749 2486 3860 2556 ἔχει

2277 2587 2455 2656 λέγειν
2475 2607 2486 2618 ’
2533 2589 2590 2639 Ὀ
2621 2587 2767 2638 δεῖνα
2790 2581 3079 2653 ἐδικαιώθη
3112 2581 3365 2650 ἀληθινὸς
3405 2575 3544 2632 εἶναι
3579 2578 3700 2640 υἱὸς
3736 2575 3858 2629 τοῦ-

2277 2681 2356 2742 δε,
2383 2679 2562 2732 πίστιν
2594 2677 2783 2746 γένους
2823 2674 3234 2748 παρασχόμενος
3254 2689 3268 2703 ο
3307 2673 3400 2725 καὶ
3418 2670 3602 2724 ἄλλοτε
3624 2685 3640 2700 ο
3676 2670 3732 2721 '0
3756 2668 3859 2720 δεῖ·

2279 2792 2343 2827 να
2372 2771 2657 2842 ἐδικαιώθη
2711 2769 2891 2832 καλῶς
2920 2765 3291 2838 ἡγεμονεύειν.
3348 2766 3458 2818 Καὶ
3490 2765 3576 2816 ἵνα
3602 2759 3861 2816 πιστικώ-

2277 2882 2441 2936 τερος.
2468 2867 2496 2918 ὁ
2527 2863 2685 2932 λόγος
2716 2864 2882 2932 φανῇ,
2909 2855 3088 2929 ὦφθαι
3115 2859 3276 2912 αὐτὸν
3299 2857 3438 2921 ἀξιοί
3461 2857 3554 2910 καὶ
3584 2854 3854 2923 ἀγγέλοις,

610 2953 811 3006 dictum
849 2960 968 3007 est:
1007 2951 1091 3006 Ex
1113 2968 1214 3022 quo
1249 2953 1362 3024 (57)
1399 2957 1674 3020 omnia;si
1706 2966 1850 3010 recte
1879 2959 2097 3028 quidem
2121 2975 2179 3013 se

2289 2952 2498 3019 οἷστισι,
2527 2955 2616 3009 διὰ
2648 2955 2747 3025 τὴν
2771 2953 2922 3006 θείαν
2948 2951 3112 3004 αὑτοῦ
3154 2951 3407 3021 ἀπειρίαν
3436 2950 3528 3002 καὶ
3557 2947 3858 3017 ἀνειδεότη-

613 3043 812 3096 habent
847 3054 901 3096 et
925 3059 1043 3112 quae
1067 3047 1226 3098 modo
1251 3045 1392 3098 dicta
1410 3057 1557 3112 sunt,
1585 3055 1634 3101 et
1661 3047 1813 3107 illud.
1839 3047 1904 3101 In
1931 3051 2041 3115 ipso
2065 3050 2175 3120 (58)

2289 3066 2369 3112 ια,
2399 3049 2630 3118 ἀόρατος
2655 3043 2722 3119 ἦν
2776 3045 2883 3116 πρὸ
2934 3045 3163 3097 ἐκείνου
3189 3043 3283 3096 τοῦ
3324 3042 3517 3112 χρόνου
3559 3040 3758 3110 ὁμοίως
3781 3039 3858 3106 τῷ

611 3133 812 3186 habitat
837 3135 1002 3187 omnis
1035 3134 1304 3203 plenitudo
1343 3137 1652 3192 divinitatis.
1703 3139 1784 3192 Ad
1836 3138 2173 3197 Timotheum

2289 3140 2426 3211 μόνῳ
2454 3139 2670 3210 ἀοράτῳ
2697 3137 2815 3208 Θεῷ
2839 3154 2851 3167 ·
2900 3137 2992 3190 καὶ
3022 3138 3114 3188 ὑπ’
3140 3137 3315 3190 αὐτῶν
3349 3131 3618 3204 ὑμνῆσθαι
3636 3149 3649 3163 ·
3707 3129 3857 3192 Δόξα

607 1961 698 2007 per
721 1961 838 1999 eum
881 1947 1218 2000 reconciliare
1265 1944 1507 1999 omniain
1553 1946 1750 2015 ipsum.
1804 1944 2175 2000 Consentanea

607 2046 736 2089 sunt
761 2037 874 2090 haec
912 2051 1127 2104 quoque
1179 2037 1582 2105 superioribus;
1635 2052 1759 2090 nam
1810 2051 1931 2091 cum
1987 2046 2174 2090 natura

609 2126 768 2182 Pater
790 2128 840 2180 in
867 2128 1024 2194 Filio,
1061 2138 1112 2183 et
1142 2127 1314 2183 Filius
1337 2129 1389 2182 in
1421 2128 1601 2192 Patre,
1629 2128 1875 2199 quamvis
1897 2128 2178 2198 bypostasi

606 2220 914 2282 distinctus.
974 2220 1222 2284 exsistat,
1279 2221 1423 2276 sicut
1471 2236 1632 2276 omne
1685 2221 1846 2275 etiam
1896 2222 2177 2290 συγγενές,

611 2313 713 2367 hoc
751 2302 835 2366 εει
871 2313 1224 2379 coexsistens,
1257 2313 1615 2382 inseparabile
1659 2314 2060 2384 quodammodo
2109 2315 2178 2368 ab

610 2405 698 2458 illo
740 2412 843 2467 est.
881 2406 1032 2474 cujus
1059 2391 1302 2474 respectu
1333 2407 1666 2461 coexsistens
1698 2416 1784 2462 est
1813 2428 1823 2462 :
1878 2406 2082 2462 idcirco
2121 2408 2175 2462 in

611 2512 698 2554 νη,
731 2496 796 2548 de
825 2509 932 2562 quo
978 2509 1159 2549 sermo
1190 2507 1292 2558 est,
1346 2494 1638 2565 Scriptura:
1683 2506 1834 2552 textu
1889 2509 2032 2552 recte
2067 2497 2176 2570 (56)

610 2586 796 2649 etiam,
827 2585 928 2640 etsi
959 2585 1109 2640 valde
1135 2587 1418 2656 profunde,
1445 2601 1508 2642 ac
1543 2588 1613 2641 ita
1642 2597 1699 2642 ut
1729 2588 1886 2644 facile
1915 2591 1966 2644 id
1993 2606 2180 2646 omnes

610 2681 825 2748 assequi
863 2690 1155 2748 nequeant,
1189 2681 1428 2735 additum
1475 2688 1600 2736 est:
1652 2677 1754 2734 Per
1789 2681 1980 2750 ipsum,
2028 2693 2078 2735 et
2125 2684 2179 2735 in

611 2773 782 2832 ipsum
816 2771 1158 2826 reconciliare
1179 2774 1354 2826 omnia
1379 2788 1398 2826 :
1430 2775 1564 2828 adeo
1591 2784 1652 2828 ut
1698 2773 1836 2829 Filio
1865 2790 2078 2844 quoque
2112 2776 2175 2828 il-

609 2863 704 2915 lud
755 2865 1063 2926 conveniat,
1109 2863 1250 2931 quod
1303 2864 1368 2918 de
1419 2863 1579 2920 Patre
1622 2866 1674 2920 in
1711 2867 1881 2921 sacris
1942 2869 2178 2923 oraculis

613 3238 828 3292 quoque
866 3224 1130 3290 scribens,
1174 3227 1368 3280 mirum
1415 3227 1468 3281 in
1507 3230 1723 3284 modum
1775 3231 2010 3302 theologi
2053 3250 2175 3288 mu-

615 3332 745 3371 nere
775 3317 993 3372 functus
1025 3330 1129 3382 est,
1158 3318 1279 3373 Filii
1307 3320 1645 3376 divinitatem
1687 3338 1971 3380 asserens:
2018 3338 2178 3396 atque

613 3408 879 3462 ambobus
914 3408 965 3462 in
993 3409 1124 3464 locis
1161 3410 1357 3478 ipsum,
1395 3422 1630 3482 spectata
1671 3414 1788 3482 ejus
1819 3414 2017 3469 deitate
2041 3417 2176 3486 (59),

613 3514 645 3551 a
703 3508 927 3567 paterna
979 3510 1170 3554 natura
1209 3501 1442 3556 alienum
1498 3519 1604 3558 non
1660 3519 1780 3560 esse
1829 3507 2049 3562 docuit:
2098 3511 2180 3564 sic

613 3590 757 3645 enim
787 3591 864 3644 ait
892 3609 906 3646 :
940 3592 1218 3660 Manifeste
1248 3592 1360 3664 (60)
1390 3611 1637 3664 magnum
1659 3607 1734 3650 est
1763 3597 1968 3666 pietatis
1999 3617 2181 3654 sacra-

583 3701 594 3717 ’
613 3693 877 3738 mentum:
913 3683 1048 3740 Deus
1079 3687 1191 3751 (61)
1221 3688 1583 3756 manifestatus
1622 3700 1700 3744 est
1729 3692 1782 3744 in
1805 3708 1981 3758 carne,
2014 3694 2178 3763 justi-

613 3775 802 3845 ﬁcatus
828 3778 978 3832 estin
1028 3778 1255 3847 Spiritu,
1303 3783 1546 3852 apparuit
1597 3783 1816 3853 angelis,
1867 3787 2178 3853 prtrdicatus

614 3876 691 3918 est
713 3868 974 3936 gentibus,
1027 3871 1256 3924 creditus
1298 3879 1375 3925 est
1421 3872 1636 3936 mundo,
1678 3883 1973 3941 assumptus
2015 3885 2087 3928 est
2125 3877 2178 3928 iu

620 4052 748 4127 quid
782 4067 944 4127 unum
987 4067 1017 4107 ο
1066 4069 1158 4109 sex
1185 4068 1247 4108 ac
1270 4053 1457 4122 viginti
1489 4053 1858 4127 superioribus
1882 4057 2186 4127 capitibus?

617 4124 672 4177 lu
697 4123 762 4194 iis
785 4123 1023 4192 quidem,
1072 4140 1192 4194 quae
1223 4135 1535 4192 supersunt,
1569 4125 1735 4179 semel
1793 4123 2002 4182 tantum
2051 4129 2184 4181 cita-

620 4204 709 4247 tur
745 4193 896 4248 locus
937 4195 1022 4248 hic
1061 4193 1311 4261 Epistola:
1342 4195 1408 4247 ad
1435 4195 1804 4261 Colossenses,
1840 4197 2047 4252 scilicet
2093 4212 2183 4252 ca-

620 4263 732 4331 pite
762 4262 848 4327 16,
873 4278 1043 4331 segm.
1079 4264 1148 4319 16
1179 4282 1233 4330 a,
1267 4264 1312 4317 si
1367 4274 1542 4318 tamen
1580 4263 1650 4317 ibi
1694 4265 1840 4320 illum
1868 4267 2046 4330 citari,
2073 4282 2179 4320 non

621 4349 750 4387 vero
798 4335 974 4405 potius
1017 4335 1230 4404 attingi,
1285 4331 1578 4405 dicendum
1611 4344 1714 4389 est.
1758 4338 1826 4390 At
1867 4338 1988 4405 quis
2028 4345 2180 4405 putet

621 4403 934 4476 capntjllud
966 4405 1031 4457 16
1064 4403 1407 4476 hic’respici‘l
1446 4403 1707 4476 Equidem
1748 4403 1971 4461 indicari
2000 4403 2180 4476 potius

2282 3231 2351 3283 ἐν
2378 3233 2659 3300 ὑψίστοις
2683 3229 2823 3295 Θεῷ,
2863 3230 2959 3282 καὶ
3002 3229 3099 3282 ἐπὶ
3131 3228 3246 3300 γῆς
3287 3227 3494 3295 εἰρήνη
3517 3242 3529 3254 ·
3554 3226 3622 3279 ἐν
3643 3223 3861 3290 ἀνθρώ-

2285 3337 2416 3387 ποις
2443 3321 2686 3376 εὐδοκία
2709 3337 2721 3349 °
2751 3320 3090 3392 κεκηρύχθαι
3123 3320 3180 3372 δὲ
3211 3321 3268 3373 ἐν
3295 3318 3428 3388 τῷδε
3456 3316 3534 3388 τῷ
3561 3317 3741 3377 παντὶ,
3767 3313 3863 3370 καὶ

2286 3413 2660 3474 πεπιστεῦθαι,
2691 3414 2882 3482 ὅτιπερ
2909 3414 2937 3466 ὁ
2957 3414 3021 3465 ἐκ
3052 3411 3144 3464 τοῦ
3167 3412 3404 3482 ἀρρήτου
3433 3409 3608 3479 φωτὸς
3622 3405 3863 3477 ἀχρόνως

2285 3505 2588 3576 ἐκλάμψας,
2623 3506 2728 3558 ἀπὸ
2769 3505 2868 3575 τῆς
2912 3504 3292 3575 ’Δειπαρθένου
3348 3505 3406 3556 ἐν
3453 3502 3702 3570 ὑστέροις
3744 3517 3866 3554 και-

2289 3602 2400 3671 ροῖς
2437 3598 2526 3652 διὰ
2555 3597 2959 3668 φιλανθρωπίαν
2976 3597 3268 3666 ἀφράστως
3288 3594 3504 3666 ἐτέχθη,
3534 3594 3602 3648 τά
3623 3593 3868 3666 πατρικὰ

2285 3692 2462 3744 πάντα
2518 3693 2757 3763 ἐκφήνας
2817 3693 2874 3743 ἐν
2937 3689 3114 3759 ἐαυτῷ
3141 3709 3153 3720 ·
3209 3687 3601 3757 ἀναϐεϐηκέναι
3653 3703 3713 3739 τε
3771 3685 3868 3739 τὸν

2285 3785 2464 3838 πάντα
2489 3783 2878 3854 περιειληφότα
2906 3783 2963 3834 ἐν
3000 3781 3146 3852 δόξῃ,
3181 3775 3323 3852 ᾖάεὶ
3355 3778 3646 3848 ἐτύγχανεν
3663 3778 3736 3830 ὢν
3767 3794 3868 3847 με-

2284 3875 2352 3928 τὰ
2379 3875 2474 3929 τοῦ
2512 3875 2667 3928 Θεοῦ.
2713 3874 3044 3938 Ἀξιόπιστος
3070 3873 3126 3926 δὲ
3159 3873 3250 3926 καὶ
3278 3872 3458 3936 αὐτὸς,
3492 3871 3619 3942 περὶ
3644 3862 3705 3922 οὗ
3734 3871 3762 3922 ὁ
3784 3869 3871 3923 λόρ

2362 4059 2475 4134 (55)
2513 4059 2676 4134 Quia.
2724 4059 2995 4134 Coloss._i,
3028 4059 3093 4134 l_9
3127 4053 3274 4110 e120
3356 4130 3369 4134 Δ
3397 4127 3422 4134 _
3694 4121 3730 4134 η

2360 4121 2470 4199 (56)
2512 4121 2676 4184 Tequ
2723 4141 2878 4184 recte.
2924 4121 2990 4182 In»
3028 4129 3234 4189 Graeco,
3283 4127 3489 4199 καλῶς,
3535 4121 3865 4199 et_reliqua.
3935 4161 3938 4164 .

2289 4194 2403 4254 Nisi
2453 4194 2706 4255 librarius
2735 4201 2935 4265 aliquid
2977 4201 3188 4260 omisit,
3225 4198 3563 4262 subintellige
3596 4194 3732 4264 ἔχει,
3768 4204 3869 4246 aut

2286 4270 2413 4338 quid
2457 4271 2650 4325 simile.
2719 4269 2966 4338 Ἐδὰφιον
3014 4285 3139 4324 vero
3177 4280 3257 4322 est
3325 4270 3385 4322 τὸ
3442 4267 3714 4338 κείμενον,
3766 4277 3867 4316 seu

2287 4336 2476 4392 textus.
2511 4339 2583 4392 lta
2616 4342 2752 4406 apud
2783 4336 3138 4394 Athanasium
3171 4339 3296 4393 dial.
3331 4340 3365 4394 '5
3402 4339 3474 4391 De
3508 4336 3680 4392 1‘rin..
3718 4342 3866 4406 tom.

2292 4408 2360 4473 ll,
2399 4424 2525 4490 pag,
2553 4405 2668 4490 329.0
2694 4430 2706 4465 ς
2731 4410 2946 4463 Μᾶλλον
2973 4410 3083 4490 γὰρ
3111 4411 3174 4461 ἐκ
3195 4409 3327 4490 ,τοῦν
3351 4408 3572 4490 ἐδαφίου
3619 4405 3870 4490 διδάσκο-

621 4472 945 4554 crediderim
971 4487 1132 4554 caput
1157 4475 1243 4554 l_5,
1272 4472 1691 4554 autfapitulum
1735 4477 1946 4554 aliquod
1988 4472 2179 4554 capitis
2209 4494 2259 4554 υ
2285 4472 2426 4554 μεν(
2468 4472 2564 4534 Ubi
2613 4480 2893 4554 interpres
2951 4472 3110 4554 veriit
3139 4497 3150 4532 :
3186 4477 3388 4554 Magis_
3420 4472 3556 4554 enim
3578 4547 3588 4554 _
3614 4479 3678 4528 ab
3735 4475 3869 4544 ipsis

622 4544 766 4616 illius
789 4545 940 4616 plura
968 4545 1239 4616 habentis
1258 4543 1548 4616 κεφάλαια.
1582 4561 1675 4599 seu
1707 4543 1960 4614 capitula,
1985 4543 2178 4616 dequo

622 4615 883 4684 dixiuiot.
918 4614 1008 4675 94.
1043 4615 1269 4684 pag.74.
1299 4613 1431 4669 Vide
1459 4616 1709 4684 segm.68
1743 4613 1793 4668 α.

692 4683 805 4751 (50)
855 4683 1174 4740 Secundum.
1226 4684 1433 4740 Coloss.
1493 4683 1551 4748 ιι,
1597 4685 1630 4739 8
1683 4696 1737 4739 et
1796 4687 1848 4742 9.
1914 4685 2190 4740 Librarius

624 4770 806 4826 porro,
841 4771 958 4810 mea
1013 4758 1226 4826 quidem
1279 4756 1567 4826 sententia,
1601 4755 1801 4826 aliquid
1853 4757 1941 4812 hic
1981 4759 2186 4810 omisit.

621 4824 762 4888 Quid
821 4827 964 4878 enim
1005 4824 1106 4880 sibi
1153 4826 1268 4880 vult
1319 4825 1444 4878 illud
1494 4825 1581 4879 διὰ
1623 4825 1698 4890 τί,
1759 4827 1807 4880 id
1855 4837 1941 4880 est
1983 4828 2191 4894 quare?

622 4897 756 4966 (lum
791 4895 954 4962 igitur
1003 4898 1054 4950 iu
1090 4897 1256 4950 citato
1296 4894 1444 4948 Pauli
1510 4895 1624 4950 loco
1667 4896 1922 4964 legatur:
1967 4896 2064 4948 Διὰ
2093 4897 2189 4966 τῆς

623 4964 939 5038 φιλοσοφίας
988 4967 1081 5020 καὶ
1113 4967 1274 5038 κενῆς
1312 4966 1546 5038 ἀπάτης,
1570 4966 1710 5018 κατὰ
1747 4966 1844 5037 τὴν
1873 4964 2187 5038 παράδοσιν,

622 5047 675 5087 et
713 5037 936 5102 reliqua,
971 5049 1078 5090 uta
1113 5037 1338 5105 Didymo
1378 5037 1650 5100 citantur;
1701 5036 1900 5091 idcirco
1933 5036 1980 5103 pi
1996 5053 2047 5100 0,
2100 5036 2192 5089 διὰ

622 5106 957 5228 :3,_lc011jicio
989 5108 1058 5160 ita
1091 5106 1374 5176 legendum
1409 5120 1550 5170 esse,
1605 5117 1662 5160 ut
1701 5108 1868 5162 habet
1895 5106 2189 5162 Bibliorum

625 5195 652 5228 υ
695 5193 706 5227 ι
741 5191 808 5228 ιυ.

625 5186 808 5230 13111110.

697 5245 808 5312 (51)
838 5245 959 5299 Non
985 5247 1244 5313 rapinam.
1270 5245 1500 5315 Philipp.
1536 5261 1598 5310 II,
1635 5245 1688 5300 6.

694 5315 806 5384 (52)
836 5315 903 5369 Et
932 5333 1017 5370 ex.
1043 5317 1196 5370 .loun.
1222 5333 1260 5378 I,
1291 5316 1377 5370 16.

696 5385 809 5456 (55)
863 5387 1181 5456 Abjecimus.
1239 5387 1342 5441 Pro
1395 5386 1762 5456 ἀπελάϐομεν,
1811 5385 1948 5455 lego.
1990 5387 2193 5440 ἀπεδά-

623 5456 810 5526 λομεν.
863 5457 994 5510 Nam
1046 5457 1110 5510 τὸ
1143 5457 1550 5528 ἀπολαμϐάνειν
1587 5458 1687 5527 τὴν
1715 5458 1871 5528 χάριν
1907 5460 2029 5511 huic
2077 5462 2192 5511 loco

629 5528 839 5580 \iuetur
871 5530 1047 5582 minus
1078 5538 1437 5596 opportunum
1473 5547 1485 5580 :
1519 5529 1722 5582 librarii
1776 5544 1901 5581 Vero
1933 5543 2035 5581 non
2070 5544 2192 5582 raro

626 5597 850 5650 alteram
883 5613 1067 5652 vocem
1091 5615 1188 5666 pro
1209 5600 1376 5652 altera
1397 5601 1642 5652 scribunt
1677 5600 1728 5652 in
1768 5599 1993 5653 vetustis
2029 5616 2195 5654 ineui-

625 5666 829 5738 branis,
858 5679 915 5738 ut
939 5677 1131 5724 norunt
1175 5672 1266 5738 qui
1301 5685 1393 5722 eas
1433 5667 1681 5721 ενοιιριο
1705 5679 2120 5723 consueverunt.

664 5736 810 5821 ,(54)
868 5737 1065 5808 Inquit.
1129 5736 1282 5794 Ilum.
1327 5754 1400 5802 Vi,
1444 5741 1530 5804 14,
1571 5740 1658 5795 ubi
1689 5739 1902 5811 legitur,
1953 5740 2035 5804 οὐ,
2096 5755 2193 5812 pro

622 5825 802 5862 ουκετι

2295 4551 2650 4619 fundamentis
2681 4551 2972 4603 erudimur.
3008 4551 3112 4602 Sed
3153 4565 3257 4601 nun
3287 4549 3421 4604 salis
3450 4547 3698 4603 feliciter.

2364 4619 2476 4690 (57)
2519 4617 2601 4672 Ea:
2634 4637 2758 4690 quo.
2801 4621 2819 4673 l
2854 4623 2918 4690 ad
2945 4619 3072 4675 Cor.
3100 4635 3216 4682 vui,
3248 4619 3300 4673 6.

2365 4689 2475 4759 (58)
2514 4691 2721 4744 Coloss.
2756 4707 2814 4750 ιι,
2849 4689 2902 4744 9.

2367 4757 2476 4827 (59)
2519 4759 2740 4812 Deitate.
2784 4761 3146 4814 Eunomianos
3184 4761 3387 4830 carpit,
3423 4759 3511 4829 qui
3550 4757 3716 4810 Deum
3744 4759 3869 4825 qui-

2296 4831 2417 4885 dem
2453 4830 2703 4902 dicebant
2733 4830 2950 4894 Filium,
2994 4832 3084 4902 sed
3115 4830 3439 4902 ὁμώνυμον,
3464 4831 3512 4883 id
3544 4837 3648 4902 es}.
3691 4831 3866 4902 tequif

2298 4916 2429 4954 voce
2480 4900 2559 4953 sic
2609 4914 2878 4962 vocatum.
2936 4912 2987 4953 et
3029 4896 3172 4954 Patri
3222 4896 3554 4955 dissimilem.
3591 4896 3770 4967 Lege,
3822 4899 3868 4953 si

2299 4973 2494 5038 placet.
2533 4985 2676 5023 xxxv
2739 4970 2980 5036 Gregorii
3014 4969 3340 5026 Nazianzeni
3375 4970 3698 5031 orationem,
3740 4984 3865 5038 pag.

2298 5040 2392 5094 571
2457 5041 2588 5092 edit.
2631 5039 2986 5095 Coloniensis.

2369 5111 2478 5178 (60)
2521 5109 2819 5178 Manifeste.
2863 5109 2880 5162 Ι
2951 5109 3067 5164 Tim
3112 5125 3227 5173 ttt,-
3275 5110 3360 5164 16.
3423 5109 3608 5164 Graeca
3649 5107 3864 5178 editio:

2311 5181 2397 5232 Ἐν
2449 5177 2679 5232 ἔθνεσιν.
2715 5181 2787 5232 At
2834 5181 3078 5234 voculam
3136 5181 3300 5246 illam,
3351 5183 3430 5245 ἐν,
3489 5195 3663 5248 neque
3709 5177 3866 5245 Vulg.

2299 5251 2563 5321 interpres
2593 5250 2942 5321 legiltneque
2978 5251 3250 5321 Didymus.
3349 5320 3354 5321 ν
3569 5319 3584 5321 _
3629 5317 3638 5321 Α
3733 5319 3742 5321 _
3795 5257 3802 5263 ’

2372 5320 2480 5388 (61)
2524 5317 2684 5372 Deus.
2729 5317 2913 5374 Graeca
2943 5317 3100 5372 etiam
3143 5323 3306 5374 editio
3345 5320 3524 5383 habet,
3554 5317 3686 5380 Θεὸς
3729 5319 3874 5385 ἐφα-

2298 5390 2531 5462 νερώθη,
2557 5390 2734 5462 idest,
2764 5389 2902 5442 Deus
2937 5390 3301 5462 nmuifestutus
3328 5403 3422 5455 est,
3456 5403 3525 5462 ut_
3548 5389 3672 5457 legit
3705 5389 3878 5458 Didy-

2301 5458 2441 5514 Inus.
2480 5458 2584 5513 Sed
2612 5458 2764 5526 Vulg.
2801 5465 2895 5513 int.
2937 5462 3094 5513 habet
3126 5477 3139 5512 :
3177 5461 3328 5525 Quod
3355 5460 3744 5524 manifestatum
3769 5473 3871 5512 est.

2299 5530 2583 5585 Liberatus
2637 5545 2764 5584 vero
2819 5531 3074 5600 diaconus
3117 5531 3167 5583 in
3212 5531 3520 5600 Breviario,
3571 5546 3691 5600 cap.
3748 5530 3869 5583 £9:

2301 5600 2418 5654 Hoc
2467 5611 2712 5665 tempore,
2746 5601 2950 5668 inquit,
2999 5599 3340 5654 Macedonius
3385 5599 3879 5667 Constantinopoli-

2302 5682 2454 5723 tanus
2507 5672 2774 5737 episcopus
2833 5672 2896 5722 ab
2965 5671 3272 5735 imperatore
3335 5672 3615 5723 Anastasio
3673 5673 3878 5722 dicitur

2300 5741 2578 5806 expulsus,
2620 5751 2864 5808 tanquam
2916 5739 3194 5808 Evangelia
3240 5740 3498 5809 {'alsussrt.
3547 5752 3594 5792 et
3639 5744 3875 5792 maxime

2301 5812 2432 5865 illud
2483 5812 2710 5880 Apostoli
2756 5811 2948 5863 dictum
2982 5825 2999 5862 .'
3038 5829 3054 5860 ι
3095 5810 3231 5874 Quiu
3278 5815 3517 5880 apparuit
3573 5815 3624 5863 in
3676 5828 3870 5874 arrnc,
