4104 6408
381 373 490 427 405

1474 376 1564 431 DE
1602 376 1972 435 TRINITATE
2006 377 2207 434 LIBER
2246 377 2523 435 PRIMUS.

3519 377 3631 436 ωδ

372 501 492 552 γος,
522 486 587 553 τῇ
624 483 728 555 ἰδίᾳ
762 485 1054 557 μαρτυρῶν
1103 485 1334 558 θεότητι,
1389 490 1479 541 καὶ
1519 492 1817 560 κυριότητι,
1869 493 1961 545 καὶ

2072 492 2253 560 gloria.
2303 492 2436 545 Cum
2486 491 2628 543 eiiim
2693 489 2965 545 beneﬁcus
3008 490 3107 543 iste
3157 503 3334 543 rerum
3387 491 3628 546 omnium

372 576 569 644 λέγων,
600 579 753 646 παρὰ
802 578 1066 649 Ματθαίῳ
1099 580 1217 648 μὲν,
1270 580 1402 651 πρὸς
1434 582 1523 633 τὸν
1557 582 1798 636 διάϐολον
1820 600 1833 613 ·
1877 588 1957 637 Οὐ

366 669 456 737 μὴ
485 668 782 735 πειράσῃς
810 670 1028 736 Κύριον
1055 671 1160 722 τὸν
1199 672 1347 723 Θεόν
1371 688 1486 725 σου
1510 688 1524 703 ο
1550 673 1699 742 παρά
1744 674 1961 746 Ἰωάννῃ

372 761 466 821 δὲ,
508 761 641 830 πρὸς
703 762 829 823 τοὺς
866 761 1194 825 ἀποστόλους
1219 779 1232 791 ·
1303 761 1498 831 ’Υμεῖς
1556 754 1801 832 φωνεῖτέ
1848 782 1955 833 με’

385 854 450 903 ’0
485 854 718 920 Κύριος,
751 852 849 905 καὶ
877 855 908 905 ό
929 851 1296 920 διδάσκαλος
1319 872 1332 886 ο
1366 855 1462 907 καὶ
1494 854 1689 919 καλῶς
1721 854 1924 925 λέγετε
1943 873 1958 888 ο

378 949 495 1016 εἰμὶ
524 949 654 1017 γάρ.
686 948 888 1019 Θωμᾶς
917 950 975 1001 δὲ
1009 952 1102 1003 καὶ
1132 951 1338 1014 τύπους
1370 953 1535 1020 ἥλων,
1579 951 1671 1014 οὒς
1704 951 1860 1021 ἔσχεν
1889 950 1956 1003 δι’

382 1044 531 1111 ἡμᾶς
559 1044 687 1110 παρ’
718 1042 873 1112 ἡμῶν
902 1043 930 1095 ὁ
966 1042 1153 1113 Σωτὴρ
1184 1044 1258 1106 ὡς
1284 1043 1678 1113 φιλάνθρωπος,
1707 1040 1960 1112 ψηλαφή-

388 1133 606 1195 σας,οὑκ
622 1131 1069 1205 ὲταρὰχΘηᾸΞίἹα]
1085 1133 1201 1186 οὐδὲ
1216 1134 1525 1202 καθυφῆκεν
1541 1133 1636 1202 τῆς
1653 1133 1779 1201 περὶ
1796 1129 1960 1184 αὐτοῦ

388 1225 643 1277 ἀνωτάτω
670 1225 849 1293 δόξης.
892 1226 1184 1277 Ἢπίστατο
1212 1226 1338 1295 γὰρ,
1372 1224 1447 1287 ὡς
1490 1223 1653 1294 μόνης
1677 1224 1774 1293 τῆς
1804 1222 1962 1273 αὐτο-

388 1320 719 1388 κρατορικῆς
757 1316 1189 1387 ἁπειροδυνὰμου
1226 1316 1319 1368 καὶ
1352 1314 1708 1383 ἀγαθωτάτης
1753 1312 1962 1382 φύσεως

382 1404 470 1476 ἦν,
498 1409 559 1459 οὐ
592 1408 697 1477 μὴν
720 1408 775 1460 δὲ
805 1409 1049 1475 κτιστῆς,
1085 1406 1145 1458 τὸ
1171 1406 1327 1476 μόνον
1369 1405 1468 1473 οὐχ
1506 1403 1644 1473 ὑπὲρ
1676 1402 1819 1455 ίδίων
1850 1419 1963 1454 κτι-

384 1500 611 1568 σμάτων
641 1497 848 1557 παθεῖν.
887 1497 1019 1552 ἀλλὰ
1048 1498 1141 1550 καὶ
1199 1496 1489 1566 καθολικὴν
1543 1496 1609 1564 ἦν
1640 1511 1839 1563 φαμεν,
1870 1493 1965 1545 καὶ

379 1590 610 1660 γενικὴν
642 1589 929 1660 σωτηρίαν,
979 1590 1072 1642 καὶ
1098 1590 1300 1658 ταύτην
1332 1587 1561 1650 altovid);
1598 1584 1961 1656 δωρήσασθαι.

380 1681 680 1751 Τοιγάρτοι
712 1679 1001 1733 κάντεῦθεν
1035 1680 1230 1750 μᾶλλον
1259 1678 1649 1748 ὲπιθαᾴσήσας,
1682 1675 1964 1745 ἀντεισφέ-

383 1789 468 1841 ρει
520 1770 673 1841 αὐτῷ
726 1770 824 1840 τὴν
877 1769 1099 1839 βεϐαίαν
1132 1769 1331 1833 πίστιν,
1397 1769 1490 1820 καὶ
1519 1768 1856 1836 ἀνευφημεῖ·
1903 1766 1962 1817 '0

2062 584 2321 639 Conditor
2360 584 2595 638 nondum
2644 594 2826 653 aperte
2853 582 3105 635 omnibus
3135 582 3509 635 manifestatus
3542 596 3628 637 es-

2062 686 2166 739 set,
2199 686 2325 729 tunc
2352 674 2667 729 manifestus
2700 673 2873 727 factus
2910 683 3012 734 est,
3046 673 3262 742 quando
3292 672 3361 726 ob
3388 674 3626 726 omnium

2062 765 2287 819 salutem
2336 765 2637 818 voluntarie
2682 764 2846 817 etiam
2898 763 3039 816 sicut
3080 777 3217 815 unus
3264 775 3331 814 ex
3378 761 3630 816 omnibus

2061 854 2235 909 factus
2274 864 2390 908 est:
2428 854 2917 923 nndejnstilicatns
2943 860 3025 905 est
3072 854 3122 905 in
3174 852 3400 931 Spiritu,
3429 852 3482 905 id
3524 861 3626 917 est,

2063 945 2359 999 allirmatus
2390 945 2508 1008 fuit,
2551 956 2642 998 aut
2673 943 3140 998 conﬁrmatus.ab
3185 943 3250 997 iis
3303 943 3489 1007 etiam,
3538 946 3627 1011 qui

2063 1050 2184 1088 eum
2225 1044 2377 1088 antea
2415 1033 2755 1101 ignorabant,
2785 1048 2948 1087 verus
2980 1031 3156 1097 Deus;
3188 1033 3346 1099 idque
3381 1047 3484 1085 non
3515 1032 3631 1085 sine

2064 1127 2330 1186 examine,
2382 1126 2576 1194 inquit,
2624 1127 2715 1178 sed
2780 1124 2891 1193 ipsa
2937 1125 3129 1177 animae
3164 1131 3357 1176 nostrzc
3397 1123 3632 1177 motione

2064 1226 2339 1285 peractum
2362 1228 2445 1269 est
2473 1230 2487 1268 :
2518 1226 2678 1283 atque
2701 1215 2802 1268 hoc
2824 1230 2983 1269 sensu
3007 1228 3348 1268 communem
3378 1213 3629 1281 loquendi

2064 1309 2506 1362 consuetudinem
2538 1309 2707 1362 secuti
2739 1307 2920 1361 dicere
2944 1321 3324 1374 nonnunquam
3355 1305 3626 1359 solemus:

2064 1401 2156 1455 Ille
2181 1398 2469 1469 ἐδικαιώθη
2509 1399 2644 1467 (sive
2670 1397 2992 1469 justilicatns
3019 1397 3121 1468 est)
3162 1411 3322 1451 verus
3355 1397 3495 1451 ﬁlius
3534 1397 3633 1449 hn-

2060 1491 2167 1559 jus,
2229 1506 2396 1560 genus
2455 1507 2631 1553 suum,
2665 1497 2825 1558 atque
2878 1489 3139 1555 originem
3193 1488 3629 1557 comprobando:

2064 1589 2117 1632 et
2148 1595 2562 1649 nonnunquam:
2604 1580 2693 1634 Ille
2728 1580 3017 1649 ἐδικαιώθη
3054 1578 3166 1651 84.
3190 1579 3405 1650 [nempe
3428 1578 3629 1646 justiﬁ-

2065 1684 2220 1727 catus
2247 1672 2353 1745 est]
2386 1685 2534 1727 recte
2569 1674 2966 1727 administrare.
2999 1673 3116 1738 Quo
3165 1671 3420 1739 majorem
3450 1682 3631 1725 autem

2065 1765 2131 1818 ad
2166 1765 2590 1833 persuadendum
2624 1780 2802 1818 sermo
2836 1766 2942 1817 vim
2978 1764 3193 1827 habeat,
3238 1764 3412 1831 ipsum
3466 1762 3630 1814 etiam

382 1840 604 1926 Κύριός
626 1840 765 1929 μου,
793 1860 890 1913 καὶ
920 1864 952 1913 o'
980 1862 1122 1925 Θεός
1149 1878 1287 1929 μου.
1346 1860 1455 1913 Καὶ
1486 1862 1544 1911 ὲν
1583 1861 1699 1920 ταῖς
1730 1856 1959 1909 Καθολι-

2072 1856 2132 1910 ab
2161 1855 2364 1924 angelis
2392 1856 2564 1909 visum
2594 1870 2712 1911 esse
2735 1855 2914 1920 addit;
2941 1856 3154 1923 quibus,
3175 1870 3239 1909 eo
3264 1854 3407 1921 quod
3431 1852 3629 1907 divinae

384 1958 515 2017 καῖς
542 1954 602 2006 δὲ
648 1952 1007 2014 Ἐπιστολαῖς,
1066 1952 1122 2018 ἐξ
1174 1954 1288 2005 ἴσου
1328 1952 1419 2004 καὶ
1466 1950 1823 2020 ὀμοιολέκτως
1872 1948 1961 2001 τὸν

386 2045 518 2098 Υξδν
541 2044 621 2114 τῷ
646 2044 817 2114 [largi
834 2043 1224 2110 Θεοὶογοῦντες,
1253 2043 1516 2113 ἔγραψαν,
1540 2043 1614 2105 ὼς
1642 2042 1961 2113 πῳελέχθη,

398 2135 653 2202 Ἰωάννης
686 2134 781 2201 μὲν
824 2136 852 2186 ὁ
891 2133 1059 2195 πολὺς
1105 2135 1162 2186 ὲν
1208 2134 1497 2202 θεολόγοις,
1540 2134 1649 2186 Καὶ
1700 2132 1966 2201 οἴδαμεν,

383 2225 579 2293 φησιν,
636 2223 723 2276 ὅτι
761 2227 795 2277 ό
859 2226 1051 2292 Λόγος
1077 2223 1181 2277 τοῦ
1218 2224 1365 2278 Θεοῦ
1410 2224 1574 2290 ἣκει·
1614 2224 1713 2278 καὶ
1749 2224 1968 2277 ἔδωκεν

384 2313 537 2381 ἡμῖν
587 2312 893 2376 διάνοιαν,
953 2315 1053 2366 ἵνα
1095 2312 1475 2383 γινώσκωμεν
1522 2314 1629 2367 τὸν
1678 2314 1968 2381 ἀληθινὸν

389 2403 564 2469 Θεὸν,
591 2404 687 2456 καὶ
717 2403 903 2472 ἐσμὲν
928 2404 999 2457 ἐν
1022 2404 1100 2468 τῷ
1126 2403 1387 2471 ἀληθινῷ
1417 2404 1497 2470 τῷ
1538 2404 1647 2470 Υἱῷ
1675 2405 1781 2459 τοῦ
1816 2404 1973 2459 Θεοῦ

401 2492 615 2560 Ἰησοῦ
664 2494 910 2562 Χριστῷ.
972 2491 1157 2560 Οὗτός
1209 2496 1378 2548 ἐστιν
1408 2499 1441 2550 ό
1484 2497 1768 2563 ἀληθινὸς
1799 2498 1962 2562 Θεὸς,

389 2586 495 2638 καὶ
524 2584 637 2653 ζωὴ
658 2584 908 2651 αἰώνιος.
948 2585 1156 2651 Ἀλλον,
1183 2586 1367 2657 φησιν,
1419 2587 1493 2657 μὴ
1535 2586 1685 2658 ζήτει
1712 2591 1777 2658 τῇ
1809 2589 1965 2658 οὐσίᾳ

388 2680 547 2736 Θεὸν.
572 2679 606 2748 ἢ
641 2678 767 2731 Υίδν
813 2677 967 2731 Θεοῦ.
1019 2679 1110 2740 Δὶς
1140 2679 1247 2749 γὰρ
1305 2674 1453 2732 εἶπόν
1487 2696 1568 2732 σοι
1595 2682 1687 2733 ἐπὶ
1714 2680 1874 2733 αὑτοῦ
1906 2680 1967 2734 τὸ

390 2768 671 2839 ἀληθινὸν,
730 2770 813 2821 rm
834 2786 892 2821 τε
938 2768 1065 2829 Υἱὸς
1117 2769 1386 2838 ἀληθινὸς,
1421 2770 1515 2822 καὶ
1543 2769 1674 2834 Θεὸς
1698 2771 1964 2842 ἀληθινὸς,

389 2859 645 2922 δεδωκὼς
670 2860 902 2912 διάνοιαν
936 2862 1046 2922 τοῖς
1077 2859 1260 2913 λαϐεῖν
1292 2861 1489 2925 ἀξίοις·
1547 2861 1685 2915 ὥστε
1716 2862 1859 2932 ἔχειν
1893 2864 1967 2915 εί-

390 2952 547 3003 ὂέναι
572 2952 649 3013 ὡς
677 2951 889 3020 ἀληθῶς
915 2950 1254 3020 γεγέννηται,
1286 2953 1379 3004 καὶ
1407 2952 1618 3021 ἀληθῶς
1640 2954 1754 3005 ἐστι,
1782 2952 1858 3023 τῷ
1885 2970 1969 3005 τε·

2069 1960 2211 2003 esset
2259 1964 2323 2002 ac
2379 1946 2600 2001 inlinitm
2656 1958 2882 2010 naturaz,
2940 1948 3213 2015 formaque
3257 1946 3371 2016 (62)
3400 1955 3633 2007 careret,

2070 2040 2357 2095 invisibilis
2389 2050 2516 2094 ante
2546 2040 2672 2097 illud
2705 2050 2913 2109 tempus
2952 2048 3069 2092 erat
3116 2054 3266 2105 teque
3305 2053 3366 2092 ac
3410 2037 3501 2091 ille
3541 2037 3632 2106 qui

2067 2133 2263 2185 dicitur
2288 2132 2340 2184 in
2375 2130 2649 2199 Scriptura
2685 2131 2793 2199 (65)
2829 2132 2973 2183 solus
3026 2131 3309 2183 invisibilis
3351 2129 3528 2182 Dens:
3580 2138 3635 2180 et

2070 2222 2137 2274 ab
2167 2222 2297 2290 ipsis
2326 2230 2597 2275 cantatum
2633 2235 2755 2275 esse
2787 2224 3043 2290 hymnum
3095 2220 3280 2273 illum:
3308 2216 3491 2271 Gloria
3522 2216 3633 2285 (64)

2068 2315 2121 2365 in
2144 2313 2415 2366 altissimis
2446 2313 2577 2379 Deo,
2610 2325 2655 2365 et
2678 2315 2733 2365 in
2762 2324 2898 2366 terra
2929 2329 3057 2381 pax,
3087 2314 3141 2365 in
3180 2313 3476 2365 hominibus
3501 2311 3636 2364 bona

2068 2406 2325 2460 voluntas.
2362 2404 2497 2458 Eum
2546 2420 2672 2459 vero
2718 2404 3065 2473 praedicatum
3119 2417 3238 2458 esse
3268 2403 3319 2455 in
3369 2403 3471 2455 hoc
3515 2402 3637 2454 nni-

2070 2513 2249 2561 verso,
2281 2498 2615 2552 etcreditum
2645 2510 2764 2550 esse
2794 2496 2962 2561 addit,
3000 2496 3125 2563 quia
3155 2496 3243 2563 qui
3272 2510 3336 2548 ex
3381 2494 3634 2549 ineffabili

2070 2590 2187 2643 luce
2222 2591 2289 2644 ab
2319 2599 2519 2643 artemo
2547 2588 2735 2653 eluxit,
2765 2602 2796 2641 e
2828 2602 3039 2656 semper
3068 2585 3281 2656 Virgine
3307 2584 3422 2656 (65)
3458 2592 3636 2654 poste—

2074 2681 2309 2735 rioribus
2344 2680 2672 2745 temporibus
2711 2680 2779 2732 ob
2811 2693 2961 2733 snam
2995 2676 3375 2746 benignitatem
3428 2676 3480 2729 in
3539 2675 3636 2728 ho-

2042 2772 2246 2825 mines
2284 2768 2626 2824 ineliabiliter
2655 2779 2813 2823 natus
2848 2778 2950 2832 est,
3001 2782 3064 2822 ac
3102 2768 3283 2820 omnia
3336 2766 3388 2820 in
3435 2776 3636 2821 semet-

2074 2864 2188 2932 ipso
2231 2863 2613 2925 manifestavit,
2671 2876 2791 2930 qua
2842 2860 3016 2916 Patris
3067 2869 3211 2916 sunt.
3268 2860 3332 2913 Et
3365 2874 3489 2912 eum
3544 2862 3635 2928 qui

2075 2957 2253 3011 omnia
2286 2954 2714 3024 comprehendit,
2751 2955 3058 3009 ascendisse
3106 2954 3181 3006 ait
3228 2953 3282 3007 in
3329 2953 3522 3023 gloria,
3581 2956 3635 3007 in

393 3046 551 3098 κὸντι
607 3044 726 3115 Θεῷ
756 3045 1037 3115 ὁμοούσιος
1059 3062 1071 3075 ·
1117 3045 1315 3109 Ἰούδας
1363 3045 1420 3097 δὲ
1449 3048 1476 3098 ὁ
1499 3047 1578 3109 εἰς
1609 3046 1735 3108 τοὺς
1757 3046 1969 3099 δυοκαί-

2075 3064 2181 3119 qua
2212 3064 2423 3117 semper
2448 3047 2697 3101 fuitetnn
2743 3048 2870 3101 Deo.
2918 3047 3045 3100 Fide
3090 3060 3266 3100 autem
3316 3046 3506 3114 dignus
3555 3055 3638 3099 est

399 3226 748 3291 iustiﬁcatam
776 3233 848 3276 est
880 3228 931 3277 in
958 3224 1174 3289 Spiritu.
1206 3244 1225 3277 ι
1270 3224 1426 3277 Hunc
1454 3227 1589 3279 enim
1620 3236 1847 3278 mutasse
1881 3227 1969 3279 ubi

403 3299 581 3352 habet.
607 3294 688 3358 ὃς,
715 3295 768 3345 id
794 3304 887 3357 est,
917 3296 1029 3362 qui,
1055 3296 1463 3362 monosyllabum
1507 3295 1767 3360 Crivcum,
1795 3298 1968 3349 littera

404 3312 581 3352 quoet.
607 3312 688 3358 ος,
715 3312 767 3345 ια
794 3312 887 3357 est,
917 3312 1029 3362 ψη,
1055 3312 1228 3348 monos
1270 3312 1463 3347 uanum
1507 3312 1767 3360 (mecum,
1795 3312 1968 3349 tutera

404 3375 612 3418 ululata
640 3382 670 3417 ο
702 3365 750 3415 in
776 3382 841 3422 ω.
865 3367 1098 3422 vertisse.
1130 3376 1177 3417 et
1222 3312 1402 3433 [icisse
1437 3365 1531 3431 ὡς,
1573 3366 1623 3420 id
1655 3378 1727 3418 est
1757 3377 1810 3419 ut
1844 3377 1971 3419 esset

412 3436 572 3496 Deus,
606 3434 847 3501 apparuit
878 3450 969 3502 per
995 3450 1221 3488 carnem.

486 3504 591 3573 (δί)
618 3502 931 3571 Formaque.
964 3504 1017 3556 In
1043 3504 1250 3564 (ξι-ατο.
1267 3504 1629 3574 ἀνειδεότητα.
1657 3503 1788 3559 Cum
1812 3519 1971 3572 porro

415 3576 555 3639 apud
580 3575 908 3643 Clementem
940 3579 989 3627 in
1019 3583 1211 3641 quarto
1233 3574 1559 3628 Stromatum
1583 3576 1789 3643 legatur
1814 3589 1973 3628 voca-

417 3644 620 3715 bulum,
651 3642 911 3706 ἁνείδεος,
944 3645 1159 3710 coniicit
1188 3642 1967 3715 Sylhnrgiuslegendumesse,

412 3713 637 3775 ἁνίδεος,
665 3724 723 3765 ιιι
753 3714 823 3765 sit
851 3730 953 3767 non
978 3731 1006 3768 a
1050 3729 1174 3767 voce
1202 3711 1358 3776 εἶδος.
1391 3711 1482 3768 sed
1520 3731 1547 3766 a
1574 3711 1703 3767 voce
1744 3713 1873 3768 ἰδέα.
1905 3716 1975 3768 At.

410 3800 515 3836 Vox
547 3785 764 3851 quidem
804 3783 1036 3844 ἀνείδεος
1071 3785 1119 3836 in
1148 3788 1370 3839 vetustis
1395 3785 1749 3852 scriptoribus
1776 3786 1973 3850 saepius

406 3855 671 3913 occiirrit,
716 3868 816 3923 vos
860 3869 983 3906 vero
1024 3855 1228 3918 ἀνίδεος
1273 3856 1409 3908 haud
1468 3858 1581 3907 scio
1637 3870 1702 3907 an
1750 3870 1971 3923 usquam

409 3925 739 3991 reperiatur.
773 3922 955 3992 Neque
984 3939 1112 3978 vero
1144 3925 1355 3979 censori
1389 3924 1524 3978 alias
1556 3940 1585 3977 a
1628 3938 1713 3977 me
1738 3922 1975 3979 comme-

410 4004 628 4048 morato
680 4006 791 4063 not.
830 3994 922 4058 40,
984 4009 1105 4062 pag.
1143 3995 1231 4058 55,
1267 3994 1513 4049 assentiri
1573 4008 1808 4063 possum,
1860 3995 1973 4063 qni,

407 4065 633 4133 tametsi
660 4062 743 4114 vel
784 4063 1124 4117 membranas
1161 4066 1322 4133 ipsas,
1355 4080 1384 4116 e
1417 4062 1609 4132 quibus
1646 4080 1780 4132 opus
1812 4062 1977 4118 hocce

405 4132 828 4200 exscripseram,
864 4133 1002 4186 I’etri
1024 4132 1306 4189 Lomhardi
1332 4142 1489 4188 astate
1510 4134 1838 4202 antiquiores
1858 4149 1978 4189 esse

411 4202 766 4265 monuissem,
824 4204 874 4255 in
920 4201 1163 4258 Parisina
1218 4215 1394 4260 tamen
1428 4201 1771 4270 Ephemeride
1813 4219 1974 4272 supeo

408 4274 578 4326 rioris
608 4273 733 4324 anni
776 4272 910 4325 I764
952 4275 1063 4327 haec
1092 4275 1305 4343 scripsit
1336 4291 1350 4327 :
1382 4272 1478 4326 Les
1524 4285 1652 4326 mols
1684 4275 1808 4326 dont
1838 4274 1975 4325 t‘nu-

411 4353 534 4395 teur
560 4342 648 4394 des
682 4343 806 4393 trois
842 4345 995 4396 lirres
1021 4360 1075 4397 se
1105 4342 1233 4406 sert,
1265 4343 1709 4412 n’appartiennent
1737 4345 1879 4410 point
1906 4360 1977 4396 au

409 4413 550 4481 ster
581 4414 651 4463 du
686 4421 761 4464 ιν·
791 4413 975 4477 siécle;
1008 4416 1135 4467 mais
1166 4415 1281 4467 bien
1311 4414 1343 4466 ὰ
1373 4423 1500 4466 cette
1522 4414 1854 4482 scolastique,
1885 4414 1975 4482 qui

412 4480 477 4533 ne
503 4484 583 4548 [ut
612 4482 841 4534 inrentée
868 4499 965 4551 que
986 4485 1246 4549 plnsieurs
1270 4484 1441 4535 siecles
1471 4483 1637 4551 aprés.
1677 4480 1785 4533 Par
1805 4480 1979 4536 exent-

409 4552 519 4619 ple.
560 4551 691 4604 Dieu
720 4568 752 4620 y
774 4562 847 4604 est
877 4554 1054 4621 appelé
1080 4552 1345 4623 ἀμέγεθες
1380 4552 1806 4623 (emendandum
1837 4565 1981 4621 typo-

411 4622 609 4693 graphi
646 4620 915 4693 erratum,
938 4639 1006 4677 ac
1037 4620 1315 4693 legendum
1348 4620 1658 4693 ἀμεγέθης)
1695 4622 1790 4674 καὶ
1836 4620 1979 4676 ἀνεί-

409 4692 557 4753 δεος,
593 4707 716 4743 sans
745 4692 1005 4757 grandeur
1037 4691 1245 4747 et'sans
1280 4693 1463 4759 forme.
1511 4691 1738 4745 N’esi-ce
1786 4710 1880 4760 pas
1926 4694 1980 4747 Ιὰ

413 4778 518 4813 une
555 4761 741 4827 phrase
778 4764 839 4814 de
869 4760 1049 4815 Pierre
1074 4763 1335 4816 Lombard
1356 4801 1371 4826 ,
1411 4778 1476 4814 ou
1506 4763 1568 4814 de
1588 4764 1802 4830 que/que
1830 4776 1978 4818 autre

412 4832 707 4903 theologica
762 4831 824 4883 de
873 4848 967 4903 son
1015 4833 1213 4898 temps?
1254 4834 1325 4885 De
1356 4846 1503 4903 voc};
1546 4833 1822 4903 ἀμεγέθης
1869 4835 1977 4887 dixi

414 4912 531 4974 not.
550 4901 619 4954 65
646 4901 710 4953 ad
726 4916 844 4971 pag.
864 4902 952 4964 59,
979 4904 1107 4957 etad
1122 4920 1289 4974 segni.
1306 4901 1436 4956 51a.
1462 4899 1659 4955 Vocem
1674 4899 1677 4900 ⁷
1691 4899 1816 4956 vero
1844 4903 1980 4956 ἀνεί-

412 4972 557 5043 δεος,
593 4984 649 5024 ιιι
676 4974 777 5023 alia
810 4975 1052 5043 omittam
1085 4972 1326 5041 exeinpla
1348 5014 1362 5037 ,
1408 4974 1647 5043 reperiet
1687 4988 1877 5027 censor
1924 4974 1976 5027 in

414 5042 741 5105 Jamblicho,
787 5051 836 5094 et
868 5043 917 5094 in
952 5042 1186 5096 Sallustii
1222 5044 1355 5096 libro
1398 5042 1489 5095 De,
1517 5043 1616 5094 diis
1648 5053 1693 5095 et
1758 5044 1974 5105 mundo,

415 5130 542 5180 cap.
581 5112 671 5175 “£7,
700 5110 797 5181 ubi
836 5113 948 5165 lucc
991 5114 1206 5180 scripsit
1233 5131 1247 5168 :
1276 5114 1338 5164 Εἰ
1388 5112 1443 5165 δὲ
1491 5111 1723 5165 ἀνείδεον
1761 5112 1977 5181 λέγουσι

420 5184 522 5254 μὲν
552 5182 649 5251 τὴν
681 5180 836 5251 ὓλην,
867 5199 921 5233 κ.
947 5200 998 5235 τ.
1028 5182 1076 5235 λ.
1107 5184 1157 5237 id
1185 5194 1264 5236 est
1291 5200 1304 5235 :
1339 5181 1393 5237 Si
1418 5200 1531 5237 vero
1558 5180 1978 5253 materiamqui-

415 5260 537 5306 dem
564 5256 731 5320 {arma
760 5262 1020 5323 carentem
1059 5254 1260 5315 dicunt,
1288 5265 1391 5307 etc.
1412 5254 1741 5323 Athanasius
1764 5268 1979 5323 quoque

417 5337 550 5377 tom.
579 5324 641 5385 Il,
676 5339 794 5392 pag.
831 5321 956 5392 598,
988 5323 1222 5376 ἀνείδεον
1248 5323 1379 5375 Θεόν
1408 5326 1560 5376 dixit.
1594 5324 1667 5376 At:
1690 5321 1977 5376 Tertullia-

416 5412 543 5456 nns,
580 5395 671 5447 lib.
705 5390 827 5448 adv.
858 5390 1023 5446 l’rox.
1061 5410 1177 5462 cap.
1211 5392 1301 5459 27,
1340 5409 1459 5448 eum
1489 5394 1976 5460 vocavitinforma-

416 5466 589 5517 bilem.
624 5465 893 5518 Caeterum
923 5464 964 5515 si
996 5462 1075 5516 vel
1105 5480 1266 5516 unum
1297 5479 1361 5516 ex
1388 5466 1636 5518 omnibus
1662 5463 1937 5517 VOizabulis
1960 5504 1973 5526 ,

457 5554 539 5588 na:
595 5550 698 5588 non
749 5536 908 5587 tnmlo
968 5535 1019 5587 in
1071 5548 1189 5587 meo
1234 5536 1300 5585 ad
1350 5535 1657 5587 Are/timum
1702 5535 1975 5601 praesulem

457 5554 539 5588 na:
595 5552 698 5588 non
749 5552 908 5587 Immo
970 5552 1019 5587 in
1071 5552 1189 5587 meo
1234 5552 1299 5585 aa
1350 5552 1657 5587 aromatum
1702 5552 1975 5601 prwsuiem

416 5552 658 5670 lpistola
688 5603 869 5668 attuli,
900 5607 991 5656 sed
1029 5604 1188 5657 etiam
1220 5605 1271 5656 in
1302 5615 1412 5657 toto
1462 5605 1561 5657 hoc
1595 5618 1757 5671 opere
1789 5619 1976 5656 occur-

417 5687 560 5741 runt,
597 5686 691 5728 aut
722 5677 1018 5744 quidquam
1052 5674 1191 5726 aliud
1215 5716 1228 5740 ,
1280 5673 1490 5743 Didymi
1523 5685 1677 5727 aetate
1708 5673 1977 5727 recentius

415 5746 716 5801 ostenderit
758 5759 970 5808 censor,
1017 5745 1265 5809 equidem
1295 5760 1436 5799 serto
1469 5744 1722 5810 polliceor
1750 5758 1834 5797 me
1868 5755 1974 5797 sta-

417 5828 508 5870 tnn
546 5836 577 5871 ιι
624 5814 900 5872 sententia
948 5819 1287 5870 decessurum
1319 5833 1334 5870 :
1366 5815 1495 5869 nihil
1540 5818 1680 5870 enim
1742 5816 1966 5870 veritate

2076 3226 2207 3280 mihi
2262 3227 2461 3295 potius,
2523 3227 2654 3281 nihil
2697 3226 2989 3295 antiquius.
3037 3225 3238 3291 Legat,
3289 3240 3491 3293 quaeso.
3531 3226 3635 3280 alia

2074 3295 2285 3366 Didymi
2321 3313 2507 3364 opera,
2542 3313 2605 3351 ac
2635 3297 2785 3366 plura
2838 3300 2890 3350 in
2932 3296 2997 3350 iis
3042 3298 3279 3350 inveniet
3325 3312 3444 3363 qua:
3482 3302 3635 3349 ετΙιο-

2072 3366 2255 3419 lastica
2283 3369 2331 3421 ei
2364 3367 2700 3421 videbuntur.

2145 3436 2255 3573 (65)
2295 3436 2361 3488 In
2401 3436 2696 3503 Scriptura.
2734 3435 2751 3488 I
2784 3436 2923 3490 Tim.
2958 3451 3000 3501 I,
3032 3436 3117 3490 I7.

2145 3506 2231 3573 (64
2293 3505 2493 3561 Gloria.
2532 3507 2661 3560 an.
2700 3521 2759 3566 tt.
2796 3508 2881 3563 M.

2145 3505 2252 3576 (64)
2293 3505 2493 3576 Gloria.
2532 3507 2661 3560 an.
2700 3521 2759 3566 tt.
2796 3508 2881 3563 M.

2150 3576 2258 3648 (65)
2301 3575 2512 3645 Semper
2546 3578 2778 3648 virginea
2811 3577 2927 3642 Quo
2975 3584 3215 3648 tempore
3258 3578 3336 3630 sic.
3382 3580 3639 3648 Didymus

2079 3644 2421 3715 loquebatur,
2492 3644 2681 3702 eodem
2734 3646 2953 3700 circiter
3012 3646 3269 3701 adversus
3333 3644 3636 3703 Helvidium

2081 3714 2354 3770 scribebat
2379 3714 2734 3786 Hieronymus
2770 3715 2963 3769 librum
2995 3715 3072 3768 De
3103 3716 3263 3770 beatw
3308 3717 3493 3770 Maria:
3534 3720 3638 3772 vir--

2077 3787 2302 3858 ginitale
2348 3796 2593 3858 perpetua
2647 3786 2961 3858 inscriptum
3009 3798 3223 3858 :atque
3282 3787 3384 3840 hoc
3446 3790 3636 3858 dogma

2080 3856 2375 3909 Eunomius
2409 3856 2592 3922 etiam,
2623 3865 2680 3908 ut
2714 3870 2780 3909 ex
2807 3856 3150 3925 I’hilostorgii
3196 3856 3331 3910 libro
3374 3874 3423 3912 vt
3473 3856 3636 3912 teSta-

2082 3937 2169 3980 tur
2204 3926 2446 3996 Pliotins,
2480 3926 2817 3994 impudenter
2854 3925 3150 3993 rejiciebat.
3210 3925 3409 3981 Nomen
3452 3943 3634 3996 porro.

2093 3994 2492 4066 Ἀειπαρθένος,
2526 4006 2651 4049 ante
2685 3996 2964 4065 Didymnm
2994 4011 3018 4048 a
3046 3996 3287 4063 pluribus
3307 4012 3428 4049 cum
3453 3994 3639 4051 ethni-

2080 4070 2181 4125 cis.
2212 4076 2324 4119 tum
2361 4067 2679 4119 Christianis
2704 4066 3057 4135 scriptoribus
3097 4066 3392 4119 adhibitum
3441 4067 3635 4130 fuerat,

2079 4151 2143 4190 ac
2173 4136 2238 4190 iis
2270 4137 2529 4189 tributum
2559 4137 2791 4196 feminis,
2826 4152 2945 4205 qua:
2974 4146 3066 4187 aut
3106 4152 3377 4204 nunquam
3426 4138 3640 4204 nupsis-

2078 4216 2220 4267 sent,
2262 4215 2355 4259 aut
2397 4217 2709 4274 perpetuam
2770 4205 2880 4258 Deo
2928 4205 3289 4271 virginitatem
3343 4208 3633 4260 vovissent.

2078 4274 2192 4330 Hoc
2237 4291 2395 4329 sensu
2447 4276 2729 4328 adhibetur
2775 4294 2802 4328 a
2848 4276 3034 4337 Dione,
3091 4274 3373 4342 Sophocle,
3407 4275 3639 4330 Eusebio

2079 4346 2414 4408 Caesariensi,
2470 4345 2672 4413 lgnatio
2716 4357 2972 4415 martyre,
3022 4356 3076 4397 et
3107 4347 3172 4396 ah
3204 4346 3340 4398 aliis.
3388 4349 3636 4399 Attamen

2007 4452 2051 4507 Β
2081 4417 2237 4507 paulo
2287 4426 2574 4507 antqqnant
2648 4417 3043 4507 biecldictare't
3081 4415 3390 4496 ollidytnus,
3440 4431 3635 4507 tit-tinea:

2082 4483 2207 4540 illud
2261 4483 2517 4553 peculiari
2574 4489 2732 4539 modo
2785 4485 2954 4538 beatas
3004 4484 3094 4538 Dei
3145 4483 3391 4552 genitrici
3459 4485 3639 4539 Maria:

2082 4552 2403 4609 attribuerat
2436 4571 2660 4624 magnus
2696 4556 2783 4609 ille
2829 4552 3100 4622 Origenis,
3150 4562 3310 4624 atque
3355 4553 3639 4623 Origenia-

2082 4641 2271 4679 norum
2318 4620 2656 4679 adversarius
2698 4620 3024 4693 Epiphanius
3061 4624 3110 4679 in
3158 4620 3391 4676 Punario
3446 4620 3638 4679 haeresi

2080 4710 2317 4760 Lxxvnt,
2398 4710 2516 4763 quae
2593 4704 2676 4749 est
2741 4693 3443 4763 Antidicomarianitarum,
3512 4710 3635 4763 pag.

2081 4765 2215 4819 1057
2252 4767 2383 4819 edit.
2416 4762 2705 4818 ’Colonieii.
2759 4765 2884 4817 anni
2936 4763 3095 4821 1682.
3158 4762 3246 4815 ubi
3296 4762 3633 4830 scripserat:

2080 4836 2250 4888 Κενὸν
2296 4835 2401 4905 γάρ
2447 4852 2498 4887 τι
2538 4835 2719 4887 ἀκούω
2760 4836 2890 4905 περί
2928 4834 3025 4903 τῆς
3066 4832 3224 4901 ἁγίας
3270 4834 3485 4903 Μαρίας
3537 4836 3639 4905 τῆς

2092 4903 2472 4972 Ἀειπαρθένου
2499 4905 2620 4958 τινὰ
2644 4903 2989 4957 διανοεῖόθαγ
3027 4919 3146 4972 quae
3174 4906 3251 4957 sic
3282 4906 3439 4957 vertit
3485 4903 3640 4958 Peta-

2082 4980 2198 5030 vius
2231 4994 2244 5029 :
2279 4974 2482 5030 Etenim
2516 4977 2683 5029 nescio
2718 4991 2869 5045 quem
2895 4976 3055 5045 audio
3086 4974 3332 5027 adversus
3360 4975 3636 5045 sanctissi-

2081 5062 2219 5098 mum
2248 5063 2644 5113 perpetuamque
2677 5043 2935 5111 Virginem
2971 5043 3199 5098 Mariam
3228 5044 3488 5097 meditari.
3508 5060 3639 5098 non-

2080 5116 2233 5169 nihil.
2269 5116 2420 5182 Quod
2447 5116 2492 5169 si
2535 5118 2707 5168 llutini
2742 5114 3035 5177 Palaestini,
3090 5114 3361 5183 Pelagiani
3395 5115 3635 5183 quidem,

2080 5189 2171 5255 sed
2197 5187 2486 5255 pervetusti
2517 5184 2772 5249 auctoris,
2803 5184 2997 5237 librum
3041 5183 3515 5255 De_[ide_4al|egare
3549 5184 3639 5238 hic

2081 5252 2225 5319 licet,
2258 5257 2301 5310 is
2325 5271 2537 5325 quoque
2566 5272 2715 5308 num.
2755 5255 2826 5308 45
2848 5256 3035 5309 scribit
3062 5272 3077 5308 :
3120 5252 3202 5307 Ea:
3226 5252 3638 5322 Maridquidem

2079 5342 2277 5391 semper
2298 5327 2491 5393 virgine
2518 5342 2702 5391 corpus
2740 5325 3015 5392 accipiens.
3059 5325 3122 5376 Et
3155 5327 3312 5390 paulo
3357 5334 3476 5391 post
3505 5342 3517 5377 :
3558 5325 3638 5377 Ea:

2079 5395 2190 5459 ipsa
2217 5412 2415 5461 semper
2456 5394 2663 5461 Virgine
2688 5398 2920 5449 nascitur
2954 5400 3127 5447 homo.
3154 5394 3346 5447 Verum
3379 5397 3635 5463 tcntpori-
3683 5439 3692 5454 ,

2080 5465 2178 5519 hus
2202 5465 2422 5535 Didyino
2441 5468 2823 5533 posterioribus
2850 5468 3079 5517 maxime
3112 5467 3333 5517 invaluit
3352 5466 3634 5525 idnomen,

2081 5546 2136 5606 ut
2174 5537 2303 5587 nihil
2332 5535 2664 5603 frequentius
2702 5546 2971 5600 occurrat,
3006 5551 3164 5603 qnam
3199 5551 3375 5606 voces,
3408 5536 3638 5606 ὰειπαρο

2080 5604 2247 5670 Οένος,
2284 5612 2337 5658 et
2365 5621 2561 5671 semper
2586 5606 2747 5675 virgo,
2781 5608 2833 5659 in
2870 5606 3093 5667 Griccis,
3136 5621 3199 5658 ac
3244 5604 3445 5659 latinis
3483 5604 3637 5658 litur-

2079 5680 2201 5744 giis,
2236 5677 2568 5744 antiphonis,
2595 5678 2951 5741 orationibus,
2972 5685 3135 5743 atque
3157 5677 3291 5729 adeo
3319 5677 3371 5729 in
3403 5677 3635 5745 synodo-

2081 5761 2198 5798 rum
2229 5746 2383 5809 actis,
2424 5756 2477 5798 et
2506 5752 2814 5801 sanctorum
2844 5746 3064 5800 Patrum
3110 5748 3384 5814 operibus,
3439 5745 3529 5800 ubi
3571 5748 3636 5798 de

2073 5817 2229 5871 beata
2270 5815 2431 5871 Maria
2473 5833 2650 5873 sermo
2698 5820 2788 5873 sit.
2825 5818 2951 5871 Vide
2979 5832 3147 5885 segni.
3186 5817 3287 5870 165
3314 5834 3368 5870 a.
