4104 6408
549 328 664 387 407

1813 325 2044 381 DlDYMl
2086 323 2552 381 ALEXANDRINI

3705 328 3807 384 408

562 449 726 502 etiam
751 455 1016 514 ipsemet:
1051 444 1114 496 ad
1147 445 1319 510 ipsum
1367 445 1508 497 enim
1561 443 1828 511 pertinent
1872 458 1933 494 ea
1987 443 2126 503 loca,

2231 446 2362 492 ὃεκα
2400 457 2751 512 συγγραφεις,
2814 443 3182 512 μονοκτήτορα
3221 442 3456 514 ὡρίσατο
3506 442 3687 506 αὐτὸν,
3731 447 3805 513 ὡς

565 540 617 591 in
647 538 841 606 quibus
865 537 964 590 sibi
996 537 1109 604 ipse
1163 537 1528 590 testimonium
1581 535 1773 594 reddit,
1823 534 1988 585 Deum
2026 547 2126 594 ,se,

564 644 627 684 ac
659 629 939 682 Dominum
973 640 1092 681 esse
1119 627 1418 691 declarans,
1465 640 1586 679 eum
1623 626 1762 693 apud
1813 623 2129 679 Mattlncum

566 722 782 790 quidem
831 719 1041 774 diabolo
1095 719 1204 772 ait:
1262 718 1382 771 Non
1409 716 1520 786 (66)
1571 719 1791 770 tentabis
1847 717 2130 770 Dominum

570 814 732 867 Deum
759 824 904 866 tuum
922 829 942 867 :
967 813 1103 879 apud
1122 810 1380 865 Joannem
1410 825 1536 863 vero
1562 809 1818 877 apostolis
1842 824 1854 860 :
1891 807 1994 860 Vos
2019 807 2130 877 (67)

568 904 758 956 uocatis
785 918 862 954 me
887 915 905 952 :
949 899 1218 967 Magister,
1273 910 1318 951 et
1365 898 1650 951 Dominus:
1689 907 1735 950 et
1758 899 1881 951 bene
1905 899 2084 952 dicitis
2112 913 2131 949 :

567 1011 681 1047 sum
705 994 912 1048 etenim.
940 991 1174 1044 Thomas
1200 1005 1410 1059 quoque
1437 1005 1560 1042 cum
1606 988 1716 1060 85
1750 991 1998 1079 vestigia,
2034 1005 2131 1046 seu

571 1086 685 1139 loca
713 1085 1009 1148 clavorum,
1073 1098 1206 1151 quos
1235 1098 1262 1134 a
1311 1081 1464 1135 nobis
1495 1092 1711 1151 propter
1745 1098 1842 1137 nos
1881 1083 2134 1138 Salvator

571 1184 755 1243 utpote
783 1176 1044 1242 benignus
1075 1172 1277 1235 habuit,
1323 1170 1612 1238 palpasset,
1647 1175 2000 1230 conturbatus
2025 1190 2130 1227 non

569 1276 673 1328 est,
707 1281 802 1320 nec
830 1267 892 1318 de
927 1280 1175 1329 suprema
1216 1265 1357 1319 illius
1399 1263 1786 1334 gloriﬁcatione
1838 1265 2130 1334 quidquam

567 1358 819 1412 detraxit.
861 1356 1094 1410 Noverat
1121 1357 1287 1422 enim,
1318 1357 1484 1411 solius
1525 1356 1875 1425 imperatoria
1930 1372 2024 1425 per
2072 1371 2132 1411 se

568 1449 914 1513 auctoritate,
939 1457 993 1502 et
1022 1448 1234 1500 inlinita
1264 1447 1500 1516 potentia
1529 1445 1789 1516 praeditze,
1833 1455 1885 1500 ct
1915 1446 2134 1514 optimae

2227 532 2326 601 τὴν
2350 533 2442 583 ἐπὶ
2471 533 2708 595 πάντων,
2740 533 2833 586 καὶ
2885 533 2970 585 διὰ
3005 534 3240 598 πάντων,
3269 534 3363 586 καὶ
3406 537 3462 586 ἐν
3512 536 3676 586 πᾶσιν
3705 553 3806 590 πα-

2231 624 2422 694 τρικὴν
2468 624 2980 695 διακληρωσάμενον
3011 625 3258 696 θεότητα,
3325 627 3522 678 οὑτωσί
3566 644 3670 678 που
3697 630 3806 691 τοῖς

2231 717 2546 789 ἁπανταχοῦ
2592 719 2835 789 γράψας·
2899 719 3354 789 Παρεισέὃυσαν
3383 717 3492 788 γάρ
3523 736 3683 786 τινες
3707 720 3809 772 ἇν-

2232 811 2451 874 θρωποι
2508 807 2581 876 (οἱ
2637 807 2823 862 πάλαι
2857 808 3360 877 προγεγραμμένοι
3410 810 3496 873 εὶς
3544 807 3717 860 τοῦτο
3740 805 3808 860 τὸ

2232 899 2428 967 κρῖμα)
2467 899 2726 965 ἀσεϐεῖς,
2759 900 2874 968 τὴν
2902 900 3006 954 τοῦ
3043 900 3188 953 Θεοῦ
3246 898 3414 968 ἡμῶν
3439 899 3614 968 χάριν
3634 917 3814 968 μετα-

2233 991 2498 1056 τιθέντες
2526 994 2611 1058 εὶς
2645 993 2985 1062 ἀσέλγειαν,
3012 991 3107 1044 καὶ
3156 990 3260 1043 τὸν
3280 992 3472 1059 μόνον
3497 990 3810 1056 Δεσπότην

2232 1087 2332 1138 καὶ
2381 1088 2599 1153 Κύριον
2653 1085 2821 1156 ἡμῶν
2865 1086 3106 1154 Ἰησοῦν
3132 1084 3388 1152 Χριστὸν
3433 1085 3805 1152 ἀρνούμενοι.

2245 1173 2403 1226 Ἀλλὰ
2468 1176 2561 1228 καὶ
2594 1175 2797 1245 Πέτρος
2849 1176 2876 1228 ὁ
2933 1176 2988 1226 ὲν
3037 1172 3351 1234 ἀποστόλοις
3388 1176 3697 1242 κορυφαῖος,
3748 1173 3812 1225 ὲν

2231 1266 2348 1326 ταῖς
2373 1264 2640 1335 Πράξεσιν
2673 1267 2918 1332 φαίνεται
2953 1267 3121 1317 εἰπών
3147 1282 3159 1293 ·
3200 1263 3313 1317 Τὸν
3339 1265 3551 1331 Λόγον,
3581 1263 3653 1317 ὃν
3691 1264 3810 1316 ἀπ-

2231 1354 2500 1410 έστειλεν
2513 1356 2632 1422 τοῖς
2650 1357 2801 1422 υἱοῖς
2845 1356 3101 1424 Ἰσραὴλ.
3124 1354 3812 1426 εὺαητελιζόμενοςεὶρήο

2231 1463 2348 1514 νην
2377 1447 2472 1502 διὰ
2508 1446 2711 1514 Ἰησοῦ
2744 1449 3023 1516 Χριστοῦ,
3055 1445 3231 1516 οὗτός
3266 1449 3393 1502 ἐστι
3427 1449 3668 1502 πάντων
3691 1450 3810 1502 Κύ-

569 1546 792 1602 ιιιιιιιηε,
826 1553 930 1592 non
961 1553 1088 1592 vero
1128 1537 1288 1600 illius,
1333 1552 1452 1606 qua:
1499 1545 1680 1591 creata
1721 1537 1811 1598 sit,
1853 1537 2129 1606 proprium

2231 1555 2374 1607 ριος.
2402 1539 2509 1592 Ποῦ
2542 1540 2629 1611 (57
2659 1540 2711 1608 b)
2775 1535 2888 1604 οὖν,
2918 1541 2950 1611 ἢ
2986 1539 3122 1603 πῶς,
3179 1541 3213 1611 ἢ
3251 1541 3380 1594 πότε
3405 1539 3689 1603 τοσαύταις
3713 1541 3809 1611 γὲν-

566 1643 686 1683 esse
713 1645 817 1683 non
845 1629 1000 1684 modo
1048 1645 1144 1698 pro
1177 1630 1287 1683 suis
1333 1629 1598 1683 creaturis
1649 1628 1781 1697 pati,
1829 1628 1924 1682 sed
1969 1629 2131 1682 etiam

2232 1630 2424 1701 αργὲσι
2478 1610 2559 1682 τε
2592 1630 2685 1682 καὶ
2717 1610 3038 1702 ὶσοτρόποις,
3087 1632 3179 1686 καὶ
3205 1610 3210 1611 ν
3234 1631 3671 1702 ἀπαραλλάκτως
3705 1610 3823 1702 Ῐτοῢρ

569 1722 928 1776 universalem
988 1737 1150 1789 quam
1206 1721 1456 1786 dicimus,
1495 1729 1548 1773 et
1572 1719 1874 1790 generalem
1904 1719 2130 1774 salutem

2233 1720 2444 1791 Πατρὸς
2481 1722 2838 1792 τετιμημένος
2863 1723 3255 1794 χρησμῳδίαις,
3289 1723 3539 1794 ἀνόμοιος
3564 1723 3809 1792 sicnatu—
3899 1715 3902 1717 λ

567 1807 773 1877 largiri,
803 1811 963 1880 idque
989 1813 1040 1864 in
1075 1821 1358 1864 mlernum.
1387 1809 1589 1864 idcirco
1620 1809 1742 1863 inde
1775 1810 1937 1864 etiam
1969 1809 2132 1878 majn-
2163 1811 2205 1864 Β
2235 1812 2383 1885 σθείη
2409 1830 2423 1878 ;

563 1913 676 1953 rem
725 1901 972 1956 ﬁduciam
1009 1915 1270 1967 ,‘sumens,
1321 1903 1530 1958 firmam
1583 1903 1632 1958 ei
1682 1904 1840 1958 tidem
1918 1905 2152 1960 vicissim
2229 1909 2380 1976 quasi
2445 1907 2700 1962 tributum
2763 1907 2939 1974 oﬂ‘ert,
2995 1919 3050 1964 et
3095 1909 3296 1964 clamat
3341 1929 3354 1964 :
3400 1907 3651 1962 Dominus
3690 1906 3785 1977 (68

564 2005 731 2052 meus,
763 2001 810 2044 et
843 1991 979 2046 Deus
1010 2010 1172 2048 meus.
1200 1993 1255 2047 ln
1290 1994 1576 2050 catholicis
1621 2011 1749 2049 vero
1780 1996 1855 2066 (id
1881 2007 1984 2059 est,
2054 1998 2468 2068 nniversalibus)
2534 1999 2784 2068 Epistolis
2847 2015 3062 2071 quoque
3101 2002 3352 2056 deitatem
3396 1999 3531 2053 Filio
3582 2015 3646 2053 ac
3693 1998 3805 2051 Pa-

564 2077 633 2130 tri
663 2092 730 2134 ex
757 2096 933 2150 aequo,
963 2091 1016 2137 et
1040 2083 1306 2138 similibus
1327 2086 1602 2140 vocabulis
1636 2087 1934 2141 tribuentes
1969 2087 2205 2143 Joannes
2249 2104 2315 2145 ac
2343 2088 2508 2145 Judas
2561 2092 2633 2147 ita
2702 2093 3054 2163 scripserunt,
3121 2102 3180 2146 ut
3256 2100 3412 2145 antea
3443 2089 3554 2160 (69)
3599 2089 3808 2143 dictum

563 2167 930 2258 estlloannes
963 2173 1205 2242 quidem,
1243 2195 1468 2250 magnus
1495 2181 1582 2236 ille
1606 2182 1904 2249 theologus,
1935 2183 2002 2236 Et
2067 2187 2298 2240 novimus
2359 2187 2492 2258 (70),
2553 2187 2746 2257 inquit,
2806 2190 2943 2258 quod
2989 2187 3211 2243 Verbum
3247 2187 3341 2242 Dei
3369 2190 3523 2250 venit,
3569 2197 3616 2241 et
3655 2187 3808 2244 dedit

564 2256 941 2312 nobismentem
963 2263 1097 2334 (71),
1121 2275 1175 2318 ut
1196 2283 1563 2337 cognoscamus
1584 2288 1759 2325 verum
1821 2273 1984 2326 Deum
2023 2273 2172 2344 (72):
2216 2285 2264 2329 et
2317 2256 2494 2330 sumus
2534 2278 2588 2332 in
2624 2256 2742 2335 uero
2774 2256 2916 2334 Filio
2949 2279 3042 2334 Dei
3085 2279 3212 2334 Jesu
3258 2277 3461 2334 Christo
3501 2280 3636 2351 (75).
3692 2277 3810 2335 Hic

562 2358 638 2402 est
671 2365 820 2404 verus
850 2351 1005 2419 Deus,
1045 2365 1095 2408 et
1129 2359 1235 2413 vita
1260 2373 1472 2417 teterna.
1529 2361 1693 2428 Quasi
1737 2364 1914 2418 dicat:
1961 2366 2136 2419 Alium
2177 2381 2243 2421 ne
2271 2383 2502 2436 qnazras,
2529 2370 2619 2439 qui
2647 2371 2718 2425 sit
2744 2386 2809 2425 ex
2830 2372 3061 2428 essentia
3097 2370 3260 2436 Deus,
3283 2382 3375 2426 aut
3441 2371 3608 2426 Filius
3665 2371 3758 2426 Dei
3787 2391 3804 2426 :

572 2454 703 2532 nam
730 2440 796 2494 de
832 2441 948 2511 ipso
995 2444 1222 2515 loquens
1273 2450 1354 2504 bis
1397 2450 1489 2506 tibi
1533 2452 1640 2506 dixi
1689 2468 1899 2518 vocem,
1949 2470 2133 2508 verus:
2171 2457 2294 2525 quia
2320 2468 2374 2513 et
2401 2459 2569 2514 Filius
2592 2475 2751 2516 verus
2778 2471 2878 2528 est,
2910 2471 2966 2518 et
3029 2465 3168 2517 Deus
3243 2477 3422 2528 verus,
3472 2464 3561 2532 qui
3601 2463 3808 2519 intelli-

562 2531 823 2600 gentiam,
857 2549 950 2589 seu
983 2549 1216 2592 mentem
1245 2540 1390 2597 dedit
1429 2543 1516 2607 iis,
1558 2545 1646 2612 qui
1692 2545 1836 2598 illam
1881 2547 2124 2614 accipere
2161 2559 2315 2604 erant
2361 2550 2504 2619 digni
2567 2550 2701 2619 (7t).
2745 2553 2892 2606 Adeo
2936 2562 2993 2607 ut
3074 2569 3397 2623 cognoscere
3445 2531 3568 2610 inde
3610 2557 3798 2620 liceat,

564 2623 738 2690 ipsum
769 2635 820 2678 et
854 2641 984 2681 vere
1021 2631 1257 2696 genitum
1291 2631 1477 2698 fuisse,
1509 2645 1563 2690 et
1626 2653 1750 2692 vere
1791 2639 1916 2699 Deo,
1948 2639 2036 2708 qui
2089 2639 2237 2696 illum
2300 2645 2504 2711 genuit,
2541 2645 3076 2709 consubstantialem
3141 2662 3284 2704 esse.
3313 2645 3474 2702 Judas
3495 2659 3697 2712 autem,
3741 2649 3796 2703 is

564 2730 758 2786 nempe
803 2719 897 2788 qui
935 2719 1076 2775 inter
1106 2723 1384 2778 duodecim
1419 2726 1536 2780 illos
1574 2729 1839 2798 ascriptus
1881 2739 1985 2794 est,
2019 2731 2232 2785 unicum
2270 2731 2552 2787 Dominum
2583 2735 2696 2806 (75)
2727 2737 2901 2805 ipsum
2934 2736 3217 2805 definivit,
3283 2748 3467 2806 utpote
3521 2755 3644 2794 eum
3704 2743 3810 2810 qui

561 2816 839 2875 paternam
877 2811 1155 2878 deitatem,
1200 2829 1360 2885 super
1386 2819 1590 2884 omnia,
1619 2828 1672 2872 et
1719 2836 1812 2888 per
1878 2821 2081 2885 omnia,
2127 2831 2182 2876 et
2219 2823 2272 2876 in
2317 2825 2570 2882 omnibus
2621 2827 2991 2893 exsistentem,
3048 2829 3226 2883 habet.
3281 2828 3371 2885 Sic
3415 2830 3556 2886 enim
3605 2832 3810 2889 alicubi

564 2902 630 2954 ad
667 2903 948 2960 universos
997 2908 1220 2978 populos
1295 2913 1553 2979 scripsit:
1600 2911 2023 2968 Subintroierunt
2081 2915 2191 2986 (76)
2234 2918 2368 2971 enim
2403 2919 2617 2988 quidam
2654 2920 2888 2974 homines
2939 2921 3050 2990 (qui
3089 2922 3211 2975 olim
3248 2925 3537 2992 praescripti
3583 2936 3703 2980 sunt
3749 2929 3814 2984 in

564 2992 663 3046 hoc
699 2995 981 3069 iudicium)
1012 3000 1180 3069 impii,
1228 3001 1328 3056 Dei
1363 3005 1524 3056 nostri
1560 3005 1787 3072 gratiam
1862 3008 2232 3076 transferentes
2299 3009 2354 3062 in
2415 3011 2779 3076 petulantiam,
2820 3020 2869 3064 et
2900 3012 3072 3064 solum
3108 3011 3501 3068 Dominatorem
3544 3024 3593 3068 et
3626 3015 3815 3070 Domi-

564 3099 687 3138 num
723 3097 958 3178 nostrum
987 3089 1168 3145 Jesum
1191 3093 1455 3151 Christum
1491 3111 1753 3169 negantes.
1800 3103 1906 3157 Sed
1950 3114 2000 3157 et
2044 3103 2260 3158 Petrum
2319 3106 2432 3176 86
2491 3106 2855 3176 apostolorum
2924 3109 3267 3178 corypbazum
3315 3110 3365 3164 in
3403 3112 3552 3166 Actis
3583 3112 3798 3170 dixisse

563 3185 775 3230 ευηδίθί
837 3177 949 3248 (77)
1001 3199 1013 3235 :
1093 3181 1314 3240 Verbum
1360 3189 1472 3258 (78)
1520 3191 1657 3261 quod
1701 3194 1842 3248 misit
1879 3194 2007 3262 ﬁliis
2057 3196 2229 3250 Israel
2281 3200 2600 3252 annuntians
2655 3214 2833 3266 pacem
2892 3215 2983 3266 per
3010 3177 3190 3253 desum
3223 3199 3514 3267 Christum,
3579 3203 3662 3256 hic
3716 3218 3804 3259 est

563 3271 797 3324 omnium
828 3271 1099 3330 Dominus.
1161 3278 1385 3335 Ubinam
1432 3300 1580 3354 ergo,
1623 3296 1714 3340 aut
1745 3292 2036 3357 quomodo,
2075 3301 2167 3343 aut
2204 3293 2546 3361 quandonam
2603 3293 2714 3356 ille,
2739 3293 2830 3364 qui
2865 3293 3048 3358 tantis,
3082 3303 3297 3362 tamque
3334 3295 3690 3360 evidentibus,
3737 3308 3802 3352 et

560 3364 802 3432 ejusdem
841 3369 1089 3426 omnibus
1140 3373 1310 3438 modi,
1363 3374 1602 3444 nihilque
1667 3377 1810 3433 inter
1856 3393 1916 3433 se
1969 3381 2398 3452 discrepantibus
2459 3383 2635 3440 Patris
2688 3385 2921 3440 oraculis
2962 3383 3242 3441 decoratus
3302 3384 3403 3440 fuit
3445 3386 3580 3456 (79),
3635 3387 3808 3443 dissi-

559 3459 705 3513 milis
736 3459 1026 3528 productus
1059 3461 1226 3518 fuisse
1253 3465 1358 3520 dici
1389 3467 1600 3534 potest?

1145 3555 1296 3615 CAP.
1336 3557 1571 3614 xxvut.
2159 3577 2201 3635 ε

558 3639 638 3696 De
669 3644 948 3718 _ii_s__lo_cis,
1001 3649 1054 3699 in
1099 3650 1286 3712 quibus
1334 3653 1584 3718 scriptum
1621 3664 1717 3716 est,
1773 3651 1965 3706 Filium
2017 3654 2123 3708 lar—

630 3714 865 3796 .giri‘(i.50)
895 3732 1054 3772 omne
1084 3719 1404 3796 bonum;et,
1438 3714 1672 3796 exoriri;
1705 3714 1776 3782 et.
1813 3739 1932 3778 esse
1956 3725 2122 3778 solem

624 3788 886 3861 iustitiae;
913 3796 991 3861 et,
1026 3793 1374 3861 sanationem
1396 3808 1410 3855 ;
1436 3801 1514 3856 et,
1569 3793 1880 3847 thesaurum
1913 3798 2127 3861 sapien-

634 3856 721 3908 tia:
767 3865 822 3910 et
847 3859 1088 3930 scientiae
1113 3877 1126 3924 ;
1154 3870 1223 3921 et,
1246 3861 1415 3914 lucem
1453 3878 1464 3912 :
1506 3877 1592 3915 eos
1626 3879 1764 3926 vero,
1787 3864 1876 3928 qui
1891 3856 2124 3930 credunt,

631 3941 793 3994 neque
818 3929 1255 3982 scandalizentur
1279 3932 1330 3983 in
1362 3931 1501 3997 ipso,
1528 3931 1666 3986 lilios
1696 3933 1828 3986 lucis
1854 3933 1990 4000 ﬁeri.
2111 3929 2114 3930 ν

2301 3933 2448 3995 Diab;
2475 3932 2650 4000 φωτὸς
2673 3929 2959 4001 γίνεσθαι.

627 4018 917 4075 Enimvero
955 4022 1045 4091 qui
1095 4021 1341 4078 laudibus
1388 4023 1536 4077 illum
1569 4024 1929 4088 celebrarunt,
1969 4024 2023 4087 ii,
2071 4034 2128 4081 ut

2301 4025 2363 4077 Oi
2398 4022 2528 4091 γοῦν
2561 4024 2688 4095 περὶ
2746 4024 2908 4076 αὐτοῦ
2965 4025 3288 4096 ὑμνηκότες,
3353 4024 3621 4096 διαφόρως
3672 4026 3816 4095 ἡμῖν

556 4113 743 4167 multis
771 4112 948 4166 modis
964 4113 1078 4181 ejus
1121 4113 1400 4179 deitatem,
1447 4114 1848 4183 perfectamque
1886 4115 2128 4184 propria-

2231 4115 2329 4186 τὴν
2357 4115 2584 4185 θεότητα
2625 4116 2812 4182 αὑτοῦ,
2853 4117 3023 4170 καὶτὸ
3050 4118 3250 4181 τελέως
3278 4118 3440 4172 αὐτὸν
3473 4118 3812 4188 προεστάναι

2839 3562 2994 3614 ΚΕΦ.
3030 3562 3166 3616 KH'.

2228 3653 2368 3722 Περὶ
2394 3652 2500 3705 τοῦ
2524 3651 2631 3705 τὸν
2667 3651 2802 3705 flor
2840 3654 2947 3705 πᾶν
2977 3653 3179 3721 ἀγαθὸν
3229 3653 3540 3708 ἀνατέλλειν
3560 3671 3573 3684 °
3606 3653 3700 3708 καὶ
3732 3651 3820 3708 εῐ-

2300 3741 2385 3775 ναι
2413 3723 2566 3797 ἥλιον
2591 3722 2970 3797 δικαιοσύνης·
3021 3725 3115 3797 καὶ
3147 3723 3298 3797 ἔασιν
3325 3741 3365 3797 Ἀ
3389 3725 3488 3797 καὶ
3534 3724 3818 3797 Θησαυρον

2301 3792 2490 3862 σοφίας
2519 3793 2612 3844 καὶ
2639 3792 2929 3861 γνώσεωςίο
2959 3793 3055 3845 καὶ
3097 3794 3212 3861 φῶς
3235 3811 3247 3823 ·
3274 3793 3371 3846 καὶ
3398 3796 3540 3860 τοὺς
3563 3792 3818 3848 πιστεύ-

2300 3879 2498 3926 οντας,
2529 3863 2626 3933 καὶ
2684 3862 2764 3930 μὴ
2823 3862 3397 3933 σκανδαλιζυμένους
3450 3867 3536 3930 εἰς
3595 3865 3816 3931 αὐτὸν,

627 4289 739 4362 (66)
783 4289 928 4362 Eon.
949 4290 1151 4362 _Matth.
1177 4305 1251 4355 tv,
1285 4289 1478 4362 7_._ubi,
1516 4291 1615 4342 οὐκ
1647 4289 2012 4362 ἐκπειράσεις.

627 4361 739 4430 ι67)
786 4359 910 4430 Vos.
943 4358 1097 4414 Joan.
1137 4376 1255 4424 xm,
1297 4358 1384 4412 i5.

627 4429 740 4498 (68)
785 4429 1058 4483 Dominus.
1089 4430 1240 4484 Joan.
1269 4444 1360 4490 xx,
1399 4429 1490 4484 28.

629 4499 740 4569 (69)
781 4500 970 4552 Antea.
1020 4499 1243 4554 Joannis
1291 4501 1464 4552 locum
1514 4500 1692 4554 attulit
1741 4515 1910 4571 segm.
1961 4501 2025 4556 51
2073 4501 2123 4558 b.

555 4567 919 4638 .lndte’autem
956 4571 1118 4626 verba
1149 4572 1202 4625 in
1234 4571 1501 4638 capitibus
1533 4586 1650 4635 ante
1684 4567 1980 4637 perierunt.

626 4639 741 4708 (70)
781 4637 848 4692 Et
901 4640 1154 4694 novimus.
1189 4639 1210 4693 l
1242 4639 1396 4693 Joan.
1438 4655 1493 4700 v,
1545 4641 1634 4694 ευ.
1681 4640 1864 4695 Gratca
1913 4641 2123 4697 editio:

554 4709 665 4762 0i'6.
701 4708 757 4764 δὲ
787 4710 834 4762 ὃ.
870 4711 898 4762 ὁ
929 4709 1056 4772 Υἱὸς
1087 4711 1182 4764 τοῦ
1208 4753 1223 4767 .
1251 4752 1265 4765 .
1295 4749 1310 4762 .
1342 4711 1436 4763 καὶ
1461 4711 1710 4765 δέδωκεν.

555 4847 836 4919 Didymus,
875 4848 1112 4904 διάνοιαν
1156 4852 1296 4906 idem
1345 4851 1434 4904 hic
1489 4867 1649 4916 esse,
1698 4864 1859 4919 atque
1903 4849 2123 4904 mentem

554 4917 741 4982 illam,
801 4921 866 4974 de
916 4936 1018 4986 qua
1060 4922 1260 4974 dictum
1308 4931 1389 4973 est
1454 4920 1469 4972 l
1556 4920 1678 4975 Cor.
1733 4917 1809 4983 ιι,
1871 4921 1953 4984 16,
2000 4921 2125 4974 νοῦν

551 4988 791 5061 ξριστοῦ
835 4989 1049 5061 ἔχομεν,
1089 4991 1263 5061 idest
1302 5001 1552 5054 utentem,
1605 5006 1698 5044 seu
1736 4992 2125 5061 cognitionem,

553 5056 751 5112 Christi
804 5056 1073 5113 habemus.
1121 5059 1378 5127 Vulgatus
1429 5062 1526 5114 int.
1579 5056 1864 5128 utramque
1914 5076 2123 5124 vocem,

551 5129 811 5193 διάνοιαν,
837 5139 892 5183 et
918 5129 1062 5192 νοῦν,
1096 5132 1258 5183 vertit
1286 5146 1492 5183 sensum
1531 5141 1637 5184 tum
1682 5131 1792 5196 hic,
1828 5141 1937 5184 tum
1978 5131 2125 5185 alibi.

553 5199 670 5263 Quo
699 5202 857 5253 modo
890 5209 1043 5255 vetus
1076 5215 1290 5269 quoque
1317 5200 1503 5254 lrenaei
1535 5201 1799 5269 interpres
1833 5199 2127 5254 transferre

553 5270 723 5335 solet;
766 5279 824 5323 ut
853 5271 944 5324 lib.
993 5285 1054 5334 ιι,
1099 5285 1215 5337 cap.
1273 5271 1362 5332 15,
1414 5272 1500 5324 ubi
1538 5271 1775 5338 legitur:
1813 5282 1950 5323 totus
2008 5287 2126 5323 cum

553 5341 616 5412 sit
642 5355 824 5412 sensus
853 5339 1198 5412 (Deus).*Et
1244 5341 1296 5392 in
1323 5344 1632 5412 apocrypha
1687 5339 1839 5412 Pauli
1890 5340 2125 5412 Epistola

553 5409 617 5460 ad
649 5407 1006 5464 Laodicenses
1045 5407 1057 5462 ξ
1095 5409 1276 5463 Εδιοιε
1301 5409 1441 5477 ﬁrmi
1469 5407 1708 5465 in'seusu
1731 5407 1944 5466 Christi;

623 5478 738 5548 (72)
780 5477 966 5532 Deum.
1026 5479 1162 5544 Vox,
1194 5480 1381 5544 Deum,
1411 5483 1560 5536 deest
1588 5484 1639 5535 in
1672 5481 1872 5536 Graecis
1899 5480 2082 5535 Bibliis
2108 5500 2121 5535 :

555 5548 853 5624 legiturque
893 5551 942 5603 in
974 5551 1039 5605 iis
1075 5553 1369 5624 duntaxat,
1411 5550 1791 5624 conuiuiiwov,
1830 5552 2012 5624 idest,
2039 5569 2125 5604 ue~
2166 5613 2175 5624 _

553 5634 691 5692 rum,
721 5620 852 5681 sive,
881 5636 999 5673 eum
1038 5623 1127 5690 qui
1176 5637 1324 5675 verus
1348 5631 1445 5675 est.
1476 5621 1544 5674 At
1575 5620 1826 5692 Dydimtts
1870 5622 1922 5675 in
1962 5623 2124 5675 citata

552 5689 713 5762 <_-_tiani
739 5689 1086 5762 enarratione
1133 5692 1259 5762 legit
1299 5707 1417 5746 cam
1467 5689 1671 5758 vocent,
1727 5693 1914 5757 Deum,
1966 5702 2021 5746 ut
2070 5701 2123 5747 et

559 5756 705 5826 Vulg.
737 5759 1022 5830 interpres.

2303 4290 2414 4368 C75)
2438 4293 2672 4368 Christo.
2698 4297 2885 4368 ςτωω
2914 4296 3077 4368 editio
3103 4313 3124 4368 :_
3149 4298 3208 4368 ἐν
3235 4293 3596 4368 ’τῷ-ἀληθινῷ,
3635 4296 3692 4348 ὲν
3728 4296 3811 4368 τῷ

2231 4362 2354 4437 Tit}:
2374 4366 2555 4437 αὐτοῦ
2598 4368 2655 4421 Ἰ.
2695 4367 2759 4421 Χ.
2783 4405 2799 4420 .
2829 4408 2844 4422 .
2871 4405 2883 4419 .
2920 4368 3015 4418 καὶ
3041 4367 3072 4437 ἡ
3108 4365 3220 4436 ζωὴ
3248 4362 3484 4437 αἱῴνιος.

2302 4435 2414 4501 (74)
2457 4435 2561 4500 Qui
2608 4438 2753 4490 illaut
2802 4440 3033 4503 accipere
3063 4435 3226 4489 erant
3271 4435 3439 4502 digni.
3484 4435 3809 4503 Hujusmodi

2230 4501 2574 4570 locutionem,
2611 4508 2838 4576 benigne
2883 4501 2922 4558 a'
2960 4505 3161 4559 lectore
3207 4501 3810 4576 accipiendamthabet

2231 4577 2424 4641 smpius
2459 4576 2711 4647 Didymus
2741 4574 2860 4629 lum
2897 4576 3025 4647 hic,‘
3062 4587 3170 4647 tum
3217 4574 3438 4647 ιιι-Μ)ιο
3487 4574 3560 4647 De
3598 4575 3808 4644 Spiritu

2231 4654 2433 4716 sancto,
2493 4642 2614 4716 pa'g.
2680 4647 2779 4699 155
2828 4655 2881 4700 et
2929 4643 3031 4698 156
3071 4645 3200 4700 edit.
3251 4642 3648 4716 Veronensis,‘
3688 4657 3808 4701 tum

634 4714 665 4762 5.
701 4714 757 4764 δὲ
787 4714 834 4762 ὅ.
870 4714 898 4762 ὁ
930 4714 1056 4772 Υἱὸς
1087 4714 1182 4764 τοῦ
1208 4753 1223 4767 .
1251 4752 1265 4765 .
1295 4749 1310 4762 .
1342 4714 1436 4763 καὶ
1461 4714 1710 4765 δέδωκεν.

634 4780 741 4846 (71)
784 4779 1028 4834 Mentem.
1062 4780 1116 4834 In
1146 4785 1491 4835 enarratione
1537 4785 1600 4833 ad
1638 4784 1781 4835 hunc
1831 4780 2001 4834 locum
2054 4782 2127 4836 ait

2231 4714 2381 4768 alibi.
2419 4714 2752 4780 Quin'ctiam
2797 4717 2934 4784 apud
2978 4716 3309 4769 Clementem
3352 4715 3808 4780 Alexandrinum,

2231 4793 2282 4836 et
2314 4784 2446 4839 alios
2482 4785 2666 4841 Patres
2695 4787 2905 4846 legitur.

627 4795 741 4841 (ll)
784 4795 1028 4834 tuentem.
1062 4795 1116 4834 ΙΙΙ
1146 4795 1491 4835 enarratione
1537 4795 1600 4833 all
1638 4795 1781 4835 nunc
1831 4795 2001 4834 locum
2054 4795 2166 4836 Ml-

2231 4793 2282 4836 et
2314 4784 2446 4856 alios
2465 4785 2666 4856 Patres
2695 4787 2905 4856 legitur.

2303 4853 2414 4923 (75)
2453 4853 2768 4909 Dominumf
2815 4856 2944 4920 Seu,
3003 4870 3346 4923 possessorem
3375 4870 3394 4908 .°
3424 4868 3582 4925 quem
3627 4853 3813 4911 Lucas

2231 4937 2443 4997 quoilue
2467 4926 2520 4997 in
2551 4928 2694 4980 Actis
2730 4942 2799 4990 tv,
2830 4927 2920 4991 54,
2941 4925 3087 4997 dixit
3117 4929 3375 4997 κτήτορα.

2303 4994 2413 5064 (76)
2454 4995 2895 5064 Subintroierunt.
2940 4996 3110 5060 Epist.
3151 4994 3271 5048 Jud.
3305 5010 3450 5049 vers.
3486 4994 3540 5048 4.

2300 5062 2411 5134 (77)
2452 5063 2821 5135 ϐονῃρΙιωιιηι.
2879 5065 3024 5118 Nova
3083 5065 3291 5119 Ernesti
3336 5064 3521 5119 Grabii
3549 5062 3810 5135 _hominis

2229 5131 2777 5202 heterodoxi'opinio,
2820 5151 2923 5203 qua
2966 5151 3069 5189 non
3117 5135 3357 5198 Petrum,
3408 5135 3500 5188 sed
3542 5132 3808 5189 Jacobum

2230 5203 2592 5268 apostolorum
2628 5205 2856 5272 primum
2883 5205 3054 5259 fuisse
3086 5215 3255 5268 retur,
3309 5220 3430 5257 cum
3478 5205 3584 5257 risu
3627 5205 3809 5272 potius

2230 5275 2544 5342 excipienda
2602 5283 2704 5338 est,
2760 5289 2921 5342 quam
2977 5274 3290 5331 refellenda.
3356 5275 3486 5328 Vide
3544 5272 3806 5330 Massneti

2228 5353 2385 5398 notas
2431 5346 2498 5396 ad
2546 5342 2733 5398 Irena‘i
2773 5345 2967 5399 librum
3002 5360 3084 5408 ιιι,
3133 5359 3251 5412 cap.
3283 5345 3336 5409 5,
3374 5360 3522 5398 num.
3566 5343 3623 5408 2,
3675 5358 3805 5414 pag.

2227 5408 2353 5467 200.
2390 5412 2522 5468 Vide
2554 5423 2607 5468 et
2632 5429 2778 5468 meas
2804 5416 2869 5468 ad
2909 5430 3078 5468 seem.
3121 5414 3224 5468 106
3254 5417 3304 5468 b.

2340 5454 2353 5467 .
2397 5429 2522 5468 Vltle
2554 5429 2607 5468 ει
2632 5429 2778 5469 meas
2804 5429 2869 5468 au
2909 5430 3078 5469 seem.
3121 5429 3224 5468 ’lU')
3254 5429 3304 5468 ο.

2301 5430 2353 5467 υ.
2398 5430 2522 5468 Vltle
2554 5430 2607 5468 et
2632 5430 2778 5469 meas
2804 5430 2869 5468 au
2909 5430 3070 5484 segm.

2299 5482 2408 5554 (78)
2457 5482 2700 5554 Yerbum.
2745 5484 2866 5540 Act.
2896 5502 2950 5549 ιι,
2981 5487 3070 5540 56.

2303 5552 2411 5627 (79)
2455 5553 2758 5627 Decoratus.
2802 5555 2979 5627 Codex
3011 5555 3286 5627 mendose,
3316 5552 3711 5627 τετηρημένος.

2300 5623 2410 5694 (80)
2453 5623 2685 5694 Largiri.
2727 5624 2782 5678 ln
2827 5626 3016 5680 Graeco
3059 5626 3324 5681 excidisse
3363 5623 3589 5695 conjicio
3641 5639 3810 5682 voces

2229 5695 2488 5768 παρέχειν
2515 5695 2627 5761 καί,
2659 5707 2777 5766 post
2813 5711 2992 5752 vocem
3023 5695 3240 5764 ἀγαθόν.
