4104 6408
320 369 417 424 ιθυ

1417 370 1509 425 DE
1542 368 1921 426 TRINITATE
1960 366 2158 423 LIBER
2200 364 2479 422 PRIMUS.

3447 360 3557 419 410

313 485 419 541 ⁴τῶν
444 485 658 538 οἰκείων
704 484 884 555 ἔργων
926 484 1340 548 ἐπιδεικνύντες,
1387 484 1743 551 διδάσκουσιν,
1804 486 1877 538 ὅτι

1988 498 2103 537 rum
2140 482 2307 551 ipsius
2322 488 2690 534 creaturarum
2717 475 3158 546 gubernationem
3200 474 3355 529 nobis
3381 485 3559 531 osten-

313 580 471 640 αὐτὸς
497 579 612 629 ἐστι
635 577 838 640 παντὸς
870 575 1075 645 ἀγαθοῦ
1102 576 1453 647 παρεκτικὸς,
1486 578 1581 630 καὶ
1608 577 1720 645 φῶς
1752 578 1889 645 ἁγα-

311 670 532 732 θοειδὲς,
567 670 661 722 καὶ
709 668 1057 734 ἀγαθοποιὸν,
1112 669 1202 721 καὶ
1247 669 1395 738 ἥλιος
1448 669 1657 740 νοητὸς,
1687 668 1765 738 τῷ
1794 668 1886 737 ἀφ’

310 760 504 813 ἑαυτοῦ
536 760 756 829 ἀλήκτῳ
790 760 929 827 φωτὶ
979 758 1418 831 ἀπολαμπρύνων
1444 761 1512 813 τὰ
1535 760 1758 830 ὄμματα
1783 760 1889 812 τῶν

306 851 563 906 ἀπλανῶν
619 852 712 903 καὶ
736 849 1000 904 δεκτικῶν
1031 851 1237 920 ψυχῶν,
1268 852 1361 904 καὶ
1391 852 1523 904 εἵσω
1566 850 1666 920 τῆς
1695 851 1890 920 νοητῆς

305 944 459 1010 ἄγων
487 942 796 1013 περιωπῆς,
822 943 916 995 καὶ
963 942 1131 995 ποιῶν
1174 944 1326 1014 ὁρᾷν,
1357 943 1393 996 ἃ
1425 944 1497 1014 μὴ
1533 944 1795 1014 πρότερον
1821 938 1887 995 δι’

311 1035 583 1106 ἁμαρτίας
614 1036 748 1106 ὁρᾷν
802 1034 919 1087 καθ’
952 1034 1089 1088 αὐτὰ
1126 1036 1389 1102 ἐπεφύκει
1412 1051 1425 1065 ·
1461 1034 1493 1105 ἢ
1527 1035 1621 1088 καὶ
1648 1034 1767 1087 ὅλον
1796 1034 1887 1087 τὸν

314 1129 499 1197 ἄρτιον
523 1126 803 1197 ἄνθρωπον
825 1126 1085 1196 φωτοειδῆ
1108 1125 1293 1188 ποιῶν,
1320 1126 1395 1188 ὡς
1427 1128 1455 1179 ὀ
1476 1126 1625 1195 ἥλιος
1654 1123 1885 1195 ἡλιοειδῆ

314 1220 382 1271 τὰ
425 1217 645 1286 σώματα
674 1217 743 1269 τὰ
770 1220 827 1271 ὲν
843 1212 925 1282 οἷς
953 1218 1345 1289 παραγίνεται·
1378 1218 1457 1271 ἔτι
1478 1218 1534 1270 δὲ
1566 1219 1646 1271 ὅτι
1678 1218 1771 1271 καὶ
1806 1217 1888 1270 τα·-

314 1328 417 1372 σις,
466 1311 557 1361 καὶ
591 1309 862 1381 θησαυρὸς
893 1310 1083 1379 σοφίας
1125 1310 1219 1362 καὶ
1254 1308 1508 1378 γνώσεως
1543 1309 1885 1378 ἀδαπάνητος

310 1402 401 1451 καὶ
431 1400 749 1471 πανταρκὴς
768 1401 1046 1469 τυγχάνει.
1079 1402 1187 1454 Καὶ
1214 1401 1263 1453 oi
1308 1400 1435 1469 περὶ
1472 1399 1633 1451 αὑτὸν
1663 1400 1884 1471 εἱλικρι-

303 1488 413 1547 νῶς
440 1488 791 1556 διακείμενοι,
819 1488 894 1552 ὡς
917 1488 1009 1541 καὶ
1032 1490 1157 1560 περὶ
1187 1489 1280 1542 τὸν
1312 1489 1532 1559 Πατέρα
1556 1488 1740 1552 αὑτοῦ,
1778 1488 1885 1541 υἱοὶ

302 1578 487 1645 φωτὸς
516 1579 777 1645 γίνονται,
808 1578 951 1632 καθὰ
980 1581 1082 1633 υἱοὶ
1106 1579 1200 1632 τοῦ
1227 1580 1360 1632 Θεοῦ
1399 1580 1611 1651 Πατρός
1631 1596 1644 1611 ·
1672 1580 1747 1642 ὡς
1765 1579 1883 1651 ἡνί-

303 1684 377 1718 κα
404 1667 878 1738 διακηρύττουσιν,
910 1670 1193 1739 Μαλαχίας
1225 1670 1325 1739 μέν
1344 1683 1357 1698 ⁸
1398 1669 1693 1724 Ἅνατελεῐ
1715 1670 1877 1740 ὑμῖν,

300 1756 429 1823 τοῖς
463 1759 850 1827 φοϐουμένοις
892 1760 957 1814 τὸ
986 1761 1172 1829 ὄνομά
1204 1780 1344 1831 μου,
1381 1762 1551 1829 ἣλιος
1574 1763 1877 1816 δικαιοσύ-

1994 576 2143 639 dant,
2182 576 2397 638 docent,
2435 573 2608 640 ipsum
2637 568 2871 635 cujusvis
2898 569 3022 621 boni
3054 568 3359 636 largitorem
3394 582 3554 634 esse;

1991 675 2046 721 et
2071 665 2309 719 bonitate
2341 663 2613 731 praeditam
2655 658 2789 729 (81),
2818 659 3189 727 bonorumque
3225 657 3553 713 effectricem

1993 756 2200 819 lucem;
2228 764 2283 809 et
2322 755 2606 823 mysticum
2638 753 2830 818 solem,
2860 752 2947 820 qui
2985 750 3309 806 indeticienti
3356 749 3555 804 lumine

1991 863 2021 901 a
2051 862 2110 901 se
2142 847 2258 914 ipso
2312 851 2597 898 ernanante
2645 842 2994 897 inerrantium
3035 840 3168 911 (82),
3209 840 3556 908 ejusdemque

1991 937 2206 992 luminis
2255 936 2531 1005 capacium
2581 937 2882 988 animarum
2930 932 3115 987 oculos
3167 932 3449 995 illuminat,
3499 939 3556 984 et

1990 1029 2133 1082 intra
2168 1027 2448 1098 mysticam
2477 1026 2749 1094 speculam
2782 1025 2947 1092 degit,
2978 1039 3043 1078 ac
3077 1038 3162 1086 ea,
3190 1038 3310 1092 quae
3333 1023 3401 1077 ob
3428 1037 3554 1091 pec-

1988 1129 2107 1174 cata
2130 1120 2200 1173 ita
2232 1119 2384 1188 prius
2405 1126 2713 1185 comparata
2742 1124 2917 1183 erant,
2946 1126 3004 1169 ut
3040 1118 3150 1185 ipsa
3173 1132 3267 1185 per
3286 1131 3345 1170 se
3368 1117 3552 1169 videre

1989 1228 2091 1265 non
2123 1220 2361 1281 possent,
2392 1208 2602 1263 videndi
2636 1208 2889 1261 facultate
2933 1209 3113 1271 donat,
3146 1217 3241 1259 aut
3271 1206 3433 1259 etiam
3471 1216 3553 1259 to-

1994 1311 2102 1354 tum
2140 1300 2436 1369 perfectum
2467 1299 2736 1353 hominem
2765 1299 2997 1352 lucidum
3029 1297 3180 1361 facit,
3212 1299 3353 1353 sicut
3390 1308 3446 1352 et
3472 1297 3552 1352 sol

1984 1392 2159 1456 clara,
2194 1392 2409 1460 sibique
2440 1390 2635 1445 similia
2667 1391 2841 1445 reddit
2866 1404 3118 1459 corpora,
3153 1389 3219 1444 ad
3264 1404 3385 1458 qua:
3426 1404 3551 1458 per-

1985 1488 2160 1558 tingit.
2200 1486 2334 1541 Eum
2370 1486 2585 1554 insuper
2618 1496 2674 1540 et
2705 1486 3040 1540 sanationem
3066 1497 3189 1538 esse
3232 1482 3449 1547 docent,
3496 1490 3554 1538 et

1985 1581 2290 1633 thesaurum
2348 1578 2621 1646 sapientiae
2687 1588 2744 1631 et
2813 1575 3050 1631 scientiae
3118 1575 3497 1630 inexhaustum
3530 1614 3548 1641 ,

1980 1686 2274 1740 numesque
2316 1669 2593 1741 juvantem
2633 1669 2764 1737 (85).
2801 1671 2878 1723 Ac
2905 1669 3117 1723 demum
3162 1681 3276 1729 eos,
3305 1666 3393 1736 qui
3423 1680 3551 1735 erga

1984 1764 2182 1829 ipsum,
2212 1763 2351 1817 sicut
2379 1776 2504 1831 erga
2538 1759 2751 1815 Patrem
2796 1761 2932 1828 ejus,
2984 1761 3195 1815 sincero
3246 1760 3427 1811 animo
3471 1757 3552 1809 af-

299 1867 438 1916 rnc,
486 1851 586 1904 καὶ
626 1852 788 1917 ιασις
819 1852 887 1905 ἐν
920 1853 1048 1919 ταῖς
1106 1855 1389 1923 πτέρυξιν
1420 1856 1623 1910 αὐτοῦ.
1680 1857 1877 1929 Πέτρος

1985 1851 2108 1906 fecti
2135 1860 2280 1916 sunt,
2310 1850 2446 1905 filios
2474 1852 2609 1906 lucis
2638 1866 2760 1906 esse
2789 1852 2959 1916 aiunt,
2994 1851 3132 1905 sicut
3166 1848 3259 1902 lilii
3304 1857 3427 1903 sunt
3458 1846 3547 1901 Dei

297 1941 379 2005 δὲ,
407 1945 468 1995 ὲν
491 1946 557 2013 τῇ
585 1943 811 2015 δευτέρᾳ
853 1945 1138 2016 Ἐπιστολῇ
1160 1962 1173 1976 ο
1211 1947 1358 2013 Ἕως
1405 1944 1475 2002 οὗ
1508 1947 1695 2017 ἡμέρα
1719 1949 1882 2002 διαυ-

300 2034 490 2102 γάσῃ,
521 2034 619 2087 καὶ
652 2037 973 2104 Φωσφόρος
1005 2037 1287 2107 ἀνατείλῃ
1345 2039 1414 2092 ἐν
1438 2039 1567 2105 ταῖς
1613 2041 1882 2110 καρδίαις

299 2122 492 2191 ὑμῶν.
533 2125 757 2192 Ἔλεγεν
799 2126 877 2191 δὲ,
902 2121 1078 2197 οἶμαι,
1106 2128 1197 2181 τὸν
1238 2130 1347 2182 ἀπὸ
1374 2134 1473 2201 τῆς
1498 2131 1755 2202 δευτέρας
1787 2134 1883 2186 αὐ-

296 2212 396 2264 τοῦ
432 2214 750 2281 ἐπιφανείας
779 2216 1020 2286 ἀνίσχειν
1054 2216 1315 2287 μέλλοντα
1344 2223 1465 2281 ταῖς
1495 2219 1693 2291 ψυχαῖς
1714 2240 1881 2291 φωτι-

301 2303 462 2373 σμὸν,
486 2306 580 2357 καὶ
606 2306 781 2359 πάντα
800 2308 1300 2379 καταφαιδρύνοντα
1327 2309 1397 2363 τὰ
1422 2311 1596 2381 σκότῳ
1620 2328 1884 2385 κεκρατη-

300 2400 464 2467 μένα.
494 2399 604 2451 Καὶ
636 2399 895 2472 ἑτέρωθι’
951 2402 1060 2456 Καὶ
1118 2404 1157 2471 ἡ
1187 2403 1337 2468 δόξα
1394 2406 1613 2473 Κυρίου
1648 2407 1748 2460 ἐπὶ
1806 2406 1882 2461 σὲ

295 2489 727 2545 ἀνατέταλκεν.
783 2492 1049 2564 Ζαχαρίας
1100 2494 1157 2549 δὲ
1210 2499 1611 2567 προεφήτευσεν
1634 2514 1648 2527 ⁸
1708 2498 1784 2552 ΕΖ
1823 2516 1881 2553 τι

295 2579 546 2646 ἀγαθὸν,
571 2579 758 2634 αὐτοῦ
775 2596 791 2613 ο
816 2582 915 2636 καὶ
943 2583 999 2637 el
1029 2599 1085 2637 τι
1102 2586 1310 2651 καλὸν,
1331 2589 1464 2656 παρ’
1486 2588 1670 2643 αὐτοῦ
1686 2590 1877 2644 ἔσται.

298 2671 410 2723 Καὶ
440 2670 670 2736 Παῦλος,
718 2672 856 2742 πρὸς
885 2674 983 2745 μὲν
1014 2675 1340 2741 Κολοσσαείς
1370 2678 1497 2750 περ)⁵
1532 2678 1622 2749 [58
1665 2678 1720 2750 a]
1777 2680 1879 2733 αὐ-

296 2761 393 2813 τοῦ
427 2762 532 2831 ἔφη
554 2776 568 2790 ⁸
603 2763 699 2815 Ἑν
726 2756 775 2829 ᾦ
801 2766 960 2818 εἰσιν
987 2766 1207 2834 πάντες
1230 2772 1283 2822 οἱ
1313 2770 1603 2838 θησαυροὶ
1642 2770 1753 2839 τῆς
1773 2785 1879 2826 σο-

293 2854 443 2922 φίας
475 2853 573 2907 καί
612 2854 887 2923 γνώσεως
910 2857 1244 2927 ἀπόκρυφοι
1263 2877 1276 2890 ·
1307 2862 1444 2935 πρὸς
1470 2861 1526 2914 δὲ
1555 2863 1878 2933 Ῥωμαίους,

294 2946 472 3013 Λέγει
502 2944 633 3014 γὰρ,
662 2946 846 3017 φησὶν,
882 2949 920 3015 ἠ
962 2950 1171 3018 Γραφή
1197 2968 1209 2982 ο
1245 2949 1371 3017 Πᾶς
1404 2955 1435 3005 ό
1460 2955 1757 3008 πιστεύων
1785 2956 1877 3009 ἐπ’

291 3035 477 3101 αὐτῷ,
526 3039 598 3090 οὐ
650 3040 1264 3107 καταισχυνθήσεταιο
1315 3045 1387 3096 οὺ
1441 3043 1553 3113 γάρ
1594 3046 1724 3100 ἐστι
1756 3046 1881 3100 δια-

290 3128 492 3195 στολὴ
533 3128 825 3184 Ἰουδαίου
857 3130 957 3184 καὶ
976 3132 1279 3199 Ἕλληνος
1298 3151 1310 3164 ·
1340 3138 1374 3189 ό
1398 3136 1507 3205 γὰρ
1531 3137 1713 3203 αὐτὸς
1762 3140 1879 3192 Κύ-
1905 3169 1945 3228 c

288 3238 420 3289 ριος
443 3220 706 3283 πάντων,
740 3222 1018 3276 πλουτῶν
1040 3227 1125 3289 εὶς
1146 3226 1374 3292 πάντας
1394 3228 1534 3293 τοὺς
1555 3229 1874 3285 ἐπικαλου-

292 3314 517 3381 μένους
545 3316 733 3367 αὐτόν
756 3330 771 3344 ο
804 3313 922 3380 πᾶς
948 3316 1057 3384 γὰρ
1106 3317 1172 3382 ὃς
1197 3319 1625 3386 ἐπικαλέσηται
1653 3321 1718 3373 τὸ
1740 3321 1873 3374 ὄνου

297 3423 379 3475 μα
415 3406 653 3473 Κυρίου,
684 3406 1039 3473 σωθήσεται.
1085 3410 1244 3463 Ποῖον
1272 3409 1327 3462 δὲ
1357 3410 1523 3481 ὄνομα
1556 3412 1873 3465 ἐπικαλοῦν-

298 3515 393 3551 ται
414 3500 505 3551 τοῦ
539 3500 687 3563 Υίοῦ,
723 3501 772 3552 oi
808 3500 940 3571 μηδὲ
978 3501 1106 3553 Θεὸν
1131 3503 1400 3567 ἅκτιστον,
1438 3503 1570 3573 μηδὲ
1598 3504 1722 3558 Υίὸν
1753 3505 1878 3575 ὁμο-

298 3591 487 3645 ούσιον
514 3592 583 3661 τῷ
618 3592 800 3664 Πατρ),
826 3592 1072 3659 λέγοντες
1100 3594 1261 3646 αὑτὸν
1300 3594 1390 3647 τὸν
1426 3594 1750 3657 καλλίνικον,
1782 3596 1875 3650 τὸν

296 3683 529 3753 Σωτῆρα
552 3683 801 3754 οὐρανοῦ,
826 3685 920 3737 καὶ
948 3684 1067 3753 γῆς,
1094 3685 1183 3737 καὶ
1220 3684 1512 3756 θαλάσσης
1544 3686 1654 3739 Καὶ
1699 3686 1875 3742 Ἰωάν⁸

370 3864 486 3931 (8i)
529 3861 1109 3935 Bonitateiprwditam.
1146 3863 1603 3929 Quemadmodum
1647 3863 1874 3935 θυμοει-

292 3936 396 4005 δής
450 3934 1005 4005 dicituranimosus,
1077 3945 1168 3986 aut
1224 3934 1546 4005 iracundus;
1604 3935 1673 3986 ita
1726 3934 1873 4005 ἀγα-

294 4004 539 4073 θοειδὴς.
573 4004 797 4055 bonitate
823 4004 1097 4070 prwditus,
1132 4018 1226 4057 seu
1254 4004 1439 4065 bonus,
1470 4019 1561 4056 seu
1590 4004 1866 4072 beneﬁcus,

296 4086 352 4127 ut
393 4087 542 4144 puto.
579 4074 952 4144 Suspicabitur
988 4073 1217 4144 fortasse
1252 4075 1373 4139 quis
1410 4074 1690 4144 legendum
1722 4089 1862 4140 esse,

288 4141 411 4215 φῶέ
453 4141 899 4215 αὐγοε-ιδέςη-δοά
940 4143 1141 4197 codicis
1177 4144 1334 4198 lectio
1376 4143 1710 4215 sollicitanda
1759 4159 1863 4198 non

289 4212 379 4270 est
409 4234 421 4267 :
451 4232 575 4267 cum
602 4212 935 4268 Jantblichus
978 4228 1191 4282 quoque
1218 4224 1342 4266 ante
1375 4213 1653 4282 [)idymunt
1675 4216 1864 4269 eodem

290 4286 559 4339 vocabulo
594 4298 735 4354 usus,
767 4283 1017 4354 sitrapud
1053 4281 1311 4354 Joannem
1345 4281 1675 4354 Stoliensmn
1721 4284 1867 4354 λόγῳ

288 4359 490 4423 primo.
523 4354 604 4406 Τὰ
632 4353 686 4405 δὲ
716 4352 915 4423 ἀρετῆς
938 4352 1075 4423 ξργα
1121 4352 1361 4423 (inquit)
1398 4352 1683 4423 ἀγαθοειδῆ
1703 4370 1719 4385 ⁸
1749 4352 1867 4423 ι]υώ

288 4372 490 4423 primo.
534 4370 604 4406 ια
632 4370 686 4405 οε
716 4370 915 4423 αρετης
938 4370 1075 4475 ῗργα
1121 4370 1361 4423 (ιιιῳιιι)
1398 4370 1719 4423 αγαυοειοηο
1789 4371 1867 4408 ua:

287 4427 369 4479 sic
407 4426 571 4477 vertit
596 4428 858 4488 interpres
889 4441 900 4476 :
986 4425 1163 4476 irtutis
1193 4432 1368 4475 autem
1402 4440 1556 4491 opera
1596 4425 1715 4476 boni
1749 4370 1868 4482 (Ior-

289 4512 432 4583 mam
460 4494 670 4575 habent.
706 4492 778 4545 De
806 4494 1068 4583 scriptore
1096 4504 1309 4557 autem,
1343 4494 1433 4583 qui
1483 4496 1581 4546 sub
1626 4494 1863 4583 DionJysii
1897 4528 1941 4583 Β

283 4566 630 4633 Areopagitae
678 4564 892 4617 nomine
928 4566 1077 4625 latet,
1113 4578 1175 4617 ac
1219 4564 1460 4617 eamdem
1495 4578 1679 4617 vocem
1706 4564 1861 4617 adhi-

288 4637 403 4696 bet,
432 4636 564 4688 nihil
592 4635 732 4693 dico,
763 4634 904 4700 quod
935 4650 1057 4687 eum
1093 4634 1317 4702 Didyino
1351 4636 1700 4689 recentiorem
1741 4648 1861 4689 esse

284 4708 447 4758 valde
491 4704 764 4772 probabile
818 4706 1083 4764 videatur.
1128 4705 1356 4771 ideoque
1404 4703 1560 4772 hujus
1615 4705 1860 4760 vocabuli

289 4788 561 4837 vetustas,
588 4788 747 4840 quam
777 4788 981 4839 quaero,
1018 4775 1150 4827 satis
1183 4789 1245 4826 ex
1276 4788 1341 4828 eo
1376 4790 1479 4827 non
1511 4772 1787 4841 probetur.

362 4846 476 4916 (82)
536 4844 915 4916 lnerrantium.
990 4843 1328 4916 Allegoriam
1381 4858 1409 4897 a
1474 4845 1588 4916 sole
1648 4848 1859 4898 ductam

283 4912 659 4986 persequitur,
722 4914 1019 4986 atque_ab
1085 4912 1249 4968 astris
1314 4912 1695 4977 inerrantibus,
1764 4930 1860 4986 seu

287 4983 433 5040 lixis.
494 4984 717 5039 Animas
746 4998 877 5052 ergo
905 4983 1233 5052 interpretor
1273 4993 1494 5053 peccato
1536 4999 1647 5038 non
1683 4985 1861 5054 inqui-

283 5067 467 5111 statas.

362 5124 478 5194 (85)
526 5122 828 5177 Jurantem.
882 5121 1109 5194 Olympii
1157 5122 1307 5179 Jovis
1355 5124 1542 5193 digito,
1591 5123 1864 5179 Clemente

286 5193 429 5249 teste
462 5196 515 5248 in
550 5193 893 5260 Protreptico,
937 5193 1154 5249 Phidias
1187 5195 1485 5263 insculpsit,
1540 5195 1865 5266 Πανταρκὴς

284 5267 474 5328 καλός.
507 5266 602 5318 Est
629 5274 805 5336 autem
840 5267 1156 5336 πανταρκὴς
1202 5267 1291 5333 qui
1331 5268 1580 5320 omnibus
1622 5270 1861 5336 prodest,

286 5349 384 5389 aut
410 5336 502 5402 qui
536 5335 788 5388 omnibus
814 5333 1029 5387 suﬂicit.

360 5406 474 5471 (84)
509 5405 744 5459 Orietur.
780 5402 1005 5458 Malach.
1044 5419 1113 5465 Iv,
1146 5402 1200 5458 2.

358 5472 473 5541 (85)
503 5476 698 5529 Donec.
722 5473 765 5526 II
793 5474 938 5528 Petr.
969 5490 1008 5538 ι,
1043 5472 1131 5528 I9.

358 5543 471 5616 (86’)
498 5545 714 5601 Omnia.
747 5545 1142 5613 Origenismum
1172 5544 1259 5599 hic
1280 5543 1510 5601 fortasse
1537 5546 1699 5615 aliqui
1736 5549 1866 5603 sub-

282 5618 564 5673 di'acient.
607 5618 678 5668 At
702 5631 824 5686 cum
864 5616 1119 5686 Didymus
1149 5617 1486 5684 sempiternos
1518 5619 1865 5686 reproborum

286 5690 546 5741 cruciatus
579 5696 635 5739 et
687 5686 737 5737 in
770 5685 908 5738 libro
942 5688 1014 5739 De
1050 5685 1251 5749 Spiritu
1303 5698 1486 5741 sancto
1524 5704 1672 5741 num.
1701 5688 1767 5740 47
1804 5705 1869 5744 ac

288 5757 359 5810 59
384 5769 433 5811 ct
460 5760 511 5811 in
541 5758 643 5811 hoc
672 5770 837 5823 opere
862 5771 1031 5822 segni.
1056 5754 1153 5807 22f
1192 5774 1245 5816 a,
1287 5766 1447 5824 atque
1485 5758 1609 5811 alibi
1635 5773 1867 5826 agnove-

293 5832 397 5893 rit;
423 5838 709 5899 propterea
744 5828 1036 5895 dminonas,
1074 5828 1491 5896 reproboruiuve
1548 5830 1752 5883 animas
1783 5831 1867 5885 ni-

1985 1943 2178 1998 Patris.
2208 1943 2330 1997 Haec
2371 1944 2480 2013 87
2527 1944 2671 1997 enim
2719 1943 3031 2011 praedicant.
3081 1941 3369 1994 Malachias
3425 1941 3548 2009 qui-

1983 2036 2145 2090 dem:
2180 2033 2391 2088 Orietur
2413 2034 2524 2103 (84)
2551 2033 2712 2096 vobis,
2749 2034 2837 2102 qui
2886 2034 3075 2086 timetis
3126 2049 3307 2089 nomen
3352 2047 3546 2095 meum,

1981 2127 2058 2181 sol
2076 2126 2337 2195 justitiaz;
2377 2135 2422 2179 et
2466 2127 2663 2179 sanitas
2710 2126 2765 2177 in
2816 2124 2914 2178 alis
2953 2125 3087 2191 ejus.
3139 2124 3330 2178 Petrus
3369 2133 3544 2178 autem

1982 2221 2036 2274 in
2088 2220 2321 2275 secunda
2356 2219 2631 2287 Epistola:
2682 2217 2856 2271 Donec
2907 2218 3017 2288 (85)
3066 2218 3176 2271 dies
3218 2217 3463 2281 eluxerit,
3498 2226 3547 2270 et

1982 2312 2193 2381 Lucifer
2218 2322 2363 2365 ortus
2388 2312 2454 2365 sit
2476 2312 2531 2364 in
2552 2311 2791 2364 cordibus
2840 2312 3041 2363 vestris.
3094 2308 3543 2363 llluminationem

1982 2414 2181 2468 autem,
2218 2412 2277 2458 ut
2305 2413 2453 2471 puto,
2492 2402 2739 2473 intelligit
2765 2417 2830 2455 ex
2866 2401 3103 2455 secundo
3156 2400 3271 2468 ejus
3316 2401 3548 2454 adventu

1982 2496 2036 2549 in
2067 2496 2348 2550 animabus
2377 2496 2659 2559 oriturum,
2690 2510 2753 2549 ac
2781 2495 2963 2547 omnia
2993 2492 3124 2563 (86),
3159 2506 3277 2560 qua:
3329 2508 3357 2545 a
3391 2501 3544 2545 tene-

1981 2588 2095 2642 bris
2122 2598 2390 2652 tenentur,
2418 2586 2860 2655 exSpleudescere
2900 2585 3205 2639 facientem.
3253 2584 3319 2637 Et
3370 2583 3543 2639 alibi:

1984 2679 2049 2732 Et
2074 2681 2241 2749 gloria
2269 2679 2376 2750 (87)
2406 2679 2615 2732 Domini
2641 2693 2796 2745 super
2839 2688 2888 2729 te
2935 2686 3051 2729 orta
3108 2685 3206 2729 est.
3255 2675 3547 2729 Zacharias

1982 2784 2161 2827 autem
2196 2774 2274 2828 sic
2305 2772 2676 2843 prophetavit:
2705 2770 2763 2825 Si
2789 2772 2911 2839 quid
2943 2770 3050 2840 (88)
3079 2768 3288 2833 bonum,
3308 2770 3371 2821 ab
3410 2769 3545 2838 ipso,

1981 2875 2051 2927 et,
2085 2866 2129 2919 si
2158 2865 2282 2936 quid
2316 2863 2699 2934 pulchrum,ab
2738 2865 2849 2931 ipso
2899 2863 3028 2926 erit;
3077 2869 3132 2914 et
3183 2862 3430 2915 scribens
3478 2859 3548 2913 ad

1983 2957 2328 3012 Colossenses
2359 2953 2572 3019 Paulus,
2608 2954 2675 3007 de
2702 2953 2793 3007 illo
2831 2952 3006 3007 dixit:
3054 2950 3120 3005 In
3144 2968 3245 3020 quo
3286 2950 3396 3021 (89)
3423 2958 3547 3006 sunt

1983 3066 2157 3103 omnes
2181 3048 2411 3103 thesauri
2437 3048 2709 3113 sapientia
2749 3055 2797 3099 et
2832 3046 3060 3099 scientia:
3105 3044 3434 3110 absconditi;
3485 3045 3539 3100 in

1982 3141 2215 3211 Epistola
2239 3155 2369 3193 vero
2399 3141 2464 3192 ad
2492 3139 2764 3193 Romanos
2793 3138 2901 3190 ait:
2940 3136 3074 3190 Dicit
3100 3138 3237 3191 enim
3264 3137 3375 3207 (90)
3401 3136 3547 3190 Scri-

1979 3243 2130 3299 ptura
2158 3251 2176 3283 :
2200 3230 2400 3295 Omnis,
2445 3233 2532 3299 qui
2556 3232 2719 3285 credit
2748 3231 2801 3282 in
2832 3228 3004 3293 illum,
3034 3244 3138 3281 non
3174 3229 3542 3294 confundetur.

1982 3325 2105 3377 Non
2136 3323 2273 3375 enim
2298 3332 2369 3374 est
2405 3323 2671 3375 distinctio
2692 3320 2891 3383 Judaei,
2927 3329 2973 3372 et
3010 3316 3216 3381 Grtcci;
3253 3334 3373 3371 nam
3406 3320 3545 3373 idem

1986 3416 2236 3467 Dominus
2260 3414 2513 3477 omnium,
2538 3415 2680 3466 dives
2715 3414 2767 3465 in
2808 3428 3005 3476 omnes,
3060 3412 3149 3481 qui
3195 3413 3433 3465 invocant
3474 3412 3546 3465 il-

1980 3505 2122 3559 lum:
2150 3506 2319 3559 omnis
2353 3507 2488 3559 enim
2538 3506 2830 3575 quicunque
2872 3503 3182 3557 invocaverit
3221 3519 3406 3556 nomen
3437 3502 3545 3555 Do-

1980 3598 2125 3661 mini,
2155 3597 2331 3650 salvus
2357 3597 2475 3650 erit.
2504 3596 2671 3662 Quale
2697 3606 2876 3648 autem
2906 3593 3026 3647 Filii
3054 3606 3245 3647 nomen
3293 3594 3544 3646 invocant

1982 3690 2074 3758 qui
2106 3688 2279 3759 ipsum
2311 3687 2455 3754 coeli,
2484 3696 2539 3741 et
2570 3695 2748 3753 terrm,
2781 3694 2835 3741 ct
2860 3684 3025 3740 maris
3047 3684 3156 3755 (9i)
3196 3685 3543 3739 victoriosum

1981 3864 2055 3917 hil
2085 3865 2189 3919 huc
2220 3865 2492 3934 pertinere
2522 3864 2865 3929 crediderim,
2897 3866 2989 3921 sed
3026 3867 3213 3921 eodem
3243 3866 3353 3919 fere
3382 3879 3541 3919 sensu

1977 3934 2093 3988 haec
2116 3950 2144 3987 a
2180 3934 2402 4005 Didymo
2434 3936 2558 4001 dici,
2586 3953 2692 4003 quo
2724 3937 2773 3988 in
2804 3937 2971 4002 prima
3004 3939 3069 3989 ad
3096 3935 3219 3989 Cor.
3240 3951 3309 3997 iv,
3331 3936 3383 4000 5,
3408 3936 3545 4005 scri-

1973 4014 2123 4075 ptum
2155 4020 2184 4058 a
2214 4003 2379 4058 Paulo
2408 4006 2509 4058 fuit
2541 4024 2553 4058 :
2584 4005 2757 4059 Donec
2787 4012 2951 4059 veniat
2972 4006 3249 4071 Dominus,
3276 4007 3367 4075 qui
3392 4016 3441 4060 et
3469 4004 3541 4058 il-

1972 4074 2244 4128 luminabit
2270 4076 2571 4128 abscondita
2600 4079 2947 4131 tenebrarum.

2043 4143 2157 4213 (87)
2188 4144 2255 4197 Et
2288 4144 2477 4213 gloria.
2511 4146 2614 4199 Isa.
2643 4161 2728 4210 ιι,
2772 4148 2821 4201 I.

2043 4214 2157 4287 (88)
2182 4216 2415 4287 Siquid.
2457 4215 2784 4287 Z‘acliarut,
2820 4216 2907 4287 I7,
2939 4214 3135 4287 legitur
3171 4235 3184 4270 :
3218 4217 3287 4271 Εί
3312 4233 3365 4269 τι
3399 4216 3541 4286 ἀγαρ

1974 4282 2065 4337 θὸν
2096 4282 2289 4348 αὑτοῦ,
2317 4285 2411 4338 καὶ
2434 4285 2557 4338 εἴτι
2581 4285 2743 4338 καλὸν
2773 4286 2903 4355 παρ’
2929 4282 3116 4341 αὐτοῦ.
3150 4287 3415 4355 Complut.
3448 4282 3539 4340 ta-

1974 4370 2093 4408 men
2126 4356 2289 4409 editio
2333 4371 2518 4408 vocem
2550 4355 2698 4426 παρὰ
2728 4357 2949 4420 omittit,
2985 4373 3145 4423 quam
3188 4357 3345 4410 habet
3365 4356 3537 4410 Fran-

1974 4426 2299 4493 cofiirtetisis
2332 4442 2347 4479 :
2380 4440 2480 4478 vox
2506 4440 2633 4480 vero
2661 4426 2815 4479 ἔσται
2861 4427 3144 4493 utrobique
3182 4428 3535 4479 desideratur.

1972 4492 2159 4563 Itaque
2182 4496 2267 4547 hic
2302 4511 2396 4561 pro
2434 4494 2513 4547 ἔτι
2542 4500 2655 4563 lego
2689 4496 2744 4549 εῐ
2774 4513 2845 4557 τι,
2876 4492 3175 4562 prtesertim
3216 4512 3336 4547 cum
3372 4497 3537 4549 libra-

1972 4566 2083 4644 rius
2114 4574 2243 4619 ante
2271 4566 2397 4619 illud
2442 4564 2523 4617 ἔτι
2567 4566 3011 4633 interpunctionis
3056 4574 3235 4620 notam
3273 4580 3537 4634 apposue-

1968 4646 2057 4689 Ill.

2040 4703 2152 4773 (89)
2180 4703 2245 4757 In
2272 4722 2393 4769 quo.
2428 4704 2633 4760 Coloss.
2671 4722 2729 4766 ιι.
2762 4707 2815 4760 5.

2040 4776 2149 4843 (90)
2174 4774 2308 4827 Dicit
2331 4776 2490 4831 enim.
2526 4776 2678 4829 ltom.
2705 4792 2758 4838 ι,
2787 4775 3175 4830 lI-15.Gra!ca
3210 4774 3362 4839 edit.,
3404 4773 3538 4826 Ἰθυ-

1957 4843 2117 4899 ’δαίου
2152 4862 2231 4906 τε,
2265 4856 2318 4896 et
2346 4846 2501 4912 paulo
2537 4857 2673 4911 post,
2710 4846 2766 4909 ὃς
2792 4847 2856 4900 ἂν
2880 4845 3287 4914 ἐπικαλέσηται.

2040 4916 2149 4985 (91)
2184 4914 2249 4966 Et
2278 4915 2459 4966 maris.
2512 4914 2902 4985 Origcnismutn
2954 4916 3042 4969 hic
3099 4913 3312 4985 quoque
3355 4913 3533 4981 suspi-

1969 4984 2079 5039 cari
2110 4988 2341 5053 proclive
2375 4994 2475 5044 est,
2502 4984 2627 5038 item
2663 4995 2718 5038 ut
2741 5002 2908 5054 segni.
2942 4985 3011 5039 67
3030 5003 3081 5037 a.
3106 4984 3364 5052 Origenes
3393 4987 3534 5037 enim

1972 5056 2044 5109 lib
2096 5071 2109 5108 ι
2144 5055 2216 5108 De
2234 5055 2503 5120 principiis
2528 5054 2700 5125 (nuru.
2742 5058 2775 5108 4
2807 5066 2859 5109 et
2888 5056 2940 5120 5,
2984 5071 3102 5124 pag.
3134 5055 3222 5123 75)
3255 5057 3383 5108 solis
3417 5054 3537 5105 ani-

1973 5142 2113 5178 niam
2156 5125 2502 5194 antiquiorem
2550 5126 2682 5178 dixit
2738 5126 3040 5195 alligatione
3088 5127 3200 5192 ejus
3240 5127 3307 5177 ad
3325 5139 3533 5195 corpus.

1968 5196 2045 5248 Ac
2075 5206 2257 5249 sextus
2283 5193 2347 5247 ex
2372 5193 2847 5249 anathematismis
2879 5196 2929 5248 in
2975 5193 3255 5263 Origenem
3315 5193 3435 5247 latis
3459 5195 3539 5247 sic

1970 5282 2029 5319 se
2058 5268 2217 5319 habet
2256 5282 2271 5323 ;
2298 5262 2356 5317 Si
2382 5265 2499 5332 quis
2524 5266 2646 5316 dicit
2671 5266 2874 5326 caelum,
2899 5275 2943 5317 et
2971 5262 3150 5326 solem,
3174 5275 3219 5317 et
3251 5264 3451 5327 lunam,
3484 5272 3534 5316 et

1971 5336 2169 5397 stellas,
2201 5345 2249 5388 et
2293 5351 2478 5397 aquas,
2523 5350 2637 5402 qua:
2685 5351 2837 5402 super
2877 5337 3029 5387 caelos
3059 5346 3206 5397 sunt,
3252 5336 3537 5396 animatas,

1971 5417 2019 5458 et
2048 5406 2341 5459 materiales
2383 5420 2490 5457 esse
2527 5407 2779 5470 quasdam
2837 5406 3067 5463 virtutes.
3132 5405 3408 5456 anathema
3447 5403 3538 5456 sit.

1974 5476 2048 5529 De
2072 5478 2226 5545 aquis
2261 5490 2406 5537 vero,
2447 5490 2564 5545 quin
2585 5491 2739 5541 super
2763 5484 2956 5529 terram
2986 5484 3126 5536 sunt,
3150 5475 3199 5525 id
3226 5474 3395 5545 ipsum
3421 5486 3545 5545 sen-

1973 5542 2437 5611 sisse—Origenem
2476 5544 2701 5596 allirmat
2744 5546 2801 5598 S.
2860 5545 3188 5613 Epiphanius
3254 5542 3539 5613 iulitteris

1974 5618 2043 5670 ad
2076 5616 2332 5669 Joannem
2369 5612 2915 5684 Jerosolymitanum.
2946 5618 3013 5666 At
3040 5614 3284 5684 equidem
3314 5612 3366 5663 in
3399 5626 3539 5677 prte-

1974 5703 2101 5742 scns
2137 5689 2249 5741 haec
2305 5683 2589 5739 duntaxat
2628 5685 2813 5739 lectori
2846 5683 3317 5737 animadvertenda
3346 5696 3541 5749 propo-

1975 5775 2115 5813 nam.
2176 5756 2216 5809 l.
2254 5754 2539 5827 Didymutn
2599 5753 3056 5827 nihil‘aliuddiis
3103 5751 3539 5827 furtasseyerbh

1980 5829 2128 5896 velle,
2155 5841 2313 5898 quam
2352 5822 2493 5897 quod
2525 5827 2579 5882 in
2608 5826 2697 5881 lib.
2742 5824 2817 5879 De
2858 5824 3003 5892 Spir.
3034 5834 3215 5879 sancto
3245 5822 3541 5892 scripserat
