4104 6408
522 313 628 370 415

1756 311 1995 370 DIDYMI
2033 309 2500 368 ALEXANDRINI

3648 309 3755 363 416

523 426 715 481 Petrus
743 423 822 480 sic
850 438 1039 480 rursus
1070 422 1310 493 loquitur
1335 441 1348 476 :
1398 421 1502 476 Hic
1525 430 1599 477 est
1644 422 1756 492 (10)
1785 423 1958 491 'lapis,
1997 425 2088 493 qui

2204 421 2605 486 ἓξουδενωθεὶς
2635 422 2738 490 ὑφ’
2765 418 2930 488 ὑμῶν
2950 421 3067 474 τῶν
3094 420 3442 491 οἰκοδόμων,
3466 424 3499 476 ὁ
3526 424 3760 493 γενόμε-

524 513 828 582 reprobatus
848 525 922 568 est
945 531 976 567 a
1005 514 1146 567 vobis
1189 513 1622 581 wdiﬁcatoribus,
1673 514 1762 584 qui
1806 513 1978 581 [actus
2014 525 2087 566 est

521 609 579 660 in
608 616 760 670 caput
784 607 963 677 anguli
990 623 1008 660 :
1037 615 1086 660 et
1121 622 1222 659 non
1247 617 1321 658 est
1354 605 1408 658 in
1440 606 1544 658 alio
1581 607 1756 676 aliquo
1787 605 1952 658 salus.
1984 605 2089 660 Sed

523 709 579 752 et
619 698 932 759 catholicas,
974 699 1024 752 id
1069 707 1170 759 est,
1228 697 1579 760 universales,
1637 698 1876 751 secundo
1927 695 2089 750 mittit

525 790 756 856 litteras,
789 806 909 859 qua:
935 792 1072 844 inter
1096 791 1196 845 alia
1231 791 1298 844 de
1340 790 1474 844 Filio
1521 790 1683 853 dicta,
1747 788 1875 842 illud
1929 789 2088 842 etiam

526 883 764 938 habent:
801 883 998 952 Quippe
1037 883 1146 953 (l1)
1194 883 1371 935 omnia
1421 881 1567 934 nobis
1618 899 1648 934 a
1689 881 1864 934 diuina
1907 881 2094 933 virtute

524 974 712 1040 ipsius,
747 990 864 1038 qua:
885 973 953 1026 ad
977 975 1137 1026 vitam
1164 983 1212 1026 et
1254 974 1495 1040 pietatem
1541 972 1738 1024 donata
1791 981 1949 1037 sunt,
2002 987 2094 1040 per

523 1066 873 1135 cognitionem
902 1066 1038 1134 ejus,
1074 1066 1162 1134 qui
1189 1065 1387 1116 vocavit
1412 1080 1502 1117 nos
1545 1064 1755 1131 propria
1804 1063 1994 1131 gloria,
2044 1072 2092 1116 et

523 1157 718 1208 virtute
747 1155 856 1225 (1‘1)
883 1173 895 1208 :
929 1171 1018 1221 per
1033 1171 1150 1223 qua:
1188 1155 1439 1217 maxima,
1465 1163 1510 1207 et
1538 1155 1762 1221 pretiosa
1793 1154 1935 1205 nobis
1965 1151 2086 1220 [cli-

524 1249 657 1301 citer
687 1249 931 1300 nuntiata
968 1246 1076 1315 (15)
1132 1246 1364 1307 donavit,
1412 1254 1468 1297 ut
1514 1260 1604 1310 per
1650 1243 1760 1295 haec
1802 1242 2093 1311 e/ﬁciamini

525 1340 716 1394 divine
751 1348 1010 1393 consortes
1057 1329 1275 1392 naturae.
1328 1336 1530 1390 Idcirco
1585 1335 1820 1390 Jacobus
1871 1348 2087 1404 quoque

530 1433 582 1486 in
622 1433 857 1502 generali
887 1430 1128 1501 Epistola
1166 1432 1280 1485 ait:
1331 1430 1476 1484 Unus
1521 1430 1630 1500 (14)
1683 1439 1758 1499 est
1807 1428 2093 1497 legislator,

528 1535 579 1579 et
592 1527 781 1595 judex,
803 1525 892 1594 qui
917 1533 1079 1591 potest
1107 1522 1351 1588 liberare,
1376 1531 1424 1574 et
1448 1522 1681 1589 perdere.
1725 1519 1862 1586 Quid
1915 1527 2094 1572 autem

527 1630 752 1669 necesse
779 1623 865 1669 est
905 1614 1068 1667 multa
1119 1613 1298 1666 adhuc
1343 1611 1635 1681 Scriptura:
1683 1611 1986 1665 testimonia
2041 1610 2093 1664 in

528 1707 669 1760 hanc
704 1722 815 1761 rem
847 1706 1179 1774 Congerere?
1208 1720 1328 1758 cum
1364 1703 1690 1757 Samaritani
1715 1717 1931 1772 quoque
1955 1701 2094 1770 apud

2189 531 2297 580 νος
2319 516 2407 579 εὶς
2431 512 2704 582 κεφαλὴν
2729 511 2972 581 γωνίας·
3021 512 3119 566 καὶ
3156 515 3265 566 οὐκ
3305 513 3476 566 ἐστιν
3502 513 3573 566 ἐν
3597 512 3763 578 ἄλλῳ

2191 606 2389 660 οὐδενὶ
2416 607 2453 673 ἡ
2484 607 2763 673 σωτηρία.
2816 605 2975 659 Ἀλλὰ
3002 606 3096 657 καὶ
3121 605 3399 658 Καθολικὰ
3427 603 3490 658 τὸ
3515 604 3766 676 δεύτερον

2192 696 2398 766 πέμπει
2429 695 2752 767 γράμματα,
2785 695 2982 764 μεταξὺ
3017 695 3191 748 ἄλλων
3223 696 3349 766 περὶ
3381 694 3543 748 αὐτοῦ
3574 695 3764 765 ἔχοντα

2192 788 2284 840 καὶ
2306 787 2462 840 τοῦτο
2479 805 2492 818 ·
2524 775 2622 853 Ὠς
2644 789 2716 840 τὰ
2741 787 2937 841 πάντα
2960 787 3104 858 ἡμῖν
3140 786 3250 852 τῆς
3272 787 3433 852 θείας
3457 787 3766 855 δυνάμεως

2192 880 2377 934 αὐτοῦ
2405 879 2477 933 τὰ
2498 881 2645 947 πρὸς
2670 877 2822 947 ζωὴν
2853 881 2953 934 καὶ
2983 878 3295 934 εὐσέϐειαν
3331 878 3763 948 δεδωρημένης,

2193 971 2291 1024 διὰ
2323 969 2430 1038 τῆς
2455 969 2834 1040 ἐπιγνώσεως
2870 969 2976 1026 τοῦ
3032 970 3407 1037 καλέσαντος
3442 969 3602 1041 ἡμᾶς
3649 971 3769 1039 ἰδίᾳ

2193 1061 2341 1129 δόξῃ
2396 1061 2494 1114 καὶ
2537 1059 2753 1128 ἀρετῇο
2801 1060 2879 1114 δι’
2911 1055 3000 1115 ὧν
3040 1061 3113 1115 τὰ
3161 1060 3414 1132 μέγιστα
3462 1063 3560 1116 καὶ
3605 1061 3769 1131 τίμια

2193 1151 2339 1221 ἡμῖν
2355 1150 2760 1221 εὑαγτέλματα
2790 1151 3132 1221 δεδώρηται,
3159 1154 3260 1208 ἵνα
3283 1152 3380 1208 διὰ
3411 1154 3638 1207 τούτων
3673 1152 3769 1223 τέ-

2194 1248 2382 1312 νησθε
2403 1246 2564 1310 θείας
2587 1246 2856 1300 κοινωνοὶ
2884 1248 3143 1316 φύσεως.
3172 1248 3270 1302 Διὸ
3299 1251 3392 1302 καὶ
3432 1248 3686 1312 Ἰάκωϐος
3708 1249 3767 1302 ἐν

2195 1339 2431 1404 γενικοῖς
2468 1339 2815 1409 χαράγμασιν
2848 1337 2982 1410 ἔφη·
3015 1336 3118 1406 Εἷς
3153 1342 3324 1394 ἐστιν
3356 1343 3390 1395 ό
3421 1341 3762 1411 νομοθέτης.

2195 1426 2297 1479 καὶ
2325 1427 2549 1495 κριτὴς,
2581 1430 2613 1480 ό
2643 1427 2981 1498 δυνάμενος
3009 1430 3207 1485 σῶσαι
3234 1431 3333 1485 καὶ
3355 1432 3669 1487 ἀπολέσαι.
3703 1429 3768 1486 Τί

2195 1515 2252 1568 δὲ
2281 1517 2516 1588 πλήθους
2554 1517 2636 1570 δεῖ
2665 1518 2894 1588 Γραφῶν
2927 1522 3007 1583 εἰς
3037 1521 3198 1574 τοῦτο
3229 1522 3436 1589 λοιπὸν,
3467 1527 3562 1578 καὶ
3588 1525 3771 1594 Σαμαο

2199 1607 2388 1678 ρειτῶν
2424 1610 2570 1678 παρὰ
2608 1611 2828 1685 Ἰωάννῃ
2879 1612 2958 1683 τῷ
3002 1613 3222 1684 ἁκριὸεῖ
3268 1613 3534 1685 Θεηγόρῳ,
3570 1615 3770 1683 εὐγνω-

2202 1701 2375 1768 μόνων
2399 1701 2628 1773 ἀνδρῶν,
2655 1704 2922 1772 ἀφιέντων
2947 1709 3152 1776 φωνάς
3200 1709 3378 1762 Αὐτοὶ
3414 1709 3544 1779 γὰρ,
3585 1709 3766 1780 φησὶν,

528 1806 838 1849 accuratum
886 1795 1188 1861 theologum
1225 1793 1481 1847 Joannem
1522 1793 1622 1846 has
1652 1792 1822 1863 gratis
1856 1792 2090 1845 homini—

2204 1767 2540 1863 ἀκηκόαμεν
2559 1799 2656 1850 καὶ
2684 1767 3067 1868 οἴδαμενίότι
3093 1767 3271 1868 οὗτός
3288 1767 3458 1857 ἐστιν

527 1887 648 1952 lius,
677 1897 931 1957 recteque
960 1886 1314 1941 sentientibus
1341 1885 1531 1954 dignas
1579 1898 1738 1938 voces
1770 1884 2081 1937 emiserint:

527 1976 641 2043 Ipsi
668 1977 781 2048 (15)
817 1978 954 2031 enim
1003 1977 1319 2039 audivimus,
1379 1986 1428 2028 et
1472 1975 1687 2038 scimus,
1717 1975 1844 2045 quia
1893 1974 1975 2027 hic
2023 1985 2096 2028 est

527 2084 641 2122 vere
667 2068 910 2122 Salvator
930 2069 1129 2131 mundi,
1159 2066 1414 2120 Christus.
1466 2066 1558 2121 Ille
1584 2067 1812 2128 scilicet,
1858 2067 1950 2135 qui
1990 2067 2082 2121 ιω-

529 2159 690 2230 nigne
716 2159 824 2230 (16)
855 2163 966 2213 ait:
1003 2156 1219 2222 Con/ide
1250 2158 1383 2227 (17),
1420 2158 1498 2226 ﬁli
1524 2173 1542 2212 :
1585 2159 1802 2211 remissa
1832 2157 1924 2210 tibi
1967 2166 2088 2212 sunt

528 2262 758 2320 peccata.

1063 2340 1168 2410 91
1206 2339 1358 2394 CAP.
1393 2337 1562 2393 xxx.

530 2434 610 2489 De
636 2437 698 2489 iis
725 2435 872 2496 locis,
909 2435 964 2488 in
997 2436 1182 2504 quibus
1207 2432 1275 2504 9b
1303 2429 1876 2504 requalem_Triuitatis
1889 2431 2091 2504 _digni-

603 2518 762 2558 latent
794 2499 1047 2572 scriptum
1078 2520 1175 2565 est,
1207 2502 1416 2556 Patrem
1441 2500 1680 2572 revelare
1709 2502 1860 2572 nobis
1888 2499 2101 2572 Filium,

601 2586 655 2630 et
693 2568 1036 2642 traherenos
1076 2575 1141 2628 ad
1184 2575 1398 2642 ipsum;
1427 2579 1474 2624 et
1520 2571 1744 2642 uicissim
1781 2571 1966 2642 ipsum,
2002 2568 2101 2642 ζεί-

603 2646 754 2708 lium,
791 2655 838 2698 et
896 2641 1149 2707 Spiritum
1188 2639 1424 2696 sanctum
1471 2639 1735 2693 adducere
1785 2655 1880 2692 nos
1906 2641 1970 2693 ad
2002 2639 2103 2692 Pa-

608 2724 770 2770 trem.
803 2715 878 2767 De
920 2714 1066 2767 Petri
1091 2715 1247 2767 etiam
1275 2712 1595 2778 confessione
1616 2709 1770 2762 simul
1808 2726 1973 2762 sermo
2001 2711 2101 2761 Ita-

600 2786 750 2839 betur
772 2800 790 2836 :
822 2793 870 2837 et
906 2783 1280 2837 admittendam
1321 2798 1429 2834 esse
1468 2782 1820 2847 pwaitentiam
1851 2780 2082 2832 ostendi-

599 2865 706 2908 tur.

604 2945 676 3002 Ut
698 2946 842 2999 enim
879 2945 1130 3000 omnibus
1159 2943 1336 2998 modis
1365 2942 1536 2997 beata:
1567 2941 1849 2995 Trinitatis
1879 2939 2104 3010 aequali—

532 3049 638 3101 tas,
672 3053 734 3091 ac
770 3037 957 3089 eadem
1004 3039 1362 3104 undecunque
1407 3032 1643 3104 dignitas
1676 3033 2100 3098 demonstretur,

2199 1886 2402 1954 Σωτὴρ
2444 1889 2552 1942 τοῦ
2604 1892 2856 1960 κόσμου,
2913 1896 2946 1947 ό
2990 1895 3262 1962 Χριστός-ο
3320 1896 3350 1948 ὁ
3400 1897 3575 1965 λέγων
3605 1939 3619 1960 ,
3670 1913 3752 1966 φη·

2201 1978 2308 2042 σὶν,
2360 1981 2567 2048 ἠπίως·
2625 1982 2860 2051 Θάρσει,
2923 1984 3137 2040 τέκνον
3159 2003 3173 2018 ο
3223 1986 3521 2057 ἀφέωνται
3572 2005 3669 2042 σοι
3713 1990 3772 2042 αι

2198 2071 2496 2141 ἁμαρτίαι.

2850 2350 3006 2403 ΚΕΦ.
3035 2351 3111 2404 A'.

2203 2439 2341 2511 Περ1
2369 2439 2475 2494 τοῦ
2510 2439 2608 2494 διὰ
2644 2440 2761 2508 τὴν
2782 2443 3080 2509 ἰσοτιμίαν
3107 2442 3218 2510 τῆς
3251 2441 3508 2511 Τριὰδος,
3535 2443 3629 2497 τὸν
3657 2447 3775 2498 Πα-

2274 2509 2406 2585 τέρα
2431 2511 2832 2585 ἀποκαλύπτειν
2853 2514 2983 2585 μῖν
3009 2516 3098 2567 τὸν
3121 2509 3399 2585 Υἱὸνίκαὶ
3427 2516 3603 2567 ἕλκειν
3631 2517 3776 2585 ἡμᾶς

2276 2580 2622 2654 Ἐρὸςῳαὺτόν·
2651 2582 2749 2654 καὶ
2782 2580 2966 2635 πάλιν
2993 2584 3180 2654 αὑτὸν
3215 2584 3350 2637 Υἱὸν
3376 2585 3472 2638 καὶ
3502 2586 3568 2638 τὸ
3603 2580 3777 2654 diu»:

2275 2651 2526 2726 Πνεῦμα⁸
2555 2653 2846 2726 προσάγειν
2885 2654 3032 2726 ἡμᾶς
3079 2653 3153 2726 τῷ
3197 2655 3392 2726 Πατρί.
3432 2657 3549 2726 γἰζν
3588 2651 3779 2720 ταυτῷ

2274 2720 2371 2772 καὶ
2400 2721 2528 2805 {rep}
2559 2720 2667 2790 τῆς
2700 2720 3020 2791 ὁμολογίας
3041 2720 3268 2793 Πέτρου
3292 2720 3445 2778 "stat
3487 2725 3575 2780 ὅτι
3608 2727 3779 2780 ἐστιν

2274 2806 2572 2856 astaram,

2276 2953 2391 3005 Ἵνα
2438 2953 2546 3024 γὰρ
2577 2953 2642 3005 δι’
2673 2953 2808 3006 ὅλων
2845 2954 3132 3027 ἀποδειχθῇ
3165 2957 3266 3027 τῆς
3297 2958 3569 3030 μακαρίας
3609 2959 3776 3028 Τριά-

2205 3043 2291 3108 δος
2340 3043 2400 3095 τὸ
2428 3045 2556 3116 περὶ
2601 3045 2776 3099 πάντα
2819 3047 3078 3116 ἰσότιμον,
3118 3050 3488 3103 ἀποκαλύπτει
3527 3053 3660 3120 ἡμῖν
3691 3050 3777 3102 τὸν

531 3125 813 3197 proprium
854 3124 1044 3178 Filium
1079 3125 1235 3178 nobis
1261 3123 1418 3177 Pater
1463 3123 1680 3189 revelat,
1716 3134 1770 3177 et
1807 3139 1905 3178 nos
1937 3126 2003 3176 ad
2035 3123 2099 3176 il-

2208 3100 2336 3189 τδιόν
2371 3100 2550 3190 γωδ
2580 3137 2788 3208 Πατὴρ,
2825 3139 2917 3192 καὶ
2953 3100 3098 3192 ius}
3123 3100 3280 3210 ius;
3313 3100 3377 3194 δι’
3412 3100 3624 3194 sese
3644 3100 3780 3212 arpbc

532 3220 650 3275 lum
704 3233 799 3287 per
850 3217 1196 3284 semetipsum
1245 3215 1432 3277 trahit,
1482 3225 1534 3269 et
1592 3215 1646 3268 in
1699 3230 1918 3283 regnum
1961 3214 2104 3268 illius

534 3311 830 3366 transfert:
868 3325 930 3364 ac
976 3307 1215 3363 vicissim
1261 3307 1452 3369 Filius.
1508 3315 1562 3360 et
1607 3305 1840 3376 Spiritus
1886 3314 2104 3361 sanctus

534 3403 602 3457 ad
637 3403 799 3457 Deum
863 3409 918 3454 et
968 3399 1180 3453 Patrem
1230 3416 1328 3452 nos
1388 3399 1641 3454 adducit:
1692 3413 1791 3452 nec
1831 3398 1973 3452 enim
2038 3400 2105 3452 ad

534 3509 681 3558 eum,
719 3493 811 3563 qui
839 3492 1195 3555 heterousius,
1230 3491 1282 3544 id
1312 3499 1392 3544 est
1419 3489 1631 3542 alterius
1669 3489 1990 3558 substantia',
2017 3503 2095 3543 es-

536 3595 641 3650 set,
692 3596 784 3639 aut
839 3584 1029 3654 major,
1091 3597 1267 3652 neque
1317 3582 1380 3636 ad
1437 3591 1667 3651 sceptra,
1714 3589 1769 3634 ut
1803 3581 1873 3634 ita
1907 3581 2105 3645 dicam,

463 3728 468 3732 .
512 3664 763 3748 'sceptris
789 3678 907 3745 ejus
944 3677 1197 3730 inferiora
1234 3691 1331 3729 nos
1391 3673 1708 3728 transferret
1759 3674 1920 3728 Deus.
1983 3673 2087 3727 Ve-

539 3780 623 3823 tus
655 3786 782 3838 ergo
821 3768 1225 3822 Testamentum
1276 3767 1410 3820 Novi
1459 3765 1786 3820 Testamenti
1840 3765 2106 3834 scriptura

537 3860 763 3930 perfecit
785 3861 851 3913 ob
883 3862 1063 3924 fidem,
1092 3877 1198 3929 qua
1241 3860 1292 3913 in
1329 3859 1549 3922 Filium,
1582 3869 1637 3912 et
1659 3859 1897 3912 divinum
1927 3859 2098 3928 Spiri-

541 3962 652 4003 tum
684 3953 901 4005 credere
926 3966 1026 4003 nos
1047 3949 1224 4015 jussit.
1261 3951 1350 4003 Sic
1380 3960 1558 4004 autem
1614 3950 1906 4017 loquuntur
1958 3951 2104 4004 Scri-

539 4054 728 4113 pturas.
765 4042 904 4096 Deus
932 4042 1146 4110 quidem
1182 4040 1340 4094 Pater
1370 4041 1422 4094 itt
1473 4041 1606 4094 Isaia
1643 4041 1706 4093 ad
1743 4039 1936 4094 Filium
1987 4042 2096 4093 ait:

547 4135 683 4189 Ecce
709 4133 820 4205 (18)
853 4133 1100 4203 proselgti
1129 4134 1370 4185 accedent
1417 4132 1508 4184 tibi
1551 4149 1638 4198 per
1682 4148 1782 4196 me,
1831 4142 1879 4185 et
1921 4131 2110 4186 accola:

541 4229 618 4280 tui
659 4236 828 4290 erunt,
888 4234 934 4279 et
988 4230 1056 4277 ad
1104 4234 1152 4277 te
1215 4220 1748 4292 confugient;FiIius
1820 4231 1996 4276 autem
2056 4223 2108 4276 in

543 4318 787 4371 Joanne:
826 4315 992 4370 Nemo
1025 4317 1132 4386 (19)
1159 4325 1319 4379 potest
1353 4316 1525 4367 venire
1543 4315 1608 4366 ad
1647 4330 1746 4379 me,
1797 4313 1896 4367 nisi
1946 4312 2105 4366 Pater

2207 3226 2386 3288 αὑτὸν,
2422 3227 2516 3279 καὶ
2545 3228 2773 3299 μεθιστᾷ
2806 3231 2883 3292 εἷς
2903 3230 3000 3300 τὴν
3029 3229 3300 3300 βασιλείαν
3333 3232 3496 3286 αὑτοῦ
3518 3249 3530 3262 ’
3563 3234 3656 3286 καὶ
3677 3235 3780 3286 sta-

2206 3317 2289 3369 λιν
2328 3320 2355 3370 ὁ
2385 3318 2531 3382 Υἱὸς,
2567 3321 2660 3372 καὶ
2697 3321 2756 3372 τὸ
2791 3320 2942 3388 ἅγιον
2979 3320 3200 3391 Πνεῦμα
3235 3326 3502 3392 προσάγει
3525 3327 3676 3394 ἡμᾶς
3704 3324 3778 3394 τῷ

2207 3408 2324 3478 Θεῷ
2353 3409 2448 3462 καὶ
2476 3411 2678 3482 Πατρί·
2711 3411 2808 3464 οὐκ
2847 3413 2911 3465 ἂν
2953 3411 3043 3484 [59
3078 3411 3130 3484 b]
3164 3414 3270 3485 γὰρ
3304 3417 3383 3478 εἰς
3422 3417 3777 3486 ἐτεροούσιον,

2207 3498 2239 3570 ἢ
2283 3500 2523 3570 μείζονα,
2572 3502 2678 3555 οὐδ’
2728 3504 2807 3566 εἰς
2860 3505 3354 3576 ὑποκατερχόμενα,
3405 3507 3594 3580 ὥσπερ
3651 3509 3779 3579 σκῆο

2209 3610 2375 3664 πτρα,
2410 3594 2516 3646 τῶν
2541 3595 2734 3648 ἑαυτοῦ
2761 3596 3056 3666 μετέθηκεν
3087 3599 3232 3668 ἡμᾶς
3256 3600 3284 3651 ὁ
3314 3599 3463 3663 Θεός.
3493 3600 3782 3652 Τετελείω-

2209 3699 2302 3734 κεν
2325 3682 2454 3750 γοῦν
2489 3683 2588 3754 τὴν
2619 3684 2861 3738 Παλαιὰν
2891 3685 3168 3757 Διαθήκην
3211 3689 3243 3759 ἡ
3272 3687 3404 3754 Νέα,
3453 3689 3542 3743 διὰ
3569 3691 3671 3760 τὴν
3703 3692 3782 3751 εἰς

2208 3771 2298 3822 τὸν
2337 3771 2458 3824 Υἰὸν
2507 3770 2598 3824 καὶ
2648 3773 2708 3826 τὸ
2759 3773 2897 3826 θεῖον
2942 3774 3166 3844 Πνεῦμα
3209 3776 3407 3831 πίστιν.
3451 3779 3682 3846 Λέγουσι
3725 3779 3779 3830 δὲ

2210 3854 2310 3915 ὧδε
2336 3903 2350 3926 ,
2381 3863 2409 3914 ὁ
2460 3862 2556 3933 μὲν
2586 3863 2716 3926 Θεὸς
2764 3863 2949 3935 Πατὴρ
2997 3864 3055 3917 ἐν
3096 3866 3291 3938 Ἡσαΐᾳ
3338 3868 3472 3938 πρὸς
3501 3869 3591 3921 τὸν
3621 3869 3778 3922 Υἰόν’

2223 3953 2368 4007 Ἰδοὺ
2400 3955 2773 4022 προσήλυτοι
2822 3959 3336 4023 προσελεύσονταί
3373 3977 3472 4014 σοι
3515 3960 3590 4014 δι’
3613 3961 3781 4030 ἐμοῦ,

2212 4053 2306 4104 καὶ
2333 4051 2815 4118 παροικήσουσίν
2851 4067 2969 4113 σοι,
2995 4053 3093 4106 καὶ
3124 4053 3219 4106 ἐπὶ
3255 4055 3354 4108 σοι
3377 4057 3783 4124 καταφεύξον-

2211 4157 2333 4193 ταν
2369 4143 2396 4194 ὁ
2420 4141 2476 4193 δὲ
2511 4141 2636 4203 Υἱὸς
2673 4144 2729 4194 ἐν
2764 4141 3015 4213 ’ῐωάννῃο
3055 4145 3262 4210 Οὐδεὶς
3305 4146 3552 4201 δύναται
3584 4149 3786 4204 ἐλθεῖν

2212 4238 2360 4302 πρὸς
2394 4251 2493 4301 με,
2527 4235 2634 4287 ἐὰν
2654 4235 2739 4304 μὴ
2769 4239 2800 4289 ό
2829 4237 3028 4305 Πατὴρ
3059 4241 3092 4292 ὀ
3117 4238 3392 4306 οὐράνιος
3411 4241 3645 4311 ἐλκύσῃ
3680 4247 3786 4299 αὑ-

2213 4328 2319 4380 τόν
2337 4341 2350 4354 ⁸
2385 4326 2546 4395 κάγὼ
2577 4327 2901 4393 ἀναστήσω
2923 4331 3109 4384 αὐτὸν
3134 4332 3204 4383 ἐν
3221 4332 3296 4402 τῇ
3317 4334 3551 4403 ἐσχάτῃ
3576 4335 3784 4406 ἡμέρᾳ.

547 4410 768 4463 caelestis
810 4409 1023 4461 traxerit
1048 4425 1164 4461 eum
1189 4423 1208 4461 :
1237 4420 1280 4460 et
1310 4424 1402 4476 ego
1429 4406 1748 4459 resuscitabo
1786 4422 1904 4459 eum
1936 4407 1992 4460 in
2014 4423 2099 4459 sto.

2213 4419 2321 4471 Καὶ
2348 4418 2506 4470 πάλιν
2541 4419 2675 4488 πρὸς
2707 4419 2798 4472 τὸν
2824 4421 3026 4493 Πέτρον
3058 4423 3278 4476 εἰπόντα
3298 4464 3312 4488 ,
3349 4426 3434 4478 Σὺ
3483 4423 3542 4481 εἴ
3585 4430 3616 4481 ὀ
3653 4431 3788 4496 Χρι-

545 4502 756 4554 vissimo
785 4501 886 4554 die.
921 4498 987 4550 Et
1029 4513 1214 4553 rursus
1253 4502 1317 4550 ad
1347 4497 1582 4562 Petrum,
1623 4498 1713 4565 qui
1751 4497 1983 4563 dixerat,
2027 4497 2103 4550 Tu

2211 4508 2357 4573 στὸς
2403 4511 2435 4561 ὁ
2474 4507 2604 4574 Υἱὸς
2636 4508 2740 4562 τοῦ
2774 4510 2919 4563 Θεοῦ
2953 4510 3057 4564 τοῦ
3102 4510 3351 4578 ζῶντος,
3387 4513 3493 4584 ἔφη
3518 4533 3530 4546 ·
3583 4516 3786 4570 Μακά-

543 4608 594 4644 es
618 4590 725 4660 ('20)
750 4591 986 4643 Christus
1016 4587 1188 4642 Filius
1215 4588 1310 4641 Dei
1335 4591 1449 4650 vivi,
1481 4590 1588 4642 ait:
1615 4587 1810 4642 Beatus
1849 4606 1923 4652 es,
1957 4587 2099 4643 Petra

2205 4619 2338 4669 ριος
2369 4597 2442 4662 εἷ,
2474 4600 2658 4668 Πέτρε
2679 4599 2802 4668 βὰρ
2849 4602 3024 4664 Ἰωνᾶ,
3054 4603 3141 4655 ὅτι
3172 4603 3328 4671 σὰρξ
3335 4647 3347 4662 .
3381 4603 3480 4658 καὶ
3504 4602 3646 4673 αἷμα
3677 4609 3786 4661 οὐκ

545 4686 638 4734 bar
665 4683 838 4747 Jouw,
871 4684 992 4752 quia
1040 4698 1186 4745 caro,
1214 4693 1262 4735 et
1309 4681 1522 4748 sanguis
1569 4697 1669 4733 non
1704 4679 1948 4733 reuelauit
1989 4682 2106 4746 tibi,

618 4797 728 4866 (10)
762 4797 862 4850 llic
886 4809 980 4852 est.
1031 4798 1320 4859 Act.tv,ll
1362 4809 1409 4854 et
1440 4800 1520 4853 19..
1555 4799 1704 4850 Edita
1737 4798 1902 4854 Biblia
1936 4800 2117 4865 τέξου-

546 4866 788 4938 Θενηθείς
811 4908 826 4933 ,
857 4879 910 4921 et
941 4867 1379 4938 οἰκοδομούντων,
1408 4886 1501 4936 pro
1520 4868 1834 4938 οἰκοδόμων.

618 4937 727 5009 (ll)
759 4941 1039 5009 Quoniam.
1092 4937 1136 4992 ll
1173 4937 1317 4996 I’ctr.
1356 4955 1394 5002 ι,
1423 4939 1456 4991 5
1487 4951 1539 4992 ει
1562 4941 1614 4992 4.
1647 4937 1802 4994 Edita
1832 4940 2110 5009 exempla-

548 5013 624 5062 ria
660 5028 671 5062 :
701 5008 776 5071 ὡς
801 5008 996 5062 πάντα.

619 5080 731 5148 (12)
761 5079 826 5130 Et
847 5079 1060 5150 uirtute.
1109 5076 1299 5142 Biblia,
1334 5078 1422 5131 διὰ
1461 5075 1615 5147 δόξης
1667 5078 1760 5131 καὶ
1800 5079 2021 5150 ἀρετῆς,
2065 5081 2117 5133 id

549 5160 625 5202 est
665 5167 756 5215 per
804 5148 1025 5218 gloriam
1055 5159 1099 5201 et
1153 5150 1416 5202 virtutem.
1485 5150 1736 5218 Didymus
1773 5148 1926 5202 initio
1965 5150 2119 5213 hujus

549 5222 738 5286 capitis
798 5217 916 5270 ideo
968 5217 1200 5291 fortasse
1257 5217 1878 5291 ι1ἰχ-11η1δΞᾳ--ὂὸξῃνκαὶ
1923 5219 2120 5291 δωρεᾷ,

549 5295 687 5356 quod
715 5291 1009 5357 respexerit
1034 5290 1192 5341 etiam
1218 5289 1538 5341 versiculum
1577 5288 1639 5340 12
1663 5288 1850 5355 psalmi
1895 5288 2126 5353 mm,

549 5361 705 5429 χάριν
741 5359 834 5412 καὶ
862 5357 1018 5430 δόξαν
1039 5357 1196 5410 δώσει
1228 5359 1450 5430 Κύριος,
1484 5358 1533 5411 id
1559 5369 1642 5412 est
1663 5359 1890 5428 gratiam
1922 5369 1970 5410 et
2011 5362 2121 5428 glo-

549 5446 682 5480 rmm
705 5431 847 5481 dabit
870 5429 1143 5481 Dominus.

627 5497 1053 5570 (15),Nuutiata.
1089 5499 1276 5570 Bihlia,
1310 5497 1721 5570 ἐπαγγέλματα,
1757 5496 1806 5549 id
1847 5506 1926 5570 est
1951 5537 1966 5561 ,
2003 5514 2124 5567 pro-

549 5568 731 5626 missa.
750 5569 1024 5640 Qidytttus,
1040 5569 1438 5640 εὗαγγέλμαῖω
1466 5571 1561 5621 nisi
1571 5569 1735 5640 lectio
1756 5568 2009 5621 mendosa
2021 5577 2121 5622 est.

627 5641 736 5712 (14)
767 5637 934 5692 Unus.
975 5637 1197 5712 nam,
1228 5637 1314 5693 12.
1359 5639 1540 5712 Cra-ca
1555 5637 1736 5712 _BiI_il_i_a
1763 5640 2126 5712 carentvoci-

553 5707 674 5774 lius,
704 5712 798 5764 καὶ
820 5713 1028 5782 κριτής,
1064 5711 1115 5764 id
1152 5721 1256 5775 est,
1281 5721 1329 5763 et
1352 5709 1528 5782 iudex.
1553 5709 1658 5764 Sed
1676 5707 1935 5779 Vulgatus
1956 5708 2126 5765 inter-

555 5799 682 5857 pres
703 5781 851 5847 item,
889 5793 944 5836 ut
968 5780 1247 5854 Didymus,
1275 5795 1368 5838 eas
1393 5780 1537 5850 legit.

2215 4691 2610 4759 ἀπεκάλυψέν
2641 4706 2761 4752 σοι,
2788 4691 2925 4745 ἀλλ’
2960 4695 2993 4745 ό
3023 4695 3225 4762 Πατήρ
3244 4711 3364 4764 μου
3392 4697 3424 4748 ό
3452 4697 3522 4748 ἐν
3547 4696 3671 4762 τοῖς
3702 4699 3791 4751 οὐ-

2297 4813 2409 4882 (15)
2444 4813 2574 4882 Ipsi.
2605 4810 2760 4882 Jomt.
2799 4827 2871 4875 tv,
2902 4812 2993 4866 42.

2295 4877 2403 4953 (16)
2428 4881 2675 4950 Benigne.
2710 4880 2912 4953 codex,
2966 4881 3327 4953 unlwg,__cum
3358 4877 3548 4953 spiritu
3579 4892 3788 4953 aspero,

2225 4961 2280 5005 ut
2306 4949 2474 5022 segni.
2511 4949 2570 5006 51
2603 4957 2634 5022 b
2665 4959 2719 5006 et
2749 4952 2842 5006 181
2876 4953 2925 5005 b.
2947 4949 3050 5005 Alii
3074 4951 3336 5022 scribunt,
3362 4949 3540 5018 ἠπίως
3565 4962 3616 5003 et
3635 4950 3793 5020 ἤπιος

2225 5034 2277 5074 et
2307 5020 2557 5092 ὴτέιότης.
2589 5021 2785 5103 ⁹Νθείιιιε
2812 5022 2955 5076 enim
2985 5020 3382 5077 consentientes
3416 5031 3544 5074 sunt
3594 5025 3696 5073 hac
3737 5021 3790 5073 in

2227 5109 2284 5144 rc
2321 5101 2675 5160 grammatici.

2299 5159 2410 5231 (17)
2437 5161 2672 5229 Con/ide.
2720 5159 2909 5214 Matth.
2935 5176 3014 5224 Is,
3038 5159 3094 5214 2.

2305 5254 2415 5323 (18)
2453 5252 2603 5305 Ecce.
2649 5249 2752 5303 Isa.
2779 5266 2888 5323 Liv,
2919 5252 3000 5323 15.
3038 5250 3314 5306 Nonnullae
3343 5251 3608 5307 editiones
3639 5249 3796 5304 ornit-

2233 5321 2349 5378 tunt
2376 5321 2615 5377 Voculam
2651 5338 2754 5384 σοι,
2787 5322 2959 5390 primo
2979 5321 3118 5376 loco.

2303 5413 2412 5482 (19)
2461 5411 2647 5465 Nemo.
2669 5410 2804 5465 Joan
2833 5427 2906 5477 νι,
2931 5412 3020 5466 44.
3052 5413 3199 5482 Edita
3221 5411 3393 5466 Biblia
3412 5427 3508 5481 pro
3530 5409 3794 5482 οὐράνιος,

2234 5486 2284 5537 id
2309 5495 2390 5540 est.
2433 5485 2667 5553 caelestis,
2708 5483 2926 5553 habent,
2957 5485 2984 5535 ὁ
3008 5481 3230 5552 πέμψας
3256 5500 3344 5553 με,
3369 5483 3422 5537 id
3447 5493 3530 5537 est
3553 5481 3640 5552 qui
3659 5482 3796 5533 misit

2230 5572 2327 5608 mc.
2355 5553 2494 5607 Tum»
2519 5568 2532 5605 :
2564 5552 2656 5605 καὶ
2680 5551 2805 5619 ἐγώ.
2830 5591 2844 5606 .
2869 5593 2882 5605 .
2910 5551 3161 5625 αὐτὺνίτῇ
3183 5551 3407 5624 ἐσχάτῃ.

2301 5641 2412 5708 (‘20)
2457 5639 2534 5694 Tu
2563 5658 2634 5695 es.
2669 5639 2859 5695 Matth.
2883 5657 2995 5707 xw,
3031 5643 3111 5703 16,
3145 5644 3230 5696 17.
3272 5644 3444 5698 Edtio
3477 5657 3574 5710 pro
3603 5639 3799 5712 Πέτρε,

2238 5715 2396 5769 habet
2425 5712 2624 5781 Σίμων.
