4104 6408
507 335 611 395 ι19

1771 333 2000 390 DIDYMI
2039 333 2509 390 ALEXANDRINI

3641 338 3748 392 420

514 443 791 515 rejiciendi
820 443 1023 511 lapsos.
1051 444 1144 499 sed
1180 444 1472 516 recipiendi
1497 460 1612 511 eos,
1648 446 1690 500 si
1723 448 2076 516 resipiscam;

2183 447 2331 514 νοῒς.
2370 447 2628 519 Ἐῥριψεν
2665 446 2847 500 ἔκτοτε
2884 444 2981 518 τὴν
3013 447 3260 501 Ναυάτου
3316 447 3405 500 καὶ
3451 445 3748 499 Σαϐϐατίου

513 553 636 592 cum
663 553 820 592 nemo
841 538 912 591 sit
938 537 1143 607 peccati
1171 553 1389 606 expers,
1417 540 1519 592 nisi
1550 539 1620 604 is,
1649 540 1740 609 qui
1795 540 1933 593 lianc
1982 539 2083 594 Pe-

514 639 598 682 tro
623 629 894 684 concessit
916 630 1292 684 auctoritatem
1323 648 1335 684 :
1370 629 1420 684 id
1443 630 1584 684 enim
1613 630 1880 699 significat
1907 631 2033 685 illud
2063 649 2078 686 :

514 719 872 786 Quodcunque
905 721 1166 775 solveritis
1225 737 1384 791 super
1425 732 1643 788 terram,
1701 725 1799 776 erit
1852 724 2082 777 solutum

512 813 565 864 in
618 813 780 865 caelis.
833 811 1153 880 Repudiavit
1181 827 1244 866 ex
1279 812 1366 866 illo
1399 821 1639 880 tempore
1669 811 1858 867 Novati
1887 814 2000 882 (28)
2029 822 2084 869 et

514 902 890 974 Sabbatii(29)
924 904 1396 959 inhumanitatem.
1445 904 1513 959 lis
1570 918 1722 972 vero,
1779 921 1900 975 qua:
1955 918 2079 962 ante

511 995 672 1049 allata
701 1005 851 1059 sunt,
881 1005 1243 1051 consentanea
1304 996 1492 1050 scribit
1537 996 1702 1049 etiam
1764 995 1964 1051 Paulus
2015 1001 2078 1053 ad

512 1087 772 1142 Galatas:
803 1086 935 1141 Cum
961 1099 1134 1140 autem
1167 1085 1278 1155 (50)
1310 1087 1508 1154 placuit
1533 1085 1662 1150 Deo,
1689 1088 1779 1157 qui
1811 1104 1890 1142 me
1909 1106 2082 1158 segre-

513 1179 652 1245 gavit
681 1195 746 1231 ea;
769 1189 915 1232 utero
939 1180 1119 1231 matris
1145 1194 1272 1231 metu
1304 1187 1360 1230 ut
1388 1177 1636 1230 reuelaret
1690 1176 1888 1232 Filium
1928 1198 2080 1234 suum

515 1271 569 1322 in
596 1286 715 1334 me;
750 1280 803 1324 et
833 1272 899 1324 ad
935 1270 1320 1324 Colossenses:
1353 1267 1565 1324 Gratias
1605 1270 1716 1340 (3i)
1738 1282 1936 1340 agentes
1975 1271 2083 1324 Pa-

513 1363 605 1426 tri,
635 1364 724 1431 qui
756 1361 968 1416 idoneos
991 1379 1082 1415 nos
1113 1362 1232 1431 fecit
1257 1364 1308 1416 in
1341 1374 1538 1417 uartem
1579 1364 1736 1416 sortis
1783 1374 2080 1417 sanctorum

515 1517 782 1572 neralium
836 1517 1208 1579 conciliorum,
1266 1515 1646 1570 Lateranensis
1685 1515 1787 1569 sub
1825 1513 2084 1569 Innocen-

518 1589 595 1643 tio
623 1589 704 1643 lll.
735 1604 799 1641 ac
835 1587 1156 1650 Tridentini,
1187 1587 1480 1640 Romanam
1519 1585 1809 1639 Ecclesiam
1842 1585 2082 1639 omnium

517 1657 912 1719 Ecclesiaruin,
971 1667 1026 1710 et
1068 1667 1384 1711 cunctorum
1442 1655 1681 1710 lidelium
1736 1664 1982 1720 matrem,
2029 1665 2084 1710 et

2184 541 2593 612 ἀπανθρωπίαν.
2628 541 2750 602 Τοῖς
2802 538 3178 609 προκειμένοις
3221 538 3277 590 δὲ
3316 533 3385 592 αὖ
3427 537 3617 590 ἕπεται
3661 540 3754 590 καὶ

2184 631 2394 696 Παῦλος
2432 630 2697 693 Γαλάταις
2744 630 3004 700 γράφωνο
3052 630 3188 682 ’Ὅτε
3227 625 3294 681 δὲ
3352 628 3686 697 εὐδόκησεν
3720 632 3754 685 ὁ

2187 722 2331 789 Θεὸς
2354 726 2386 776 ό
2412 722 2706 792 ἀφορίσας
2736 739 2812 790 με
2837 721 2904 773 ἐκ
2931 719 3161 786 κοιλίας
3187 721 3412 789 μητρός
3434 737 3575 788 μου,
3607 721 3753 774 ἁπο-

2185 815 2452 882 καλύψαι
2478 815 2586 867 τὸν
2619 812 2757 866 Υἱὸν
2781 811 2964 866 αὑτοῦ
3003 811 3072 865 ἐν
3093 811 3222 880 ἐμοι
3242 828 3257 842 ο
3295 813 3388 865 καὶ
3416 810 3754 868 Κολοσσαεῦ-

2189 922 2270 958 σιν
2296 921 2310 935 °
2346 902 2859 972 Εὑχαριστοῦντες
2903 901 2982 968 τῷ
3031 903 3234 971 Πατρῑ,
3276 901 3356 966 τῷ
3396 902 3755 956 ἱκανώσαντι

2183 993 2341 1065 ἡμᾶς
2376 996 2463 1060 εἰς
2493 994 2606 1064 τὴν
2625 994 2835 1064 μερίδα
2879 992 2985 1046 τοῦ
3029 993 3254 1062 κλήρου
3295 993 3413 1046 τῶν
3457 993 3641 1062 ἁγίων
3682 994 3756 1045 ἐν

2181 1088 2262 1154 τῷ
2293 1087 2440 1156 φωτί
2455 1104 2468 1117 ο
2500 1086 2568 1153 ὃς
2598 1087 2888 1156 ἐρῤύσατο
2918 1085 3074 1154 ἡμᾶς
3101 1086 3168 1138 ἐκ
3201 1083 3309 1153 τῆς
3334 1085 3619 1150 ἐξουσίας
3646 1085 3754 1138 τοῦ

2183 1184 2463 1248 σκότους,
2505 1181 2600 1235 καὶ
2626 1180 3000 1250 μετέστησεν·
3028 1183 3114 1245 εὶς
3144 1178 3260 1247 τὴν
3275 1180 3602 1244 βασιλείαν
3646 1178 3756 1232 τοῦ

2191 1273 2328 1327 Υἱοῦ
2373 1272 2482 1341 τῆς
2505 1271 2739 1340 ἀγάπης
2768 1271 2980 1324 αὐτοῦ·
3016 1273 3086 1324 ἐν
3121 1269 3167 1336 ᾧ
3198 1270 3415 1338 ἔχομεν
3453 1269 3569 1337 τὴν
3607 1270 3756 1322 ἀπο⁴

2184 1367 2504 1435 λύτρωσιν,
2540 1363 2651 1433 τὴν
2675 1364 2894 1433 ἄφεσιν
2919 1362 3036 1417 τῶν
3062 1361 3358 1432 ἁμαρτιῶν
3379 1380 3391 1392 ·
3425 1363 3519 1416 καὶ
3557 1364 3756 1433 Κοριν-

2192 1519 2300 1572 Deo
2330 1534 2431 1587 non
2461 1517 2701 1582 placent:
2729 1516 2826 1571 etsi
2863 1517 3050 1570 eadem
3080 1517 3131 1570 in
3164 1515 3353 1586 pagina
3385 1517 3604 1587 legisset
3636 1522 3755 1574 haec

2189 1591 2331 1642 alia:
2370 1586 2433 1640 Ut
2463 1588 2650 1640 bonum
2683 1597 2892 1657 est_non
2919 1603 3152 1655 peccare,
3201 1588 3277 1639 ita
3325 1599 3400 1640 est
3443 1586 3571 1641 utile
3606 1589 3750 1657 ferre

2188 1659 2682 1724 reprehensionem“
2707 1695 2722 1708 .
2756 1654 2812 1710 Si
2848 1654 3250 1726 peCcaverimus,
3308 1657 3538 1726 feramus
3575 1654 3753 1723 repre-

518 1730 829 1801 magistram
869 1729 1288 1801 nuncupandum
1335 1725 1710 1801 auctoritatem
1761 1725 1908 1795 parvi
1954 1725 2076 1780 facit

2180 1730 2504 1801 ρεηδὶρηευι.Δ
2531 1728 2607 1801 ὪΔ
2642 1727 2832 1779 πότνια
2867 1725 3054 1801 aiat»;
3075 1768 3089 1792 ,
3146 1727 3257 1801 εἶ’οΞ
3308 1725 3396 1801 τῷ
3457 1728 3754 1801 Φεὸρωνίῳ

515 1794 638 1868 ροςῖ
674 1798 809 1868 177;
842 1797 932 1866 qui
958 1794 1314 1868 universalem
1352 1798 1638 1863 primatum
1673 1794 1922 1868 [Enniano
1950 1811 2078 1866 pon-

517 1865 644 1921 tifici
694 1868 747 1922 in
791 1865 973 1930 Petro,
1029 1877 1085 1921 ut
1127 1867 1371 1920 definivit
1411 1868 1648 1936 synodus
1689 1865 2017 1928 Florentina,
2047 1880 2077 1918 a

515 1937 736 1994 Christo
779 1937 1060 2002 collatum,
1098 1938 1195 2004 ipsi
1229 1934 1452 1990 aeterna!
1499 1934 1655 1990 Urbis
1705 1937 1958 2004 episcopo
2014 1936 2080 1990 ab

517 2008 756 2063 Ecclesia
787 2008 970 2072 adimi,
1006 2017 1059 2059 et
1091 2009 1244 2060 alteri
1285 2006 1508 2060 alterius
1545 2007 1688 2060 sedis
1715 2006 1942 2058 antistiti
1977 2006 2080 2057 tri-

516 2079 606 2133 bui
669 2095 828 2146 posse
893 2087 1200 2140 asseverat,
1261 2092 1474 2143 suaeque
1524 2074 2078 2146 sententizelieuedi-f

517 2144 681 2201 ctiiin
712 2146 825 2200 XIV
868 2146 1208 2216 singulariter
1247 2147 1406 2198 irasci
1458 2147 1609 2214 lingit
1659 2161 1778 2214 pag.
1815 2145 1952 2216 itif»;
1988 2144 2080 2212 qui

517 2218 657 2272 hanc
682 2217 855 2283 ipsam
879 2213 1205 2337 opinionem,
1245 2217 1395 2286 quasi
1428 2213 1617 2269 omnes
1655 2213 1825 2268 salicti
1871 2213 2077 2278 Patres,

518 2298 610 2337 aut
661 2303 800 2337 unus
852 2302 909 2337 sa
939 2294 1042 2337 tein
1085 2301 1203 2337 eam
1256 2284 1562 2337 tradiderit.
1600 2286 1652 2337 in
1686 2301 1739 2337 se
1761 2284 2077 2337 verissimam

518 2298 610 2340 aut
661 2303 800 2342 unus
852 2284 1042 2340 Saltem
1085 2301 1203 2339 eam
1256 2284 1562 2346 tradiderit,
1600 2286 1652 2338 in
1686 2301 1739 2338 se
1761 2284 2080 2337 verissimam

519 2356 848 2426 delinitpag.
875 2355 1067 2426 105.et
1085 2356 1551 2426 eamdeuidel'eiidi
1578 2356 1652 2408 ait
1679 2370 1796 2426 pag.
1831 2354 1918 2426 98,
1939 2370 2078 2426 cum

518 2443 549 2480 a
579 2425 739 2481 Scuto
765 2429 816 2479 iii
845 2443 892 2479 iv
941 2425 1068 2478 dist.
1095 2425 1184 2491 24,
1221 2426 1309 2479 ubi
1347 2435 1522 2478 tamen
1560 2426 1689 2478 iiiliil
1722 2425 1825 2477 tale
1853 2425 2076 2492 legitur;

520 2505 634 2550 tum
663 2513 690 2549 a
732 2495 999 2550 Bannesio
1040 2497 1092 2548 in
1139 2495 1180 2547 ll
1219 2508 1408 2564 quaest.
1453 2496 1505 2559 l,
1547 2505 1647 2547 art.
1686 2495 1892 2564 lOLqui
1926 2496 1976 2546 in
2016 2509 2082 2564 eo

518 2568 744 2620 articulo
794 2583 913 2635 pag.
951 2567 1072 2626 188,
1117 2561 1259 2620 illam
1306 2565 1514 2632 reiicit;
1549 2576 1658 2618 tum
1697 2581 1726 2616 a
1758 2561 1971 2617 Ciisaiio
2006 2563 2081 2635 De

518 2634 893 2690 concor-stantia
915 2639 1172 2689 catholica
1210 2637 1305 2689 lib.
1353 2651 1416 2699 ιι,
1463 2651 1578 2704 cap.
1634 2636 1723 2697 55,
1772 2635 1976 2688 tametsi
2026 2634 2079 2686 iii

517 2720 586 2760 eo
633 2710 808 2776 capite
853 2722 918 2759 ne
949 2709 1169 2760 verbum
1199 2709 1412 2774 quidem
1471 2706 1571 2758 bac
1612 2706 1678 2758 de
1712 2720 1768 2758 re
1822 2705 2081 2776 habeatur

520 2775 718 2845 (fateor
758 2788 959 2838 tamen,
994 2790 1059 2828 ne
1091 2792 1282 2844 parum
1315 2777 1525 2828 sincere
1561 2789 1720 2842 agere
1750 2776 1951 2836 videar,
1985 2775 2082 2827 do-

519 2848 820 2900 ctissimum
870 2847 1019 2899 illiilli
1056 2846 1376 2899 canonicum
1419 2846 1855 2914 rcgulareuyac
1897 2854 2081 2912 postea

517 2926 720 2969 sancta:
769 2916 1026 2968 Roniaiize
1066 2916 1318 2970 Ecclesia:
1368 2913 1721 2977 cardinalein,
1761 2913 2080 2967 llasileeiisis

521 2995 701 3040 tamen
733 2987 942 3040 concilii
972 2993 1101 3039 tunc
1127 2984 1413 3046 fautorem.
1451 2987 1561 3038 ba-c
1598 2984 1724 3037 alibi
1751 2985 2076 3050 scripsisse:

520 3057 583 3109 Si
611 3072 702 3124 per
724 3056 965 3123 possibile
994 3053 1313 3108 Treverensis
1336 3055 1750 3122 archiepiscopus
1775 3069 1868 3124 per
1902 3051 2080 3105 Eccle-

518 3122 653 3178 sium
703 3136 1066 3194 congregatum
1112 3141 1206 3192 pro
1239 3124 1463 3194 praeside
1491 3136 1538 3177 et
1576 3127 1743 3191 capite
1772 3122 2072 3191 eligeretur,

519 3197 611 3250 ille
651 3193 857 3264 proprie
889 3193 1003 3262 plus
1027 3211 1293 3247 successor
1319 3195 1380 3249 S.
1410 3193 1556 3247 Petri
1584 3195 1638 3246 in
1667 3194 1960 3264 principatu
1995 3195 2080 3258 [o-

520 3276 617 3332 ret,
642 3260 797 3334 quam
825 3260 1089 3317 Romanus
1102 3265 1413 3335 episcopus),
1443 3271 1554 3317 tuin
1587 3260 1799 3335 deuiuiii
1822 3279 1849 3313 a
1868 3260 2077 3316 Cordu-

519 3337 669 3389 bensi
705 3336 797 3387 lib.
842 3349 914 3399 iv,
945 3347 1133 3402 quaest.
1171 3335 1223 3397 1,
1248 3334 1492 3402 quamvis
1517 3349 1581 3388 ex
1609 3334 1821 3402 propria
1860 3343 2078 3384 senten-

519 3406 596 3458 tia
627 3420 736 3460 non
773 3404 1020 3472 loquatur
1048 3405 1433 3468 Cordubensis,
1467 3414 1523 3458 ut
1556 3403 1824 3471 colligitur
1855 3417 1922 3456 ex
1951 3417 2074 3470 pag.

516 3476 624 3530 225
675 3484 732 3529 et
773 3474 916 3541 259;
966 3475 1056 3542 qui
1097 3474 1353 3528 Ecclesiae
1409 3474 1727 3528 universalis
1767 3475 1823 3526 in
1849 3473 2078 3542 concilio

518 3556 859 3614 congregatae
887 3541 1314 3612 infatlibilitatem
1343 3560 1446 3614 non
1474 3545 1714 3613 agnoscit
1738 3559 1859 3612 pag.
1894 3541 2000 3614 415
2025 3553 2079 3596 et

519 3613 649 3684 seqq
682 3633 696 3676 ;
728 3613 832 3684 qui
886 3619 1266 3683 temporariam
1319 3631 1348 3667 a
1396 3613 1622 3667 Romani
1667 3614 1902 3682 episcopi
1951 3613 2080 3666 obe-

521 3685 718 3739 dientia
751 3687 1178 3739 subtractionem
1215 3686 1420 3755 (audite
1443 3685 1532 3753 qui
1559 3686 1794 3738 nonduin
1817 3684 2080 3738 schisma-

523 3757 612 3809 tici
664 3758 818 3817 estis,
873 3766 929 3807 ut
975 3771 1095 3809 esse
1138 3754 1378 3823 discatis)
1425 3755 1788 3808 nationalibus
1835 3755 2074 3824 synodis,

521 3834 683 3894 atque
715 3826 850 3878 adeo
889 3825 1171 3880 catholicis
1226 3829 1449 3894 Europa:
1481 3827 1694 3893 regibus
1727 3824 1956 3893 maligne
1997 3826 2079 3876 in-

520 3896 700 3949 sinuat
749 3911 870 3965 pag.
921 3896 1024 3948 712
1065 3908 1120 3949 et
1171 3895 1294 3956 714,
1348 3899 1392 3948 si
1448 3897 1679 3948 decretis
1731 3911 1761 3947 a
1814 3894 2078 3947 Febronio

518 3966 834 4035 propositis,
872 3968 1132 4036 atquein
1178 3968 1382 4036 synodo
1422 3967 1870 4019 coiideiidis.sese
1913 3979 2080 4032 oppo-

521 4045 635 4099 nat,
689 4047 748 4087 ut
782 4047 929 4088 recte
971 4035 1350 4090 animadvertit
1398 4036 1590 4089 doctus
1643 4037 1730 4088 ille
1788 4049 2078 4088 canonicos

519 4105 806 4174 regularis,
833 4109 922 4173 qui
958 4108 1058 4158 sub
1085 4104 1372 4159 Justiiiiaui
1401 4103 1647 4158 Frobeuii
1678 4106 1892 4157 nomine
1915 4103 2075 4174 latet;

519 4173 610 4243 qui
647 4177 884 4242 demum,
935 4183 993 4229 ut
1035 4174 1138 4228 alia
1173 4186 1510 4245 praeteream,
1547 4176 1647 4228 etsi
1681 4173 1946 4228 Edmundi
1982 4173 2081 4226 lii-

521 4247 690 4300 clierii
721 4246 1044 4310 doctrinam,
1078 4261 1140 4298 ac
1175 4243 1324 4299 Pauli
1357 4243 1556 4313 Sarpii,
1591 4260 1726 4313 quos
1776 4258 1949 4313 osores
1984 4259 2079 4310 pa-

520 4332 671 4387 patus
693 4327 866 4380 vocat,
897 4325 950 4368 et
979 4331 1204 4384 quorum
1256 4311 1507 4387 ductor?
1549 4311 1852 4375 Liitlierum,
1902 4311 2078 4387 Catvi-f

523 4383 746 4457 namque
779 4387 943 4439 fuisse
983 4383 1212 4439 allirinat
1256 4401 1376 4454 pag.
1411 4383 1553 4448 777,.
1580 4389 1681 4437 sibi
1721 4401 1836 4457 iioii
1861 4383 2074 4451 probari

2182 1797 2836 1868 Euvoﬁcaicavaicxoveov
2864 1781 3054 1868 ἐξῄροῦ
3076 1781 3318 1867 ἶρρενῶν.
3349 1781 3513 1851 Omne
3547 1781 3756 1852 maturis

2183 1870 2381 1937 (inquit
2410 1867 2779 1922 Tertulliaiius
2815 1867 2866 1918 in
2909 1867 3264 1937 Apologetico)
3290 1880 3378 1920 aut
3419 1869 3621 1933 timore,
3651 1879 3750 1922 aut

2180 1935 2377 2004 pudore
2421 1948 2612 1990 natura
2653 1937 2902 2007 perfudit.
2931 1935 3226 2007 Febronius
3247 1935 3505 1991 timorem
3543 1943 3749 2007 prodit,

2182 2010 2306 2063 dum
2355 2007 2523 2060 latere
2574 2006 2778 2075 gestit:
2811 2006 2942 2059 faxit
3003 2006 3162 2070 Deus,
3209 2017 3271 2061 ut
3320 2006 3552 2062 salutari
3577 2012 3750 2064 etiam

2182 2079 2384 2146 pudore
2437 2075 2808 2145 perfundatur.
2862 2075 2964 2129 Sed
3016 2079 3080 2128 ad
3136 2077 3305 2146 lineas
3358 2094 3566 2143 rursus,
3595 2090 3649 2132 et
3680 2081 3737 2132 iii

2181 2148 2404 2271 gaadum
2439 2164 2452 2200 :
2476 2149 2624 2271 ἕὲιὶε
2649 2148 2792 2201 enim
2817 2148 2991 2216 vagati
3021 2162 3224 2201 sumus.
3257 2145 3387 2202 Vide
3416 2158 3570 2203 notas
3596 2165 3753 2204 ineas

2181 2235 2208 2271 a
2279 2233 2450 2271 seum.
2605 2255 2620 2269 .

2181 2220 2247 2271 ad
2279 2233 2450 2271 seum.
2476 2220 2544 2271 56
2571 2220 2620 2270 b.

2257 2237 2620 2358 (igi'ii‘oiziii
2651 2284 2911 2358 Novatus,
2934 2296 3021 2358 et
3039 2284 3368 2358 Novatianus
3416 2289 3748 2358 presbyteri,

2181 2355 2275 2412 ille
2327 2355 2772 2424 Carthaginensis
2824 2356 3094 2418 Ecclesiae,
3152 2359 3238 2410 bic
3289 2355 3543 2412 Romanae
3579 2355 3750 2426 cujus

2180 2429 2341 2481 etiam
2377 2429 2580 2497 primus
2608 2428 2855 2495 aiitipapa
2887 2429 3006 2491 fuit,
3039 2427 3242 2480 nemini
3271 2427 3434 2497 ignoti
3465 2439 3611 2482 sunt.
3657 2432 3742 2484 Ac

2180 2496 2533 2553 Novatiaiiuin
2579 2497 2815 2565 quidem,
2852 2497 3241 2562 Adamitarum,
3283 2514 3346 2551 ac
3381 2496 3746 2553 Montanista-

2181 2583 2299 2621 rum
2327 2581 2565 2621 errorem
2606 2569 2937 2631 renovando,
2974 2567 3138 2633 lapsis
3163 2568 3528 2636 paenitentiam
3560 2570 3738 2624 dene-

2180 2653 2335 2706 gasse
2369 2638 2714 2706 consentiunt
2761 2652 2948 2691 omnes
2977 2653 2991 2690 :
3026 2636 3356 2692 Novatianos
3391 2654 3524 2692 vero
3561 2655 3666 2692 non
3705 2656 3745 2694 a

2181 2705 2410 2770 Novato,
2447 2707 2538 2760 sed
2568 2721 2598 2758 a
2629 2705 2925 2760 Novatiaiio
2958 2708 3330 2762 denominatos
3364 2722 3483 2761 esse
3515 2721 3745 2764 monent

2181 2780 2376 2846 passim
2422 2778 2518 2830 viri
2554 2777 2774 2846 eruditi.
2821 2776 3036 2831 Moiient
3068 2788 3324 2846 praeterea
3359 2793 3500 2845 saipe
3527 2794 3556 2831 a
3583 2779 3747 2833 Grae—

2179 2845 2258 2901 cis
2283 2847 2536 2901 Pairibus
2558 2861 2652 2913 pro
2682 2845 2978 2902 Novatiano
3011 2845 3274 2901 Novatum
3308 2863 3587 2916 perperam
3629 2864 3742 2902 no-

2181 2919 2395 2979 minari,
2428 2919 2494 2970 ab
2537 2917 2787 2988 Eusebio,
2827 2919 3054 2984 exempli
3083 2917 3275 2988 gratia,
3315 2920 3381 2971 ab
3410 2919 3740 2988 ejusinter-

2181 2999 2329 3055 prete
2365 2989 2578 3056 liulino,
2613 3002 2642 3038 a
2673 2986 2894 3041 Socrate
2935 2988 3032 3056 lib.
3062 2986 3135 3053 iv,
3167 2988 3391 3056 cap.28,
3418 2999 3472 3042 et
3499 2987 3565 3041 ab
3593 2990 3747 3054 aliis,

2222 3060 2271 3110 iii
2301 3060 2425 3110 dum
2454 3055 2876 3129 _Novatum_cnm
2922 3055 3589 3129 Novatiano’contundunt
3639 3060 3754 3129 (ait

2181 3126 2530 3180 Constantius
2569 3142 2690 3196 pag.
2731 3127 2892 3196 159),
2918 3126 3180 3180 Novatum
3215 3126 3656 3188 Iiwrestarcliam,
3689 3143 3748 3183 et

2179 3197 2529 3265 Catharorum
2549 3199 2831 3265 principem
2859 3199 2993 3265 falso
3014 3199 3237 3264 faciunt.
3262 3241 3275 3254 .
3299 3241 3311 3252 .
3339 3197 3574 3252 Novatus
3597 3202 3749 3253 enim

2179 3268 2426 3335 {actionis
2462 3263 2786 3319 Felicissiini
2821 3263 3127 3335 presbyteris
3159 3270 3478 3332 adhaerebat,
3511 3271 3751 3337 qnilop-

2178 3338 2272 3389 sis.
2294 3376 2306 3388 .
2338 3376 2352 3390 .
2379 3341 2553 3389 statim
2577 3353 2778 3402 pacem,
2805 3347 2849 3389 et
2883 3339 3295 3390 communionem
3329 3339 3448 3392 dari
3484 3342 3748 3394 volebant.

2180 3405 2305 3460 Haec
2350 3409 2394 3460 si
2435 3408 2505 3459 ita
2539 3421 2596 3459 se
2637 3407 2856 3471 habent,
2899 3405 3174 3477 Diilyniiiin
3211 3424 3423 3475 quoque
3452 3410 3750 3476 deceptum

2181 3478 2349 3531 fuisse
2396 3479 2688 3544 putandum
2739 3478 2861 3539 erit,
2895 3492 2957 3530 ac
2988 3493 3082 3544 pro
3126 3478 3423 3533 Novatiano
3472 3478 3748 3534 Novatum

2181 3549 2536 3618 nominasse:
2576 3563 2675 3600 nec
2723 3548 2865 3600 enim
2920 3551 3274 3600 dubitandum
3323 3551 3550 3612 videtur,
3599 3552 3744 3618 qiiiii

2180 3615 2489 3670 Novatiaiite
2518 3626 2678 3670 set-tie
2705 3629 2978 3670 auctorem
3007 3619 3279 3685 respiciat.
3311 3618 3505 3672 Verum
3547 3620 3589 3674 si
3619 3615 3750 3674 tuna

2179 3701 2301 3740 cuin
2334 3689 2453 3741 aliis
2497 3687 2850 3755 scriptoribus
2883 3686 3085 3740 Graecis
3118 3692 3168 3740 in
3214 3704 3452 3743 errorem
3489 3691 3752 3744 inductus

2179 3771 2262 3810 est
2290 3758 2567 3827 Didymus,
2598 3769 2852 3810 errarunt
2899 3767 3060 3810 etiam
3109 3762 3454 3827 Augustinus,
3489 3777 3553 3814 ac
3612 3761 3751 3813 llic-

2183 3842 2457 3898 ronyinus.
2495 3825 2587 3880 Ille
2607 3828 2748 3898 enim
2780 3830 2828 3878 in
2859 3827 2992 3880 libro
3016 3825 3408 3892 Deliteresibus,
3430 3832 3617 3883 haeresi
3643 3832 3746 3895 58,

2182 3897 2294 3966 liirc
2351 3906 2565 3966 scripSit
2593 3912 2607 3950 :
2640 3897 2878 3950 Catliari.
2902 3932 2918 3948 .
2941 3936 2954 3951 .
2978 3936 2990 3948 .
3037 3901 3391 3965 paenitentiam
3450 3902 3745 3966 dettegtml,

2182 3965 2740 4021 Novatum'sectantes
2792 3967 3137 4032 Inereticum;
3187 3970 3321 4022 unde
3351 3973 3507 4021 etiam
3557 3965 3746 4023 Novu-

2180 4039 2312 4090 tiani
2366 4037 2716 4107 appellantur.
2769 4035 3124 4107 Hieronymus
3149 4053 3275 4092 vero
3318 4039 3370 4092 in
3411 4055 3497 4106 ep.
3531 4040 3628 4102 77,
3663 4043 3748 4094 ad

2173 4104 2476 4179 Oceanum:
2513 4104 2636 4170 Non
2653 4115 2733 4179 est,
2757 4107 2856 4158 loci
2883 4104 3261 4179 linjus(inquit)
3295 4119 3346 4161 ut
3376 4104 3747 4179 pinnitentium

2177 4178 2480 4245 praedicent,
2507 4188 2554 4228 et
2583 4176 2734 4244 quasi
2774 4188 2954 4230 contra
3005 4176 3334 4241 Montanum,
3375 4176 3752 4246 Novatumque

2179 4248 2453 4318 scribens,
2484 4247 2681 4318 dicam,
2730 4252 2834 4318 etc.
2871 4248 3006 4314 Quid
3043 4250 3232 4318 plura?
3292 4251 3592 4318 Cyprianus
3625 4253 3752 4317 ipse

2179 4316 2232 4386 in
2273 4331 2358 4385 ep.
2393 4314 2483 4380 49,
2530 4318 2598 4369 ad
2645 4317 2965 4383 Corneliam,
3003 4314 3070 4372 de
3098 4316 3315 4383 ,Novato
3336 4314 3419 4370 'sic
3458 4314 3700 4386 loquitur
3733 4339 3748 4374 :

2180 4385 2446 4439 Damnare
2474 4401 2611 4439 nunc
2641 4387 2802 4439 audet
2829 4390 3244 4455 sacriﬁcantium
3277 4404 3487 4453 manus,
3519 4385 3636 4440 cum
3669 4393 3750 4444 sit

522 4453 686 4523 dicat,
718 4460 872 4510 novis
909 4464 1082 4508 tanien
1115 4472 1234 4509 eain
1270 4453 1650 4527 additanientis
1679 4453 1938 4527 ampliare
1965 4469 2069 4505 non
2105 4461 2149 4516 ι)
2178 4461 2286 4524 ipse
2313 4459 2580 4509 nocentior
2605 4468 2624 4507 :
2653 4457 2781 4522 Qua:
2817 4453 3022 4512 Novato
3045 4460 3358 4527 exprobrari
3389 4472 3493 4511 non
3529 4461 3751 4527 potuis-

521 4538 784 4580 veretur:
836 4537 998 4592 atque
1075 4527 1212 4579 lianc
1283 4526 1662 4593 prteclarorum
1735 4525 2071 4577 inventorum

521 4599 829 4665 congeriem
856 4595 1119 4649 Clementi
1143 4595 1254 4649 χιιι
1283 4597 1618 4664 potissimum
1643 4594 1936 4665 inscribere
1967 4606 2070 4645 non

521 4661 770 4732 erubuit;
810 4667 1008 4734 iitaque
1037 4667 1090 4718 iii
1116 4661 1354 4720 omnium
1391 4665 1818 4719 Christianorum
1851 4661 2070 4715 Patrem

521 4751 585 4788 ac
641 4740 926 4799 doctorem,
962 4738 1113 4804 cujus
1144 4743 1304 4806 pedes
1337 4737 1555 4789 maximi
1587 4749 1738 4802 reges
1765 4744 1858 4786 aut
1887 4747 2070 4786 coram

521 4808 809 4875 aliquando
856 4808 1022 4876 (quod
1063 4817 1243 4860 nostra
1273 4815 1438 4876 aetate
1457 4817 1713 4874 angustus
1742 4820 1804 4858 ac
1833 4806 2070 4876 serenis-

521 4874 696 4930 smius
725 4874 950 4930 Carolus
987 4875 1053 4930 ΙΙΙ
1084 4875 1384 4932 Borbouius
1418 4875 1565 4944 fecit)
1599 4884 1694 4927 aut
1726 4890 1820 4944 per
1843 4874 2068 4942 legatos,

521 4947 604 4999 vel
647 4960 743 5016 per
789 4946 1044 5014 epistolas
1064 4948 1353 5016 quotannis
1387 4946 1788 5008 exosculantur,
1816 4945 2072 4997 insultare

520 5030 629 5072 non
657 5016 941 5073 dubitavit.
968 5018 1212 5085 Cumque
1242 5034 1272 5071 a
1302 5031 1612 5072 successore
1639 5031 1703 5070 ac
1745 5016 1956 5068 liaerede
1979 5029 2072 5081 po-

521 5087 730 5141 testatis
753 5086 896 5140 illius
925 5089 1173 5156 apostoli,
1201 5087 1351 5157 cujus
1378 5099 1584 5157 terrena
1597 5086 1804 5155 judicia
1833 5089 1914 5154 (ut
1942 5098 2068 5157 cum

522 5157 581 5228 δ.
614 5156 816 5211 Hilario
843 5153 1051 5228 loqu—ar)
1085 5153 1291 5226 judicia
1324 5156 1548 5211 ccclestia
1586 5153 1728 5219 sunt,
1776 5153 2072 5223 apustolico

520 5227 676 5282 Brevi
716 5242 856 5281 anno
905 5227 1042 5280 1764
1073 5243 1132 5282 se
1174 5235 1578 5298 reprehensum,
1629 5240 1890 5298 suumque
1938 5239 2072 5298 opus

521 5301 830 5351 damnatum
879 5299 1137 5362 audisset,
1185 5295 1290 5353 non
1334 5299 1490 5351 modo
1543 5312 1650 5350 non
1698 5297 1938 5363 resipuit,
1973 5295 2068 5347 sed

518 5369 713 5422 iterum
748 5367 876 5422 illud
904 5369 1205 5438 insequenti
1249 5384 1410 5435 anno,
1459 5369 1584 5421 dum
1615 5369 1730 5421 haec
1754 5372 1818 5418 ad
1849 5369 2067 5438 praeluui

521 5442 812 5504 mitterem,
851 5436 1059 5492 auctius
1108 5440 1362 5507 evnlgare
1415 5454 1580 5491 ausus
1641 5449 1747 5507 est,
1799 5436 2073 5503 inscriptis

521 5511 692 5575 primo
724 5509 871 5572 lolio,
895 5509 1045 5578 quasi
1070 5506 1265 5563 vexillo
1288 5509 1526 5573 cuidam,
1559 5509 1625 5562 iis
1647 5506 1866 5560 Joannis
1902 5507 2074 5575 Cliry-

519 5580 762 5644 sostonii,
799 5584 1069 5634 etbnicain
1107 5582 1546 5633 consuetudinem
1575 5578 1913 5638 insectantis,
1947 5591 2070 5628 ver-

517 5650 622 5711 bis,
656 5650 1195 5719 euiquiuquagesinia
1228 5650 1523 5703 diiodeciini
1554 5654 1680 5701 toini
1712 5662 1905 5717 pagina
1936 5647 2075 5714 peti-

521 5733 622 5772 tis:
679 5718 867 5772 Melius
915 5718 1012 5782 est,
1055 5730 1109 5774 ut
1144 5736 1232 5773 vos
1284 5736 1361 5772 me
1408 5720 1736 5786 suspicemini
1798 5722 2072 5781 audacem,

517 5808 730 5857 savum,
766 5802 813 5844 et
839 5805 1200 5862 .ari'ogantent,
1241 5807 1398 5862 quant
1421 5803 1472 5845 ut
1514 5807 1598 5844 vos
1621 5790 1830 5857 [aciutis
1865 5803 2072 5864 eaqute

2175 4536 2316 4590 sent,
2347 4527 2391 4580 si
2424 4527 2476 4580 iii
2505 4541 2569 4580 ea
2615 4535 2742 4580 tunc
2787 4528 3038 4595 opinione
3092 4531 3398 4592 mansisset,
3454 4538 3512 4580 ut
3570 4529 3753 4598 lapsis

2175 4610 2360 4664 paceni
2393 4598 2652 4650 continuo
2686 4599 2915 4650 dandam
2947 4601 3124 4653 vellet.
3162 4601 3414 4666 Qiiiiiiino
3451 4599 3751 4655 universus

2173 4667 2322 4720 orbis
2339 4666 2734 4737 quodaminodo
2757 4669 3010 4736 deceptus
3041 4671 3337 4732 videretur,
3362 4670 3503 4737 quod
3530 4668 3749 4724 Catha-

2175 4751 2264 4791 ros
2314 4749 2418 4790 non
2463 4736 2878 4799 Novatiaiiistas,
2917 4749 3009 4792 aut
3043 4736 3473 4793 Novatianeiises
3503 4752 3748 4794 vocave-

2173 4807 2266 4868 rit,
2300 4816 2361 4880 ut
2383 4807 2703 4880 alicubi_eos
2731 4808 2964 4880 appellat
2989 4809 3314 4880 Cyprianus,
3345 4808 3746 4880 sedNovatia-

2174 4891 2294 4930 nos.
2320 4877 2392 4930 At
2415 4878 2557 4931 enim
2580 4874 2818 4932 Novatus
2837 4874 3160 4934 Felicissimi
3186 4878 3463 4934 scbismati
3486 4881 3748 4936 adhaesit.

2172 4944 2386 5018 Fateor.
2413 4947 2609 5002 Verum
2643 4947 2849 5004 Novato
2901 4951 3016 5018 ipso
3053 4951 3365 5018 instigante,
3405 4963 3468 5003 ac
3503 4949 3747 5015 favente,

2172 5013 2456 5072 Novatiani
2493 5031 2706 5085 quoque
2738 5013 2979 5074 scbisnia
3021 5013 3312 5074 conflatum
3346 5013 3448 5072 est.
3482 5020 3589 5072 Sed
3614 5013 3750 5085 quis

2168 5087 2292 5168 jure
2340 5089 2422 5194 alb"
2454 5089 2848 5144 insanientibus
2894 5094 3148 5158 postulet,
3181 5100 3240 5144 ut
3271 5105 3394 5145 cum
3423 5102 3630 5144 ratione
3656 5093 3750 5144 in-

2174 5173 2358 5194 una...

2173 5169 2415 5211 sontant!

2245 5227 2372 5303 (ψ)-
2408 5227 2665 5303 sabbatii.
2717 5227 2795 5303 Ex
2843 5244 2909 5284 eo
2949 5233 3092 5301 quod
3134 5231 3398 5294 Sabbatii,
3443 5245 3511 5284 ex
3551 5227 3751 5303 ,ιμάωο

2173 5295 2492 5369 Christiani,
2539 5295 3158 5369 Novatianaique'sectze
3200 5303 3397 5355 addicti
3431 5297 3752 5355 meminerit

2175 5367 2458 5443 Didymns,
2493 5367 2965 5443 libros__liosce__ab
2998 5391 3062 5428 eo
3107 5373 3392 5443 postremis
3425 5373 3544 5423 vita:
3577 5376 3752 5424 annis

2174 5439 2347 5516 editos
2387 5438 2554 5516 fuisse
2595 5441 2814 5510 colligo,
2861 5440 3051 5516 Magno
3075 5438 3377 5498 Theodosio
3419 5443 3748 5509 imperante.

2175 5508 2279 5562 Sed
2303 5510 2416 5562 haec
2447 5513 2599 5564 alias.

2246 5580 2359 5649 (30)
2397 5576 2528 5633 Cum
2581 5591 2776 5635 autem.
2835 5581 3011 5637 Galat.
3052 5595 3092 5644 i,
3143 5583 3210 5636 15
3259 5583 3425 5639 cliti.
3473 5582 3752 5640 Nonnulla

2174 5655 2374 5722 omittit
2399 5661 2518 5722 piist
2551 5652 2793 5706 voculain
2828 5670 2949 5722 μου.

2249 5721 2360 5792 (51)
2414 5719 2650 5776 Gratias.
2725 5719 2933 5777 Coloss.
2985 5740 3034 5788 ι,

2165 5807 2402 5864 apposui,
2435 5809 2604 5875 pauca
2628 5795 3035 5875 praetcrtiiittitu

3113 5725 3296 5779 iii-ll.
3358 5725 3482 5779 l'nst
3538 5724 3721 5779 ἁπολύ
