  <div class='ocr_page' id='page_1' title='image "/cluster/home/n/w/nwhite01/storage/ocr_20150623/39/hvd.32044037979440/223.png"; bbox 0 0 4104 6408; ppageno 0'>
   <div class='ocr_carea' id='block_1_1' title="bbox 577 308 687 365">
    <p class='ocr_par' dir='ltr' id='par_1_1' title="bbox 577 308 687 365">
     <span class='ocr_line' id='line_1_1' title="bbox 577 308 687 365; baseline 0.009 -1"><span class='ocrx_word' id='word_1_1' title='bbox 577 308 687 365; x_wconf 73' lang='grc'><strong>425</strong></span> 
     </span>
    </p>
   </div>
   <div class='ocr_carea' id='block_1_2' title="bbox 1849 303 2587 360">
    <p class='ocr_par' dir='ltr' id='par_1_2' title="bbox 1849 303 2587 360">
     <span class='ocr_line' id='line_1_2' title="bbox 1849 303 2587 360; baseline -0.004 -1"><span class='ocrx_word' id='word_1_2' title='bbox 1849 305 2078 360; x_wconf 78' lang='lat' dir='ltr'><strong>DIDYMI</strong></span> <span class='ocrx_word' id='word_1_3' title='bbox 2118 303 2587 359; x_wconf 78' lang='lat' dir='ltr'><strong>ALEXANDRINI</strong></span> 
     </span>
    </p>
   </div>
   <div class='ocr_carea' id='block_1_3' title="bbox 3724 301 3842 355">
    <p class='ocr_par' dir='ltr' id='par_1_3' title="bbox 3724 301 3842 355">
     <span class='ocr_line' id='line_1_3' title="bbox 3724 301 3842 355; baseline -0.008 0"><span class='ocrx_word' id='word_1_4' title='bbox 3724 301 3842 355; x_wconf 64' lang='grc'><strong>424</strong></span> 
     </span>
    </p>
   </div>
   <div class='ocr_carea' id='block_1_4' title="bbox 581 420 2143 500">
    <p class='ocr_par' dir='ltr' id='par_1_4' title="bbox 581 425 2143 500">
     <span class='ocr_line' id='line_1_4' title="bbox 581 425 2143 500; baseline -0.002 -17"><span class='ocrx_word' id='word_1_5' title='bbox 581 444 685 500; x_wconf 84' lang='lat' dir='ltr'><strong>gno</strong></span> <span class='ocrx_word' id='word_1_6' title='bbox 715 437 892 483; x_wconf 89' lang='lat' dir='ltr'><strong>autem</strong></span> <span class='ocrx_word' id='word_1_7' title='bbox 922 427 1038 482; x_wconf 88' lang='lat' dir='ltr'><strong>sine</strong></span> <span class='ocrx_word' id='word_1_8' title='bbox 1083 425 1247 481; x_wconf 92' lang='lat' dir='ltr'><strong>dubio</strong></span> <span class='ocrx_word' id='word_1_9' title='bbox 1295 426 1554 496; x_wconf 93' lang='lat' dir='ltr'><strong>loquitur,</strong></span> <span class='ocrx_word' id='word_1_10' title='bbox 1591 425 1730 495; x_wconf 89' lang='lat' dir='ltr'><strong>quod</strong></span> <span class='ocrx_word' id='word_1_11' title='bbox 1762 427 1866 480; x_wconf 86' lang='lat' dir='ltr'><strong>erit</strong></span> <span class='ocrx_word' id='word_1_12' title='bbox 1905 435 2026 494; x_wconf 88' lang='lat' dir='ltr'><strong>post</strong></span> <span class='ocrx_word' id='word_1_13' title='bbox 2056 441 2143 480; x_wconf 92' lang='lat' dir='ltr'><strong>re-</strong></span> 
     </span>
    </p>
   </div>
   <div class='ocr_carea' id='block_1_5' title="bbox 2245 420 3839 500">
    <p class='ocr_par' dir='ltr' id='par_1_5' title="bbox 2247 420 3839 492">
     <span class='ocr_line' id='line_1_5' title="bbox 2247 420 3839 492; baseline -0.002 -14"><span class='ocrx_word' id='word_1_14' title='bbox 2247 424 2321 492; x_wconf 75' lang='grc' dir='ltr'><em>τῇ</em></span> <span class='ocrx_word' id='word_1_15' title='bbox 2352 424 2640 489; x_wconf 76' lang='grc' dir='ltr'><strong>βασιλείᾳ</strong></span> <span class='ocrx_word' id='word_1_16' title='bbox 2680 421 2785 476; x_wconf 87' lang='grc' dir='ltr'><strong>τοῦ</strong></span> <span class='ocrx_word' id='word_1_17' title='bbox 2829 421 3084 488; x_wconf 78' lang='grc' dir='ltr'><strong>Χριστοῦ</strong></span> <span class='ocrx_word' id='word_1_18' title='bbox 3133 421 3232 475; x_wconf 81' lang='grc' dir='ltr'><strong>καὶ</strong></span> <span class='ocrx_word' id='word_1_19' title='bbox 3279 421 3462 475; x_wconf 86' lang='grc' dir='ltr'><strong>Θεοῦ·</strong></span> <span class='ocrx_word' id='word_1_20' title='bbox 3510 420 3725 484; x_wconf 83' lang='grc' dir='ltr'><strong>πάντως</strong></span> <span class='ocrx_word' id='word_1_21' title='bbox 3770 421 3839 475; x_wconf 76' lang='grc' dir='ltr'>δὲ</span> 
     </span>
    </p>
   </div>
   <div class='ocr_carea' id='block_1_6' title="bbox 581 515 2147 587">
    <p class='ocr_par' dir='ltr' id='par_1_6' title="bbox 581 515 2147 587">
     <span class='ocr_line' id='line_1_6' title="bbox 581 515 2147 587; baseline -0.002 -14"><span class='ocrx_word' id='word_1_22' title='bbox 581 519 973 574; x_wconf 88' lang='lat' dir='ltr'><strong>surrectionem</strong></span> <span class='ocrx_word' id='word_1_23' title='bbox 1005 516 1138 587; x_wconf 81' lang='grc'><strong>(59).</strong></span> <span class='ocrx_word' id='word_1_24' title='bbox 1177 516 1454 583; x_wconf 84' lang='lat' dir='ltr'><strong>Quodnam</strong></span> <span class='ocrx_word' id='word_1_25' title='bbox 1485 531 1615 585; x_wconf 85' lang='lat' dir='ltr'><strong>ergo</strong></span> <span class='ocrx_word' id='word_1_26' title='bbox 1641 525 1849 585; x_wconf 90' lang='lat' dir='ltr'><strong>tempus</strong></span> <span class='ocrx_word' id='word_1_27' title='bbox 1884 515 2011 570; x_wconf 87' lang='lat' dir='ltr'><strong>illud</strong></span> <span class='ocrx_word' id='word_1_28' title='bbox 2041 526 2147 575; x_wconf 86' lang='lat' dir='ltr'><strong>est.</strong></span> 
     </span>
    </p>
   </div>
   <div class='ocr_carea' id='block_1_7' title="bbox 580 607 2151 679">
    <p class='ocr_par' dir='ltr' id='par_1_7' title="bbox 580 607 2151 679">
     <span class='ocr_line' id='line_1_7' title="bbox 580 607 2151 679; baseline -0.001 -17"><span class='ocrx_word' id='word_1_29' title='bbox 580 627 686 679; x_wconf 85' lang='lat' dir='ltr'><strong>quo</strong></span> <span class='ocrx_word' id='word_1_30' title='bbox 717 625 962 676; x_wconf 87' lang='lat' dir='ltr'><strong>regnum,</strong></span> <span class='ocrx_word' id='word_1_31' title='bbox 1011 623 1196 662; x_wconf 90' lang='lat' dir='ltr'><strong>eorum</strong></span> <span class='ocrx_word' id='word_1_32' title='bbox 1231 607 1472 676; x_wconf 87' lang='lat' dir='ltr'><strong>judicio,</strong></span> <span class='ocrx_word' id='word_1_33' title='bbox 1526 608 1780 674; x_wconf 92' lang='lat' dir='ltr'><strong>deinceps</strong></span> <span class='ocrx_word' id='word_1_34' title='bbox 1819 607 2031 660; x_wconf 85' lang='lat' dir='ltr'><strong>tradet?</strong></span> <span class='ocrx_word' id='word_1_35' title='bbox 2071 607 2151 660; x_wconf 87' lang='lat' dir='ltr'><strong>Ad</strong></span> 
     </span>
    </p>
   </div>
   <div class='ocr_carea' id='block_1_8' title="bbox 581 694 2150 766">
    <p class='ocr_par' dir='ltr' id='par_1_8' title="bbox 581 694 2150 766">
     <span class='ocr_line' id='line_1_8' title="bbox 581 694 2150 766; baseline -0.003 -13"><span class='ocrx_word' id='word_1_36' title='bbox 581 696 922 754; x_wconf 81' lang='lat' dir='ltr'><strong>Timmheum</strong></span> <span class='ocrx_word' id='word_1_37' title='bbox 980 713 1108 752; x_wconf 84' lang='lat' dir='ltr'><strong>vero</strong></span> <span class='ocrx_word' id='word_1_38' title='bbox 1156 698 1208 751; x_wconf 93' lang='lat' dir='ltr'><strong>in</strong></span> <span class='ocrx_word' id='word_1_39' title='bbox 1244 700 1476 752; x_wconf 85' lang='lat' dir='ltr'><strong>secunda</strong></span> <span class='ocrx_word' id='word_1_40' title='bbox 1523 697 1758 766; x_wconf 80' lang='lat' dir='ltr'><strong>Epistula</strong></span> <span class='ocrx_word' id='word_1_41' title='bbox 1787 715 1800 750; x_wconf 92' lang='lat'>:</span> <span class='ocrx_word' id='word_1_42' title='bbox 1833 694 2014 750; x_wconf 83' lang='lat' dir='ltr'><strong>Testor</strong></span> <span class='ocrx_word' id='word_1_43' title='bbox 2038 696 2150 766; x_wconf 83' lang='grc'><strong>(40)</strong></span> 
     </span>
    </p>
   </div>
   <div class='ocr_carea' id='block_1_9' title="bbox 581 787 2151 858">
    <p class='ocr_par' dir='ltr' id='par_1_9' title="bbox 581 787 2151 858">
     <span class='ocr_line' id='line_1_9' title="bbox 581 787 2151 858; baseline -0.003 -14"><span class='ocrx_word' id='word_1_44' title='bbox 581 808 758 844; x_wconf 91' lang='lat' dir='ltr'><strong>coram</strong></span> <span class='ocrx_word' id='word_1_45' title='bbox 787 791 916 851; x_wconf 85' lang='lat' dir='ltr'><strong>Deo,</strong></span> <span class='ocrx_word' id='word_1_46' title='bbox 940 799 988 844; x_wconf 88' lang='lat' dir='ltr'><strong>et</strong></span> <span class='ocrx_word' id='word_1_47' title='bbox 1023 787 1234 843; x_wconf 75' lang='lat' dir='ltr'><strong>Christo</strong></span> <span class='ocrx_word' id='word_1_48' title='bbox 1268 787 1426 850; x_wconf 83' lang='lat' dir='ltr'><strong>Jesu,</strong></span> <span class='ocrx_word' id='word_1_49' title='bbox 1455 789 1543 858; x_wconf 85' lang='lat' dir='ltr'><strong>qui</strong></span> <span class='ocrx_word' id='word_1_50' title='bbox 1572 789 1912 858; x_wconf 84' lang='lat' dir='ltr'><strong>judicaturus</strong></span> <span class='ocrx_word' id='word_1_51' title='bbox 1951 797 2028 842; x_wconf 84' lang='lat' dir='ltr'><strong>est</strong></span> <span class='ocrx_word' id='word_1_52' title='bbox 2073 788 2151 840; x_wconf 78' lang='lat' dir='ltr'><strong>vi-</strong></span> 
     </span>
    </p>
   </div>
   <div class='ocr_carea' id='block_1_10' title="bbox 582 880 2148 949">
    <p class='ocr_par' dir='ltr' id='par_1_10' title="bbox 582 880 2148 949">
     <span class='ocr_line' id='line_1_10' title="bbox 582 880 2148 949; baseline -0.002 -15"><span class='ocrx_word' id='word_1_53' title='bbox 582 898 691 942; x_wconf 76' lang='lat' dir='ltr'><strong>ros,</strong></span> <span class='ocrx_word' id='word_1_54' title='bbox 723 890 770 934; x_wconf 90' lang='lat' dir='ltr'><strong>et</strong></span> <span class='ocrx_word' id='word_1_55' title='bbox 797 891 1049 944; x_wconf 88' lang='lat' dir='ltr'><strong>mortuos,</strong></span> <span class='ocrx_word' id='word_1_56' title='bbox 1081 888 1129 932; x_wconf 89' lang='lat' dir='ltr'><strong>et</strong></span> <span class='ocrx_word' id='word_1_57' title='bbox 1164 880 1437 933; x_wconf 84' lang='lat' dir='ltr'><strong>adventum</strong></span> <span class='ocrx_word' id='word_1_58' title='bbox 1485 880 1596 949; x_wconf 81' lang='grc'><strong>(41)</strong></span> <span class='ocrx_word' id='word_1_59' title='bbox 1627 880 1809 943; x_wconf 87' lang='lat' dir='ltr'><strong>ipsius,</strong></span> <span class='ocrx_word' id='word_1_60' title='bbox 1839 888 1887 933; x_wconf 89' lang='lat' dir='ltr'><strong>et</strong></span> <span class='ocrx_word' id='word_1_61' title='bbox 1939 894 2148 948; x_wconf 85' lang='lat' dir='ltr'><strong>regnum</strong></span> 
     </span>
    </p>
   </div>
   <div class='ocr_carea' id='block_1_11' title="bbox 580 969 2151 1042">
    <p class='ocr_par' dir='ltr' id='par_1_11' title="bbox 580 969 2151 1042">
     <span class='ocr_line' id='line_1_11' title="bbox 580 969 2151 1042; baseline -0.004 -16"><span class='ocrx_word' id='word_1_62' title='bbox 580 974 712 1042; x_wconf 84' lang='lat' dir='ltr'><strong>ejus,</strong></span> <span class='ocrx_word' id='word_1_63' title='bbox 745 973 974 1040; x_wconf 76' lang='lat' dir='ltr'><strong>prtedira</strong></span> <span class='ocrx_word' id='word_1_64' title='bbox 1017 969 1264 1025; x_wconf 82' lang='lat' dir='ltr'><strong>Verbum.</strong></span> <span class='ocrx_word' id='word_1_65' title='bbox 1297 969 1638 1024; x_wconf 79' lang='lat' dir='ltr'><strong>Manifestum</strong></span> <span class='ocrx_word' id='word_1_66' title='bbox 1683 985 1843 1040; x_wconf 89' lang='lat' dir='ltr'><strong>porro</strong></span> <span class='ocrx_word' id='word_1_67' title='bbox 1868 981 1972 1034; x_wconf 91' lang='lat' dir='ltr'><strong>est,</strong></span> <span class='ocrx_word' id='word_1_68' title='bbox 1993 970 2151 1042; x_wconf 79' lang='lat' dir='ltr'><strong>_Pau-</strong></span> 
     </span>
    </p>
   </div>
   <div class='ocr_carea' id='block_1_12' title="bbox 581 1061 2150 1132">
    <p class='ocr_par' dir='ltr' id='par_1_12' title="bbox 581 1061 2150 1132">
     <span class='ocr_line' id='line_1_12' title="bbox 581 1061 2150 1132; baseline -0.003 -16"><span class='ocrx_word' id='word_1_69' title='bbox 581 1064 689 1116; x_wconf 90' lang='lat' dir='ltr'><strong>lum</strong></span> <span class='ocrx_word' id='word_1_70' title='bbox 717 1063 782 1117; x_wconf 91' lang='lat' dir='ltr'><strong>de</strong></span> <span class='ocrx_word' id='word_1_71' title='bbox 818 1075 982 1132; x_wconf 79' lang='lat' dir='ltr'><strong>regno</strong></span> <span class='ocrx_word' id='word_1_72' title='bbox 1029 1061 1190 1129; x_wconf 89' lang='lat' dir='ltr'><strong>loqui,</strong></span> <span class='ocrx_word' id='word_1_73' title='bbox 1220 1063 1361 1129; x_wconf 91' lang='lat' dir='ltr'><strong>quod</strong></span> <span class='ocrx_word' id='word_1_74' title='bbox 1396 1061 1713 1126; x_wconf 85' lang='lat' dir='ltr'><strong>indivisum,</strong></span> <span class='ocrx_word' id='word_1_75' title='bbox 1744 1076 1806 1114; x_wconf 86' lang='lat' dir='ltr'><strong>ac</strong></span> <span class='ocrx_word' id='word_1_76' title='bbox 1837 1071 2150 1130; x_wconf 89' lang='lat' dir='ltr'><strong>perpetuum</strong></span> 
     </span>
    </p>
   </div>
   <div class='ocr_carea' id='block_1_13' title="bbox 581 1151 2149 1222">
    <p class='ocr_par' dir='ltr' id='par_1_13' title="bbox 581 1151 2149 1222">
     <span class='ocr_line' id='line_1_13' title="bbox 581 1151 2149 1222; baseline -0.003 -14"><span class='ocrx_word' id='word_1_77' title='bbox 581 1170 682 1208; x_wconf 86' lang='lat' dir='ltr'><strong>una</strong></span> <span class='ocrx_word' id='word_1_78' title='bbox 711 1170 832 1210; x_wconf 91' lang='lat' dir='ltr'><strong>cum</strong></span> <span class='ocrx_word' id='word_1_79' title='bbox 861 1155 1036 1218; x_wconf 85' lang='lat' dir='ltr'><strong>Patre,</strong></span> <span class='ocrx_word' id='word_1_80' title='bbox 1070 1165 1123 1208; x_wconf 89' lang='lat' dir='ltr'><strong>et</strong></span> <span class='ocrx_word' id='word_1_81' title='bbox 1152 1152 1359 1222; x_wconf 90' lang='lat' dir='ltr'><strong>Spiritu</strong></span> <span class='ocrx_word' id='word_1_82' title='bbox 1399 1163 1586 1206; x_wconf 85' lang='lat' dir='ltr'><strong>sancto</strong></span> <span class='ocrx_word' id='word_1_83' title='bbox 1618 1162 1673 1207; x_wconf 90' lang='lat' dir='ltr'><strong>et</strong></span> <span class='ocrx_word' id='word_1_84' title='bbox 1707 1169 1867 1215; x_wconf 92' lang='lat' dir='ltr'><strong>nunc,</strong></span> <span class='ocrx_word' id='word_1_85' title='bbox 1895 1161 1948 1206; x_wconf 85' lang='lat' dir='ltr'><strong>et</strong></span> <span class='ocrx_word' id='word_1_86' title='bbox 1983 1153 2033 1205; x_wconf 92' lang='lat' dir='ltr'><strong>in</strong></span> <span class='ocrx_word' id='word_1_87' title='bbox 2063 1151 2149 1204; x_wconf 81' lang='lat' dir='ltr'><strong>fu-</strong></span> 
     </span>
    </p>
   </div>
   <div class='ocr_carea' id='block_1_14' title="bbox 581 1243 2146 1311">
    <p class='ocr_par' dir='ltr' id='par_1_14' title="bbox 581 1243 2146 1311">
     <span class='ocr_line' id='line_1_14' title="bbox 581 1243 2146 1311; baseline -0.003 -11"><span class='ocrx_word' id='word_1_88' title='bbox 581 1257 700 1302; x_wconf 91' lang='lat' dir='ltr'><strong>turo</strong></span> <span class='ocrx_word' id='word_1_89' title='bbox 733 1250 930 1302; x_wconf 63' lang='lat' dir='ltr'><strong>saeculo</strong></span> <span class='ocrx_word' id='word_1_90' title='bbox 967 1248 1128 1301; x_wconf 85' lang='lat' dir='ltr'><strong>habet</strong></span> <span class='ocrx_word' id='word_1_91' title='bbox 1171 1245 1361 1300; x_wconf 84' lang='lat' dir='ltr'><strong>Filius.</strong></span> <span class='ocrx_word' id='word_1_92' title='bbox 1396 1245 1474 1298; x_wconf 82' lang='lat' dir='ltr'><strong>Ad</strong></span> <span class='ocrx_word' id='word_1_93' title='bbox 1516 1243 1770 1299; x_wconf 65' lang='lat' dir='ltr'><strong>Hebraeos</strong></span> <span class='ocrx_word' id='word_1_94' title='bbox 1806 1254 1990 1311; x_wconf 77' lang='lat' dir='ltr'><strong>autem</strong></span> <span class='ocrx_word' id='word_1_95' title='bbox 2023 1262 2035 1298; x_wconf 87' lang='lat'><strong>:</strong></span> <span class='ocrx_word' id='word_1_96' title='bbox 2079 1243 2146 1297; x_wconf 82' lang='lat' dir='ltr'><strong>Et</strong></span> 
     </span>
    </p>
   </div>
   <div class='ocr_carea' id='block_1_15' title="bbox 577 1335 2148 1410">
    <p class='ocr_par' dir='ltr' id='par_1_15' title="bbox 577 1335 2148 1410">
     <span class='ocr_line' id='line_1_15' title="bbox 577 1335 2148 1410; baseline -0.003 -18"><span class='ocrx_word' id='word_1_97' title='bbox 577 1341 645 1392; x_wconf 87' lang='lat' dir='ltr'><strong>ad</strong></span> <span class='ocrx_word' id='word_1_98' title='bbox 687 1339 800 1410; x_wconf 76' lang='grc'><strong>(42)</strong></span> <span class='ocrx_word' id='word_1_99' title='bbox 853 1337 1063 1407; x_wconf 86' lang='lat' dir='ltr'><strong>angelos</strong></span> <span class='ocrx_word' id='word_1_100' title='bbox 1116 1338 1326 1406; x_wconf 83' lang='lat' dir='ltr'><strong>quidem</strong></span> <span class='ocrx_word' id='word_1_101' title='bbox 1372 1337 1499 1390; x_wconf 90' lang='lat' dir='ltr'><strong>dicit</strong></span> <span class='ocrx_word' id='word_1_102' title='bbox 1554 1351 1572 1387; x_wconf 90' lang='lat'><strong><em>:</em></strong></span> <span class='ocrx_word' id='word_1_103' title='bbox 1612 1335 1715 1400; x_wconf 83' lang='lat' dir='ltr'><strong>Qui</strong></span> <span class='ocrx_word' id='word_1_104' title='bbox 1755 1336 1880 1404; x_wconf 75' lang='lat' dir='ltr'><strong>facit</strong></span> <span class='ocrx_word' id='word_1_105' title='bbox 1941 1335 2148 1404; x_wconf 85' lang='lat' dir='ltr'><strong>angelos</strong></span> 
     </span>
    </p>
   </div>
   <div class='ocr_carea' id='block_1_16' title="bbox 575 1426 2148 1496">
    <p class='ocr_par' dir='ltr' id='par_1_16' title="bbox 575 1426 2148 1496">
     <span class='ocr_line' id='line_1_16' title="bbox 575 1426 2148 1496; baseline -0.004 -13"><span class='ocrx_word' id='word_1_106' title='bbox 575 1446 696 1484; x_wconf 86' lang='lat' dir='ltr'><strong>suos</strong></span> <span class='ocrx_word' id='word_1_107' title='bbox 723 1431 958 1496; x_wconf 72' lang='lat' dir='ltr'><strong>spiritus,</strong></span> <span class='ocrx_word' id='word_1_108' title='bbox 998 1442 1044 1482; x_wconf 86' lang='lat' dir='ltr'><strong>et</strong></span> <span class='ocrx_word' id='word_1_109' title='bbox 1075 1430 1342 1481; x_wconf 89' lang='lat' dir='ltr'><strong>ministros</strong></span> <span class='ocrx_word' id='word_1_110' title='bbox 1373 1444 1494 1480; x_wconf 79' lang='lat' dir='ltr'><strong>suos</strong></span> <span class='ocrx_word' id='word_1_111' title='bbox 1543 1428 1812 1494; x_wconf 81' lang='lat' dir='ltr'><strong>ﬂammam</strong></span> <span class='ocrx_word' id='word_1_112' title='bbox 1860 1427 2014 1495; x_wconf 83' lang='lat' dir='ltr'><strong>ignis.</strong></span> <span class='ocrx_word' id='word_1_113' title='bbox 2066 1426 2148 1477; x_wconf 85' lang='lat' dir='ltr'><strong>Ad</strong></span> 
     </span>
    </p>
   </div>
   <div class='ocr_carea' id='block_1_17' title="bbox 576 1517 2151 1581">
    <p class='ocr_par' dir='ltr' id='par_1_17' title="bbox 576 1517 2151 1581">
     <span class='ocr_line' id='line_1_17' title="bbox 576 1517 2151 1581; baseline -0.003 -7"><span class='ocrx_word' id='word_1_114' title='bbox 576 1518 780 1575; x_wconf 87' lang='lat' dir='ltr'><strong>Filium</strong></span> <span class='ocrx_word' id='word_1_115' title='bbox 807 1533 976 1574; x_wconf 84' lang='lat' dir='ltr'><strong>autem</strong></span> <span class='ocrx_word' id='word_1_116' title='bbox 1003 1534 1021 1572; x_wconf 83' lang='lat'><strong>.&#39;</strong></span> <span class='ocrx_word' id='word_1_117' title='bbox 1051 1518 1290 1572; x_wconf 77' lang='lat' dir='ltr'><strong>Thronns</strong></span> <span class='ocrx_word' id='word_1_118' title='bbox 1319 1530 1461 1580; x_wconf 89' lang='lat' dir='ltr'><strong>tuus,</strong></span> <span class='ocrx_word' id='word_1_119' title='bbox 1502 1517 1660 1581; x_wconf 81' lang='lat' dir='ltr'><strong>Deus,</strong></span> <span class='ocrx_word' id='word_1_120' title='bbox 1693 1518 1748 1569; x_wconf 91' lang='lat' dir='ltr'><strong>in</strong></span> <span class='ocrx_word' id='word_1_121' title='bbox 1771 1518 2017 1570; x_wconf 74' lang='lat' dir='ltr'><strong>swculum</strong></span> <span class='ocrx_word' id='word_1_122' title='bbox 2051 1533 2151 1570; x_wconf 73' lang='lat' dir='ltr'><strong>sae-</strong></span> 
     </span>
    </p>
   </div>
   <div class='ocr_carea' id='block_1_18' title="bbox 576 1607 2147 1679">
    <p class='ocr_par' dir='ltr' id='par_1_18' title="bbox 576 1607 2147 1679">
     <span class='ocr_line' id='line_1_18' title="bbox 576 1607 2147 1679; baseline -0.003 -13"><span class='ocrx_word' id='word_1_123' title='bbox 576 1613 700 1666; x_wconf 90' lang='lat' dir='ltr'><strong>culi.</strong></span> <span class='ocrx_word' id='word_1_124' title='bbox 751 1613 830 1665; x_wconf 84' lang='lat' dir='ltr'><strong>Ac</strong></span> <span class='ocrx_word' id='word_1_125' title='bbox 881 1611 1045 1665; x_wconf 92' lang='lat' dir='ltr'><strong>David</strong></span> <span class='ocrx_word' id='word_1_126' title='bbox 1111 1611 1164 1664; x_wconf 93' lang='lat' dir='ltr'><strong>in</strong></span> <span class='ocrx_word' id='word_1_127' title='bbox 1227 1625 1353 1664; x_wconf 70' lang='lat' dir='ltr'><strong>Iuv</strong></span> <span class='ocrx_word' id='word_1_128' title='bbox 1408 1608 1612 1679; x_wconf 83' lang='lat' dir='ltr'><strong>psalmo</strong></span> <span class='ocrx_word' id='word_1_129' title='bbox 1667 1625 1681 1662; x_wconf 88' lang='lat'><strong>:</strong></span> <span class='ocrx_word' id='word_1_130' title='bbox 1741 1607 1976 1662; x_wconf 83' lang='lat' dir='ltr'><strong>Thronus</strong></span> <span class='ocrx_word' id='word_1_131' title='bbox 2036 1608 2147 1678; x_wconf 79' lang='grc'><strong>(45)</strong></span> 
     </span>
    </p>
   </div>
   <div class='ocr_carea' id='block_1_19' title="bbox 575 1698 2146 1767">
    <p class='ocr_par' dir='ltr' id='par_1_19' title="bbox 575 1698 2146 1767">
     <span class='ocr_line' id='line_1_19' title="bbox 575 1698 2146 1767; baseline -0.003 -13"><span class='ocrx_word' id='word_1_132' title='bbox 575 1717 735 1767; x_wconf 87' lang='lat' dir='ltr'><strong>tuus,</strong></span> <span class='ocrx_word' id='word_1_133' title='bbox 795 1701 971 1766; x_wconf 88' lang='lat' dir='ltr'><strong>Deus,</strong></span> <span class='ocrx_word' id='word_1_134' title='bbox 1017 1703 1072 1754; x_wconf 88' lang='lat' dir='ltr'><strong>in</strong></span> <span class='ocrx_word' id='word_1_135' title='bbox 1140 1699 1388 1755; x_wconf 67' lang='lat' dir='ltr'><strong>sarculum</strong></span> <span class='ocrx_word' id='word_1_136' title='bbox 1451 1698 1670 1762; x_wconf 79' lang='lat' dir='ltr'><strong>sa&#39;culi;</strong></span> <span class='ocrx_word' id='word_1_137' title='bbox 1739 1700 1884 1767; x_wconf 78' lang='lat' dir='ltr'><strong>virga</strong></span> <span class='ocrx_word' id='word_1_138' title='bbox 1933 1700 2146 1753; x_wconf 85' lang='lat' dir='ltr'><strong>rectitu-</strong></span> 
     </span>
    </p>
   </div>
   <div class='ocr_carea' id='block_1_20' title="bbox 2253 509 3831 586">
    <p class='ocr_par' dir='ltr' id='par_1_20' title="bbox 2253 509 3831 586">
     <span class='ocr_line' id='line_1_20' title="bbox 2253 509 3831 586; baseline -0.003 -16"><span class='ocrx_word' id='word_1_139' title='bbox 2253 517 2398 586; x_wconf 77' lang='grc' dir='ltr'><strong>λέγει</strong></span> <span class='ocrx_word' id='word_1_140' title='bbox 2439 516 2536 586; x_wconf 77' lang='grc' dir='ltr'><strong>τὴν</strong></span> <span class='ocrx_word' id='word_1_141' title='bbox 2593 514 2729 580; x_wconf 71' lang='grc' dir='ltr'><strong>μετὰ</strong></span> <span class='ocrx_word' id='word_1_142' title='bbox 2780 513 2877 585; x_wconf 79' lang='grc' dir='ltr'><strong>τὴν</strong></span> <span class='ocrx_word' id='word_1_143' title='bbox 2931 515 3247 567; x_wconf 74' lang='grc' dir='ltr'><strong>ἀνάστασιν.</strong></span> <span class='ocrx_word' id='word_1_144' title='bbox 3293 513 3431 566; x_wconf 82' lang='grc' dir='ltr'><strong>Πότε</strong></span> <span class='ocrx_word' id='word_1_145' title='bbox 3477 509 3572 567; x_wconf 76' lang='grc' dir='ltr'><strong>οὖν</strong></span> <span class='ocrx_word' id='word_1_146' title='bbox 3619 513 3831 579; x_wconf 74' lang='grc' dir='ltr'><strong>λοιπὸν,</strong></span> 
     </span>
    </p>
   </div>
   <div class='ocr_carea' id='block_1_21' title="bbox 2253 605 3833 678">
    <p class='ocr_par' dir='ltr' id='par_1_21' title="bbox 2253 605 3833 678">
     <span class='ocr_line' id='line_1_21' title="bbox 2253 605 3833 678; baseline -0.003 -16"><span class='ocrx_word' id='word_1_147' title='bbox 2253 609 2373 662; x_wconf 84' lang='grc' dir='ltr'><strong>κατ’</strong></span> <span class='ocrx_word' id='word_1_148' title='bbox 2418 608 2690 670; x_wconf 80' lang='grc' dir='ltr'><strong>ἐκείνους,</strong></span> <span class='ocrx_word' id='word_1_149' title='bbox 2745 605 3074 676; x_wconf 79' lang='grc' dir='ltr'><strong>παραδίδωσι</strong></span> <span class='ocrx_word' id='word_1_150' title='bbox 3105 606 3202 676; x_wconf 81' lang='grc' dir='ltr'><strong>τὴν</strong></span> <span class='ocrx_word' id='word_1_151' title='bbox 3234 605 3548 675; x_wconf 73' lang='grc' dir='ltr'><strong>βασιλείανς</strong></span> <span class='ocrx_word' id='word_1_152' title='bbox 3596 607 3734 678; x_wconf 70' lang='grc' dir='ltr'><strong>Πρὸς</strong></span> <span class='ocrx_word' id='word_1_153' title='bbox 3767 608 3833 659; x_wconf 81' lang='grc' dir='ltr'>δὲ</span> 
     </span>
    </p>
   </div>
   <div class='ocr_carea' id='block_1_22' title="bbox 2253 699 3828 772">
    <p class='ocr_par' dir='ltr' id='par_1_22' title="bbox 2253 699 3828 772">
     <span class='ocr_line' id='line_1_22' title="bbox 2253 699 3828 772; baseline -0.001 -17"><span class='ocrx_word' id='word_1_154' title='bbox 2253 701 2512 772; x_wconf 78' lang='grc' dir='ltr'><strong>Τιμόθεον</strong></span> <span class='ocrx_word' id='word_1_155' title='bbox 2535 702 2592 753; x_wconf 80' lang='grc' dir='ltr'><strong>ἐν</strong></span> <span class='ocrx_word' id='word_1_156' title='bbox 2634 703 2698 770; x_wconf 80' lang='grc' dir='ltr'><strong>τῇ</strong></span> <span class='ocrx_word' id='word_1_157' title='bbox 2727 699 2953 771; x_wconf 74' lang='grc' dir='ltr'><strong>δευτέρᾳ</strong></span> <span class='ocrx_word' id='word_1_158' title='bbox 2998 699 3317 769; x_wconf 80' lang='grc' dir='ltr'><strong>Ἐπιστολῆ’</strong></span> <span class='ocrx_word' id='word_1_159' title='bbox 3358 701 3828 769; x_wconf 75' lang='grc' dir='ltr'><strong>Διαμαρτύρομαι</strong></span> 
     </span>
    </p>
   </div>
   <div class='ocr_carea' id='block_1_23' title="bbox 2251 790 3839 860">
    <p class='ocr_par' dir='ltr' id='par_1_23' title="bbox 2251 790 3839 860">
     <span class='ocr_line' id='line_1_23' title="bbox 2251 790 3839 860; baseline -0.001 -15"><span class='ocrx_word' id='word_1_160' title='bbox 2251 791 2506 845; x_wconf 76' lang='grc' dir='ltr'><strong>ἐνώπιον</strong></span> <span class='ocrx_word' id='word_1_161' title='bbox 2530 791 2635 844; x_wconf 86' lang='grc' dir='ltr'><strong>τοῦ</strong></span> <span class='ocrx_word' id='word_1_162' title='bbox 2681 791 2830 844; x_wconf 84' lang='grc' dir='ltr'><strong>Θεοῦ</strong></span> <span class='ocrx_word' id='word_1_163' title='bbox 2865 790 2962 843; x_wconf 78' lang='grc' dir='ltr'><strong>καὶ</strong></span> <span class='ocrx_word' id='word_1_164' title='bbox 2994 791 3254 858; x_wconf 83' lang='grc' dir='ltr'><strong>Χριστοῦ</strong></span> <span class='ocrx_word' id='word_1_165' title='bbox 3317 791 3518 856; x_wconf 84' lang='grc' dir='ltr'><strong>Ἰησοῦ</strong></span> <span class='ocrx_word' id='word_1_166' title='bbox 3561 791 3662 844; x_wconf 85' lang='grc' dir='ltr'><strong>τοῦ</strong></span> <span class='ocrx_word' id='word_1_167' title='bbox 3687 791 3839 860; x_wconf 69' lang='grc' dir='ltr'><strong>μέλ-</strong></span> 
     </span>
    </p>
   </div>
   <div class='ocr_carea' id='block_1_24' title="bbox 2250 878 3837 958">
    <p class='ocr_par' dir='ltr' id='par_1_24' title="bbox 2250 878 3837 958">
     <span class='ocr_line' id='line_1_24' title="bbox 2250 878 3837 958; baseline -0.001 -22"><span class='ocrx_word' id='word_1_168' title='bbox 2250 887 2468 948; x_wconf 71' lang='grc' dir='ltr'><em>λοντος</em></span> <span class='ocrx_word' id='word_1_169' title='bbox 2520 882 2745 951; x_wconf 77' lang='grc' dir='ltr'><strong>κρίνειν</strong></span> <span class='ocrx_word' id='word_1_170' title='bbox 2795 878 3013 946; x_wconf 78' lang='grc' dir='ltr'><strong>ζῶντας</strong></span> <span class='ocrx_word' id='word_1_171' title='bbox 3069 881 3166 934; x_wconf 80' lang='grc' dir='ltr'><strong>καὶ</strong></span> <span class='ocrx_word' id='word_1_172' title='bbox 3216 885 3500 950; x_wconf 73' lang='grc' dir='ltr'><strong>νεκρούς·</strong></span> <span class='ocrx_word' id='word_1_173' title='bbox 3551 883 3649 934; x_wconf 76' lang='grc' dir='ltr'><strong>καὶ</strong></span> <span class='ocrx_word' id='word_1_174' title='bbox 3711 884 3837 958; x_wconf 63' lang='grc' dir='ltr'><strong>τὴν</strong></span> 
     </span>
    </p>
   </div>
   <div class='ocr_carea' id='block_1_25' title="bbox 2249 973 3834 1045">
    <p class='ocr_par' dir='ltr' id='par_1_25' title="bbox 2249 973 3834 1045">
     <span class='ocr_line' id='line_1_25' title="bbox 2249 973 3834 1045; baseline -0.004 -16"><span class='ocrx_word' id='word_1_175' title='bbox 2249 975 2600 1045; x_wconf 63' lang='grc' dir='ltr'><strong>ἐπιφάνειαν</strong></span> <span class='ocrx_word' id='word_1_176' title='bbox 2629 974 2835 1036; x_wconf 84' lang='grc' dir='ltr'><strong>αὑτοῦ,</strong></span> <span class='ocrx_word' id='word_1_177' title='bbox 2853 974 2950 1026; x_wconf 80' lang='grc' dir='ltr'><strong>καὶ</strong></span> <span class='ocrx_word' id='word_1_178' title='bbox 2980 973 3094 1040; x_wconf 76' lang='grc' dir='ltr'><strong>τὴν</strong></span> <span class='ocrx_word' id='word_1_179' title='bbox 3123 974 3452 1037; x_wconf 78' lang='grc' dir='ltr'><strong>,ϐασιλείαν</strong></span> <span class='ocrx_word' id='word_1_180' title='bbox 3481 974 3687 1036; x_wconf 81' lang='grc' dir='ltr'><strong>αὑτοῦ,</strong></span> <span class='ocrx_word' id='word_1_181' title='bbox 3717 974 3834 1037; x_wconf 70' lang='grc' dir='ltr'><strong>κή-</strong></span> 
     </span>
    </p>
   </div>
   <div class='ocr_carea' id='block_1_26' title="bbox 2242 1063 3836 1135">
    <p class='ocr_par' dir='ltr' id='par_1_26' title="bbox 2242 1063 3836 1135">
     <span class='ocr_line' id='line_1_26' title="bbox 2242 1063 3836 1135; baseline -0.006 -14"><span class='ocrx_word' id='word_1_182' title='bbox 2242 1068 2436 1135; x_wconf 81' lang='grc' dir='ltr'>ρυξον</span> <span class='ocrx_word' id='word_1_183' title='bbox 2460 1066 2566 1120; x_wconf 85' lang='grc' dir='ltr'><strong>τὸν</strong></span> <span class='ocrx_word' id='word_1_184' title='bbox 2591 1066 2803 1134; x_wconf 77' lang='grc' dir='ltr'><strong>Λόγον.</strong></span> <span class='ocrx_word' id='word_1_185' title='bbox 2840 1065 3016 1133; x_wconf 77' lang='grc' dir='ltr'><strong>Σαφὲς</strong></span> <span class='ocrx_word' id='word_1_186' title='bbox 3044 1064 3121 1124; x_wconf 82' lang='grc' dir='ltr'><strong>δὲ,</strong></span> <span class='ocrx_word' id='word_1_187' title='bbox 3151 1065 3231 1116; x_wconf 82' lang='grc' dir='ltr'><strong>ὅτι</strong></span> <span class='ocrx_word' id='word_1_188' title='bbox 3265 1063 3537 1134; x_wconf 80' lang='grc' dir='ltr'><strong>βασιλείαν</strong></span> <span class='ocrx_word' id='word_1_189' title='bbox 3567 1064 3732 1131; x_wconf 81' lang='grc' dir='ltr'><strong>λέγει,</strong></span> <span class='ocrx_word' id='word_1_190' title='bbox 3761 1065 3836 1133; x_wconf 77' lang='grc' dir='ltr'><strong>ἣν</strong></span> 
     </span>
    </p>
   </div>
   <div class='ocr_carea' id='block_1_27' title="bbox 2250 1154 3835 1227">
    <p class='ocr_par' dir='ltr' id='par_1_27' title="bbox 2250 1154 3835 1227">
     <span class='ocr_line' id='line_1_27' title="bbox 2250 1154 3835 1227; baseline -0.004 -16"><span class='ocrx_word' id='word_1_191' title='bbox 2250 1158 2362 1227; x_wconf 78' lang='grc' dir='ltr'><strong>ἔχει</strong></span> <span class='ocrx_word' id='word_1_192' title='bbox 2388 1157 2707 1227; x_wconf 81' lang='grc' dir='ltr'><strong>ἀδιαίρετον,</strong></span> <span class='ocrx_word' id='word_1_193' title='bbox 2736 1155 2827 1208; x_wconf 77' lang='grc' dir='ltr'><strong>καὶ</strong></span> <span class='ocrx_word' id='word_1_194' title='bbox 2862 1155 3136 1224; x_wconf 72' lang='grc' dir='ltr'><strong>ἀδιάδοχον</strong></span> <span class='ocrx_word' id='word_1_195' title='bbox 3182 1154 3318 1226; x_wconf 75' lang='grc' dir='ltr'><strong>μετὰ</strong></span> <span class='ocrx_word' id='word_1_196' title='bbox 3346 1155 3438 1207; x_wconf 77' lang='grc' dir='ltr'><strong>τοῦ</strong></span> <span class='ocrx_word' id='word_1_197' title='bbox 3472 1155 3702 1225; x_wconf 80' lang='grc' dir='ltr'><strong>Πατρὸς,</strong></span> <span class='ocrx_word' id='word_1_198' title='bbox 3732 1156 3835 1206; x_wconf 72' lang='grc' dir='ltr'><strong>καὶ</strong></span> 
     </span>
    </p>
   </div>
   <div class='ocr_carea' id='block_1_28' title="bbox 2249 1247 3833 1318">
    <p class='ocr_par' dir='ltr' id='par_1_28' title="bbox 2249 1247 3833 1318">
     <span class='ocr_line' id='line_1_28' title="bbox 2249 1247 3833 1318; baseline -0.003 -15"><span class='ocrx_word' id='word_1_199' title='bbox 2249 1251 2341 1304; x_wconf 82' lang='grc' dir='ltr'><strong>τοῦ</strong></span> <span class='ocrx_word' id='word_1_200' title='bbox 2368 1250 2522 1318; x_wconf 83' lang='grc' dir='ltr'>ἁγίου</span> <span class='ocrx_word' id='word_1_201' title='bbox 2560 1249 2908 1318; x_wconf 80' lang='grc' dir='ltr'><strong>Πνεύματος,</strong></span> <span class='ocrx_word' id='word_1_202' title='bbox 2944 1249 3035 1300; x_wconf 79' lang='grc' dir='ltr'><strong>νῦν</strong></span> <span class='ocrx_word' id='word_1_203' title='bbox 3081 1265 3140 1300; x_wconf 87' lang='grc' dir='ltr'><strong>τε</strong></span> <span class='ocrx_word' id='word_1_204' title='bbox 3191 1248 3284 1300; x_wconf 78' lang='grc' dir='ltr'><strong>καὶ</strong></span> <span class='ocrx_word' id='word_1_205' title='bbox 3311 1249 3391 1310; x_wconf 74' lang='grc' dir='ltr'><strong>εἰς</strong></span> <span class='ocrx_word' id='word_1_206' title='bbox 3420 1248 3510 1299; x_wconf 85' lang='grc' dir='ltr'><strong>τὸν</strong></span> <span class='ocrx_word' id='word_1_207' title='bbox 3563 1247 3833 1316; x_wconf 78' lang='grc' dir='ltr'><strong>μέλλοντα</strong></span> 
     </span>
    </p>
   </div>
   <div class='ocr_carea' id='block_1_29' title="bbox 2249 1338 3836 1411">
    <p class='ocr_par' dir='ltr' id='par_1_29' title="bbox 2249 1338 3836 1411">
     <span class='ocr_line' id='line_1_29' title="bbox 2249 1338 3836 1411; baseline -0.002 -19"><span class='ocrx_word' id='word_1_208' title='bbox 2249 1339 2442 1393; x_wconf 82' lang='grc' dir='ltr'><strong>αἰῶνα.</strong></span> <span class='ocrx_word' id='word_1_209' title='bbox 2493 1341 2635 1411; x_wconf 77' lang='grc' dir='ltr'><strong>Πρὸς</strong></span> <span class='ocrx_word' id='word_1_210' title='bbox 2686 1340 2742 1392; x_wconf 86' lang='grc' dir='ltr'>δὲ</span> <span class='ocrx_word' id='word_1_211' title='bbox 2804 1339 3120 1407; x_wconf 72' lang='grc' dir='ltr'><strong>Ἐϐραίους·</strong></span> <span class='ocrx_word' id='word_1_212' title='bbox 3177 1339 3286 1392; x_wconf 77' lang='grc' dir='ltr'><strong>Καὶ</strong></span> <span class='ocrx_word' id='word_1_213' title='bbox 3338 1338 3486 1404; x_wconf 77' lang='grc' dir='ltr'><em>πρὸς</em></span> <span class='ocrx_word' id='word_1_214' title='bbox 3529 1339 3646 1406; x_wconf 80' lang='grc' dir='ltr'><strong>μὲν</strong></span> <span class='ocrx_word' id='word_1_215' title='bbox 3683 1339 3836 1402; x_wconf 62' lang='grc' dir='ltr'><em>τοὺς</em></span> 
     </span>
    </p>
   </div>
   <div class='ocr_carea' id='block_1_30' title="bbox 2248 1429 3834 1500">
    <p class='ocr_par' dir='ltr' id='par_1_30' title="bbox 2248 1429 3834 1500">
     <span class='ocr_line' id='line_1_30' title="bbox 2248 1429 3834 1500; baseline -0.002 -16"><span class='ocrx_word' id='word_1_216' title='bbox 2248 1430 2541 1500; x_wconf 70' lang='grc' dir='ltr'><strong>ἀγγέλους</strong></span> <span class='ocrx_word' id='word_1_217' title='bbox 2585 1431 2766 1500; x_wconf 72' lang='grc' dir='ltr'><strong>λέγει·</strong></span> <span class='ocrx_word' id='word_1_218' title='bbox 2817 1431 2877 1483; x_wconf 86' lang='lat'><strong>&#39;0</strong></span> <span class='ocrx_word' id='word_1_219' title='bbox 2922 1429 3108 1482; x_wconf 76' lang='grc' dir='ltr'><em>ποιῶν</em></span> <span class='ocrx_word' id='word_1_220' title='bbox 3149 1430 3290 1494; x_wconf 73' lang='grc' dir='ltr'><em>τοὺς</em></span> <span class='ocrx_word' id='word_1_221' title='bbox 3321 1431 3612 1498; x_wconf 68' lang='grc' dir='ltr'><strong>ἀγγέλους</strong></span> <span class='ocrx_word' id='word_1_222' title='bbox 3638 1431 3834 1482; x_wconf 70' lang='grc' dir='ltr'><strong>αὑτοῦ</strong></span> 
     </span>
    </p>
   </div>
   <div class='ocr_carea' id='block_1_31' title="bbox 2249 1522 3834 1592">
    <p class='ocr_par' dir='ltr' id='par_1_31' title="bbox 2249 1522 3834 1592">
     <span class='ocr_line' id='line_1_31' title="bbox 2249 1522 3834 1592; baseline -0.001 -17"><span class='ocrx_word' id='word_1_223' title='bbox 2249 1525 2574 1592; x_wconf 75' lang='grc' dir='ltr'><strong>πνεύματα,</strong></span> <span class='ocrx_word' id='word_1_224' title='bbox 2619 1525 2714 1576; x_wconf 77' lang='grc' dir='ltr'><strong>καὶ</strong></span> <span class='ocrx_word' id='word_1_225' title='bbox 2764 1525 2904 1589; x_wconf 80' lang='grc' dir='ltr'><em>τοὺς</em></span> <span class='ocrx_word' id='word_1_226' title='bbox 2952 1523 3337 1591; x_wconf 72' lang='grc' dir='ltr'><strong>λειτουργοὺς</strong></span> <span class='ocrx_word' id='word_1_227' title='bbox 3383 1522 3570 1575; x_wconf 80' lang='grc' dir='ltr'><em>αὑτοῦ</em></span> <span class='ocrx_word' id='word_1_228' title='bbox 3637 1527 3834 1590; x_wconf 57' lang='lat' dir='ltr'><strong>:tva-c</strong></span> 
     </span>
    </p>
   </div>
   <div class='ocr_carea' id='block_1_32' title="bbox 2248 1611 3831 1679">
    <p class='ocr_par' dir='ltr' id='par_1_32' title="bbox 2248 1611 3831 1679">
     <span class='ocr_line' id='line_1_32' title="bbox 2248 1611 3831 1679; baseline 0.001 -17"><span class='ocrx_word' id='word_1_229' title='bbox 2248 1613 2444 1679; x_wconf 70' lang='grc' dir='ltr'><em>φλόγα</em></span> <span class='ocrx_word' id='word_1_230' title='bbox 2463 1626 2476 1638; x_wconf 88' lang='grc'><strong>·</strong></span> <span class='ocrx_word' id='word_1_231' title='bbox 2517 1611 2662 1677; x_wconf 69' lang='grc' dir='ltr'><em>πρὸς</em></span> <span class='ocrx_word' id='word_1_232' title='bbox 2685 1611 2750 1663; x_wconf 86' lang='grc' dir='ltr'><em>δέ</em></span> <span class='ocrx_word' id='word_1_233' title='bbox 2778 1612 2885 1664; x_wconf 71' lang='grc' dir='ltr'><strong>τὸν</strong></span> <span class='ocrx_word' id='word_1_234' title='bbox 2934 1611 3077 1664; x_wconf 73' lang='grc' dir='ltr'><em>Υἰὸν·</em></span> <span class='ocrx_word' id='word_1_235' title='bbox 3105 1611 3167 1663; x_wconf 89' lang='lat'><strong>&#39;0</strong></span> <span class='ocrx_word' id='word_1_236' title='bbox 3199 1613 3409 1678; x_wconf 77' lang='grc' dir='ltr'><em>θρόνος</em></span> <span class='ocrx_word' id='word_1_237' title='bbox 3435 1628 3571 1675; x_wconf 86' lang='grc' dir='ltr'><strong>σου,</strong></span> <span class='ocrx_word' id='word_1_238' title='bbox 3604 1615 3635 1665; x_wconf 87' lang='grc' dir='ltr'><em>ὁ</em></span> <span class='ocrx_word' id='word_1_239' title='bbox 3655 1613 3831 1677; x_wconf 75' lang='grc' dir='ltr'><strong>Θεὸς,</strong></span> 
     </span>
    </p>
   </div>
   <div class='ocr_carea' id='block_1_33' title="bbox 2247 1702 3831 1775">
    <p class='ocr_par' dir='ltr' id='par_1_33' title="bbox 2247 1702 3831 1775">
     <span class='ocr_line' id='line_1_33' title="bbox 2247 1702 3831 1775; baseline 0.002 -21"><span class='ocrx_word' id='word_1_240' title='bbox 2247 1703 2334 1766; x_wconf 83' lang='grc' dir='ltr'><em>εὶς</em></span> <span class='ocrx_word' id='word_1_241' title='bbox 2362 1702 2469 1756; x_wconf 81' lang='grc' dir='ltr'><strong>τὸν</strong></span> <span class='ocrx_word' id='word_1_242' title='bbox 2494 1703 2676 1756; x_wconf 72' lang='grc' dir='ltr'><strong>αἰῶ-να</strong></span> <span class='ocrx_word' id='word_1_243' title='bbox 2703 1703 2805 1757; x_wconf 87' lang='grc' dir='ltr'><strong>τοῦ</strong></span> <span class='ocrx_word' id='word_1_244' title='bbox 2833 1703 3073 1769; x_wconf 80' lang='grc' dir='ltr'><strong>αἰῶνος·</strong></span> <span class='ocrx_word' id='word_1_245' title='bbox 3106 1703 3266 1756; x_wconf 80' lang='grc' dir='ltr'>Δάυῖδ</span> <span class='ocrx_word' id='word_1_246' title='bbox 3292 1703 3348 1756; x_wconf 84' lang='grc' dir='ltr'>δὲ</span> <span class='ocrx_word' id='word_1_247' title='bbox 3375 1705 3432 1755; x_wconf 83' lang='grc' dir='ltr'><strong>ὲν</strong></span> <span class='ocrx_word' id='word_1_248' title='bbox 3471 1703 3548 1774; x_wconf 72' lang='grc' dir='ltr'><strong>μδ*</strong></span> <span class='ocrx_word' id='word_1_249' title='bbox 3589 1704 3791 1775; x_wconf 68' lang='grc' dir='ltr'><strong>ψαλμῷ</strong></span> <span class='ocrx_word' id='word_1_250' title='bbox 3811 1720 3831 1736; x_wconf 75' lang='grc' dir='ltr'><strong><em>ο</em></strong></span> 
     </span>
    </p>
   </div>
   <div class='ocr_carea' id='block_1_34' title="bbox 574 1787 2143 1868">
    <p class='ocr_par' dir='ltr' id='par_1_34' title="bbox 574 1791 2143 1862">
     <span class='ocr_line' id='line_1_34' title="bbox 574 1791 2143 1862; baseline -0.003 -15"><span class='ocrx_word' id='word_1_251' title='bbox 574 1797 713 1848; x_wconf 87' lang='lat' dir='ltr'><strong>dinis</strong></span> <span class='ocrx_word' id='word_1_252' title='bbox 757 1795 899 1862; x_wconf 77' lang='lat' dir='ltr'><strong>virga</strong></span> <span class='ocrx_word' id='word_1_253' title='bbox 940 1796 1085 1862; x_wconf 85' lang='lat' dir='ltr'><strong>regni</strong></span> <span class='ocrx_word' id='word_1_254' title='bbox 1131 1795 1206 1846; x_wconf 89' lang='lat' dir='ltr'><strong>tui</strong></span> <span class='ocrx_word' id='word_1_255' title='bbox 1245 1809 1262 1846; x_wconf 91' lang='lat'><strong><em>:</em></strong></span> <span class='ocrx_word' id='word_1_256' title='bbox 1302 1791 1535 1845; x_wconf 71' lang='lat' dir='ltr'><strong>dilexisti</strong></span> <span class='ocrx_word' id='word_1_257' title='bbox 1559 1791 1850 1859; x_wconf 80' lang='lat' dir='ltr'><strong>justitiam,</strong></span> <span class='ocrx_word' id='word_1_258' title='bbox 1903 1801 1950 1844; x_wconf 92' lang='lat' dir='ltr'><strong>et</strong></span> <span class='ocrx_word' id='word_1_259' title='bbox 1991 1792 2143 1844; x_wconf 85' lang='lat' dir='ltr'><strong>odisti</strong></span> 
     </span>
    </p>
   </div>
   <div class='ocr_carea' id='block_1_35' title="bbox 2245 1787 3835 1868">
    <p class='ocr_par' dir='ltr' id='par_1_35' title="bbox 2254 1795 3835 1868">
     <span class='ocr_line' id='line_1_35' title="bbox 2254 1795 3835 1868; baseline 0 -19"><span class='ocrx_word' id='word_1_260' title='bbox 2254 1795 2339 1866; x_wconf 76' lang='grc'><strong>[41</strong></span> <span class='ocrx_word' id='word_1_261' title='bbox 2391 1795 2448 1868; x_wconf 85' lang='lat' dir='ltr'><strong>a]</strong></span> <span class='ocrx_word' id='word_1_262' title='bbox 2487 1798 2547 1850; x_wconf 81' lang='grc' dir='ltr'><strong>Ὀ</strong></span> <span class='ocrx_word' id='word_1_263' title='bbox 2575 1799 2784 1865; x_wconf 80' lang='grc' dir='ltr'>θρόνος</span> <span class='ocrx_word' id='word_1_264' title='bbox 2808 1811 2943 1861; x_wconf 84' lang='grc' dir='ltr'><strong>σου,</strong></span> <span class='ocrx_word' id='word_1_265' title='bbox 2972 1799 3003 1849; x_wconf 86' lang='grc' dir='ltr'><em>ό</em></span> <span class='ocrx_word' id='word_1_266' title='bbox 3032 1795 3196 1861; x_wconf 76' lang='grc' dir='ltr'><em>Θεὸς,</em></span> <span class='ocrx_word' id='word_1_267' title='bbox 3237 1796 3317 1861; x_wconf 69' lang='grc' dir='ltr'><strong>εἷς</strong></span> <span class='ocrx_word' id='word_1_268' title='bbox 3360 1795 3466 1848; x_wconf 73' lang='grc' dir='ltr'><strong>τὸν</strong></span> <span class='ocrx_word' id='word_1_269' title='bbox 3504 1795 3683 1848; x_wconf 56' lang='lat' dir='ltr'><strong>alibi-(1</strong></span> <span class='ocrx_word' id='word_1_270' title='bbox 3717 1795 3835 1850; x_wconf 79' lang='grc' dir='ltr'><strong>τοῦ</strong></span> 
     </span>
    </p>
   </div>
   <div class='ocr_carea' id='block_1_36' title="bbox 573 1882 2153 1955">
    <p class='ocr_par' dir='ltr' id='par_1_36' title="bbox 573 1882 2153 1955">
     <span class='ocr_line' id='line_1_36' title="bbox 573 1882 2153 1955; baseline -0.002 -16"><span class='ocrx_word' id='word_1_271' title='bbox 573 1887 928 1955; x_wconf 86' lang='lat' dir='ltr'><strong>injustitiam:</strong></span> <span class='ocrx_word' id='word_1_272' title='bbox 961 1896 1229 1954; x_wconf 83' lang='lat' dir='ltr'><strong>propterea</strong></span> <span class='ocrx_word' id='word_1_273' title='bbox 1268 1885 1416 1938; x_wconf 75' lang='lat' dir='ltr'><strong>unxit</strong></span> <span class='ocrx_word' id='word_1_274' title='bbox 1472 1894 1540 1946; x_wconf 88' lang='lat' dir='ltr'><strong>te,</strong></span> <span class='ocrx_word' id='word_1_275' title='bbox 1581 1898 1611 1936; x_wconf 88' lang='grc' dir='ltr'><em>ο</em></span> <span class='ocrx_word' id='word_1_276' title='bbox 1654 1883 1812 1947; x_wconf 90' lang='lat' dir='ltr'><strong>Deus,</strong></span> <span class='ocrx_word' id='word_1_277' title='bbox 1851 1882 1985 1935; x_wconf 88' lang='lat' dir='ltr'><strong>Deus</strong></span> <span class='ocrx_word' id='word_1_278' title='bbox 2033 1893 2153 1936; x_wconf 85' lang='lat' dir='ltr'><strong>tuus</strong></span> 
     </span>
    </p>
   </div>
   <div class='ocr_carea' id='block_1_37' title="bbox 573 1972 2150 2042">
    <p class='ocr_par' dir='ltr' id='par_1_37' title="bbox 573 1972 2150 2042">
     <span class='ocr_line' id='line_1_37' title="bbox 573 1972 2150 2042; baseline -0.003 -13"><span class='ocrx_word' id='word_1_279' title='bbox 573 1978 686 2029; x_wconf 85' lang='lat' dir='ltr'><strong>oleo</strong></span> <span class='ocrx_word' id='word_1_280' title='bbox 725 1977 926 2037; x_wconf 72' lang='lat' dir='ltr'><strong>lwtitja:</strong></span> <span class='ocrx_word' id='word_1_281' title='bbox 985 1991 1093 2042; x_wconf 80' lang='lat' dir='ltr'><strong>pra:</strong></span> <span class='ocrx_word' id='word_1_282' title='bbox 1133 1974 1492 2042; x_wconf 81' lang='lat' dir='ltr'><strong>participibus,</strong></span> <span class='ocrx_word' id='word_1_283' title='bbox 1529 1987 1622 2027; x_wconf 81' lang='lat' dir='ltr'><strong>seu</strong></span> <span class='ocrx_word' id='word_1_284' title='bbox 1657 1972 1979 2026; x_wconf 84' lang='lat' dir='ltr'><strong>consortibus</strong></span> <span class='ocrx_word' id='word_1_285' title='bbox 2027 1975 2150 2027; x_wconf 84' lang='lat' dir='ltr'><strong>tuis.</strong></span> 
     </span>
    </p>
   </div>
   <div class='ocr_carea' id='block_1_38' title="bbox 574 2064 2152 2133">
    <p class='ocr_par' dir='ltr' id='par_1_38' title="bbox 574 2064 2152 2133">
     <span class='ocr_line' id='line_1_38' title="bbox 574 2064 2152 2133; baseline -0.004 -10"><span class='ocrx_word' id='word_1_286' title='bbox 574 2066 834 2133; x_wconf 87' lang='lat' dir='ltr'><strong>Observa,</strong></span> <span class='ocrx_word' id='word_1_287' title='bbox 866 2067 951 2120; x_wconf 88' lang='lat' dir='ltr'><strong>hic</strong></span> <span class='ocrx_word' id='word_1_288' title='bbox 988 2079 1177 2119; x_wconf 85' lang='lat' dir='ltr'><strong>rursus</strong></span> <span class='ocrx_word' id='word_1_289' title='bbox 1211 2080 1430 2133; x_wconf 83' lang='lat' dir='ltr'><strong>regnum</strong></span> <span class='ocrx_word' id='word_1_290' title='bbox 1469 2065 1587 2132; x_wconf 86' lang='lat' dir='ltr'><strong>ejus</strong></span> <span class='ocrx_word' id='word_1_291' title='bbox 1620 2064 1884 2118; x_wconf 79' lang='lat' dir='ltr'><strong>inﬁnitum</strong></span> <span class='ocrx_word' id='word_1_292' title='bbox 1920 2065 2052 2126; x_wconf 91' lang='lat' dir='ltr'><strong>dici,</strong></span> <span class='ocrx_word' id='word_1_293' title='bbox 2098 2074 2152 2118; x_wconf 91' lang='lat' dir='ltr'><strong>et</strong></span> 
     </span>
    </p>
   </div>
   <div class='ocr_carea' id='block_1_39' title="bbox 576 2149 2150 2221">
    <p class='ocr_par' dir='ltr' id='par_1_39' title="bbox 576 2149 2150 2221">
     <span class='ocr_line' id='line_1_39' title="bbox 576 2149 2150 2221; baseline -0.003 -13"><span class='ocrx_word' id='word_1_294' title='bbox 576 2155 826 2208; x_wconf 85' lang='lat' dir='ltr'><strong>deitatem</strong></span> <span class='ocrx_word' id='word_1_295' title='bbox 881 2153 1046 2221; x_wconf 82' lang='lat' dir='ltr'><strong>ipsius</strong></span> <span class='ocrx_word' id='word_1_296' title='bbox 1091 2152 1494 2220; x_wconf 87' lang='lat' dir='ltr'><strong>sempiternam.</strong></span> <span class='ocrx_word' id='word_1_297' title='bbox 1529 2149 1621 2204; x_wconf 92' lang='lat' dir='ltr'><strong>llla</strong></span> <span class='ocrx_word' id='word_1_298' title='bbox 1651 2166 1778 2206; x_wconf 91' lang='lat' dir='ltr'><strong>vero</strong></span> <span class='ocrx_word' id='word_1_299' title='bbox 1804 2151 1984 2209; x_wconf 85' lang='lat' dir='ltr'><strong>verba.</strong></span> <span class='ocrx_word' id='word_1_300' title='bbox 2015 2151 2150 2206; x_wconf 87' lang='lat' dir='ltr'><strong>Deus</strong></span> 
     </span>
    </p>
   </div>
   <div class='ocr_carea' id='block_1_40' title="bbox 575 2242 2147 2314">
    <p class='ocr_par' dir='ltr' id='par_1_40' title="bbox 575 2242 2147 2314">
     <span class='ocr_line' id='line_1_40' title="bbox 575 2242 2147 2314; baseline -0.003 -15"><span class='ocrx_word' id='word_1_301' title='bbox 575 2257 720 2309; x_wconf 87' lang='lat' dir='ltr'><strong>tuus,</strong></span> <span class='ocrx_word' id='word_1_302' title='bbox 749 2253 965 2314; x_wconf 89' lang='lat' dir='ltr'><strong>propter</strong></span> <span class='ocrx_word' id='word_1_303' title='bbox 997 2242 1321 2298; x_wconf 75' lang='lat' dir='ltr'><strong>ineﬂahilem</strong></span> <span class='ocrx_word' id='word_1_304' title='bbox 1351 2243 1467 2310; x_wconf 88' lang='lat' dir='ltr'><strong>ejus</strong></span> <span class='ocrx_word' id='word_1_305' title='bbox 1502 2243 1937 2296; x_wconf 76' lang='lat' dir='ltr'><strong>[incarnationem</strong></span> <span class='ocrx_word' id='word_1_306' title='bbox 1963 2243 2147 2296; x_wconf 81' lang='lat' dir='ltr'><strong>addita</strong></span> 
     </span>
    </p>
   </div>
   <div class='ocr_carea' id='block_1_41' title="bbox 573 2331 2147 2403">
    <p class='ocr_par' dir='ltr' id='par_1_41' title="bbox 573 2331 2147 2403">
     <span class='ocr_line' id='line_1_41' title="bbox 573 2331 2147 2403; baseline -0.004 -13"><span class='ocrx_word' id='word_1_307' title='bbox 573 2346 720 2390; x_wconf 86' lang='lat' dir='ltr'><strong>sunt.</strong></span> <span class='ocrx_word' id='word_1_308' title='bbox 747 2335 810 2388; x_wconf 84' lang='lat' dir='ltr'><strong>Et</strong></span> <span class='ocrx_word' id='word_1_309' title='bbox 840 2334 892 2388; x_wconf 90' lang='lat' dir='ltr'><strong>iu</strong></span> <span class='ocrx_word' id='word_1_310' title='bbox 915 2349 1072 2389; x_wconf 77' lang='lat' dir='ltr'><strong>cxuv</strong></span> <span class='ocrx_word' id='word_1_311' title='bbox 1089 2351 1102 2386; x_wconf 90' lang='lat'><strong>:</strong></span> <span class='ocrx_word' id='word_1_312' title='bbox 1118 2331 1351 2402; x_wconf 83' lang='lat' dir='ltr'><strong>Regnum</strong></span> <span class='ocrx_word' id='word_1_313' title='bbox 1374 2333 1488 2403; x_wconf 86' lang='grc'><strong>(44)</strong></span> <span class='ocrx_word' id='word_1_314' title='bbox 1510 2345 1659 2386; x_wconf 87' lang='lat' dir='ltr'><strong>tuum</strong></span> <span class='ocrx_word' id='word_1_315' title='bbox 1679 2349 1891 2401; x_wconf 85' lang='lat' dir='ltr'><strong>regnum</strong></span> <span class='ocrx_word' id='word_1_316' title='bbox 1914 2334 2147 2386; x_wconf 88' lang='lat' dir='ltr'><strong>omnium</strong></span> 
     </span>
    </p>
   </div>
   <div class='ocr_carea' id='block_1_42' title="bbox 573 2425 2146 2492">
    <p class='ocr_par' dir='ltr' id='par_1_42' title="bbox 573 2425 2146 2492">
     <span class='ocr_line' id='line_1_42' title="bbox 573 2425 2146 2492; baseline -0.003 -12"><span class='ocrx_word' id='word_1_317' title='bbox 573 2426 911 2488; x_wconf 63' lang='lat' dir='ltr'><strong>seculorum,</strong></span> <span class='ocrx_word' id='word_1_318' title='bbox 938 2436 985 2478; x_wconf 89' lang='lat' dir='ltr'><strong>et</strong></span> <span class='ocrx_word' id='word_1_319' title='bbox 1017 2425 1308 2478; x_wconf 86' lang='lat' dir='ltr'><strong>dominatio</strong></span> <span class='ocrx_word' id='word_1_320' title='bbox 1344 2434 1434 2478; x_wconf 88' lang='lat' dir='ltr'><strong>tua</strong></span> <span class='ocrx_word' id='word_1_321' title='bbox 1471 2427 1524 2476; x_wconf 92' lang='lat' dir='ltr'><strong>in</strong></span> <span class='ocrx_word' id='word_1_322' title='bbox 1564 2425 1705 2477; x_wconf 87' lang='lat' dir='ltr'><strong>omni</strong></span> <span class='ocrx_word' id='word_1_323' title='bbox 1748 2425 2078 2492; x_wconf 77' lang='lat' dir='ltr'><strong>generatione</strong></span> <span class='ocrx_word' id='word_1_324' title='bbox 2102 2433 2146 2475; x_wconf 89' lang='lat' dir='ltr'><strong>et</strong></span> 
     </span>
    </p>
   </div>
   <div class='ocr_carea' id='block_1_43' title="bbox 573 2515 2149 2590">
    <p class='ocr_par' dir='ltr' id='par_1_43' title="bbox 573 2515 2149 2590">
     <span class='ocr_line' id='line_1_43' title="bbox 573 2515 2149 2590; baseline -0.002 -18"><span class='ocrx_word' id='word_1_325' title='bbox 573 2520 921 2590; x_wconf 80' lang='lat' dir='ltr'><strong>generatione.</strong></span> <span class='ocrx_word' id='word_1_326' title='bbox 947 2518 1010 2572; x_wconf 85' lang='lat' dir='ltr'><strong>Et</strong></span> <span class='ocrx_word' id='word_1_327' title='bbox 1039 2519 1092 2571; x_wconf 92' lang='lat' dir='ltr'><strong>iu</strong></span> <span class='ocrx_word' id='word_1_328' title='bbox 1125 2534 1155 2570; x_wconf 65' lang='grc' dir='ltr'><strong><em>κ</em></strong></span> <span class='ocrx_word' id='word_1_329' title='bbox 1192 2518 1397 2585; x_wconf 87' lang='lat' dir='ltr'><strong>psalmo</strong></span> <span class='ocrx_word' id='word_1_330' title='bbox 1425 2535 1438 2571; x_wconf 88' lang='lat'><strong>:</strong></span> <span class='ocrx_word' id='word_1_331' title='bbox 1465 2515 1712 2587; x_wconf 81' lang='lat' dir='ltr'><strong>Regnabit</strong></span> <span class='ocrx_word' id='word_1_332' title='bbox 1742 2516 1854 2586; x_wconf 80' lang='grc'><strong>(45)</strong></span> <span class='ocrx_word' id='word_1_333' title='bbox 1898 2517 2149 2569; x_wconf 88' lang='lat' dir='ltr'><strong>Dominus</strong></span> 
     </span>
    </p>
   </div>
   <div class='ocr_carea' id='block_1_44' title="bbox 575 2610 2147 2680">
    <p class='ocr_par' dir='ltr' id='par_1_44' title="bbox 575 2610 2147 2680">
     <span class='ocr_line' id='line_1_44' title="bbox 575 2610 2147 2680; baseline -0.003 -14"><span class='ocrx_word' id='word_1_334' title='bbox 575 2615 632 2667; x_wconf 81' lang='lat' dir='ltr'><strong>in</strong></span> <span class='ocrx_word' id='word_1_335' title='bbox 661 2612 910 2668; x_wconf 66' lang='lat' dir='ltr'><strong>sa’culum</strong></span> <span class='ocrx_word' id='word_1_336' title='bbox 939 2612 1141 2667; x_wconf 79' lang='lat' dir='ltr'><strong>steculi.</strong></span> <span class='ocrx_word' id='word_1_337' title='bbox 1175 2611 1334 2665; x_wconf 86' lang='lat' dir='ltr'><strong>Petro</strong></span> <span class='ocrx_word' id='word_1_338' title='bbox 1386 2611 1498 2680; x_wconf 79' lang='grc'><strong>(40)</strong></span> <span class='ocrx_word' id='word_1_339' title='bbox 1530 2621 1707 2663; x_wconf 85' lang='lat' dir='ltr'><strong>autem</strong></span> <span class='ocrx_word' id='word_1_340' title='bbox 1750 2610 1919 2663; x_wconf 88' lang='lat' dir='ltr'><strong>Filius</strong></span> <span class='ocrx_word' id='word_1_341' title='bbox 1969 2610 2147 2662; x_wconf 82' lang='lat' dir='ltr'><strong>claves</strong></span> 
     </span>
    </p>
   </div>
   <div class='ocr_carea' id='block_1_45' title="bbox 575 2701 2149 2778">
    <p class='ocr_par' dir='ltr' id='par_1_45' title="bbox 575 2701 2149 2778">
     <span class='ocr_line' id='line_1_45' title="bbox 575 2701 2149 2778; baseline -0.006 -15"><span class='ocrx_word' id='word_1_342' title='bbox 575 2708 730 2778; x_wconf 93' lang='lat' dir='ltr'><strong>regni</strong></span> <span class='ocrx_word' id='word_1_343' title='bbox 767 2706 911 2761; x_wconf 87' lang='lat' dir='ltr'><strong>dedit</strong></span> <span class='ocrx_word' id='word_1_344' title='bbox 937 2703 1054 2775; x_wconf 77' lang='lat'><strong>96</strong></span> <span class='ocrx_word' id='word_1_345' title='bbox 1091 2714 1150 2758; x_wconf 89' lang='lat' dir='ltr'><strong>ut</strong></span> <span class='ocrx_word' id='word_1_346' title='bbox 1182 2703 1449 2758; x_wconf 89' lang='lat' dir='ltr'><strong>Dominus</strong></span> <span class='ocrx_word' id='word_1_347' title='bbox 1476 2707 1603 2773; x_wconf 80' lang='lat' dir='ltr'><strong>(non</strong></span> <span class='ocrx_word' id='word_1_348' title='bbox 1632 2703 1782 2771; x_wconf 84' lang='lat' dir='ltr'><strong>regni</strong></span> <span class='ocrx_word' id='word_1_349' title='bbox 1808 2701 2022 2771; x_wconf 81' lang='lat' dir='ltr'><strong>quidem</strong></span> <span class='ocrx_word' id='word_1_350' title='bbox 2049 2701 2149 2754; x_wconf 91' lang='lat' dir='ltr'><strong>hu-</strong></span> 
     </span>
    </p>
   </div>
   <div class='ocr_carea' id='block_1_46' title="bbox 572 2792 2142 2867">
    <p class='ocr_par' dir='ltr' id='par_1_46' title="bbox 572 2792 2142 2867">
     <span class='ocr_line' id='line_1_46' title="bbox 572 2792 2142 2867; baseline -0.003 -16"><span class='ocrx_word' id='word_1_351' title='bbox 572 2798 660 2867; x_wconf 85' lang='lat' dir='ltr'><strong>jus</strong></span> <span class='ocrx_word' id='word_1_352' title='bbox 693 2797 896 2862; x_wconf 68' lang='lat' dir='ltr'><strong>saeculi,</strong></span> <span class='ocrx_word' id='word_1_353' title='bbox 933 2799 1166 2851; x_wconf 89' lang='lat' dir='ltr'><strong>nondum</strong></span> <span class='ocrx_word' id='word_1_354' title='bbox 1201 2795 1344 2850; x_wconf 89' lang='lat' dir='ltr'><strong>enim</strong></span> <span class='ocrx_word' id='word_1_355' title='bbox 1381 2794 1470 2848; x_wconf 90' lang='lat' dir='ltr'><strong>illo</strong></span> <span class='ocrx_word' id='word_1_356' title='bbox 1500 2794 1766 2864; x_wconf 88' lang='lat' dir='ltr'><strong>potinmr;</strong></span> <span class='ocrx_word' id='word_1_357' title='bbox 1815 2794 1910 2848; x_wconf 93' lang='lat' dir='ltr'><strong>sed</strong></span> <span class='ocrx_word' id='word_1_358' title='bbox 1941 2792 2100 2846; x_wconf 80' lang='lat' dir='ltr'><strong>futuri</strong></span> <span class='ocrx_word' id='word_1_359' title='bbox 2129 2811 2142 2847; x_wconf 90' lang='lat'>:</span> 
     </span>
    </p>
   </div>
   <div class='ocr_carea' id='block_1_47' title="bbox 580 2885 2147 2958">
    <p class='ocr_par' dir='ltr' id='par_1_47' title="bbox 580 2885 2147 2958">
     <span class='ocr_line' id='line_1_47' title="bbox 580 2885 2147 2958; baseline -0.003 -14"><span class='ocrx_word' id='word_1_360' title='bbox 580 2890 633 2944; x_wconf 90' lang='lat' dir='ltr'><strong>in</strong></span> <span class='ocrx_word' id='word_1_361' title='bbox 670 2903 776 2958; x_wconf 93' lang='lat' dir='ltr'><strong>quo</strong></span> <span class='ocrx_word' id='word_1_362' title='bbox 814 2886 979 2942; x_wconf 85' lang='lat' dir='ltr'><strong>etiam</strong></span> <span class='ocrx_word' id='word_1_363' title='bbox 1015 2888 1218 2942; x_wconf 64' lang='lat' dir='ltr'><strong>saeculo</strong></span> <span class='ocrx_word' id='word_1_364' title='bbox 1250 2885 1443 2940; x_wconf 86' lang='lat' dir='ltr'><strong>Filium</strong></span> <span class='ocrx_word' id='word_1_365' title='bbox 1481 2886 1606 2939; x_wconf 90' lang='lat' dir='ltr'><strong>illud</strong></span> <span class='ocrx_word' id='word_1_366' title='bbox 1664 2885 1987 2939; x_wconf 89' lang='lat' dir='ltr'><strong>traditurum</strong></span> <span class='ocrx_word' id='word_1_367' title='bbox 2027 2900 2147 2940; x_wconf 89' lang='lat' dir='ltr'><strong>esse</strong></span> 
     </span>
    </p>
   </div>
   <div class='ocr_carea' id='block_1_48' title="bbox 579 2975 2146 3048">
    <p class='ocr_par' dir='ltr' id='par_1_48' title="bbox 579 2975 2146 3048">
     <span class='ocr_line' id='line_1_48' title="bbox 579 2975 2146 3048; baseline -0.003 -14"><span class='ocrx_word' id='word_1_368' title='bbox 579 2979 872 3048; x_wconf 79' lang='lat' dir='ltr'><strong>conjiciunt</strong></span> <span class='ocrx_word' id='word_1_369' title='bbox 904 2977 1190 3047; x_wconf 60' lang='lat' dir='ltr'><strong>haeretici),</strong></span> <span class='ocrx_word' id='word_1_370' title='bbox 1238 2985 1295 3030; x_wconf 92' lang='lat' dir='ltr'><strong>ut</strong></span> <span class='ocrx_word' id='word_1_371' title='bbox 1327 2977 1418 3046; x_wconf 90' lang='lat' dir='ltr'><strong>qui</strong></span> <span class='ocrx_word' id='word_1_372' title='bbox 1455 2983 1712 3029; x_wconf 61' lang='lat' dir='ltr'><strong>aiternum</strong></span> <span class='ocrx_word' id='word_1_373' title='bbox 1741 2976 1977 3044; x_wconf 91' lang='lat' dir='ltr'><strong>quidem,</strong></span> <span class='ocrx_word' id='word_1_374' title='bbox 2007 2986 2061 3031; x_wconf 90' lang='lat' dir='ltr'><strong>et</strong></span> <span class='ocrx_word' id='word_1_375' title='bbox 2082 2975 2146 3030; x_wconf 86' lang='lat' dir='ltr'><strong>ﬁ-</strong></span> 
     </span>
    </p>
   </div>
   <div class='ocr_carea' id='block_1_49' title="bbox 579 3066 2142 3134">
    <p class='ocr_par' dir='ltr' id='par_1_49' title="bbox 579 3066 2142 3134">
     <span class='ocr_line' id='line_1_49' title="bbox 579 3066 2142 3134; baseline -0.002 -11"><span class='ocrx_word' id='word_1_376' title='bbox 579 3085 704 3124; x_wconf 88' lang='lat' dir='ltr'><strong>nem</strong></span> <span class='ocrx_word' id='word_1_377' title='bbox 751 3083 856 3124; x_wconf 90' lang='lat' dir='ltr'><strong>non</strong></span> <span class='ocrx_word' id='word_1_378' title='bbox 892 3067 1208 3122; x_wconf 88' lang='lat' dir='ltr'><strong>habiturum</strong></span> <span class='ocrx_word' id='word_1_379' title='bbox 1235 3066 1378 3120; x_wconf 88' lang='lat' dir='ltr'><strong>illius</strong></span> <span class='ocrx_word' id='word_1_380' title='bbox 1411 3081 1631 3134; x_wconf 89' lang='lat' dir='ltr'><strong>regnum</strong></span> <span class='ocrx_word' id='word_1_381' title='bbox 1665 3081 1785 3120; x_wconf 91' lang='lat' dir='ltr'><strong>esse</strong></span> <span class='ocrx_word' id='word_1_382' title='bbox 1816 3067 2060 3130; x_wconf 90' lang='lat' dir='ltr'><strong>credunt,</strong></span> <span class='ocrx_word' id='word_1_383' title='bbox 2090 3066 2142 3120; x_wconf 90' lang='lat' dir='ltr'><strong>hl</strong></span> 
     </span>
    </p>
   </div>
   <div class='ocr_carea' id='block_1_50' title="bbox 2254 1882 3836 1954">
    <p class='ocr_par' dir='ltr' id='par_1_50' title="bbox 2254 1882 3836 1954">
     <span class='ocr_line' id='line_1_50' title="bbox 2254 1882 3836 1954; baseline 0.002 -17"><span class='ocrx_word' id='word_1_384' title='bbox 2254 1882 2485 1952; x_wconf 74' lang='grc' dir='ltr'><strong>αἰῶνοςο</strong></span> <span class='ocrx_word' id='word_1_385' title='bbox 2496 1884 2713 1953; x_wconf 77' lang='grc' dir='ltr'><strong>ῥάϐδος</strong></span> <span class='ocrx_word' id='word_1_386' title='bbox 2735 1886 3124 1952; x_wconf 60' lang='grc' dir='ltr'><strong>εὐθύτητοςῃ)</strong></span> <span class='ocrx_word' id='word_1_387' title='bbox 3137 1883 3360 1951; x_wconf 68' lang='grc' dir='ltr'><strong>ῥάϐδος</strong></span> <span class='ocrx_word' id='word_1_388' title='bbox 3379 1885 3488 1950; x_wconf 84' lang='grc' dir='ltr'><strong>τῆς</strong></span> <span class='ocrx_word' id='word_1_389' title='bbox 3503 1888 3836 1954; x_wconf 68' lang='grc' dir='ltr'><strong>,ϐασιλείας</strong></span> 
     </span>
    </p>
   </div>
   <div class='ocr_carea' id='block_1_51' title="bbox 2254 1977 3839 2048">
    <p class='ocr_par' dir='ltr' id='par_1_51' title="bbox 2254 1977 3839 2048">
     <span class='ocr_line' id='line_1_51' title="bbox 2254 1977 3839 2048; baseline 0.001 -18"><span class='ocrx_word' id='word_1_390' title='bbox 2254 1993 2398 2032; x_wconf 87' lang='grc' dir='ltr'><strong>σου·</strong></span> <span class='ocrx_word' id='word_1_391' title='bbox 2428 1977 2750 2047; x_wconf 71' lang='grc' dir='ltr'><strong>ἠγάπησας</strong></span> <span class='ocrx_word' id='word_1_392' title='bbox 2785 1977 3202 2046; x_wconf 77' lang='grc' dir='ltr'><strong>δικαιοσύνην,</strong></span> <span class='ocrx_word' id='word_1_393' title='bbox 3241 1978 3337 2030; x_wconf 79' lang='grc' dir='ltr'><em>καὶ</em></span> <span class='ocrx_word' id='word_1_394' title='bbox 3374 1977 3670 2048; x_wconf 81' lang='grc' dir='ltr'><strong>ἐμίσησας</strong></span> <span class='ocrx_word' id='word_1_395' title='bbox 3693 1979 3839 2033; x_wconf 81' lang='grc' dir='ltr'><strong>ἀδι-</strong></span> 
     </span>
    </p>
   </div>
   <div class='ocr_carea' id='block_1_52' title="bbox 2253 2067 3835 2139">
    <p class='ocr_par' dir='ltr' id='par_1_52' title="bbox 2253 2067 3835 2139">
     <span class='ocr_line' id='line_1_52' title="bbox 2253 2067 3835 2139; baseline 0.002 -15"><span class='ocrx_word' id='word_1_396' title='bbox 2253 2071 2423 2124; x_wconf 83' lang='grc' dir='ltr'><em>κίαν·</em></span> <span class='ocrx_word' id='word_1_397' title='bbox 2459 2071 2555 2126; x_wconf 83' lang='grc' dir='ltr'><strong>διὰ</strong></span> <span class='ocrx_word' id='word_1_398' title='bbox 2585 2071 2757 2125; x_wconf 78' lang='grc' dir='ltr'><em>τοῦτο</em></span> <span class='ocrx_word' id='word_1_399' title='bbox 2803 2071 3050 2139; x_wconf 78' lang='grc' dir='ltr'><strong>ἔχρισέν</strong></span> <span class='ocrx_word' id='word_1_400' title='bbox 3095 2086 3188 2135; x_wconf 85' lang='grc' dir='ltr'><strong>σε,</strong></span> <span class='ocrx_word' id='word_1_401' title='bbox 3246 2067 3371 2133; x_wconf 60' lang='lat' dir='ltr'><strong>ess,</strong></span> <span class='ocrx_word' id='word_1_402' title='bbox 3419 2075 3452 2126; x_wconf 82' lang='grc' dir='ltr'><em>ό</em></span> <span class='ocrx_word' id='word_1_403' title='bbox 3505 2074 3647 2137; x_wconf 61' lang='grc' dir='ltr'><strong>Θείτς</strong></span> <span class='ocrx_word' id='word_1_404' title='bbox 3703 2088 3835 2127; x_wconf 62' lang='grc' dir='ltr'><strong>σου</strong></span> 
     </span>
    </p>
   </div>
   <div class='ocr_carea' id='block_1_53' title="bbox 2252 2160 3835 2229">
    <p class='ocr_par' dir='ltr' id='par_1_53' title="bbox 2252 2160 3835 2229">
     <span class='ocr_line' id='line_1_53' title="bbox 2252 2160 3835 2229; baseline 0.001 -15"><span class='ocrx_word' id='word_1_405' title='bbox 2252 2161 2461 2214; x_wconf 72' lang='grc' dir='ltr'><em>ἔλαιον</em></span> <span class='ocrx_word' id='word_1_406' title='bbox 2501 2160 2912 2229; x_wconf 67' lang='grc' dir='ltr'><strong>ἀγαλλιάσεως</strong></span> <span class='ocrx_word' id='word_1_407' title='bbox 2956 2161 3114 2227; x_wconf 80' lang='grc' dir='ltr'><em>παρὰ</em></span> <span class='ocrx_word' id='word_1_408' title='bbox 3163 2160 3302 2226; x_wconf 84' lang='grc' dir='ltr'><strong>τοὺς</strong></span> <span class='ocrx_word' id='word_1_409' title='bbox 3347 2161 3643 2229; x_wconf 77' lang='grc' dir='ltr'><strong>μετόχους</strong></span> <span class='ocrx_word' id='word_1_410' title='bbox 3679 2178 3835 2216; x_wconf 83' lang='grc' dir='ltr'><strong>σου.</strong></span> 
     </span>
    </p>
   </div>
   <div class='ocr_carea' id='block_1_54' title="bbox 2257 2247 3835 2323">
    <p class='ocr_par' dir='ltr' id='par_1_54' title="bbox 2257 2247 3835 2323">
     <span class='ocr_line' id='line_1_54' title="bbox 2257 2247 3835 2323; baseline 0.002 -19"><span class='ocrx_word' id='word_1_411' title='bbox 2257 2253 2446 2323; x_wconf 82' lang='grc' dir='ltr'><strong>Ἀθρει</strong></span> <span class='ocrx_word' id='word_1_412' title='bbox 2485 2253 2578 2304; x_wconf 75' lang='grc' dir='ltr'><strong>καὶ</strong></span> <span class='ocrx_word' id='word_1_413' title='bbox 2631 2247 2787 2314; x_wconf 76' lang='grc' dir='ltr'><strong>αὖθις</strong></span> <span class='ocrx_word' id='word_1_414' title='bbox 2837 2253 2934 2321; x_wconf 82' lang='grc' dir='ltr'><strong>τὴν</strong></span> <span class='ocrx_word' id='word_1_415' title='bbox 2983 2251 3256 2321; x_wconf 76' lang='grc' dir='ltr'><strong>βασιλείαν</strong></span> <span class='ocrx_word' id='word_1_416' title='bbox 3293 2251 3454 2304; x_wconf 80' lang='grc' dir='ltr'><strong>αὑτοῦ</strong></span> <span class='ocrx_word' id='word_1_417' title='bbox 3499 2254 3835 2322; x_wconf 77' lang='grc' dir='ltr'><strong>ἀπέραντον,</strong></span> 
     </span>
    </p>
   </div>
   <div class='ocr_carea' id='block_1_55' title="bbox 2252 2340 3835 2412">
    <p class='ocr_par' dir='ltr' id='par_1_55' title="bbox 2252 2340 3835 2412">
     <span class='ocr_line' id='line_1_55' title="bbox 2252 2340 3835 2412; baseline 0.001 -17"><span class='ocrx_word' id='word_1_418' title='bbox 2252 2343 2348 2395; x_wconf 70' lang='grc' dir='ltr'><strong>καὶ</strong></span> <span class='ocrx_word' id='word_1_419' title='bbox 2380 2342 2476 2412; x_wconf 84' lang='grc' dir='ltr'><strong>τὴν</strong></span> <span class='ocrx_word' id='word_1_420' title='bbox 2504 2340 2731 2412; x_wconf 77' lang='grc' dir='ltr'><strong>Θεότητα</strong></span> <span class='ocrx_word' id='word_1_421' title='bbox 2758 2341 3012 2411; x_wconf 75' lang='grc' dir='ltr'><strong>ἄναρχον.</strong></span> <span class='ocrx_word' id='word_1_422' title='bbox 3047 2341 3144 2393; x_wconf 72' lang='grc' dir='ltr'><strong>Διὰ</strong></span> <span class='ocrx_word' id='word_1_423' title='bbox 3171 2342 3226 2392; x_wconf 81' lang='grc' dir='ltr'>δὲ</span> <span class='ocrx_word' id='word_1_424' title='bbox 3256 2341 3352 2412; x_wconf 80' lang='grc' dir='ltr'><strong>τὴν</strong></span> <span class='ocrx_word' id='word_1_425' title='bbox 3387 2342 3620 2412; x_wconf 62' lang='grc' dir='ltr'><strong>ἄρρητον</strong></span> <span class='ocrx_word' id='word_1_426' title='bbox 3654 2342 3835 2396; x_wconf 78' lang='grc' dir='ltr'><strong>αὐτοῦ</strong></span> 
     </span>
    </p>
   </div>
   <div class='ocr_carea' id='block_1_56' title="bbox 2251 2431 3839 2504">
    <p class='ocr_par' dir='ltr' id='par_1_56' title="bbox 2251 2431 3839 2504">
     <span class='ocr_line' id='line_1_56' title="bbox 2251 2431 3839 2504; baseline 0 -20"><span class='ocrx_word' id='word_1_427' title='bbox 2251 2431 2657 2504; x_wconf 74' lang='grc' dir='ltr'><strong>ὲνανθρώπησιν</strong></span> <span class='ocrx_word' id='word_1_428' title='bbox 2695 2434 2970 2503; x_wconf 76' lang='grc' dir='ltr'><strong>ἐπήγαγεν</strong></span> <span class='ocrx_word' id='word_1_429' title='bbox 3007 2432 3103 2496; x_wconf 78' lang='grc' dir='ltr'><strong>τὸ,</strong></span> <span class='ocrx_word' id='word_1_430' title='bbox 3169 2433 3231 2485; x_wconf 87' lang='lat'><strong>&#39;0</strong></span> <span class='ocrx_word' id='word_1_431' title='bbox 3261 2433 3405 2499; x_wconf 87' lang='grc' dir='ltr'><strong>Θεός</strong></span> <span class='ocrx_word' id='word_1_432' title='bbox 3439 2446 3575 2486; x_wconf 89' lang='grc' dir='ltr'><strong>σου.</strong></span> <span class='ocrx_word' id='word_1_433' title='bbox 3613 2434 3725 2484; x_wconf 74' lang='lat' dir='ltr'><strong>Kal.</strong></span> <span class='ocrx_word' id='word_1_434' title='bbox 3772 2435 3839 2485; x_wconf 80' lang='grc' dir='ltr'><strong>ὲν</strong></span> 
     </span>
    </p>
   </div>
   <div class='ocr_carea' id='block_1_57' title="bbox 2255 2525 3840 2596">
    <p class='ocr_par' dir='ltr' id='par_1_57' title="bbox 2255 2525 3840 2596">
     <span class='ocr_line' id='line_1_57' title="bbox 2255 2525 3840 2596; baseline 0.001 -19"><span class='ocrx_word' id='word_1_435' title='bbox 2255 2525 2389 2596; x_wconf 65' lang='lat' dir='ltr'><strong>pub&quot;</strong></span> <span class='ocrx_word' id='word_1_436' title='bbox 2452 2526 2514 2580; x_wconf 86' lang='grc' dir='ltr'>Ἡ</span> <span class='ocrx_word' id='word_1_437' title='bbox 2543 2526 2834 2590; x_wconf 77' lang='grc' dir='ltr'><strong>βασιλεία</strong></span> <span class='ocrx_word' id='word_1_438' title='bbox 2880 2541 3030 2589; x_wconf 87' lang='grc' dir='ltr'><strong>σου,</strong></span> <span class='ocrx_word' id='word_1_439' title='bbox 3075 2527 3364 2590; x_wconf 75' lang='grc' dir='ltr'><em>,ϐασιλεία</em></span> <span class='ocrx_word' id='word_1_440' title='bbox 3417 2525 3654 2578; x_wconf 73' lang='grc' dir='ltr'><em>πάντων</em></span> <span class='ocrx_word' id='word_1_441' title='bbox 3702 2527 3840 2579; x_wconf 83' lang='grc' dir='ltr'><strong>τῶν</strong></span> 
     </span>
    </p>
   </div>
   <div class='ocr_carea' id='block_1_58' title="bbox 2249 2615 3838 2686">
    <p class='ocr_par' dir='ltr' id='par_1_58' title="bbox 2249 2615 3838 2686">
     <span class='ocr_line' id='line_1_58' title="bbox 2249 2615 3838 2686; baseline 0.002 -17"><span class='ocrx_word' id='word_1_442' title='bbox 2249 2615 2495 2670; x_wconf 74' lang='grc' dir='ltr'><strong>αἰών-(ον’</strong></span> <span class='ocrx_word' id='word_1_443' title='bbox 2542 2618 2638 2670; x_wconf 77' lang='grc' dir='ltr'><strong>καὶ</strong></span> <span class='ocrx_word' id='word_1_444' title='bbox 2679 2619 2716 2685; x_wconf 73' lang='grc' dir='ltr'><em>ἠ</em></span> <span class='ocrx_word' id='word_1_445' title='bbox 2775 2617 3096 2671; x_wconf 78' lang='grc' dir='ltr'><strong>δεσποτεία</strong></span> <span class='ocrx_word' id='word_1_446' title='bbox 3141 2633 3280 2681; x_wconf 90' lang='grc' dir='ltr'><strong>σου,</strong></span> <span class='ocrx_word' id='word_1_447' title='bbox 3322 2618 3392 2671; x_wconf 79' lang='grc' dir='ltr'><strong>ἐν</strong></span> <span class='ocrx_word' id='word_1_448' title='bbox 3432 2617 3597 2686; x_wconf 80' lang='grc' dir='ltr'><strong>πάσῃ</strong></span> <span class='ocrx_word' id='word_1_449' title='bbox 3643 2619 3838 2686; x_wconf 69' lang='grc' dir='ltr'><em>γενεᾷ</em></span> 
     </span>
    </p>
   </div>
   <div class='ocr_carea' id='block_1_59' title="bbox 2248 2705 3837 2777">
    <p class='ocr_par' dir='ltr' id='par_1_59' title="bbox 2248 2705 3837 2777">
     <span class='ocr_line' id='line_1_59' title="bbox 2248 2705 3837 2777; baseline 0.003 -20"><span class='ocrx_word' id='word_1_450' title='bbox 2248 2707 2345 2758; x_wconf 74' lang='grc' dir='ltr'><strong>καὶ</strong></span> <span class='ocrx_word' id='word_1_451' title='bbox 2378 2705 2571 2776; x_wconf 74' lang='grc' dir='ltr'><strong>γενεᾷ.</strong></span> <span class='ocrx_word' id='word_1_452' title='bbox 2605 2707 2711 2760; x_wconf 72' lang='grc' dir='ltr'><strong>Καὶ</strong></span> <span class='ocrx_word' id='word_1_453' title='bbox 2745 2708 2803 2758; x_wconf 83' lang='grc' dir='ltr'><strong>ὲν</strong></span> <span class='ocrx_word' id='word_1_454' title='bbox 2848 2705 2925 2777; x_wconf 82' lang='grc' dir='ltr'>τῷ</span> <span class='ocrx_word' id='word_1_455' title='bbox 2967 2705 2998 2758; x_wconf 85' lang='grc' dir='ltr'><strong>ι’</strong></span> <span class='ocrx_word' id='word_1_456' title='bbox 3029 2705 3230 2776; x_wconf 75' lang='grc' dir='ltr'>ψαλμῷ</span> <span class='ocrx_word' id='word_1_457' title='bbox 3254 2723 3266 2736; x_wconf 77' lang='grc' dir='ltr'><strong>ο</strong></span> <span class='ocrx_word' id='word_1_458' title='bbox 3313 2710 3671 2760; x_wconf 75' lang='grc' dir='ltr'><strong>Βασιλεύσει</strong></span> <span class='ocrx_word' id='word_1_459' title='bbox 3704 2710 3837 2762; x_wconf 85' lang='grc' dir='ltr'><strong>Κύ-</strong></span> 
     </span>
    </p>
   </div>
   <div class='ocr_carea' id='block_1_60' title="bbox 2240 2797 3836 2870">
    <p class='ocr_par' dir='ltr' id='par_1_60' title="bbox 2240 2797 3836 2870">
     <span class='ocr_line' id='line_1_60' title="bbox 2240 2797 3836 2870; baseline 0.004 -21"><span class='ocrx_word' id='word_1_460' title='bbox 2240 2815 2372 2866; x_wconf 86' lang='grc' dir='ltr'><strong>ριος</strong></span> <span class='ocrx_word' id='word_1_461' title='bbox 2409 2800 2494 2864; x_wconf 77' lang='grc' dir='ltr'><strong>εἰς</strong></span> <span class='ocrx_word' id='word_1_462' title='bbox 2527 2797 2632 2850; x_wconf 77' lang='grc' dir='ltr'><em>τὸν</em></span> <span class='ocrx_word' id='word_1_463' title='bbox 2673 2797 2859 2852; x_wconf 72' lang='grc' dir='ltr'><em>αἰῶνα</em></span> <span class='ocrx_word' id='word_1_464' title='bbox 2898 2798 3006 2852; x_wconf 85' lang='grc' dir='ltr'><strong>τοῦ</strong></span> <span class='ocrx_word' id='word_1_465' title='bbox 3054 2797 3296 2864; x_wconf 74' lang='grc' dir='ltr'><strong>αἰῶνος.</strong></span> <span class='ocrx_word' id='word_1_466' title='bbox 3331 2799 3440 2852; x_wconf 75' lang='grc' dir='ltr'><strong>Καὶ</strong></span> <span class='ocrx_word' id='word_1_467' title='bbox 3477 2799 3666 2870; x_wconf 78' lang='grc' dir='ltr'><strong>Πέτρῳ</strong></span> <span class='ocrx_word' id='word_1_468' title='bbox 3695 2799 3760 2853; x_wconf 83' lang='grc' dir='ltr'>δὲ</span> <span class='ocrx_word' id='word_1_469' title='bbox 3803 2805 3836 2855; x_wconf 76' lang='grc' dir='ltr'>ὁ</span> 
     </span>
    </p>
   </div>
   <div class='ocr_carea' id='block_1_61' title="bbox 2249 2889 3828 2962">
    <p class='ocr_par' dir='ltr' id='par_1_61' title="bbox 2249 2889 3828 2962">
     <span class='ocr_line' id='line_1_61' title="bbox 2249 2889 3828 2962; baseline 0.001 -19"><span class='ocrx_word' id='word_1_470' title='bbox 2249 2890 2374 2953; x_wconf 80' lang='grc' dir='ltr'>Υἱὸς</span> <span class='ocrx_word' id='word_1_471' title='bbox 2401 2889 2498 2953; x_wconf 84' lang='grc' dir='ltr'><strong>τὰς</strong></span> <span class='ocrx_word' id='word_1_472' title='bbox 2523 2890 2667 2953; x_wconf 82' lang='grc' dir='ltr'>κλεῖς</span> <span class='ocrx_word' id='word_1_473' title='bbox 2695 2891 2770 2952; x_wconf 81' lang='grc' dir='ltr'><strong>ὡς</strong></span> <span class='ocrx_word' id='word_1_474' title='bbox 2795 2891 2997 2962; x_wconf 77' lang='grc' dir='ltr'><strong>Κύριος</strong></span> <span class='ocrx_word' id='word_1_475' title='bbox 3019 2890 3246 2944; x_wconf 81' lang='grc' dir='ltr'><strong>δέδωκεν</strong></span> <span class='ocrx_word' id='word_1_476' title='bbox 3273 2890 3372 2960; x_wconf 81' lang='grc' dir='ltr'><strong>τῆς</strong></span> <span class='ocrx_word' id='word_1_477' title='bbox 3404 2890 3675 2960; x_wconf 79' lang='grc' dir='ltr'><strong>βασιλείας</strong></span> <span class='ocrx_word' id='word_1_478' title='bbox 3718 2892 3738 2961; x_wconf 92' lang='grc'><strong>(</strong></span> <span class='ocrx_word' id='word_1_479' title='bbox 3761 2893 3828 2945; x_wconf 75' lang='grc' dir='ltr'><strong>οὐ</strong></span> 
     </span>
    </p>
   </div>
   <div class='ocr_carea' id='block_1_62' title="bbox 2245 2980 3834 3051">
    <p class='ocr_par' dir='ltr' id='par_1_62' title="bbox 2245 2980 3834 3051">
     <span class='ocr_line' id='line_1_62' title="bbox 2245 2980 3834 3051; baseline 0.002 -19"><span class='ocrx_word' id='word_1_480' title='bbox 2245 2980 2340 3033; x_wconf 82' lang='grc' dir='ltr'><strong>τοῦ</strong></span> <span class='ocrx_word' id='word_1_481' title='bbox 2387 2980 2481 3033; x_wconf 79' lang='grc' dir='ltr'><strong>νῦν</strong></span> <span class='ocrx_word' id='word_1_482' title='bbox 2514 2981 2727 3045; x_wconf 85' lang='grc' dir='ltr'><strong>αἰῶνος,</strong></span> <span class='ocrx_word' id='word_1_483' title='bbox 2761 2980 2913 3034; x_wconf 73' lang='grc' dir='ltr'><strong>οὔπω</strong></span> <span class='ocrx_word' id='word_1_484' title='bbox 2940 2981 3050 3050; x_wconf 73' lang='grc' dir='ltr'><strong>γάρ</strong></span> <span class='ocrx_word' id='word_1_485' title='bbox 3077 2982 3415 3051; x_wconf 75' lang='grc' dir='ltr'><strong>τυγχάνομεν</strong></span> <span class='ocrx_word' id='word_1_486' title='bbox 3447 2982 3636 3050; x_wconf 75' lang='grc' dir='ltr'><strong>αὐτῆς,</strong></span> <span class='ocrx_word' id='word_1_487' title='bbox 3677 2981 3834 3036; x_wconf 78' lang='grc' dir='ltr'>ἀλλὰ</span> 
     </span>
    </p>
   </div>
   <div class='ocr_carea' id='block_1_63' title="bbox 2245 3065 3834 3143">
    <p class='ocr_par' dir='ltr' id='par_1_63' title="bbox 2245 3065 3834 3143">
     <span class='ocr_line' id='line_1_63' title="bbox 2245 3065 3834 3143; baseline 0 -19"><span class='ocrx_word' id='word_1_488' title='bbox 2245 3070 2340 3124; x_wconf 80' lang='grc' dir='ltr'><strong>τοῦ</strong></span> <span class='ocrx_word' id='word_1_489' title='bbox 2373 3071 2677 3143; x_wconf 81' lang='grc' dir='ltr'><strong>μέλλοντος,</strong></span> <span class='ocrx_word' id='word_1_490' title='bbox 2718 3073 2775 3125; x_wconf 77' lang='grc' dir='ltr'><strong>ἐν</strong></span> <span class='ocrx_word' id='word_1_491' title='bbox 2810 3065 2854 3138; x_wconf 77' lang='grc' dir='ltr'>ᾧ</span> <span class='ocrx_word' id='word_1_492' title='bbox 2885 3072 2977 3124; x_wconf 73' lang='grc' dir='ltr'>καί</span> <span class='ocrx_word' id='word_1_493' title='bbox 3012 3071 3363 3143; x_wconf 70' lang='grc' dir='ltr'><strong>παραδιδόναι</strong></span> <span class='ocrx_word' id='word_1_494' title='bbox 3394 3070 3554 3125; x_wconf 83' lang='grc' dir='ltr'><strong>αὑτὸν</strong></span> <span class='ocrx_word' id='word_1_495' title='bbox 3585 3072 3834 3140; x_wconf 74' lang='grc' dir='ltr'><strong>τεκμαί-</strong></span> 
     </span>
    </p>
   </div>
   <div class='ocr_carea' id='block_1_64' title="bbox 577 3135 2143 3238">
    <p class='ocr_par' dir='ltr' id='par_1_64' title="bbox 577 3157 2143 3238">
     <span class='ocr_line' id='line_1_64' title="bbox 577 3157 2143 3238; baseline -0.003 -21"><span class='ocrx_word' id='word_1_496' title='bbox 577 3162 940 3238; x_wconf 84' lang='lat' dir='ltr'><strong>recipiantur;</strong></span> <span class='ocrx_word' id='word_1_497' title='bbox 1000 3160 1089 3229; x_wconf 89' lang='lat' dir='ltr'><strong>qui</strong></span> <span class='ocrx_word' id='word_1_498' title='bbox 1141 3173 1270 3214; x_wconf 92' lang='lat' dir='ltr'><strong>vero</strong></span> <span class='ocrx_word' id='word_1_499' title='bbox 1331 3174 1451 3212; x_wconf 91' lang='lat' dir='ltr'><strong>cum</strong></span> <span class='ocrx_word' id='word_1_500' title='bbox 1493 3157 1823 3213; x_wconf 83' lang='lat' dir='ltr'><strong>Natlmnaele</strong></span> <span class='ocrx_word' id='word_1_501' title='bbox 1857 3172 1960 3212; x_wconf 92' lang='lat' dir='ltr'><strong>non</strong></span> <span class='ocrx_word' id='word_1_502' title='bbox 2016 3158 2143 3212; x_wconf 89' lang='lat' dir='ltr'><strong>cla-</strong></span> 
     </span>
    </p>
   </div>
   <div class='ocr_carea' id='block_1_65' title="bbox 2245 3135 3835 3238">
    <p class='ocr_par' dir='ltr' id='par_1_65' title="bbox 2253 3135 3835 3238">
     <span class='ocr_line' id='line_1_65' title="bbox 2253 3135 3835 3238; baseline 0.001 -23"><span class='ocrx_word' id='word_1_503' title='bbox 2253 3135 2432 3235; x_wconf 69' lang='grc' dir='ltr'><strong>ρονται</strong></span> <span class='ocrx_word' id='word_1_504' title='bbox 2460 3164 2726 3234; x_wconf 73' lang='grc' dir='ltr'><strong>αἱρετικοὶ</strong></span> <span class='ocrx_word' id='word_1_505' title='bbox 2744 3166 2758 3232; x_wconf 89' lang='grc'><strong>)</strong></span> <span class='ocrx_word' id='word_1_506' title='bbox 2778 3203 2792 3227; x_wconf 89' lang='grc'><em>,</em></span> <span class='ocrx_word' id='word_1_507' title='bbox 2826 3135 2921 3216; x_wconf 59' lang='grc' dir='ltr'><strong>ξπ).</strong></span> <span class='ocrx_word' id='word_1_508' title='bbox 2941 3163 3000 3217; x_wconf 81' lang='grc' dir='ltr'>τὸ</span> <span class='ocrx_word' id='word_1_509' title='bbox 3027 3135 3364 3234; x_wconf 77' lang='grc' dir='ltr'><strong>εἰσδεχθῆναι</strong></span> <span class='ocrx_word' id='word_1_510' title='bbox 3391 3163 3488 3235; x_wconf 79' lang='grc' dir='ltr'><strong>μὲν</strong></span> <span class='ocrx_word' id='word_1_511' title='bbox 3514 3165 3637 3226; x_wconf 74' lang='grc' dir='ltr'><strong>τοὺς</strong></span> <span class='ocrx_word' id='word_1_512' title='bbox 3661 3135 3835 3238; x_wconf 67' lang='grc' dir='ltr'><strong>άναρο</strong></span> 
     </span>
    </p>
   </div>
   <div class='ocr_carea' id='block_1_66' title="bbox 578 3237 2142 3321">
    <p class='ocr_par' dir='ltr' id='par_1_66' title="bbox 578 3237 2142 3321">
     <span class='ocr_line' id='line_1_66' title="bbox 578 3237 2142 3321; baseline -0.003 -14"><span class='ocrx_word' id='word_1_513' title='bbox 578 3263 748 3320; x_wconf 82' lang='lat' dir='ltr'><strong>utaut,</strong></span> <span class='ocrx_word' id='word_1_514' title='bbox 781 3237 859 3306; x_wconf 71' lang='lat' dir='ltr'><strong>Tu</strong></span> <span class='ocrx_word' id='word_1_515' title='bbox 886 3269 940 3306; x_wconf 91' lang='lat' dir='ltr'><strong>es</strong></span> <span class='ocrx_word' id='word_1_516' title='bbox 970 3252 1082 3321; x_wconf 84' lang='grc'><strong>(47)</strong></span> <span class='ocrx_word' id='word_1_517' title='bbox 1114 3248 1286 3304; x_wconf 82' lang='lat' dir='ltr'><strong>Filius</strong></span> <span class='ocrx_word' id='word_1_518' title='bbox 1324 3248 1442 3316; x_wconf 86' lang='lat' dir='ltr'><strong>Dei,</strong></span> <span class='ocrx_word' id='word_1_519' title='bbox 1473 3259 1528 3302; x_wconf 88' lang='lat' dir='ltr'><strong>tu</strong></span> <span class='ocrx_word' id='word_1_520' title='bbox 1564 3265 1616 3303; x_wconf 88' lang='lat' dir='ltr'><strong>es</strong></span> <span class='ocrx_word' id='word_1_521' title='bbox 1654 3247 1766 3303; x_wconf 79' lang='lat' dir='ltr'><strong>Rea:</strong></span> <span class='ocrx_word' id='word_1_522' title='bbox 1816 3247 2142 3304; x_wconf 60' lang='lat' dir='ltr'><strong>Christiano-</strong></span> 
     </span>
    </p>
   </div>
   <div class='ocr_carea' id='block_1_67' title="bbox 577 3338 2144 3412">
    <p class='ocr_par' dir='ltr' id='par_1_67' title="bbox 577 3338 2144 3412">
     <span class='ocr_line' id='line_1_67' title="bbox 577 3338 2144 3412; baseline -0.001 -16"><span class='ocrx_word' id='word_1_523' title='bbox 577 3360 720 3410; x_wconf 78' lang='lat' dir='ltr'><strong>rum,</strong></span> <span class='ocrx_word' id='word_1_524' title='bbox 744 3345 779 3398; x_wconf 93' lang='lat' dir='ltr'><strong>ii</strong></span> <span class='ocrx_word' id='word_1_525' title='bbox 805 3343 1207 3412; x_wconf 82' lang='lat' dir='ltr'><strong>rejiciantur,ut</strong></span> <span class='ocrx_word' id='word_1_526' title='bbox 1235 3340 1392 3410; x_wconf 90' lang='lat' dir='ltr'><strong>paulo</strong></span> <span class='ocrx_word' id='word_1_527' title='bbox 1423 3349 1546 3394; x_wconf 89' lang='lat' dir='ltr'><strong>ante</strong></span> <span class='ocrx_word' id='word_1_528' title='bbox 1579 3338 1781 3394; x_wconf 90' lang='lat' dir='ltr'><strong>dictum</strong></span> <span class='ocrx_word' id='word_1_529' title='bbox 1808 3347 1890 3394; x_wconf 85' lang='lat' dir='ltr'><strong>est</strong></span> <span class='ocrx_word' id='word_1_530' title='bbox 1913 3338 2043 3412; x_wconf 88' lang='grc'><strong>(48).</strong></span> <span class='ocrx_word' id='word_1_531' title='bbox 2067 3339 2144 3394; x_wconf 82' lang='lat' dir='ltr'><strong>Ac</strong></span> 
     </span>
    </p>
   </div>
   <div class='ocr_carea' id='block_1_68' title="bbox 575 3429 2144 3504">
    <p class='ocr_par' dir='ltr' id='par_1_68' title="bbox 575 3429 2144 3504">
     <span class='ocr_line' id='line_1_68' title="bbox 575 3429 2144 3504; baseline -0.004 -14"><span class='ocrx_word' id='word_1_532' title='bbox 575 3436 740 3490; x_wconf 84' lang='lat' dir='ltr'><strong>verba</strong></span> <span class='ocrx_word' id='word_1_533' title='bbox 776 3434 864 3489; x_wconf 88' lang='lat' dir='ltr'><strong>illa</strong></span> <span class='ocrx_word' id='word_1_534' title='bbox 915 3433 1065 3489; x_wconf 74' lang='lat' dir='ltr'><strong>Isaiae</strong></span> <span class='ocrx_word' id='word_1_535' title='bbox 1121 3434 1416 3504; x_wconf 68' lang='lat' dir='ltr'><strong>prophetae,</strong></span> <span class='ocrx_word' id='word_1_536' title='bbox 1464 3430 1650 3501; x_wconf 86' lang='lat' dir='ltr'><strong>Regem</strong></span> <span class='ocrx_word' id='word_1_537' title='bbox 1693 3430 1806 3502; x_wconf 83' lang='grc'><strong>(49)</strong></span> <span class='ocrx_word' id='word_1_538' title='bbox 1859 3429 2144 3485; x_wconf 87' lang='lat' dir='ltr'><strong>Dominum</strong></span> 
     </span>
    </p>
   </div>
   <div class='ocr_carea' id='block_1_69' title="bbox 577 3520 2140 3593">
    <p class='ocr_par' dir='ltr' id='par_1_69' title="bbox 577 3520 2140 3593">
     <span class='ocr_line' id='line_1_69' title="bbox 577 3520 2140 3593; baseline -0.005 -10"><span class='ocrx_word' id='word_1_539' title='bbox 577 3527 807 3584; x_wconf 83' lang='lat' dir='ltr'><strong>Sabaoth</strong></span> <span class='ocrx_word' id='word_1_540' title='bbox 856 3527 959 3581; x_wconf 87' lang='lat' dir='ltr'><strong>vidi</strong></span> <span class='ocrx_word' id='word_1_541' title='bbox 1004 3529 1171 3581; x_wconf 84' lang='lat' dir='ltr'><strong>oculis</strong></span> <span class='ocrx_word' id='word_1_542' title='bbox 1209 3528 1358 3588; x_wconf 87' lang='lat' dir='ltr'><strong>meis,</strong></span> <span class='ocrx_word' id='word_1_543' title='bbox 1413 3524 1610 3578; x_wconf 84' lang='lat' dir='ltr'><strong>Paulus</strong></span> <span class='ocrx_word' id='word_1_544' title='bbox 1662 3524 1876 3593; x_wconf 83' lang='lat' dir='ltr'><strong>quidem</strong></span> <span class='ocrx_word' id='word_1_545' title='bbox 1919 3520 2140 3593; x_wconf 88' lang='lat' dir='ltr'><strong>Spiritui</strong></span> 
     </span>
    </p>
   </div>
   <div class='ocr_carea' id='block_1_70' title="bbox 576 3612 2144 3684">
    <p class='ocr_par' dir='ltr' id='par_1_70' title="bbox 576 3612 2144 3684">
     <span class='ocr_line' id='line_1_70' title="bbox 576 3612 2144 3684; baseline -0.004 -12"><span class='ocrx_word' id='word_1_546' title='bbox 576 3618 672 3672; x_wconf 91' lang='lat' dir='ltr'><strong>Dei</strong></span> <span class='ocrx_word' id='word_1_547' title='bbox 699 3617 966 3682; x_wconf 89' lang='lat' dir='ltr'><strong>attribuit,</strong></span> <span class='ocrx_word' id='word_1_548' title='bbox 1007 3617 1249 3672; x_wconf 84' lang='lat' dir='ltr'><strong>Joannes</strong></span> <span class='ocrx_word' id='word_1_549' title='bbox 1308 3626 1487 3669; x_wconf 90' lang='lat' dir='ltr'><strong>autem</strong></span> <span class='ocrx_word' id='word_1_550' title='bbox 1533 3612 1842 3684; x_wconf 83' lang='lat' dir='ltr'><strong>Unigenito,</strong></span> <span class='ocrx_word' id='word_1_551' title='bbox 1879 3621 1937 3666; x_wconf 93' lang='lat' dir='ltr'><strong>ut</strong></span> <span class='ocrx_word' id='word_1_552' title='bbox 1987 3622 2144 3667; x_wconf 84' lang='lat' dir='ltr'><strong>antea</strong></span> 
     </span>
    </p>
   </div>
   <div class='ocr_carea' id='block_1_71' title="bbox 575 3704 2144 3778">
    <p class='ocr_par' dir='ltr' id='par_1_71' title="bbox 575 3704 2144 3778">
     <span class='ocr_line' id='line_1_71' title="bbox 575 3704 2144 3778; baseline -0.003 -16"><span class='ocrx_word' id='word_1_553' title='bbox 575 3711 776 3764; x_wconf 88' lang='lat' dir='ltr'><strong>dictum</strong></span> <span class='ocrx_word' id='word_1_554' title='bbox 830 3709 961 3776; x_wconf 81' lang='lat' dir='ltr'><strong>fuit;</strong></span> <span class='ocrx_word' id='word_1_555' title='bbox 1011 3710 1082 3763; x_wconf 87' lang='lat' dir='ltr'><strong>ob</strong></span> <span class='ocrx_word' id='word_1_556' title='bbox 1114 3710 1331 3764; x_wconf 87' lang='lat' dir='ltr'><strong>deitatis</strong></span> <span class='ocrx_word' id='word_1_557' title='bbox 1367 3721 1581 3778; x_wconf 86' lang='lat' dir='ltr'><strong>nempe,</strong></span> <span class='ocrx_word' id='word_1_558' title='bbox 1615 3716 1671 3761; x_wconf 92' lang='lat' dir='ltr'><strong>et</strong></span> <span class='ocrx_word' id='word_1_559' title='bbox 1699 3707 1858 3761; x_wconf 88' lang='lat' dir='ltr'><strong>unius</strong></span> <span class='ocrx_word' id='word_1_560' title='bbox 1905 3704 2144 3775; x_wconf 88' lang='lat' dir='ltr'><strong>perpetui</strong></span> 
     </span>
    </p>
   </div>
   <div class='ocr_carea' id='block_1_72' title="bbox 576 3797 2146 3871">
    <p class='ocr_par' dir='ltr' id='par_1_72' title="bbox 576 3797 2146 3871">
     <span class='ocr_line' id='line_1_72' title="bbox 576 3797 2146 3871; baseline -0.004 -15"><span class='ocrx_word' id='word_1_561' title='bbox 576 3801 723 3870; x_wconf 87' lang='lat' dir='ltr'><strong>regni</strong></span> <span class='ocrx_word' id='word_1_562' title='bbox 757 3800 870 3871; x_wconf 80' lang='grc'><strong>(50)</strong></span> <span class='ocrx_word' id='word_1_563' title='bbox 909 3803 1367 3856; x_wconf 82' lang='lat' dir='ltr'><strong>communiOuem.</strong></span> <span class='ocrx_word' id='word_1_564' title='bbox 1395 3799 1678 3866; x_wconf 86' lang='lat' dir='ltr'><strong>Quomodo</strong></span> <span class='ocrx_word' id='word_1_565' title='bbox 1710 3799 1854 3852; x_wconf 91' lang='lat' dir='ltr'><strong>enim</strong></span> <span class='ocrx_word' id='word_1_566' title='bbox 1897 3797 2013 3852; x_wconf 67' lang='lat' dir='ltr'><strong>fieri</strong></span> <span class='ocrx_word' id='word_1_567' title='bbox 2049 3811 2146 3865; x_wconf 90' lang='lat' dir='ltr'><strong>po-</strong></span> 
     </span>
    </p>
   </div>
   <div class='ocr_carea' id='block_1_73' title="bbox 577 3889 2146 3963">
    <p class='ocr_par' dir='ltr' id='par_1_73' title="bbox 577 3889 2146 3963">
     <span class='ocr_line' id='line_1_73' title="bbox 577 3889 2146 3963; baseline -0.004 -15"><span class='ocrx_word' id='word_1_568' title='bbox 577 3903 699 3959; x_wconf 84' lang='lat' dir='ltr'><strong>test,</strong></span> <span class='ocrx_word' id='word_1_569' title='bbox 737 3903 795 3948; x_wconf 88' lang='lat' dir='ltr'><strong>ut</strong></span> <span class='ocrx_word' id='word_1_570' title='bbox 845 3909 982 3948; x_wconf 89' lang='lat' dir='ltr'><strong>unus</strong></span> <span class='ocrx_word' id='word_1_571' title='bbox 1011 3895 1227 3963; x_wconf 88' lang='lat' dir='ltr'><strong>quidem</strong></span> <span class='ocrx_word' id='word_1_572' title='bbox 1283 3901 1490 3962; x_wconf 81' lang='lat' dir='ltr'><strong>regnet,</strong></span> <span class='ocrx_word' id='word_1_573' title='bbox 1524 3892 1664 3946; x_wconf 90' lang='lat' dir='ltr'><strong>alius</strong></span> <span class='ocrx_word' id='word_1_574' title='bbox 1701 3906 1847 3954; x_wconf 88' lang='lat' dir='ltr'><strong>vero,</strong></span> <span class='ocrx_word' id='word_1_575' title='bbox 1876 3890 2018 3944; x_wconf 87' lang='lat' dir='ltr'><strong>sicut</strong></span> <span class='ocrx_word' id='word_1_576' title='bbox 2064 3889 2146 3942; x_wconf 85' lang='lat' dir='ltr'><strong>in-</strong></span> 
     </span>
    </p>
   </div>
   <div class='ocr_carea' id='block_1_74' title="bbox 647 4070 2154 4145">
    <p class='ocr_par' dir='ltr' id='par_1_74' title="bbox 647 4070 2154 4145">
     <span class='ocr_line' id='line_1_74' title="bbox 647 4070 2154 4145; baseline -0.003 -16"><span class='ocrx_word' id='word_1_577' title='bbox 647 4072 758 4145; x_wconf 78' lang='lat'><strong>(39)</strong></span> <span class='ocrx_word' id='word_1_578' title='bbox 801 4070 924 4128; x_wconf 86' lang='lat' dir='ltr'><strong>Post</strong></span> <span class='ocrx_word' id='word_1_579' title='bbox 954 4075 1408 4145; x_wconf 78' lang='lat' dir='ltr'><strong>resurrectionem.</strong></span> <span class='ocrx_word' id='word_1_580' title='bbox 1451 4072 1713 4127; x_wconf 86' lang='lat' dir='ltr'><strong>Nimirum</strong></span> <span class='ocrx_word' id='word_1_581' title='bbox 1739 4084 1864 4128; x_wconf 90' lang='lat' dir='ltr'><strong>tunc</strong></span> <span class='ocrx_word' id='word_1_582' title='bbox 1892 4072 2154 4127; x_wconf 73' lang='lat' dir='ltr'><strong>duntaxat</strong></span> 
     </span>
    </p>
   </div>
   <div class='ocr_carea' id='block_1_75' title="bbox 573 4143 2132 4212">
    <p class='ocr_par' dir='ltr' id='par_1_75' title="bbox 573 4143 2132 4212">
     <span class='ocr_line' id='line_1_75' title="bbox 573 4143 2132 4212; baseline -0.005 -11"><span class='ocrx_word' id='word_1_583' title='bbox 573 4153 628 4202; x_wconf 87' lang='lat' dir='ltr'><strong>et</strong></span> <span class='ocrx_word' id='word_1_584' title='bbox 658 4143 836 4199; x_wconf 84' lang='lat' dir='ltr'><strong>omnes</strong></span> <span class='ocrx_word' id='word_1_585' title='bbox 867 4148 1038 4200; x_wconf 91' lang='lat' dir='ltr'><strong>sancti</strong></span> <span class='ocrx_word' id='word_1_586' title='bbox 1062 4159 1183 4198; x_wconf 90' lang='lat' dir='ltr'><strong>cum</strong></span> <span class='ocrx_word' id='word_1_587' title='bbox 1209 4143 1428 4199; x_wconf 83' lang='lat' dir='ltr'><strong>Christo</strong></span> <span class='ocrx_word' id='word_1_588' title='bbox 1454 4145 1779 4212; x_wconf 82' lang='lat' dir='ltr'><strong>regnabant,</strong></span> <span class='ocrx_word' id='word_1_589' title='bbox 1814 4153 1869 4196; x_wconf 88' lang='lat' dir='ltr'><strong>et</strong></span> <span class='ocrx_word' id='word_1_590' title='bbox 1896 4159 1954 4196; x_wconf 90' lang='lat' dir='ltr'><strong>eo</strong></span> <span class='ocrx_word' id='word_1_591' title='bbox 1979 4145 2132 4196; x_wconf 83' lang='lat' dir='ltr'><strong>modo</strong></span> 
     </span>
    </p>
   </div>
   <div class='ocr_carea' id='block_1_76' title="bbox 576 4213 2134 4284">
    <p class='ocr_par' dir='ltr' id='par_1_76' title="bbox 576 4213 2134 4284">
     <span class='ocr_line' id='line_1_76' title="bbox 576 4213 2134 4284; baseline -0.003 -15"><span class='ocrx_word' id='word_1_592' title='bbox 576 4216 630 4270; x_wconf 89' lang='lat' dir='ltr'><strong>in</strong></span> <span class='ocrx_word' id='word_1_593' title='bbox 667 4215 819 4269; x_wconf 70' lang='lat' dir='ltr'><strong>cmlis</strong></span> <span class='ocrx_word' id='word_1_594' title='bbox 849 4225 1026 4281; x_wconf 91' lang='lat' dir='ltr'><strong>erunt,</strong></span> <span class='ocrx_word' id='word_1_595' title='bbox 1063 4229 1169 4284; x_wconf 89' lang='lat' dir='ltr'><strong>quo</strong></span> <span class='ocrx_word' id='word_1_596' title='bbox 1210 4214 1282 4269; x_wconf 91' lang='lat' dir='ltr'><strong>ibi</strong></span> <span class='ocrx_word' id='word_1_597' title='bbox 1320 4230 1466 4284; x_wconf 85' lang='lat' dir='ltr'><strong>nunc</strong></span> <span class='ocrx_word' id='word_1_598' title='bbox 1497 4213 1748 4284; x_wconf 86' lang='lat' dir='ltr'><strong>Christus</strong></span> <span class='ocrx_word' id='word_1_599' title='bbox 1779 4223 1883 4278; x_wconf 88' lang='lat' dir='ltr'><strong>est,</strong></span> <span class='ocrx_word' id='word_1_600' title='bbox 1923 4214 2134 4265; x_wconf 85' lang='lat' dir='ltr'><strong>anima-</strong></span> 
     </span>
    </p>
   </div>
   <div class='ocr_carea' id='block_1_77' title="bbox 574 4282 2134 4354">
    <p class='ocr_par' dir='ltr' id='par_1_77' title="bbox 574 4282 2134 4354">
     <span class='ocr_line' id='line_1_77' title="bbox 574 4282 2134 4354; baseline -0.005 -14"><span class='ocrx_word' id='word_1_601' title='bbox 574 4287 677 4340; x_wconf 87' lang='lat' dir='ltr'><strong>hus</strong></span> <span class='ocrx_word' id='word_1_602' title='bbox 719 4299 909 4354; x_wconf 89' lang='lat' dir='ltr'><strong>nempe</strong></span> <span class='ocrx_word' id='word_1_603' title='bbox 945 4300 1066 4339; x_wconf 90' lang='lat' dir='ltr'><strong>cum</strong></span> <span class='ocrx_word' id='word_1_604' title='bbox 1083 4282 1328 4354; x_wconf 78' lang='lat' dir='ltr'><strong>corpore</strong></span> <span class='ocrx_word' id='word_1_605' title='bbox 1353 4282 1677 4354; x_wconf 75' lang='lat' dir='ltr'><strong>conjunctis,</strong></span> <span class='ocrx_word' id='word_1_606' title='bbox 1707 4291 1828 4352; x_wconf 88' lang='lat' dir='ltr'><strong>post</strong></span> <span class='ocrx_word' id='word_1_607' title='bbox 1861 4295 2134 4354; x_wconf 74' lang='lat' dir='ltr'><strong>acceptam</strong></span> 
     </span>
    </p>
   </div>
   <div class='ocr_carea' id='block_1_78' title="bbox 575 4351 2138 4477">
    <p class='ocr_par' dir='ltr' id='par_1_78' title="bbox 575 4351 2138 4477">
     <span class='ocr_line' id='line_1_78' title="bbox 575 4351 2138 4477; baseline -0.003 -68"><span class='ocrx_word' id='word_1_608' title='bbox 575 4351 860 4477; x_wconf 45' lang='lat' dir='ltr'><strong>uiysttigziéi</strong></span> <span class='ocrx_word' id='word_1_609' title='bbox 879 4351 1430 4476; x_wconf 58' lang='lat' dir='ltr'><strong>butramque&#39;stolam.</strong></span> <span class='ocrx_word' id='word_1_610' title='bbox 1467 4351 1596 4408; x_wconf 88' lang='lat' dir='ltr'><strong>Vide</strong></span> <span class='ocrx_word' id='word_1_611' title='bbox 1628 4351 1806 4407; x_wconf 85' lang='lat' dir='ltr'><strong>tamen</strong></span> <span class='ocrx_word' id='word_1_612' title='bbox 1839 4368 2009 4421; x_wconf 79' lang='lat' dir='ltr'><strong>segni.</strong></span> <span class='ocrx_word' id='word_1_613' title='bbox 2039 4351 2138 4404; x_wconf 79' lang='grc'><strong>110</strong></span> 
     </span>
     <span class='ocr_line' id='line_1_79' title="bbox 575 4440 927 4477; baseline 0 0"><span class='ocrx_word' id='word_1_614' title='bbox 575 4442 630 4477; x_wconf 89' lang='lat' dir='ltr'><strong>a.</strong></span> <span class='ocrx_word' id='word_1_615' title='bbox 659 4440 689 4476; x_wconf 94' lang='lat' dir='ltr'><strong>e</strong></span> <span class='ocrx_word' id='word_1_616' title='bbox 914 4464 927 4477; x_wconf 94' lang='lat'><strong>.</strong></span> 
     </span>
    </p>
   </div>
   <div class='ocr_carea' id='block_1_79' title="bbox 574 4427 927 4478">
    <p class='ocr_par' dir='ltr' id='par_1_79' title="bbox 574 4427 927 4478">
     <span class='ocr_line' id='line_1_80' title="bbox 574 4427 927 4478; baseline -0.006 0"><span class='ocrx_word' id='word_1_617' title='bbox 574 4442 630 4478; x_wconf 90' lang='lat' dir='ltr'><strong>a.</strong></span> <span class='ocrx_word' id='word_1_618' title='bbox 659 4435 712 4476; x_wconf 94' lang='lat' dir='ltr'><strong>et</strong></span> <span class='ocrx_word' id='word_1_619' title='bbox 740 4427 845 4477; x_wconf 74' lang='grc'><strong>’206</strong></span> <span class='ocrx_word' id='word_1_620' title='bbox 879 4427 927 4477; x_wconf 94' lang='lat' dir='ltr'><strong>b.</strong></span> 
     </span>
    </p>
   </div>
   <div class='ocr_carea' id='block_1_80' title="bbox 612 4464 2138 4566">
    <p class='ocr_par' dir='ltr' id='par_1_80' title="bbox 612 4464 2138 4566">
     <span class='ocr_line' id='line_1_81' title="bbox 612 4464 2138 4566; baseline -0.002 -18"><span class='ocrx_word' id='word_1_621' title='bbox 612 4464 990 4566; x_wconf 49' lang='grc' dir='ltr'><strong>’(Ῐδῖῖεσῖογ.</strong></span> <span class='ocrx_word' id='word_1_622' title='bbox 1023 4493 1162 4566; x_wconf 63' lang='grc' dir='ltr'><strong>μρά</strong></span> <span class='ocrx_word' id='word_1_623' title='bbox 1195 4491 1346 4566; x_wconf 70' lang='lat' dir='ltr'><strong>Tim.</strong></span> <span class='ocrx_word' id='word_1_624' title='bbox 1374 4509 1449 4566; x_wconf 73' lang='lat' dir='ltr'><strong>tv,</strong></span> <span class='ocrx_word' id='word_1_625' title='bbox 1492 4492 1543 4566; x_wconf 65' lang='lat' dir='ltr'><strong>i_</strong></span> <span class='ocrx_word' id='word_1_626' title='bbox 1571 4503 1626 4549; x_wconf 92' lang='lat' dir='ltr'><strong>et</strong></span> <span class='ocrx_word' id='word_1_627' title='bbox 1660 4493 1715 4566; x_wconf 58' lang='grc' dir='ltr'><strong>Ξ.</strong></span> <span class='ocrx_word' id='word_1_628' title='bbox 1745 4491 1951 4566; x_wconf 73' lang='lat' dir='ltr'><strong>Grazca_</strong></span> <span class='ocrx_word' id='word_1_629' title='bbox 1971 4491 2138 4566; x_wconf 88' lang='lat' dir='ltr'><strong>editio</strong></span> 
     </span>
    </p>
   </div>
   <div class='ocr_carea' id='block_1_81' title="bbox 577 4560 2139 4636">
    <p class='ocr_par' dir='ltr' id='par_1_81' title="bbox 577 4560 2139 4636">
     <span class='ocr_line' id='line_1_82' title="bbox 577 4560 2139 4636; baseline -0.003 -17"><span class='ocrx_word' id='word_1_630' title='bbox 577 4560 766 4636; x_wconf 64' lang='lat' dir='ltr'><strong>habet:</strong></span> <span class='ocrx_word' id='word_1_631' title='bbox 787 4564 850 4617; x_wconf 88' lang='grc' dir='ltr'><strong>Θ.</strong></span> <span class='ocrx_word' id='word_1_632' title='bbox 879 4581 931 4618; x_wconf 87' lang='grc' dir='ltr'><strong>κ.</strong></span> <span class='ocrx_word' id='word_1_633' title='bbox 957 4564 1049 4618; x_wconf 83' lang='grc' dir='ltr'><strong>τοῦ</strong></span> <span class='ocrx_word' id='word_1_634' title='bbox 1074 4563 1276 4636; x_wconf 74' lang='lat' dir='ltr'><strong>Kuplou</strong></span> <span class='ocrx_word' id='word_1_635' title='bbox 1313 4564 1368 4617; x_wconf 86' lang='lat' dir='ltr'><strong>’l.</strong></span> <span class='ocrx_word' id='word_1_636' title='bbox 1398 4565 1465 4618; x_wconf 85' lang='lat' dir='ltr'><strong>X.</strong></span> <span class='ocrx_word' id='word_1_637' title='bbox 1571 4575 1655 4636; x_wconf 86' lang='lat' dir='ltr'><strong>est</strong></span> <span class='ocrx_word' id='word_1_638' title='bbox 1683 4564 1810 4636; x_wconf 81' lang='lat' dir='ltr'><strong>Deo,</strong></span> <span class='ocrx_word' id='word_1_639' title='bbox 1838 4571 1888 4616; x_wconf 88' lang='lat' dir='ltr'><strong>et</strong></span> <span class='ocrx_word' id='word_1_640' title='bbox 1913 4560 2139 4636; x_wconf 81' lang='lat' dir='ltr'><strong>Domino</strong></span> 
     </span>
    </p>
   </div>
   <div class='ocr_carea' id='block_1_82' title="bbox 574 4632 2139 4703">
    <p class='ocr_par' dir='ltr' id='par_1_82' title="bbox 574 4632 2139 4703">
     <span class='ocr_line' id='line_1_83' title="bbox 574 4632 2139 4703; baseline -0.001 -15"><span class='ocrx_word' id='word_1_641' title='bbox 574 4635 628 4688; x_wconf 90' lang='lat' dir='ltr'><strong>J.</strong></span> <span class='ocrx_word' id='word_1_642' title='bbox 663 4632 725 4688; x_wconf 86' lang='lat' dir='ltr'><strong>C.</strong></span> <span class='ocrx_word' id='word_1_643' title='bbox 757 4640 828 4689; x_wconf 79' lang='lat' dir='ltr'><strong>At</strong></span> <span class='ocrx_word' id='word_1_644' title='bbox 857 4651 1066 4702; x_wconf 89' lang='lat' dir='ltr'><strong>vocem,</strong></span> <span class='ocrx_word' id='word_1_645' title='bbox 1097 4632 1346 4700; x_wconf 81' lang='lat' dir='ltr'><strong>Domino,</strong></span> <span class='ocrx_word' id='word_1_646' title='bbox 1383 4649 1450 4688; x_wconf 90' lang='lat' dir='ltr'><strong>ue</strong></span> <span class='ocrx_word' id='word_1_647' title='bbox 1492 4633 1650 4703; x_wconf 77' lang='lat' dir='ltr'><strong>Vulg.</strong></span> <span class='ocrx_word' id='word_1_648' title='bbox 1682 4634 1899 4703; x_wconf 85' lang='lat' dir='ltr'><strong>quidem</strong></span> <span class='ocrx_word' id='word_1_649' title='bbox 1931 4634 2031 4689; x_wconf 85' lang='lat' dir='ltr'><strong>iul.</strong></span> <span class='ocrx_word' id='word_1_650' title='bbox 2062 4633 2139 4686; x_wconf 86' lang='lat' dir='ltr'><strong>le-</strong></span> 
     </span>
    </p>
   </div>
   <div class='ocr_carea' id='block_1_83' title="bbox 613 4705 670 4758">
    <p class='ocr_par' dir='ltr' id='par_1_83' title="bbox 613 4705 670 4758">
     <span class='ocr_line' id='line_1_84' title="bbox 613 4705 670 4758; baseline 0 -1"><span class='ocrx_word' id='word_1_651' title='bbox 613 4705 670 4758; x_wconf 83' lang='lat' dir='ltr'><strong>il.</strong></span> 
     </span>
    </p>
   </div>
   <div class='ocr_carea' id='block_1_84' title="bbox 575 4722 2138 4844">
    <p class='ocr_par' dir='ltr' id='par_1_84' title="bbox 575 4722 2138 4844">
     <span class='ocr_line' id='line_1_85' title="bbox 575 4722 2138 4844; baseline -0.003 -16"><span class='ocrx_word' id='word_1_652' title='bbox 575 4722 762 4843; x_wconf 62' lang='grc' dir='ltr'><strong>ιςιι(41)</strong></span> <span class='ocrx_word' id='word_1_653' title='bbox 805 4772 871 4828; x_wconf 86' lang='lat' dir='ltr'><strong>Et</strong></span> <span class='ocrx_word' id='word_1_654' title='bbox 901 4775 1196 4828; x_wconf 83' lang='lat' dir='ltr'><strong>adventum.</strong></span> <span class='ocrx_word' id='word_1_655' title='bbox 1227 4773 1412 4830; x_wconf 67' lang='lat' dir='ltr'><strong>Graeca</strong></span> <span class='ocrx_word' id='word_1_656' title='bbox 1447 4773 1616 4828; x_wconf 89' lang='lat' dir='ltr'><strong>editio</strong></span> <span class='ocrx_word' id='word_1_657' title='bbox 1649 4790 1832 4844; x_wconf 52' lang='lat' dir='ltr'><strong>auat:</strong></span> <span class='ocrx_word' id='word_1_658' title='bbox 1859 4774 1982 4844; x_wconf 80' lang='grc' dir='ltr'><strong>τήν,</strong></span> <span class='ocrx_word' id='word_1_659' title='bbox 2008 4779 2138 4838; x_wconf 86' lang='lat' dir='ltr'><strong>etc.,</strong></span> 
     </span>
    </p>
   </div>
   <div class='ocr_carea' id='block_1_85' title="bbox 577 4843 2140 4914">
    <p class='ocr_par' dir='ltr' id='par_1_85' title="bbox 577 4843 2140 4914">
     <span class='ocr_line' id='line_1_86' title="bbox 577 4843 2140 4914; baseline -0.002 -16"><span class='ocrx_word' id='word_1_660' title='bbox 577 4844 630 4898; x_wconf 85' lang='lat' dir='ltr'><strong>id</strong></span> <span class='ocrx_word' id='word_1_661' title='bbox 661 4854 743 4898; x_wconf 88' lang='lat' dir='ltr'><strong>est</strong></span> <span class='ocrx_word' id='word_1_662' title='bbox 785 4847 948 4913; x_wconf 75' lang='lat' dir='ltr'><strong>juxta</strong></span> <span class='ocrx_word' id='word_1_663' title='bbox 991 4845 1272 4897; x_wconf 85' lang='lat' dir='ltr'><strong>adventum</strong></span> <span class='ocrx_word' id='word_1_664' title='bbox 1324 4846 1505 4912; x_wconf 80' lang='lat' dir='ltr'><strong>ipsius.</strong></span> <span class='ocrx_word' id='word_1_665' title='bbox 1547 4844 1627 4914; x_wconf 16' lang='lat' dir='ltr'><strong>AAt</strong></span> <span class='ocrx_word' id='word_1_666' title='bbox 1679 4843 1830 4914; x_wconf 77' lang='lat' dir='ltr'><strong>Vulg.</strong></span> <span class='ocrx_word' id='word_1_667' title='bbox 1873 4843 2140 4911; x_wconf 85' lang='lat' dir='ltr'><strong>interpres</strong></span> 
     </span>
    </p>
   </div>
   <div class='ocr_carea' id='block_1_86' title="bbox 575 4912 2131 4985">
    <p class='ocr_par' dir='ltr' id='par_1_86' title="bbox 575 4912 2131 4985">
     <span class='ocr_line' id='line_1_87' title="bbox 575 4912 2131 4985; baseline -0.002 -17"><span class='ocrx_word' id='word_1_668' title='bbox 575 4912 794 4968; x_wconf 87' lang='lat' dir='ltr'><strong>videtur</strong></span> <span class='ocrx_word' id='word_1_669' title='bbox 810 4916 1086 4985; x_wconf 84' lang='lat' dir='ltr'><strong>legissent</strong></span> <span class='ocrx_word' id='word_1_670' title='bbox 1113 4915 1397 4985; x_wconf 83' lang='lat' dir='ltr'><strong>Didymus;</strong></span> <span class='ocrx_word' id='word_1_671' title='bbox 1424 4912 1586 4969; x_wconf 81' lang='lat' dir='ltr'><strong>vertit</strong></span> <span class='ocrx_word' id='word_1_672' title='bbox 1610 4915 1755 4968; x_wconf 90' lang='lat' dir='ltr'><strong>enim</strong></span> <span class='ocrx_word' id='word_1_673' title='bbox 1779 4912 2131 4981; x_wconf 68' lang='lat' dir='ltr'><strong>itesti/icor...</strong></span> 
     </span>
    </p>
   </div>
   <div class='ocr_carea' id='block_1_87' title="bbox 575 4984 1185 5054">
    <p class='ocr_par' dir='ltr' id='par_1_87' title="bbox 575 4984 1185 5054">
     <span class='ocr_line' id='line_1_88' title="bbox 575 4984 1185 5054; baseline 0.002 -17"><span class='ocrx_word' id='word_1_674' title='bbox 575 5000 666 5054; x_wconf 83' lang='lat' dir='ltr'><strong>per</strong></span> <span class='ocrx_word' id='word_1_675' title='bbox 699 4984 974 5054; x_wconf 84' lang='lat' dir='ltr'><strong>adventum</strong></span> <span class='ocrx_word' id='word_1_676' title='bbox 1003 4984 1185 5054; x_wconf 73' lang='lat' dir='ltr'><strong>ipsius.</strong></span> 
     </span>
    </p>
   </div>
   <div class='ocr_carea' id='block_1_88' title="bbox 673 5052 1474 5123">
    <p class='ocr_par' dir='ltr' id='par_1_88' title="bbox 673 5052 1474 5123">
     <span class='ocr_line' id='line_1_89' title="bbox 673 5052 1474 5123; baseline 0 -15"><span class='ocrx_word' id='word_1_677' title='bbox 673 5055 760 5123; x_wconf 76' lang='grc'><strong>42)</strong></span> <span class='ocrx_word' id='word_1_678' title='bbox 793 5053 858 5107; x_wconf 77' lang='lat' dir='ltr'><strong>Et</strong></span> <span class='ocrx_word' id='word_1_679' title='bbox 890 5056 977 5106; x_wconf 88' lang='lat' dir='ltr'><strong>ad.</strong></span> <span class='ocrx_word' id='word_1_680' title='bbox 1023 5053 1181 5108; x_wconf 83' lang='lat' dir='ltr'><strong>Hebr.</strong></span> <span class='ocrx_word' id='word_1_681' title='bbox 1214 5071 1251 5118; x_wconf 88' lang='lat' dir='ltr'><strong>I,</strong></span> <span class='ocrx_word' id='word_1_682' title='bbox 1285 5053 1317 5106; x_wconf 83' lang='lat'><strong>7</strong></span> <span class='ocrx_word' id='word_1_683' title='bbox 1346 5063 1398 5106; x_wconf 90' lang='lat' dir='ltr'><strong>et</strong></span> <span class='ocrx_word' id='word_1_684' title='bbox 1421 5052 1474 5108; x_wconf 90' lang='lat'><strong>8.</strong></span> 
     </span>
    </p>
   </div>
   <div class='ocr_carea' id='block_1_89' title="bbox 669 5121 2134 5194">
    <p class='ocr_par' dir='ltr' id='par_1_89' title="bbox 669 5121 2134 5194">
     <span class='ocr_line' id='line_1_90' title="bbox 669 5121 2134 5194; baseline -0.002 -17"><span class='ocrx_word' id='word_1_685' title='bbox 669 5121 760 5194; x_wconf 81' lang='grc'><strong>45)</strong></span> <span class='ocrx_word' id='word_1_686' title='bbox 802 5123 1062 5194; x_wconf 22' lang='grc' dir='ltr'><strong>ΤΙιτοηιιγς.</strong></span> <span class='ocrx_word' id='word_1_687' title='bbox 1099 5126 1256 5189; x_wconf 82' lang='lat' dir='ltr'><strong>Sive,</strong></span> <span class='ocrx_word' id='word_1_688' title='bbox 1283 5125 1448 5178; x_wconf 86' lang='lat' dir='ltr'><strong>sedes.</strong></span> <span class='ocrx_word' id='word_1_689' title='bbox 1483 5121 1569 5177; x_wconf 87' lang='lat' dir='ltr'><strong>Ps.</strong></span> <span class='ocrx_word' id='word_1_690' title='bbox 1590 5138 1740 5194; x_wconf 1' lang='grc' dir='ltr'><strong>(κων,</strong></span> <span class='ocrx_word' id='word_1_691' title='bbox 1777 5137 1920 5176; x_wconf 77' lang='lat' dir='ltr'><strong>vers.</strong></span> <span class='ocrx_word' id='word_1_692' title='bbox 1947 5123 1980 5177; x_wconf 91' lang='lat'><strong>8</strong></span> <span class='ocrx_word' id='word_1_693' title='bbox 2007 5131 2060 5176; x_wconf 86' lang='lat' dir='ltr'><strong>et</strong></span> <span class='ocrx_word' id='word_1_694' title='bbox 2081 5122 2134 5177; x_wconf 89' lang='lat'><strong>9.</strong></span> 
     </span>
    </p>
   </div>
   <div class='ocr_carea' id='block_1_90' title="bbox 578 5193 2140 5265">
    <p class='ocr_par' dir='ltr' id='par_1_90' title="bbox 578 5193 2140 5265">
     <span class='ocr_line' id='line_1_91' title="bbox 578 5193 2140 5265; baseline -0.002 -17"><span class='ocrx_word' id='word_1_695' title='bbox 578 5193 694 5265; x_wconf 83' lang='lat' dir='ltr'><strong>(seu</strong></span> <span class='ocrx_word' id='word_1_696' title='bbox 725 5193 756 5247; x_wconf 83' lang='lat'><strong>7</strong></span> <span class='ocrx_word' id='word_1_697' title='bbox 793 5205 846 5247; x_wconf 88' lang='lat' dir='ltr'><strong>et</strong></span> <span class='ocrx_word' id='word_1_698' title='bbox 879 5194 953 5262; x_wconf 91' lang='grc'><strong>8).</strong></span> <span class='ocrx_word' id='word_1_699' title='bbox 991 5193 1179 5265; x_wconf 68' lang='lat' dir='ltr'><strong>Graeca</strong></span> <span class='ocrx_word' id='word_1_700' title='bbox 1209 5196 1372 5248; x_wconf 87' lang='lat' dir='ltr'><strong>editio</strong></span> <span class='ocrx_word' id='word_1_701' title='bbox 1402 5210 1518 5265; x_wconf 86' lang='lat' dir='ltr'><strong>pro,</strong></span> <span class='ocrx_word' id='word_1_702' title='bbox 1543 5193 1780 5255; x_wconf 83' lang='grc' dir='ltr'><strong>ἀδικίαν,</strong></span> <span class='ocrx_word' id='word_1_703' title='bbox 1806 5195 1988 5258; x_wconf 86' lang='lat' dir='ltr'><strong>habet,</strong></span> <span class='ocrx_word' id='word_1_704' title='bbox 2015 5193 2140 5246; x_wconf 85' lang='grc' dir='ltr'><strong>ἀνο-</strong></span> 
     </span>
    </p>
   </div>
   <div class='ocr_carea' id='block_1_91' title="bbox 576 5263 1538 5336">
    <p class='ocr_par' dir='ltr' id='par_1_91' title="bbox 576 5263 1538 5336">
     <span class='ocr_line' id='line_1_92' title="bbox 576 5263 1538 5336; baseline 0 -20"><span class='ocrx_word' id='word_1_705' title='bbox 576 5263 731 5336; x_wconf 71' lang='grc' dir='ltr'><strong>μίαν,</strong></span> <span class='ocrx_word' id='word_1_706' title='bbox 764 5275 964 5336; x_wconf 87' lang='lat' dir='ltr'><strong>et_pto,</strong></span> <span class='ocrx_word' id='word_1_707' title='bbox 990 5263 1110 5336; x_wconf 48' lang='lat' dir='ltr'><strong>Ges,</strong></span> <span class='ocrx_word' id='word_1_708' title='bbox 1139 5265 1300 5318; x_wconf 85' lang='lat' dir='ltr'><strong>habet</strong></span> <span class='ocrx_word' id='word_1_709' title='bbox 1333 5265 1362 5316; x_wconf 83' lang='grc' dir='ltr'>ὁ</span> <span class='ocrx_word' id='word_1_710' title='bbox 1389 5263 1538 5326; x_wconf 84' lang='grc' dir='ltr'><strong>Θεός.</strong></span> 
     </span>
    </p>
   </div>
   <div class='ocr_carea' id='block_1_92' title="bbox 673 5333 1660 5406">
    <p class='ocr_par' dir='ltr' id='par_1_92' title="bbox 673 5333 1660 5406">
     <span class='ocr_line' id='line_1_93' title="bbox 673 5333 1660 5406; baseline -0.002 -17"><span class='ocrx_word' id='word_1_711' title='bbox 673 5336 760 5406; x_wconf 83' lang='grc'><strong>44)</strong></span> <span class='ocrx_word' id='word_1_712' title='bbox 805 5333 1057 5406; x_wconf 68' lang='lat' dir='ltr'><strong>Regnum.</strong></span> <span class='ocrx_word' id='word_1_713' title='bbox 1193 5350 1376 5397; x_wconf 76' lang='lat' dir='ltr'><strong>cxmv,</strong></span> <span class='ocrx_word' id='word_1_714' title='bbox 1409 5351 1548 5406; x_wconf 72' lang='lat' dir='ltr'><strong>vers.</strong></span> <span class='ocrx_word' id='word_1_715' title='bbox 1576 5335 1660 5388; x_wconf 77' lang='lat' dir='ltr'><strong>l5.</strong></span> 
     </span>
    </p>
   </div>
   <div class='ocr_carea' id='block_1_93' title="bbox 645 5341 2135 5476">
    <p class='ocr_par' dir='ltr' id='par_1_93' title="bbox 645 5341 2135 5476">
     <span class='ocr_line' id='line_1_94' title="bbox 673 5341 1660 5406; baseline 0.001 -20"><span class='ocrx_word' id='word_1_716' title='bbox 673 5341 760 5406; x_wconf 81' lang='grc'><strong>44)</strong></span> <span class='ocrx_word' id='word_1_717' title='bbox 805 5341 1057 5401; x_wconf 81' lang='lat' dir='ltr'><strong>ltegnum.</strong></span> <span class='ocrx_word' id='word_1_718' title='bbox 1078 5341 1164 5387; x_wconf 84' lang='lat' dir='ltr'><strong>Ps.</strong></span> <span class='ocrx_word' id='word_1_719' title='bbox 1193 5350 1376 5397; x_wconf 77' lang='lat' dir='ltr'><strong>csLIv,</strong></span> <span class='ocrx_word' id='word_1_720' title='bbox 1409 5351 1548 5389; x_wconf 89' lang='lat' dir='ltr'><strong>vers.</strong></span> <span class='ocrx_word' id='word_1_721' title='bbox 1576 5341 1660 5388; x_wconf 77' lang='lat' dir='ltr'><strong>l3.</strong></span> 
     </span>
     <span class='ocr_line' id='line_1_95' title="bbox 645 5341 2135 5476; baseline -0.001 -18"><span class='ocrx_word' id='word_1_722' title='bbox 645 5341 757 5476; x_wconf 59' lang='grc'><strong>(45)</strong></span> <span class='ocrx_word' id='word_1_723' title='bbox 800 5403 863 5458; x_wconf 86' lang='grc' dir='ltr'><em>1η</em></span> <span class='ocrx_word' id='word_1_724' title='bbox 912 5421 940 5476; x_wconf 75' lang='lat' dir='ltr'><strong>x</strong></span> <span class='ocrx_word' id='word_1_725' title='bbox 991 5404 1212 5466; x_wconf 83' lang='lat' dir='ltr'><strong>psalmo.</strong></span> <span class='ocrx_word' id='word_1_726' title='bbox 1249 5407 1381 5457; x_wconf 71' lang='lat' dir='ltr'><strong>Cum</strong></span> <span class='ocrx_word' id='word_1_727' title='bbox 1433 5404 1765 5458; x_wconf 84' lang='lat' dir='ltr'><strong>Psalmorum</strong></span> <span class='ocrx_word' id='word_1_728' title='bbox 1818 5405 2026 5476; x_wconf 83' lang='lat' dir='ltr'><strong>numeri</strong></span> <span class='ocrx_word' id='word_1_729' title='bbox 2085 5402 2135 5476; x_wconf 89' lang='lat' dir='ltr'><strong>in</strong></span> 
     </span>
    </p>
   </div>
   <div class='ocr_carea' id='block_1_94' title="bbox 572 5472 2138 5543">
    <p class='ocr_par' dir='ltr' id='par_1_94' title="bbox 572 5472 2138 5543">
     <span class='ocr_line' id='line_1_96' title="bbox 572 5472 2138 5543; baseline -0.004 -11"><span class='ocrx_word' id='word_1_730' title='bbox 572 5472 762 5532; x_wconf 56' lang='grc' dir='ltr'><strong>ϐεξκεεὰ</strong></span> <span class='ocrx_word' id='word_1_731' title='bbox 797 5475 1030 5528; x_wconf 80' lang='lat' dir='ltr'><strong>editione</strong></span> <span class='ocrx_word' id='word_1_732' title='bbox 1057 5491 1086 5526; x_wconf 90' lang='lat' dir='ltr'><strong>a</strong></span> <span class='ocrx_word' id='word_1_733' title='bbox 1119 5475 1357 5528; x_wconf 89' lang='lat' dir='ltr'><strong>numeris</strong></span> <span class='ocrx_word' id='word_1_734' title='bbox 1385 5475 1711 5543; x_wconf 86' lang='lat' dir='ltr'><strong>discrepent,</strong></span> <span class='ocrx_word' id='word_1_735' title='bbox 1743 5490 1877 5543; x_wconf 89' lang='lat' dir='ltr'><strong>quos</strong></span> <span class='ocrx_word' id='word_1_736' title='bbox 1908 5474 2138 5527; x_wconf 80' lang='lat' dir='ltr'><strong>Hebrai-</strong></span> 
     </span>
    </p>
   </div>
   <div class='ocr_carea' id='block_1_95' title="bbox 573 5544 2134 5616">
    <p class='ocr_par' dir='ltr' id='par_1_95' title="bbox 573 5544 2134 5616">
     <span class='ocr_line' id='line_1_97' title="bbox 573 5544 2134 5616; baseline -0.003 -17"><span class='ocrx_word' id='word_1_737' title='bbox 573 5560 696 5600; x_wconf 89' lang='lat' dir='ltr'><strong>cum</strong></span> <span class='ocrx_word' id='word_1_738' title='bbox 730 5544 1213 5616; x_wconf 76' lang='lat' dir='ltr'><strong>exeinplarhabet,</strong></span> <span class='ocrx_word' id='word_1_739' title='bbox 1248 5545 1356 5596; x_wconf 88' lang='lat' dir='ltr'><strong>imo</strong></span> <span class='ocrx_word' id='word_1_740' title='bbox 1386 5559 1450 5597; x_wconf 79' lang='lat' dir='ltr'><strong>ex</strong></span> <span class='ocrx_word' id='word_1_741' title='bbox 1486 5547 1587 5598; x_wconf 87' lang='lat' dir='ltr'><strong>hoc</strong></span> <span class='ocrx_word' id='word_1_742' title='bbox 1620 5547 1753 5612; x_wconf 89' lang='lat' dir='ltr'><strong>ipso,</strong></span> <span class='ocrx_word' id='word_1_743' title='bbox 1786 5561 1945 5612; x_wconf 87' lang='lat' dir='ltr'><strong>quem</strong></span> <span class='ocrx_word' id='word_1_744' title='bbox 1974 5544 2134 5616; x_wconf 81' lang='lat' dir='ltr'><strong>Didy-</strong></span> 
     </span>
    </p>
   </div>
   <div class='ocr_carea' id='block_1_96' title="bbox 577 5614 2136 5684">
    <p class='ocr_par' dir='ltr' id='par_1_96' title="bbox 577 5614 2136 5684">
     <span class='ocr_line' id='line_1_98' title="bbox 577 5614 2136 5684; baseline -0.002 -14"><span class='ocrx_word' id='word_1_745' title='bbox 577 5633 696 5670; x_wconf 78' lang='lat' dir='ltr'><strong>mus</strong></span> <span class='ocrx_word' id='word_1_746' title='bbox 723 5614 1113 5684; x_wconf 58' lang='lat' dir='ltr'><strong>citat,&#39;psalmo</strong></span> <span class='ocrx_word' id='word_1_747' title='bbox 1142 5615 1505 5681; x_wconf 75' lang='lat' dir='ltr'><strong>discrepantia</strong></span> <span class='ocrx_word' id='word_1_748' title='bbox 1533 5616 1846 5668; x_wconf 78' lang='lat' dir='ltr'><strong>cxordialur</strong></span> <span class='ocrx_word' id='word_1_749' title='bbox 1874 5615 2136 5684; x_wconf 78' lang='lat' dir='ltr'><strong>(psalmus</strong></span> 
     </span>
    </p>
   </div>
   <div class='ocr_carea' id='block_1_97' title="bbox 573 5682 2135 5753">
    <p class='ocr_par' dir='ltr' id='par_1_97' title="bbox 573 5682 2135 5753">
     <span class='ocr_line' id='line_1_99' title="bbox 573 5682 2135 5753; baseline -0.001 -14"><span class='ocrx_word' id='word_1_750' title='bbox 573 5689 740 5749; x_wconf 79' lang='lat' dir='ltr'><strong>enim,</strong></span> <span class='ocrx_word' id='word_1_751' title='bbox 783 5690 872 5753; x_wconf 90' lang='lat' dir='ltr'><strong>qui</strong></span> <span class='ocrx_word' id='word_1_752' title='bbox 907 5682 1104 5740; x_wconf 72' lang='lat' dir='ltr'><strong>Graecis</strong></span> <span class='ocrx_word' id='word_1_753' title='bbox 1141 5694 1225 5738; x_wconf 87' lang='lat' dir='ltr'><strong>est</strong></span> <span class='ocrx_word' id='word_1_754' title='bbox 1271 5698 1461 5750; x_wconf 88' lang='lat' dir='ltr'><strong>nonus,</strong></span> <span class='ocrx_word' id='word_1_755' title='bbox 1500 5684 1554 5738; x_wconf 88' lang='lat' dir='ltr'><strong>in</strong></span> <span class='ocrx_word' id='word_1_756' title='bbox 1605 5687 1738 5739; x_wconf 88' lang='lat' dir='ltr'><strong>duos</strong></span> <span class='ocrx_word' id='word_1_757' title='bbox 1783 5685 1848 5736; x_wconf 86' lang='lat' dir='ltr'><strong>ab</strong></span> <span class='ocrx_word' id='word_1_758' title='bbox 1886 5682 2135 5737; x_wconf 17' lang='lat' dir='ltr'><strong>Vlicbragis</strong></span> 
     </span>
    </p>
   </div>
   <div class='ocr_carea' id='block_1_98' title="bbox 573 5755 2132 5826">
    <p class='ocr_par' dir='ltr' id='par_1_98' title="bbox 573 5755 2132 5826">
     <span class='ocr_line' id='line_1_100' title="bbox 573 5755 2132 5826; baseline -0.004 -12"><span class='ocrx_word' id='word_1_759' title='bbox 573 5768 807 5823; x_wconf 84' lang='lat' dir='ltr'><strong>secatur,</strong></span> <span class='ocrx_word' id='word_1_760' title='bbox 838 5771 1064 5826; x_wconf 86' lang='lat' dir='ltr'><strong>quorum</strong></span> <span class='ocrx_word' id='word_1_761' title='bbox 1106 5759 1240 5812; x_wconf 84' lang='lat' dir='ltr'><strong>alter</strong></span> <span class='ocrx_word' id='word_1_762' title='bbox 1277 5769 1452 5812; x_wconf 86' lang='lat' dir='ltr'><strong>nouus</strong></span> <span class='ocrx_word' id='word_1_763' title='bbox 1481 5757 1548 5813; x_wconf 85' lang='lat' dir='ltr'><strong>ab</strong></span> <span class='ocrx_word' id='word_1_764' title='bbox 1582 5755 1692 5812; x_wconf 87' lang='lat' dir='ltr'><strong>illis</strong></span> <span class='ocrx_word' id='word_1_765' title='bbox 1735 5755 1957 5819; x_wconf 86' lang='lat' dir='ltr'><strong>dicitur,</strong></span> <span class='ocrx_word' id='word_1_766' title='bbox 1996 5756 2132 5811; x_wconf 76' lang='lat' dir='ltr'><strong>alter</strong></span> 
     </span>
    </p>
   </div>
   <div class='ocr_carea' id='block_1_99' title="bbox 2248 3251 3836 3328">
    <p class='ocr_par' dir='ltr' id='par_1_99' title="bbox 2248 3251 3836 3328">
     <span class='ocr_line' id='line_1_101' title="bbox 2248 3251 3836 3328; baseline 0 -19"><span class='ocrx_word' id='word_1_767' title='bbox 2248 3275 2340 3328; x_wconf 87' lang='grc' dir='ltr'><strong>χον</strong></span> <span class='ocrx_word' id='word_1_768' title='bbox 2372 3257 2535 3311; x_wconf 79' lang='grc' dir='ltr'><strong>αὑτοῦ</strong></span> <span class='ocrx_word' id='word_1_769' title='bbox 2578 3257 2673 3310; x_wconf 74' lang='grc' dir='ltr'><strong>καὶ</strong></span> <span class='ocrx_word' id='word_1_770' title='bbox 2720 3257 3022 3326; x_wconf 82' lang='grc' dir='ltr'><strong>ἀπέραντον</strong></span> <span class='ocrx_word' id='word_1_771' title='bbox 3069 3257 3166 3328; x_wconf 78' lang='grc' dir='ltr'><strong>τὴν</strong></span> <span class='ocrx_word' id='word_1_772' title='bbox 3218 3255 3493 3326; x_wconf 77' lang='grc' dir='ltr'><strong>βασιλείαν</strong></span> <span class='ocrx_word' id='word_1_773' title='bbox 3541 3251 3676 3309; x_wconf 81' lang='grc' dir='ltr'><strong>εἶναι</strong></span> <span class='ocrx_word' id='word_1_774' title='bbox 3738 3275 3836 3309; x_wconf 79' lang='grc' dir='ltr'><strong>πι-</strong></span> 
     </span>
    </p>
   </div>
   <div class='ocr_carea' id='block_1_100' title="bbox 2251 3348 3833 3421">
    <p class='ocr_par' dir='ltr' id='par_1_100' title="bbox 2251 3348 3833 3421">
     <span class='ocr_line' id='line_1_102' title="bbox 2251 3348 3833 3421; baseline -0.001 -18"><span class='ocrx_word' id='word_1_775' title='bbox 2251 3350 2536 3413; x_wconf 81' lang='grc' dir='ltr'><strong>στεύοντας</strong></span> <span class='ocrx_word' id='word_1_776' title='bbox 2564 3391 2578 3415; x_wconf 88' lang='grc'><em>,</em></span> <span class='ocrx_word' id='word_1_777' title='bbox 2609 3348 2928 3418; x_wconf 78' lang='grc' dir='ltr'><strong>ἀπωσθῆναι</strong></span> <span class='ocrx_word' id='word_1_778' title='bbox 2967 3349 3044 3414; x_wconf 80' lang='grc' dir='ltr'><strong>δὲ,</strong></span> <span class='ocrx_word' id='word_1_779' title='bbox 3073 3349 3148 3411; x_wconf 78' lang='grc' dir='ltr'><strong>ὡς</strong></span> <span class='ocrx_word' id='word_1_780' title='bbox 3185 3349 3366 3420; x_wconf 80' lang='grc' dir='ltr'><strong>μικρῷ</strong></span> <span class='ocrx_word' id='word_1_781' title='bbox 3395 3348 3628 3420; x_wconf 79' lang='grc' dir='ltr'><strong>πρόσθεν</strong></span> <span class='ocrx_word' id='word_1_782' title='bbox 3666 3352 3833 3421; x_wconf 76' lang='grc' dir='ltr'><strong>εἴρη-</strong></span> 
     </span>
    </p>
   </div>
   <div class='ocr_carea' id='block_1_101' title="bbox 2245 3439 3832 3512">
    <p class='ocr_par' dir='ltr' id='par_1_101' title="bbox 2245 3439 3832 3512">
     <span class='ocr_line' id='line_1_103' title="bbox 2245 3439 3832 3512; baseline 0.001 -18"><span class='ocrx_word' id='word_1_783' title='bbox 2245 3459 2356 3504; x_wconf 81' lang='grc' dir='ltr'><strong>ται,</strong></span> <span class='ocrx_word' id='word_1_784' title='bbox 2397 3443 2521 3504; x_wconf 83' lang='grc' dir='ltr'><strong>τοὺς</strong></span> <span class='ocrx_word' id='word_1_785' title='bbox 2563 3442 2637 3512; x_wconf 80' lang='grc' dir='ltr'><strong>μὴ</strong></span> <span class='ocrx_word' id='word_1_786' title='bbox 2683 3441 2984 3512; x_wconf 79' lang='grc' dir='ltr'><strong>κράζοντας</strong></span> <span class='ocrx_word' id='word_1_787' title='bbox 3038 3439 3179 3493; x_wconf 71' lang='grc' dir='ltr'><strong>κατὰ</strong></span> <span class='ocrx_word' id='word_1_788' title='bbox 3227 3441 3317 3493; x_wconf 77' lang='grc' dir='ltr'><strong>τὸν</strong></span> <span class='ocrx_word' id='word_1_789' title='bbox 3364 3441 3672 3510; x_wconf 71' lang='grc' dir='ltr'><strong>Νάοαναήλο</strong></span> <span class='ocrx_word' id='word_1_790' title='bbox 3740 3442 3832 3495; x_wconf 83' lang='grc' dir='ltr'><em>Σὺ</em></span> 
     </span>
    </p>
   </div>
   <div class='ocr_carea' id='block_1_102' title="bbox 2244 3527 3836 3598">
    <p class='ocr_par' dir='ltr' id='par_1_102' title="bbox 2244 3527 3836 3598">
     <span class='ocr_line' id='line_1_104' title="bbox 2244 3527 3836 3598; baseline 0 -12"><span class='ocrx_word' id='word_1_791' title='bbox 2244 3529 2304 3586; x_wconf 81' lang='grc' dir='ltr'><strong>εἴ</strong></span> <span class='ocrx_word' id='word_1_792' title='bbox 2353 3535 2385 3586; x_wconf 81' lang='grc' dir='ltr'><em>ὁ</em></span> <span class='ocrx_word' id='word_1_793' title='bbox 2453 3533 2578 3598; x_wconf 70' lang='grc' dir='ltr'><strong>Υἱὸς</strong></span> <span class='ocrx_word' id='word_1_794' title='bbox 2630 3533 2736 3586; x_wconf 86' lang='grc' dir='ltr'><strong>τοῦ</strong></span> <span class='ocrx_word' id='word_1_795' title='bbox 2801 3533 2979 3595; x_wconf 85' lang='grc' dir='ltr'><strong>Θεοῦ,</strong></span> <span class='ocrx_word' id='word_1_796' title='bbox 3035 3532 3115 3586; x_wconf 83' lang='grc' dir='ltr'><strong>σὺ</strong></span> <span class='ocrx_word' id='word_1_797' title='bbox 3167 3527 3223 3585; x_wconf 76' lang='grc' dir='ltr'><strong>εἷ</strong></span> <span class='ocrx_word' id='word_1_798' title='bbox 3273 3535 3306 3586; x_wconf 80' lang='grc' dir='ltr'><em>ό</em></span> <span class='ocrx_word' id='word_1_799' title='bbox 3352 3532 3650 3596; x_wconf 66' lang='grc' dir='ltr'><em>Βασιλεὺς</em></span> <span class='ocrx_word' id='word_1_800' title='bbox 3701 3533 3836 3586; x_wconf 74' lang='grc' dir='ltr'><strong>τῶν</strong></span> 
     </span>
    </p>
   </div>
   <div class='ocr_carea' id='block_1_103' title="bbox 2240 3623 3830 3695">
    <p class='ocr_par' dir='ltr' id='par_1_103' title="bbox 2240 3623 3830 3695">
     <span class='ocr_line' id='line_1_105' title="bbox 2240 3623 3830 3695; baseline 0 -17"><span class='ocrx_word' id='word_1_801' title='bbox 2240 3625 2628 3694; x_wconf 67' lang='grc' dir='ltr'><strong>Χριστιανῶν-⁸</strong></span> <span class='ocrx_word' id='word_1_802' title='bbox 2708 3626 2816 3678; x_wconf 72' lang='grc' dir='ltr'><strong>Καὶ</strong></span> <span class='ocrx_word' id='word_1_803' title='bbox 2896 3623 2993 3695; x_wconf 81' lang='grc' dir='ltr'><strong>τὴν</strong></span> <span class='ocrx_word' id='word_1_804' title='bbox 3054 3624 3386 3695; x_wconf 78' lang='grc' dir='ltr'><strong>προφητείαν</strong></span> <span class='ocrx_word' id='word_1_805' title='bbox 3438 3624 3494 3677; x_wconf 85' lang='grc' dir='ltr'>δὲ</span> <span class='ocrx_word' id='word_1_806' title='bbox 3554 3625 3786 3678; x_wconf 76' lang='grc' dir='ltr'><strong>Ἢσαῖου</strong></span> <span class='ocrx_word' id='word_1_807' title='bbox 3814 3668 3830 3689; x_wconf 84' lang='grc'>,</span> 
     </span>
    </p>
   </div>
   <div class='ocr_carea' id='block_1_104' title="bbox 2241 3716 3835 3786">
    <p class='ocr_par' dir='ltr' id='par_1_104' title="bbox 2241 3716 3835 3786">
     <span class='ocr_line' id='line_1_106' title="bbox 2241 3716 3835 3786; baseline 0.003 -17"><span class='ocrx_word' id='word_1_808' title='bbox 2241 3716 2340 3786; x_wconf 78' lang='grc' dir='ltr'><strong>τὴν</strong></span> <span class='ocrx_word' id='word_1_809' title='bbox 2408 3717 2686 3784; x_wconf 82' lang='grc' dir='ltr'><strong>λέγουσαν.</strong></span> <span class='ocrx_word' id='word_1_810' title='bbox 2749 3716 2863 3770; x_wconf 78' lang='grc' dir='ltr'><strong>Τὸν</strong></span> <span class='ocrx_word' id='word_1_811' title='bbox 2947 3717 3212 3770; x_wconf 81' lang='grc' dir='ltr'><strong>Βασιλέα</strong></span> <span class='ocrx_word' id='word_1_812' title='bbox 3284 3718 3502 3784; x_wconf 80' lang='grc' dir='ltr'><strong>Κύριον</strong></span> <span class='ocrx_word' id='word_1_813' title='bbox 3577 3719 3835 3774; x_wconf 71' lang='grc' dir='ltr'><strong>Σαϐαὼθ</strong></span> 
     </span>
    </p>
   </div>
   <div class='ocr_carea' id='block_1_105' title="bbox 2243 3807 3835 3878">
    <p class='ocr_par' dir='ltr' id='par_1_105' title="bbox 2243 3807 3835 3878">
     <span class='ocr_line' id='line_1_107' title="bbox 2243 3807 3835 3878; baseline 0.001 -18"><span class='ocrx_word' id='word_1_814' title='bbox 2243 3807 2376 3860; x_wconf 79' lang='grc' dir='ltr'>τδον</span> <span class='ocrx_word' id='word_1_815' title='bbox 2418 3807 2541 3870; x_wconf 85' lang='grc' dir='ltr'><em>τοῖς</em></span> <span class='ocrx_word' id='word_1_816' title='bbox 2585 3807 2918 3875; x_wconf 64' lang='grc' dir='ltr'><strong>ὀφθαλμοῖς</strong></span> <span class='ocrx_word' id='word_1_817' title='bbox 2949 3826 3103 3876; x_wconf 84' lang='grc' dir='ltr'><strong>μου,</strong></span> <span class='ocrx_word' id='word_1_818' title='bbox 3153 3807 3362 3871; x_wconf 80' lang='grc' dir='ltr'><strong>Παῦλος</strong></span> <span class='ocrx_word' id='word_1_819' title='bbox 3399 3809 3498 3878; x_wconf 82' lang='grc' dir='ltr'><strong>μὲν</strong></span> <span class='ocrx_word' id='word_1_820' title='bbox 3537 3809 3612 3877; x_wconf 78' lang='grc' dir='ltr'><strong>τῷ</strong></span> <span class='ocrx_word' id='word_1_821' title='bbox 3646 3811 3835 3862; x_wconf 70' lang='lat' dir='ltr'><strong>Ilst-</strong></span> 
     </span>
    </p>
   </div>
   <div class='ocr_carea' id='block_1_106' title="bbox 2248 3897 3835 3972">
    <p class='ocr_par' dir='ltr' id='par_1_106' title="bbox 2248 3897 3835 3972">
     <span class='ocr_line' id='line_1_108' title="bbox 2248 3897 3835 3972; baseline 0.001 -20"><span class='ocrx_word' id='word_1_822' title='bbox 2248 3917 2378 3970; x_wconf 87' lang='grc' dir='ltr'><strong>ματι</strong></span> <span class='ocrx_word' id='word_1_823' title='bbox 2427 3899 2520 3952; x_wconf 80' lang='grc' dir='ltr'><strong>τοῦ</strong></span> <span class='ocrx_word' id='word_1_824' title='bbox 2575 3897 2710 3952; x_wconf 75' lang='grc' dir='ltr'><strong>Θεοῦ</strong></span> <span class='ocrx_word' id='word_1_825' title='bbox 2757 3898 3054 3968; x_wconf 80' lang='grc' dir='ltr'><strong>ἀνέθηκεν,</strong></span> <span class='ocrx_word' id='word_1_826' title='bbox 3118 3899 3367 3970; x_wconf 81' lang='grc' dir='ltr'><strong>Ἰωάννης</strong></span> <span class='ocrx_word' id='word_1_827' title='bbox 3438 3900 3492 3953; x_wconf 80' lang='grc' dir='ltr'>δὲ</span> <span class='ocrx_word' id='word_1_828' title='bbox 3538 3900 3614 3972; x_wconf 84' lang='grc' dir='ltr'><strong>τῷ</strong></span> <span class='ocrx_word' id='word_1_829' title='bbox 3647 3903 3835 3955; x_wconf 58' lang='lat' dir='ltr'><strong>Move.</strong></span> 
     </span>
    </p>
   </div>
   <div class='ocr_carea' id='block_1_107' title="bbox 2259 4069 3832 4154">
    <p class='ocr_par' dir='ltr' id='par_1_107' title="bbox 2259 4069 3832 4154">
     <span class='ocr_line' id='line_1_109' title="bbox 2259 4069 3832 4154; baseline 0.004 -28"><span class='ocrx_word' id='word_1_830' title='bbox 2259 4069 2559 4154; x_wconf 69' lang='lat' dir='ltr'><strong>decimus);</strong></span> <span class='ocrx_word' id='word_1_831' title='bbox 2596 4071 2878 4153; x_wconf 77' lang='lat' dir='ltr'><strong>theologus</strong></span> <span class='ocrx_word' id='word_1_832' title='bbox 2910 4084 3098 4154; x_wconf 38' lang='lat' dir='ltr'><strong>u‘osler</strong></span> <span class='ocrx_word' id='word_1_833' title='bbox 3125 4072 3604 4154; x_wconf 55' lang='lat' dir='ltr'><strong>Gratczeeditioms</strong></span> <span class='ocrx_word' id='word_1_834' title='bbox 3633 4091 3832 4133; x_wconf 81' lang='lat' dir='ltr'><strong>unme-</strong></span> 
     </span>
    </p>
   </div>
   <div class='ocr_carea' id='block_1_108' title="bbox 2241 4142 3831 4211">
    <p class='ocr_par' dir='ltr' id='par_1_108' title="bbox 2241 4142 3831 4211">
     <span class='ocr_line' id='line_1_110' title="bbox 2241 4142 3831 4211; baseline 0.004 -16"><span class='ocrx_word' id='word_1_835' title='bbox 2241 4157 2332 4197; x_wconf 90' lang='lat' dir='ltr'><strong>ros</strong></span> <span class='ocrx_word' id='word_1_836' title='bbox 2366 4142 2518 4211; x_wconf 85' lang='lat' dir='ltr'><strong>sequi</strong></span> <span class='ocrx_word' id='word_1_837' title='bbox 2566 4145 2866 4198; x_wconf 85' lang='lat' dir='ltr'><strong>consuevit.</strong></span> <span class='ocrx_word' id='word_1_838' title='bbox 2923 4142 3028 4196; x_wconf 87' lang='lat' dir='ltr'><strong>Sed</strong></span> <span class='ocrx_word' id='word_1_839' title='bbox 3087 4146 3187 4198; x_wconf 91' lang='lat' dir='ltr'><strong>hoc</strong></span> <span class='ocrx_word' id='word_1_840' title='bbox 3234 4145 3286 4197; x_wconf 89' lang='lat' dir='ltr'><strong>in</strong></span> <span class='ocrx_word' id='word_1_841' title='bbox 3327 4144 3444 4199; x_wconf 91' lang='lat' dir='ltr'><strong>loco</strong></span> <span class='ocrx_word' id='word_1_842' title='bbox 3471 4143 3831 4202; x_wconf 66' lang='lat' dir='ltr'><strong>Hebrazorum</strong></span> 
     </span>
    </p>
   </div>
   <div class='ocr_carea' id='block_1_109' title="bbox 2243 4212 3826 4282">
    <p class='ocr_par' dir='ltr' id='par_1_109' title="bbox 2243 4212 3826 4282">
     <span class='ocr_line' id='line_1_111' title="bbox 2243 4212 3826 4282; baseline 0.004 -16"><span class='ocrx_word' id='word_1_843' title='bbox 2243 4227 2494 4277; x_wconf 90' lang='lat' dir='ltr'><strong>numero,</strong></span> <span class='ocrx_word' id='word_1_844' title='bbox 2527 4227 2633 4282; x_wconf 87' lang='lat' dir='ltr'><strong>qua</strong></span> <span class='ocrx_word' id='word_1_845' title='bbox 2663 4212 2732 4282; x_wconf 72' lang='lat' dir='ltr'><strong>de</strong></span> <span class='ocrx_word' id='word_1_846' title='bbox 2763 4227 2930 4268; x_wconf 88' lang='lat' dir='ltr'><strong>causa</strong></span> <span class='ocrx_word' id='word_1_847' title='bbox 2965 4215 3168 4278; x_wconf 89' lang='lat' dir='ltr'><strong>nescio,</strong></span> <span class='ocrx_word' id='word_1_848' title='bbox 3217 4216 3404 4268; x_wconf 89' lang='lat' dir='ltr'><strong>utitur.</strong></span> <span class='ocrx_word' id='word_1_849' title='bbox 3456 4213 3720 4269; x_wconf 74' lang='lat' dir='ltr'><strong>Nimirum</strong></span> <span class='ocrx_word' id='word_1_850' title='bbox 3761 4219 3826 4272; x_wconf 90' lang='lat' dir='ltr'><strong>in</strong></span> 
     </span>
    </p>
   </div>
   <div class='ocr_carea' id='block_1_110' title="bbox 2243 4280 3828 4354">
    <p class='ocr_par' dir='ltr' id='par_1_110' title="bbox 2243 4280 3828 4354">
     <span class='ocr_line' id='line_1_112' title="bbox 2243 4280 3828 4354; baseline 0.004 -20"><span class='ocrx_word' id='word_1_851' title='bbox 2243 4284 2471 4354; x_wconf 75' lang='lat' dir='ltr'><strong>psalmo,</strong></span> <span class='ocrx_word' id='word_1_852' title='bbox 2521 4280 2613 4354; x_wconf 75' lang='lat' dir='ltr'><strong>qui</strong></span> <span class='ocrx_word' id='word_1_853' title='bbox 2662 4280 2901 4354; x_wconf 67' lang='lat' dir='ltr'><strong>llebraris</strong></span> <span class='ocrx_word' id='word_1_854' title='bbox 2940 4294 3034 4354; x_wconf 71' lang='lat' dir='ltr'><strong>est</strong></span> <span class='ocrx_word' id='word_1_855' title='bbox 3059 4284 3322 4346; x_wconf 90' lang='lat' dir='ltr'><strong>decimus,</strong></span> <span class='ocrx_word' id='word_1_856' title='bbox 3368 4299 3510 4354; x_wconf 85' lang='lat' dir='ltr'><strong>vers.</strong></span> <span class='ocrx_word' id='word_1_857' title='bbox 3549 4285 3616 4338; x_wconf 70' lang='grc'><strong>10</strong></span> <span class='ocrx_word' id='word_1_858' title='bbox 3651 4286 3828 4354; x_wconf 84' lang='lat' dir='ltr'><strong>(apud</strong></span> 
     </span>
    </p>
   </div>
   <div class='ocr_carea' id='block_1_111' title="bbox 2245 4351 3831 4425">
    <p class='ocr_par' dir='ltr' id='par_1_111' title="bbox 2245 4351 3831 4425">
     <span class='ocr_line' id='line_1_113' title="bbox 2245 4351 3831 4425; baseline 0.003 -21"><span class='ocrx_word' id='word_1_859' title='bbox 2245 4351 2462 4425; x_wconf 70' lang='lat' dir='ltr'><strong>Graecos</strong></span> <span class='ocrx_word' id='word_1_860' title='bbox 2494 4351 2607 4425; x_wconf 56' lang='lat' dir='ltr'><strong>xu),</strong></span> <span class='ocrx_word' id='word_1_861' title='bbox 2656 4351 2844 4425; x_wconf 69' lang='lat' dir='ltr'><strong>Graeca</strong></span> <span class='ocrx_word' id='word_1_862' title='bbox 2891 4351 3059 4425; x_wconf 84' lang='lat' dir='ltr'><strong>editio</strong></span> <span class='ocrx_word' id='word_1_863' title='bbox 3097 4355 3258 4408; x_wconf 84' lang='lat' dir='ltr'><strong>habet</strong></span> <span class='ocrx_word' id='word_1_864' title='bbox 3285 4372 3298 4408; x_wconf 88' lang='lat'><strong>:</strong></span> <span class='ocrx_word' id='word_1_865' title='bbox 3322 4353 3533 4425; x_wconf 79' lang='grc' dir='ltr'><strong>Κύριος</strong></span> <span class='ocrx_word' id='word_1_866' title='bbox 3564 4351 3831 4423; x_wconf 70' lang='grc' dir='ltr'><strong>βασιὶζεὺς</strong></span> 
     </span>
    </p>
   </div>
   <div class='ocr_carea' id='block_1_112' title="bbox 2174 4422 3832 4488">
    <p class='ocr_par' dir='ltr' id='par_1_112' title="bbox 2174 4422 3832 4488">
     <span class='ocr_line' id='line_1_114' title="bbox 2174 4422 3832 4488; baseline 0.006 -16"><span class='ocrx_word' id='word_1_867' title='bbox 2174 4430 2216 4484; x_wconf 88' lang='grc'><strong>[)</strong></span> <span class='ocrx_word' id='word_1_868' title='bbox 2244 4423 2325 4484; x_wconf 85' lang='grc' dir='ltr'><strong>εἰς</strong></span> <span class='ocrx_word' id='word_1_869' title='bbox 2349 4422 2440 4475; x_wconf 84' lang='grc' dir='ltr'><strong>τὸν</strong></span> <span class='ocrx_word' id='word_1_870' title='bbox 2469 4423 2662 4484; x_wconf 77' lang='grc' dir='ltr'><strong>αἰῶνα,</strong></span> <span class='ocrx_word' id='word_1_871' title='bbox 2690 4423 2785 4476; x_wconf 74' lang='grc' dir='ltr'><strong>καὶ</strong></span> <span class='ocrx_word' id='word_1_872' title='bbox 2809 4425 2888 4487; x_wconf 81' lang='grc' dir='ltr'><strong>εἰς</strong></span> <span class='ocrx_word' id='word_1_873' title='bbox 2925 4423 3014 4476; x_wconf 84' lang='grc' dir='ltr'><strong>τὸν</strong></span> <span class='ocrx_word' id='word_1_874' title='bbox 3050 4425 3223 4478; x_wconf 76' lang='grc' dir='ltr'><strong>αἰῶνα</strong></span> <span class='ocrx_word' id='word_1_875' title='bbox 3252 4423 3345 4477; x_wconf 81' lang='grc' dir='ltr'><strong>τοῦ</strong></span> <span class='ocrx_word' id='word_1_876' title='bbox 3393 4422 3607 4488; x_wconf 68' lang='grc' dir='ltr'><strong>αἰῶνος,</strong></span> <span class='ocrx_word' id='word_1_877' title='bbox 3647 4428 3698 4478; x_wconf 91' lang='lat' dir='ltr'><strong>id</strong></span> <span class='ocrx_word' id='word_1_878' title='bbox 3733 4438 3832 4482; x_wconf 83' lang='lat' dir='ltr'><strong>est</strong></span> 
     </span>
    </p>
   </div>
   <div class='ocr_carea' id='block_1_113' title="bbox 2247 4491 3826 4557">
    <p class='ocr_par' dir='ltr' id='par_1_113' title="bbox 2247 4491 3826 4557">
     <span class='ocr_line' id='line_1_115' title="bbox 2247 4491 3826 4557; baseline 0.006 -14"><span class='ocrx_word' id='word_1_879' title='bbox 2247 4491 2496 4547; x_wconf 86' lang='lat' dir='ltr'><strong>Dominus</strong></span> <span class='ocrx_word' id='word_1_880' title='bbox 2554 4510 2646 4546; x_wconf 73' lang='lat' dir='ltr'><strong>rex</strong></span> <span class='ocrx_word' id='word_1_881' title='bbox 2693 4492 2748 4546; x_wconf 90' lang='lat' dir='ltr'><strong>in</strong></span> <span class='ocrx_word' id='word_1_882' title='bbox 2790 4495 3065 4557; x_wconf 78' lang='lat' dir='ltr'><strong>steculum,</strong></span> <span class='ocrx_word' id='word_1_883' title='bbox 3104 4505 3153 4548; x_wconf 87' lang='lat' dir='ltr'><strong>et</strong></span> <span class='ocrx_word' id='word_1_884' title='bbox 3201 4496 3256 4548; x_wconf 88' lang='lat' dir='ltr'><strong>in</strong></span> <span class='ocrx_word' id='word_1_885' title='bbox 3305 4496 3557 4548; x_wconf 80' lang='lat' dir='ltr'><strong>strculum</strong></span> <span class='ocrx_word' id='word_1_886' title='bbox 3613 4498 3826 4553; x_wconf 72' lang='lat' dir='ltr'><strong>seaculi.</strong></span> 
     </span>
    </p>
   </div>
   <div class='ocr_carea' id='block_1_114' title="bbox 2242 4559 3827 4636">
    <p class='ocr_par' dir='ltr' id='par_1_114' title="bbox 2242 4559 3827 4636">
     <span class='ocr_line' id='line_1_116' title="bbox 2242 4559 3827 4636; baseline 0.005 -23"><span class='ocrx_word' id='word_1_887' title='bbox 2242 4559 2368 4626; x_wconf 86' lang='lat' dir='ltr'><strong>Pro,</strong></span> <span class='ocrx_word' id='word_1_888' title='bbox 2401 4561 2679 4636; x_wconf 71' lang='grc' dir='ltr'><strong>βασιλεύς,</strong></span> <span class='ocrx_word' id='word_1_889' title='bbox 2711 4578 2816 4636; x_wconf 85' lang='lat' dir='ltr'><strong>seu</strong></span> <span class='ocrx_word' id='word_1_890' title='bbox 2835 4579 2945 4636; x_wconf 76' lang='lat' dir='ltr'><strong>rex,</strong></span> <span class='ocrx_word' id='word_1_891' title='bbox 2974 4564 3250 4636; x_wconf 89' lang='lat' dir='ltr'><strong>Didymus,</strong></span> <span class='ocrx_word' id='word_1_892' title='bbox 3277 4563 3505 4636; x_wconf 10' lang='lat' dir='ltr'><strong>etrVulg.</strong></span> <span class='ocrx_word' id='word_1_893' title='bbox 3541 4566 3636 4636; x_wconf 85' lang='lat' dir='ltr'><strong>int.</strong></span> <span class='ocrx_word' id='word_1_894' title='bbox 3671 4566 3827 4636; x_wconf 86' lang='lat' dir='ltr'><strong>lege—</strong></span> 
     </span>
    </p>
   </div>
   <div class='ocr_carea' id='block_1_115' title="bbox 2241 4631 3828 4704">
    <p class='ocr_par' dir='ltr' id='par_1_115' title="bbox 2241 4631 3828 4704">
     <span class='ocr_line' id='line_1_117' title="bbox 2241 4631 3828 4704; baseline 0.006 -21"><span class='ocrx_word' id='word_1_895' title='bbox 2241 4643 2390 4704; x_wconf 86' lang='lat' dir='ltr'><strong>runt,</strong></span> <span class='ocrx_word' id='word_1_896' title='bbox 2427 4631 2754 4704; x_wconf 63' lang='grc' dir='ltr'><strong>βασιλεύσει.</strong></span> <span class='ocrx_word' id='word_1_897' title='bbox 2806 4632 2855 4685; x_wconf 92' lang='lat' dir='ltr'><strong>id</strong></span> <span class='ocrx_word' id='word_1_898' title='bbox 2887 4644 2973 4688; x_wconf 87' lang='lat' dir='ltr'><strong>est</strong></span> <span class='ocrx_word' id='word_1_899' title='bbox 3016 4631 3271 4703; x_wconf 59' lang='lat' dir='ltr'><strong>regnabit.</strong></span> <span class='ocrx_word' id='word_1_900' title='bbox 3318 4635 3388 4688; x_wconf 80' lang='lat' dir='ltr'><strong>At</strong></span> <span class='ocrx_word' id='word_1_901' title='bbox 3415 4631 3828 4704; x_wconf 63' lang='lat' dir='ltr'><strong>Cumpluteifsis</strong></span> 
     </span>
    </p>
   </div>
   <div class='ocr_carea' id='block_1_116' title="bbox 2240 4703 3828 4780">
    <p class='ocr_par' dir='ltr' id='par_1_116' title="bbox 2240 4703 3828 4780">
     <span class='ocr_line' id='line_1_118' title="bbox 2240 4703 3828 4780; baseline 0.005 -26"><span class='ocrx_word' id='word_1_902' title='bbox 2240 4703 2428 4780; x_wconf 66' lang='lat' dir='ltr'><strong>editio,</strong></span> <span class='ocrx_word' id='word_1_903' title='bbox 2477 4719 2551 4780; x_wconf 82' lang='lat' dir='ltr'><strong>ac_</strong></span> <span class='ocrx_word' id='word_1_904' title='bbox 2586 4703 3091 4780; x_wconf 70' lang='lat' dir='ltr'><strong>Francorurtensis,</strong></span> <span class='ocrx_word' id='word_1_905' title='bbox 3146 4720 3281 4780; x_wconf 84' lang='lat' dir='ltr'><strong>quas</strong></span> <span class='ocrx_word' id='word_1_906' title='bbox 3325 4721 3423 4780; x_wconf 80' lang='lat' dir='ltr'><strong>ego</strong></span> <span class='ocrx_word' id='word_1_907' title='bbox 3465 4703 3611 4780; x_wconf 78' lang='lat' dir='ltr'><strong>solas</strong></span> <span class='ocrx_word' id='word_1_908' title='bbox 3672 4723 3828 4780; x_wconf 83' lang='lat' dir='ltr'><strong>nunc</strong></span> 
     </span>
    </p>
   </div>
   <div class='ocr_carea' id='block_1_117' title="bbox 2241 4773 3827 4846">
    <p class='ocr_par' dir='ltr' id='par_1_117' title="bbox 2241 4773 3827 4846">
     <span class='ocr_line' id='line_1_119' title="bbox 2241 4773 3827 4846; baseline 0.005 -22"><span class='ocrx_word' id='word_1_909' title='bbox 2241 4773 2488 4846; x_wconf 84' lang='lat' dir='ltr'><strong>inspicio,</strong></span> <span class='ocrx_word' id='word_1_910' title='bbox 2537 4773 3061 4846; x_wconf 14' lang='grc' dir='ltr'><strong>Ιιειὺεηιᾲβασιλεύς,</strong></span> <span class='ocrx_word' id='word_1_911' title='bbox 3115 4777 3243 4846; x_wconf 82' lang='lat' dir='ltr'><strong>quin</strong></span> <span class='ocrx_word' id='word_1_912' title='bbox 3303 4773 3414 4846; x_wconf 70' lang='lat' dir='ltr'><strong>ulla</strong></span> <span class='ocrx_word' id='word_1_913' title='bbox 3463 4777 3515 4828; x_wconf 92' lang='lat' dir='ltr'><strong>in</strong></span> <span class='ocrx_word' id='word_1_914' title='bbox 3567 4779 3827 4846; x_wconf 84' lang='lat' dir='ltr'><strong>margine</strong></span> 
     </span>
    </p>
   </div>
   <div class='ocr_carea' id='block_1_118' title="bbox 2239 4843 3821 4902">
    <p class='ocr_par' dir='ltr' id='par_1_118' title="bbox 2239 4843 3821 4902">
     <span class='ocr_line' id='line_1_120' title="bbox 2239 4843 3821 4902; baseline 0.006 -9"><span class='ocrx_word' id='word_1_915' title='bbox 2239 4843 2528 4897; x_wconf 87' lang='lat' dir='ltr'><strong>adnotetur</strong></span> <span class='ocrx_word' id='word_1_916' title='bbox 2563 4844 2810 4898; x_wconf 86' lang='lat' dir='ltr'><strong>lectionis</strong></span> <span class='ocrx_word' id='word_1_917' title='bbox 2843 4847 3098 4898; x_wconf 84' lang='lat' dir='ltr'><strong>varietas.</strong></span> <span class='ocrx_word' id='word_1_918' title='bbox 3132 4845 3344 4900; x_wconf 81' lang='lat' dir='ltr'><strong>Marcus</strong></span> <span class='ocrx_word' id='word_1_919' title='bbox 3367 4843 3606 4898; x_wconf 77' lang='lat' dir='ltr'><strong>Marinus</strong></span> <span class='ocrx_word' id='word_1_920' title='bbox 3632 4843 3821 4902; x_wconf 77' lang='lat' dir='ltr'><strong>tamen</strong></span> 
     </span>
    </p>
   </div>
   <div class='ocr_carea' id='block_1_119' title="bbox 2241 4911 3821 4984">
    <p class='ocr_par' dir='ltr' id='par_1_119' title="bbox 2241 4911 3821 4984">
     <span class='ocr_line' id='line_1_121' title="bbox 2241 4911 3821 4984; baseline 0.006 -21"><span class='ocrx_word' id='word_1_921' title='bbox 2241 4914 2307 4963; x_wconf 89' lang='lat' dir='ltr'><strong>ad</strong></span> <span class='ocrx_word' id='word_1_922' title='bbox 2338 4911 2482 4966; x_wconf 87' lang='lat' dir='ltr'><strong>hunc</strong></span> <span class='ocrx_word' id='word_1_923' title='bbox 2523 4915 2696 4968; x_wconf 89' lang='lat' dir='ltr'><strong>locum</strong></span> <span class='ocrx_word' id='word_1_924' title='bbox 2737 4914 2966 4968; x_wconf 89' lang='lat' dir='ltr'><strong>scribit:</strong></span> <span class='ocrx_word' id='word_1_925' title='bbox 2996 4911 3168 4968; x_wconf 72' lang='lat' dir='ltr'><strong>Grceci</strong></span> <span class='ocrx_word' id='word_1_926' title='bbox 3216 4924 3490 4984; x_wconf 87' lang='lat' dir='ltr'><strong>utramque</strong></span> <span class='ocrx_word' id='word_1_927' title='bbox 3535 4915 3821 4972; x_wconf 83' lang='lat' dir='ltr'><strong>lectionem</strong></span> 
     </span>
    </p>
   </div>
   <div class='ocr_carea' id='block_1_120' title="bbox 2245 4983 3822 5054">
    <p class='ocr_par' dir='ltr' id='par_1_120' title="bbox 2245 4983 3822 5054">
     <span class='ocr_line' id='line_1_122' title="bbox 2245 4983 3822 5054; baseline 0.006 -22"><span class='ocrx_word' id='word_1_928' title='bbox 2245 4994 2550 5054; x_wconf 76' lang='lat' dir='ltr'><strong>agnoscunt,</strong></span> <span class='ocrx_word' id='word_1_929' title='bbox 2597 4999 2729 5054; x_wconf 83' lang='lat' dir='ltr'><strong>nam</strong></span> <span class='ocrx_word' id='word_1_930' title='bbox 2767 4986 2980 5053; x_wconf 85' lang='lat' dir='ltr'><strong>quidam</strong></span> <span class='ocrx_word' id='word_1_931' title='bbox 3041 4985 3229 5038; x_wconf 87' lang='lat' dir='ltr'><strong>habent</strong></span> <span class='ocrx_word' id='word_1_932' title='bbox 3275 4983 3550 5053; x_wconf 79' lang='grc' dir='ltr'><strong>βασιλεύς,</strong></span> <span class='ocrx_word' id='word_1_933' title='bbox 3599 4988 3822 5054; x_wconf 84' lang='lat' dir='ltr'><strong>quidam</strong></span> 
     </span>
    </p>
   </div>
   <div class='ocr_carea' id='block_1_121' title="bbox 2245 5051 2718 5120">
    <p class='ocr_par' dir='ltr' id='par_1_121' title="bbox 2245 5051 2718 5120">
     <span class='ocr_line' id='line_1_123' title="bbox 2245 5051 2718 5120; baseline 0.004 -16"><span class='ocrx_word' id='word_1_934' title='bbox 2245 5067 2360 5104; x_wconf 79' lang='lat' dir='ltr'><strong>vero</strong></span> <span class='ocrx_word' id='word_1_935' title='bbox 2391 5051 2718 5120; x_wconf 82' lang='grc' dir='ltr'><strong>βασιλεύσει.</strong></span> 
     </span>
    </p>
   </div>
   <div class='ocr_carea' id='block_1_122' title="bbox 2313 5121 3821 5197">
    <p class='ocr_par' dir='ltr' id='par_1_122' title="bbox 2313 5121 3821 5197">
     <span class='ocr_line' id='line_1_124' title="bbox 2313 5121 3821 5197; baseline 0.007 -25"><span class='ocrx_word' id='word_1_936' title='bbox 2313 5121 2422 5191; x_wconf 74' lang='grc' dir='ltr'><strong>(4ϋ)</strong></span> <span class='ocrx_word' id='word_1_937' title='bbox 2454 5121 2633 5197; x_wconf 74' lang='lat' dir='ltr'><strong>Petro.</strong></span> <span class='ocrx_word' id='word_1_938' title='bbox 2678 5122 2801 5197; x_wconf 82' lang='lat' dir='ltr'><strong>Pro,</strong></span> <span class='ocrx_word' id='word_1_939' title='bbox 2829 5123 3057 5192; x_wconf 77' lang='grc' dir='ltr'><strong>Πέτρος,</strong></span> <span class='ocrx_word' id='word_1_940' title='bbox 3086 5122 3227 5197; x_wconf 74' lang='lat' dir='ltr'><strong>lego,</strong></span> <span class='ocrx_word' id='word_1_941' title='bbox 3252 5125 3465 5197; x_wconf 77' lang='grc' dir='ltr'><strong>Πέτρῳ.</strong></span> <span class='ocrx_word' id='word_1_942' title='bbox 3496 5125 3821 5193; x_wconf 84' lang='lat' dir='ltr'><strong>llujusmodi</strong></span> 
     </span>
    </p>
   </div>
   <div class='ocr_carea' id='block_1_123' title="bbox 2242 5193 3708 5260">
    <p class='ocr_par' dir='ltr' id='par_1_123' title="bbox 2242 5193 3708 5260">
     <span class='ocr_line' id='line_1_125' title="bbox 2242 5193 3708 5260; baseline 0.007 -18"><span class='ocrx_word' id='word_1_943' title='bbox 2242 5203 2367 5244; x_wconf 88' lang='lat' dir='ltr'><strong>vero</strong></span> <span class='ocrx_word' id='word_1_944' title='bbox 2400 5194 2746 5246; x_wconf 81' lang='lat' dir='ltr'><strong>mutationem</strong></span> <span class='ocrx_word' id='word_1_945' title='bbox 2783 5194 2975 5247; x_wconf 71' lang='lat' dir='ltr'><strong>littera:</strong></span> <span class='ocrx_word' id='word_1_946' title='bbox 3006 5211 3051 5245; x_wconf 89' lang='grc' dir='ltr'>ω</span> <span class='ocrx_word' id='word_1_947' title='bbox 3085 5193 3252 5260; x_wconf 25' lang='grc' dir='ltr'><strong>ἰιιίος,</strong></span> <span class='ocrx_word' id='word_1_948' title='bbox 3291 5193 3427 5251; x_wconf 66' lang='lat' dir='ltr'><strong>alias</strong></span> <span class='ocrx_word' id='word_1_949' title='bbox 3456 5197 3708 5252; x_wconf 85' lang='lat' dir='ltr'><strong>vidimus.</strong></span> 
     </span>
    </p>
   </div>
   <div class='ocr_carea' id='block_1_124' title="bbox 2310 5261 3820 5329">
    <p class='ocr_par' dir='ltr' id='par_1_124' title="bbox 2310 5261 3820 5329">
     <span class='ocr_line' id='line_1_126' title="bbox 2310 5261 3820 5329; baseline 0.007 -17"><span class='ocrx_word' id='word_1_950' title='bbox 2310 5261 2422 5329; x_wconf 85' lang='grc'><strong>(47)</strong></span> <span class='ocrx_word' id='word_1_951' title='bbox 2469 5261 2547 5314; x_wconf 88' lang='lat' dir='ltr'><strong>Tu</strong></span> <span class='ocrx_word' id='word_1_952' title='bbox 2581 5279 2654 5316; x_wconf 91' lang='lat' dir='ltr'><strong>es.</strong></span> <span class='ocrx_word' id='word_1_953' title='bbox 2695 5261 2851 5317; x_wconf 78' lang='lat' dir='ltr'><strong>Joau.</strong></span> <span class='ocrx_word' id='word_1_954' title='bbox 2889 5277 2928 5325; x_wconf 87' lang='grc' dir='ltr'><strong>ι.</strong></span> <span class='ocrx_word' id='word_1_955' title='bbox 2997 5263 3088 5327; x_wconf 82' lang='grc'><strong>50,</strong></span> <span class='ocrx_word' id='word_1_956' title='bbox 3138 5268 3225 5320; x_wconf 91' lang='lat' dir='ltr'><strong>ubi</strong></span> <span class='ocrx_word' id='word_1_957' title='bbox 3262 5264 3429 5319; x_wconf 72' lang='lat' dir='ltr'><strong>Biblia</strong></span> <span class='ocrx_word' id='word_1_958' title='bbox 3485 5269 3684 5320; x_wconf 84' lang='lat' dir='ltr'><strong>habent</strong></span> <span class='ocrx_word' id='word_1_959' title='bbox 3714 5269 3820 5322; x_wconf 79' lang='grc' dir='ltr'><strong>τοῦ</strong></span> 
     </span>
    </p>
   </div>
   <div class='ocr_carea' id='block_1_125' title="bbox 2251 5331 3820 5406">
    <p class='ocr_par' dir='ltr' id='par_1_125' title="bbox 2251 5331 3820 5406">
     <span class='ocr_line' id='line_1_127' title="bbox 2251 5331 3820 5406; baseline 0.006 -23"><span class='ocrx_word' id='word_1_960' title='bbox 2251 5331 2584 5406; x_wconf 32' lang='grc' dir='ltr'><strong>Ἰσραήληίιι</strong></span> <span class='ocrx_word' id='word_1_961' title='bbox 2621 5344 2705 5406; x_wconf 86' lang='lat' dir='ltr'><strong>est</strong></span> <span class='ocrx_word' id='word_1_962' title='bbox 2734 5332 2972 5388; x_wconf 85' lang='lat' dir='ltr'><strong>Israelis.</strong></span> <span class='ocrx_word' id='word_1_963' title='bbox 3000 5333 3257 5406; x_wconf 78' lang='lat' dir='ltr'><strong>Didymus</strong></span> <span class='ocrx_word' id='word_1_964' title='bbox 3288 5352 3418 5389; x_wconf 84' lang='lat' dir='ltr'><strong>vero</strong></span> <span class='ocrx_word' id='word_1_965' title='bbox 3445 5337 3618 5389; x_wconf 78' lang='lat' dir='ltr'><strong>dedita</strong></span> <span class='ocrx_word' id='word_1_966' title='bbox 3648 5355 3820 5406; x_wconf 84' lang='lat' dir='ltr'><strong>opera</strong></span> 
     </span>
    </p>
   </div>
   <div class='ocr_carea' id='block_1_126' title="bbox 2238 5400 3822 5475">
    <p class='ocr_par' dir='ltr' id='par_1_126' title="bbox 2238 5400 3822 5475">
     <span class='ocr_line' id='line_1_128' title="bbox 2238 5400 3822 5475; baseline 0.008 -24"><span class='ocrx_word' id='word_1_967' title='bbox 2238 5400 2446 5468; x_wconf 76' lang='lat' dir='ltr'><strong>voeem,</strong></span> <span class='ocrx_word' id='word_1_968' title='bbox 2497 5400 2943 5468; x_wconf 81' lang='lat' dir='ltr'><strong>Christianorum,</strong></span> <span class='ocrx_word' id='word_1_969' title='bbox 2991 5400 3267 5475; x_wconf 77' lang='lat' dir='ltr'><strong>subrogat,</strong></span> <span class='ocrx_word' id='word_1_970' title='bbox 3321 5407 3494 5460; x_wconf 88' lang='lat' dir='ltr'><strong>locum</strong></span> <span class='ocrx_word' id='word_1_971' title='bbox 3545 5400 3697 5462; x_wconf 71' lang='lat' dir='ltr'><strong>illuni</strong></span> <span class='ocrx_word' id='word_1_972' title='bbox 3743 5412 3822 5464; x_wconf 78' lang='lat' dir='ltr'><strong>ad</strong></span> 
     </span>
    </p>
   </div>
   <div class='ocr_carea' id='block_1_127' title="bbox 2239 5475 3525 5542">
    <p class='ocr_par' dir='ltr' id='par_1_127' title="bbox 2239 5475 3525 5542">
     <span class='ocr_line' id='line_1_129' title="bbox 2239 5475 3525 5542; baseline 0.002 -17"><span class='ocrx_word' id='word_1_973' title='bbox 2239 5487 2372 5542; x_wconf 84' lang='lat' dir='ltr'><strong>rem,</strong></span> <span class='ocrx_word' id='word_1_974' title='bbox 2413 5475 2854 5542; x_wconf 84' lang='lat' dir='ltr'><strong>propositumque</strong></span> <span class='ocrx_word' id='word_1_975' title='bbox 2891 5491 3044 5528; x_wconf 92' lang='lat' dir='ltr'><strong>suum</strong></span> <span class='ocrx_word' id='word_1_976' title='bbox 3087 5480 3525 5530; x_wconf 76' lang='lat' dir='ltr'><strong>accommodans.</strong></span> 
     </span>
    </p>
   </div>
   <div class='ocr_carea' id='block_1_128' title="bbox 2309 5541 3316 5614">
    <p class='ocr_par' dir='ltr' id='par_1_128' title="bbox 2309 5541 3316 5614">
     <span class='ocr_line' id='line_1_130' title="bbox 2309 5541 3316 5614; baseline 0.006 -22"><span class='ocrx_word' id='word_1_977' title='bbox 2463 5543 2673 5614; x_wconf 79' lang='lat' dir='ltr'><strong>Dictum</strong></span> <span class='ocrx_word' id='word_1_978' title='bbox 2707 5541 2804 5596; x_wconf 81' lang='lat' dir='ltr'><strong>est.</strong></span> <span class='ocrx_word' id='word_1_979' title='bbox 2842 5543 3132 5614; x_wconf 80' lang='lat' dir='ltr'><strong>chmeuto</strong></span> <span class='ocrx_word' id='word_1_980' title='bbox 3162 5545 3232 5600; x_wconf 88' lang='grc'><strong>40</strong></span> <span class='ocrx_word' id='word_1_981' title='bbox 3263 5565 3316 5599; x_wconf 88' lang='lat' dir='ltr'><strong>a.</strong></span> 
     </span>
    </p>
   </div>
   <div class='ocr_carea' id='block_1_129' title="bbox 2312 5611 3820 5689">
    <p class='ocr_par' dir='ltr' id='par_1_129' title="bbox 2312 5611 3820 5689">
     <span class='ocr_line' id='line_1_131' title="bbox 2312 5611 3820 5689; baseline 0.006 -26"><span class='ocrx_word' id='word_1_982' title='bbox 2312 5611 2421 5689; x_wconf 74' lang='grc'><strong>(49)</strong></span> <span class='ocrx_word' id='word_1_983' title='bbox 2486 5612 2692 5689; x_wconf 78' lang='lat' dir='ltr'><strong>Regem.</strong></span> <span class='ocrx_word' id='word_1_984' title='bbox 2739 5617 2838 5668; x_wconf 85' lang='lat' dir='ltr'><strong>lsa.</strong></span> <span class='ocrx_word' id='word_1_985' title='bbox 2897 5611 2969 5680; x_wconf 71' lang='lat' dir='ltr'><strong>vi,</strong></span> <span class='ocrx_word' id='word_1_986' title='bbox 3021 5616 3073 5670; x_wconf 81' lang='grc'><strong>5.</strong></span> <span class='ocrx_word' id='word_1_987' title='bbox 3128 5614 3259 5672; x_wconf 83' lang='lat' dir='ltr'><strong>Vide</strong></span> <span class='ocrx_word' id='word_1_988' title='bbox 3299 5633 3468 5686; x_wconf 77' lang='lat' dir='ltr'><strong>segm.</strong></span> <span class='ocrx_word' id='word_1_989' title='bbox 3517 5617 3587 5670; x_wconf 58' lang='lat' dir='ltr'><strong>“2i</strong></span> <span class='ocrx_word' id='word_1_990' title='bbox 3621 5616 3672 5683; x_wconf 92' lang='lat' dir='ltr'><strong>b,</strong></span> <span class='ocrx_word' id='word_1_991' title='bbox 3723 5620 3820 5672; x_wconf 85' lang='lat' dir='ltr'><strong>ubi</strong></span> 
     </span>
    </p>
   </div>
   <div class='ocr_carea' id='block_1_130' title="bbox 2239 5682 2655 5737">
    <p class='ocr_par' dir='ltr' id='par_1_130' title="bbox 2239 5682 2655 5737">
     <span class='ocr_line' id='line_1_132' title="bbox 2239 5682 2655 5737; baseline 0.012 -6"><span class='ocrx_word' id='word_1_992' title='bbox 2239 5682 2414 5734; x_wconf 84' lang='lat' dir='ltr'><strong>alliuia</strong></span> <span class='ocrx_word' id='word_1_993' title='bbox 2450 5682 2655 5737; x_wconf 86' lang='lat' dir='ltr'><strong>scribit.</strong></span> 
     </span>
    </p>
   </div>
   <div class='ocr_carea' id='block_1_131' title="bbox 2310 5752 3817 5828">
    <p class='ocr_par' dir='ltr' id='par_1_131' title="bbox 2310 5752 3817 5828">
     <span class='ocr_line' id='line_1_133' title="bbox 2310 5752 3817 5828; baseline 0.005 -22"><span class='ocrx_word' id='word_1_994' title='bbox 2310 5752 2420 5823; x_wconf 79' lang='grc'><strong>(50)</strong></span> <span class='ocrx_word' id='word_1_995' title='bbox 2463 5754 2709 5824; x_wconf 78' lang='lat' dir='ltr'><strong>Perpetui</strong></span> <span class='ocrx_word' id='word_1_996' title='bbox 2743 5756 2905 5826; x_wconf 86' lang='lat' dir='ltr'><strong>regni.</strong></span> <span class='ocrx_word' id='word_1_997' title='bbox 2943 5753 3274 5828; x_wconf 85' lang='lat' dir='ltr'><strong>Theophilus</strong></span> <span class='ocrx_word' id='word_1_998' title='bbox 3316 5757 3718 5814; x_wconf 76' lang='lat' dir='ltr'><strong>Alexandrinus</strong></span> <span class='ocrx_word' id='word_1_999' title='bbox 3758 5763 3817 5813; x_wconf 88' lang='lat' dir='ltr'><strong>iu</strong></span> 
     </span>
    </p>
   </div>
  </div>
