  <div class='ocr_page' id='page_1' title='image "/cluster/home/n/w/nwhite01/storage/ocr_20150623/39/hvd.32044037979440/224.png"; bbox 0 0 4104 6408; ppageno 0'>
   <div class='ocr_carea' id='block_1_1' title="bbox 351 346 458 402">
    <p class='ocr_par' dir='ltr' id='par_1_1' title="bbox 351 346 458 402">
     <span class='ocr_line' id='line_1_1' title="bbox 351 346 458 402; baseline 0 -1"><span class='ocrx_word' id='word_1_1' title='bbox 351 346 458 402; x_wconf 66' lang='grc' dir='ltr'><strong>ηις</strong></span> 
     </span>
    </p>
   </div>
   <div class='ocr_carea' id='block_1_2' title="bbox 1462 361 2512 424">
    <p class='ocr_par' dir='ltr' id='par_1_2' title="bbox 1462 361 2512 424">
     <span class='ocr_line' id='line_1_2' title="bbox 1462 361 2512 424; baseline 0.008 -9"><span class='ocrx_word' id='word_1_2' title='bbox 1462 361 1551 415; x_wconf 86' lang='lat' dir='ltr'><strong>DE</strong></span> <span class='ocrx_word' id='word_1_3' title='bbox 1584 361 1959 419; x_wconf 79' lang='lat' dir='ltr'><strong>TRINITATE</strong></span> <span class='ocrx_word' id='word_1_4' title='bbox 1998 362 2199 418; x_wconf 71' lang='grc' dir='ltr'><strong>ΗΒΕιῖ</strong></span> <span class='ocrx_word' id='word_1_5' title='bbox 2236 363 2512 424; x_wconf 81' lang='lat' dir='ltr'><strong>PRIMUS.</strong></span> 
     </span>
    </p>
   </div>
   <div class='ocr_carea' id='block_1_3' title="bbox 3491 377 3594 431">
    <p class='ocr_par' dir='ltr' id='par_1_3' title="bbox 3491 377 3594 431">
     <span class='ocr_line' id='line_1_3' title="bbox 3491 377 3594 431; baseline 0 0"><span class='ocrx_word' id='word_1_6' title='bbox 3491 377 3594 431; x_wconf 64' lang='lat'><strong>4&#39;26</strong></span> 
     </span>
    </p>
   </div>
   <div class='ocr_carea' id='block_1_4' title="bbox 348 462 1894 556">
    <p class='ocr_par' dir='ltr' id='par_1_4' title="bbox 348 462 1894 548">
     <span class='ocr_line' id='line_1_4' title="bbox 348 462 1894 548; baseline 0.011 -33"><span class='ocrx_word' id='word_1_7' title='bbox 348 462 514 531; x_wconf 79' lang='grc' dir='ltr'>γενετ,</span> <span class='ocrx_word' id='word_1_8' title='bbox 569 466 647 527; x_wconf 83' lang='grc' dir='ltr'><strong>ὡς</strong></span> <span class='ocrx_word' id='word_1_9' title='bbox 691 468 1047 540; x_wconf 79' lang='grc' dir='ltr'>προείρηται.</span> <span class='ocrx_word' id='word_1_10' title='bbox 1102 470 1189 524; x_wconf 72' lang='grc' dir='ltr'><strong>διὰ</strong></span> <span class='ocrx_word' id='word_1_11' title='bbox 1235 471 1296 526; x_wconf 85' lang='grc' dir='ltr'>τὸ</span> <span class='ocrx_word' id='word_1_12' title='bbox 1336 473 1607 532; x_wconf 77' lang='grc' dir='ltr'><strong>ἐπίκοινον</strong></span> <span class='ocrx_word' id='word_1_13' title='bbox 1663 478 1759 548; x_wconf 77' lang='grc' dir='ltr'><strong>τῆς</strong></span> <span class='ocrx_word' id='word_1_14' title='bbox 1811 478 1894 531; x_wconf 79' lang='grc' dir='ltr'>θεό</span> 
     </span>
    </p>
   </div>
   <div class='ocr_carea' id='block_1_5' title="bbox 1999 462 3594 556">
    <p class='ocr_par' dir='ltr' id='par_1_5' title="bbox 1999 481 3594 556">
     <span class='ocr_line' id='line_1_5' title="bbox 1999 481 3594 556; baseline 0.006 -21"><span class='ocrx_word' id='word_1_15' title='bbox 1999 530 2001 535; x_wconf 85' lang='grc'><strong>.</strong></span> <span class='ocrx_word' id='word_1_16' title='bbox 2032 488 2115 535; x_wconf 91' lang='lat' dir='ltr'><strong>ter</strong></span> <span class='ocrx_word' id='word_1_17' title='bbox 2149 481 2393 537; x_wconf 84' lang='lat' dir='ltr'><strong>homines</strong></span> <span class='ocrx_word' id='word_1_18' title='bbox 2423 482 2499 547; x_wconf 81' lang='lat' dir='ltr'><strong>iit,</strong></span> <span class='ocrx_word' id='word_1_19' title='bbox 2539 482 2590 536; x_wconf 92' lang='lat' dir='ltr'><strong>in</strong></span> <span class='ocrx_word' id='word_1_20' title='bbox 2624 484 2735 538; x_wconf 87' lang='lat' dir='ltr'><strong>otio</strong></span> <span class='ocrx_word' id='word_1_21' title='bbox 2768 490 2945 555; x_wconf 82' lang='lat' dir='ltr'><strong>degat,</strong></span> <span class='ocrx_word' id='word_1_22' title='bbox 2994 501 3114 540; x_wconf 90' lang='lat' dir='ltr'><strong>cum</strong></span> <span class='ocrx_word' id='word_1_23' title='bbox 3146 487 3301 543; x_wconf 76' lang='lat' dir='ltr'><strong>Pater</strong></span> <span class='ocrx_word' id='word_1_24' title='bbox 3341 490 3392 544; x_wconf 92' lang='lat' dir='ltr'><strong>in</strong></span> <span class='ocrx_word' id='word_1_25' title='bbox 3437 490 3594 556; x_wconf 73' lang='lat' dir='ltr'><strong>Filia,</strong></span> 
     </span>
    </p>
   </div>
   <div class='ocr_carea' id='block_1_6' title="bbox 346 557 1894 652">
    <p class='ocr_par' dir='ltr' id='par_1_6' title="bbox 346 557 1894 638">
     <span class='ocr_line' id='line_1_6' title="bbox 346 557 1894 638; baseline 0.011 -34"><span class='ocrx_word' id='word_1_26' title='bbox 346 570 530 624; x_wconf 85' lang='grc' dir='ltr'>τητος,</span> <span class='ocrx_word' id='word_1_27' title='bbox 572 557 665 609; x_wconf 77' lang='grc' dir='ltr'><strong>καὶ</strong></span> <span class='ocrx_word' id='word_1_28' title='bbox 709 558 809 628; x_wconf 81' lang='grc' dir='ltr'>τῆς</span> <span class='ocrx_word' id='word_1_29' title='bbox 838 560 1119 631; x_wconf 83' lang='grc' dir='ltr'>ἀδιαδόχου</span> <span class='ocrx_word' id='word_1_30' title='bbox 1152 566 1281 634; x_wconf 75' lang='grc' dir='ltr'>μιᾶς</span> <span class='ocrx_word' id='word_1_31' title='bbox 1316 564 1611 634; x_wconf 79' lang='grc' dir='ltr'><strong>βασιλείας.</strong></span> <span class='ocrx_word' id='word_1_32' title='bbox 1648 570 1772 633; x_wconf 82' lang='grc' dir='ltr'><strong>Πῶς</strong></span> <span class='ocrx_word' id='word_1_33' title='bbox 1812 570 1894 638; x_wconf 44' lang='grc' dir='ltr'>γᾶ(</span> 
     </span>
    </p>
   </div>
   <div class='ocr_carea' id='block_1_7' title="bbox 1999 557 3598 652">
    <p class='ocr_par' dir='ltr' id='par_1_7' title="bbox 2028 570 3598 652">
     <span class='ocr_line' id='line_1_7' title="bbox 2028 570 3598 652; baseline 0.008 -29"><span class='ocrx_word' id='word_1_34' title='bbox 2028 580 2078 623; x_wconf 90' lang='lat' dir='ltr'><strong>et</strong></span> <span class='ocrx_word' id='word_1_35' title='bbox 2109 570 2273 625; x_wconf 86' lang='lat' dir='ltr'><strong>Filius</strong></span> <span class='ocrx_word' id='word_1_36' title='bbox 2306 572 2359 625; x_wconf 93' lang='lat' dir='ltr'><strong>in</strong></span> <span class='ocrx_word' id='word_1_37' title='bbox 2389 571 2548 627; x_wconf 86' lang='lat' dir='ltr'><strong>Patre</strong></span> <span class='ocrx_word' id='word_1_38' title='bbox 2579 584 2814 638; x_wconf 85' lang='lat' dir='ltr'><strong>maneat,</strong></span> <span class='ocrx_word' id='word_1_39' title='bbox 2851 585 2903 628; x_wconf 84' lang='lat' dir='ltr'><strong>et</strong></span> <span class='ocrx_word' id='word_1_40' title='bbox 2939 575 3171 645; x_wconf 87' lang='lat' dir='ltr'><strong>Spiritus</strong></span> <span class='ocrx_word' id='word_1_41' title='bbox 3200 594 3229 633; x_wconf 86' lang='lat' dir='ltr'><strong>a</strong></span> <span class='ocrx_word' id='word_1_42' title='bbox 3276 579 3432 635; x_wconf 86' lang='lat' dir='ltr'><strong>Patre</strong></span> <span class='ocrx_word' id='word_1_43' title='bbox 3469 600 3598 652; x_wconf 87' lang='lat' dir='ltr'><strong>pro-</strong></span> 
     </span>
    </p>
   </div>
   <div class='ocr_carea' id='block_1_8' title="bbox 343 645 1920 731">
    <p class='ocr_par' dir='ltr' id='par_1_8' title="bbox 343 645 1920 731">
     <span class='ocr_line' id='line_1_8' title="bbox 343 645 1920 731; baseline 0.011 -36"><span class='ocrx_word' id='word_1_44' title='bbox 343 645 443 696; x_wconf 73' lang='grc' dir='ltr'><strong>καὶ</strong></span> <span class='ocrx_word' id='word_1_45' title='bbox 488 646 742 717; x_wconf 78' lang='grc' dir='ltr'>ἐγχωρεῖ,</span> <span class='ocrx_word' id='word_1_46' title='bbox 783 649 873 703; x_wconf 77' lang='grc' dir='ltr'><strong>τὸν</strong></span> <span class='ocrx_word' id='word_1_47' title='bbox 913 652 1010 722; x_wconf 81' lang='grc' dir='ltr'>μὲν</span> <span class='ocrx_word' id='word_1_48' title='bbox 1039 653 1245 724; x_wconf 75' lang='grc' dir='ltr'>ἄρχειν,</span> <span class='ocrx_word' id='word_1_49' title='bbox 1287 656 1377 709; x_wconf 85' lang='grc' dir='ltr'>τὸν</span> <span class='ocrx_word' id='word_1_50' title='bbox 1406 657 1481 721; x_wconf 79' lang='grc' dir='ltr'>δὲ,</span> <span class='ocrx_word' id='word_1_51' title='bbox 1512 657 1588 721; x_wconf 87' lang='grc' dir='ltr'><strong>ὡς</strong></span> <span class='ocrx_word' id='word_1_52' title='bbox 1624 660 1683 711; x_wconf 76' lang='grc' dir='ltr'>ἐν</span> <span class='ocrx_word' id='word_1_53' title='bbox 1712 658 1920 731; x_wconf 83' lang='grc' dir='ltr'>ἀνθρώ-</span> 
     </span>
    </p>
   </div>
   <div class='ocr_carea' id='block_1_9' title="bbox 2027 663 3598 738">
    <p class='ocr_par' dir='ltr' id='par_1_9' title="bbox 2027 663 3598 738">
     <span class='ocr_line' id='line_1_9' title="bbox 2027 663 3598 738; baseline 0.009 -24"><span class='ocrx_word' id='word_1_54' title='bbox 2027 663 2203 724; x_wconf 75' lang='lat' dir='ltr'><strong>cedat,</strong></span> <span class='ocrx_word' id='word_1_55' title='bbox 2237 678 2297 716; x_wconf 91' lang='lat' dir='ltr'><strong>ac</strong></span> <span class='ocrx_word' id='word_1_56' title='bbox 2326 673 2539 717; x_wconf 89' lang='lat' dir='ltr'><strong>maneat</strong></span> <span class='ocrx_word' id='word_1_57' title='bbox 2573 666 2711 733; x_wconf 89' lang='lat' dir='ltr'><strong>apud</strong></span> <span class='ocrx_word' id='word_1_58' title='bbox 2773 664 2967 720; x_wconf 85' lang='lat' dir='ltr'><strong>Filium</strong></span> <span class='ocrx_word' id='word_1_59' title='bbox 3006 668 3116 738; x_wconf 76' lang='grc'>(51)</span> <span class='ocrx_word' id='word_1_60' title='bbox 3160 670 3340 723; x_wconf 85' lang='lat' dir='ltr'><strong>divino</strong></span> <span class='ocrx_word' id='word_1_61' title='bbox 3397 676 3598 728; x_wconf 76' lang='lat' dir='ltr'><strong>modo?</strong></span> 
     </span>
    </p>
   </div>
   <div class='ocr_carea' id='block_1_10' title="bbox 230 740 3596 838">
    <p class='ocr_par' dir='ltr' id='par_1_10' title="bbox 230 740 3596 838">
     <span class='ocr_line' id='line_1_10' title="bbox 230 740 3596 838; baseline 0.008 -46"><span class='ocrx_word' id='word_1_62' title='bbox 230 796 237 799; x_wconf 29' lang='grc' dir='ltr'><strong>ν</strong></span> <span class='ocrx_word' id='word_1_63' title='bbox 340 753 487 798; x_wconf 70' lang='grc' dir='ltr'>ποις.</span> <span class='ocrx_word' id='word_1_64' title='bbox 526 744 770 810; x_wconf 72' lang='grc' dir='ltr'>σχολαῖον</span> <span class='ocrx_word' id='word_1_65' title='bbox 801 740 972 809; x_wconf 83' lang='grc' dir='ltr'>εἶναι,</span> <span class='ocrx_word' id='word_1_66' title='bbox 1010 746 1135 799; x_wconf 80' lang='grc' dir='ltr'>ὅταν</span> <span class='ocrx_word' id='word_1_67' title='bbox 1168 748 1195 800; x_wconf 87' lang='grc' dir='ltr'>ὁ</span> <span class='ocrx_word' id='word_1_68' title='bbox 1238 749 1428 821; x_wconf 83' lang='grc' dir='ltr'>Πατὴρ</span> <span class='ocrx_word' id='word_1_69' title='bbox 1469 751 1526 803; x_wconf 81' lang='grc' dir='ltr'>ἐν</span> <span class='ocrx_word' id='word_1_70' title='bbox 1573 750 1651 821; x_wconf 84' lang='grc' dir='ltr'>τῷ</span> <span class='ocrx_word' id='word_1_71' title='bbox 1715 752 1841 821; x_wconf 81' lang='grc' dir='ltr'><strong>Υἰῷ,</strong></span> <span class='ocrx_word' id='word_1_72' title='bbox 1879 754 1971 806; x_wconf 75' lang='grc' dir='ltr'><strong>καὶ</strong></span> <span class='ocrx_word' id='word_1_73' title='bbox 2020 756 2049 805; x_wconf 85' lang='grc' dir='ltr'><strong>ό</strong></span> <span class='ocrx_word' id='word_1_74' title='bbox 2095 753 2219 818; x_wconf 76' lang='grc' dir='ltr'><strong>Υἱὸς</strong></span> <span class='ocrx_word' id='word_1_75' title='bbox 2263 756 2321 808; x_wconf 84' lang='grc' dir='ltr'>ἐν</span> <span class='ocrx_word' id='word_1_76' title='bbox 2354 755 2431 826; x_wconf 83' lang='grc' dir='ltr'>τῷ</span> <span class='ocrx_word' id='word_1_77' title='bbox 2474 757 2649 828; x_wconf 67' lang='lat' dir='ltr'><strong>Ila-cp).</strong></span> <span class='ocrx_word' id='word_1_78' title='bbox 2699 756 2885 828; x_wconf 85' lang='grc' dir='ltr'>μένει,</span> <span class='ocrx_word' id='word_1_79' title='bbox 2930 760 3023 812; x_wconf 77' lang='grc' dir='ltr'><strong>καὶ</strong></span> <span class='ocrx_word' id='word_1_80' title='bbox 3060 762 3220 815; x_wconf 83' lang='grc' dir='ltr'>ὁπότε</span> <span class='ocrx_word' id='word_1_81' title='bbox 3270 763 3330 816; x_wconf 81' lang='grc' dir='ltr'>τὸ</span> <span class='ocrx_word' id='word_1_82' title='bbox 3372 765 3596 838; x_wconf 79' lang='grc' dir='ltr'>Πνεῦμα</span> 
     </span>
    </p>
   </div>
   <div class='ocr_carea' id='block_1_11' title="bbox 335 830 2383 914">
    <p class='ocr_par' dir='ltr' id='par_1_11' title="bbox 335 830 2383 914">
     <span class='ocr_line' id='line_1_11' title="bbox 335 830 2383 914; baseline 0.006 -30"><span class='ocrx_word' id='word_1_83' title='bbox 335 830 701 905; x_wconf 74' lang='grc' dir='ltr'>ἐκπορεύεται</span> <span class='ocrx_word' id='word_1_84' title='bbox 745 834 897 906; x_wconf 68' lang='grc' dir='ltr'>παρὰ</span> <span class='ocrx_word' id='word_1_85' title='bbox 960 837 1055 889; x_wconf 76' lang='grc' dir='ltr'>τοῦ</span> <span class='ocrx_word' id='word_1_86' title='bbox 1094 840 1327 911; x_wconf 71' lang='grc' dir='ltr'>Πατρὺς,</span> <span class='ocrx_word' id='word_1_87' title='bbox 1361 842 1455 895; x_wconf 78' lang='grc' dir='ltr'>καὶ</span> <span class='ocrx_word' id='word_1_88' title='bbox 1494 844 1642 912; x_wconf 88' lang='grc' dir='ltr'>μένει</span> <span class='ocrx_word' id='word_1_89' title='bbox 1692 844 1842 914; x_wconf 77' lang='grc' dir='ltr'>παρὰ</span> <span class='ocrx_word' id='word_1_90' title='bbox 1891 844 1969 913; x_wconf 82' lang='grc' dir='ltr'>τῷ</span> <span class='ocrx_word' id='word_1_91' title='bbox 2008 844 2122 914; x_wconf 79' lang='grc' dir='ltr'><strong>Υἱῷ</strong></span> <span class='ocrx_word' id='word_1_92' title='bbox 2152 844 2383 910; x_wconf 83' lang='grc' dir='ltr'>θεῖκῶς;</span> 
     </span>
    </p>
   </div>
   <div class='ocr_carea' id='block_1_12' title="bbox 853 1015 1404 1089">
    <p class='ocr_par' dir='ltr' id='par_1_12' title="bbox 853 1015 1404 1089">
     <span class='ocr_line' id='line_1_12' title="bbox 853 1015 1404 1089; baseline 0.011 -20"><span class='ocrx_word' id='word_1_93' title='bbox 853 1015 936 1086; x_wconf 75' lang='lat' dir='ltr'><strong>[tt</strong></span> <span class='ocrx_word' id='word_1_94' title='bbox 979 1017 1031 1089; x_wconf 79' lang='grc' dir='ltr'>ι]</span> <span class='ocrx_word' id='word_1_95' title='bbox 1079 1020 1235 1075; x_wconf 82' lang='grc' dir='ltr'>ΚΕΦ.</span> <span class='ocrx_word' id='word_1_96' title='bbox 1278 1021 1404 1075; x_wconf 85' lang='lat' dir='ltr'><strong>AB&#39;.</strong></span> 
     </span>
    </p>
   </div>
   <div class='ocr_carea' id='block_1_13' title="bbox 439 1103 1822 1176">
    <p class='ocr_par' dir='ltr' id='par_1_13' title="bbox 439 1103 1822 1176">
     <span class='ocr_line' id='line_1_13' title="bbox 439 1103 1822 1176; baseline 0.011 -21"><span class='ocrx_word' id='word_1_97' title='bbox 439 1103 572 1171; x_wconf 76' lang='grc' dir='ltr'>Περὶ</span> <span class='ocrx_word' id='word_1_98' title='bbox 601 1103 958 1176; x_wconf 78' lang='grc' dir='ltr'>δοξολογιάς</span> <span class='ocrx_word' id='word_1_99' title='bbox 987 1111 1173 1165; x_wconf 78' lang='grc' dir='ltr'>αὐτοῦ</span> <span class='ocrx_word' id='word_1_100' title='bbox 1205 1112 1311 1166; x_wconf 87' lang='grc' dir='ltr'><strong>τοῦ</strong></span> <span class='ocrx_word' id='word_1_101' title='bbox 1343 1113 1476 1167; x_wconf 80' lang='grc' dir='ltr'>Υιοῦ</span> <span class='ocrx_word' id='word_1_102' title='bbox 1514 1114 1621 1168; x_wconf 84' lang='grc' dir='ltr'>τοῦ</span> <span class='ocrx_word' id='word_1_103' title='bbox 1654 1115 1822 1170; x_wconf 72' lang='grc' dir='ltr'>Θεοῦ.</span> 
     </span>
    </p>
   </div>
   <div class='ocr_carea' id='block_1_14' title="bbox 418 1197 1916 1275">
    <p class='ocr_par' dir='ltr' id='par_1_14' title="bbox 418 1197 1916 1275">
     <span class='ocr_line' id='line_1_14' title="bbox 418 1197 1916 1275; baseline 0.01 -27"><span class='ocrx_word' id='word_1_104' title='bbox 418 1197 718 1268; x_wconf 77' lang='grc' dir='ltr'>Τοιγαροῦν</span> <span class='ocrx_word' id='word_1_105' title='bbox 746 1202 840 1254; x_wconf 78' lang='grc' dir='ltr'><strong>καὶ</strong></span> <span class='ocrx_word' id='word_1_106' title='bbox 882 1202 1009 1273; x_wconf 87' lang='grc' dir='ltr'>περί</span> <span class='ocrx_word' id='word_1_107' title='bbox 1039 1206 1138 1275; x_wconf 82' lang='grc' dir='ltr'>τῆς</span> <span class='ocrx_word' id='word_1_108' title='bbox 1162 1204 1320 1274; x_wconf 78' lang='grc' dir='ltr'>δόξης</span> <span class='ocrx_word' id='word_1_109' title='bbox 1349 1205 1512 1260; x_wconf 76' lang='grc' dir='ltr'>αὑτοῦ</span> <span class='ocrx_word' id='word_1_110' title='bbox 1543 1208 1639 1261; x_wconf 87' lang='grc' dir='ltr'><strong>θέα</strong></span> <span class='ocrx_word' id='word_1_111' title='bbox 1661 1247 1675 1271; x_wconf 85' lang='grc'><strong>,</strong></span> <span class='ocrx_word' id='word_1_112' title='bbox 1703 1203 1792 1263; x_wconf 78' lang='grc' dir='ltr'>οἷα</span> <span class='ocrx_word' id='word_1_113' title='bbox 1823 1210 1916 1263; x_wconf 79' lang='grc' dir='ltr'><strong>καὶ</strong></span> 
     </span>
    </p>
   </div>
   <div class='ocr_carea' id='block_1_15' title="bbox 236 1283 1915 1370">
    <p class='ocr_par' dir='ltr' id='par_1_15' title="bbox 236 1283 1915 1370">
     <span class='ocr_line' id='line_1_15' title="bbox 236 1283 1915 1370; baseline 0.01 -31"><span class='ocrx_word' id='word_1_114' title='bbox 236 1286 265 1317; x_wconf 80' lang='grc'><strong>⁸</strong></span> <span class='ocrx_word' id='word_1_115' title='bbox 342 1283 501 1351; x_wconf 73' lang='grc' dir='ltr'>αὖθις</span> <span class='ocrx_word' id='word_1_116' title='bbox 546 1291 911 1363; x_wconf 80' lang='grc' dir='ltr'>μαρτυροῦσιν</span> <span class='ocrx_word' id='word_1_117' title='bbox 956 1295 1005 1346; x_wconf 77' lang='grc' dir='ltr'><strong>οἱ</strong></span> <span class='ocrx_word' id='word_1_118' title='bbox 1050 1294 1216 1363; x_wconf 83' lang='grc' dir='ltr'>ἆγιοι,</span> <span class='ocrx_word' id='word_1_119' title='bbox 1250 1292 1355 1360; x_wconf 88' lang='grc' dir='ltr'>ὦν,</span> <span class='ocrx_word' id='word_1_120' title='bbox 1397 1298 1579 1369; x_wconf 76' lang='grc' dir='ltr'>φησὶν,</span> <span class='ocrx_word' id='word_1_121' title='bbox 1627 1302 1659 1353; x_wconf 84' lang='grc' dir='ltr'><strong>ό</strong></span> <span class='ocrx_word' id='word_1_122' title='bbox 1690 1302 1915 1370; x_wconf 84' lang='grc' dir='ltr'>κόσμος</span> 
     </span>
    </p>
   </div>
   <div class='ocr_carea' id='block_1_16' title="bbox 336 1375 1915 1463">
    <p class='ocr_par' dir='ltr' id='par_1_16' title="bbox 336 1375 1915 1463">
     <span class='ocr_line' id='line_1_16' title="bbox 336 1375 1915 1463; baseline 0.008 -32"><span class='ocrx_word' id='word_1_123' title='bbox 336 1381 453 1431; x_wconf 77' lang='grc' dir='ltr'><strong>οὐκ</strong></span> <span class='ocrx_word' id='word_1_124' title='bbox 477 1375 554 1448; x_wconf 79' lang='grc' dir='ltr'>ἦν</span> <span class='ocrx_word' id='word_1_125' title='bbox 579 1379 776 1447; x_wconf 80' lang='grc' dir='ltr'>ἄξιος’</span> <span class='ocrx_word' id='word_1_126' title='bbox 804 1382 1143 1449; x_wconf 71' lang='grc' dir='ltr'><strong>διδάσκοντες</strong></span> <span class='ocrx_word' id='word_1_127' title='bbox 1170 1387 1317 1457; x_wconf 80' lang='grc' dir='ltr'>ἡμᾶς</span> <span class='ocrx_word' id='word_1_128' title='bbox 1344 1388 1469 1451; x_wconf 79' lang='grc' dir='ltr'>τοὺς</span> <span class='ocrx_word' id='word_1_129' title='bbox 1493 1388 1671 1460; x_wconf 84' lang='grc' dir='ltr'>χάριτι</span> <span class='ocrx_word' id='word_1_130' title='bbox 1702 1392 1794 1444; x_wconf 73' lang='grc' dir='ltr'><strong>ἐπὶ</strong></span> <span class='ocrx_word' id='word_1_131' title='bbox 1814 1395 1915 1463; x_wconf 81' lang='grc' dir='ltr'>τῆς</span> 
     </span>
    </p>
   </div>
   <div class='ocr_carea' id='block_1_17' title="bbox 335 1470 1914 1548">
    <p class='ocr_par' dir='ltr' id='par_1_17' title="bbox 335 1470 1914 1548">
     <span class='ocr_line' id='line_1_17' title="bbox 335 1470 1914 1548; baseline 0.008 -25"><span class='ocrx_word' id='word_1_132' title='bbox 335 1470 441 1539; x_wconf 76' lang='grc' dir='ltr'>γῆς</span> <span class='ocrx_word' id='word_1_133' title='bbox 491 1470 789 1540; x_wconf 77' lang='grc' dir='ltr'><strong>κληθέντας</strong></span> <span class='ocrx_word' id='word_1_134' title='bbox 836 1475 1018 1539; x_wconf 82' lang='grc' dir='ltr'>υἱοὺς,</span> <span class='ocrx_word' id='word_1_135' title='bbox 1049 1476 1141 1529; x_wconf 83' lang='grc' dir='ltr'>τὸν</span> <span class='ocrx_word' id='word_1_136' title='bbox 1188 1479 1251 1531; x_wconf 82' lang='grc' dir='ltr'><strong>ὲκ</strong></span> <span class='ocrx_word' id='word_1_137' title='bbox 1300 1478 1402 1548; x_wconf 83' lang='grc' dir='ltr'>τῆς</span> <span class='ocrx_word' id='word_1_138' title='bbox 1446 1480 1797 1544; x_wconf 78' lang='grc' dir='ltr'><strong>ὑποστάσεως</strong></span> <span class='ocrx_word' id='word_1_139' title='bbox 1822 1484 1914 1536; x_wconf 80' lang='grc' dir='ltr'>τοῦ</span> 
     </span>
    </p>
   </div>
   <div class='ocr_carea' id='block_1_18' title="bbox 334 1561 1917 1642">
    <p class='ocr_par' dir='ltr' id='par_1_18' title="bbox 334 1561 1917 1642">
     <span class='ocr_line' id='line_1_18' title="bbox 334 1561 1917 1642; baseline 0.011 -30"><span class='ocrx_word' id='word_1_140' title='bbox 334 1561 552 1631; x_wconf 74' lang='grc' dir='ltr'>[ἰατρὸς</span> <span class='ocrx_word' id='word_1_141' title='bbox 590 1566 851 1635; x_wconf 80' lang='grc' dir='ltr'>μονογενῆ</span> <span class='ocrx_word' id='word_1_142' title='bbox 883 1566 1009 1619; x_wconf 76' lang='grc' dir='ltr'><strong>Υἱὸν</strong></span> <span class='ocrx_word' id='word_1_143' title='bbox 1037 1568 1093 1619; x_wconf 80' lang='grc' dir='ltr'>ἐν</span> <span class='ocrx_word' id='word_1_144' title='bbox 1124 1567 1233 1639; x_wconf 80' lang='grc' dir='ltr'>ἴσῃ,</span> <span class='ocrx_word' id='word_1_145' title='bbox 1269 1569 1518 1642; x_wconf 83' lang='grc' dir='ltr'>καθάπερ</span> <span class='ocrx_word' id='word_1_146' title='bbox 1552 1573 1735 1635; x_wconf 82' lang='grc' dir='ltr'>αὐτὸν,</span> <span class='ocrx_word' id='word_1_147' title='bbox 1764 1574 1917 1641; x_wconf 80' lang='grc' dir='ltr'>δοξά-</span> 
     </span>
    </p>
   </div>
   <div class='ocr_carea' id='block_1_19' title="bbox 328 1652 1915 1736">
    <p class='ocr_par' dir='ltr' id='par_1_19' title="bbox 328 1652 1915 1736">
     <span class='ocr_line' id='line_1_19' title="bbox 328 1652 1915 1736; baseline 0.011 -35"><span class='ocrx_word' id='word_1_148' title='bbox 328 1652 447 1713; x_wconf 77' lang='grc' dir='ltr'>ζειν</span> <span class='ocrx_word' id='word_1_149' title='bbox 472 1652 622 1723; x_wconf 73' lang='grc' dir='ltr'>δόξῃ,</span> <span class='ocrx_word' id='word_1_150' title='bbox 656 1658 749 1707; x_wconf 76' lang='grc' dir='ltr'><strong>καὶ</strong></span> <span class='ocrx_word' id='word_1_151' title='bbox 776 1656 1103 1711; x_wconf 76' lang='grc' dir='ltr'>ἀποϐλέπειν</span> <span class='ocrx_word' id='word_1_152' title='bbox 1134 1661 1214 1722; x_wconf 71' lang='grc' dir='ltr'>εἰς</span> <span class='ocrx_word' id='word_1_153' title='bbox 1238 1659 1337 1730; x_wconf 81' lang='grc' dir='ltr'>τὴν</span> <span class='ocrx_word' id='word_1_154' title='bbox 1369 1662 1525 1726; x_wconf 81' lang='grc' dir='ltr'>δόξαν</span> <span class='ocrx_word' id='word_1_155' title='bbox 1550 1664 1615 1734; x_wconf 72' lang='grc' dir='ltr'>ἢν</span> <span class='ocrx_word' id='word_1_156' title='bbox 1645 1660 1785 1735; x_wconf 79' lang='grc' dir='ltr'>εἶχεν</span> <span class='ocrx_word' id='word_1_157' title='bbox 1810 1666 1915 1736; x_wconf 82' lang='grc' dir='ltr'><strong>πρὸ</strong></span> 
     </span>
    </p>
   </div>
   <div class='ocr_carea' id='block_1_20' title="bbox 330 1741 1912 1826">
    <p class='ocr_par' dir='ltr' id='par_1_20' title="bbox 330 1741 1912 1826">
     <span class='ocr_line' id='line_1_20' title="bbox 330 1741 1912 1826; baseline 0.011 -33"><span class='ocrx_word' id='word_1_158' title='bbox 330 1741 422 1794; x_wconf 75' lang='grc' dir='ltr'>τοῦ</span> <span class='ocrx_word' id='word_1_159' title='bbox 458 1745 553 1796; x_wconf 82' lang='grc' dir='ltr'>τὸν</span> <span class='ocrx_word' id='word_1_160' title='bbox 598 1746 800 1816; x_wconf 79' lang='grc' dir='ltr'><strong>κόσμον</strong></span> <span class='ocrx_word' id='word_1_161' title='bbox 843 1744 980 1801; x_wconf 78' lang='grc' dir='ltr'>εἶναι</span> <span class='ocrx_word' id='word_1_162' title='bbox 1028 1750 1177 1822; x_wconf 75' lang='grc' dir='ltr'>παρὰ</span> <span class='ocrx_word' id='word_1_163' title='bbox 1209 1751 1286 1821; x_wconf 83' lang='grc' dir='ltr'>τῷ</span> <span class='ocrx_word' id='word_1_164' title='bbox 1334 1754 1510 1825; x_wconf 69' lang='lat' dir='ltr'><strong>Harp).</strong></span> <span class='ocrx_word' id='word_1_165' title='bbox 1556 1754 1633 1823; x_wconf 84' lang='grc' dir='ltr'>τῷ</span> <span class='ocrx_word' id='word_1_166' title='bbox 1671 1756 1746 1826; x_wconf 77' lang='grc' dir='ltr'>μὴ</span> <span class='ocrx_word' id='word_1_167' title='bbox 1781 1757 1912 1825; x_wconf 78' lang='grc' dir='ltr'>φθο-</span> 
     </span>
    </p>
   </div>
   <div class='ocr_carea' id='block_1_21' title="bbox 2620 1025 3031 1082">
    <p class='ocr_par' dir='ltr' id='par_1_21' title="bbox 2620 1025 3031 1082">
     <span class='ocr_line' id='line_1_21' title="bbox 2620 1025 3031 1082; baseline 0.007 -3"><span class='ocrx_word' id='word_1_168' title='bbox 2620 1025 2771 1079; x_wconf 76' lang='lat' dir='ltr'><strong>CAP.</strong></span> <span class='ocrx_word' id='word_1_169' title='bbox 2817 1025 3031 1082; x_wconf 74' lang='grc' dir='ltr'><strong>ΧΧΧῙΙ.</strong></span> 
     </span>
    </p>
   </div>
   <div class='ocr_carea' id='block_1_22' title="bbox 2338 1112 3309 1184">
    <p class='ocr_par' dir='ltr' id='par_1_22' title="bbox 2338 1112 3309 1184">
     <span class='ocr_line' id='line_1_22' title="bbox 2338 1112 3309 1184; baseline 0.01 -19"><span class='ocrx_word' id='word_1_170' title='bbox 2338 1112 2411 1167; x_wconf 93' lang='lat' dir='ltr'><strong>De</strong></span> <span class='ocrx_word' id='word_1_171' title='bbox 2442 1113 2609 1184; x_wconf 84' lang='lat' dir='ltr'><strong>gloria</strong></span> <span class='ocrx_word' id='word_1_172' title='bbox 2644 1116 2743 1183; x_wconf 81' lang='lat' dir='ltr'><strong>ipsi</strong></span> <span class='ocrx_word' id='word_1_173' title='bbox 2778 1118 2870 1171; x_wconf 85' lang='lat' dir='ltr'><strong>Dei</strong></span> <span class='ocrx_word' id='word_1_174' title='bbox 2903 1117 3047 1172; x_wconf 78' lang='lat' dir='ltr'><strong>Filio</strong></span> <span class='ocrx_word' id='word_1_175' title='bbox 3083 1138 3136 1175; x_wconf 87' lang='lat' dir='ltr'><strong>re</strong></span> <span class='ocrx_word' id='word_1_176' title='bbox 3160 1123 3309 1175; x_wconf 78' lang='lat' dir='ltr'><strong>’(lita.</strong></span> 
     </span>
    </p>
   </div>
   <div class='ocr_carea' id='block_1_23' title="bbox 2091 1203 3593 1280">
    <p class='ocr_par' dir='ltr' id='par_1_23' title="bbox 2091 1203 3593 1280">
     <span class='ocr_line' id='line_1_23' title="bbox 2091 1203 3593 1280; baseline 0.007 -20"><span class='ocrx_word' id='word_1_177' title='bbox 2091 1203 2208 1260; x_wconf 81' lang='lat' dir='ltr'><strong>Jam</strong></span> <span class='ocrx_word' id='word_1_178' title='bbox 2239 1217 2369 1259; x_wconf 83' lang='lat' dir='ltr'><strong>vero</strong></span> <span class='ocrx_word' id='word_1_179' title='bbox 2409 1207 2475 1258; x_wconf 91' lang='lat' dir='ltr'><strong>de</strong></span> <span class='ocrx_word' id='word_1_180' title='bbox 2513 1205 2682 1275; x_wconf 81' lang='lat' dir='ltr'><strong>gloria</strong></span> <span class='ocrx_word' id='word_1_181' title='bbox 2714 1221 2927 1276; x_wconf 87' lang='lat' dir='ltr'><strong>quoque</strong></span> <span class='ocrx_word' id='word_1_182' title='bbox 2976 1211 3161 1279; x_wconf 88' lang='lat' dir='ltr'><strong>ipsius,</strong></span> <span class='ocrx_word' id='word_1_183' title='bbox 3217 1228 3281 1265; x_wconf 87' lang='lat' dir='ltr'><strong>ac</strong></span> <span class='ocrx_word' id='word_1_184' title='bbox 3314 1214 3593 1280; x_wconf 82' lang='lat' dir='ltr'><strong>majestate</strong></span> 
     </span>
    </p>
   </div>
   <div class='ocr_carea' id='block_1_24' title="bbox 2020 1294 3592 1372">
    <p class='ocr_par' dir='ltr' id='par_1_24' title="bbox 2020 1294 3592 1372">
     <span class='ocr_line' id='line_1_24' title="bbox 2020 1294 3592 1372; baseline 0.008 -25"><span class='ocrx_word' id='word_1_185' title='bbox 2020 1295 2143 1350; x_wconf 83' lang='lat' dir='ltr'><strong>vide</strong></span> <span class='ocrx_word' id='word_1_186' title='bbox 2191 1294 2367 1363; x_wconf 80' lang='lat' dir='ltr'><strong>qualia</strong></span> <span class='ocrx_word' id='word_1_187' title='bbox 2432 1311 2622 1351; x_wconf 89' lang='lat' dir='ltr'><strong>rursus</strong></span> <span class='ocrx_word' id='word_1_188' title='bbox 2669 1305 2938 1352; x_wconf 75' lang='lat' dir='ltr'><strong>testentur</strong></span> <span class='ocrx_word' id='word_1_189' title='bbox 2995 1302 3200 1365; x_wconf 85' lang='lat' dir='ltr'><strong>sancti,</strong></span> <span class='ocrx_word' id='word_1_190' title='bbox 3248 1320 3467 1372; x_wconf 87' lang='lat' dir='ltr'><strong>quorum</strong></span> <span class='ocrx_word' id='word_1_191' title='bbox 3513 1307 3592 1358; x_wconf 82' lang='lat' dir='ltr'><strong>di-</strong></span> 
     </span>
    </p>
   </div>
   <div class='ocr_carea' id='block_1_25' title="bbox 2021 1386 3589 1460">
    <p class='ocr_par' dir='ltr' id='par_1_25' title="bbox 2021 1386 3589 1460">
     <span class='ocr_line' id='line_1_25' title="bbox 2021 1386 3589 1460; baseline 0.01 -22"><span class='ocrx_word' id='word_1_192' title='bbox 2021 1403 2173 1456; x_wconf 83' lang='lat' dir='ltr'><strong>gnus,</strong></span> <span class='ocrx_word' id='word_1_193' title='bbox 2219 1397 2276 1440; x_wconf 93' lang='lat' dir='ltr'><strong>ut</strong></span> <span class='ocrx_word' id='word_1_194' title='bbox 2310 1388 2385 1439; x_wconf 89' lang='lat' dir='ltr'><strong>ait</strong></span> <span class='ocrx_word' id='word_1_195' title='bbox 2441 1386 2720 1457; x_wconf 84' lang='lat' dir='ltr'><strong>Scriptura</strong></span> <span class='ocrx_word' id='word_1_196' title='bbox 2760 1389 2893 1460; x_wconf 70' lang='lat'><strong>(52),</strong></span> <span class='ocrx_word' id='word_1_197' title='bbox 2930 1409 3031 1446; x_wconf 88' lang='lat' dir='ltr'><strong>non</strong></span> <span class='ocrx_word' id='word_1_198' title='bbox 3075 1404 3189 1447; x_wconf 86' lang='lat' dir='ltr'><strong>erat</strong></span> <span class='ocrx_word' id='word_1_199' title='bbox 3236 1400 3483 1452; x_wconf 88' lang='lat' dir='ltr'><strong>mundus.</strong></span> <span class='ocrx_word' id='word_1_200' title='bbox 3526 1399 3589 1455; x_wconf 87' lang='lat' dir='ltr'><strong>Hi</strong></span> 
     </span>
    </p>
   </div>
   <div class='ocr_carea' id='block_1_26' title="bbox 2020 1481 3589 1561">
    <p class='ocr_par' dir='ltr' id='par_1_26' title="bbox 2020 1481 3589 1561">
     <span class='ocr_line' id='line_1_26' title="bbox 2020 1481 3589 1561; baseline 0.01 -31"><span class='ocrx_word' id='word_1_201' title='bbox 2020 1494 2182 1547; x_wconf 89' lang='lat' dir='ltr'><strong>porro</strong></span> <span class='ocrx_word' id='word_1_202' title='bbox 2214 1495 2309 1533; x_wconf 86' lang='lat' dir='ltr'><strong>nos</strong></span> <span class='ocrx_word' id='word_1_203' title='bbox 2346 1483 2558 1546; x_wconf 89' lang='lat' dir='ltr'><strong>docent,</strong></span> <span class='ocrx_word' id='word_1_204' title='bbox 2594 1481 2662 1535; x_wconf 88' lang='lat' dir='ltr'><strong>ab</strong></span> <span class='ocrx_word' id='word_1_205' title='bbox 2703 1482 2791 1546; x_wconf 90' lang='lat' dir='ltr'><strong>iis,</strong></span> <span class='ocrx_word' id='word_1_206' title='bbox 2832 1485 2921 1553; x_wconf 87' lang='lat' dir='ltr'><strong>qui</strong></span> <span class='ocrx_word' id='word_1_207' title='bbox 2951 1485 3003 1537; x_wconf 92' lang='lat' dir='ltr'><strong>in</strong></span> <span class='ocrx_word' id='word_1_208' title='bbox 3050 1495 3193 1541; x_wconf 85' lang='lat' dir='ltr'><strong>terra</strong></span> <span class='ocrx_word' id='word_1_209' title='bbox 3236 1504 3330 1553; x_wconf 89' lang='lat' dir='ltr'><strong>per</strong></span> <span class='ocrx_word' id='word_1_210' title='bbox 3360 1502 3589 1561; x_wconf 79' lang='lat' dir='ltr'><strong>gratiam</strong></span> 
     </span>
    </p>
   </div>
   <div class='ocr_carea' id='block_1_27' title="bbox 2021 1571 3589 1647">
    <p class='ocr_par' dir='ltr' id='par_1_27' title="bbox 2021 1571 3589 1647">
     <span class='ocr_line' id='line_1_27' title="bbox 2021 1571 3589 1647; baseline 0.011 -28"><span class='ocrx_word' id='word_1_211' title='bbox 2021 1572 2195 1623; x_wconf 85' lang='lat' dir='ltr'><strong>vocati</strong></span> <span class='ocrx_word' id='word_1_212' title='bbox 2233 1580 2357 1625; x_wconf 89' lang='lat' dir='ltr'><strong>sunt</strong></span> <span class='ocrx_word' id='word_1_213' title='bbox 2398 1571 2513 1634; x_wconf 81' lang='lat' dir='ltr'><strong>lilii,</strong></span> <span class='ocrx_word' id='word_1_214' title='bbox 2561 1572 2709 1626; x_wconf 81' lang='lat' dir='ltr'><strong>illuni</strong></span> <span class='ocrx_word' id='word_1_215' title='bbox 2738 1575 2826 1642; x_wconf 86' lang='lat' dir='ltr'><strong>qui</strong></span> <span class='ocrx_word' id='word_1_216' title='bbox 2865 1591 2930 1629; x_wconf 86' lang='lat' dir='ltr'><strong>ex</strong></span> <span class='ocrx_word' id='word_1_217' title='bbox 2978 1591 3205 1647; x_wconf 89' lang='lat' dir='ltr'><strong>persona</strong></span> <span class='ocrx_word' id='word_1_218' title='bbox 3242 1580 3416 1635; x_wconf 88' lang='lat' dir='ltr'><strong>Patris</strong></span> <span class='ocrx_word' id='word_1_219' title='bbox 3446 1584 3589 1637; x_wconf 75' lang='lat' dir='ltr'><strong>exsi-</strong></span> 
     </span>
    </p>
   </div>
   <div class='ocr_carea' id='block_1_28' title="bbox 2018 1662 3585 1739">
    <p class='ocr_par' dir='ltr' id='par_1_28' title="bbox 2018 1662 3585 1739">
     <span class='ocr_line' id='line_1_28' title="bbox 2018 1662 3585 1739; baseline 0.008 -24"><span class='ocrx_word' id='word_1_220' title='bbox 2018 1662 2111 1715; x_wconf 88' lang='lat' dir='ltr'><strong>stit</strong></span> <span class='ocrx_word' id='word_1_221' title='bbox 2155 1663 2488 1732; x_wconf 81' lang='lat' dir='ltr'><strong>unigenitum</strong></span> <span class='ocrx_word' id='word_1_222' title='bbox 2524 1662 2716 1718; x_wconf 88' lang='lat' dir='ltr'><strong>Filium</strong></span> <span class='ocrx_word' id='word_1_223' title='bbox 2747 1667 2962 1735; x_wconf 70' lang='lat' dir='ltr'><strong>aequali,</strong></span> <span class='ocrx_word' id='word_1_224' title='bbox 3012 1684 3075 1723; x_wconf 90' lang='lat' dir='ltr'><strong>ac</strong></span> <span class='ocrx_word' id='word_1_225' title='bbox 3127 1670 3299 1739; x_wconf 88' lang='lat' dir='ltr'><strong>ipsum</strong></span> <span class='ocrx_word' id='word_1_226' title='bbox 3348 1672 3585 1739; x_wconf 85' lang='lat' dir='ltr'><strong>Patrem,</strong></span> 
     </span>
    </p>
   </div>
   <div class='ocr_carea' id='block_1_29' title="bbox 2017 1748 3584 1833">
    <p class='ocr_par' dir='ltr' id='par_1_29' title="bbox 2017 1748 3584 1833">
     <span class='ocr_line' id='line_1_29' title="bbox 2017 1748 3584 1833; baseline 0.01 -33"><span class='ocrx_word' id='word_1_227' title='bbox 2017 1748 2186 1818; x_wconf 77' lang='lat' dir='ltr'><strong>gloria</strong></span> <span class='ocrx_word' id='word_1_228' title='bbox 2224 1750 2537 1818; x_wconf 80' lang='lat' dir='ltr'><strong>gloriﬁcari,</strong></span> <span class='ocrx_word' id='word_1_229' title='bbox 2571 1767 2797 1821; x_wconf 89' lang='lat' dir='ltr'><strong>eamque</strong></span> <span class='ocrx_word' id='word_1_230' title='bbox 2838 1754 3064 1825; x_wconf 79' lang='lat' dir='ltr'><strong>gloriam</strong></span> <span class='ocrx_word' id='word_1_231' title='bbox 3098 1759 3167 1811; x_wconf 85' lang='lat' dir='ltr'><strong>ab</strong></span> <span class='ocrx_word' id='word_1_232' title='bbox 3203 1761 3331 1829; x_wconf 87' lang='lat' dir='ltr'><strong>ipsis</strong></span> <span class='ocrx_word' id='word_1_233' title='bbox 3369 1766 3584 1833; x_wconf 83' lang='lat' dir='ltr'><strong>respici,</strong></span> 
     </span>
    </p>
   </div>
   <div class='ocr_carea' id='block_1_30' title="bbox 312 1812 1894 1919">
    <p class='ocr_par' dir='ltr' id='par_1_30' title="bbox 312 1812 1894 1914">
     <span class='ocr_line' id='line_1_30' title="bbox 312 1812 1894 1914; baseline 0.011 -31"><span class='ocrx_word' id='word_1_234' title='bbox 312 1812 511 1885; x_wconf 54' lang='grc' dir='ltr'>’δοῦντι</span> <span class='ocrx_word' id='word_1_235' title='bbox 538 1833 615 1903; x_wconf 80' lang='grc' dir='ltr'><strong>τῷ</strong></span> <span class='ocrx_word' id='word_1_236' title='bbox 650 1812 958 1908; x_wconf 39' lang='grc' dir='ltr'>’Ᾱ-γαπητῴο</span> <span class='ocrx_word' id='word_1_237' title='bbox 995 1812 1291 1908; x_wconf 52' lang='grc' dir='ltr'>βασέιανίας</span> <span class='ocrx_word' id='word_1_238' title='bbox 1320 1843 1427 1914; x_wconf 78' lang='grc' dir='ltr'>γὰρ</span> <span class='ocrx_word' id='word_1_239' title='bbox 1457 1812 1550 1897; x_wconf 50' lang='grc' dir='ltr'>διαὶ</span> <span class='ocrx_word' id='word_1_240' title='bbox 1582 1812 1894 1906; x_wconf 52' lang='grc' dir='ltr'><strong>έαᾷτὲξπάι</strong></span> 
     </span>
    </p>
   </div>
   <div class='ocr_carea' id='block_1_31' title="bbox 1999 1812 3585 1919">
    <p class='ocr_par' dir='ltr' id='par_1_31' title="bbox 2016 1812 3585 1919">
     <span class='ocr_line' id='line_1_31' title="bbox 2016 1812 3585 1919; baseline 0.013 -31"><span class='ocrx_word' id='word_1_241' title='bbox 2016 1853 2173 1907; x_wconf 90' lang='lat' dir='ltr'><strong>quam</strong></span> <span class='ocrx_word' id='word_1_242' title='bbox 2205 1839 2412 1903; x_wconf 84' lang='lat' dir='ltr'><strong>habuit,</strong></span> <span class='ocrx_word' id='word_1_243' title='bbox 2432 1842 2742 1911; x_wconf 86' lang='lat' dir='ltr'><strong>priusquam</strong></span> <span class='ocrx_word' id='word_1_244' title='bbox 2782 1848 3012 1900; x_wconf 91' lang='lat' dir='ltr'><strong>mundus</strong></span> <span class='ocrx_word' id='word_1_245' title='bbox 3030 1859 3191 1913; x_wconf 87' lang='lat' dir='ltr'><strong>esset,</strong></span> <span class='ocrx_word' id='word_1_246' title='bbox 3216 1812 3353 1919; x_wconf 73' lang='lat' dir='ltr'><strong>apud</strong></span> <span class='ocrx_word' id='word_1_247' title='bbox 3372 1812 3585 1908; x_wconf 50' lang='lat' dir='ltr'><strong>Patlrvm</strong></span> 
     </span>
    </p>
   </div>
   <div class='ocr_carea' id='block_1_32' title="bbox 330 1926 1909 2010">
    <p class='ocr_par' dir='ltr' id='par_1_32' title="bbox 330 1926 1909 2010">
     <span class='ocr_line' id='line_1_32' title="bbox 330 1926 1909 2010; baseline 0.011 -35"><span class='ocrx_word' id='word_1_248' title='bbox 330 1929 457 1989; x_wconf 60' lang='grc' dir='ltr'>ἂους</span> <span class='ocrx_word' id='word_1_249' title='bbox 488 1926 550 1978; x_wconf 77' lang='grc' dir='ltr'>τὸ</span> <span class='ocrx_word' id='word_1_250' title='bbox 578 1928 731 1981; x_wconf 88' lang='grc' dir='ltr'>Θεῖον</span> <span class='ocrx_word' id='word_1_251' title='bbox 775 1929 1088 2002; x_wconf 77' lang='grc' dir='ltr'>ἐλεύθερον.</span> <span class='ocrx_word' id='word_1_252' title='bbox 1144 1932 1307 1986; x_wconf 79' lang='grc' dir='ltr'>Δαυῒδ</span> <span class='ocrx_word' id='word_1_253' title='bbox 1354 1935 1412 1987; x_wconf 84' lang='grc' dir='ltr'>ὲν</span> <span class='ocrx_word' id='word_1_254' title='bbox 1464 1944 1545 1990; x_wconf 81' lang='grc' dir='ltr'>οα¹</span> <span class='ocrx_word' id='word_1_255' title='bbox 1572 1937 1805 2010; x_wconf 75' lang='grc' dir='ltr'>ψαλμῷ,</span> <span class='ocrx_word' id='word_1_256' title='bbox 1849 1939 1909 1992; x_wconf 80' lang='grc' dir='ltr'>ὃν</span> 
     </span>
    </p>
   </div>
   <div class='ocr_carea' id='block_1_33' title="bbox 319 2018 1906 2100">
    <p class='ocr_par' dir='ltr' id='par_1_33' title="bbox 319 2018 1906 2100">
     <span class='ocr_line' id='line_1_33' title="bbox 319 2018 1906 2100; baseline 0.009 -30"><span class='ocrx_word' id='word_1_257' title='bbox 319 2018 779 2090; x_wconf 78' lang='grc' dir='ltr'>ὁμολογουμένως</span> <span class='ocrx_word' id='word_1_258' title='bbox 820 2022 951 2093; x_wconf 73' lang='grc' dir='ltr'>περὶ</span> <span class='ocrx_word' id='word_1_259' title='bbox 1014 2022 1108 2076; x_wconf 83' lang='grc' dir='ltr'>τοῦ</span> <span class='ocrx_word' id='word_1_260' title='bbox 1178 2026 1413 2097; x_wconf 80' lang='grc' dir='ltr'><strong>Χριστοῦ</strong></span> <span class='ocrx_word' id='word_1_261' title='bbox 1480 2030 1906 2100; x_wconf 82' lang='grc' dir='ltr'>προεφήτευσεν,</span> 
     </span>
    </p>
   </div>
   <div class='ocr_carea' id='block_1_34' title="bbox 326 2112 1909 2191">
    <p class='ocr_par' dir='ltr' id='par_1_34' title="bbox 326 2112 1909 2191">
     <span class='ocr_line' id='line_1_34' title="bbox 326 2112 1909 2191; baseline 0.008 -26"><span class='ocrx_word' id='word_1_262' title='bbox 326 2112 570 2173; x_wconf 79' lang='grc' dir='ltr'>Ἔσται,</span> <span class='ocrx_word' id='word_1_263' title='bbox 601 2112 785 2181; x_wconf 76' lang='grc' dir='ltr'>φησὶν,</span> <span class='ocrx_word' id='word_1_264' title='bbox 820 2114 886 2167; x_wconf 83' lang='grc' dir='ltr'><strong>τὸ</strong></span> <span class='ocrx_word' id='word_1_265' title='bbox 920 2114 1108 2184; x_wconf 80' lang='grc' dir='ltr'>ὄνομα</span> <span class='ocrx_word' id='word_1_266' title='bbox 1148 2118 1334 2173; x_wconf 82' lang='grc' dir='ltr'>αὐτοῦ</span> <span class='ocrx_word' id='word_1_267' title='bbox 1377 2120 1786 2189; x_wconf 76' lang='grc' dir='ltr'>εὐλογημένον</span> <span class='ocrx_word' id='word_1_268' title='bbox 1821 2129 1909 2191; x_wconf 78' lang='grc' dir='ltr'>εἰς</span> 
     </span>
    </p>
   </div>
   <div class='ocr_carea' id='block_1_35' title="bbox 322 2202 1909 2285">
    <p class='ocr_par' dir='ltr' id='par_1_35' title="bbox 322 2202 1909 2285">
     <span class='ocr_line' id='line_1_35' title="bbox 322 2202 1909 2285; baseline 0.009 -30"><span class='ocrx_word' id='word_1_269' title='bbox 322 2202 471 2267; x_wconf 75' lang='grc' dir='ltr'>τοὺς</span> <span class='ocrx_word' id='word_1_270' title='bbox 504 2203 744 2270; x_wconf 76' lang='grc' dir='ltr'>αἰῶναςο</span> <span class='ocrx_word' id='word_1_271' title='bbox 782 2205 895 2274; x_wconf 84' lang='grc' dir='ltr'><strong>πρὸ</strong></span> <span class='ocrx_word' id='word_1_272' title='bbox 928 2207 1034 2261; x_wconf 83' lang='grc' dir='ltr'><strong>τοῦ</strong></span> <span class='ocrx_word' id='word_1_273' title='bbox 1078 2209 1257 2276; x_wconf 79' lang='grc' dir='ltr'>ἡλίου</span> <span class='ocrx_word' id='word_1_274' title='bbox 1307 2209 1569 2279; x_wconf 76' lang='grc' dir='ltr'>διαμένει</span> <span class='ocrx_word' id='word_1_275' title='bbox 1609 2214 1677 2267; x_wconf 86' lang='grc' dir='ltr'><strong>τὸ</strong></span> <span class='ocrx_word' id='word_1_276' title='bbox 1721 2214 1909 2285; x_wconf 78' lang='grc' dir='ltr'>ὄνομα</span> 
     </span>
    </p>
   </div>
   <div class='ocr_carea' id='block_1_36' title="bbox 318 2294 1904 2374">
    <p class='ocr_par' dir='ltr' id='par_1_36' title="bbox 318 2294 1904 2374">
     <span class='ocr_line' id='line_1_36' title="bbox 318 2294 1904 2374; baseline 0.009 -28"><span class='ocrx_word' id='word_1_277' title='bbox 318 2294 517 2348; x_wconf 82' lang='grc' dir='ltr'>αὑτοῦ</span> <span class='ocrx_word' id='word_1_278' title='bbox 552 2296 649 2349; x_wconf 72' lang='grc' dir='ltr'><strong>καὶ</strong></span> <span class='ocrx_word' id='word_1_279' title='bbox 688 2296 801 2363; x_wconf 78' lang='grc' dir='ltr'><strong>πρὸ</strong></span> <span class='ocrx_word' id='word_1_280' title='bbox 833 2295 943 2365; x_wconf 79' lang='grc' dir='ltr'>τῆς</span> <span class='ocrx_word' id='word_1_281' title='bbox 975 2299 1245 2368; x_wconf 82' lang='grc' dir='ltr'>σελήνης</span> <span class='ocrx_word' id='word_1_282' title='bbox 1278 2301 1489 2372; x_wconf 80' lang='grc' dir='ltr'>γενεὰς</span> <span class='ocrx_word' id='word_1_283' title='bbox 1517 2302 1742 2374; x_wconf 76' lang='grc' dir='ltr'>γενεῶν</span> <span class='ocrx_word' id='word_1_284' title='bbox 1761 2322 1775 2337; x_wconf 90' lang='grc'><strong>·</strong></span> <span class='ocrx_word' id='word_1_285' title='bbox 1804 2307 1904 2361; x_wconf 76' lang='grc' dir='ltr'><strong>καὶ</strong></span> 
     </span>
    </p>
   </div>
   <div class='ocr_carea' id='block_1_37' title="bbox 317 2385 1907 2468">
    <p class='ocr_par' dir='ltr' id='par_1_37' title="bbox 317 2385 1907 2468">
     <span class='ocr_line' id='line_1_37' title="bbox 317 2385 1907 2468; baseline 0.011 -31"><span class='ocrx_word' id='word_1_286' title='bbox 317 2385 911 2457; x_wconf 74' lang='grc' dir='ltr'>ἐνευλογηθήσονται</span> <span class='ocrx_word' id='word_1_287' title='bbox 952 2391 1021 2443; x_wconf 79' lang='grc' dir='ltr'>ἐν</span> <span class='ocrx_word' id='word_1_288' title='bbox 1066 2394 1227 2459; x_wconf 83' lang='grc' dir='ltr'><strong>αὐτῷ</strong></span> <span class='ocrx_word' id='word_1_289' title='bbox 1258 2394 1445 2449; x_wconf 82' lang='grc' dir='ltr'>πᾶσαι</span> <span class='ocrx_word' id='word_1_290' title='bbox 1478 2399 1538 2450; x_wconf 89' lang='lat' dir='ltr'><strong>al</strong></span> <span class='ocrx_word' id='word_1_291' title='bbox 1571 2398 1760 2467; x_wconf 72' lang='grc' dir='ltr'>φυλαὶ</span> <span class='ocrx_word' id='word_1_292' title='bbox 1796 2399 1907 2468; x_wconf 83' lang='grc' dir='ltr'><strong>τῆς</strong></span> 
     </span>
    </p>
   </div>
   <div class='ocr_carea' id='block_1_38' title="bbox 320 2476 1909 2554">
    <p class='ocr_par' dir='ltr' id='par_1_38' title="bbox 320 2476 1909 2554">
     <span class='ocr_line' id='line_1_38' title="bbox 320 2476 1909 2554; baseline 0.013 -28"><span class='ocrx_word' id='word_1_293' title='bbox 320 2476 461 2543; x_wconf 67' lang='grc' dir='ltr'>τῆς,</span> <span class='ocrx_word' id='word_1_294' title='bbox 492 2478 591 2530; x_wconf 81' lang='grc' dir='ltr'><strong>καὶ</strong></span> <span class='ocrx_word' id='word_1_295' title='bbox 624 2478 821 2535; x_wconf 73' lang='grc' dir='ltr'>πάντα</span> <span class='ocrx_word' id='word_1_296' title='bbox 859 2482 932 2536; x_wconf 84' lang='grc' dir='ltr'>τὰ</span> <span class='ocrx_word' id='word_1_297' title='bbox 960 2483 1104 2551; x_wconf 77' lang='grc' dir='ltr'>ἔθνη</span> <span class='ocrx_word' id='word_1_298' title='bbox 1126 2487 1529 2554; x_wconf 81' lang='grc' dir='ltr'>μακαριοῦσιν</span> <span class='ocrx_word' id='word_1_299' title='bbox 1558 2490 1764 2545; x_wconf 84' lang='grc' dir='ltr'>αὐτόν.</span> <span class='ocrx_word' id='word_1_300' title='bbox 1793 2493 1909 2546; x_wconf 81' lang='grc' dir='ltr'><strong>Εὑ-</strong></span> 
     </span>
    </p>
   </div>
   <div class='ocr_carea' id='block_1_39' title="bbox 314 2570 1906 2651">
    <p class='ocr_par' dir='ltr' id='par_1_39' title="bbox 314 2570 1906 2651">
     <span class='ocr_line' id='line_1_39' title="bbox 314 2570 1906 2651; baseline 0.011 -30"><span class='ocrx_word' id='word_1_301' title='bbox 314 2570 586 2638; x_wconf 76' lang='grc' dir='ltr'>λοτητύς</span> <span class='ocrx_word' id='word_1_302' title='bbox 619 2570 836 2641; x_wconf 79' lang='grc' dir='ltr'>Κύριος</span> <span class='ocrx_word' id='word_1_303' title='bbox 882 2578 916 2631; x_wconf 86' lang='grc' dir='ltr'><strong>ό</strong></span> <span class='ocrx_word' id='word_1_304' title='bbox 974 2578 1117 2643; x_wconf 82' lang='grc' dir='ltr'>Θεὸς</span> <span class='ocrx_word' id='word_1_305' title='bbox 1156 2579 1263 2633; x_wconf 83' lang='grc' dir='ltr'><strong>τοῦ</strong></span> <span class='ocrx_word' id='word_1_306' title='bbox 1326 2580 1595 2651; x_wconf 78' lang='grc' dir='ltr'>Ἰσραὴλ,</span> <span class='ocrx_word' id='word_1_307' title='bbox 1637 2587 1671 2647; x_wconf 84' lang='grc' dir='ltr'><strong>ό</strong></span> <span class='ocrx_word' id='word_1_308' title='bbox 1719 2584 1906 2639; x_wconf 80' lang='grc' dir='ltr'>ποιῶν</span> 
     </span>
    </p>
   </div>
   <div class='ocr_carea' id='block_1_40' title="bbox 312 2662 1904 2745">
    <p class='ocr_par' dir='ltr' id='par_1_40' title="bbox 312 2662 1904 2745">
     <span class='ocr_line' id='line_1_40' title="bbox 312 2662 1904 2745; baseline 0.011 -31"><span class='ocrx_word' id='word_1_309' title='bbox 312 2662 629 2730; x_wconf 78' lang='grc' dir='ltr'>θαυμάσια</span> <span class='ocrx_word' id='word_1_310' title='bbox 674 2666 884 2733; x_wconf 83' lang='grc' dir='ltr'>μόνος,</span> <span class='ocrx_word' id='word_1_311' title='bbox 938 2670 1043 2723; x_wconf 70' lang='grc' dir='ltr'><strong>καὶ</strong></span> <span class='ocrx_word' id='word_1_312' title='bbox 1081 2672 1412 2741; x_wconf 79' lang='grc' dir='ltr'>εὐλογητὸν</span> <span class='ocrx_word' id='word_1_313' title='bbox 1456 2674 1523 2727; x_wconf 84' lang='grc' dir='ltr'>τὸ</span> <span class='ocrx_word' id='word_1_314' title='bbox 1574 2674 1761 2745; x_wconf 80' lang='grc' dir='ltr'>ὄνομα</span> <span class='ocrx_word' id='word_1_315' title='bbox 1798 2676 1904 2745; x_wconf 80' lang='grc' dir='ltr'>τῆς</span> 
     </span>
    </p>
   </div>
   <div class='ocr_carea' id='block_1_41' title="bbox 306 2753 1903 2831">
    <p class='ocr_par' dir='ltr' id='par_1_41' title="bbox 306 2753 1903 2831">
     <span class='ocr_line' id='line_1_41' title="bbox 306 2753 1903 2831; baseline 0.012 -26"><span class='ocrx_word' id='word_1_316' title='bbox 306 2753 509 2819; x_wconf 77' lang='grc' dir='ltr'>δόξης</span> <span class='ocrx_word' id='word_1_317' title='bbox 534 2757 719 2809; x_wconf 78' lang='grc' dir='ltr'>αὐτοῦ</span> <span class='ocrx_word' id='word_1_318' title='bbox 741 2761 828 2823; x_wconf 72' lang='grc' dir='ltr'>εἰς</span> <span class='ocrx_word' id='word_1_319' title='bbox 866 2761 972 2813; x_wconf 80' lang='grc' dir='ltr'><strong>τὸν</strong></span> <span class='ocrx_word' id='word_1_320' title='bbox 1001 2761 1183 2816; x_wconf 74' lang='grc' dir='ltr'>αἰῶνα</span> <span class='ocrx_word' id='word_1_321' title='bbox 1214 2764 1312 2818; x_wconf 78' lang='grc' dir='ltr'><strong>καὶ</strong></span> <span class='ocrx_word' id='word_1_322' title='bbox 1338 2766 1423 2831; x_wconf 83' lang='grc' dir='ltr'>εὶς</span> <span class='ocrx_word' id='word_1_323' title='bbox 1450 2766 1558 2820; x_wconf 74' lang='grc' dir='ltr'>τὸν</span> <span class='ocrx_word' id='word_1_324' title='bbox 1581 2766 1767 2821; x_wconf 72' lang='grc' dir='ltr'>αἰῶνα</span> <span class='ocrx_word' id='word_1_325' title='bbox 1795 2770 1903 2825; x_wconf 83' lang='grc' dir='ltr'>τοῦ</span> 
     </span>
    </p>
   </div>
   <div class='ocr_carea' id='block_1_42' title="bbox 311 2843 1905 2925">
    <p class='ocr_par' dir='ltr' id='par_1_42' title="bbox 311 2843 1905 2925">
     <span class='ocr_line' id='line_1_42' title="bbox 311 2843 1905 2925; baseline 0.011 -28"><span class='ocrx_word' id='word_1_326' title='bbox 311 2843 542 2911; x_wconf 71' lang='grc' dir='ltr'>αἰῶνος</span> <span class='ocrx_word' id='word_1_327' title='bbox 563 2848 679 2900; x_wconf 73' lang='grc' dir='ltr'><strong>’καὶ</strong></span> <span class='ocrx_word' id='word_1_328' title='bbox 708 2852 1159 2919; x_wconf 77' lang='grc' dir='ltr'><strong>πληρωθήσεται</strong></span> <span class='ocrx_word' id='word_1_329' title='bbox 1192 2853 1300 2921; x_wconf 84' lang='grc' dir='ltr'><strong>τῆς</strong></span> <span class='ocrx_word' id='word_1_330' title='bbox 1320 2856 1505 2925; x_wconf 79' lang='grc' dir='ltr'>δόξης</span> <span class='ocrx_word' id='word_1_331' title='bbox 1525 2860 1712 2913; x_wconf 83' lang='grc' dir='ltr'>αὐτοῦ</span> <span class='ocrx_word' id='word_1_332' title='bbox 1737 2858 1905 2915; x_wconf 82' lang='grc' dir='ltr'>πᾶσα</span> 
     </span>
    </p>
   </div>
   <div class='ocr_carea' id='block_1_43' title="bbox 311 2937 1899 3019">
    <p class='ocr_par' dir='ltr' id='par_1_43' title="bbox 311 2937 1899 3019">
     <span class='ocr_line' id='line_1_43' title="bbox 311 2937 1899 3019; baseline 0.009 -29"><span class='ocrx_word' id='word_1_333' title='bbox 311 2940 357 3005; x_wconf 80' lang='grc' dir='ltr'><em>ἠ</em></span> <span class='ocrx_word' id='word_1_334' title='bbox 380 2937 483 3007; x_wconf 76' lang='grc' dir='ltr'>γῆσ</span> <span class='ocrx_word' id='word_1_335' title='bbox 508 2940 1175 3013; x_wconf 59' lang='grc' dir='ltr'>γένοιτο-Εὐλογητὸς</span> <span class='ocrx_word' id='word_1_336' title='bbox 1188 2947 1447 3014; x_wconf 83' lang='grc' dir='ltr'>Κύριοςό</span> <span class='ocrx_word' id='word_1_337' title='bbox 1462 2949 1605 3015; x_wconf 83' lang='grc' dir='ltr'><strong>Θεὸς</strong></span> <span class='ocrx_word' id='word_1_338' title='bbox 1630 2950 1899 3019; x_wconf 77' lang='grc' dir='ltr'>Ἰσραὴλ,</span> 
     </span>
    </p>
   </div>
   <div class='ocr_carea' id='block_1_44' title="bbox 311 3026 1901 3114">
    <p class='ocr_par' dir='ltr' id='par_1_44' title="bbox 311 3026 1901 3114">
     <span class='ocr_line' id='line_1_44' title="bbox 311 3026 1901 3114; baseline 0.01 -34"><span class='ocrx_word' id='word_1_339' title='bbox 311 3026 496 3093; x_wconf 70' lang='grc' dir='ltr'>εἶπεν,</span> <span class='ocrx_word' id='word_1_340' title='bbox 529 3031 650 3083; x_wconf 70' lang='grc' dir='ltr'>ἀντὶ</span> <span class='ocrx_word' id='word_1_341' title='bbox 680 3031 774 3084; x_wconf 80' lang='grc' dir='ltr'>τοῦ</span> <span class='ocrx_word' id='word_1_342' title='bbox 796 3071 810 3094; x_wconf 88' lang='grc'><strong>,</strong></span> <span class='ocrx_word' id='word_1_343' title='bbox 844 3032 1232 3105; x_wconf 78' lang='grc' dir='ltr'>δοξαζόμενος,</span> <span class='ocrx_word' id='word_1_344' title='bbox 1265 3038 1298 3109; x_wconf 83' lang='grc' dir='ltr'>ἢ</span> <span class='ocrx_word' id='word_1_345' title='bbox 1331 3039 1669 3111; x_wconf 73' lang='grc' dir='ltr'>αἱνοὺμενος.</span> <span class='ocrx_word' id='word_1_346' title='bbox 1714 3044 1771 3095; x_wconf 87' lang='grc'><strong>’0</strong></span> <span class='ocrx_word' id='word_1_347' title='bbox 1796 3043 1901 3114; x_wconf 84' lang='grc' dir='ltr'><strong>γὰρ</strong></span> 
     </span>
    </p>
   </div>
   <div class='ocr_carea' id='block_1_45' title="bbox 312 3122 1899 3200">
    <p class='ocr_par' dir='ltr' id='par_1_45' title="bbox 312 3122 1899 3200">
     <span class='ocr_line' id='line_1_45' title="bbox 312 3122 1899 3200; baseline 0.009 -28"><span class='ocrx_word' id='word_1_348' title='bbox 312 3122 491 3183; x_wconf 67' lang='grc' dir='ltr'>Θεὸς,</span> <span class='ocrx_word' id='word_1_349' title='bbox 526 3122 827 3190; x_wconf 78' lang='grc' dir='ltr'>εὐλογεῖται</span> <span class='ocrx_word' id='word_1_350' title='bbox 870 3125 969 3194; x_wconf 84' lang='grc' dir='ltr'>μὲν</span> <span class='ocrx_word' id='word_1_351' title='bbox 1013 3125 1117 3179; x_wconf 77' lang='grc' dir='ltr'><strong>ὑπὸ</strong></span> <span class='ocrx_word' id='word_1_352' title='bbox 1165 3127 1271 3180; x_wconf 84' lang='grc' dir='ltr'><strong>τῶν</strong></span> <span class='ocrx_word' id='word_1_353' title='bbox 1303 3128 1481 3200; x_wconf 74' lang='grc' dir='ltr'>ἔργων</span> <span class='ocrx_word' id='word_1_354' title='bbox 1514 3130 1710 3193; x_wconf 75' lang='grc' dir='ltr'>αὐτοῦ,</span> <span class='ocrx_word' id='word_1_355' title='bbox 1756 3131 1899 3185; x_wconf 75' lang='grc' dir='ltr'>τοῦτ’</span> 
     </span>
    </p>
   </div>
   <div class='ocr_carea' id='block_1_46' title="bbox 2010 1929 3586 2008">
    <p class='ocr_par' dir='ltr' id='par_1_46' title="bbox 2010 1929 3586 2008">
     <span class='ocr_line' id='line_1_46' title="bbox 2010 1929 3586 2008; baseline 0.01 -25"><span class='ocrx_word' id='word_1_356' title='bbox 2010 1929 2207 1984; x_wconf 85' lang='lat' dir='ltr'><strong>dilecto</strong></span> <span class='ocrx_word' id='word_1_357' title='bbox 2254 1946 2353 1984; x_wconf 85' lang='lat' dir='ltr'><strong>suo</strong></span> <span class='ocrx_word' id='word_1_358' title='bbox 2394 1948 2499 1986; x_wconf 90' lang='lat' dir='ltr'><strong>non</strong></span> <span class='ocrx_word' id='word_1_359' title='bbox 2540 1933 2867 1990; x_wconf 85' lang='lat' dir='ltr'><strong>invidentem</strong></span> <span class='ocrx_word' id='word_1_360' title='bbox 2901 1955 2914 1990; x_wconf 93' lang='lat'><strong>:</strong></span> <span class='ocrx_word' id='word_1_361' title='bbox 2959 1940 3305 2007; x_wconf 81' lang='lat' dir='ltr'><strong>malignitatis</strong></span> <span class='ocrx_word' id='word_1_362' title='bbox 3335 1946 3500 2008; x_wconf 89' lang='lat' dir='ltr'><strong>enim,</strong></span> <span class='ocrx_word' id='word_1_363' title='bbox 3530 1956 3586 2001; x_wconf 84' lang='lat' dir='ltr'><strong>et</strong></span> 
     </span>
    </p>
   </div>
   <div class='ocr_carea' id='block_1_47' title="bbox 2009 2023 3586 2099">
    <p class='ocr_par' dir='ltr' id='par_1_47' title="bbox 2009 2023 3586 2099">
     <span class='ocr_line' id='line_1_47' title="bbox 2009 2023 3586 2099; baseline 0.008 -23"><span class='ocrx_word' id='word_1_364' title='bbox 2009 2023 2380 2092; x_wconf 87' lang='lat' dir='ltr'><strong>cujuscunque</strong></span> <span class='ocrx_word' id='word_1_365' title='bbox 2410 2025 2558 2093; x_wconf 78' lang='lat' dir='ltr'><strong>pravi</strong></span> <span class='ocrx_word' id='word_1_366' title='bbox 2585 2026 2807 2081; x_wconf 77' lang='lat' dir='ltr'><strong>aﬂectus</strong></span> <span class='ocrx_word' id='word_1_367' title='bbox 2834 2044 3025 2099; x_wconf 77' lang='lat' dir='ltr'><strong>expers</strong></span> <span class='ocrx_word' id='word_1_368' title='bbox 3052 2043 3135 2087; x_wconf 90' lang='lat' dir='ltr'><strong>est</strong></span> <span class='ocrx_word' id='word_1_369' title='bbox 3170 2034 3449 2091; x_wconf 87' lang='lat' dir='ltr'><strong>Divinitas.</strong></span> <span class='ocrx_word' id='word_1_370' title='bbox 3479 2038 3586 2091; x_wconf 80' lang='lat' dir='ltr'><strong>Dn-</strong></span> 
     </span>
    </p>
   </div>
   <div class='ocr_carea' id='block_1_48' title="bbox 2011 2115 3584 2189">
    <p class='ocr_par' dir='ltr' id='par_1_48' title="bbox 2011 2115 3584 2189">
     <span class='ocr_line' id='line_1_48' title="bbox 2011 2115 3584 2189; baseline 0.011 -25"><span class='ocrx_word' id='word_1_371' title='bbox 2011 2116 2095 2166; x_wconf 90' lang='lat' dir='ltr'><strong>vid</strong></span> <span class='ocrx_word' id='word_1_372' title='bbox 2125 2115 2341 2184; x_wconf 84' lang='lat' dir='ltr'><strong>quidem</strong></span> <span class='ocrx_word' id='word_1_373' title='bbox 2385 2117 2436 2169; x_wconf 96' lang='lat' dir='ltr'><strong>in</strong></span> <span class='ocrx_word' id='word_1_374' title='bbox 2473 2132 2603 2171; x_wconf 74' lang='lat' dir='ltr'><strong>LXXI</strong></span> <span class='ocrx_word' id='word_1_375' title='bbox 2646 2119 2872 2184; x_wconf 87' lang='lat' dir='ltr'><strong>psalmo,</strong></span> <span class='ocrx_word' id='word_1_376' title='bbox 2903 2136 3060 2189; x_wconf 86' lang='lat' dir='ltr'><strong>quem</strong></span> <span class='ocrx_word' id='word_1_377' title='bbox 3108 2125 3226 2180; x_wconf 91' lang='lat' dir='ltr'><strong>sine</strong></span> <span class='ocrx_word' id='word_1_378' title='bbox 3269 2138 3584 2183; x_wconf 85' lang='lat' dir='ltr'><strong>controver-</strong></span> 
     </span>
    </p>
   </div>
   <div class='ocr_carea' id='block_1_49' title="bbox 2009 2203 3586 2285">
    <p class='ocr_par' dir='ltr' id='par_1_49' title="bbox 2009 2203 3586 2285">
     <span class='ocr_line' id='line_1_49' title="bbox 2009 2203 3586 2285; baseline 0.01 -29"><span class='ocrx_word' id='word_1_379' title='bbox 2009 2203 2087 2256; x_wconf 88' lang='lat' dir='ltr'><strong>sia</strong></span> <span class='ocrx_word' id='word_1_380' title='bbox 2128 2205 2194 2257; x_wconf 90' lang='lat' dir='ltr'><strong>de</strong></span> <span class='ocrx_word' id='word_1_381' title='bbox 2242 2203 2464 2258; x_wconf 85' lang='lat' dir='ltr'><strong>Christo</strong></span> <span class='ocrx_word' id='word_1_382' title='bbox 2511 2208 2847 2276; x_wconf 88' lang='lat' dir='ltr'><strong>prophetavit</strong></span> <span class='ocrx_word' id='word_1_383' title='bbox 2876 2227 2891 2263; x_wconf 86' lang='lat'><strong>:</strong></span> <span class='ocrx_word' id='word_1_384' title='bbox 2918 2209 3035 2265; x_wconf 87' lang='lat' dir='ltr'><strong>Erit</strong></span> <span class='ocrx_word' id='word_1_385' title='bbox 3065 2212 3202 2285; x_wconf 79' lang='grc'>(5⁸5),</span> <span class='ocrx_word' id='word_1_386' title='bbox 3261 2215 3452 2285; x_wconf 87' lang='lat' dir='ltr'><strong>inquit,</strong></span> <span class='ocrx_word' id='word_1_387' title='bbox 3488 2234 3586 2271; x_wconf 89' lang='lat' dir='ltr'><strong>no-</strong></span> 
     </span>
    </p>
   </div>
   <div class='ocr_carea' id='block_1_50' title="bbox 2008 2296 3583 2377">
    <p class='ocr_par' dir='ltr' id='par_1_50' title="bbox 2008 2296 3583 2377">
     <span class='ocr_line' id='line_1_50' title="bbox 2008 2296 3583 2377; baseline 0.01 -30"><span class='ocrx_word' id='word_1_388' title='bbox 2008 2311 2123 2348; x_wconf 89' lang='lat' dir='ltr'><strong>men</strong></span> <span class='ocrx_word' id='word_1_389' title='bbox 2151 2298 2264 2358; x_wconf 83' lang='lat' dir='ltr'><strong>eius</strong></span> <span class='ocrx_word' id='word_1_390' title='bbox 2292 2296 2615 2353; x_wconf 74' lang='lat' dir='ltr'><strong>benedictum</strong></span> <span class='ocrx_word' id='word_1_391' title='bbox 2663 2302 2715 2353; x_wconf 87' lang='lat' dir='ltr'><strong>in</strong></span> <span class='ocrx_word' id='word_1_392' title='bbox 2746 2302 2939 2355; x_wconf 75' lang='lat' dir='ltr'><strong>stecula</strong></span> <span class='ocrx_word' id='word_1_393' title='bbox 2969 2316 2988 2354; x_wconf 91' lang='lat'><em>:</em></span> <span class='ocrx_word' id='word_1_394' title='bbox 3025 2316 3147 2358; x_wconf 83' lang='lat' dir='ltr'><strong>ante</strong></span> <span class='ocrx_word' id='word_1_395' title='bbox 3182 2306 3342 2359; x_wconf 84' lang='lat' dir='ltr'><strong>solem</strong></span> <span class='ocrx_word' id='word_1_396' title='bbox 3371 2323 3583 2377; x_wconf 85' lang='lat' dir='ltr'><strong>perma—</strong></span> 
     </span>
    </p>
   </div>
   <div class='ocr_carea' id='block_1_51' title="bbox 2008 2390 3581 2469">
    <p class='ocr_par' dir='ltr' id='par_1_51' title="bbox 2008 2390 3581 2469">
     <span class='ocr_line' id='line_1_51' title="bbox 2008 2390 3581 2469; baseline 0.01 -30"><span class='ocrx_word' id='word_1_397' title='bbox 2008 2399 2089 2440; x_wconf 89' lang='lat' dir='ltr'><strong>net</strong></span> <span class='ocrx_word' id='word_1_398' title='bbox 2132 2405 2318 2442; x_wconf 80' lang='lat' dir='ltr'><strong>nomen</strong></span> <span class='ocrx_word' id='word_1_399' title='bbox 2353 2390 2490 2459; x_wconf 85' lang='lat' dir='ltr'><strong>ejus,</strong></span> <span class='ocrx_word' id='word_1_400' title='bbox 2538 2401 2585 2445; x_wconf 91' lang='lat' dir='ltr'><strong>et</strong></span> <span class='ocrx_word' id='word_1_401' title='bbox 2648 2401 2765 2446; x_wconf 84' lang='lat' dir='ltr'><strong>ante</strong></span> <span class='ocrx_word' id='word_1_402' title='bbox 2806 2394 2986 2446; x_wconf 83' lang='lat' dir='ltr'><strong>lunam</strong></span> <span class='ocrx_word' id='word_1_403' title='bbox 3036 2399 3393 2464; x_wconf 87' lang='lat' dir='ltr'><strong>generationes</strong></span> <span class='ocrx_word' id='word_1_404' title='bbox 3430 2418 3581 2469; x_wconf 67' lang='lat' dir='ltr'><strong>geneo</strong></span> 
     </span>
    </p>
   </div>
   <div class='ocr_carea' id='block_1_52' title="bbox 2006 2480 3580 2557">
    <p class='ocr_par' dir='ltr' id='par_1_52' title="bbox 2006 2480 3580 2557">
     <span class='ocr_line' id='line_1_52' title="bbox 2006 2480 3580 2557; baseline 0.01 -27"><span class='ocrx_word' id='word_1_405' title='bbox 2006 2480 2291 2535; x_wconf 83' lang='lat' dir='ltr'><strong>rationum.</strong></span> <span class='ocrx_word' id='word_1_406' title='bbox 2325 2480 2393 2534; x_wconf 86' lang='lat' dir='ltr'><strong>Et</strong></span> <span class='ocrx_word' id='word_1_407' title='bbox 2431 2482 2801 2537; x_wconf 81' lang='lat' dir='ltr'><strong>benedicentur</strong></span> <span class='ocrx_word' id='word_1_408' title='bbox 2837 2487 2890 2538; x_wconf 87' lang='lat' dir='ltr'><strong>in</strong></span> <span class='ocrx_word' id='word_1_409' title='bbox 2928 2486 3040 2555; x_wconf 84' lang='lat' dir='ltr'><strong>ipso</strong></span> <span class='ocrx_word' id='word_1_410' title='bbox 3068 2487 3177 2557; x_wconf 81' lang='lat'><strong>97</strong></span> <span class='ocrx_word' id='word_1_411' title='bbox 3209 2505 3383 2544; x_wconf 89' lang='lat' dir='ltr'><strong>omnes</strong></span> <span class='ocrx_word' id='word_1_412' title='bbox 3415 2492 3580 2546; x_wconf 85' lang='lat' dir='ltr'><strong>tribus</strong></span> 
     </span>
    </p>
   </div>
   <div class='ocr_carea' id='block_1_53' title="bbox 2006 2578 3574 2645">
    <p class='ocr_par' dir='ltr' id='par_1_53' title="bbox 2006 2578 3574 2645">
     <span class='ocr_line' id='line_1_53' title="bbox 2006 2578 3574 2645; baseline 0.01 -25"><span class='ocrx_word' id='word_1_413' title='bbox 2006 2579 2179 2633; x_wconf 78' lang='lat' dir='ltr'><strong>teme,</strong></span> <span class='ocrx_word' id='word_1_414' title='bbox 2217 2580 2265 2625; x_wconf 89' lang='lat' dir='ltr'><strong>et</strong></span> <span class='ocrx_word' id='word_1_415' title='bbox 2313 2588 2489 2627; x_wconf 88' lang='lat' dir='ltr'><strong>omnes</strong></span> <span class='ocrx_word' id='word_1_416' title='bbox 2534 2585 2709 2644; x_wconf 86' lang='lat' dir='ltr'><strong>gentes</strong></span> <span class='ocrx_word' id='word_1_417' title='bbox 2759 2578 2963 2629; x_wconf 82' lang='lat' dir='ltr'><strong>beatum</strong></span> <span class='ocrx_word' id='word_1_418' title='bbox 3017 2581 3373 2645; x_wconf 71' lang='lat' dir='ltr'><strong>pra&#39;dicabunt</strong></span> <span class='ocrx_word' id='word_1_419' title='bbox 3405 2583 3574 2636; x_wconf 83' lang='lat' dir='ltr'><strong>illum.</strong></span> 
     </span>
    </p>
   </div>
   <div class='ocr_carea' id='block_1_54' title="bbox 2005 2661 3579 2741">
    <p class='ocr_par' dir='ltr' id='par_1_54' title="bbox 2005 2661 3579 2741">
     <span class='ocr_line' id='line_1_54' title="bbox 2005 2661 3579 2741; baseline 0.008 -27"><span class='ocrx_word' id='word_1_420' title='bbox 2005 2661 2312 2717; x_wconf 67' lang='lat' dir='ltr'><strong>Benedictus</strong></span> <span class='ocrx_word' id='word_1_421' title='bbox 2352 2664 2606 2719; x_wconf 75' lang='lat' dir='ltr'><strong>Dominus</strong></span> <span class='ocrx_word' id='word_1_422' title='bbox 2664 2666 2800 2721; x_wconf 83' lang='lat' dir='ltr'><strong>Deus</strong></span> <span class='ocrx_word' id='word_1_423' title='bbox 2830 2667 3070 2733; x_wconf 85' lang='lat' dir='ltr'><strong>Israelis,</strong></span> <span class='ocrx_word' id='word_1_424' title='bbox 3100 2671 3189 2741; x_wconf 84' lang='lat' dir='ltr'><strong>qui</strong></span> <span class='ocrx_word' id='word_1_425' title='bbox 3236 2672 3363 2740; x_wconf 76' lang='lat' dir='ltr'><strong>facit</strong></span> <span class='ocrx_word' id='word_1_426' title='bbox 3413 2676 3579 2726; x_wconf 86' lang='lat' dir='ltr'><strong>mira-</strong></span> 
     </span>
    </p>
   </div>
   <div class='ocr_carea' id='block_1_55' title="bbox 2006 2754 3575 2831">
    <p class='ocr_par' dir='ltr' id='par_1_55' title="bbox 2006 2754 3575 2831">
     <span class='ocr_line' id='line_1_55' title="bbox 2006 2754 3575 2831; baseline 0.01 -27"><span class='ocrx_word' id='word_1_427' title='bbox 2006 2754 2131 2808; x_wconf 85' lang='lat' dir='ltr'><strong>bilia</strong></span> <span class='ocrx_word' id='word_1_428' title='bbox 2166 2755 2329 2821; x_wconf 86' lang='lat' dir='ltr'><strong>solus,</strong></span> <span class='ocrx_word' id='word_1_429' title='bbox 2359 2766 2406 2810; x_wconf 89' lang='lat' dir='ltr'><strong>et</strong></span> <span class='ocrx_word' id='word_1_430' title='bbox 2435 2757 2758 2812; x_wconf 83' lang='lat' dir='ltr'><strong>benedictum</strong></span> <span class='ocrx_word' id='word_1_431' title='bbox 2789 2775 2974 2815; x_wconf 88' lang='lat' dir='ltr'><strong>nomen</strong></span> <span class='ocrx_word' id='word_1_432' title='bbox 3020 2760 3203 2829; x_wconf 80' lang='lat' dir='ltr'><strong>gloria:</strong></span> <span class='ocrx_word' id='word_1_433' title='bbox 3240 2764 3354 2831; x_wconf 88' lang='lat' dir='ltr'><strong>ejus</strong></span> <span class='ocrx_word' id='word_1_434' title='bbox 3388 2764 3441 2819; x_wconf 89' lang='lat' dir='ltr'><strong>in</strong></span> <span class='ocrx_word' id='word_1_435' title='bbox 3471 2783 3575 2819; x_wconf 79' lang='lat' dir='ltr'><strong>sw-</strong></span> 
     </span>
    </p>
   </div>
   <div class='ocr_carea' id='block_1_56' title="bbox 2005 2846 3576 2924">
    <p class='ocr_par' dir='ltr' id='par_1_56' title="bbox 2005 2846 3576 2924">
     <span class='ocr_line' id='line_1_56' title="bbox 2005 2846 3576 2924; baseline 0.006 -25"><span class='ocrx_word' id='word_1_436' title='bbox 2005 2846 2200 2908; x_wconf 81' lang='lat' dir='ltr'><strong>culum,</strong></span> <span class='ocrx_word' id='word_1_437' title='bbox 2236 2856 2283 2900; x_wconf 88' lang='lat' dir='ltr'><strong>et</strong></span> <span class='ocrx_word' id='word_1_438' title='bbox 2317 2848 2372 2900; x_wconf 88' lang='lat' dir='ltr'><strong>in</strong></span> <span class='ocrx_word' id='word_1_439' title='bbox 2422 2848 2671 2901; x_wconf 77' lang='lat' dir='ltr'><strong>steculum</strong></span> <span class='ocrx_word' id='word_1_440' title='bbox 2702 2848 2903 2903; x_wconf 69' lang='lat' dir='ltr'><strong>seaculi.</strong></span> <span class='ocrx_word' id='word_1_441' title='bbox 2964 2847 3033 2903; x_wconf 84' lang='lat' dir='ltr'><strong>Et</strong></span> <span class='ocrx_word' id='word_1_442' title='bbox 3067 2852 3366 2919; x_wconf 86' lang='lat' dir='ltr'><strong>implebitur</strong></span> <span class='ocrx_word' id='word_1_443' title='bbox 3406 2854 3576 2924; x_wconf 84' lang='lat' dir='ltr'><strong>gloria</strong></span> 
     </span>
    </p>
   </div>
   <div class='ocr_carea' id='block_1_57' title="bbox 2004 2938 3578 3005">
    <p class='ocr_par' dir='ltr' id='par_1_57' title="bbox 2004 2938 3578 3005">
     <span class='ocr_line' id='line_1_57' title="bbox 2004 2938 3578 3005; baseline 0.007 -16"><span class='ocrx_word' id='word_1_444' title='bbox 2004 2939 2119 3005; x_wconf 88' lang='lat' dir='ltr'><strong>ejus</strong></span> <span class='ocrx_word' id='word_1_445' title='bbox 2148 2939 2315 2992; x_wconf 90' lang='lat' dir='ltr'><strong>omnis</strong></span> <span class='ocrx_word' id='word_1_446' title='bbox 2353 2949 2511 2993; x_wconf 87' lang='lat' dir='ltr'><strong>terra.</strong></span> <span class='ocrx_word' id='word_1_447' title='bbox 2553 2938 2696 2993; x_wconf 83' lang='lat' dir='ltr'><strong>Fiat.</strong></span> <span class='ocrx_word' id='word_1_448' title='bbox 2740 2938 2829 2993; x_wconf 79' lang='lat' dir='ltr'><strong>Ait</strong></span> <span class='ocrx_word' id='word_1_449' title='bbox 2864 2951 3065 3005; x_wconf 86' lang='lat' dir='ltr'><strong>autem,</strong></span> <span class='ocrx_word' id='word_1_450' title='bbox 3101 2940 3415 2998; x_wconf 81' lang='lat' dir='ltr'><strong>Benedictus</strong></span> <span class='ocrx_word' id='word_1_451' title='bbox 3465 2946 3578 2999; x_wconf 86' lang='lat' dir='ltr'><strong>Do-</strong></span> 
     </span>
    </p>
   </div>
   <div class='ocr_carea' id='block_1_58' title="bbox 2003 3028 3572 3102">
    <p class='ocr_par' dir='ltr' id='par_1_58' title="bbox 2003 3028 3572 3102">
     <span class='ocr_line' id='line_1_58' title="bbox 2003 3028 3572 3102; baseline 0.008 -22"><span class='ocrx_word' id='word_1_452' title='bbox 2003 3030 2175 3081; x_wconf 86' lang='lat' dir='ltr'><strong>minus</strong></span> <span class='ocrx_word' id='word_1_453' title='bbox 2221 3028 2360 3087; x_wconf 83' lang='lat' dir='ltr'><strong>Deus</strong></span> <span class='ocrx_word' id='word_1_454' title='bbox 2391 3029 2629 3094; x_wconf 85' lang='lat' dir='ltr'><strong>Israelis,</strong></span> <span class='ocrx_word' id='word_1_455' title='bbox 2676 3031 2780 3085; x_wconf 85' lang='lat' dir='ltr'><strong>hoc</strong></span> <span class='ocrx_word' id='word_1_456' title='bbox 2815 3043 2917 3098; x_wconf 85' lang='lat' dir='ltr'><strong>est,</strong></span> <span class='ocrx_word' id='word_1_457' title='bbox 2959 3032 3309 3102; x_wconf 75' lang='lat' dir='ltr'><strong>glorilicatus,</strong></span> <span class='ocrx_word' id='word_1_458' title='bbox 3339 3048 3430 3091; x_wconf 85' lang='lat' dir='ltr'><strong>aut</strong></span> <span class='ocrx_word' id='word_1_459' title='bbox 3459 3038 3572 3092; x_wconf 88' lang='lat' dir='ltr'><strong>lau-</strong></span> 
     </span>
    </p>
   </div>
   <div class='ocr_carea' id='block_1_59' title="bbox 2002 3119 3574 3201">
    <p class='ocr_par' dir='ltr' id='par_1_59' title="bbox 2002 3119 3574 3201">
     <span class='ocr_line' id='line_1_59' title="bbox 2002 3119 3574 3201; baseline 0.008 -27"><span class='ocrx_word' id='word_1_460' title='bbox 2002 3119 2161 3174; x_wconf 88' lang='lat' dir='ltr'><strong>datus</strong></span> <span class='ocrx_word' id='word_1_461' title='bbox 2190 3120 2325 3191; x_wconf 72' lang='lat'><strong>(54).</strong></span> <span class='ocrx_word' id='word_1_462' title='bbox 2370 3120 2501 3176; x_wconf 88' lang='lat' dir='ltr'><strong>Nam</strong></span> <span class='ocrx_word' id='word_1_463' title='bbox 2553 3122 2694 3177; x_wconf 89' lang='lat' dir='ltr'><strong>Deus</strong></span> <span class='ocrx_word' id='word_1_464' title='bbox 2728 3124 3067 3179; x_wconf 86' lang='lat' dir='ltr'><strong>benedicitur</strong></span> <span class='ocrx_word' id='word_1_465' title='bbox 3091 3128 3307 3196; x_wconf 87' lang='lat' dir='ltr'><strong>quidem</strong></span> <span class='ocrx_word' id='word_1_466' title='bbox 3336 3130 3402 3186; x_wconf 88' lang='lat' dir='ltr'><strong>ab</strong></span> <span class='ocrx_word' id='word_1_467' title='bbox 3445 3147 3574 3201; x_wconf 88' lang='lat' dir='ltr'><strong>ope-</strong></span> 
     </span>
    </p>
   </div>
   <div class='ocr_carea' id='block_1_60' title="bbox 315 3212 1894 3292">
    <p class='ocr_par' dir='ltr' id='par_1_60' title="bbox 315 3212 1894 3292">
     <span class='ocr_line' id='line_1_60' title="bbox 315 3212 1894 3292; baseline 0.007 -27"><span class='ocrx_word' id='word_1_468' title='bbox 315 3212 468 3265; x_wconf 76' lang='grc' dir='ltr'>ἔστιν</span> <span class='ocrx_word' id='word_1_469' title='bbox 497 3212 799 3278; x_wconf 74' lang='grc' dir='ltr'>δοξάζεται·</span> <span class='ocrx_word' id='word_1_470' title='bbox 828 3215 1108 3287; x_wconf 69' lang='grc' dir='ltr'>εὐλογεῖβὲ</span> <span class='ocrx_word' id='word_1_471' title='bbox 1131 3218 1291 3283; x_wconf 80' lang='grc' dir='ltr'>αὐτὸς</span> <span class='ocrx_word' id='word_1_472' title='bbox 1312 3219 1380 3272; x_wconf 82' lang='grc' dir='ltr'><strong>τὰ</strong></span> <span class='ocrx_word' id='word_1_473' title='bbox 1401 3222 1575 3274; x_wconf 77' lang='grc' dir='ltr'>οἰκεῖα</span> <span class='ocrx_word' id='word_1_474' title='bbox 1603 3222 1894 3292; x_wconf 82' lang='grc' dir='ltr'>κτίσματα,</span> 
     </span>
    </p>
   </div>
   <div class='ocr_carea' id='block_1_61' title="bbox 1999 3212 3571 3292">
    <p class='ocr_par' dir='ltr' id='par_1_61' title="bbox 2003 3214 3571 3289">
     <span class='ocr_line' id='line_1_61' title="bbox 2003 3214 3571 3289; baseline 0.009 -23"><span class='ocrx_word' id='word_1_475' title='bbox 2003 3214 2152 3269; x_wconf 90' lang='lat' dir='ltr'><strong>ribus</strong></span> <span class='ocrx_word' id='word_1_476' title='bbox 2185 3216 2317 3277; x_wconf 88' lang='lat' dir='ltr'><strong>suis.</strong></span> <span class='ocrx_word' id='word_1_477' title='bbox 2379 3216 2429 3271; x_wconf 84' lang='lat' dir='ltr'><strong>id</strong></span> <span class='ocrx_word' id='word_1_478' title='bbox 2481 3228 2584 3282; x_wconf 86' lang='lat' dir='ltr'><strong>est,</strong></span> <span class='ocrx_word' id='word_1_479' title='bbox 2655 3218 3023 3289; x_wconf 80' lang='lat' dir='ltr'><strong>gloriﬁcatur;</strong></span> <span class='ocrx_word' id='word_1_480' title='bbox 3078 3221 3347 3277; x_wconf 84' lang='lat' dir='ltr'><strong>benedicit</strong></span> <span class='ocrx_word' id='word_1_481' title='bbox 3391 3235 3571 3280; x_wconf 83' lang='lat' dir='ltr'><strong>autem</strong></span> 
     </span>
    </p>
   </div>
   <div class='ocr_carea' id='block_1_62' title="bbox 315 3305 1897 3381">
    <p class='ocr_par' dir='ltr' id='par_1_62' title="bbox 315 3305 1897 3381">
     <span class='ocr_line' id='line_1_62' title="bbox 315 3305 1897 3381; baseline 0.008 -24"><span class='ocrx_word' id='word_1_482' title='bbox 315 3305 463 3357; x_wconf 70' lang='grc' dir='ltr'>τοῦτ’</span> <span class='ocrx_word' id='word_1_483' title='bbox 500 3305 647 3358; x_wconf 73' lang='grc' dir='ltr'>ἐστιν</span> <span class='ocrx_word' id='word_1_484' title='bbox 680 3307 913 3375; x_wconf 76' lang='grc' dir='ltr'>ἁγιάζει.</span> <span class='ocrx_word' id='word_1_485' title='bbox 957 3310 1387 3380; x_wconf 81' lang='grc' dir='ltr'>Ἐπιο-ημαντέον</span> <span class='ocrx_word' id='word_1_486' title='bbox 1414 3312 1504 3375; x_wconf 83' lang='grc' dir='ltr'>δὲ,</span> <span class='ocrx_word' id='word_1_487' title='bbox 1537 3314 1614 3376; x_wconf 85' lang='grc' dir='ltr'>ὼς</span> <span class='ocrx_word' id='word_1_488' title='bbox 1641 3315 1735 3367; x_wconf 74' lang='grc' dir='ltr'><strong>καὶ</strong></span> <span class='ocrx_word' id='word_1_489' title='bbox 1764 3315 1897 3381; x_wconf 80' lang='grc' dir='ltr'>Θεὸς</span> 
     </span>
    </p>
   </div>
   <div class='ocr_carea' id='block_1_63' title="bbox 330 3394 1896 3479">
    <p class='ocr_par' dir='ltr' id='par_1_63' title="bbox 330 3394 1896 3479">
     <span class='ocr_line' id='line_1_63' title="bbox 330 3394 1896 3479; baseline 0.01 -34"><span class='ocrx_word' id='word_1_490' title='bbox 330 3394 580 3463; x_wconf 66' lang='grc' dir='ltr'>Ἰσραὴλ,</span> <span class='ocrx_word' id='word_1_491' title='bbox 611 3396 639 3448; x_wconf 87' lang='grc' dir='ltr'><strong>ὅ</strong></span> <span class='ocrx_word' id='word_1_492' title='bbox 678 3398 795 3449; x_wconf 72' lang='grc' dir='ltr'>ἐστι</span> <span class='ocrx_word' id='word_1_493' title='bbox 829 3398 960 3461; x_wconf 78' lang='grc' dir='ltr'>Θεὸς</span> <span class='ocrx_word' id='word_1_494' title='bbox 1005 3400 1114 3453; x_wconf 85' lang='grc' dir='ltr'>τῶν</span> <span class='ocrx_word' id='word_1_495' title='bbox 1144 3401 1420 3473; x_wconf 83' lang='grc' dir='ltr'>πατέρων,</span> <span class='ocrx_word' id='word_1_496' title='bbox 1455 3404 1597 3459; x_wconf 79' lang='grc' dir='ltr'>καθὰ</span> <span class='ocrx_word' id='word_1_497' title='bbox 1637 3407 1666 3458; x_wconf 86' lang='grc' dir='ltr'>ὁ</span> <span class='ocrx_word' id='word_1_498' title='bbox 1709 3406 1896 3479; x_wconf 81' lang='grc' dir='ltr'>Πατὴρ</span> 
     </span>
    </p>
   </div>
   <div class='ocr_carea' id='block_1_64' title="bbox 323 3484 1897 3570">
    <p class='ocr_par' dir='ltr' id='par_1_64' title="bbox 323 3484 1897 3570">
     <span class='ocr_line' id='line_1_64' title="bbox 323 3484 1897 3570; baseline 0.008 -32"><span class='ocrx_word' id='word_1_499' title='bbox 323 3484 492 3538; x_wconf 67' lang='grc' dir='ltr'>αὑτοῦ</span> <span class='ocrx_word' id='word_1_500' title='bbox 522 3488 822 3558; x_wconf 81' lang='grc' dir='ltr'>ἁνείρηται.</span> <span class='ocrx_word' id='word_1_501' title='bbox 869 3492 981 3544; x_wconf 73' lang='grc' dir='ltr'><strong>Καὶ</strong></span> <span class='ocrx_word' id='word_1_502' title='bbox 1016 3493 1072 3543; x_wconf 84' lang='grc' dir='ltr'>ὲν</span> <span class='ocrx_word' id='word_1_503' title='bbox 1103 3500 1183 3545; x_wconf 83' lang='grc' dir='ltr'>πε⁹</span> <span class='ocrx_word' id='word_1_504' title='bbox 1211 3493 1410 3566; x_wconf 70' lang='grc' dir='ltr'>ψαλμῷ</span> <span class='ocrx_word' id='word_1_505' title='bbox 1438 3495 1496 3549; x_wconf 83' lang='grc' dir='ltr'>τὸ</span> <span class='ocrx_word' id='word_1_506' title='bbox 1527 3514 1897 3570; x_wconf 81' lang='grc' dir='ltr'>παγκρατορι-</span> 
     </span>
    </p>
   </div>
   <div class='ocr_carea' id='block_1_65' title="bbox 324 3578 1894 3659">
    <p class='ocr_par' dir='ltr' id='par_1_65' title="bbox 324 3578 1894 3659">
     <span class='ocr_line' id='line_1_65' title="bbox 324 3578 1894 3659; baseline 0.008 -29"><span class='ocrx_word' id='word_1_507' title='bbox 324 3578 425 3630; x_wconf 75' lang='grc' dir='ltr'>κδν</span> <span class='ocrx_word' id='word_1_508' title='bbox 453 3581 543 3632; x_wconf 74' lang='grc' dir='ltr'><strong>καὶ</strong></span> <span class='ocrx_word' id='word_1_509' title='bbox 565 3581 911 3654; x_wconf 75' lang='grc' dir='ltr'>πανδύναμον</span> <span class='ocrx_word' id='word_1_510' title='bbox 939 3583 1032 3636; x_wconf 77' lang='grc' dir='ltr'><strong>τοῦ</strong></span> <span class='ocrx_word' id='word_1_511' title='bbox 1074 3586 1413 3654; x_wconf 82' lang='grc' dir='ltr'>Μονογενοῦς</span> <span class='ocrx_word' id='word_1_512' title='bbox 1438 3628 1453 3649; x_wconf 92' lang='grc'><strong>,</strong></span> <span class='ocrx_word' id='word_1_513' title='bbox 1502 3589 1597 3641; x_wconf 81' lang='grc' dir='ltr'>καὶ</span> <span class='ocrx_word' id='word_1_514' title='bbox 1635 3588 1712 3653; x_wconf 84' lang='grc' dir='ltr'>ὡς</span> <span class='ocrx_word' id='word_1_515' title='bbox 1745 3590 1894 3659; x_wconf 76' lang='grc' dir='ltr'>ὀφεί-</span> 
     </span>
    </p>
   </div>
   <div class='ocr_carea' id='block_1_66' title="bbox 320 3671 1892 3748">
    <p class='ocr_par' dir='ltr' id='par_1_66' title="bbox 320 3671 1892 3748">
     <span class='ocr_line' id='line_1_66' title="bbox 320 3671 1892 3748; baseline 0.008 -26"><span class='ocrx_word' id='word_1_516' title='bbox 320 3671 407 3723; x_wconf 82' lang='grc' dir='ltr'><strong>λει</strong></span> <span class='ocrx_word' id='word_1_517' title='bbox 442 3671 751 3735; x_wconf 78' lang='grc' dir='ltr'>δοξάζεσθαι</span> <span class='ocrx_word' id='word_1_518' title='bbox 798 3675 1099 3745; x_wconf 81' lang='grc' dir='ltr'>παριστῶν,</span> <span class='ocrx_word' id='word_1_519' title='bbox 1134 3676 1357 3745; x_wconf 74' lang='grc' dir='ltr'>ψάλλειο</span> <span class='ocrx_word' id='word_1_520' title='bbox 1388 3677 1589 3732; x_wconf 81' lang='grc' dir='ltr'>Πάντα</span> <span class='ocrx_word' id='word_1_521' title='bbox 1618 3679 1689 3733; x_wconf 84' lang='grc' dir='ltr'>τὰ</span> <span class='ocrx_word' id='word_1_522' title='bbox 1718 3681 1892 3748; x_wconf 75' lang='grc' dir='ltr'>ἔθνη,</span> 
     </span>
    </p>
   </div>
   <div class='ocr_carea' id='block_1_67' title="bbox 316 3761 1896 3836">
    <p class='ocr_par' dir='ltr' id='par_1_67' title="bbox 316 3761 1896 3836">
     <span class='ocr_line' id='line_1_67' title="bbox 316 3761 1896 3836; baseline 0.005 -21"><span class='ocrx_word' id='word_1_523' title='bbox 316 3761 439 3816; x_wconf 80' lang='grc' dir='ltr'>ὅσα</span> <span class='ocrx_word' id='word_1_524' title='bbox 501 3764 822 3831; x_wconf 76' lang='grc' dir='ltr'>ἐποίησας,</span> <span class='ocrx_word' id='word_1_525' title='bbox 870 3765 1157 3832; x_wconf 78' lang='grc' dir='ltr'>ἥξουσιν,</span> <span class='ocrx_word' id='word_1_526' title='bbox 1206 3769 1304 3820; x_wconf 78' lang='grc' dir='ltr'><strong>καὶ</strong></span> <span class='ocrx_word' id='word_1_527' title='bbox 1352 3767 1896 3836; x_wconf 78' lang='grc' dir='ltr'>προσκυνήσουσιν</span> 
     </span>
    </p>
   </div>
   <div class='ocr_carea' id='block_1_68' title="bbox 308 3855 1894 3931">
    <p class='ocr_par' dir='ltr' id='par_1_68' title="bbox 308 3855 1894 3931">
     <span class='ocr_line' id='line_1_68' title="bbox 308 3855 1894 3931; baseline 0.006 -24"><span class='ocrx_word' id='word_1_528' title='bbox 308 3855 575 3908; x_wconf 69' lang='grc' dir='ltr'>ἐνώπιόν</span> <span class='ocrx_word' id='word_1_529' title='bbox 616 3873 757 3921; x_wconf 88' lang='grc' dir='ltr'>σου,</span> <span class='ocrx_word' id='word_1_530' title='bbox 804 3858 982 3925; x_wconf 82' lang='grc' dir='ltr'>Κύριε</span> <span class='ocrx_word' id='word_1_531' title='bbox 1005 3899 1019 3922; x_wconf 95' lang='grc'><strong>,</strong></span> <span class='ocrx_word' id='word_1_532' title='bbox 1058 3859 1159 3912; x_wconf 78' lang='grc' dir='ltr'><strong>καὶ</strong></span> <span class='ocrx_word' id='word_1_533' title='bbox 1185 3858 1561 3922; x_wconf 80' lang='grc' dir='ltr'>δοξάσουσιν</span> <span class='ocrx_word' id='word_1_534' title='bbox 1596 3862 1661 3914; x_wconf 89' lang='grc' dir='ltr'><strong>τὸ</strong></span> <span class='ocrx_word' id='word_1_535' title='bbox 1708 3861 1894 3931; x_wconf 77' lang='grc' dir='ltr'>ὄνομά</span> 
     </span>
    </p>
   </div>
   <div class='ocr_carea' id='block_1_69' title="bbox 306 3944 1899 4021">
    <p class='ocr_par' dir='ltr' id='par_1_69' title="bbox 306 3944 1899 4021">
     <span class='ocr_line' id='line_1_69' title="bbox 306 3944 1899 4021; baseline 0.004 -22"><span class='ocrx_word' id='word_1_536' title='bbox 306 3961 453 4007; x_wconf 85' lang='grc' dir='ltr'>σου,</span> <span class='ocrx_word' id='word_1_537' title='bbox 486 3947 577 4000; x_wconf 80' lang='grc' dir='ltr'>ὅτι</span> <span class='ocrx_word' id='word_1_538' title='bbox 600 3948 790 4016; x_wconf 77' lang='grc' dir='ltr'>μέγας</span> <span class='ocrx_word' id='word_1_539' title='bbox 813 3944 871 4001; x_wconf 86' lang='grc' dir='ltr'>εἷ</span> <span class='ocrx_word' id='word_1_540' title='bbox 887 3948 990 4012; x_wconf 86' lang='grc' dir='ltr'>σὺ,</span> <span class='ocrx_word' id='word_1_541' title='bbox 1026 3949 1125 4003; x_wconf 80' lang='grc' dir='ltr'><strong>καὶ</strong></span> <span class='ocrx_word' id='word_1_542' title='bbox 1151 3950 1338 4004; x_wconf 79' lang='grc' dir='ltr'>ποιῶν</span> <span class='ocrx_word' id='word_1_543' title='bbox 1371 3951 1690 4021; x_wconf 74' lang='grc' dir='ltr'>θαυμάσιαο</span> <span class='ocrx_word' id='word_1_544' title='bbox 1727 3952 1808 4006; x_wconf 86' lang='grc' dir='ltr'>σὺ</span> <span class='ocrx_word' id='word_1_545' title='bbox 1840 3950 1899 4007; x_wconf 82' lang='grc' dir='ltr'>εἷ</span> 
     </span>
    </p>
   </div>
   <div class='ocr_carea' id='block_1_70' title="bbox 308 4038 1893 4112">
    <p class='ocr_par' dir='ltr' id='par_1_70' title="bbox 308 4038 1893 4112">
     <span class='ocr_line' id='line_1_70' title="bbox 308 4038 1893 4112; baseline 0.004 -19"><span class='ocrx_word' id='word_1_546' title='bbox 308 4042 343 4093; x_wconf 81' lang='grc' dir='ltr'><strong>ό</strong></span> <span class='ocrx_word' id='word_1_547' title='bbox 376 4038 530 4104; x_wconf 78' lang='grc' dir='ltr'>Θεὸς</span> <span class='ocrx_word' id='word_1_548' title='bbox 554 4040 763 4108; x_wconf 68' lang='grc' dir='ltr'>μόνος*</span> <span class='ocrx_word' id='word_1_549' title='bbox 804 4040 900 4093; x_wconf 70' lang='grc' dir='ltr'><strong>καὶ</strong></span> <span class='ocrx_word' id='word_1_550' title='bbox 925 4041 985 4094; x_wconf 87' lang='grc' dir='ltr'>ὲν</span> <span class='ocrx_word' id='word_1_551' title='bbox 1035 4047 1126 4111; x_wconf 81' lang='grc' dir='ltr'>ιη’·</span> <span class='ocrx_word' id='word_1_552' title='bbox 1163 4045 1225 4095; x_wconf 85' lang='lat' dir='ltr'><strong>Ol</strong></span> <span class='ocrx_word' id='word_1_553' title='bbox 1265 4044 1507 4110; x_wconf 76' lang='grc' dir='ltr'>οὐρανοὶ</span> <span class='ocrx_word' id='word_1_554' title='bbox 1547 4042 1893 4112; x_wconf 76' lang='grc' dir='ltr'>διηγοῦνται</span> 
     </span>
    </p>
   </div>
   <div class='ocr_carea' id='block_1_71' title="bbox 304 4128 1893 4205">
    <p class='ocr_par' dir='ltr' id='par_1_71' title="bbox 304 4128 1893 4205">
     <span class='ocr_line' id='line_1_71' title="bbox 304 4128 1893 4205; baseline 0.003 -22"><span class='ocrx_word' id='word_1_555' title='bbox 304 4129 507 4193; x_wconf 78' lang='grc' dir='ltr'>δόξαν</span> <span class='ocrx_word' id='word_1_556' title='bbox 551 4130 716 4183; x_wconf 81' lang='grc' dir='ltr'>Θεοῦ.</span> <span class='ocrx_word' id='word_1_557' title='bbox 745 4132 900 4197; x_wconf 82' lang='grc' dir='ltr'>Πῶς;</span> <span class='ocrx_word' id='word_1_558' title='bbox 933 4128 1024 4201; x_wconf 81' lang='grc' dir='ltr'><strong>Τῷ</strong></span> <span class='ocrx_word' id='word_1_559' title='bbox 1060 4131 1338 4186; x_wconf 82' lang='grc' dir='ltr'>δεικνύναι</span> <span class='ocrx_word' id='word_1_560' title='bbox 1379 4133 1487 4186; x_wconf 80' lang='grc' dir='ltr'><strong>ἀπὸ</strong></span> <span class='ocrx_word' id='word_1_561' title='bbox 1516 4133 1616 4202; x_wconf 78' lang='grc' dir='ltr'>τῆς</span> <span class='ocrx_word' id='word_1_562' title='bbox 1646 4133 1893 4205; x_wconf 82' lang='grc' dir='ltr'>δοθείσης</span> 
     </span>
    </p>
   </div>
   <div class='ocr_carea' id='block_1_72' title="bbox 304 4222 1891 4296">
    <p class='ocr_par' dir='ltr' id='par_1_72' title="bbox 304 4222 1891 4296">
     <span class='ocr_line' id='line_1_72' title="bbox 304 4222 1891 4296; baseline -0.001 -19"><span class='ocrx_word' id='word_1_563' title='bbox 304 4224 497 4286; x_wconf 76' lang='grc' dir='ltr'>αὐτοῖς</span> <span class='ocrx_word' id='word_1_564' title='bbox 542 4222 959 4292; x_wconf 81' lang='grc' dir='ltr'>μεγαλειότητος</span> <span class='ocrx_word' id='word_1_565' title='bbox 997 4224 1091 4276; x_wconf 72' lang='grc' dir='ltr'><strong>καὶ</strong></span> <span class='ocrx_word' id='word_1_566' title='bbox 1132 4224 1470 4296; x_wconf 57' lang='grc' dir='ltr'>ὼραιὼητος</span> <span class='ocrx_word' id='word_1_567' title='bbox 1498 4266 1513 4290; x_wconf 86' lang='grc'><strong>,</strong></span> <span class='ocrx_word' id='word_1_568' title='bbox 1571 4224 1665 4295; x_wconf 70' lang='grc'><strong>[42</strong></span> <span class='ocrx_word' id='word_1_569' title='bbox 1700 4224 1755 4295; x_wconf 90' lang='lat' dir='ltr'><strong>a]</strong></span> <span class='ocrx_word' id='word_1_570' title='bbox 1798 4225 1891 4277; x_wconf 84' lang='grc' dir='ltr'><strong>ἀν-</strong></span> 
     </span>
    </p>
   </div>
   <div class='ocr_carea' id='block_1_73' title="bbox 305 4314 1891 4387">
    <p class='ocr_par' dir='ltr' id='par_1_73' title="bbox 305 4314 1891 4387">
     <span class='ocr_line' id='line_1_73' title="bbox 305 4314 1891 4387; baseline 0 -19"><span class='ocrx_word' id='word_1_571' title='bbox 305 4315 653 4385; x_wconf 74' lang='grc' dir='ltr'>υπέρὸλητον</span> <span class='ocrx_word' id='word_1_572' title='bbox 681 4315 774 4367; x_wconf 69' lang='grc' dir='ltr'><strong>καὶ</strong></span> <span class='ocrx_word' id='word_1_573' title='bbox 795 4314 1147 4386; x_wconf 77' lang='grc' dir='ltr'>δοξαζόμενον</span> <span class='ocrx_word' id='word_1_574' title='bbox 1174 4317 1261 4369; x_wconf 83' lang='grc' dir='ltr'>τὸν</span> <span class='ocrx_word' id='word_1_575' title='bbox 1288 4317 1764 4387; x_wconf 84' lang='grc' dir='ltr'>δημιουργήσαντα</span> <span class='ocrx_word' id='word_1_576' title='bbox 1786 4357 1800 4378; x_wconf 89' lang='grc'><strong>,</strong></span> <span class='ocrx_word' id='word_1_577' title='bbox 1833 4316 1891 4379; x_wconf 83' lang='grc' dir='ltr'>ὃς</span> 
     </span>
    </p>
   </div>
   <div class='ocr_carea' id='block_1_74' title="bbox 303 4406 1890 4480">
    <p class='ocr_par' dir='ltr' id='par_1_74' title="bbox 303 4406 1890 4480">
     <span class='ocr_line' id='line_1_74' title="bbox 303 4406 1890 4480; baseline 0 -19"><span class='ocrx_word' id='word_1_578' title='bbox 303 4410 457 4461; x_wconf 80' lang='grc' dir='ltr'>ἐστιν</span> <span class='ocrx_word' id='word_1_579' title='bbox 491 4408 521 4459; x_wconf 83' lang='grc' dir='ltr'>ὁ</span> <span class='ocrx_word' id='word_1_580' title='bbox 542 4406 673 4470; x_wconf 78' lang='grc' dir='ltr'>Θεὸς</span> <span class='ocrx_word' id='word_1_581' title='bbox 702 4406 892 4475; x_wconf 79' lang='grc' dir='ltr'>Λόγος.</span> <span class='ocrx_word' id='word_1_582' title='bbox 926 4406 1010 4471; x_wconf 84' lang='grc' dir='ltr'><strong>Τῷ</strong></span> <span class='ocrx_word' id='word_1_583' title='bbox 1065 4407 1175 4480; x_wconf 83' lang='grc' dir='ltr'><strong>γὰρ</strong></span> <span class='ocrx_word' id='word_1_584' title='bbox 1204 4410 1372 4478; x_wconf 82' lang='grc' dir='ltr'>Λόγῳ</span> <span class='ocrx_word' id='word_1_585' title='bbox 1394 4409 1615 4475; x_wconf 79' lang='grc' dir='ltr'>Κυρίου</span> <span class='ocrx_word' id='word_1_586' title='bbox 1640 4411 1693 4461; x_wconf 90' lang='lat' dir='ltr'><strong>ol</strong></span> <span class='ocrx_word' id='word_1_587' title='bbox 1715 4410 1890 4475; x_wconf 73' lang='grc' dir='ltr'>οὑραο</span> 
     </span>
    </p>
   </div>
   <div class='ocr_carea' id='block_1_75' title="bbox 300 4498 1890 4569">
    <p class='ocr_par' dir='ltr' id='par_1_75' title="bbox 300 4498 1890 4569">
     <span class='ocr_line' id='line_1_75' title="bbox 300 4498 1890 4569; baseline -0.004 -14"><span class='ocrx_word' id='word_1_588' title='bbox 300 4501 401 4555; x_wconf 79' lang='grc' dir='ltr'>νοὶ</span> <span class='ocrx_word' id='word_1_589' title='bbox 416 4498 895 4567; x_wconf 75' lang='grc' dir='ltr'>ἐστερεώθησαν,</span> <span class='ocrx_word' id='word_1_590' title='bbox 921 4498 1019 4553; x_wconf 77' lang='grc' dir='ltr'><strong>καὶ</strong></span> <span class='ocrx_word' id='word_1_591' title='bbox 1045 4498 1123 4564; x_wconf 87' lang='grc' dir='ltr'><strong>τῷ</strong></span> <span class='ocrx_word' id='word_1_592' title='bbox 1145 4502 1442 4569; x_wconf 81' lang='grc' dir='ltr'>Πνεύματι</span> <span class='ocrx_word' id='word_1_593' title='bbox 1466 4498 1569 4552; x_wconf 84' lang='grc' dir='ltr'><strong>τοῦ</strong></span> <span class='ocrx_word' id='word_1_594' title='bbox 1591 4500 1890 4566; x_wconf 84' lang='grc' dir='ltr'>στόματος</span> 
     </span>
    </p>
   </div>
   <div class='ocr_carea' id='block_1_76' title="bbox 1999 3306 3571 3376">
    <p class='ocr_par' dir='ltr' id='par_1_76' title="bbox 1999 3306 3571 3376">
     <span class='ocr_line' id='line_1_76' title="bbox 1999 3306 3571 3376; baseline 0.007 -16"><span class='ocrx_word' id='word_1_595' title='bbox 1999 3306 2112 3376; x_wconf 89' lang='lat' dir='ltr'><strong>ipse</strong></span> <span class='ocrx_word' id='word_1_596' title='bbox 2138 3308 2386 3376; x_wconf 89' lang='lat' dir='ltr'><strong>proprias</strong></span> <span class='ocrx_word' id='word_1_597' title='bbox 2415 3321 2714 3374; x_wconf 86' lang='lat' dir='ltr'><strong>creaturas,</strong></span> <span class='ocrx_word' id='word_1_598' title='bbox 2749 3310 2799 3363; x_wconf 90' lang='lat' dir='ltr'><strong>id</strong></span> <span class='ocrx_word' id='word_1_599' title='bbox 2831 3319 2933 3376; x_wconf 91' lang='lat' dir='ltr'><strong>est,</strong></span> <span class='ocrx_word' id='word_1_600' title='bbox 2959 3326 3053 3365; x_wconf 88' lang='lat' dir='ltr'><strong>eas</strong></span> <span class='ocrx_word' id='word_1_601' title='bbox 3081 3314 3402 3369; x_wconf 81' lang='lat' dir='ltr'><strong>sanctiﬁcat.</strong></span> <span class='ocrx_word' id='word_1_602' title='bbox 3436 3315 3571 3371; x_wconf 86' lang='lat' dir='ltr'><strong>Illud</strong></span> 
     </span>
    </p>
   </div>
   <div class='ocr_carea' id='block_1_77' title="bbox 1997 3398 3571 3474">
    <p class='ocr_par' dir='ltr' id='par_1_77' title="bbox 1997 3398 3571 3474">
     <span class='ocr_line' id='line_1_77' title="bbox 1997 3398 3571 3474; baseline 0.009 -23"><span class='ocrx_word' id='word_1_603' title='bbox 1997 3398 2162 3453; x_wconf 88' lang='lat' dir='ltr'><strong>etiam</strong></span> <span class='ocrx_word' id='word_1_604' title='bbox 2218 3400 2753 3456; x_wconf 87' lang='lat' dir='ltr'><strong>animadvertendum</strong></span> <span class='ocrx_word' id='word_1_605' title='bbox 2805 3412 2927 3469; x_wconf 90' lang='lat' dir='ltr'><strong>est,</strong></span> <span class='ocrx_word' id='word_1_606' title='bbox 2970 3402 3138 3459; x_wconf 91' lang='lat' dir='ltr'><strong>Deum</strong></span> <span class='ocrx_word' id='word_1_607' title='bbox 3193 3405 3423 3474; x_wconf 87' lang='lat' dir='ltr'><strong>lsraelis,</strong></span> <span class='ocrx_word' id='word_1_608' title='bbox 3467 3410 3571 3465; x_wconf 89' lang='lat' dir='ltr'><strong>hoc</strong></span> 
     </span>
    </p>
   </div>
   <div class='ocr_carea' id='block_1_78' title="bbox 1996 3490 3571 3564">
    <p class='ocr_par' dir='ltr' id='par_1_78' title="bbox 1996 3490 3571 3564">
     <span class='ocr_line' id='line_1_78' title="bbox 1996 3490 3571 3564; baseline 0.007 -21"><span class='ocrx_word' id='word_1_609' title='bbox 1996 3499 2101 3549; x_wconf 87' lang='lat' dir='ltr'><strong>est.</strong></span> <span class='ocrx_word' id='word_1_610' title='bbox 2133 3490 2298 3543; x_wconf 89' lang='lat' dir='ltr'><strong>Deum</strong></span> <span class='ocrx_word' id='word_1_611' title='bbox 2332 3501 2567 3559; x_wconf 86' lang='lat' dir='ltr'><strong>patrum,</strong></span> <span class='ocrx_word' id='word_1_612' title='bbox 2606 3491 2746 3545; x_wconf 87' lang='lat' dir='ltr'><strong>sicut</strong></span> <span class='ocrx_word' id='word_1_613' title='bbox 2786 3503 3006 3547; x_wconf 74' lang='lat' dir='ltr'><strong>vocatus</strong></span> <span class='ocrx_word' id='word_1_614' title='bbox 3038 3506 3121 3548; x_wconf 90' lang='lat' dir='ltr'><strong>est</strong></span> <span class='ocrx_word' id='word_1_615' title='bbox 3151 3495 3310 3551; x_wconf 89' lang='lat' dir='ltr'><strong>Pater</strong></span> <span class='ocrx_word' id='word_1_616' title='bbox 3339 3500 3478 3564; x_wconf 78' lang='lat' dir='ltr'><strong>ejus,</strong></span> <span class='ocrx_word' id='word_1_617' title='bbox 3516 3510 3571 3554; x_wconf 82' lang='lat' dir='ltr'><strong>et</strong></span> 
     </span>
    </p>
   </div>
   <div class='ocr_carea' id='block_1_79' title="bbox 1998 3580 3569 3659">
    <p class='ocr_par' dir='ltr' id='par_1_79' title="bbox 1998 3580 3569 3659">
     <span class='ocr_line' id='line_1_79' title="bbox 1998 3580 3569 3659; baseline 0.008 -26"><span class='ocrx_word' id='word_1_618' title='bbox 1998 3580 2169 3650; x_wconf 91' lang='lat' dir='ltr'><strong>ipsum</strong></span> <span class='ocrx_word' id='word_1_619' title='bbox 2201 3581 2288 3636; x_wconf 89' lang='lat' dir='ltr'><strong>hic</strong></span> <span class='ocrx_word' id='word_1_620' title='bbox 2317 3583 2617 3651; x_wconf 72' lang='lat' dir='ltr'><strong>przedicari.</strong></span> <span class='ocrx_word' id='word_1_621' title='bbox 2649 3582 2715 3636; x_wconf 88' lang='lat' dir='ltr'><strong>Et</strong></span> <span class='ocrx_word' id='word_1_622' title='bbox 2749 3584 2800 3636; x_wconf 92' lang='lat' dir='ltr'><strong>in</strong></span> <span class='ocrx_word' id='word_1_623' title='bbox 2836 3600 3015 3638; x_wconf 70' lang='lat' dir='ltr'><strong>LXXXV</strong></span> <span class='ocrx_word' id='word_1_624' title='bbox 3036 3586 3262 3655; x_wconf 86' lang='lat' dir='ltr'><strong>psalmo,</strong></span> <span class='ocrx_word' id='word_1_625' title='bbox 3298 3587 3569 3659; x_wconf 83' lang='lat' dir='ltr'><strong>Unigcnili</strong></span> 
     </span>
    </p>
   </div>
   <div class='ocr_carea' id='block_1_80' title="bbox 1995 3674 3568 3746">
    <p class='ocr_par' dir='ltr' id='par_1_80' title="bbox 1995 3674 3568 3746">
     <span class='ocr_line' id='line_1_80' title="bbox 1995 3674 3568 3746; baseline 0.004 -19"><span class='ocrx_word' id='word_1_626' title='bbox 1995 3675 2442 3743; x_wconf 82' lang='lat' dir='ltr'><strong>omnipotentiam</strong></span> <span class='ocrx_word' id='word_1_627' title='bbox 2473 3674 2613 3741; x_wconf 77' lang='lat'><strong>(55).</strong></span> <span class='ocrx_word' id='word_1_628' title='bbox 2640 3690 2703 3729; x_wconf 92' lang='lat' dir='ltr'><strong>ac</strong></span> <span class='ocrx_word' id='word_1_629' title='bbox 2735 3676 3102 3729; x_wconf 87' lang='lat' dir='ltr'><strong>omnimodam</strong></span> <span class='ocrx_word' id='word_1_630' title='bbox 3140 3680 3399 3746; x_wconf 80' lang='lat' dir='ltr'><strong>quidlibet</strong></span> <span class='ocrx_word' id='word_1_631' title='bbox 3448 3682 3568 3733; x_wconf 81' lang='lat' dir='ltr'><strong>elli-</strong></span> 
     </span>
    </p>
   </div>
   <div class='ocr_carea' id='block_1_81' title="bbox 1995 3765 3567 3837">
    <p class='ocr_par' dir='ltr' id='par_1_81' title="bbox 1995 3765 3567 3837">
     <span class='ocr_line' id='line_1_81' title="bbox 1995 3765 3567 3837; baseline 0.005 -18"><span class='ocrx_word' id='word_1_632' title='bbox 1995 3765 2170 3819; x_wconf 82' lang='lat' dir='ltr'><strong>ciendi</strong></span> <span class='ocrx_word' id='word_1_633' title='bbox 2202 3774 2527 3833; x_wconf 85' lang='lat' dir='ltr'><strong>potestatem</strong></span> <span class='ocrx_word' id='word_1_634' title='bbox 2561 3767 2875 3829; x_wconf 86' lang='lat' dir='ltr'><strong>ostendens,</strong></span> <span class='ocrx_word' id='word_1_635' title='bbox 2898 3778 2952 3823; x_wconf 90' lang='lat' dir='ltr'><strong>et</strong></span> <span class='ocrx_word' id='word_1_636' title='bbox 2989 3769 3212 3837; x_wconf 62' lang='lat' dir='ltr'><strong>gloriam</strong></span> <span class='ocrx_word' id='word_1_637' title='bbox 3258 3773 3304 3824; x_wconf 81' lang='lat' dir='ltr'><strong>ei</strong></span> <span class='ocrx_word' id='word_1_638' title='bbox 3342 3774 3567 3829; x_wconf 73' lang='lat' dir='ltr'><strong>redden-</strong></span> 
     </span>
    </p>
   </div>
   <div class='ocr_carea' id='block_1_82' title="bbox 1996 3857 3564 3931">
    <p class='ocr_par' dir='ltr' id='par_1_82' title="bbox 1996 3857 3564 3931">
     <span class='ocr_line' id='line_1_82' title="bbox 1996 3857 3564 3931; baseline 0.008 -25"><span class='ocrx_word' id='word_1_639' title='bbox 1996 3857 2115 3909; x_wconf 88' lang='lat' dir='ltr'><strong>dam</strong></span> <span class='ocrx_word' id='word_1_640' title='bbox 2158 3873 2277 3911; x_wconf 89' lang='lat' dir='ltr'><strong>esse</strong></span> <span class='ocrx_word' id='word_1_641' title='bbox 2326 3859 2546 3923; x_wconf 83' lang='lat' dir='ltr'><strong>docens,</strong></span> <span class='ocrx_word' id='word_1_642' title='bbox 2586 3859 2655 3912; x_wconf 90' lang='lat' dir='ltr'><strong>ita</strong></span> <span class='ocrx_word' id='word_1_643' title='bbox 2710 3859 2933 3927; x_wconf 85' lang='lat' dir='ltr'><strong>psallit:</strong></span> <span class='ocrx_word' id='word_1_644' title='bbox 2974 3860 3165 3914; x_wconf 84' lang='lat' dir='ltr'><strong>Omnes</strong></span> <span class='ocrx_word' id='word_1_645' title='bbox 3204 3862 3316 3931; x_wconf 82' lang='lat'><strong>(56)</strong></span> <span class='ocrx_word' id='word_1_646' title='bbox 3367 3874 3564 3931; x_wconf 82' lang='lat' dir='ltr'><strong>gentes,</strong></span> 
     </span>
    </p>
   </div>
   <div class='ocr_carea' id='block_1_83' title="bbox 1992 3946 3563 4015">
    <p class='ocr_par' dir='ltr' id='par_1_83' title="bbox 1992 3946 3563 4015">
     <span class='ocr_line' id='line_1_83' title="bbox 1992 3946 3563 4015; baseline 0.003 -17"><span class='ocrx_word' id='word_1_647' title='bbox 1992 3963 2323 4015; x_wconf 83' lang='lat' dir='ltr'><strong>quascunque</strong></span> <span class='ocrx_word' id='word_1_648' title='bbox 2360 3946 2544 4014; x_wconf 77' lang='lat' dir='ltr'><strong>fecisti,</strong></span> <span class='ocrx_word' id='word_1_649' title='bbox 2580 3947 2805 4010; x_wconf 82' lang='lat' dir='ltr'><strong>venient,</strong></span> <span class='ocrx_word' id='word_1_650' title='bbox 2856 3956 2905 3999; x_wconf 91' lang='lat' dir='ltr'><strong>et</strong></span> <span class='ocrx_word' id='word_1_651' title='bbox 2956 3948 3246 4001; x_wconf 89' lang='lat' dir='ltr'><strong>adorabunt</strong></span> <span class='ocrx_word' id='word_1_652' title='bbox 3282 3965 3457 4001; x_wconf 85' lang='lat' dir='ltr'><strong>comm</strong></span> <span class='ocrx_word' id='word_1_653' title='bbox 3492 3960 3563 4015; x_wconf 83' lang='lat' dir='ltr'><strong>te,</strong></span> 
     </span>
    </p>
   </div>
   <div class='ocr_carea' id='block_1_84' title="bbox 1993 4036 3567 4107">
    <p class='ocr_par' dir='ltr' id='par_1_84' title="bbox 1993 4036 3567 4107">
     <span class='ocr_line' id='line_1_84' title="bbox 1993 4036 3567 4107; baseline 0.001 -17"><span class='ocrx_word' id='word_1_654' title='bbox 1993 4037 2233 4104; x_wconf 87' lang='lat' dir='ltr'><strong>Domine,</strong></span> <span class='ocrx_word' id='word_1_655' title='bbox 2271 4048 2318 4091; x_wconf 92' lang='lat' dir='ltr'><strong>et</strong></span> <span class='ocrx_word' id='word_1_656' title='bbox 2357 4036 2727 4107; x_wconf 77' lang='lat' dir='ltr'><strong>gloriﬁcabunt</strong></span> <span class='ocrx_word' id='word_1_657' title='bbox 2758 4054 2944 4091; x_wconf 90' lang='lat' dir='ltr'><strong>nomen</strong></span> <span class='ocrx_word' id='word_1_658' title='bbox 2976 4047 3144 4100; x_wconf 88' lang='lat' dir='ltr'><strong>tuum,</strong></span> <span class='ocrx_word' id='word_1_659' title='bbox 3175 4040 3420 4105; x_wconf 79' lang='lat' dir='ltr'><strong>quoniam</strong></span> <span class='ocrx_word' id='word_1_660' title='bbox 3453 4058 3567 4092; x_wconf 86' lang='lat' dir='ltr'><strong>ma-</strong></span> 
     </span>
    </p>
   </div>
   <div class='ocr_carea' id='block_1_85' title="bbox 1991 4130 3560 4200">
    <p class='ocr_par' dir='ltr' id='par_1_85' title="bbox 1991 4130 3560 4200">
     <span class='ocr_line' id='line_1_85' title="bbox 1991 4130 3560 4200; baseline 0.001 -17"><span class='ocrx_word' id='word_1_661' title='bbox 1991 4148 2124 4200; x_wconf 83' lang='lat' dir='ltr'><strong>gnus</strong></span> <span class='ocrx_word' id='word_1_662' title='bbox 2159 4148 2213 4185; x_wconf 89' lang='lat' dir='ltr'><strong>es</strong></span> <span class='ocrx_word' id='word_1_663' title='bbox 2263 4141 2319 4183; x_wconf 89' lang='lat' dir='ltr'><strong>tu</strong></span> <span class='ocrx_word' id='word_1_664' title='bbox 2362 4141 2411 4183; x_wconf 84' lang='lat' dir='ltr'><strong>et</strong></span> <span class='ocrx_word' id='word_1_665' title='bbox 2449 4130 2648 4199; x_wconf 76' lang='lat' dir='ltr'><strong>faciens</strong></span> <span class='ocrx_word' id='word_1_666' title='bbox 2686 4130 2949 4183; x_wconf 84' lang='lat' dir='ltr'><strong>mirabilia</strong></span> <span class='ocrx_word' id='word_1_667' title='bbox 2980 4147 2998 4185; x_wconf 90' lang='lat'><strong><em>:</em></strong></span> <span class='ocrx_word' id='word_1_668' title='bbox 3028 4141 3081 4183; x_wconf 91' lang='lat' dir='ltr'><strong>tu</strong></span> <span class='ocrx_word' id='word_1_669' title='bbox 3112 4147 3164 4185; x_wconf 89' lang='lat' dir='ltr'><strong>es</strong></span> <span class='ocrx_word' id='word_1_670' title='bbox 3213 4131 3352 4185; x_wconf 83' lang='lat' dir='ltr'><strong>Deus</strong></span> <span class='ocrx_word' id='word_1_671' title='bbox 3393 4133 3560 4191; x_wconf 82' lang='lat' dir='ltr'><strong>solus.</strong></span> 
     </span>
    </p>
   </div>
   <div class='ocr_carea' id='block_1_86' title="bbox 1994 4220 3562 4293">
    <p class='ocr_par' dir='ltr' id='par_1_86' title="bbox 1994 4220 3562 4293">
     <span class='ocr_line' id='line_1_86' title="bbox 1994 4220 3562 4293; baseline 0.003 -18"><span class='ocrx_word' id='word_1_672' title='bbox 1994 4222 2060 4276; x_wconf 81' lang='lat' dir='ltr'><strong>Et</strong></span> <span class='ocrx_word' id='word_1_673' title='bbox 2094 4223 2145 4277; x_wconf 91' lang='lat' dir='ltr'><strong>itt</strong></span> <span class='ocrx_word' id='word_1_674' title='bbox 2178 4238 2307 4276; x_wconf 77' lang='lat' dir='ltr'><strong>xVItt</strong></span> <span class='ocrx_word' id='word_1_675' title='bbox 2337 4242 2350 4277; x_wconf 90' lang='lat'><strong>:</strong></span> <span class='ocrx_word' id='word_1_676' title='bbox 2390 4220 2518 4276; x_wconf 75' lang='lat' dir='ltr'><strong>Caeli</strong></span> <span class='ocrx_word' id='word_1_677' title='bbox 2550 4222 2661 4292; x_wconf 83' lang='lat'><strong>(57)</strong></span> <span class='ocrx_word' id='word_1_678' title='bbox 2698 4234 2947 4276; x_wconf 83' lang='lat' dir='ltr'><strong>enarrant</strong></span> <span class='ocrx_word' id='word_1_679' title='bbox 2989 4225 3213 4293; x_wconf 83' lang='lat' dir='ltr'><strong>gloriam</strong></span> <span class='ocrx_word' id='word_1_680' title='bbox 3249 4224 3364 4278; x_wconf 87' lang='lat' dir='ltr'><strong>Dei.</strong></span> <span class='ocrx_word' id='word_1_681' title='bbox 3415 4226 3562 4291; x_wconf 85' lang='lat' dir='ltr'><strong>Quo-</strong></span> 
     </span>
    </p>
   </div>
   <div class='ocr_carea' id='block_1_87' title="bbox 1992 4310 3561 4383">
    <p class='ocr_par' dir='ltr' id='par_1_87' title="bbox 1992 4310 3561 4383">
     <span class='ocr_line' id='line_1_87' title="bbox 1992 4310 3561 4383; baseline 0.001 -17"><span class='ocrx_word' id='word_1_682' title='bbox 1992 4313 2151 4366; x_wconf 89' lang='lat' dir='ltr'><strong>modo</strong></span> <span class='ocrx_word' id='word_1_683' title='bbox 2184 4322 2362 4365; x_wconf 87' lang='lat' dir='ltr'><strong>autem</strong></span> <span class='ocrx_word' id='word_1_684' title='bbox 2402 4312 2697 4365; x_wconf 83' lang='lat' dir='ltr'><strong>enarranl?</strong></span> <span class='ocrx_word' id='word_1_685' title='bbox 2736 4310 2841 4366; x_wconf 90' lang='lat' dir='ltr'><strong>Per</strong></span> <span class='ocrx_word' id='word_1_686' title='bbox 2886 4313 3312 4382; x_wconf 88' lang='lat' dir='ltr'><strong>amplitudinem,</strong></span> <span class='ocrx_word' id='word_1_687' title='bbox 3360 4323 3414 4367; x_wconf 88' lang='lat' dir='ltr'><strong>et</strong></span> <span class='ocrx_word' id='word_1_688' title='bbox 3442 4315 3561 4383; x_wconf 87' lang='lat' dir='ltr'><strong>pul-</strong></span> 
     </span>
    </p>
   </div>
   <div class='ocr_carea' id='block_1_88' title="bbox 1990 4402 3559 4472">
    <p class='ocr_par' dir='ltr' id='par_1_88' title="bbox 1990 4402 3559 4472">
     <span class='ocr_line' id='line_1_88' title="bbox 1990 4402 3559 4472; baseline 0.003 -17"><span class='ocrx_word' id='word_1_689' title='bbox 1990 4403 2373 4465; x_wconf 82' lang='lat' dir='ltr'><strong>chritudinem,</strong></span> <span class='ocrx_word' id='word_1_690' title='bbox 2415 4416 2519 4471; x_wconf 90' lang='lat' dir='ltr'><strong>qua</strong></span> <span class='ocrx_word' id='word_1_691' title='bbox 2569 4402 2752 4456; x_wconf 89' lang='lat' dir='ltr'><strong>donati</strong></span> <span class='ocrx_word' id='word_1_692' title='bbox 2792 4414 2937 4467; x_wconf 83' lang='lat' dir='ltr'><strong>sunt,</strong></span> <span class='ocrx_word' id='word_1_693' title='bbox 2981 4410 3035 4456; x_wconf 85' lang='lat' dir='ltr'><strong>et</strong></span> <span class='ocrx_word' id='word_1_694' title='bbox 3088 4418 3188 4470; x_wconf 89' lang='lat' dir='ltr'><strong>qua</strong></span> <span class='ocrx_word' id='word_1_695' title='bbox 3226 4406 3559 4472; x_wconf 64' lang='lat' dir='ltr'><strong>priestantis-</strong></span> 
     </span>
    </p>
   </div>
   <div class='ocr_carea' id='block_1_89' title="bbox 1991 4494 3555 4564">
    <p class='ocr_par' dir='ltr' id='par_1_89' title="bbox 1991 4494 3555 4564">
     <span class='ocr_line' id='line_1_89' title="bbox 1991 4494 3555 4564; baseline 0.002 -17"><span class='ocrx_word' id='word_1_696' title='bbox 1991 4494 2209 4557; x_wconf 86' lang='lat' dir='ltr'><strong>simum,</strong></span> <span class='ocrx_word' id='word_1_697' title='bbox 2258 4503 2311 4549; x_wconf 83' lang='lat' dir='ltr'><strong>et</strong></span> <span class='ocrx_word' id='word_1_698' title='bbox 2344 4494 2515 4564; x_wconf 80' lang='lat' dir='ltr'><strong>gloria</strong></span> <span class='ocrx_word' id='word_1_699' title='bbox 2574 4495 2791 4562; x_wconf 80' lang='lat' dir='ltr'><strong>dignum</strong></span> <span class='ocrx_word' id='word_1_700' title='bbox 2852 4510 2972 4549; x_wconf 86' lang='lat' dir='ltr'><strong>esse</strong></span> <span class='ocrx_word' id='word_1_701' title='bbox 3026 4495 3319 4550; x_wconf 89' lang='lat' dir='ltr'><strong>ostendunt</strong></span> <span class='ocrx_word' id='word_1_702' title='bbox 3368 4511 3555 4551; x_wconf 83' lang='lat' dir='ltr'><strong>eorum</strong></span> 
     </span>
    </p>
   </div>
   <div class='ocr_carea' id='block_1_90' title="bbox 297 4569 1894 4665">
    <p class='ocr_par' dir='ltr' id='par_1_90' title="bbox 297 4583 1886 4659">
     <span class='ocr_line' id='line_1_90' title="bbox 297 4583 1886 4659; baseline -0.005 -12"><span class='ocrx_word' id='word_1_703' title='bbox 297 4591 497 4647; x_wconf 81' lang='grc' dir='ltr'>αὑτοῦ</span> <span class='ocrx_word' id='word_1_704' title='bbox 525 4590 717 4646; x_wconf 71' lang='grc' dir='ltr'>πᾶσαι</span> <span class='ocrx_word' id='word_1_705' title='bbox 737 4593 797 4644; x_wconf 85' lang='lat' dir='ltr'><strong>al</strong></span> <span class='ocrx_word' id='word_1_706' title='bbox 814 4588 1099 4659; x_wconf 78' lang='grc' dir='ltr'>δυνάμεις</span> <span class='ocrx_word' id='word_1_707' title='bbox 1123 4590 1341 4646; x_wconf 85' lang='grc' dir='ltr'>αὐτῶν.</span> <span class='ocrx_word' id='word_1_708' title='bbox 1373 4589 1510 4644; x_wconf 81' lang='grc' dir='ltr'>Οῠτε</span> <span class='ocrx_word' id='word_1_709' title='bbox 1537 4583 1629 4642; x_wconf 82' lang='grc' dir='ltr'>οὖν</span> <span class='ocrx_word' id='word_1_710' title='bbox 1656 4588 1753 4659; x_wconf 84' lang='grc' dir='ltr'>τὴν</span> <span class='ocrx_word' id='word_1_711' title='bbox 1777 4587 1886 4640; x_wconf 83' lang='grc' dir='ltr'><strong>τῶν</strong></span> 
     </span>
    </p>
   </div>
   <div class='ocr_carea' id='block_1_91' title="bbox 1999 4569 3549 4665">
    <p class='ocr_par' dir='ltr' id='par_1_91' title="bbox 1999 4587 3549 4665">
     <span class='ocr_line' id='line_1_91' title="bbox 1999 4587 3549 4665; baseline 0.003 -22"><span class='ocrx_word' id='word_1_712' title='bbox 1999 4587 2345 4655; x_wconf 75' lang='lat' dir='ltr'><strong>conditorem,</strong></span> <span class='ocrx_word' id='word_1_713' title='bbox 2378 4590 2469 4659; x_wconf 87' lang='lat' dir='ltr'><strong>qtti</strong></span> <span class='ocrx_word' id='word_1_714' title='bbox 2504 4597 2586 4643; x_wconf 86' lang='lat' dir='ltr'><strong>est</strong></span> <span class='ocrx_word' id='word_1_715' title='bbox 2616 4590 2753 4643; x_wconf 91' lang='lat' dir='ltr'><strong>Dens</strong></span> <span class='ocrx_word' id='word_1_716' title='bbox 2776 4587 3011 4644; x_wconf 66' lang='lat' dir='ltr'><strong>Verbum</strong></span> <span class='ocrx_word' id='word_1_717' title='bbox 3040 4602 3057 4642; x_wconf 89' lang='lat'><strong>:</strong></span> <span class='ocrx_word' id='word_1_718' title='bbox 3083 4605 3205 4643; x_wconf 90' lang='lat' dir='ltr'><strong>nam</strong></span> <span class='ocrx_word' id='word_1_719' title='bbox 3239 4588 3405 4645; x_wconf 81' lang='lat' dir='ltr'><strong>Verbo</strong></span> <span class='ocrx_word' id='word_1_720' title='bbox 3434 4591 3549 4665; x_wconf 83' lang='lat'><strong>(58)</strong></span> 
     </span>
    </p>
   </div>
   <div class='ocr_carea' id='block_1_92' title="bbox 298 4768 1881 4845">
    <p class='ocr_par' dir='ltr' id='par_1_92' title="bbox 298 4768 1881 4845">
     <span class='ocr_line' id='line_1_92' title="bbox 298 4768 1881 4845; baseline -0.004 -19"><span class='ocrx_word' id='word_1_721' title='bbox 298 4774 575 4845; x_wconf 81' lang='lat' dir='ltr'><strong>synodica</strong></span> <span class='ocrx_word' id='word_1_722' title='bbox 602 4774 848 4845; x_wconf 76' lang='lat' dir='ltr'><strong>epistola,</strong></span> <span class='ocrx_word' id='word_1_723' title='bbox 897 4787 1059 4845; x_wconf 84' lang='lat' dir='ltr'><strong>quam</strong></span> <span class='ocrx_word' id='word_1_724' title='bbox 1104 4772 1321 4845; x_wconf 76' lang='lat' dir='ltr'><strong>primus</strong></span> <span class='ocrx_word' id='word_1_725' title='bbox 1341 4770 1507 4823; x_wconf 87' lang='lat' dir='ltr'><strong>edidit</strong></span> <span class='ocrx_word' id='word_1_726' title='bbox 1536 4768 1719 4845; x_wconf 50' lang='lat' dir='ltr'><strong>vinci.</strong></span> <span class='ocrx_word' id='word_1_727' title='bbox 1755 4768 1881 4845; x_wconf 66' lang='lat' dir='ltr'><strong>Val:</strong></span> 
     </span>
    </p>
   </div>
   <div class='ocr_carea' id='block_1_93' title="bbox 302 4838 1882 4919">
    <p class='ocr_par' dir='ltr' id='par_1_93' title="bbox 302 4838 1882 4919">
     <span class='ocr_line' id='line_1_93' title="bbox 302 4838 1882 4919; baseline -0.004 -22"><span class='ocrx_word' id='word_1_728' title='bbox 302 4838 531 4919; x_wconf 57' lang='lat' dir='ltr'><strong>ljrsius.</strong></span> <span class='ocrx_word' id='word_1_729' title='bbox 566 4838 679 4919; x_wconf 40' lang='lat' dir='ltr'><strong>haec</strong></span> <span class='ocrx_word' id='word_1_730' title='bbox 709 4838 927 4919; x_wconf 79' lang='lat' dir='ltr'><strong>Origeui</strong></span> <span class='ocrx_word' id='word_1_731' title='bbox 962 4838 1120 4919; x_wconf 67' lang='lat' dir='ltr'><strong>verba</strong></span> <span class='ocrx_word' id='word_1_732' title='bbox 1162 4842 1351 4919; x_wconf 78' lang='lat' dir='ltr'><strong>tribuit</strong></span> <span class='ocrx_word' id='word_1_733' title='bbox 1396 4840 1671 4919; x_wconf 28' lang='lat' dir='ltr'><strong>pagus”,</strong></span> <span class='ocrx_word' id='word_1_734' title='bbox 1700 4838 1882 4919; x_wconf 56' lang='lat' dir='ltr'><strong>tont:_I</strong></span> 
     </span>
    </p>
   </div>
   <div class='ocr_carea' id='block_1_94' title="bbox 298 4908 1875 4989">
    <p class='ocr_par' dir='ltr' id='par_1_94' title="bbox 298 4908 1875 4989">
     <span class='ocr_line' id='line_1_94' title="bbox 298 4908 1875 4989; baseline -0.006 -20"><span class='ocrx_word' id='word_1_735' title='bbox 298 4915 543 4989; x_wconf 66' lang='lat' dir='ltr'><strong>Operam</strong></span> <span class='ocrx_word' id='word_1_736' title='bbox 585 4908 898 4989; x_wconf 53' lang='lat' dir='ltr'><strong>iiierony&#39;mi</strong></span> <span class='ocrx_word' id='word_1_737' title='bbox 938 4929 952 4964; x_wconf 90' lang='lat'>:</span> <span class='ocrx_word' id='word_1_738' title='bbox 987 4911 1184 4966; x_wconf 81' lang='lat' dir='ltr'><strong>Christi</strong></span> <span class='ocrx_word' id='word_1_739' title='bbox 1215 4908 1721 4989; x_wconf 29' lang='lat' dir='ltr'><strong>_regnu}n_’[_ini_etur</strong></span> <span class='ocrx_word' id='word_1_740' title='bbox 1766 4908 1875 4960; x_wconf 87' lang='lat' dir='ltr'><strong>ali-</strong></span> 
     </span>
    </p>
   </div>
   <div class='ocr_carea' id='block_1_95' title="bbox 299 4980 1874 5053">
    <p class='ocr_par' dir='ltr' id='par_1_95' title="bbox 299 4980 1874 5053">
     <span class='ocr_line' id='line_1_95' title="bbox 299 4980 1874 5053; baseline -0.003 -16"><span class='ocrx_word' id='word_1_741' title='bbox 299 4980 538 5053; x_wconf 70' lang='lat' dir='ltr'><strong>quando.</strong></span> <span class='ocrx_word' id='word_1_742' title='bbox 570 4985 614 5036; x_wconf 78' lang='grc' dir='ltr'>Α</span> <span class='ocrx_word' id='word_1_743' title='bbox 644 5000 750 5052; x_wconf 83' lang='lat' dir='ltr'><strong>quo</strong></span> <span class='ocrx_word' id='word_1_744' title='bbox 789 4980 976 5036; x_wconf 82' lang='lat' dir='ltr'><strong>errore</strong></span> <span class='ocrx_word' id='word_1_745' title='bbox 1008 4999 1168 5053; x_wconf 85' lang='lat' dir='ltr'><strong>quam</strong></span> <span class='ocrx_word' id='word_1_746' title='bbox 1214 4980 1371 5050; x_wconf 73' lang='lat' dir='ltr'><strong>longe</strong></span> <span class='ocrx_word' id='word_1_747' title='bbox 1418 4981 1558 5035; x_wconf 85' lang='lat' dir='ltr'><strong>absit</strong></span> <span class='ocrx_word' id='word_1_748' title='bbox 1593 4980 1874 5049; x_wconf 83' lang='lat' dir='ltr'><strong>Didymus,</strong></span> 
     </span>
    </p>
   </div>
   <div class='ocr_carea' id='block_1_96' title="bbox 302 5053 1872 5130">
    <p class='ocr_par' dir='ltr' id='par_1_96' title="bbox 302 5053 1872 5130">
     <span class='ocr_line' id='line_1_96' title="bbox 302 5053 1872 5130; baseline 0 0"><span class='ocrx_word' id='word_1_749' title='bbox 302 5053 915 5130; x_wconf 50' lang='grc' dir='ltr'><strong>ρυειβιιιουυτξρῑεε-</strong></span> <span class='ocrx_word' id='word_1_750' title='bbox 1019 5119 1150 5130; x_wconf 77' lang='lat'><strong>_.</strong></span> <span class='ocrx_word' id='word_1_751' title='bbox 1565 5116 1653 5130; x_wconf 93' lang='lat'><strong>..</strong></span> <span class='ocrx_word' id='word_1_752' title='bbox 1838 5116 1872 5130; x_wconf 93' lang='lat'><strong>..</strong></span> 
     </span>
    </p>
   </div>
   <div class='ocr_carea' id='block_1_97' title="bbox 374 5118 1870 5193">
    <p class='ocr_par' dir='ltr' id='par_1_97' title="bbox 374 5118 1870 5193">
     <span class='ocr_line' id='line_1_97' title="bbox 374 5118 1870 5193; baseline -0.004 -16"><span class='ocrx_word' id='word_1_753' title='bbox 374 5124 489 5193; x_wconf 83' lang='lat' dir='ltr'><strong>(5i)</strong></span> <span class='ocrx_word' id='word_1_754' title='bbox 532 5122 607 5177; x_wconf 77' lang='grc' dir='ltr'>Μ.</span> <span class='ocrx_word' id='word_1_755' title='bbox 647 5141 700 5175; x_wconf 88' lang='lat' dir='ltr'><strong>a.</strong></span> <span class='ocrx_word' id='word_1_756' title='bbox 752 5118 970 5174; x_wconf 78' lang='lat' dir='ltr'><strong>Filium.</strong></span> <span class='ocrx_word' id='word_1_757' title='bbox 1019 5120 1094 5173; x_wconf 87' lang='lat' dir='ltr'><strong>De</strong></span> <span class='ocrx_word' id='word_1_758' title='bbox 1135 5119 1258 5183; x_wconf 90' lang='lat' dir='ltr'><strong>hac,</strong></span> <span class='ocrx_word' id='word_1_759' title='bbox 1296 5118 1870 5193; x_wconf 78' lang='lat' dir='ltr'><strong>a_liisqt_te_huj_us_modi</strong></span> 
     </span>
    </p>
   </div>
   <div class='ocr_carea' id='block_1_98' title="bbox 302 5187 1871 5261">
    <p class='ocr_par' dir='ltr' id='par_1_98' title="bbox 302 5187 1871 5261">
     <span class='ocr_line' id='line_1_98' title="bbox 302 5187 1871 5261; baseline -0.004 -14"><span class='ocrx_word' id='word_1_760' title='bbox 302 5187 671 5247; x_wconf 74' lang='lat' dir='ltr'><strong>locutibnibus</strong></span> <span class='ocrx_word' id='word_1_761' title='bbox 703 5192 934 5261; x_wconf 83' lang='lat' dir='ltr'><strong>Didymi,</strong></span> <span class='ocrx_word' id='word_1_762' title='bbox 983 5205 1283 5261; x_wconf 87' lang='lat' dir='ltr'><strong>sermonem</strong></span> <span class='ocrx_word' id='word_1_763' title='bbox 1327 5189 1483 5261; x_wconf 84' lang='lat' dir='ltr'><strong>habui</strong></span> <span class='ocrx_word' id='word_1_764' title='bbox 1529 5188 1589 5261; x_wconf 82' lang='lat' dir='ltr'><strong>in</strong></span> <span class='ocrx_word' id='word_1_765' title='bbox 1626 5187 1871 5255; x_wconf 84' lang='lat' dir='ltr'><strong>Epistola</strong></span> 
     </span>
    </p>
   </div>
   <div class='ocr_carea' id='block_1_99' title="bbox 303 5259 1866 5328">
    <p class='ocr_par' dir='ltr' id='par_1_99' title="bbox 303 5259 1866 5328">
     <span class='ocr_line' id='line_1_99' title="bbox 303 5259 1866 5328; baseline -0.005 -12"><span class='ocrx_word' id='word_1_766' title='bbox 303 5266 370 5315; x_wconf 83' lang='lat' dir='ltr'><strong>ad</strong></span> <span class='ocrx_word' id='word_1_767' title='bbox 393 5265 701 5316; x_wconf 73' lang='lat' dir='ltr'><strong>Are/timum</strong></span> <span class='ocrx_word' id='word_1_768' title='bbox 749 5259 1044 5328; x_wconf 75' lang='lat' dir='ltr'><strong>prtesulem.</strong></span> <span class='ocrx_word' id='word_1_769' title='bbox 1085 5260 1349 5312; x_wconf 56' lang='lat' dir='ltr'><strong>(holerum</strong></span> <span class='ocrx_word' id='word_1_770' title='bbox 1386 5260 1484 5310; x_wconf 87' lang='lat' dir='ltr'><strong>hac</strong></span> <span class='ocrx_word' id='word_1_771' title='bbox 1528 5259 1664 5327; x_wconf 88' lang='lat' dir='ltr'><strong>ipsa,</strong></span> <span class='ocrx_word' id='word_1_772' title='bbox 1703 5272 1866 5325; x_wconf 85' lang='lat' dir='ltr'><strong>quam</strong></span> 
     </span>
    </p>
   </div>
   <div class='ocr_carea' id='block_1_100' title="bbox 301 5328 1869 5403">
    <p class='ocr_par' dir='ltr' id='par_1_100' title="bbox 301 5328 1869 5403">
     <span class='ocr_line' id='line_1_100' title="bbox 301 5328 1869 5403; baseline -0.004 -18"><span class='ocrx_word' id='word_1_773' title='bbox 301 5336 563 5403; x_wconf 64' lang='lat' dir='ltr'><strong>Didymus</strong></span> <span class='ocrx_word' id='word_1_774' title='bbox 600 5333 777 5403; x_wconf 79' lang='lat' dir='ltr'><strong>allcrt,</strong></span> <span class='ocrx_word' id='word_1_775' title='bbox 830 5332 1035 5403; x_wconf 79' lang='lat' dir='ltr'><strong>ratione</strong></span> <span class='ocrx_word' id='word_1_776' title='bbox 1081 5328 1747 5403; x_wconf 56' lang='lat' dir='ltr'><strong>Origenentpostmodum</strong></span> <span class='ocrx_word' id='word_1_777' title='bbox 1783 5342 1869 5379; x_wconf 88' lang='lat' dir='ltr'><strong>re-</strong></span> 
     </span>
    </p>
   </div>
   <div class='ocr_carea' id='block_1_101' title="bbox 300 5398 1867 5469">
    <p class='ocr_par' dir='ltr' id='par_1_101' title="bbox 300 5398 1867 5469">
     <span class='ocr_line' id='line_1_101' title="bbox 300 5398 1867 5469; baseline -0.006 -14"><span class='ocrx_word' id='word_1_778' title='bbox 300 5398 434 5455; x_wconf 66' lang='lat' dir='ltr'><strong>fellit</strong></span> <span class='ocrx_word' id='word_1_779' title='bbox 479 5402 811 5469; x_wconf 75' lang='lat' dir='ltr'><strong>Theophilus</strong></span> <span class='ocrx_word' id='word_1_780' title='bbox 858 5401 911 5453; x_wconf 87' lang='lat' dir='ltr'><strong>in</strong></span> <span class='ocrx_word' id='word_1_781' title='bbox 960 5401 1127 5468; x_wconf 90' lang='lat' dir='ltr'><strong>prima</strong></span> <span class='ocrx_word' id='word_1_782' title='bbox 1171 5399 1412 5469; x_wconf 60' lang='lat' dir='ltr'><strong>Paschali</strong></span> <span class='ocrx_word' id='word_1_783' title='bbox 1464 5398 1688 5465; x_wconf 87' lang='lat' dir='ltr'><strong>epistola</strong></span> <span class='ocrx_word' id='word_1_784' title='bbox 1727 5412 1867 5469; x_wconf 77' lang='lat' dir='ltr'><strong>anno</strong></span> 
     </span>
    </p>
   </div>
   <div class='ocr_carea' id='block_1_102' title="bbox 298 5466 1868 5539">
    <p class='ocr_par' dir='ltr' id='par_1_102' title="bbox 298 5466 1868 5539">
     <span class='ocr_line' id='line_1_102' title="bbox 298 5466 1868 5539; baseline -0.006 -14"><span class='ocrx_word' id='word_1_785' title='bbox 298 5473 392 5527; x_wconf 68' lang='lat' dir='ltr'><strong>“II</strong></span> <span class='ocrx_word' id='word_1_786' title='bbox 435 5474 580 5533; x_wconf 71' lang='lat' dir='ltr'><strong>data,</strong></span> <span class='ocrx_word' id='word_1_787' title='bbox 629 5466 776 5523; x_wconf 82' lang='lat' dir='ltr'><strong>nunt.</strong></span> <span class='ocrx_word' id='word_1_788' title='bbox 816 5472 871 5539; x_wconf 15' lang='lat'><strong>57.</strong></span> <span class='ocrx_word' id='word_1_789' title='bbox 904 5466 1020 5539; x_wconf 77' lang='lat' dir='ltr'><strong>pag.</strong></span> <span class='ocrx_word' id='word_1_790' title='bbox 1226 5467 1324 5521; x_wconf 83' lang='lat' dir='ltr'><strong>Ubi</strong></span> <span class='ocrx_word' id='word_1_791' title='bbox 1351 5469 1454 5539; x_wconf 68' lang='lat' dir='ltr'><strong>erit</strong></span> <span class='ocrx_word' id='word_1_792' title='bbox 1494 5469 1697 5539; x_wconf 86' lang='lat' dir='ltr'><strong>inquit,</strong></span> <span class='ocrx_word' id='word_1_793' title='bbox 1729 5466 1868 5532; x_wconf 87' lang='lat' dir='ltr'><strong>quod</strong></span> 
     </span>
    </p>
   </div>
   <div class='ocr_carea' id='block_1_103' title="bbox 296 5536 1866 5610">
    <p class='ocr_par' dir='ltr' id='par_1_103' title="bbox 296 5536 1866 5610">
     <span class='ocr_line' id='line_1_103' title="bbox 296 5536 1866 5610; baseline -0.004 -15"><span class='ocrx_word' id='word_1_794' title='bbox 296 5559 500 5610; x_wconf 74' lang='lat' dir='ltr'><strong>semper</strong></span> <span class='ocrx_word' id='word_1_795' title='bbox 531 5542 704 5594; x_wconf 77' lang='lat' dir='ltr'><strong>Filius</strong></span> <span class='ocrx_word' id='word_1_796' title='bbox 744 5544 799 5593; x_wconf 86' lang='lat' dir='ltr'><strong>in</strong></span> <span class='ocrx_word' id='word_1_797' title='bbox 834 5536 1015 5600; x_wconf 77' lang='lat' dir='ltr'><strong>Patre,</strong></span> <span class='ocrx_word' id='word_1_798' title='bbox 1044 5551 1089 5591; x_wconf 87' lang='lat' dir='ltr'><strong>et</strong></span> <span class='ocrx_word' id='word_1_799' title='bbox 1127 5538 1287 5590; x_wconf 89' lang='lat' dir='ltr'><strong>Pater</strong></span> <span class='ocrx_word' id='word_1_800' title='bbox 1326 5539 1378 5591; x_wconf 88' lang='lat' dir='ltr'><strong>in</strong></span> <span class='ocrx_word' id='word_1_801' title='bbox 1408 5536 1551 5591; x_wconf 76' lang='lat' dir='ltr'><strong>Filio</strong></span> <span class='ocrx_word' id='word_1_802' title='bbox 1575 5547 1675 5601; x_wconf 87' lang='lat' dir='ltr'><strong>est,</strong></span> <span class='ocrx_word' id='word_1_803' title='bbox 1708 5540 1753 5591; x_wconf 86' lang='lat' dir='ltr'><strong>si</strong></span> <span class='ocrx_word' id='word_1_804' title='bbox 1783 5552 1866 5589; x_wconf 84' lang='lat' dir='ltr'><strong>re-</strong></span> 
     </span>
    </p>
   </div>
   <div class='ocr_carea' id='block_1_104' title="bbox 296 5609 1309 5681">
    <p class='ocr_par' dir='ltr' id='par_1_104' title="bbox 296 5609 1309 5681">
     <span class='ocr_line' id='line_1_104' title="bbox 296 5609 1309 5681; baseline -0.004 -17"><span class='ocrx_word' id='word_1_805' title='bbox 296 5609 454 5681; x_wconf 77' lang='lat' dir='ltr'><strong>gnum</strong></span> <span class='ocrx_word' id='word_1_806' title='bbox 499 5611 628 5665; x_wconf 77' lang='lat' dir='ltr'><strong>Filii</strong></span> <span class='ocrx_word' id='word_1_807' title='bbox 664 5631 765 5663; x_wconf 85' lang='lat' dir='ltr'><strong>non</strong></span> <span class='ocrx_word' id='word_1_808' title='bbox 808 5613 907 5663; x_wconf 76' lang='lat' dir='ltr'><strong>erit</strong></span> <span class='ocrx_word' id='word_1_809' title='bbox 946 5609 1309 5681; x_wconf 69' lang='lat' dir='ltr'><strong>cowternum?</strong></span> 
     </span>
    </p>
   </div>
   <div class='ocr_carea' id='block_1_105' title="bbox 365 5678 1247 5751">
    <p class='ocr_par' dir='ltr' id='par_1_105' title="bbox 365 5678 1247 5751">
     <span class='ocr_line' id='line_1_105' title="bbox 365 5678 1247 5751; baseline -0.006 -16"><span class='ocrx_word' id='word_1_810' title='bbox 365 5684 479 5751; x_wconf 69' lang='grc'>(52)</span> <span class='ocrx_word' id='word_1_811' title='bbox 518 5682 816 5748; x_wconf 79' lang='lat' dir='ltr'><strong>Scriptura.</strong></span> <span class='ocrx_word' id='word_1_812' title='bbox 854 5682 1013 5733; x_wconf 83' lang='lat' dir='ltr'><strong>Hebr.</strong></span> <span class='ocrx_word' id='word_1_813' title='bbox 1050 5696 1124 5742; x_wconf 74' lang='lat' dir='ltr'><strong>XI,</strong></span> <span class='ocrx_word' id='word_1_814' title='bbox 1159 5678 1247 5733; x_wconf 76' lang='lat'><strong>38.</strong></span> 
     </span>
    </p>
   </div>
   <div class='ocr_carea' id='block_1_106' title="bbox 367 5745 1869 5822">
    <p class='ocr_par' dir='ltr' id='par_1_106' title="bbox 367 5745 1869 5822">
     <span class='ocr_line' id='line_1_106' title="bbox 367 5745 1869 5822; baseline -0.004 -16"><span class='ocrx_word' id='word_1_815' title='bbox 522 5745 665 5805; x_wconf 73' lang='lat' dir='ltr'><strong>Erit.</strong></span> <span class='ocrx_word' id='word_1_816' title='bbox 688 5754 830 5804; x_wconf 78' lang='lat' dir='ltr'><strong>Psal.</strong></span> <span class='ocrx_word' id='word_1_817' title='bbox 861 5766 1003 5816; x_wconf 71' lang='lat' dir='ltr'><strong>LXXI,</strong></span> <span class='ocrx_word' id='word_1_818' title='bbox 1038 5766 1065 5802; x_wconf 86' lang='lat' dir='ltr'><strong>a</strong></span> <span class='ocrx_word' id='word_1_819' title='bbox 1107 5766 1246 5822; x_wconf 76' lang='lat' dir='ltr'><strong>vers.</strong></span> <span class='ocrx_word' id='word_1_820' title='bbox 1280 5749 1344 5802; x_wconf 83' lang='lat' dir='ltr'><strong>I7</strong></span> <span class='ocrx_word' id='word_1_821' title='bbox 1374 5748 1439 5801; x_wconf 88' lang='lat' dir='ltr'><strong>ad</strong></span> <span class='ocrx_word' id='word_1_822' title='bbox 1468 5745 1756 5822; x_wconf 27' lang='lat' dir='ltr'><strong>2L-Verha</strong></span> <span class='ocrx_word' id='word_1_823' title='bbox 1791 5757 1869 5800; x_wconf 87' lang='lat' dir='ltr'><strong>ta-</strong></span> 
     </span>
    </p>
   </div>
   <div class='ocr_carea' id='block_1_107' title="bbox 302 5819 1867 5890">
    <p class='ocr_par' dir='ltr' id='par_1_107' title="bbox 302 5819 1867 5890">
     <span class='ocr_line' id='line_1_107' title="bbox 302 5819 1867 5890; baseline -0.006 -11"><span class='ocrx_word' id='word_1_824' title='bbox 302 5819 538 5890; x_wconf 38' lang='lat' dir='ltr'><strong>me&#39;n,&#39;Et</strong></span> <span class='ocrx_word' id='word_1_825' title='bbox 580 5836 703 5875; x_wconf 86' lang='lat' dir='ltr'><strong>ante</strong></span> <span class='ocrx_word' id='word_1_826' title='bbox 730 5824 912 5874; x_wconf 82' lang='lat' dir='ltr'><strong>tunam</strong></span> <span class='ocrx_word' id='word_1_827' title='bbox 949 5821 1306 5889; x_wconf 80' lang='lat' dir='ltr'><strong>generationes</strong></span> <span class='ocrx_word' id='word_1_828' title='bbox 1352 5819 1771 5888; x_wconf 85' lang='lat' dir='ltr'><strong>generationum,</strong></span> <span class='ocrx_word' id='word_1_829' title='bbox 1804 5834 1867 5873; x_wconf 74' lang='lat' dir='ltr'><strong>ex</strong></span> 
     </span>
    </p>
   </div>
   <div class='ocr_carea' id='block_1_108' title="bbox 574 5912 1359 5976">
    <p class='ocr_par' dir='ltr' id='par_1_108' title="bbox 574 5912 1359 5976">
     <span class='ocr_line' id='line_1_108' title="bbox 574 5912 1359 5976; baseline 0 -2"><span class='ocrx_word' id='word_1_830' title='bbox 574 5916 849 5976; x_wconf 77' lang='grc' dir='ltr'>ΡΑτιιοι..</span> <span class='ocrx_word' id='word_1_831' title='bbox 895 5914 1012 5976; x_wconf 76' lang='lat' dir='ltr'><strong>(in.</strong></span> <span class='ocrx_word' id='word_1_832' title='bbox 1060 5912 1359 5974; x_wconf 74' lang='lat' dir='ltr'><strong>XXXIX.</strong></span> 
     </span>
    </p>
   </div>
   <div class='ocr_carea' id='block_1_109' title="bbox 1994 4761 3548 4836">
    <p class='ocr_par' dir='ltr' id='par_1_109' title="bbox 1994 4761 3548 4836">
     <span class='ocr_line' id='line_1_109' title="bbox 1994 4761 3548 4836; baseline 0.003 -17"><span class='ocrx_word' id='word_1_833' title='bbox 1994 4766 2265 4821; x_wconf 85' lang='lat' dir='ltr'><strong>versiculo</strong></span> <span class='ocrx_word' id='word_1_834' title='bbox 2294 4768 2483 4836; x_wconf 80' lang='lat' dir='ltr'><strong>quinto</strong></span> <span class='ocrx_word' id='word_1_835' title='bbox 2508 4765 2746 4836; x_wconf 85' lang='lat' dir='ltr'><strong>ejusdem</strong></span> <span class='ocrx_word' id='word_1_836' title='bbox 2776 4761 2962 4831; x_wconf 88' lang='lat' dir='ltr'><strong>psalmi</strong></span> <span class='ocrx_word' id='word_1_837' title='bbox 2987 4762 3091 4836; x_wconf 88' lang='lat' dir='ltr'><strong>huc</strong></span> <span class='ocrx_word' id='word_1_838' title='bbox 3121 4764 3380 4820; x_wconf 86' lang='lat' dir='ltr'><strong>translata</strong></span> <span class='ocrx_word' id='word_1_839' title='bbox 3400 4779 3548 4825; x_wconf 81' lang='lat' dir='ltr'><strong>sunt.</strong></span> 
     </span>
    </p>
   </div>
   <div class='ocr_carea' id='block_1_110' title="bbox 1986 4835 3551 4903">
    <p class='ocr_par' dir='ltr' id='par_1_110' title="bbox 1986 4835 3551 4903">
     <span class='ocr_line' id='line_1_110' title="bbox 1986 4835 3551 4903; baseline 0.001 -14"><span class='ocrx_word' id='word_1_840' title='bbox 1986 4837 2059 4890; x_wconf 87' lang='lat' dir='ltr'><strong>lbi</strong></span> <span class='ocrx_word' id='word_1_841' title='bbox 2097 4847 2276 4890; x_wconf 85' lang='lat' dir='ltr'><strong>autem</strong></span> <span class='ocrx_word' id='word_1_842' title='bbox 2312 4835 2495 4891; x_wconf 75' lang='lat' dir='ltr'><strong>Graeca</strong></span> <span class='ocrx_word' id='word_1_843' title='bbox 2543 4837 2708 4889; x_wconf 84' lang='lat' dir='ltr'><strong>cditin</strong></span> <span class='ocrx_word' id='word_1_844' title='bbox 2750 4851 2846 4903; x_wconf 82' lang='lat' dir='ltr'><strong>pro</strong></span> <span class='ocrx_word' id='word_1_845' title='bbox 2877 4835 3088 4901; x_wconf 81' lang='grc' dir='ltr'>γενεάς,</span> <span class='ocrx_word' id='word_1_846' title='bbox 3123 4836 3173 4887; x_wconf 90' lang='lat' dir='ltr'><strong>id</strong></span> <span class='ocrx_word' id='word_1_847' title='bbox 3204 4845 3286 4888; x_wconf 76' lang='lat' dir='ltr'><strong>est</strong></span> <span class='ocrx_word' id='word_1_848' title='bbox 3326 4853 3551 4901; x_wconf 86' lang='lat' dir='ltr'><strong>genera-</strong></span> 
     </span>
    </p>
   </div>
   <div class='ocr_carea' id='block_1_111' title="bbox 1983 4903 3549 4973">
    <p class='ocr_par' dir='ltr' id='par_1_111' title="bbox 1983 4903 3549 4973">
     <span class='ocr_line' id='line_1_111' title="bbox 1983 4903 3549 4973; baseline 0 -14"><span class='ocrx_word' id='word_1_849' title='bbox 1983 4908 2178 4965; x_wconf 86' lang='lat' dir='ltr'><strong>tiones.</strong></span> <span class='ocrx_word' id='word_1_850' title='bbox 2214 4908 2391 4967; x_wconf 83' lang='lat' dir='ltr'><strong>habet,</strong></span> <span class='ocrx_word' id='word_1_851' title='bbox 2421 4907 2636 4973; x_wconf 77' lang='grc' dir='ltr'>γενεᾶς,</span> <span class='ocrx_word' id='word_1_852' title='bbox 2677 4906 2817 4973; x_wconf 84' lang='lat' dir='ltr'><strong>quod</strong></span> <span class='ocrx_word' id='word_1_853' title='bbox 2869 4903 3021 4969; x_wconf 76' lang='lat' dir='ltr'><strong>Vulg.</strong></span> <span class='ocrx_word' id='word_1_854' title='bbox 3070 4905 3333 4971; x_wconf 88' lang='lat' dir='ltr'><strong>interpres</strong></span> <span class='ocrx_word' id='word_1_855' title='bbox 3368 4909 3549 4972; x_wconf 78' lang='lat' dir='ltr'><strong>VPrlil,</strong></span> 
     </span>
    </p>
   </div>
   <div class='ocr_carea' id='block_1_112' title="bbox 1980 4973 3549 5044">
    <p class='ocr_par' dir='ltr' id='par_1_112' title="bbox 1980 4973 3549 5044">
     <span class='ocr_line' id='line_1_112' title="bbox 1980 4973 3549 5044; baseline 0.003 -16"><span class='ocrx_word' id='word_1_856' title='bbox 1980 4977 2033 5028; x_wconf 86' lang='lat' dir='ltr'><strong>in</strong></span> <span class='ocrx_word' id='word_1_857' title='bbox 2056 4977 2404 5043; x_wconf 84' lang='lat' dir='ltr'><strong>generatione.</strong></span> <span class='ocrx_word' id='word_1_858' title='bbox 2424 4975 2585 5028; x_wconf 85' lang='lat' dir='ltr'><strong>Paulo</strong></span> <span class='ocrx_word' id='word_1_859' title='bbox 2620 4986 2737 5042; x_wconf 80' lang='lat' dir='ltr'><strong>post</strong></span> <span class='ocrx_word' id='word_1_860' title='bbox 2767 4989 2885 5043; x_wconf 87' lang='lat' dir='ltr'><strong>pro.</strong></span> <span class='ocrx_word' id='word_1_861' title='bbox 2916 4974 3009 5025; x_wconf 82' lang='grc' dir='ltr'><strong>καὶ</strong></span> <span class='ocrx_word' id='word_1_862' title='bbox 3033 4973 3344 5044; x_wconf 79' lang='grc' dir='ltr'>εὐλογητόν,</span> <span class='ocrx_word' id='word_1_863' title='bbox 3377 4976 3549 5031; x_wconf 81' lang='lat' dir='ltr'><strong>Biblia</strong></span> 
     </span>
    </p>
   </div>
   <div class='ocr_carea' id='block_1_113' title="bbox 1980 5044 2729 5116">
    <p class='ocr_par' dir='ltr' id='par_1_113' title="bbox 1980 5044 2729 5116">
     <span class='ocr_line' id='line_1_113' title="bbox 1980 5044 2729 5116; baseline -0.004 -17"><span class='ocrx_word' id='word_1_864' title='bbox 1980 5046 2200 5108; x_wconf 86' lang='lat' dir='ltr'><strong>habent,</strong></span> <span class='ocrx_word' id='word_1_865' title='bbox 2215 5048 2327 5116; x_wconf 56' lang='grc' dir='ltr'><strong>Δκαὶ</strong></span> <span class='ocrx_word' id='word_1_866' title='bbox 2350 5044 2729 5116; x_wconf 73' lang='grc' dir='ltr'>εὐλογημένον.</span> 
     </span>
    </p>
   </div>
   <div class='ocr_carea' id='block_1_114' title="bbox 2051 5112 3548 5185">
    <p class='ocr_par' dir='ltr' id='par_1_114' title="bbox 2051 5112 3548 5185">
     <span class='ocr_line' id='line_1_114' title="bbox 2051 5112 3548 5185; baseline 0.001 -17"><span class='ocrx_word' id='word_1_867' title='bbox 2051 5115 2163 5185; x_wconf 70' lang='grc'>(54)</span> <span class='ocrx_word' id='word_1_868' title='bbox 2202 5112 2494 5168; x_wconf 77' lang='lat' dir='ltr'><strong>Laudatus.</strong></span> <span class='ocrx_word' id='word_1_869' title='bbox 2532 5112 2661 5169; x_wconf 74' lang='lat' dir='ltr'><strong>&#39;Hoc</strong></span> <span class='ocrx_word' id='word_1_870' title='bbox 2718 5128 2882 5166; x_wconf 75' lang='lat' dir='ltr'><strong>sensu</strong></span> <span class='ocrx_word' id='word_1_871' title='bbox 2941 5112 3273 5185; x_wconf 33' lang='lat' dir='ltr'><strong>auprofanis</strong></span> <span class='ocrx_word' id='word_1_872' title='bbox 3329 5130 3548 5185; x_wconf 88' lang='lat' dir='ltr'><strong>quoque</strong></span> 
     </span>
    </p>
   </div>
   <div class='ocr_carea' id='block_1_115' title="bbox 1976 5182 3546 5253">
    <p class='ocr_par' dir='ltr' id='par_1_115' title="bbox 1976 5182 3546 5253">
     <span class='ocr_line' id='line_1_115' title="bbox 1976 5182 3546 5253; baseline 0 -14"><span class='ocrx_word' id='word_1_873' title='bbox 1976 5182 2331 5251; x_wconf 77' lang='lat' dir='ltr'><strong>scripLOribus</strong></span> <span class='ocrx_word' id='word_1_874' title='bbox 2363 5185 2625 5253; x_wconf 86' lang='lat' dir='ltr'><strong>accipitur</strong></span> <span class='ocrx_word' id='word_1_875' title='bbox 2666 5185 2889 5239; x_wconf 87' lang='lat' dir='ltr'><strong>verbum</strong></span> <span class='ocrx_word' id='word_1_876' title='bbox 2940 5182 3205 5251; x_wconf 82' lang='grc' dir='ltr'>εὐλογεῖν,</span> <span class='ocrx_word' id='word_1_877' title='bbox 3248 5182 3357 5239; x_wconf 69' lang='grc' dir='ltr'>εοιι</span> <span class='ocrx_word' id='word_1_878' title='bbox 3391 5182 3546 5239; x_wconf 83' lang='lat' dir='ltr'><strong>bene-</strong></span> 
     </span>
    </p>
   </div>
   <div class='ocr_carea' id='block_1_116' title="bbox 1973 5257 3544 5398">
    <p class='ocr_par' dir='ltr' id='par_1_116' title="bbox 1973 5257 3544 5398">
     <span class='ocr_line' id='line_1_116' title="bbox 1973 5257 3544 5398; baseline -0.001 -18"><span class='ocrx_word' id='word_1_879' title='bbox 1973 5257 2164 5398; x_wconf 40' lang='grc' dir='ltr'><strong>φῗέἕ)</strong></span> <span class='ocrx_word' id='word_1_880' title='bbox 2179 5322 2642 5398; x_wconf 61' lang='lat' dir='ltr'><strong>Omnipotentiam.</strong></span> <span class='ocrx_word' id='word_1_881' title='bbox 2661 5322 2784 5387; x_wconf 90' lang='lat' dir='ltr'><strong>Pro,</strong></span> <span class='ocrx_word' id='word_1_882' title='bbox 2805 5324 3269 5398; x_wconf 51' lang='grc' dir='ltr'>παγκρατορικόν,</span> <span class='ocrx_word' id='word_1_883' title='bbox 3285 5323 3544 5398; x_wconf 75' lang='lat' dir='ltr'><strong>Clemens</strong></span> 
     </span>
    </p>
   </div>
   <div class='ocr_carea' id='block_1_117' title="bbox 1974 5393 3545 5464">
    <p class='ocr_par' dir='ltr' id='par_1_117' title="bbox 1974 5393 3545 5464">
     <span class='ocr_line' id='line_1_117' title="bbox 1974 5393 3545 5464; baseline -0.001 -16"><span class='ocrx_word' id='word_1_884' title='bbox 1974 5395 2025 5448; x_wconf 92' lang='lat' dir='ltr'><strong>in</strong></span> <span class='ocrx_word' id='word_1_885' title='bbox 2058 5393 2244 5461; x_wconf 85' lang='lat' dir='ltr'><strong>quinto</strong></span> <span class='ocrx_word' id='word_1_886' title='bbox 2288 5393 2636 5464; x_wconf 86' lang='lat' dir='ltr'><strong>Stromatum,</strong></span> <span class='ocrx_word' id='word_1_887' title='bbox 2686 5410 2749 5448; x_wconf 88' lang='lat' dir='ltr'><strong>ac</strong></span> <span class='ocrx_word' id='word_1_888' title='bbox 2804 5394 3059 5464; x_wconf 82' lang='lat' dir='ltr'><strong>Didymus</strong></span> <span class='ocrx_word' id='word_1_889' title='bbox 3101 5393 3364 5464; x_wconf 69' lang='lat' dir='ltr'><strong>superius</strong></span> <span class='ocrx_word' id='word_1_890' title='bbox 3407 5396 3545 5448; x_wconf 82' lang='lat' dir='ltr'><strong>dixit</strong></span> 
     </span>
    </p>
   </div>
   <div class='ocr_carea' id='block_1_118' title="bbox 1972 5463 2488 5535">
    <p class='ocr_par' dir='ltr' id='par_1_118' title="bbox 1972 5463 2488 5535">
     <span class='ocr_line' id='line_1_118' title="bbox 1972 5463 2488 5535; baseline -0.002 -17"><span class='ocrx_word' id='word_1_891' title='bbox 1972 5463 2488 5535; x_wconf 82' lang='grc' dir='ltr'>παντοκρατορικόν.</span> 
     </span>
    </p>
   </div>
   <div class='ocr_carea' id='block_1_119' title="bbox 2046 5531 3543 5605">
    <p class='ocr_par' dir='ltr' id='par_1_119' title="bbox 2046 5531 3543 5605">
     <span class='ocr_line' id='line_1_119' title="bbox 2046 5531 3543 5605; baseline 0.001 -16"><span class='ocrx_word' id='word_1_892' title='bbox 2046 5536 2157 5605; x_wconf 79' lang='grc'>(56)</span> <span class='ocrx_word' id='word_1_893' title='bbox 2186 5531 2409 5605; x_wconf 71' lang='lat' dir='ltr'><strong>Omnes.</strong></span> <span class='ocrx_word' id='word_1_894' title='bbox 2446 5533 2609 5605; x_wconf 85' lang='lat' dir='ltr'><strong>Psal.</strong></span> <span class='ocrx_word' id='word_1_895' title='bbox 2663 5549 2861 5602; x_wconf 75' lang='lat' dir='ltr'><strong>Lxxxv,</strong></span> <span class='ocrx_word' id='word_1_896' title='bbox 2915 5552 3055 5590; x_wconf 85' lang='lat' dir='ltr'><strong>vers.</strong></span> <span class='ocrx_word' id='word_1_897' title='bbox 3112 5535 3145 5589; x_wconf 90' lang='lat'>8</span> <span class='ocrx_word' id='word_1_898' title='bbox 3189 5545 3242 5590; x_wconf 90' lang='lat' dir='ltr'><strong>et</strong></span> <span class='ocrx_word' id='word_1_899' title='bbox 3284 5531 3337 5587; x_wconf 91' lang='lat'><strong>9.</strong></span> <span class='ocrx_word' id='word_1_900' title='bbox 3373 5534 3543 5590; x_wconf 72' lang='lat' dir='ltr'><strong>Bibli-t</strong></span> 
     </span>
    </p>
   </div>
   <div class='ocr_carea' id='block_1_120' title="bbox 1975 5604 2813 5670">
    <p class='ocr_par' dir='ltr' id='par_1_120' title="bbox 1975 5604 2813 5670">
     <span class='ocr_line' id='line_1_120' title="bbox 1975 5604 2813 5670; baseline -0.002 -9"><span class='ocrx_word' id='word_1_901' title='bbox 1975 5604 2195 5670; x_wconf 86' lang='lat' dir='ltr'><strong>habent,</strong></span> <span class='ocrx_word' id='word_1_902' title='bbox 2225 5604 2377 5666; x_wconf 81' lang='grc' dir='ltr'>Θεός,</span> <span class='ocrx_word' id='word_1_903' title='bbox 2414 5604 2528 5658; x_wconf 89' lang='lat' dir='ltr'><strong>sine</strong></span> <span class='ocrx_word' id='word_1_904' title='bbox 2567 5605 2813 5659; x_wconf 88' lang='lat' dir='ltr'><strong>articulo.</strong></span> 
     </span>
    </p>
   </div>
   <div class='ocr_carea' id='block_1_121' title="bbox 2042 5673 2975 5742">
    <p class='ocr_par' dir='ltr' id='par_1_121' title="bbox 2042 5673 2975 5742">
     <span class='ocr_line' id='line_1_121' title="bbox 2042 5673 2975 5742; baseline 0.001 -15"><span class='ocrx_word' id='word_1_905' title='bbox 2042 5676 2153 5742; x_wconf 83' lang='lat'><strong>(5&#39;7)</strong></span> <span class='ocrx_word' id='word_1_906' title='bbox 2194 5673 2343 5727; x_wconf 67' lang='lat' dir='ltr'><strong>Caeli.</strong></span> <span class='ocrx_word' id='word_1_907' title='bbox 2377 5674 2515 5727; x_wconf 82' lang='lat' dir='ltr'><strong>Psal.</strong></span> <span class='ocrx_word' id='word_1_908' title='bbox 2565 5690 2717 5737; x_wconf 82' lang='lat' dir='ltr'><strong>xvm,</strong></span> <span class='ocrx_word' id='word_1_909' title='bbox 2756 5692 2895 5729; x_wconf 79' lang='lat' dir='ltr'><strong>vers.</strong></span> <span class='ocrx_word' id='word_1_910' title='bbox 2927 5676 2975 5728; x_wconf 81' lang='grc'>1.</span> 
     </span>
    </p>
   </div>
   <div class='ocr_carea' id='block_1_122' title="bbox 2041 5744 3541 5814">
    <p class='ocr_par' dir='ltr' id='par_1_122' title="bbox 2041 5744 3541 5814">
     <span class='ocr_line' id='line_1_122' title="bbox 2041 5744 3541 5814; baseline 0.002 -15"><span class='ocrx_word' id='word_1_911' title='bbox 2041 5746 2152 5814; x_wconf 79' lang='grc'>(58)</span> <span class='ocrx_word' id='word_1_912' title='bbox 2201 5744 2388 5797; x_wconf 85' lang='lat' dir='ltr'><strong>Verbo.</strong></span> <span class='ocrx_word' id='word_1_913' title='bbox 2430 5744 2567 5797; x_wconf 86' lang='lat' dir='ltr'><strong>Psal.</strong></span> <span class='ocrx_word' id='word_1_914' title='bbox 2603 5762 2775 5807; x_wconf 70' lang='grc' dir='ltr'>χχχιι,</span> <span class='ocrx_word' id='word_1_915' title='bbox 2882 5762 3021 5801; x_wconf 81' lang='lat' dir='ltr'><strong>vers.</strong></span> <span class='ocrx_word' id='word_1_916' title='bbox 3056 5746 3106 5799; x_wconf 79' lang='grc'><strong>6.</strong></span> <span class='ocrx_word' id='word_1_917' title='bbox 3132 5744 3264 5798; x_wconf 79' lang='lat' dir='ltr'><strong>Vide</strong></span> <span class='ocrx_word' id='word_1_918' title='bbox 3299 5758 3407 5801; x_wconf 81' lang='lat' dir='ltr'><strong>not.</strong></span> <span class='ocrx_word' id='word_1_919' title='bbox 3449 5748 3541 5804; x_wconf 62' lang='lat'><strong>5:.</strong></span> 
     </span>
    </p>
   </div>
   <div class='ocr_carea' id='block_1_123' title="bbox 1971 5814 3541 5887">
    <p class='ocr_par' dir='ltr' id='par_1_123' title="bbox 1971 5814 3541 5887">
     <span class='ocr_line' id='line_1_123' title="bbox 1971 5814 3541 5887; baseline 0.003 -20"><span class='ocrx_word' id='word_1_920' title='bbox 1971 5832 2091 5887; x_wconf 83' lang='lat' dir='ltr'><strong>pag.</strong></span> <span class='ocrx_word' id='word_1_921' title='bbox 2123 5816 2172 5869; x_wconf 88' lang='grc'>7.</span> <span class='ocrx_word' id='word_1_922' title='bbox 2204 5814 2569 5871; x_wconf 81' lang='lat' dir='ltr'><strong>Tertulliauus</strong></span> <span class='ocrx_word' id='word_1_923' title='bbox 2602 5831 2815 5885; x_wconf 83' lang='lat' dir='ltr'><strong>quoque</strong></span> <span class='ocrx_word' id='word_1_924' title='bbox 2842 5816 2967 5883; x_wconf 74' lang='lat' dir='ltr'><strong>legit</strong></span> <span class='ocrx_word' id='word_1_925' title='bbox 3002 5825 3058 5869; x_wconf 83' lang='lat' dir='ltr'><strong>ut</strong></span> <span class='ocrx_word' id='word_1_926' title='bbox 3096 5818 3387 5884; x_wconf 79' lang='lat' dir='ltr'><strong>Didymus;</strong></span> <span class='ocrx_word' id='word_1_927' title='bbox 3418 5837 3465 5872; x_wconf 62' lang='grc' dir='ltr'><strong>ιιι</strong></span> <span class='ocrx_word' id='word_1_928' title='bbox 3490 5833 3541 5872; x_wconf 77' lang='lat' dir='ltr'><strong>ns</strong></span> 
     </span>
    </p>
   </div>
   <div class='ocr_carea' id='block_1_124' title="bbox 3198 5910 3265 5970">
    <p class='ocr_par' dir='ltr' id='par_1_124' title="bbox 3198 5910 3265 5970">
     <span class='ocr_line' id='line_1_124' title="bbox 3198 5910 3265 5970; baseline 0.045 -3"><span class='ocrx_word' id='word_1_929' title='bbox 3198 5910 3265 5970; x_wconf 70' lang='grc' dir='ltr'><strong>ιιι</strong></span> 
     </span>
    </p>
   </div>
  </div>
