4104 6408
551 385 658 441 127

1828 384 1895 440 Dl
1905 380 2068 438 DYMI
2107 381 2571 439 ALEXANDRINI

3693 387 3800 443 628

559 504 768 558 Domini
801 501 917 557 coeli
941 502 1141 572 ﬁrmati
1169 512 1311 568 sunt,
1349 513 1396 557 et
1425 501 1631 572 Spiritu
1661 504 1768 558 oris
1805 504 1920 575 ejus
1954 521 2121 559 omne:

2231 502 2455 573 ἀψύχων
2501 473 3023 574 αἰσχύνονταιὶπερὶ
3058 502 3155 573 τῆς
3187 500 3343 574 δόξης
3399 500 3493 555 τοῦ
3539 500 3673 556 Υἱοῦ
3709 505 3804 558 καὶ

556 596 769 647 virtutes
805 608 1006 647 eorum.
1043 595 1224 662 Itaque
1272 593 1362 648 isti
1413 609 1481 648 ne
1533 594 1660 648 illud
1703 595 1920 664 quidem
1981 597 2129 650 testi-

555 687 797 740 monium
827 685 1177 750 erubescunt,
1211 687 1353 756 quod
1389 687 1453 740 de
1498 685 1640 751 Filii,
1675 697 1728 741 et
1752 686 1984 756 Spiritus
2011 702 2131 740 san-

553 779 624 832 cti
674 777 843 848 gloria
885 791 971 832 res
1015 776 1326 831 inanimataa
1355 776 1468 848 (59)
1493 777 1748 843 reddunt;
1779 786 1832 831 et
1868 777 1921 830 in
1948 792 2082 830 xxm
2111 794 2125 831 :

554 871 788 924 Atto/lite
821 868 930 941 (60)
971 881 1169 936 portas,
1203 869 1477 938 principes,
1513 879 1732 934 vestras,
1753 879 1798 923 et
1832 869 2126 933 elevamini,

554 975 716 1030 porta:
755 971 986 1025 internae,
1036 969 1087 1014 et
1136 961 1374 1015 introibit
1411 959 1523 1014 Rea:
1559 960 1764 1030 gloriae.
1820 959 2025 1028 Quibus
2075 962 2128 1015 in

554 1053 731 1108 verbis
765 1063 992 1107 terrena:
1024 1053 1238 1122 quidem
1268 1060 1534 1107 creatura:
1564 1052 1829 1122 przecipit,
1876 1061 1935 1106 ut
1969 1052 2130 1106 attol-

554 1145 633 1198 lat
679 1155 861 1214 portas
888 1145 940 1198 in
969 1144 1088 1212 ejus
1127 1143 1546 1211 lncarnatione;
1593 1143 1797 1199 caelesti
1845 1153 2044 1210 autem,
2076 1145 2126 1196 in

554 1235 670 1306 ejus
701 1235 1083 1304 Assumptione
1134 1234 1270 1302 (61).
1326 1234 1392 1289 Et
1437 1235 1489 1288 in
1539 1249 1661 1289 cxvn
1691 1249 1706 1288 :
1741 1235 1980 1288 Laudate
2015 1232 2126 1306 (62)

557 1328 864 1392 Dominum,
898 1343 1074 1381 omnes
1107 1335 1310 1397 gentes,
1341 1335 1389 1380 et
1429 1325 1643 1379 laudent
1670 1341 1786 1380 eum
1817 1341 1992 1379 omnes
2036 1342 2130 1392 po-

554 1419 688 1486 puli.
738 1417 907 1474 Isaias
951 1433 1117 1474 vero:
1155 1416 1342 1487 Regem
1381 1417 1495 1487 (65)
1535 1435 1653 1470 cum
1675 1418 1843 1486 gloria
1873 1417 2125 1471 videbitis.

555 1510 804 1565 Ezechiel
835 1518 1012 1565 autem
1047 1525 1060 1561 :
1096 1509 1377 1563 Benedicta
1433 1509 1545 1581 (66)
1577 1509 1748 1578 gloria
1801 1508 2015 1562 Domini
2064 1524 2130 1562 ea:

555 1603 666 1657 loco
703 1620 817 1657 suo.
851 1602 917 1656 Et
949 1621 963 1657 :
1002 1601 1133 1656 llaec
1162 1602 1275 1674 (65)
1310 1603 1444 1655 visio
1475 1601 1770 1654 similitudo
1798 1599 1984 1671 gloria:
2019 1599 2129 1653 Do-

553 1696 703 1748 mini.
740 1695 942 1751 Deinde
970 1695 1169 1750 Paulus
1197 1713 1211 1749 :
1242 1694 1356 1766 98
1387 1694 1626 1748 Dicentes
1673 1692 1781 1765 (66)
1811 1709 1864 1748 se
1905 1709 2014 1747 esse
2041 1709 2128 1746 sa-

552 1788 770 1855 pientes,
801 1787 948 1841 stulti
979 1787 1107 1851 facti
1158 1797 1296 1847 sunt.
1324 1797 1373 1840 et
1404 1794 1732 1839 mutaverunt
1777 1785 2000 1854 gloriam
2049 1785 2127 1836 in-

2231 596 2324 649 τοῦ
2353 596 2507 664 ἁγίου
2532 595 2846 667 Πνεύματος
2875 594 3201 666 μαρτυρίαν.
3231 596 3342 648 Καὶ
3366 596 3424 648 ὲν
3450 593 3535 664 κγ’
3544 614 3559 627 ⁸
3597 597 3806 663 Ἄρατε

2231 687 2460 752 πύλας,
2490 690 2544 740 οὶ
2583 686 2868 756 ἄρχοντες
2887 728 2902 752 ,
2936 685 3122 756 ὑμῶν,
3148 686 3247 740 καὶ
3278 686 3592 755 ἐπὰρθητε,
3618 689 3805 742 πύλαι

2231 777 2474 844 αὶώνιοι,
2508 779 2607 832 καὶ
2627 781 3033 833 είσελεύσεται
3060 781 3092 833 ό
3116 778 3417 846 βασιλεὺς
3453 778 3565 848 τῆς
3596 779 3802 850 δόξης.

2230 870 2670 940 Παρακελεύεται
2699 873 2764 942 τῇ
2799 871 2899 942 μὲν
2926 871 3075 924 κάτω
3105 871 3302 935 κτίσει,
3338 867 3469 944 ἆραι
3500 871 3600 935 τὰς
3631 869 3806 936 πύλας

2230 963 2288 1015 ἐν
2312 965 2376 1035 τῇ
2408 961 2817 1034 ὲνανθρωπήσει
2854 961 3020 1015 αὑτοῦ
3045 977 3059 991 ⁸
3096 963 3162 1032 τῇ
3189 961 3245 1014 δὲ
3293 961 3438 1025 ἄνω,
3473 963 3530 1014 ἐν
3575 965 3643 1033 τῇ
3672 963 3806 1016 ἀνα-

2230 1052 2406 1124 λήψει.
2437 1051 2541 1104 Καὶ
2571 1053 2628 1104 ὲν
2657 1058 2764 1122 ρις¹
2786 1066 2802 1082 ·
2831 1051 3058 1105 Αἰνεῖτε
3090 1041 3198 1106 τὸν
3228 1052 3466 1119 Κύριον,
3499 1050 3695 1105 πάντα
3733 1053 3808 1107 τὰ

2229 1143 2399 1213 ἔθνη,
2432 1143 2529 1198 καὶ
2555 1142 3051 1197 ἐπαινεσάτωσαν
3082 1143 3270 1198 αὐτὸν
3301 1142 3524 1210 πάντες
3548 1147 3604 1198 οί
3643 1146 3804 1199 λαοί.

2240 1237 2465 1300 Ἡσαΐας
2488 1235 2544 1288 δέ
2563 1252 2576 1266 '
2604 1233 2869 1290 Βασιλέα
2894 1234 3044 1304 μετὰ
3068 1235 3250 1302 δόξης
3270 1234 3515 1304 ὄψεσθε.
3558 1236 3805 1307 Ἐζεκιὴλ

2227 1329 2321 1382 δέ’
2351 1326 2742 1398 Εὐλογημένη
2788 1328 2827 1396 ἡ
2873 1327 3023 1392 δόξα
3062 1329 3284 1396 Κυρίου
3336 1328 3405 1380 ἐκ
3458 1326 3564 1381 τοῦ
3618 1330 3803 1383 τόπου

2227 1418 2443 1473 αὐτοῦ’
2477 1419 2591 1483 καὶ,
2620 1419 2783 1488 Αὕτη
2815 1419 2853 1486 ἠ
2893 1418 3125 1486 ὅρασις,
3173 1418 3435 1488 ὁμοίωμα
3475 1417 3661 1486 δόξης
3685 1422 3802 1473 Ku-

2220 1513 2379 1581 ρίου.
2418 1508 2550 1565 Εἶτα
2576 1510 2786 1574 Παῦλος
2812 1528 2826 1542 ο
2859 1509 3205 1576 Φὰσκοντες
3243 1507 3397 1565 εἶναι
3429 1510 3632 1579 σοφοὶ,
3660 1511 3805 1580 ἐμω-

2225 1601 2551 1671 ράνθησαν
2573 1618 2586 1632 °
2621 1601 2722 1654 καὶ
2752 1599 3032 1668 ἤλλαξαν
3070 1599 3185 1667 τὴν
3217 1598 3406 1665 δόξαν
3435 1600 3542 1654 τοῦ
3580 1600 3803 1668 ἀφθάρ-

2225 1709 2333 1746 του
2371 1692 2539 1756 Θεοῦ,
2574 1692 2643 1745 ἐν
2681 1691 2995 1761 ὁμοιώματι
3023 1691 3254 1756 εἰκόνος
3293 1691 3554 1760 φθαρτοῦ
3582 1691 3802 1759 ἀνθρώ-

2227 1800 2378 1837 πουο
2408 1785 2503 1838 καὶ
2531 1783 2692 1837 πάλιν
2726 1782 3014 1855 Ῥωμαίοις
3035 1799 3047 1814 ο
3083 1781 3181 1836 Διὸ
3212 1781 3556 1850 παρέδωκεν
3581 1783 3805 1848 αὐτοὺς

553 1878 911 1945 corruptibilis
944 1877 1062 1943 Dei,
1105 1879 1158 1931 in
1212 1878 1611 1931 similitudinem
1648 1877 1892 1948 imaginis
1942 1891 2121 1930 corru-

2225 1874 2294 1926 ἐν
2359 1873 2488 1939 ταῖς
2537 1843 2875 1943 ἐπιθυμίαι-ς
2939 1843 3060 1927 των
3115 1843 3373 1943 καρδιων
3435 1872 3656 1932 αὐτῶν.
3714 1843 3804 1940 εἰς

551 1971 748 2037 ptibilis
783 1970 1048 2036 hominis;
1085 1980 1138 2024 et
1175 1986 1362 2024 rursus
1408 1970 1475 2025 ad
1527 1969 1797 2025 Romanos
1844 1984 1857 2020 :
1902 1967 2126 2037 Propter

550 2063 690 2132 quod
721 2061 832 2129 (67)
867 2060 1084 2114 tradidit
1120 2061 1236 2113 illos
1269 2063 1320 2115 in
1350 2061 1614 2116 desideria
1652 2060 1889 2114 cordium
1917 2077 2120 2127 eorum,

551 2152 607 2203 in
638 2152 1048 2218 immunditiam,
1080 2163 1136 2206 ut
1182 2154 1467 2224 ignominia
1499 2153 1730 2224 aﬂiciant
1764 2168 1984 2220 corpora
2027 2169 2124 2206 sua

553 2248 608 2297 in
646 2245 934 2314 semetipsis
963 2261 982 2300 :
1022 2246 1112 2314 qui
1153 2255 1601 2301 Commutaverunt
1635 2245 1856 2316 gloriam
1888 2244 1998 2316 (68)
2029 2244 2122 2298 Dei

553 2337 608 2387 in
636 2335 988 2403 mendacium,
1025 2346 1074 2392 et
1113 2338 1407 2403 coluerunt,
1449 2347 1497 2392 et
1543 2338 1827 2391 servierunt
1870 2347 2124 2391 creatura:

552 2427 726 2492 potius
758 2443 915 2494 quam
947 2425 1206 2491 Creatori,
1244 2429 1334 2496 qui
1362 2438 1436 2482 est
1479 2427 1778 2483 benedictus
1815 2429 1869 2482 in
1906 2428 2121 2483 swcula.

551 2519 738 2572 Amen.
777 2516 1036 2584 Quisnam
1069 2533 1196 2573 vero
1221 2527 1304 2573 est
1339 2533 1519 2573 rerum
1554 2520 1790 2581 omnium
1842 2518 2119 2584 Conditor,
2154 2576 2161 2592 ν,

551 2624 713 2680 quem
760 2610 836 2664 ait
864 2623 984 2665 esse
1016 2610 1356 2666 benedictum
1390 2611 1442 2665 in
1472 2611 1687 2676 saecula,
1718 2611 1821 2665 nisi
1860 2610 2120 2679 Unigeni—

540 2701 674 2756 tus?
739 2700 970 2768 Quinam
1028 2714 1208 2756 autem
1272 2702 1329 2767 ii,
1366 2703 1454 2772 qui
1502 2712 1846 2759 mutaverunt
1895 2702 2118 2774 gloriam

541 2793 714 2863 'ejns?
752 2792 853 2860 Qui
886 2794 1093 2858 dicunt,
1125 2791 1311 2849 Gloria
1340 2794 1493 2849 Patri
1535 2813 1626 2866 per
1659 2793 1858 2849 Filium
1899 2797 1954 2849 in
1991 2812 2120 2849 san-

537 2895 631 2938 !cto
691 2883 917 2954 Spiritu,
945 2884 1146 2953 quique
1184 2884 1381 2944 Filium
1429 2886 1720 2956 opinantur
1756 2899 1876 2940 esse
1909 2893 2121 2939 creatu-

543 2992 689 3041 ‘ram,
719 2992 784 3030 ac
829 2991 896 3030 ne
947 2991 1123 3046 regem
1161 2976 1376 3045 quidem
1417 2988 1677 3032 aeternum
1711 2978 1994 3033 exsistere.
2039 2977 2119 3032 Ad

551 3067 771 3123 eosdem
804 3075 1063 3136 praeterea
1100 3068 1342 3122 scribens
1365 3067 1438 3121 ait
1467 3085 1481 3122 :
1507 3066 1592 3120 Ita
1621 3076 1677 3122 ut
1707 3067 1818 3140 (69)
1848 3069 1950 3122 sint
1979 3068 2120 3120 inea:-

2225 1965 2617 2034 ἀκαθαρσίαν,
2636 1964 2742 2019 τοῦ
2761 1963 3136 2034 ἀτιμάζεσθαι
3162 1964 3234 2018 τὰ
3254 1963 3497 2034 σώματα
3515 1965 3713 2020 αὐτῶν
3732 1967 3803 2019 ἐν

2225 2056 2475 2123 ἑαυτοῖς·
2508 2057 2728 2120 οἵτινες
2741 2055 3140 2126 μετήλλαξαν
3157 2055 3278 2124 τὴν
3301 2055 3488 2120 δόξαν
3514 2056 3623 2111 τοῦ
3654 2057 3801 2110 Θεοῦ

2223 2149 2293 2202 ἐν
2325 2149 2406 2216 τῷ
2438 2148 2668 2218 ψεύδει·
2697 2150 2794 2203 καὶ
2818 2147 3261 2217 ἐσεϐάσθησαν,
3297 2138 3397 2202 καὶ
3422 2148 3804 2218 ἐλάτρευσαν

2224 2239 2298 2308 τῇ
2323 2241 2514 2293 κτίσει
2545 2241 2705 2308 παρὰ
2734 2239 2842 2294 τὸν
2883 2240 3173 2293 κτίσαντα
3191 2280 3205 2305 ,
3243 2238 3309 2306 ὅς
3339 2239 3509 2294 ἐστιν
3551 2242 3802 2309 εὐλογη-

2218 2331 2402 2400 μένος
2429 2334 2516 2398 εῑς
2547 2331 2688 2397 τοὺς
2731 2329 2972 2397 αἰῶνας.
3035 2330 3234 2400 Ἀμήν.
3282 2331 3381 2396 Τίς
3409 2332 3466 2385 δὲ
3511 2334 3540 2385 6
3582 2333 3805 2387 πάντων

2223 2421 2576 2494 δημιουργὸς,
2621 2421 2682 2476 ὃν
2710 2416 2849 2475 εἶναι
2894 2421 3042 2491 λέγει
3085 2422 3374 2494 εὐλογητδν
3398 2425 3478 2488 εἰς
3509 2426 3632 2488 τοὺς
3666 2423 3804 2478 αἰῶ-

2225 2534 2359 2580 νας,
2391 2519 2439 2569 εἰ
2477 2516 2551 2588 μὴ
2598 2517 2626 2570 6
2675 2517 3022 2586 Μονογενής;
3076 2515 3219 2580 τίνες
3264 2516 3319 2570 δὲ
3365 2517 3414 2569 οἱ
3473 2515 3806 2582 ἀλλάξαντες

2222 2609 2320 2681 τὴν
2375 2607 2528 2672 δόξαν
2579 2607 2784 2673 ain-oi};
2837 2610 2899 2660 Οἱ
2942 2607 3230 2677 λέγοντες’
3279 2609 3436 2674 Δόξα
3484 2611 3665 2679 Πατρὶ
3721 2609 3804 2664 δι’

2220 2701 2357 2755 Υίοῦ
2405 2701 2476 2754 ἐν
2528 2701 2674 2770 ἁγίῳ
2725 2701 3024 2770 Πνεύματι
3047 2716 3062 2731 ο
3111 2702 3160 2754 οε
3206 2702 3302 2756 καὶ
3368 2702 3573 2773 κτίσμα
3634 2703 3803 2756 αὑτὸν

2221 2789 2388 2857 εἶναι,
2437 2791 2532 2846 καὶ
2578 2791 2695 2844 οὐδὲ
2751 2791 2968 2851 βασιλέα
3023 2790 3238 2845 αἰώνιον
3277 2791 3606 2856 δοξάζοντες.
3663 2789 3806 2846 Εἶτα

2220 2888 2331 2950 τοῖς
2355 2886 2535 2950 αὐτοῖς
2577 2901 2771 2956 φησιν·
2797 2887 2898 2950 Είς
2940 2883 3006 2938 τὸ
3044 2881 3195 2938 εἶναι
3234 2885 3454 2950 αὐτοὺς
3491 2885 3804 2939 ἀναπολο-

2220 2977 2472 3048 γήτους·
2540 2967 2690 3031 διότι
2765 2957 3044 3046 γνόντες.
3075 2975 3224 3030 Θεὸν
3249 3016 3264 3038 ,
3339 2978 3451 3044 οὐχ
3504 2977 3586 3044 ὠς
3646 2977 3806 3030 Θεὸν

2219 3071 2541 3136 ἐδόξασαν,
2596 3070 2635 3138 ἢ
2686 3069 3184 3138 ηνύχαρίστησανο
3241 3069 3380 3123 ἀλλ’
3437 3067 3803 3138 ἐματαιώθη-

544 3159 806 3214 cusabiles
855 3173 876 3213 .'
908 3159 1037 3227 quia
1069 3175 1186 3212 cum
1212 3161 1565 3228 cognovissent
1611 3158 1796 3225 Deum,
1846 3176 1949 3214 non
1983 3160 2116 3213 sicut

2222 3178 2340 3217 σαν
2377 3163 2447 3216 ἐν
2479 3161 2605 3228 τοῖς
2643 3160 3056 3230 διαλογισμοῖς
3078 3157 3295 3226 αὐτῶν,
3344 3163 3441 3215 καὶ
3465 3161 3803 3232 ἐσκοτίσθη

550 3246 719 3304 Deum
751 3249 1192 3320 gloriﬁcaverunt,
1227 3261 1316 3303 aut
1345 3255 1545 3320 gratias
1574 3260 1820 3321 egerunt;
1871 3253 1963 3306 sed
2003 3270 2119 3308 eva-

554 3353 778 3397 nuerunt
811 3343 866 3396 in
897 3344 1300 3412 cogitationibus
1334 3346 1466 3412 suis,
1497 3354 1544 3397 et
1571 3345 1905 3398 obscuratum
1931 3356 2009 3400 est
2042 3345 2121 3400 in-

550 3435 746 3502 sipiens
777 3451 866 3490 cor
915 3451 1116 3490 eorum.
1176 3435 1487 3504 Qualisnam
1525 3452 1656 3493 vero
1683 3446 1767 3493 est
1814 3437 1957 3494 Deus
2008 3439 2116 3506 ille,

552 3527 644 3596 qui
687 3527 758 3582 ab
799 3529 1089 3588 hmreticis.
1141 3539 1195 3583 et
1236 3527 1459 3596 Iudaeis,
1507 3537 1562 3584 et
1618 3529 1820 3586 Graecis
1875 3531 2119 3600 cognitus

551 3626 656 3680 est.
690 3618 783 3673 sed
813 3632 916 3672 non
955 3619 1188 3688 agnitus,
1219 3620 1320 3673 nisi
1355 3619 1460 3685 ille,
1492 3620 1582 3690 qui
1619 3620 1670 3673 in
1701 3634 1864 3675 carne
1894 3620 2119 3676 manife-

545 3720 719 3763 status
749 3719 850 3771 est,
880 3710 1021 3764 Deus
1047 3708 1318 3764 Verbum?
1351 3711 1432 3766 Ad
1455 3709 1764 3766 Corinthios
1797 3725 1928 3768 vero
1954 3713 2116 3767 etiam

537 3802 774 3869 primam
803 3800 1049 3854 scribens
1081 3799 1374 3868 Epistolam
1401 3799 1688 3855 Dominum
1714 3801 1898 3871 gloriae
1921 3811 2113 3857 natura

541 3891 721 3962 ipsum
763 3907 886 3948 esse
928 3893 1187 3959 ostendit,
1240 3909 1361 3948 cum
1403 3893 1477 3947 ait
1511 3912 1524 3949 :
1572 3893 1634 3950 Si
1686 3896 1824 3947 enim
1875 3893 1987 3965 (70)
2027 3911 2118 3947 co-

539 3987 862 4054 gnovissent,
915 3983 1200 4038 Dominum
1240 3985 1423 4054 gloria:
1462 4001 1564 4039 non
1605 3986 2007 4055 cruciﬁxissent.
2052 3985 2118 4038 Et

546 4076 672 4130 alibi
705 4093 720 4130 :
755 4073 825 4128 Ut
855 4075 913 4128 in
941 4075 1055 4146 (71)
1094 4077 1303 4129 nomine
1341 4074 1470 4129 Iesu
1525 4075 1724 4129 Christi
1783 4092 1932 4130 omne
1982 4092 2115 4145 genu

543 4167 827 4237 ﬂectatur:
857 4176 906 4220 et
949 4167 1117 4220 omnis
1141 4167 1321 4235 lingua
1367 4168 1718 4234 conﬁtebitur,
1757 4169 1896 4237 quod
1945 4167 2118 4221 Domi-

547 4274 642 4310 nus
669 4257 822 4311 Jesus
853 4255 1094 4311 Christus
1126 4257 1180 4310 in
1233 4257 1404 4327 gloria
1445 4257 1541 4310 Dei
1573 4255 1774 4322 Patris,
1816 4261 1867 4313 id
1894 4265 2018 4321 est,
2061 4261 2114 4313 in

545 4351 658 4418 ipsa
682 4356 904 4418 paterna
924 4347 1096 4418 gloria
1116 4345 1564 4402 exsistit.Scribit
1582 4348 1804 4418 insuper
1825 4368 1838 4402 :
1857 4345 2114 4420 Eum(72)

542 4440 702 4503 enim,
723 4440 812 4508 qui
831 4440 1121 4494 minoratus
1141 4449 1235 4504 est,
1254 4439 1485 4493 videmus
1517 4438 1554 4494 Ι
1559 4456 1722 4506 esum,
1749 4450 1958 4510 propter
1994 4459 2116 4510 pas-

2223 3258 2260 3324 η
2292 3256 2585 3320 ἀσύνετος
2613 3251 2811 3307 αὐτῶν
2837 3252 3069 3321 καρδία.
3098 3253 3256 3316 Ποῖος
3285 3251 3340 3305 δὲ
3363 3253 3391 3304 6
3439 3251 3532 3324 [42
3561 3251 3614 3324 b]
3654 3269 3812 3321 γνω-

2222 3347 2368 3410 σθεὶς
2406 3345 2538 3408 Θεὸς
2562 3386 2574 3409 ,
2604 3345 2698 3399 καὶ
2741 3343 2814 3415 μὴ
2853 3342 3232 3412 ἐπιγνωσθεὶς,
3274 3343 3426 3414 παρὰ
3460 3344 3801 3414 αἱρετικῶν,

2219 3439 2312 3490 καὶ
2346 3435 2634 3503 Ἰουδαίων,
2660 3435 2754 3489 κα)⁸
2787 3431 3074 3506 Ἑλλήνων,
3099 3436 3150 3488 ει
3175 3434 3250 3505 μὴ
3269 3434 3298 3486 6
3321 3435 3603 3502 ἐπιφανεὶς
3627 3437 3805 3508 σαρκὶ

2218 3529 2350 3592 Θεὸς
2397 3527 2603 3596 Λόγος;
2651 3527 2762 3580 Καῖ
2814 3524 3124 3598 Κορινθίοις
3173 3525 3228 3578 δὲ
3283 3525 3344 3579 ὲν
3391 3526 3501 3589 τοῖς
3553 3525 3806 3595 πρώτοις

2217 3621 2508 3693 γράμμασι
2533 3659 2548 3684 ,
2583 3617 2976 3692 Κύριοννδόξης
3015 3615 3155 3671 κατά
3203 3615 3364 3686 φύσιν
3405 3611 3544 3669 εἶναι
3576 3615 3806 3682 δεικνὺς

2219 3711 2401 3775 αὑτὸν,
2434 3708 2734 3764 ἐπιστέλλει
2776 3706 2984 3770 οὕτως’
3035 3709 3104 3760 El
3136 3705 3246 3776 γὰρ
3278 3705 3529 3774 ᾔδεσαν,
3563 3708 3673 3760 οὐκ
3716 3705 3806 3759 ἂν·

2218 3804 2324 3857 τὸν
2349 3803 2566 3871 Κύριον
2595 3799 2703 3870 τῆς
2729 3799 2916 3868 δόξης
2939 3799 3332 3868 ἐσταύρωσαν
3352 3815 3367 3828 °
3404 3798 3498 3851 καὶ
3527 3798 3757 3870 ἑτέρωθι
3781 3817 3800 3828 ο

2221 3896 2345 3950 Ἵνα
2371 3895 2441 3948 ἐν
2491 3892 2572 3958 τῷ
2617 3893 2859 3961 ὀνόματι
2922 3889 3116 3957 Ἰησοῦ
3153 3889 3410 3958 Χριστοῦ
3465 3888 3590 3944 πᾶν
3637 3890 3804 3958 γόνυ

2217 3986 2448 4056 κάμψῃ,
2483 3984 2583 4038 καὶ
2614 3983 2782 4038 πᾶσα
2826 3982 3080 4052 γλῶσσα
3123 3981 3648 4052 ἐξομολογήσεται,
3699 3983 3802 4036 ὅτι

2217 4078 2432 4145 Κύριος
2471 4075 2710 4143 Ἰησοῦς
2735 4072 3008 4141 Χριστὸς,
3031 4076 3118 4140 είς
3146 4072 3334 4137 δόξαν
3365 4072 3512 4128 Θεοῦ
3536 4075 3807 4142 Πατρός’

2217 4167 2341 4221 ἀντὶ
2403 4165 2521 4229 τοῦ,
2568 4164 2656 4218 Ἐν
2684 4165 2819 4236 αὐτῇ
2856 4167 2922 4236 τῇ
2952 4167 3189 4235 πατρικῇ
3233 4163 3358 4237 δόξῃ
3392 4164 3652 4236 ὑπάρχει.
3682 4167 3807 4220 Καὶ

2218 4259 2317 4312 ἐτι·
2376 4258 2483 4312 Τὸν
2532 4256 2640 4327 γὰρ
2689 4257 3112 4325 ἠλαττωμένον
3142 4256 3454 4326 ,βλέπομεν
3523 4257 3804 4325 Ἰησοῦν,

2221 4349 2320 4404 διὰ
2344 4350 2408 4403 τὸ
2442 4347 2684 4418 πάθημα
2711 4348 2818 4402 τοῦ
2847 4347 3107 4403 θανάτου
3136 4347 3283 4417 δόξῃ
3316 4348 3414 4402 καὶ
3455 4347 3595 4418 τιμῇ
3619 4348 3809 4403 ἐστε-

2218 4439 2586 4510 φανωμένον.
2635 4438 3096 4511 ’Υστεροπρὼτως
3144 4440 3378 4511 εἴρηται.
3427 4440 3596 4510 Φησὶν
3643 4440 3759 4509 γάρ
3784 4459 3806 4473 ·

541 4531 741 4586 sionem
791 4534 996 4598 mortis,
1039 4532 1212 4602 gloria
1271 4543 1318 4586 et
1339 4533 1534 4586 honore
1589 4543 1915 4590 coronatum.
1965 4534 2117 4599 Quod

2222 4533 2324 4586 Τὸν
2375 4530 2633 4585 δοκοῦντά
2681 4547 2827 4584 τισιν
2880 4530 2969 4584 διὰ
3017 4530 3076 4584 τὸ
3127 4529 3362 4602 πάθημα
3406 4529 3502 4584 τοῦ
3555 4531 3811 4587 θανάτου

541 4685 596 4740 in
633 4686 770 4740 libro
803 4688 1050 4741 adversus
1097 4683 1384 4752 Praxeam,
1425 4701 1543 4753 cap.
1572 4687 1627 4750 7,
1659 4686 1732 4738 ita
1771 4685 1914 4740 hunc
1940 4687 2116 4742 versi-

542 4756 720 4809 culum
761 4756 913 4811 aﬂ‘ert
940 4775 954 4811 :
986 4759 1235 4811 Sermone
1269 4756 1382 4824 ejus
1417 4757 1534 4810 caeli
1567 4756 1868 4823 confirmati
1893 4768 2038 4816 sunt.
2071 4767 2117 4810 et

541 4824 745 4894 Spiritu
776 4828 892 4896 ejus
942 4842 1119 4879 omnes
1165 4827 1295 4879 vires
1344 4842 1543 4879 eorum.
1587 4826 1664 4896 Et
1691 4840 1811 4892 cap.
1853 4827 1920 4880 19
1952 4844 1966 4880 :
1996 4825 2120 4881 Ser-

540 4911 693 4948 mone
735 4895 846 4963 ejus
885 4896 998 4950 cteli
1045 4896 1256 4965 formati
1307 4906 1446 4958 sunt,
1497 4905 1546 4965 et
1596 4895 1800 4965 Spiritu
1849 4897 1957 4951 oris
2003 4897 2117 4965 ejus

541 4981 719 5036 omnes
737 4965 960 5036 virtutes
989 4964 1200 5036 eorum:
1222 4965 1297 5036 lta
1332 4964 1864 5036 legitiTheodoretus
1893 4964 2114 5036 quoque

543 5049 664 5104 pag.
696 5035 800 5089 578
828 5046 1032 5090 catena;
1075 5036 1130 5088 in
1162 5032 1424 5090 Psalmos.
1461 5035 1564 5090 Sed
1599 5035 1689 5090 alii
1716 5032 2118 5094 Patres—ferme

541 5119 730 5161 omnes
756 5106 961 5175 legunt,
994 5107 1161 5159 omnis
1189 5107 1353 5159 virtus
1383 5121 1586 5159 eorum.

611 5195 725 5270 (59)
764 5195 865 5270 Res
897 5197 1223 5270 inanimum.
1251 5195 1458 5270 _C_onfer
1488 5197 1605 5253 inec
1641 5210 1762 5252 cum
1793 5212 2022 5270 segmm.
2047 5199 2110 5255 51

541 5284 594 5335 α,
625 5266 777 5334 59a,
809 5267 874 5322 78
911 5267 961 5332 b,
994 5266 1060 5320 79
1098 5283 1129 5319 a
1161 5276 1216 5320 et
1244 5267 1310 5320 87
1343 5285 1397 5321 a.

2291 4682 2923 4758 (65)_ch._E_z_ech._n,
2955 4683 3005 4738 1.
3049 4682 3215 4758 Biblia
3242 4684 3476 4758 habent,
3508 4686 3815 4758 ὁμοιώμα-

2220 4772 2331 4818 τος,
2381 4755 2430 4808 id
2457 4766 2550 4825 est
2575 4753 2955 4825 similitudinis,
2985 4769 3102 4825 pro,
3127 4753 3397 4825 ὁμοίωμα.

2315 4825 2403 4888 66)
2446 4823 2705 4878 Dicentes.
2743 4822 2898 4876 Rom.
2931 4839 2968 4885 ι,
2997 4823 3088 4888 22,
3114 4822 3206 4876 23.

2315 4826 2382 4878 66
2446 4826 2705 4878 Dicentes.
2743 4826 2898 4876 Rom.
2931 4839 2968 4885 ι,
2997 4826 3088 4888 22,
3114 4826 3206 4876 23.

2445 4892 2669 4966 PrOpter
2691 4896 2851 4966 quod.
2887 4893 3043 4948 Rom.
3076 4909 3116 4960 ι,
3147 4893 3219 4947 24
3248 4902 3303 4947 et
3333 4893 3422 4949 25.
3451 4893 3620 4951 Biblia
3644 4909 3812 4966 post,

2222 4962 2440 5030 αὐτούς,
2469 4962 2688 5025 addunt,
2713 4962 2863 5025 Θεός.

2295 5035 2408 5104 (68)
2451 5032 2706 5104 Gloriam.
2729 5032 2910 5104 (Editio
2955 5031 3167 5104 Grazca,
3205 5033 3290 5086 cui
3325 5035 3590 5088 consentit
3618 5044 3814 5088 trane-

2219 5101 2348 5159 latio
2378 5103 2628 5171 Vulgata,
2656 5101 2836 5167 habet,
2859 5103 2957 5172 τὴν
2985 5102 3263 5172 ἀλήθειαν,
3298 5105 3346 5157 id
3375 5113 3457 5158 est
3490 5111 3812 5164 veritatem.

2218 5174 2285 5229 Et
2328 5173 2487 5244 paulo
2513 5182 2651 5240 post,
2670 5171 2987 5244 ⁸εὐλογητόςς,
3022 5171 3138 5244 pro,
3165 5172 3544 5244 εὐλογημένος.

2292 5244 2402 5314 (69)
2443 5241 2824 5314 litaAut._l{om.
2859 5241 2897 5304 ι,
2921 5241 3012 5314 20,
3065 5243 3154 5296 2|.
3214 5241 3378 5297 Edita
3401 5243 3570 5298 Biblia
3596 5262 3610 5298 :
3633 5245 3815 5312 γνόν-

2218 5331 2308 5378 τες
2331 5310 2423 5367 τον
2447 5311 2599 5382 Θεόν.
2629 5310 2714 5377 Ει,
2741 5312 3158 5382 εὐχαρίστησαν.

2289 5384 2398 5454 (70)
2439 5381 2499 5455 Si
2554 5383 2710 5438 enim.
2762 5382 2784 5434 l
2833 5381 2958 5436 Ger.
3002 5398 3061 5448 ιι,
3111 5381 3164 5436 8.
3214 5381 3383 5438 Biblia
3430 5398 3526 5454 pro
3564 5382 3814 5455 ᾔδεσαν,

2218 5452 2441 5516 habent,
2474 5452 2736 5520 ἔγνωσαν.

2287 5522 2396 5593 (71)
2430 5523 2495 5576 Ut
2523 5522 2598 5575 in.
2636 5522 2863 5592 Philipp.
2897 5538 2957 5593 ιι,
2989 5522 3055 5578 10
3079 5531 3132 5578 et
3162 5523 3248 5578 ll.
3283 5522 3545 5578 Nonnulla
3573 5524 3812 5586 omittit.

2216 5592 2474 5667 Didymus
2506 5593 2857 5667 intermedia.
2910 5592 3077 5667 Biblia
3142 5610 3246 5648 non
3274 5665 3281 5667 Α
3305 5595 3502 5649 habent
3541 5609 3758 5667 uocem
3794 5643 3821 5667 ,

2214 5663 2569 5737 Xptozoﬁ._Et
2613 5677 2727 5737 pro,
2769 5663 3240 5737 ἐξομολογήσεται,
3272 5665 3492 5732 habent,
3535 5665 3794 5736 ὲξομολο

2214 5731 2744 5857 γῆσῖέταὶίιεοιὶιις(
2863 5731 2873 5734 ‘
3006 5731 3013 5733 ν
3049 5731 3061 5737 -
3226 5731 3232 5732 κ
3431 5803 3443 5816 .
3539 5805 3551 5816 .

2285 5805 2337 5857 l7
2382 5805 2396 5857 l
2491 5819 2598 5856 um.
2622 5801 2784 5857 Hebr.
2814 5819 2873 5857 ιι.
2900 5804 2951 5857 9.
2971 5803 3238 5857 Nonnulla
3268 5804 3473 5857 omnm
3491 5803 3551 5857 υ,

2285 5801 2396 5873 (72)
2437 5801 2598 5880 Eum.
2622 5801 2784 5880 liebr.
2814 5819 2873 5870 ιι,
2900 5804 2951 5862 9.
2971 5803 3238 5862 Nonnulla
3268 5803 3473 5862 omittit
3491 5803 3816 5880 Didymus,

2217 5887 2280 5929 ac
2306 5889 2424 5943 pro,
2451 5873 2528 5941 δέ,
2560 5873 2688 5943 legit
2721 5875 2847 5942 γάρ.

611 5358 724 5432 (60)
758 5358 1011 5413 Attollite.
1045 5358 1135 5413 Ps.
1167 5374 1320 5422 χχιιι,
1350 5373 1493 5414 vers.
1528 5360 1559 5414 7
1588 5370 1642 5414 et
1665 5360 1718 5414 9.

611 5452 724 5525 (61)
758 5452 1150 5525 Assumptione.
1191 5451 1400 5506 'Christi
1448 5453 1681 5506 ascensio
1709 5466 1738 5505 a
1781 5450 1984 5508 Grteeis
2014 5467 2112 5509 vo-

538 5522 712 5577 calur’
733 5522 1058 5591 Assumptio.

611 5592 722 5663 (62)
762 5593 1018 5647 Laudate.
1047 5592 1136 5647 Ps.
1174 5606 1318 5654 cxvr,
1373 5605 1518 5663 vers.
1579 5592 1631 5646 1.
1683 5591 1854 5650 Biblia
1889 5594 2108 5660 habent,

537 5659 880 5734 ἔπαινέσατε,
910 5663 1148 5734 prona).
1186 5662 1652 5734 ἐπαινεσάτωσαν.

571 5733 724 5857 Ιίξξῗ)
765 5731 975 5804 Regem.
1022 5732 1126 5787 lsa.
1178 5748 1370 5798 χχχιιι,
1427 5732 1514 5786 17.
1552 5731 1810 5806 νυιεξιιῑιιε
1837 5739 2110 5805 interpres

539 5815 711 5859 alllel".

607 5874 718 5946 (64)
758 5873 1057 5932 Benedicta.
1095 5872 1291 5930 Ezech.
1332 5887 1416 5943 ιιι,
1451 5873 1539 5951 12.
