4104 6408
291 348 401 407 ηε

1402 341 1488 398 DE
1527 339 1900 396 TBINITATF.
1940 339 2139 395 LIBER
2176 288 2457 396 PlilMUS.

3444 346 3545 401 ιεο

293 462 635 531 ἠλαττῶσθαι
673 459 905 532 Ἰησοῦν,
945 461 1213 531 βλέπομεν
1241 459 1367 532 δόξῃ
1422 467 1516 514 καὶ
1546 464 1679 531 τι.μῇ
1728 461 1877 513 ἑστε-

1984 462 2194 517 inverso
2220 463 2507 517 verborum
2541 462 2730 517 ordine
2756 462 2868 533 (73)
2905 463 3107 520 dictum
3145 466 3264 533 fuit,
3291 484 3387 538 per
3422 469 3527 539 ligo

296 555 631 627 φανωμένόν.
682 553 847 607 Ἀλλὰ
897 553 992 606 καὶ
1027 552 1183 617 δόξαν
1214 552 1374 605 αὐτὸν
1422 552 1612 615 καλεῖ,
1659 551 1756 605 ἅτε
1782 569 1881 621 φυ-

296 646 466 709 σικῶς
519 644 863 714 ἀπαύγασμα
910 643 1040 696 ὄντα
1110 642 1210 712 τῆς
1263 643 1537 713 πατρικῆς
1585 642 1764 713 δόξης,
1805 642 1876 695 δι’

291 732 373 791 ὧν
414 736 653 809 γράψει’
718 736 781 788 ὐ
829 735 972 800 Θεὸς
1030 735 1135 788 τοῦ
1184 735 1406 803 Κυρίου
1459 733 1619 803 ἡμῶν
1678 736 1878 811 Ἰησοῆ

293 828 579 897 Χριστοῦ,
607 830 641 881 ὁ
673 826 875 894 Πατὴρ
918 824 1023 893 τῆς
1055 826 1258 894 δόξης.
1292 826 1424 879 Θεὸν
1474 826 1532 879 δὲ
1584 822 1737 878 εἶπεν
1776 826 1877 896 τῆς

294 922 542 992 ἀρρήτου
587 916 942 989 σαρκώσεως,
994 917 1213 988 Πατέρα
1264 918 1322 971 δὲ
1362 917 1459 987 τῆς
1498 917 1733 988 ἀνάρχου
1763 934 1878 985 γεν-

297 1015 530 1081 νήσεως.
594 1012 708 1064 Καὶ
752 1010 911 1063 πάλιν
975 1009 1229 1081 Ἰωάννης
1279 1008 1715 1079 (Ἐθεασάμεθα
1762 1008 1876 1077 τὴν

298 1104 493 1167 δόξαν
506 1103 709 1166 αὐτοῦ,
731 1101 918 1166 δόξαν
933 1102 1013 1168 ὡς
1029 1102 1404 1170 Μονογενοῦς
1420 1104 1577 1170 παρὰ
1598 1102 1874 1169 Πατρός),

302 1196 541 1263 πλήρης
586 1193 825 1263 χάριτος
872 1194 969 1247 καί
1014 1194 1319 1260 ἀληθείας.
1378 1191 1487 1247 Καὶ
1527 1192 1686 1246 πάλιν
1724 1192 1875 1264 παρὰ

302 1290 513 1357 Μάρκῳ
548 1285 646 1356 μὲν
665 1324 679 1349 ,
718 1286 826 1338 ἀπὸ
851 1284 944 1337 τοῦ
976 1285 1225 1355 Σωτῆρος
1243 1301 1258 1315 ’
1288 1286 1473 1339 Ὅταν
1496 1285 1643 1355 ἔλθῃ
1668 1288 1701 1340 ό
1739 1285 1874 1352 Υἱὸς

299 1382 372 1434 ἐν
416 1380 487 1447 τῇ
520 1378 672 1447 δόξῃ
702 1378 809 1432 τοῦ
838 1378 1066 1446 Πατρὸς
1108 1377 1293 1432 αὐτοῦ
1317 1395 1331 1408 ·
1368 1379 1680 1451 παριστῶν,
1730 1380 1805 1442 ὡς
1837 1381 1870 1449 ὴ

297 1472 464 1525 αὐτοῦ
496 1471 654 1535 δόξα,
694 1471 931 1541 ἰσότιμος
974 1474 1072 1541 τῆς
1104 1470 1262 1541 δόξης
1300 1472 1448 1523 ἐστὶν
1495 1471 1588 1523 τοῦ
1627 1473 1866 1543 Πατρός⁵

292 1566 449 1634 παρὰ
473 1565 531 1616 δὲ
554 1563 817 1633 Mareaqu
836 1580 851 1594 θ
888 1563 1071 1616 Ὅταν
1093 1562 1239 1632 ἔλθῃ
1280 1566 1312 1616 o'
1344 1562 1477 1629 Υἱὸς
1510 1563 1618 1618 τοῦ
1646 1563 1869 1633 ἀνθρώ-

290 1671 415 1707 που
452 1654 524 1707 ἐν
552 1652 623 1721 τῇ
644 1653 791 1722 δόξῃ
818 1654 1023 1715 αὑτοῦ,
1055 1654 1152 1707 καί
1180 1652 1401 1721 πάντες
1424 1656 1477 1708 ol
1500 1652 1738 1724 ἄγγελοι
1767 1658 1872 1709 αὐ-

289 1746 402 1800 τοῦ
422 1746 552 1815 μετ’
573 1745 783 1799 αὐτοῦ.
806 1746 917 1798 Καὶ
939 1742 1094 1808 αὖθις
1116 1745 1247 1814 γοῦν
1284 1746 1537 1817 Ἰωάννης
1556 1785 1571 1809 ,
1604 1748 1868 1802 συνιστῶν

292 1837 354 1889 τὸ
378 1840 437 1890 ὲν
461 1836 589 1908 δόξῃ
617 1833 755 1889 εἶναι
788 1838 967 1902 αὐτὸν,
999 1839 1092 1890 καὶ
1122 1836 1270 1909 παρὰ
1300 1838 1515 1892 πάντων
1541 1838 1697 1903 δόξαν
1720 1839 1861 1908 ὀφεί-

291 1930 484 1984 λεσθαι
517 1929 689 2000 αὐτῷ,
728 1925 880 1982 εἶπεν
904 1946 917 1959 ·
959 1928 1226 1983 Τοσαῦτα
1271 1929 1340 1983 δὲ
1377 1929 1598 1999 σημεῖα
1622 1944 1871 1997 πεποιη-

294 2022 477 2088 κότος
514 2021 621 2076 τοῦ
661 2020 855 2089 Ἰησοῦ
877 2061 892 2084 ,
928 2022 1040 2074 οὐκ
1070 2019 1443 2075 ἐπίστευσαν
1467 2022 1555 2088 εὶς
1594 2022 1781 2076 αὐτὸν
1817 2026 1871 2076 οί

305 2112 589 2168 Ἰουδαῖοι
607 2130 621 2143 ο
655 2114 755 2165 ἵνα
800 2112 1086 2181 πληρωθῇ
1130 2112 1196 2166 τὸ
1229 2111 1419 2180 ῥηθὲν
1453 2111 1551 2167 διὰ
1599 2112 1869 2169 Ἡσαΐουο

308 2204 484 2273 Ἀκοῇ
517 2205 832 2267 ἀκούσετε,
864 2202 963 2257 καί
1000 2205 1070 2257 οὐ
1104 2202 1190 2272 μὴ
1229 2201 1478 2271 συνῆτε.
1530 2202 1639 2257 Καὶ
1671 2202 1764 2275 [45
1792 2221 1822 2256 a
1849 2203 1869 2276 ]

297 2296 505 2369 μεταξὺ
533 2295 727 2365 ὲπάγει
750 2312 764 2327 ο
804 2294 995 2349 Ταῦτα
1027 2294 1095 2348 δὲ
1126 2291 1314 2361 εἶπεν,
1348 2294 1446 2348 ὅτε
1481 2294 1611 2349 ἴδεν
1638 2294 1751 2363 τὴν
1776 2296 1873 2350 δό-

296 2391 418 2452 ξαν
441 2386 650 2451 αὐτοῦ,
680 2386 776 2440 καὶ
798 2386 1105 2453 ἐλάλησεν
1130 2386 1263 2455 περὶ
1289 2385 1497 2441 αὐτοῦ.
1524 2387 1634 2439 Καὶ
1666 2386 1872 2458 Πέτρος

293 2482 374 2543 δὲ,
435 2482 494 2531 ἑν
551 2479 648 2549 μὲν
693 2481 757 2550 τῇ
800 2478 993 2552 πρώτῃ
1055 2478 1371 2549 Ἐπιστολῇ·
1406 2480 1545 2533 Καθ’
1590 2477 1622 2532 ὃ
1672 2496 1874 2533 κοινω-

295 2568 456 2622 νεῖτε
481 2568 606 2634 τοῖς
636 2568 745 2621 τοῦ
782 2568 1041 2636 Χριστοῦ
1070 2567 1438 2636 παθήμασιν,
1475 2569 1732 2638 χαίρετε,
1772 2570 1875 2624 ἵνα

294 2661 398 2715 καὶ
423 2660 493 2713 ἐν
523 2657 599 2727 τῇ
646 2659 1022 2726 ἀποκαλύψει
1054 2657 1165 2725 τῆς
1210 2658 1395 2727 δόξης
1436 2659 1621 2714 αὑτοῦ
1652 2660 1873 2729 χαρῆτε

294 2751 734 2821 ἁγαλλαόμενοι
760 2768 773 2782 ⁸
812 2753 869 2803 ὲν
900 2750 957 2802 δὲ
998 2752 1064 2821 τῇ
1106 2750 1365 2823 δευτέρᾳ·
1410 2751 1505 2818 Ὠς
1556 2752 1628 2805 τὰ
1676 2753 1874 2806 πάντα

296 2845 447 2914 ἡμῖν
478 2842 591 2912 τῆς
630 2844 793 2908 θείας
824 2840 1131 2910 δυνάμεως
1173 2841 1379 2904 αὑτοῦ,
1420 2840 1491 2894 τὰ
1534 2840 1681 2909 πρὸς
1723 2840 1873 2910 ζωὴν

294 2937 397 2989 καὶ
427 2933 741 2989 εὐσέϐειαν
768 2930 1202 3000 δεδωρημένης,
1229 2930 1326 2985 διὰ
1360 2928 1468 2998 τῆς
1498 2931 1875 3001 ἐπιγνώσεως

295 3027 408 3080 τοῦ
448 3023 819 3089 καλέσαντος
850 3022 1007 3092 ἡμᾶς
1040 3021 1160 3088 ἰδίᾳ
1193 3021 1340 3091 δόξῃ
1374 3020 1475 3075 καὶ
1503 3021 1686 3091 ἀρετῇ
1708 3039 1722 3052 ·
1753 3023 1875 3076 em

294 3120 419 3180 τοῦ,
456 3120 524 3171 Ἠ
556 3118 680 3181 δόξα
706 3115 800 3169 τοῦ
834 3114 1200 3184 Μονογενοῦς,
1236 3115 1268 3185 ή
1313 3115 1413 3185 τῆς
1442 3114 1676 3184 φύσεως,
1704 3116 1737 3185 ἡ
1768 3114 1874 3169 τῶν
1903 3148 1944 3205 C

295 3212 616 3282 θαυμάτων,
653 3211 686 3280 ἡ
717 3210 818 3280 τῆς
870 3208 1145 3279 βασιλείας
1196 3210 1287 3263 καὶ
1326 3209 1495 3279 αὐτῆς
1523 3209 1624 3278 τῆς
1668 3209 1878 3274 δοξολο-

299 3306 448 3372 γὶας,
493 3303 658 3373 ὁμοία
699 3302 844 3355 ἐστὶν
893 3301 987 3355 καὶ
1026 3301 1113 3370 ἴση
1162 3300 1261 3370 τῆς
1296 3300 1454 3370 δόξης
1495 3300 1589 3353 τοῦ
1641 3302 1875 3373 Πατρὸς,

303 3396 438 3465 ’παρ’
470 3390 531 3448 οὗ
566 3392 812 3463 φυσικῶς
857 3390 951 3445 καὶ
1004 3391 1338 3454 ὰδιαστάτως
1380 3390 1734 3462 γεγέννηται,
1786 3392 1879 3445 καὶ

306 3485 409 3537 ὅλα
438 3486 491 3535 ὲν
522 3484 695 3554 ἑαυτῷ
727 3483 838 3553 ἔχει
870 3482 946 3545 ὡς
974 3484 1302 3554 Μονογενής.
1337 3484 1497 3536 Ὥστε
1532 3484 1625 3537 καὶ⁹
1658 3483 1879 3554 γενόμε·

308 3593 406 3627 νον
445 3577 613 3646 σάρκα
664 3574 934 3647 μηδεμίαν
964 3576 1191 3646 τροπὴν,
1234 3574 1267 3646 ἤ
1313 3576 1535 3647 μείωσιν
1567 3576 1880 3648 ὑπομεῖναι.

308 3667 470 3720 Οὕτω
514 3670 600 3721 καὶ
630 3669 680 3721 οἱ
707 3670 856 3738 τρεῖς
901 3668 1107 3732 παῖδες,
1137 3668 1197 3720 οὐ
1232 3670 1297 3739 τῇ
1349 3667 1667 3739 Βαϐυλωνίᾳ
1704 3668 1882 3737 φλογὶ,

306 3759 444 3813 ἀλλὰ
472 3759 550 3829 τῷ
579 3760 706 3831 περὶ
738 3760 828 3812 τὸν
853 3759 1078 3829 κτίστην
1122 3758 1217 3812 καὶ
1247 3759 1542 3829 εὐεργέτην
1572 3759 1887 3829 πυρακτοῦ-

302 3868 461 3922 μενοι
503 3850 652 3920 πόθῳ
674 3890 689 3913 ,
724 3850 817 3904 καὶ
849 3850 909 3903 οὐ
956 3851 1154 3921 μᾶλλον
1196 3848 1294 3920 τὴν
1326 3848 1758 3921 περιϐάλλουσαν
1787 3851 1884 3902 αὑ-

300 3945 433 4005 τοὺς
467 3942 719 4013 κάμινον,
753 3943 851 4013 τῆς
889 3942 1295 4014 ήτοιμασμένης
1328 3944 1435 4005 τοῖς
1473 3941 1883 4013 κτιστολάτραις

301 4035 567 4103 γεέννης,
601 4034 979 4104 προσέχοντες,
1020 4033 1319 4089 ὑπέϐαλλον
1368 4035 1435 4104 τῇ
1469 4034 1644 4086 κτίσει
1676 4032 1885 4097 δοξολο-

304 4128 427 4193 γεῖν
453 4125 547 4177 τὸν
580 4124 814 4193 φανέντα
845 4126 941 4179 σὺν
970 4126 1153 4189 αὐτοῖς
1186 4126 1242 4177 ἐν
1275 4128 1340 4196 τῇ
1375 4124 1591 4196 καμίνῳ
1611 4142 1625 4157 ο
1668 4126 1796 4196 περὶ
1822 4119 1884 4179 οὗ

302 4218 655 4285 γέγραπταιο
718 4214 789 4268 Ἠ
830 4213 899 4267 δὲ
953 4214 1163 4282 ὅρασις
1213 4212 1319 4267 τοῦ
1376 4210 1657 4279 τετάρτου
1714 4212 1887 4281 ὁμοία

1984 567 2116 617 ram,
2149 567 2270 621 qua:
2296 562 2519 605 vocatur
2552 552 2807 620 hysteron
2843 563 3114 620 proteron.
3157 556 3362 612 Sensus
3403 561 3545 612 eltilll

1979 656 2064 701 est
2095 644 2459 714 hujuscemodi
2490 659 2503 695 :
2561 643 2719 707 Eum,
2749 646 2838 713 qui
2867 645 3134 714 aliquibus
3167 649 3311 704 visus
3342 662 3424 705 est
3448 653 3547 706 tui-

1981 737 2156 790 norari
2199 744 2419 805 propter
2468 734 2771 804 passionem
2838 739 3045 804 mortis,
3093 739 3275 793 Jcsum
3308 742 3548 799 videmus

1978 827 2142 894 gloria
2179 835 2233 879 et
2257 825 2459 880 honore
2476 836 2811 881 coronatum.
2832 827 3026 882 Verum
3046 830 3269 899 gloriam
3290 832 3402 904 (74)
3419 850 3548 903 quo-

1976 933 2081 987 que
2106 917 2216 987 99
2253 918 2424 987 ipsum
2454 928 2629 983 vocat,
2663 931 2845 989 utpote
2906 936 3050 986 eum,
3083 926 3171 991 qui
3228 928 3551 982 naturaliter

1975 1011 2231 1077 splendor
2255 1019 2341 1065 est
2374 1020 2613 1078 paterna:
2634 1013 2820 1083 gloriae
2848 1029 2968 1067 cum
2995 1016 3183 1069 scribit
3217 1034 3229 1069 :
3266 1017 3404 1073 Deus
3432 1021 3545 1093 (75)

1976 1099 2183 1153 Domini
2204 1104 2369 1155 nostri
2395 1100 2523 1156 Iesu
2553 1100 2767 1168 Christi,
2806 1103 2965 1160 Pater
2990 1109 3189 1176 gloritc.
3224 1108 3323 1164 Ubi
3379 1112 3547 1167 Deum

1973 1191 2186 1261 quidem
2220 1193 2387 1262 ipsius
2422 1194 2572 1260 dicit,
2606 1198 2814 1252 ratione
2844 1198 3023 1252 habita
3054 1200 3338 1258 inelhbilis
3364 1205 3549 1259 lucar-

1973 1285 2206 1339 nationis
2233 1302 2248 1351 ;
2280 1286 2495 1342 Patrem
2521 1304 2672 1353 vero,
2708 1300 2957 1359 respectu
2983 1302 3197 1348 σείει-ηαξ
3244 1299 3551 1365 generatio-

1974 1376 2074 1428 uis.
2099 1374 2335 1431 Joannes
2364 1388 2643 1445 praeterea,
2684 1378 2956 1451 (Vidimus
3005 1384 3139 1453 (7b),
3189 1386 3380 1455 inquit,
3434 1389 3550 1457 glo-

1972 1469 2106 1521 riam
2135 1469 2268 1538 ejus,
2292 1472 2516 1539 gloriam
2545 1474 2697 1541 quasi
2722 1470 2989 1542 Unigeniti
3037 1490 3069 1527 a
3111 1476 3319 1549 Patre),
3363 1479 3548 1543 plenus

1969 1558 2153 1625 gratia:
2196 1569 2245 1611 et
2274 1560 2527 1615 veritatis.
2570 1558 2635 1613 Et
2663 1576 2855 1615 rursus
2893 1564 3033 1631 apud
3064 1563 3300 1620 Marcum
3330 1569 3546 1636 quidem

1969 1666 2035 1704 ex
2064 1666 2292 1720 persona
2324 1652 2619 1706 Salvatoris
2648 1655 2906 1722 scriptum
2945 1664 3027 1710 est
3057 1674 3070 1709 :
3107 1656 3235 1711 Cum
3291 1660 3402 1731 (77)
3459 1677 3547 1715 ve-

1972 1744 2104 1796 nerit
2146 1742 2361 1812 (Filius)
2389 1745 2445 1798 in
2472 1745 2641 1813 gloria
2678 1745 2851 1800 Patris
2879 1749 2982 1802 sui.
3018 1746 3147 1814 Quae
3173 1751 3335 1805 verba
3362 1761 3547 1807 osten-

1978 1832 2112 1887 dunt
2161 1835 2276 1903 ejus
2328 1836 2554 1904 gloriam
2626 1838 2886 1904 aequalem
2944 1855 3067 1895 esse
3110 1840 3285 1896 Patris
3339 1845 3543 1914 gloria).

1976 1922 2130 1992 Apud
2165 1924 2468 1980 Manlianum
2494 1941 2646 1981 vero:
2668 1926 2799 1981 Cum
2820 1931 3009 1984 venerit
3036 1930 3211 1986 Filius
3236 1934 3347 2005 (78)
3376 1937 3549 1991 Itami-

1979 2018 2058 2067 uis
2076 2016 2133 2068 in
2171 2016 2343 2085 gloria
2372 2033 2488 2079 sua,
2513 2029 2561 2072 et
2584 2036 2759 2074 omnes
2785 2022 2957 2091 angeli
2975 2023 3087 2092 ejus
3113 2042 3230 2079 cum
3266 2043 3347 2081 eo.
3403 2028 3549 2084 Rur-

1978 2120 2069 2157 sus
2102 2120 2261 2172 porro
2283 2105 2519 2164 Joannes
2547 2111 2861 2179 05tendens,
2897 2114 3071 2181 ipsum
3100 2115 3149 2168 in
3186 2118 3354 2187 gloria
3404 2135 3548 2184 esse.
3580 2140 3590 2152 ο

1978 2206 2033 2249 et
2061 2197 2126 2249 ab
2154 2198 2401 2253 omnibus
2430 2199 2655 2266 gloriam
2684 2203 2733 2256 ei
2767 2204 2971 2268 deberi,
3002 2206 3094 2261 ait:
3131 2205 3261 2261 Cum
3304 2209 3413 2279 (79)
3444 2229 3549 2265 au-

1980 2294 2079 2339 tem
2096 2297 2241 2341 tanta
2264 2289 2415 2358 signa
2438 2290 2640 2359 fecisset
2655 2290 2833 2359 Iesus,
2865 2310 2968 2348 non
2986 2297 3314 2353 crediderunt
3344 2302 3398 2354 in
3426 2318 3549 2355 eum

1977 2376 2171 2442 Judwi,
2202 2391 2257 2433 ut
2288 2382 2586 2450 impleretur
2611 2384 2751 2454 quod
2798 2385 2995 2439 dictum
3049 2399 3124 2443 est
3170 2407 3262 2457 per
3306 2390 3549 2449 Isaiam:

1977 2468 2207 2522 Auribus
2228 2469 2484 2535 audietis,
2545 2482 2716 2527 etnon
2766 2472 3085 2544 intelligetis.
3129 2476 3267 2533 Tum
3320 2483 3545 2540 subdit:

1982 2558 2110 2614 Hice
2131 2572 2303 2615 autem
2326 2560 2438 2630 (80)
2461 2564 2620 2629 dixit,
2646 2566 2855 2633 quando
2880 2566 3008 2620 uidit
3037 2568 3261 2638 gloriam
3311 2572 3449 2641 ejus,
3497 2585 3549 2630 et

1982 2650 2184 2707 locutus
2211 2664 2285 2707 est
2316 2656 2380 2709 de
2405 2654 2713 2713 eo.-Petrus
2744 2673 2958 2729 quoque
2991 2661 3045 2717 in
3094 2665 3266 2732 prima
3328 2668 3547 2735 quidem

1982 2745 2239 2816 Epistola:
2272 2745 2541 2813 Quatenus
2570 2748 2680 2821 (81)
2707 2755 3102 2807 communicatis
3126 2752 3323 2811 Christi
3347 2761 3552 2826 passio-

1982 2839 2151 2901 nibus,
2174 2839 2414 2908 gaudete.
2447 2850 2573 2894 utet
2598 2841 2653 2894 in
2681 2841 2991 2898 reuelatione
3035 2846 3215 2915 glorior
3262 2848 3374 2917 ejus
3419 2868 3551 2920 gau-

1979 2926 2145 2981 deatis
2179 2929 2520 2994 exsultantes,
2543 2934 2593 2984 in
2629 2934 2861 2987 secunda
2894 2948 3023 2989 vero
3060 2936 3171 2991 ait:
3210 2936 3410 3006 Quippe
3436 2941 3550 3011 (82)

1981 3019 2156 3072 omnia
2190 3019 2335 3073 nobis
2373 3021 2550 3074 diuina
2578 3023 2740 3075 virtus
2770 3023 2954 3089 ipsius,
3001 3040 3119 3095 qua:
3172 3030 3241 3079 ad
3285 3031 3443 3081 vitam
3500 3040 3551 3083 et

1979 3108 2218 3175 pietatem
2268 3110 2499 3176 donavit,
2544 3125 2635 3179 per
2663 3112 3004 3181 cognitionem
3029 3114 3167 3180 eius,
3222 3119 3309 3186 qui
3354 3120 3551 3174 vocavit

1984 3218 2076 3255 nos
2094 3203 2307 3271 propria
2349 3204 2517 3272 gloria
2558 3212 2608 3257 et
2653 3208 2861 3260 virtute.
2913 3206 3152 3273 Quorum
3216 3209 3304 3265 hic
3354 3226 3551 3267 sensus

1983 3305 2086 3349 est:
2118 3295 2299 3350 Gloria
2340 3294 2612 3366 Unigeniti
2647 3301 2821 3366 quoad
2844 3309 3111 3365 naturam,
3163 3305 3338 3371 quoad
3384 3305 3551 3359 mira-

1984 3386 2122 3449 cula,
2146 3388 2324 3456 quoad
2352 3389 2710 3455 dominatum,
2738 3398 2795 3445 et
2838 3392 3012 3459 quoad
3065 3392 3233 3461 ipsam
3287 3396 3556 3466 gloriﬁca-

1985 3480 2184 3533 tionem
2217 3479 2408 3535 similis
2436 3483 2856 3548 cst,eta3qualis
2894 3484 3078 3552 gloria;
3122 3484 3316 3548 Patris,
3381 3502 3410 3541 a
3446 3504 3555 3558 quo

1987 3570 2323 3634 naturaliter,
2361 3580 2415 3625 et
2440 3572 2694 3626 continue
2738 3584 2899 3644 atque
2928 3574 3358 3644 inseparabiliter
3405 3581 3557 3649 geni-

1988 3671 2074 3715 tus
2092 3664 2204 3725 “est,
2229 3675 2283 3717 et
2317 3664 2497 3718 omnia
2550 3665 2605 3718 in
2631 3665 2809 3731 seipso
2848 3666 3013 3719 habet
3074 3677 3132 3721 ut
3186 3665 3507 3737 Unigenitus
3537 3690 3551 3726 :

1987 3756 2123 3809 adeo
2155 3768 2213 3808 ut
2236 3755 2410 3810 factus
2446 3756 2609 3811 etiam
2661 3771 2791 3810 caro
2857 3756 3060 3810 nullam
3121 3760 3553 3823 conversionem,

1988 3848 2503 3902 antdecrementum
2528 3863 2723 3918 passus
2744 3848 2836 3903 sit.
2892 3848 2982 3905 Sic
3027 3850 3189 3905 etiam
3242 3861 3352 3906 tres
3404 3854 3557 3920 pueri

1986 3956 2088 3994 non
2123 3939 2448 4011 Babylonica
2471 3939 2707 4005 ﬂamma,
2732 3943 2825 3998 sed
2850 3941 3141 4007 desiderio,
3170 3959 3276 4013 quo
3310 3943 3362 3998 in
3385 3944 3556 3999 Crea-

1984 4037 2155 4087 torem
2215 4047 2280 4086 ac
2348 4031 2745 4087 benefactorem
2801 4033 3152 4100 ferebantur,
3204 4035 3446 4101 incensi,
3502 4046 3561 4093 et

1986 4135 2340 4192 praeparatam
2396 4134 2768 4180 creaturarum
2816 4126 3194 4182 adoratoribus
3254 4129 3557 4198 gehennam

1986 4214 2168 4283 potius
2216 4230 2375 4283 quam
2416 4213 2714 4279 fornacem,
2772 4232 2877 4287 qua
2921 4218 3417 4284 circumdabantur,
3475 4227 3560 4273 at-

305 4306 419 4371 Υιῷ
445 4306 595 4360 Θεοῦ
614 4322 630 4336 ·
666 4304 964 4375 εὐλογεῖτε
998 4304 1191 4358 πάντα
1221 4305 1296 4359 τὰ
1329 4304 1474 4373 ἔργα
1511 4302 1753 4371 Κυρίου,
1782 4301 1877 4356 τὸν

1992 4306 2293 4370 tendentes,
2322 4314 2626 4361 creaturam
2651 4305 2915 4377 iubebant
2942 4307 3243 4377 gloriﬁcare
3264 4323 3409 4374 eum,
3464 4308 3559 4378 qui

384 4530 500 4602 (73)
551 4530 768 4583 Ordine.
816 4530 1011 4602 Vocem
1058 4526 1483 4602 derepenng
1524 4540 1734 4602 vertere
1783 4542 1877 4594 po-

2059 4525 2173 4602 (Ῐξί)
2213 4526 2373 4602 ραι-ε.
2404 4528 2601 4602 Ephes.
2632 4527 2674 4593 ι,
2712 4530 2736 4584 Ἰ
2750 4530 2800 4602 7.

310 4598 542 4656 luissem
572 4617 678 4655 uno
711 4600 969 4653 vocabulo
1003 4598 1332 4667 prtrpostere.
1367 4600 1434 4651 At
1455 4613 1575 4651 cum
1604 4598 1653 4651 id
1684 4599 1735 4651 in
1766 4613 1880 4651 ma-

309 4673 421 4726 lam
452 4686 669 4737 quoque
708 4681 916 4737 partem
942 4670 1258 4734 accipiatur,
1288 4668 1355 4721 ab
1383 4682 1447 4721 eo
1476 4668 1616 4721 cavi.

387 4742 504 4809 (74)
543 4740 801 4793 Gloriam.
836 4738 1190 4809 Hieronymus
1219 4752 1429 4809 quoque
1458 4737 1514 4790 in
1544 4746 1879 4809 commenta-

312 4807 411 4877 riis
437 4807 494 4863 in
519 4809 810 4877 Epistolam
842 4810 910 4862 ad
944 4807 1196 4873 Ephesios
1237 4808 1329 4860 lib.
1366 4822 1405 4869 t,
1441 4822 1562 4877 cap.
1602 4807 1654 4869 1,
1692 4808 1877 4859 eodem

316 4874 478 4935 nrodo
510 4873 669 4935 verba
706 4880 812 4939 illa,
866 4878 1023 4931 Pater
1048 4878 1249 4947 gloriae,
1281 4878 1494 4944 accipit.
1512 4873 1685 4928 'Pater
1706 4885 1881 4947 autem

315 4952 524 5018 gloria,
559 4951 753 5017 inquit,
785 4950 872 5018 ita
899 4945 1288 5018 intelligendus,
1319 4955 1375 4999 ut
1408 4945 1874 5018 unomodo_Do_mi-

316 5014 416 5074 itus
447 5014 805 5073 noster'Jesus
839 5014 1098 5080 Christus,
1130 5017 1239 5081 ipse
1295 5025 1372 5069 est
1419 5014 1624 5079 Sermo,
1658 5014 1883 5081 Sapieno

316 5094 417 5149 tia.
458 5089 756 5153 Veritas...,
804 5089 911 5153 ipse
956 5088 1022 5140 sit
1063 5090 1220 5141 etiam
1266 5085 1469 5139 Gloria.
1518 5084 1707 5139 Utrum
1752 5098 1880 5136 vero

315 5161 431 5215 haec
466 5159 839 5225 interpretatio
868 5173 935 5212 ex
966 5159 1032 5211 iis
1076 5156 1169 5219 sit,
1214 5171 1348 5225 quas
1394 5158 1445 5208 in
1480 5154 1583 5207 illis
1608 5169 1884 5225 commen-

315 5232 474 5283 tariis
499 5244 561 5283 ex
590 5224 794 5297 Didymi
823 5224 1276 5283 commentariolis
1300 5226 1361 5279 in
1394 5226 1638 5297 eamdem
1670 5224 1884 5297 Episto-

316 5301 423 5352 lam
462 5315 520 5352 se
546 5292 883 5366 deceipsisse
908 5302 979 5350 ait
1004 5297 1383 5366 Hieronymus,
1425 5294 1649 5350 delinire
1675 5292 1883 5366 ddiicile

316 5382 423 5423 est.
474 5368 607 5421 Illud
650 5364 853 5439 tantum
880 5378 1089 5439 constat
1122 5364 1401 5435 Didymum
1443 5375 1685 5439 nostrum
1718 5364 1880 5439 etiam

319 5442 372 5491 in
396 5433 803 5492 commentariis
818 5438 870 5490 in
892 5435 1151 5492 Psalmos.
1178 5433 1243 5489 ad
1270 5450 1330 5488 ea
1351 5436 1543 5503 psalmi
1568 5448 1673 5486 cxx
1696 5433 1878 5490 verba.

320 5506 389 5562 lit
440 5522 641 5561 tantem
673 5508 898 5576 gloriam
920 5512 1098 5576 luam,
1133 5507 1269 5559 hanc
1297 5505 1465 5576 ipsam
1497 5504 1761 5576 indicasse
1784 5517 1878 5576 ex-

316 5572 691 5651 plicatignetn:
712 5575 1018 5651 Θεοῦλδόξα,
1039 5577 1235 5651 inquit.
1260 5575 1478 5651 ἐστίν-,ν
1501 5572 1881 5651 ὀΑΜονογενὴς,

424 5648 442 5683 ’ί
471 5645 532 5683 r].
563 5646 869 5683 νένηηηι-φηι
889 5664 900 5675 ·
932 5646 1251 5683 ἠμηηῆκεφην
1300 5646 1333 5683 ᾖ
1365 5645 1493 5683 Μβα
1510 5645 1661 5683 “ﬁni-1,
1700 5645 1709 5683 ἱ

316 5641 447 5716 ῖπῑρὶ
471 5641 532 5699 οὗ
563 5646 900 5725 γέγραπται·
932 5641 1255 5725 Ὀφθησεται
1300 5646 1333 5714 ἡ
1365 5644 1494 5708 δόξα
1510 5641 1666 5724 Θεοῦ,
1700 5644 1749 5695 id
1777 5641 1880 5703 εει,

316 5716 501 5785 Gloria
545 5716 638 5769 Del
683 5727 825 5771 est...
878 5712 1203 5785 Unigenttus,
1239 5716 1302 5768 de
1331 5730 1433 5784 quo
1470 5724 1720 5781 scriptum
1758 5725 1830 5766 est
1862 5728 1880 5763 :

327 5783 601 5842 Videbitur
632 5786 815 5841 Gloria
852 5785 964 5839 Dei.

2053 4596 2166 4660 (76)
2213 4595 2475 4651 Vidimus.
2506 4598 2661 4653 Joan.
2696 4616 2734 4662 ι,
2768 4598 2852 4651 14.

2032 4666 2164 4733 »(77)
2204 4665 2357 4721 Cum.
2386 4668 2551 4722 Marc.
2583 4683 2695 4723 vm.
2733 4671 2822 4724 '58.

2055 4736 2165 4809 (778)
2204 4735 2335 4790 Cum
2364 4740 2576 4809 Avenerit
2623 4737 2818 4791 Filius.
2853 4734 3039 4790 Matth.
3079 4739 3327 4809 μηδι.
3364 4738 3559 4809 Vulga-

1985 4814 2072 4859 tus
2100 4808 2246 4876 legit,
2274 4816 2331 4859 ut
2362 4807 2637 4876 Didymus,
2666 4809 2925 4876 oruilteus
2959 4822 3161 4876 vocem,
3196 4808 3366 4875 ἅγιοι,
3394 4810 3443 4863 id
3472 4807 3561 4863 est

1981 4875 2186 4937 sancti,
2228 4892 2387 4943 quam
2425 4878 2581 4933 habet
2606 4876 2790 4932 Graeca
2821 4875 3005 4932 editio.
3032 4875 3151 4932 Vox
3187 4879 3349 4931 αὐτοῦ
3408 4882 3563 4935 deest

1985 4946 2288 5013 utrobique.

2055 5016 2165 5085 (79)
2206 5014 2337 5085 Cum
2364 5028 2557 5072 autem.
2604 5016 2758 5071 Joan.
2785 5032 2885 5079 xu,
2925 5020 2992 5072 57
3019 5057 3033 5080 ,
3089 5017 3178 5072 58.
3234 5018 3339 5072 Sed
3370 5017 3557 5073 Graeca

1984 5083 2155 5138 Biblia
2198 5100 2268 5155 ac
2300 5083 2447 5155 Vulg.
2483 5088 2767 5141 translatio
2803 5089 2904 5141 etsi
2935 5088 3184 5143 etundem
3229 5089 3396 5141 ferme
3429 5106 3558 5141 sen-

1984 5169 2099 5205 sum
2125 5153 2375 5216 habeant,
2403 5153 2589 5209 eadem
2619 5166 2796 5210 tamen
2833 5174 2938 5211 non
2968 5159 3168 5211 habent
3206 5159 3387 5211 verba.
3416 5158 3557 5224 Quin

1984 5224 2092 5277 imo
2123 5227 2287 5277 verba
2326 5226 2433 5290 illa,
2469 5227 2694 5279 Auribus
2731 5228 2982 5290 audietis,
3016 5236 3070 5281 et
3099 5237 3317 5290 caetera,
3350 5242 3417 5281 ex
3464 5244 3558 5279 ca-

2121 5297 2375 5349 Actorum
2411 5311 2605 5360 xxvm,
2637 5310 2778 5350 vers.
2815 5296 2905 5360 26,
2942 5299 3047 5351 huc
3082 5298 3335 5351 translata
3366 5309 3494 5351 sunt
3523 5314 3554 5350 a

2035 5380 2045 5413 ι
2093 5378 2233 5415 vmo.

2035 5379 2233 5417 ιανιιιο.

2056 5432 2168 5505 (βο)
2212 5432 2340 5505 {hec
2382 5447 2586 5505 autem.
2640 5432 2809 5505 Joan._
2868 5452 2970 5497 xu.
3024 5436 3117 5498 41.
3174 5437 3262 5491 ubi
3317 5436 3557 5505 legitur:

1984 5499 2170 5574 Ταϐτα
2192 5499 2343 5555 εἶπεν
2379 5504 2625 5567 Ἡσαΐας,
2652 5504 2740 5558 ὅτε
2766 5503 2897 5570 εἶδε,
2925 5518 2978 5561 et
3008 5508 3237 5574 reliqua.

2059 5572 2173 5645 (81)
2216 5574 2506 5637 Quatenus.
2556 5575 2571 5627 Ι
2624 5574 2772 5629 Petr.
2826 5594 2901 5639 tv,
2952 5577 3037 5629 15.
3096 5572 3354 5645 Didymus
3399 5574 3562 5645 legit,

1985 5642 2106 5694 καθ’
2133 5642 2189 5693 ὅ·
2224 5645 2407 5696 Graeca
2438 5646 2623 5713 editio,
2672 5646 2871 5709 καθὼς·
2902 5646 3055 5714 Vulg.
3088 5642 3210 5709 int.,
3239 5648 3350 5699 sed.

1984 5713 2501 5837 90(2):?ththniam.
2552 5714 2590 5768 ll
2640 5715 2783 5772 Petr.
2817 5734 2854 5784 ι,
2890 5718 2940 5771 ὃ.
2984 5713 3115 5773 Vide
3155 5734 3272 5773 can.
3309 5714 3398 5782 ‘29,
3436 5728 3559 5783 pag.

2059 5825 2074 5844 ,
2104 5793 2211 5838 uol.
2250 5793 2271 5836 ι
2286 5793 2334 5838 ι.
