4104 6408
558 354 662 408 ’05!

1837 360 2075 414 DlDYlII
2111 361 2586 418 ALEXANDIIINI

3722 373 3832 430 £33

561 464 616 519 in
639 463 858 520 fornace
887 479 1006 520 cum
1025 465 1158 537 ipsis
1185 467 1456 538 apparuit,
1481 471 1639 540 100
1660 471 1725 526 de
1757 489 1864 541 quo
1887 487 2111 545 scriptun

2216 517 2225 540 ι
2255 479 2473 544 Κύριον
2509 480 2768 548 ὑμνεῖτε,
2802 480 2900 534 καὶ
2932 482 3314 550 Decentii-oi?“
3354 486 3542 539 αὐτὸν
3567 489 3656 554 εις
3687 491 3832 558 τοὺς

561 565 670 620 est,
707 555 856 608 Visio
885 555 998 625 (83)
1029 567 1207 610 autem
1242 561 1418 627 quarti
1451 561 1642 614 similis
1704 560 1842 616 Filio
1903 563 2020 627 Dei,
2067 565 2150 620 di-

560 657 747 700 centes
774 646 1110 701 :Benedicite
1135 649 1270 719 (85),
1305 652 1481 704 omnia
1515 669 1672 715 opera
1699 653 1930 721 Domini,
1963 655 2150 709 Domi-

566 755 715 805 num,
735 739 971 803 laudate,
993 750 1042 794 et
1085 743 1467 810 superexaltate
1495 759 1610 796 eum
1637 744 1691 798 in
1724 747 1936 800 sa’cula.
1974 748 2145 814 Quin-

566 832 734 886 etiam
759 846 882 885 cum
911 831 1118 885 Domini
1173 833 1548 888 interfectores
1582 833 1948 889 irascerentur
2008 836 2119 908 (85)

560 932 619 977 ut
645 922 719 976 ait
757 923 1108 990 evangelista,
1156 924 1354 993 pueris,
1409 933 1465 978 et
1523 925 1716 990 turbis,
1770 927 1911 995 quod
1958 925 2144 982 Jesum

568 1023 822 1082 tanquam
852 1015 1014 1067 Deum
1046 1014 1407 1083 gloriﬁcantes
1434 1015 1693 1078 dicerent,
1751 1015 2001 1071 llosanna
2029 1018 2143 1088 (86)

563 1104 622 1156 in
652 1103 924 1157 altissimis
949 1119 968 1156 :
997 1102 1308 1158 Benedictus
1329 1104 1418 1174 qui
1445 1104 1579 1158 venit
1605 1106 1659 1158 in
1681 1107 1888 1159 nomine
1911 1106 2142 1170 Domini,

567 1195 718 1250 illum
744 1195 1036 1263 Scriptura:
1067 1195 1242 1250 locum
1268 1194 1322 1249 in
1353 1198 1668 1252 memoriam
1713 1197 1792 1251 eis
1845 1198 2140 1262 revocavit,

555 1287 649 1356 qui
681 1287 760 1342 sic
793 1302 852 1341 se
882 1287 1082 1342 habet:
1119 1287 1204 1341 Ex
1227 1303 1315 1342 ore
1344 1286 1457 1358 (8'7)
1515 1288 1803 1358 infantium
1857 1298 1904 1342 et
1944 1288 2144 1343 lacten-

569 1377 701 1430 tium
734 1377 996 1445 perfeciin
1026 1376 1234 1430 laudem
1267 1391 1286 1430 :
1313 1377 1530 1432 sibimet
1565 1377 1664 1446 ipsi
1693 1392 1815 1431 eum
1838 1392 2145 1435 accommo-

2250 567 2488 634 αἰῶνας.
2533 568 2871 640 ’Λχθομένων
2908 570 2984 635 δὲ,
3015 575 3199 643 φησὶν,
3241 576 3335 628 καὶ
3372 577 3479 628 τῶν
3529 578 3832 649 κυριοκτό-

2249 675 2355 710 νων
2385 659 2519 730 πρὸς
2549 659 2618 714 τὰ
2647 661 2828 714 παιδία
2855 662 2950 716 καὶ
2974 665 3100 727 τοὺς
3126 665 3336 734 ὄχλους,
3364 667 3445 720 ὅτι
3472 667 3545 731 ὡς
3578 669 3710 724 Θεὸν
3733 672 3832 727 τὸν

2257 749 2466 820 ξιησοῦν
2504 751 2820 818 δοξάζοντες
2866 754 3074 823 ἔλεγον,
3125 758 3384 813 Ὡσαννὰ
3415 761 3486 814 ὲν
3521 761 3648 828 τοῖς
3686 767 3829 832 ὑψί-

2247 857 2443 910 στοις·
2471 844 2874 914 εὐλογημένος
2900 851 2932 902 ό
2975 849 3300 918 ἐρχόμενος
3333 852 3403 904 ἐν
3438 853 3680 923 ὀνόματι
3712 861 3833 911 Κυ-

2239 931 2399 1000 ρίου,
2435 932 2747 1004 ὑπέμνησεν
2780 933 2976 999 αὐτοὺς
3007 936 3107 1005 τῆς
3140 936 3402 1008 λεγούσης
3430 940 3680 1010 Γραφῆς·
3723 942 3831 994 Ἐκ

2247 1022 2548 1090 στόματος
2578 1026 2812 1090 νηπίων
2841 1026 2940 1079 καὶ
2971 1026 3346 1092 θηλαζόντων
3378 1031 3708 1098 κατηρτίσω
3735 1029 3830 1086 αἷ-

2245 1127 2388 1166 νον·
2416 1114 2592 1184 ἐαυτῷ
2631 1116 2877 1187 ἁρμόσας
2909 1117 2970 1171 τὸ
3003 1118 3165 1187 ῥητὸν
3199 1118 3374 1183 τοῦτο,
3408 1122 3500 1172 καὶ
3527 1121 3703 1186 δείξας
3749 1125 3832 1194 μὴ

2245 1204 2529 1270 ὰνοικείως
2559 1207 2931 1279 προσάγεσθαι
2964 1209 3112 1279 αὐτῷ
3143 1211 3316 1276 δόξαν.
3358 1211 3449 1284 [t5
3473 1213 3528 1284 ὁ]
3561 1215 3670 1268 Καὶ
3724 1216 3832 1283 d1-

2245 1295 2391 1363 γελοι
2432 1297 2508 1365 δὲ,
2558 1299 2742 1368 φησὶν,
2779 1298 2964 1366 ἔλεγον
3013 1300 3298 1370 τεχθέντος
3332 1302 3518 1356 αὑτοῦ·
3568 1304 3721 1368 Δόξα
3752 1305 3830 1358 ἐν

2250 1386 2537 1455 ὑψίστοις
2575 1389 2716 1456 Θεῷ,
2746 1391 2846 1445 καὶ
2891 1391 2991 1445 ἐπὶ
3023 1391 3138 1462 γῆς
3167 1392 3400 1462 εἰρήνη.

557 1473 720 1535 dans,
744 1481 798 1527 et
826 1472 1050 1542 gloriam
1082 1473 1205 1536 sibi,
1236 1487 1359 1540 qua:
1386 1474 1455 1526 ab
1481 1473 1596 1543 ipso
1653 1473 1831 1528 aliena
1883 1474 1976 1538 sit,
2004 1479 2126 1540 ;non
2165 1478 2346 1536 oﬂ'crri
2381 1485 2779 1540 demonstrans.
2825 1485 2930 1541 Sed
2965 1495 3021 1540 et
3056 1487 3232 1554 angeli
3291 1487 3408 1557 ipso
3448 1496 3576 1544 nato
3606 1487 3828 1558 inquie-

558 1563 691 1618 bant
722 1583 737 1618 :
765 1562 946 1618 Gloria
973 1563 1086 1634 (88)
1116 1564 1168 1617 in
1200 1563 1475 1618 altissimis
1499 1564 1627 1629 Deo,
1655 1575 1703 1619 et
1746 1566 1801 1618 in
1842 1573 1981 1620 terra
2004 1583 2130 1638 pax,
2169 1580 2228 1624 ut
2256 1574 2421 1630 refert
2445 1578 2797 1646 evangelista.

1124 1652 1278 1707 CAP.
1321 1651 1562 1707 XXXIII.

893 1744 971 1799 De
1009 1744 1341 1798 adoratione.
1372 1743 1628 1813 Epilogus
1653 1743 1788 1814 (89).

618 1834 738 1889 Jam
770 1847 896 1886 vero
931 1848 1054 1886 eum
1101 1833 1272 1902 ipsum
1309 1831 1602 1887 viderimus
1635 1833 2018 1900 gloriﬁcatum,
2061 1835 2141 1888 vi-

549 1931 776 1979 deamus
802 1923 915 1994 (90)
964 1926 1211 1978 eunidem
1265 1924 1430 1978 etiam
1481 1926 1764 1978 adoratum
1801 1937 2138 1995 :utrmnque

549 2017 689 2070 enim
722 2017 829 2071 Deo
843 2026 897 2070 et
925 2015 1174 2070 convenit
1204 2024 1258 2069 et
1279 2015 1524 2079 debetur,
1546 2031 1650 2070 nou
1686 2030 1820 2072 vero
1849 2027 2136 2072 creaturae.

533 2108 625 2161 -Ita
651 2108 821 2163 sancti
868 2107 1132 2170 scribunt,
1167 2122 1300 2172 quos
1323 2107 1664 2176 subjicitnus.
1708 2106 1876 2160 David
1909 2107 1962 2160 in
1994 2107 2133 2177 psal-

548 2217 636 2255 mo
671 2215 829 2255 xcuv:
869 2191 1047 2254 Venite
1069 2199 1204 2270 (9i),
1235 2199 1536 2260 adoremus,
1565 2208 1612 2252 et
1643 2198 1980 2267 procidamus
2013 2213 2138 2252 ante

546 2292 717 2356 illum,
740 2302 787 2344 et
815 2291 1074 2359 ploremus
1104 2306 1280 2345 coram
1314 2290 1562 2356 Domino,
1590 2290 1680 2359 qui
1711 2290 1830 2358 fecit
1861 2306 1978 2351 nos,
2006 2293 2134 2360 quia

545 2383 655 2450 ipse
689 2389 768 2436 est
794 2382 932 2435 Deus
957 2393 1152 2446 noster,
1187 2391 1234 2434 et
1272 2398 1365 2435 nos
1404 2381 1625 2451 populus
1669 2397 1876 2450 pascua:
1915 2382 2049 2450 ejus,
2083 2391 2134 2436 et

546 2489 661 2526 oves
699 2489 885 2527 manus
923 2474 1076 2541 ejus;
1113 2482 1168 2528 et
1222 2474 1272 2527 in
1307 2489 1396 2527 ιιι
1434 2489 1444 2519 τ
1483 2472 1898 2527 Reminiscentur
1928 2473 2040 2546 (92)
2085 2485 2134 2529 et

545 2573 904 2618 convertentur
940 2563 1008 2617 ad
1064 2563 1346 2618 Dominum
1392 2565 1624 2618 universi
1666 2565 1796 2632 ﬁnes
1839 2574 2042 2631 terra;
2081 2575 2131 2620 et

544 2654 840 2706 adorabunt
876 2654 1242 2722 inconspectu
1289 2655 1403 2722 ejus
1447 2656 1700 2708 universa
1733 2655 1954 2723 familia:
2003 2673 2131 2725 gen-

545 2743 715 2807 tium;
750 2744 996 2812 quoniam
1032 2742 1246 2796 Domini
1276 2753 1348 2796 est
1375 2759 1611 2812 regnum,
1639 2753 1686 2798 et
1726 2745 1837 2809 ipse
1888 2745 2132 2800 domina-

545 2849 632 2890 tur
684 2835 932 2905 gentium.
994 2835 1262 2902 Quidnam
1316 2835 1530 2888 tandem
1589 2835 1664 2889 illi
1717 2836 1985 2905 inquient,
2037 2839 2128 2906 qui

540 2942 782 2983 seorsum
819 2927 1060 2982 tribuunt
1089 2927 1237 2982 Patri
1264 2927 1481 2995 quidem
1531 2941 1728 2982 nomen
1779 2928 1944 2992 Deus,
1995 2927 2130 2982 Filio

2863 1669 3022 1722 ΚΕΦ.
3064 1669 3186 1723 AI";

2380 1755 2521 1824 Περὶ
2559 1756 3055 1826 προσκυνήσεως.
3115 1761 3670 1830 Ἀνακεφαλαίωσις.

2313 1847 2522 1918 Ἰδομεν
2553 1849 2733 1903 τοίνυν
2769 1851 2932 1904 αὑτὸν
2978 1851 3366 1923 δοξαζόμενον,
3421 1854 3603 1926 ἴδομεν
3648 1855 3824 1910 αὑτὸν

2239 1941 2334 1994 καὶ
2368 1941 2872 2014 προσκυνούμενονυ
2921 1943 3208 2013 ἀμφότερα
3248 1944 3305 1996 δὲ
3342 1943 3462 2015 Θεῷ
3492 1946 3637 1999 ἐστιν
3679 1946 3825 2017 πρι-

2239 2050 2408 2087 ποντα
2436 2035 2530 2087 καὶ
2559 2034 2886 2105 ὀφειλόμενα
2906 2075 2921 2100 ,
2956 2034 3076 2103 οὐχ).
3108 2034 3164 2086 δὲ
3191 2034 3469 2105 κτίσματι,
3504 2036 3646 2090 καθὰ
3671 2039 3824 2109 γρά-

2238 2141 2426 2194 φουσιν
2457 2125 2508 2177 οἱ
2532 2125 2964 2195 ὑποτεταγμένοι
2991 2125 3135 2193 ἆγιοι
3155 2140 3169 2154 °
3198 2125 3360 2178 Δαυῒδ
3390 2127 3449 2178 ὲν
3473 2125 3552 2193 ιβ
3575 2126 3781 2198 ψαλμῷ
3802 2144 3820 2159 ο

2235 2217 2430 2282 Δεῦτε,
2465 2217 2989 2287 προσκυνήσωμεν
3014 2217 3113 2270 καὶ
3157 2217 3596 2288 προσπέσωμεν
3624 2219 3820 2286 αὐτῷ,

2235 2307 2335 2361 καὶ
2365 2309 2723 2376 κλαύσωμεν
2745 2306 3023 2360 ἐναντίον
3041 2307 3283 2374 Κυρίου,
3307 2306 3414 2360 τοῦ
3440 2306 3822 2376 ποιήσαντος

2232 2398 2410 2467 ἡμᾶς,
2429 2399 2516 2452 ὅτι
2534 2399 2716 2464 αὐτός
2733 2399 2905 2451 ἐστιν
2925 2400 2957 2451 ό
2977 2396 3123 2463 Θεὸς
3146 2396 3333 2466 ἡμῶν,
3352 2397 3451 2450 καὶ
3469 2397 3639 2467 ἡμεῖς
3654 2400 3822 2466 λαὸς

2232 2490 2420 2559 νομῆς
2463 2489 2671 2554 αὐτοῦ,
2706 2489 2804 2542 καὶ
2837 2489 3101 2556 πρόϐατα
3137 2488 3333 2557 χειρὸς
3361 2489 3545 2543 αὑτοῦ
3567 2505 3581 2520 ο
3614 2490 3709 2542 καὶ
3752 2491 3819 2544 ὲν

2231 2588 2338 2634 xu“
2379 2580 2847 2650 Μνησθήσονται
2866 2620 2880 2643 ,
2921 2578 3020 2633 καὶ
3061 2579 3610 2649 ἐπιστραφήσονται
3651 2581 3816 2650 πρὸς

2231 2673 2452 2739 Κύριον
2483 2669 2680 2724 πάντα
2715 2669 2789 2724 τὰ
2816 2668 3042 2736 πέρατα
3065 2665 3174 2735 τῆς
3209 2667 3321 2736 γῆς
3345 2683 3361 2700 ο
3392 2667 3493 2721 καὶ
3533 2683 3818 2734 προσκυ-

2230 2764 2533 2831 νήσουσιν
2574 2760 2830 2815 ἐνώπιον
2861 2759 3051 2814 αὐτοῦ
3089 2757 3280 2812 πᾶσαι
3319 2761 3380 2812 al
3409 2759 3641 2826 πατριαὶ
3683 2757 3815 2812 τῶν

2229 2853 2449 2909 ἐθνῶνο
2485 2853 2575 2907 ὅτι
2622 2853 2728 2906 τοῦ
2764 2852 2986 2920 Κυρίου
3027 2851 3067 2920 η
3104 2851 3428 2915 βασιλεία,
3477 2849 3575 2903 καὶ
3616 2849 3808 2917 αὐτὸς

2229 2945 2500 3006 δεσπόζει
2528 2944 2649 2999 τῶν
2673 2943 2880 2998 ἐθνῶν.
2905 2944 2971 2997 Τί
2992 2942 3208 3015 ἐροῦσιν
3229 2945 3337 3015 ἄρα
3363 2945 3411 2997 οἱ
3432 2943 3814 3013 ἀπονέμοντες

541 3030 724 3074 autem
749 3035 944 3075 nomen
982 3018 1240 3073 Dominus
1267 3019 1400 3090 (93),
1432 3033 1554 3073 cum
1583 3019 1805 3073 audiant
1829 3020 1916 3073 hic
1947 3020 2117 3073 Domi.

2225 3038 2393 3108 ὄνομα
2421 3035 2838 3106 κεχωρισμένως
2857 3075 2872 3098 ,
2897 3034 2975 3104 τῷ
3009 3006 3105 3104 μὲν
3134 3006 3309 3105 Harp).
3351 3033 3412 3086 τὸ
3446 3006 3616 3099 Θεὸς,
3635 3033 3718 3104 τῷ

541 3129 670 3167 num
695 3121 752 3168 et
788 3112 1026 3176 adorari,
1081 3121 1136 3166 et
1183 3112 1474 3176 dominari,
1526 3123 1580 3168 et
1632 3113 1802 3183 ipsius
1844 3128 1967 3168 esse
2036 3128 2124 3166 re-

540 3203 730 3274 gnum?
763 3204 915 3274 ιοι
959 3205 1025 3256 Ει
1051 3203 1327 3258 rursusin
1363 3219 1416 3258 Ix
1457 3203 1661 3272 psalmo
1709 3203 1820 3274 (94)
1862 3218 1879 3257 :
1919 3203 1988 3258 Et
2021 3207 2122 3256 ad-

540 3293 704 3345 orabo
719 3293 1030 3351 te.Domine.
1053 3293 1306 3364 fortitudo
1328 3310 1463 3348 mea.
1487 3293 1618 3348 Etin
1648 3309 1811 3349 cxxxt
1843 3313 1857 3348 :
1922 3289 2125 3344 Adore-

539 3401 654 3438 mus
676 3385 785 3451 (95)
814 3385 870 3440 in
897 3384 1030 3450 loco,
1071 3384 1161 3438 ubi
1180 3393 1437 3440 steterunt
1467 3385 1620 3450 pedes
1639 3383 1772 3452 ejus.
1800 3383 1996 3438 Paulus
2042 3400 2110 3439 ex

611 3557 726 3627 (8o)
773 3559 937 3614 Visio.
968 3560 1102 3615 Dan.
1129 3576 1208 3626 ιιι,
1246 3561 1334 3616 92.

608 3628 721 3698 (84)
773 3630 1080 3685 Benedicite.
1140 3632 1274 3687 Dan.
1327 3645 1424 3692 ιιι,
1479 3630 1568 3686 57.
1618 3628 1786 3685 Porro
1837 3629 2098 3698 hymnum

538 3703 697 3753 trium
728 3715 1012 3770 puerorum
1051 3709 1108 3755 ut
1134 3701 1380 3756 canonici
1410 3699 1531 3754 libri
1565 3709 1769 3769 partem
1813 3715 1841 3752 a
1872 3699 2098 3768 Didyme

537 3769 776 3838 agnitum
826 3769 990 3840 fuisse
1025 3784 1246 3840 apparet
1283 3786 1389 3825 non
1435 3772 1593 3824 modo
1638 3784 1705 3824 ex
1748 3770 1850 3823 hoc
1886 3772 2022 3840 loco,
2049 3776 2104 3840 et

537 3856 602 3893 ex
628 3854 795 3905 segni.
823 3839 890 3891 77
919 3858 972 3905 a,
1003 3838 1104 3894 sed
1123 3842 1284 3895 etiam
1320 3856 1384 3894 ex
1413 3843 1499 3904 iis,
1532 3855 1651 3910 qua:
1689 3841 1827 3910 idem
1863 3839 1930 3910 ad
1955 3838 2101 3906 psal-

539 3910 610 3962 mi
643 3924 812 3962 xxxiii
871 3911 1192 3965 versiculum
1229 3911 1262 3963 4
1292 3910 1514 3964 dictavit
1549 3907 1689 3978 'pag.
1725 3907 1835 3978 607i
1883 3907 2098 3978 Catena:

535 3995 581 4050 a7
607 3979 863 4050 Gorderio
898 3982 1066 4050 editae
1095 3999 1109 4034 :
1135 3980 1349 4050 Ὠσπερ
1391 3981 1444 4050 oi
1472 3981 1532 4032 ὲν
1553 3975 1766 4050 καμίνῳ
1796 3975 2101 4050 βληθέντες,

537 3995 564 4030 a
607 3995 863 4031 uoroeno
910 3995 1066 4033 emta:
1095 3999 1109 4034 ε
1138 3995 1349 4050 “·υσπερ
1391 3995 1441 4032 οι
1472 3995 1532 4032 εν
1553 3995 1766 4049 καμινῳ
1796 3995 1858 4048 pA
1899 3995 2101 4040 υεντες,

537 4049 631 4111 ait,
661 4048 718 4099 ἐν
748 4047 1091 4119 Βαϐυλῶνι...
1125 4049 1254 4119 Θεὸν
1277 4047 1591 4119 ὑμνοῦντες,
1630 4049 1810 4119 πᾶσαν
1848 3995 1948 4118 ’λιν
1972 4048 2107 4119 κτί-

537 4132 620 4187 σιν
643 4117 947 4187 παρέλαϐον
976 4121 1054 4182 εἰς
1073 4118 1251 4181 τοῦτο,
1278 4115 1332 4170 κζ
1358 4135 1410 4172 τ.
1436 4117 1486 4171 λ.
1517 4119 1568 4187 ιιι
1595 4128 1697 4180 est,
1719 4118 1863 4172 Sicut
1891 4115 2102 4185 quiBa-

535 4185 805 4256 bglone'in
832 4190 1095 4254 Iornacem
1125 4189 1268 4242 missi
1302 4199 1514 4250 sunt,...
1548 4186 1710 4241 Deum
1739 4188 1945 4256 hymnis
1974 4202 2103 4255 pro-

533 4265 796 4325 sequentes
822 4273 1024 4310 omnem
1051 4258 1120 4310 ad
1151 4257 1246 4310 hoc
1284 4269 1578 4310 creaturam
1609 4259 1956 4310 advocarunt.

604 4325 717 4396 (85)
758 4325 1139 4396 Irascerentitr.
1177 4326 1365 4379 Matth.
1406 4343 1519 4390 xxx,
1550 4325 1644 4396 15.

603 4394 713 4463 (86)
758 4395 1030 4450 llosanna.
1060 4395 1250 4450 Matth.
1283 4411 1396 4458 xxi,
1435 4396 1491 4450 9.
1535 4394 1665 4460 Quae
1714 4394 1804 4450 hic
1841 4394 2097 4462 primum,

534 4465 588 4518 in
623 4463 810 4519 Bibliis
837 4467 1128 4520 secundum
1159 4465 1332 4520 locum
1363 4465 1583 4518 habent.

602 4534 714 4604 (87)
761 4535 841 4604 lia:
869 4553 974 4590 ore.
1011 4535 1153 4590 Psal.
1181 4550 1299 4600 vin,
1337 4549 1478 4589 vers.
1515 4535 1569 4589 3.

603 4603 715 4671 (88')
754 4603 880 4658 Luc.
908 4621 969 4669 ιι,
1003 4605 1090 4660 14.

599 4673 714 4741 (89)
758 4675 1026 4746 Epilogus.
1081 4674 1135 4728 In
1177 4672 1386 4738 Graeco,
1422 4670 2096 4746 avauscpalalwatc,_sive,

532 4751 592 4795 ut
612 4740 824 4798 vetusti
857 4740 1177 4813 interpretes
1211 4753 1425 4798 vertere
1459 4740 1654 4806 solent,
1686 4740 2095 4813 recapitulotio:

527 4827 833 4882 quanquam
890 4810 1131 4870 Graecam
1160 4827 1362 4882 j'ocem
1416 4813 1638 4866 retineri
1680 4811 1863 4882 mallet
1909 4810 2098 4882 Hiero-

529 4880 723 4952 tiymus
749 4884 800 4937 in
825 4894 1116 4940 comment.
1150 4881 1320 4951 Epist.
1352 4883 1420 4936 ad
1447 4882 1642 4952 Ephes.
1677 4880 1785 4952 lib.
1808 4895 1847 4944 t,
1868 4895 2002 4952 cap.
2039 4881 2092 4942 l,

529 4947 586 5003 ut
611 4951 798 5023 Latine
822 4969 1034 5023 quoque
1069 4947 1341 5008 diceretur
1365 4947 1839 5023 anac'epbalaeosis.
1868 4947 2093 5023 Yidetor

527 5030 706 5075 autem
749 5019 852 5076 hic
881 5019 1050 5090 posita
1088 5038 1150 5077 ea
1185 5036 1312 5084 vox,
1355 5023 1478 5090 quia
1528 5019 1661 5076 nihil
1690 5021 1832 5074 aliud
1879 5020 2008 5072 facit
2039 5019 2091 5072 iu

526 5091 829 5171 hoecapitc
855 5093 1129 5164 Didymus,
1159 5092 1264 5146 nisi
1293 5091 1591 5161 Scriptura:
1617 5090 1923 5146 testimonia
1953 5103 2082 5144 cou-

523 5169 682 5228 gerit.

596 5228 706 5302 (90)
755 5230 1056 5302 Kideamus
1093 5231 1256 5301 Lego,
1291 5231 1508 5302 ἴδωμεν.

593 5299 708 5370 (9i)
755 5299 950 5370 Venite.
995 5300 1134 5355 Psal.
1165 5299 1305 5364 icuv,
1336 5299 1478 5354 vers.
1509 5299 1545 5353 6
1573 5308 1628 5353 et
1661 5299 1712 5354 7.

594 5368 707 5439 (9'2)
753 5369 1186 5426 Reminiscentur.
1218 5370 1360 5425 Psal.
1395 5384 1675 5436 xxt,vers.
1719 5368 1814 5436 29,
1867 5369 1957 5433 30,
2017 5369 2080 5422 3i

521 5435 637 5509 (seu
665 5439 736 5494 28
766 5451 819 5494 et
846 5439 961 5508 29).

593 5507 706 5577 (95)
747 5506 1018 5564 Dominus.
1062 5509 1310 5564 Eunomii
1355 5508 1624 5564 sententia
1670 5517 1809 5571 erat,
1868 5506 2086 5577 nomine

519 5575 724 5649 Κύριος
781 5595 876 5634 seu
930 5579 1204 5645 Dominus,
1257 5582 1398 5648 quod
1449 5579 1586 5632 Filio
1631 5579 1900 5649 tribuitur,
1957 5575 2082 5649 Filii

518 5647 830 5720 ipsiusuon
877 5650 1210 5720 dignitatem,
1262 5647 1358 5720 sed
1405 5649 1696 5720 essentiam
1744 5647 2078 5720 signiﬁcari;

519 5719 591 5771 ita
621 5719 828 5774 scilicet
862 5715 1118 5776 ml’atris
1148 5719 1360 5786 quidem
1384 5719 1618 5772 essentia
1651 5719 1722 5771 sit.
1766 5715 1987 5786 Θεὸτης,
2029 5717 2080 5768 id

517 5798 596 5844 est
633 5791 827 5855 Deitas,
869 5790 990 5846 Filii
1040 5807 1164 5847 vero
1199 5789 1428 5844 essentia
1468 5789 1539 5843 sit
1571 5787 1862 5857 Κυριὸτης,
1901 5789 1952 5841 id
1997 5797 2078 5841 est

2227 3129 2340 3199 Υεῷ
2365 3129 2424 3182 τὸ
2447 3130 2681 3197 Κύριος,
2711 3129 2990 3190 ἐπαΐοντες
3012 3127 3198 3180 ἐνθάδε
3219 3127 3311 3180 τὸν
3333 3127 3536 3200 Κύριον
3563 3143 3810 3198 προσκυ-

2223 3219 2426 3273 νεῖσθαι
2459 3219 2552 3272 ita)
2603 3217 2916 3281 δεσπόζειν,
2968 3218 3062 3270 καὶ
3109 3216 3274 3271 αὐτοῦ
3325 3213 3463 3271 εἶναι
3510 3217 3606 3288 τὴν
3639 3215 3810 3286 βασι-

2221 3311 2398 3375 λείαν;
2429 3310 2538 3364 Καὶ
2567 3309 2728 3362 πάλιν
2765 3311 2822 3362 ὲν
2861 3308 2906 3361 θ’
2957 3308 3192 3378 ψαλμῷο
3241 3308 3349 3362 Καὶ
3387 3308 3810 3377 προσκυνήσω

2217 3421 2310 3470 σε,
2340 3404 2537 3472 Κύριε,
2577 3404 2616 3472 η
2649 3403 2828 3472 ἰσχύς
2843 3418 2997 3471 μου·
3044 3403 3138 3454 καὶ
3163 3403 3222 3455 ὲν
3263 3400 3404 3473 ρλα’·
3444 3401 3808 3470 Προσκυνή-

2209 3558 2557 3622 Domineitas,
2606 3568 2665 3612 ut
2708 3559 2780 3612 ita
2814 3557 3030 3628 gdicam,
3077 3572 3193 3628 seu
3229 3557 3558 3622 Dominatio,
3592 3573 3804 3628 nempe

2207 3629 2309 3682 hoc
2337 3631 2479 3697 quod
2516 3641 2599 3683 εει
2637 3646 2745 3682 esse
2802 3627 3442 3697 DominnmaAbsurdam
3488 3643 3615 3682 vero
3642 3627 3802 3686 hanc

2207 3695 2514 3766 opinionem
2555 3697 3064 3764 refcllitGregorius
3091 3695 3541 3766 Nysseuusinitio
3578 3697 3703 3752 libri
3740 3717 3798 3756 vt

2208 3769 2264 3821 in
2293 3767 2633 3824 Eunomium.
2671 3772 2746 3822 Ac
2777 3766 3040 3837 videndus
3075 3767 3238 3822 etiam
3282 3768 3494 3837 Didymi
3537 3767 3674 3823 liber
3711 3769 3800 3825 De

2212 3839 2415 3906 Spiritu
2448 3851 2650 3901 sancto,
2682 3853 2833 3906 num.
2858 3835 2948 3890 9.9.

2282 3909 2394 3974 (94)
2429 3909 2495 3961 Et
2526 3909 2776 3960 adorabo.
2809 3905 2942 3960 Cum
2968 3905 3055 3961 hic
3083 3905 3232 3962 locus
3262 3906 3315 3960 in
3345 3905 3531 3960 Bibliis
3554 3909 3797 3965 omnino

2211 3993 2317 4032 non
2352 3988 2546 4038 exstet,
2597 3977 2785 4046 psalmi
2833 3990 2946 4030 xvu
2983 3979 3152 4039 prima
3210 3979 3396 4041 verba,
3433 3975 3660 4045 Diligam
3704 3993 3793 4047 te,

2211 4047 2454 4113 Domine,
2495 4049 2746 4117 fortitudo
2789 4063 2940 4112 mea,
2977 4060 3007 4100 a
3051 4047 3278 4118 Didymo
3321 4048 3510 4118 respici
3542 4049 3796 4118 conjice-

2208 4133 2346 4181 rem,
2386 4116 2758 4172 nisi’obstaret
2793 4124 2904 4170 tum
2949 4116 3169 4176 vocula,
3206 4126 3276 4174 et.
3334 4127 3443 4169 tum
3482 4116 3791 4178 discrimen

2205 4190 2349 4256 quod
2389 4188 2613 4242 interest
2656 4203 2759 4240 non
2795 4187 3061 4239 modicum
3096 4187 3238 4241 inter
3263 4186 3555 4254 ἀγαπήσω,
3609 4189 3661 4241 id
3691 4201 3792 4248 est

2203 4257 2447 4326 diligam,
2485 4266 2563 4328 Aet
2606 4257 3003 4328 προσκυνήσω,
3031 4257 3105 4328 _id
3158 4265 3242 4311 est
3288 4258 3554 4328 adorabo,
3609 4275 3787 4326 quam

2205 4325 2392 4381 vocem
2444 4326 2531 4380 hic
2591 4325 2844 4396 Didymus
2876 4325 3172 4390 inculcat;
3227 4340 3293 4382 ac
3349 4326 3449 4379 nisi
3507 4325 3784 4393 praeterea

2205 4396 2520 4450 incredibile
2543 4396 2836 4457 videretur,
2869 4411 3014 4458 eum,
3038 4465 3041 4466 ν
3063 4396 3156 4466 qui
3197 4397 3452 4449 memoria
3496 4405 3791 4464 tauwpene

2124 4502 2176 4562 Β
2204 4467 2456 4562 pollebalt,
2483 4467 2556 4548 .in
2593 4467 2810 4562 citaqdo
2841 4480 2916 4562 ea
2934 4465 3144 4562 psalmo
3183 4466 3576 4562 lapsum‘qsse,
3609 4483 3786 4535 quem

2209 4534 2260 4588 in
2305 4536 2528 4589 ecclesia
2558 4545 2828 4590 Cantatum
2855 4535 3161 4590 sexcenties
3198 4549 3323 4588 eum
3357 4534 3640 4590 audivisse
3661 4553 3778 4594 non

2205 4607 2411 4659 dubito.
2455 4606 2582 4671 Quae
2623 4621 2745 4660 cum
2789 4605 2861 4658 ita
2914 4619 2974 4658 se
3033 4607 3288 4667 habeant,
3330 4613 3426 4658 aut
3472 4608 3782 4674 putandum

2204 4684 2307 4736 est,
2341 4691 2402 4730 ea
2429 4677 2591 4728 verba
2635 4676 2735 4729 etsi
2771 4675 2822 4727 in
2861 4689 3004 4730 nouo
3033 4675 3239 4741 psalmo
3277 4688 3384 4727 non
3417 4685 3654 4740 exstent,
3711 4679 3780 4733 in

2203 4744 2384 4813 aliquo
2431 4756 2610 4798 tamen
2661 4745 2768 4798 alio
2813 4744 3106 4812 Scriptura:
3141 4745 3259 4797 loco
3291 4743 3418 4814 legi,
3457 4759 3616 4811 quem
3665 4761 3781 4814 ego

2203 4829 2307 4866 non
2348 4817 2682 4877 invenerim;
2719 4822 2815 4867 aut
2851 4814 3156 4877 dicendum,
3185 4813 3539 4881 exemplaria,
3567 4813 3779 4882 quibus

2202 4882 2458 4953 Didymus
2524 4885 2795 4947 utebatur,
2859 4884 3174 4953 addimenta
3249 4882 3428 4948 aliqua
3489 4884 3775 4940 habuisse.

2201 4951 2373 5006 Simili
2407 4953 2562 5007 modo
2593 4954 2822 5008 Irenaeus
2858 4951 2949 5004 lib.
2995 4968 3070 5016 iv,
3114 4967 3233 5021 cap.
3285 4953 3377 5014 52,
3419 4955 3581 5006 verba
3615 4969 3775 5020 quae-

2200 5025 2321 5075 dam
2354 5038 2386 5075 e
2421 5023 2714 5089 Scripturis
2743 5022 2954 5090 allegat,
2984 5037 3104 5090 quae
3137 5023 3298 5075 modo
3343 5026 3395 5076 in
3440 5022 3623 5076 Bibliis
3657 5041 3771 5079 ιιοιι

2201 5091 2446 5158 leguntur
2475 5111 2488 5146 :
2517 5093 2632 5146 haec
2680 5093 2823 5146 enim
2869 5093 2938 5144 ibi
3002 5091 3218 5158 scripsit
3254 5110 3267 5146 :
3305 5092 3770 5158 Quemadmodum

2147 5217 2156 5226 ο
2196 5161 2325 5213 alibi
2369 5163 2439 5214 ait
2474 5175 2494 5213 :
2529 5180 2547 5212 ι
2575 5161 2907 5228 Sacriﬁcium
2963 5159 3108 5222 Deo,
3155 5178 3268 5229 cor.
3299 5162 3706 5216 contribulatum
3744 5179 3772 5223 ,-

2196 5232 2327 5284 odor
2348 5231 2620 5302 suavitatis
2649 5230 2778 5295 Deo,
2818 5245 2908 5283 cor
2935 5231 3232 5297 clariﬁcans
3258 5249 3396 5302 eum,
3419 5233 3509 5301 qui
3527 5232 3771 5302 plasma-

2193 5303 2315 5354 vit.»
2349 5303 2486 5366 Quin
2512 5300 2759 5354 Clemens
2783 5315 2998 5370 quoque
3022 5302 3072 5354 in
3096 5302 3233 5354 libro
3261 5300 3544 5370 l’tedagogi
3574 5306 3767 5369 tertio,

2195 5383 2476 5439 postquam
2523 5371 2651 5423 illud
2685 5371 2876 5437 psalmi
2921 5387 2954 5423 ι.
2999 5371 3198 5432 attulit,
3262 5372 3601 5435 Sacrificium
3650 5372 3769 5422 Do-

2193 5441 2334 5492 mino
2359 5441 2570 5506 spiritus
2595 5441 2868 5503 contritus,
2894 5439 3167 5507 subjungit
3191 5458 3204 5494 :
3233 5439 3510 5505 Quodnam
3536 5441 3770 5494 Domino

2192 5512 2456 5563 incensum
2511 5510 2777 5578 offeram?
2841 5527 2860 5560 ι
2885 5509 3053 5574 Odor,
3089 5513 3281 5577 inquit,
3315 5511 3594 5563 suavitatis
3643 5507 3768 5565 Deo

2191 5592 2263 5649 est
2294 5583 2571 5649 corpquod
2609 5579 2870 5649 glori/iret
2918 5595 3035 5633 eum
3078 5581 3167 5648 qui
3229 5582 3401 5648 ipsum
3439 5579 3708 5648 formarit.
3735 5599 3761 5631 ι

2196 5648 2324 5703 Vide
2354 5648 2510 5712 infra,
2548 5650 2592 5704 si
2615 5648 2825 5720 placet,
2856 5659 3012 5704 notas
3039 5653 3104 5703 ad
3132 5665 3298 5720 segm.
3329 5650 3398 5720 93
3425 5668 3478 5704 a.

2260 5720 2370 5790 (95)
2411 5721 2719 5775 Adoremus.
2754 5717 2894 5774 Psal.
2935 5733 3121 5788 cxxxt,
3155 5717 3296 5777 vers.
3331 5717 3385 5772 7.
