4104 6408
312 373 423 430 453

1419 376 1510 431 DE
1548 376 1925 433 TRINITATE
1964 377 2167 432 LIBER
2203 379 2482 438 PRIMUS.

3478 394 3584 447 434

309 506 511 559 σωμεν
537 490 627 555 εις
657 488 769 543 τὸν
797 492 1007 554 τόπον,
1049 486 1121 548 οὗ
1156 491 1431 560 ἔστησαν
1481 498 1533 548 οἱ
1563 495 1747 561 πόδες
1787 496 1895 548 αὐ-

2004 496 2207 550 cantico
2226 497 2629 553 Deuteronomii
2660 502 2876 557 scribit:
2911 502 3043 558 Cum
3070 505 3181 575 (96)
3202 523 3318 560 vero
3340 508 3584 563 introdu-

308 580 442 634 τοῦ.
473 577 689 645 Παῦλος
704 580 771 633 ἐκ
791 581 890 650 τῆς
918 580 1060 651 ᾠδῆς
1081 579 1175 634 τοῦ
1199 583 1623 653 Δευτερονομίου
1645 584 1891 655 γράφων·

312 676 500 727 Ὅταν
523 672 592 725 δὲ
614 671 906 742 εἰσαγάγῃ
932 674 1039 727 τὸν
1062 676 1448 741 Πρωτότοκον
1468 677 1554 741 εἰς
1570 674 1687 742 τὴν
1700 678 1898 730 οἰκου-

304 764 520 835 μένην,
532 765 698 834 λέγει
718 779 733 794 ⁸
754 765 865 819 Καὶ
878 764 1480 833 προσκυνησάτωσαν
1498 765 1657 831 αὐτῷ
1672 765 1894 833 πάντες

306 857 553 926 ἄγγελοι
586 856 758 911 Θεοῦ.
788 856 899 910 Kal.
927 856 955 908 ὁ
987 858 1407 929 εὐαγγελιστήςο
1448 854 1660 924 Εἶπον,
1709 860 1893 929 φησὶν,

308 953 361 1002 οἱ
387 946 597 1017 μάγοι·
651 947 894 1017 Ἰδομεν
927 950 1114 1005 αὑτοῦ
1140 950 1248 1003 τὸν
1273 950 1500 1019 ἀστέρα
1538 951 1607 1005 ὲν
1653 949 1729 1020 τῇ
1755 951 1898 1005 ἁνα-

310 1039 486 1107 τολῇ,
518 1040 616 1094 καὶ
656 1040 923 1110 ἤλθομεν
957 1042 1381 1112 προσκυνῆσαι
1417 1044 1577 1109 αὐτῷ
1599 1061 1613 1075 ·
1660 1044 1756 1097 καὶ
1787 1043 1895 1097 πά-

313 1131 421 1185 λινσ
461 1132 628 1198 Ἰδοὺ,
665 1134 831 1203 φησὶν
850 1174 865 1199 ,
899 1135 1120 1203 λεπρὸς
1144 1132 1333 1206 ἦλθεν
1353 1178 1368 1203 ,
1399 1137 1499 1190 καὶ
1529 1137 1891 1205 προσεκύνει

318 1222 478 1288 αὺτῷ
497 1241 511 1254 ·
536 1226 632 1278 καὶ
655 1225 821 1280 πάλιν
847 1226 997 1298 παρὰ
1022 1227 1287 1299 Ματθαίῳ
1310 1228 1475 1300 φησίν
1495 1244 1509 1258 ·
1558 1229 1897 1282 Ἐκόπασεν

318 1316 355 1368 ό
381 1315 595 1384 ἄνεμος
612 1332 627 1346 ·
658 1319 713 1370 οὶ
732 1315 800 1369 δὲ
824 1316 894 1369 ἐν
917 1315 997 1382 τῷ
1018 1319 1210 1381 πλοίῳ
1228 1318 1697 1386 προσεκύνησαν
1714 1315 1895 1381 αὐτῷ,

313 1404 597 1474 λέγοντες
616 1423 629 1438 ·
697 1406 952 1475 Ἀληθῶς
1008 1408 1157 1463 Θεοῦ
1226 1410 1359 1475 Υἱὸς
1396 1405 1482 1463 εἴ.
1528 1409 1638 1461 Καὶ
1675 1409 1735 1461 οὐ
1775 1407 1899 1462 καθ’

311 1499 499 1567 ἡμᾶς,
540 1499 739 1570 φησὶν,
774 1501 902 1564 τοὺς
944 1501 1164 1573 ἀφθόνῳ
1203 1501 1297 1574 [44
1355 1500 1411 1574 a]
1459 1502 1639 1572 δωρεᾷ
1672 1500 1901 1571 ἐπικλη-

309 1592 507 1654 θέντας
539 1591 710 1655 υἱούς.
747 1591 888 1657 Καὶ,
923 1593 1146 1661 Ἄρχων
1168 1610 1261 1659 τις
1307 1593 1671 1662 προσεκύνει
1708 1589 1894 1656 αὐτῷ.

2001 589 2072 641 cit
2106 592 2503 659 primogenitum
2536 594 2591 647 in
2620 595 2793 648 orbem
2828 607 3003 661 terra),
3035 598 3162 651 dicit
3195 614 3216 653 :
3252 598 3320 653 Et
3364 599 3584 655 adorent

2002 679 2113 751 (97)
2148 698 2261 734 eum
2320 699 2491 737 omnes
2522 686 2692 755 angeli
2741 687 2882 751 Dei;
2924 699 2978 743 et
3024 690 3376 759 evangelista,
3410 691 3577 745 Dixe-

2002 774 2282 845 runt(98).
2340 777 2536 846 inquit,
2580 782 2769 850 magi:
2819 780 3061 837 Vidimus
3110 784 3314 837 stellam
3368 784 3480 853 ejus
3530 786 3583 839 in

2003 864 2238 929 Oriente,
2271 877 2317 920 et
2346 871 2583 925 venimus
2612 872 2837 926 adorare
2860 873 3052 938 ipsum.
3094 874 3159 927 Et
3183 889 3392 939 rursus,
3450 873 3584 929 Ecce

2004 957 2138 1030 (99),
2168 959 2361 1028 inquit,
2388 961 2620 1031 leprosus
2643 964 2798 1029 venit,
2841 976 2886 1019 et
2912 965 3169 1021 adorabat
3226 983 3362 1020 eum.
3421 967 3582 1022 Item-

2002 1063 2107 1121 que
2136 1050 2273 1118 apud
2305 1048 2614 1107 Matthaeum
2676 1052 2910 1122 legitur:
2948 1053 3181 1109 Cessavit
3229 1054 3305 1125 (l)
3364 1066 3583 1121 ventus;

2000 1138 2092 1209 qui
2124 1152 2296 1195 autem
2322 1144 2376 1196 in
2408 1144 2651 1198 navicula
2685 1154 2857 1208 erant,
2914 1148 3263 1200 adoraverunt
3310 1164 3453 1213 eum,
3500 1149 3583 1202 di-

1999 1240 2206 1285 centes:
2247 1230 2371 1286 Vere
2396 1232 2567 1288 Filius
2602 1235 2695 1289 Dei
2715 1252 2787 1288 es.
2817 1235 2976 1302 Quasi
3007 1238 3243 1293 dicerent
3293 1254 3306 1290 :
3344 1236 3412 1293 Et
3473 1254 3581 1293 non

1998 1319 2137 1374 sicut
2172 1337 2291 1385 nos.
2328 1325 2417 1393 qui
2442 1339 2507 1379 ex
2532 1327 2786 1382 muniﬁco
2811 1329 2955 1383 dono
2986 1330 3434 1399 cognominamur
3464 1328 3578 1382 ﬁlii.

2002 1410 2068 1464 Et
2086 1410 2212 1466 alibi
2243 1427 2257 1464 :
2288 1413 2515 1478 Quidam
2544 1413 2621 1485 (ἓ)
2649 1418 2889 1485 princeps
2914 1417 3172 1471 adorabat
3204 1432 3341 1470 eum.
3370 1416 3437 1469 Et
3462 1426 3584 1487 post

2005 1500 2153 1557 illius
2176 1504 2622 1560 resurrectionem
2658 1507 2885 1576 apostoli
2913 1507 2965 1561 in
2991 1516 3195 1570 monte,
3222 1516 3281 1560 ut
3307 1507 3382 1561 ait
3412 1521 3579 1561 evan-

2006 1593 2198 1658 geliSta
2225 1594 2326 1665 (5),
2378 1592 2619 1649 Videntes
2643 1612 2782 1660 eum,
2806 1597 3154 1651 adoraverunt
3185 1597 3377 1665 ipsum.

306 1686 423 1739 Καὶ
474 1686 616 1757 μετὰ
676 1686 775 1759 τὴν
824 1687 1121 1743 ἀνάστασιν
1154 1686 1324 1743 αὐτοῦ
1370 1690 1429 1742 ὲν
1484 1687 1562 1759 τῷ
1619 1686 1768 1758 δρει,
1837 1683 2043 1757 φησὶν,
2076 1690 2142 1742 Ol
2191 1689 2523 1745 ἀπόστολοι
2562 1690 2792 1756 ἰδόντες
2828 1691 3046 1758 αὐτὸν,
3110 1689 3584 1759 προσεκύνησαν

305 1781 492 1848 αὐτῷ.

939 1873 1095 1928 ΚΕΦ.
1159 1874 1278 1927 ΛΔν.

416 2014 562 2083 Περὶ
591 2012 701 2083 τῆς
728 2014 880 2083 πρὸς
918 2015 1028 2069 τὸν
1065 2016 1213 2070 Θεὸν
1238 2015 1472 2084 Πατέρα
1506 2017 1787 2084 πίστεως.

381 2105 550 2159 mea
573 2105 751 2161 τοίνυν
772 2108 871 2179 τῆς
904 2108 1125 2180 Γραφῆς
1165 2106 1405 2179 μείζονα,
1436 2108 1469 2179 ἢ
1507 2109 1637 2181 περὶ
1663 2109 1756 2163 τοῦ
1787 2110 1901 2163 Πα-

304 2196 465 2265 τρὸς,
491 2198 632 2250 κατὰ
663 2198 724 2251 τὸ
763 2199 1087 2270 φαινόμενον
1122 2199 1389 2271 λεγούσης
1427 2202 1599 2256 πολλὰ
1634 2201 1763 2273 περὶ
1803 2203 1897 2257 τοῦ

306 2286 472 2352 Υἱοῦ,
499 2289 595 2341 καὶ
621 2288 888 2361 δηλούσης
912 2289 1075 2343 αὐτὸν
1108 2291 1524 2362 παντοκράτορα
1553 2292 1645 2345 καὶ
1668 2293 1900 2365 ποιητὴν

304 2381 427 2431 τῶν
456 2378 670 2433 αἰώνων
689 2419 704 2444 ,
746 2382 840 2434 καὶ
881 2381 1098 2434 πάντων
1132 2382 1493 2454 δημιουργὸνσ
1523 2384 1618 2437 καὶ
1648 2383 1899 2454 ἀληθινὸν

308 2466 472 2529 Θεὸν,
517 2467 613 2521 καὶ
650 2467 750 2521 οὐκ
780 2468 973 2539 ἔχοντα
1013 2469 1118 2541 πρὸ
1160 2471 1327 2524 αὑτοῦ
1367 2471 1501 2525 Θεόν
1525 2488 1540 2503 ο
1581 2473 1675 2526 καὶ
1715 2474 1899 2528 ἐπάνω

310 2556 560 2621 πάντων,
588 2557 682 2610 καὶ
707 2558 881 2629 μέγαν
913 2561 1008 2614 καὶ
1038 2561 1130 2613 ἐπὶ
1159 2561 1378 2615 πάντων
1404 2563 1556 2626 Θεὸν,
1590 2564 1728 2635 πρὸς
1749 2565 1807 2619 ὃν
1836 2566 1897 2618 οὐ

308 2646 697 2718 λογισθήσεται
731 2648 948 2720 ἕτερος·
976 2652 1068 2703 καὶ
1107 2653 1171 2703 ὲκ
1211 2649 1399 2716 δεξιῶν
1428 2654 1899 2724 συγκαθεζόμενον

304 2737 391 2807 τῷ
420 2737 618 2809 Πατρὶ,
650 2739 744 2792 καὶ
777 2742 858 2803 εἰς
881 2739 973 2794 τὸν
999 2741 1197 2795 κόλπον
1230 2742 1394 2796 αὑτοῦ
1422 2743 1552 2797 ὅντα
1570 2762 1583 2775 ·
1612 2746 1705 2798 καὶ
1733 2746 1898 2799 αὐτὸν

306 2824 459 2879 εἶναι
489 2827 589 2899 τὴν
626 2828 845 2883 αἰώνιον
875 2830 1042 2902 ζωὴν,
1085 2833 1176 2886 καὶ
1213 2833 1328 2901 φῶς
1364 2833 1426 2886 τὸ
1464 2832 1715 2903 ἀληθινὸν
1738 2874 1752 2897 ,
1806 2836 1898 2887 καὶ

308 2920 541 2972 πάντων
562 2919 786 2990 Κύριον,
813 2922 910 2974 καὶ
928 2923 1089 2992 μόνον
1109 2924 1385 2995 Δεσπότην
1405 2924 1500 2977 καὶ
1524 2925 1895 2999 ὲξουσιαστήν·

309 3005 528 3073 οὗτινος
559 3011 592 3081 ή
623 3012 722 3083 μὲν
750 3014 939 3085 εἰρήνη
972 3013 1072 3069 οὐκ
1096 3014 1207 3086 ἔχει
1230 3016 1398 3086 ὃριον,
1427 3016 1562 3070 ἀλλὰ
1600 3020 1693 3072 καὶ
1733 3019 1898 3091 ὑπερ-

310 3102 433 3171 ἔχει
472 3103 652 3156 πάντα
687 3104 841 3158 νοῦν·
887 3107 923 3176 ὴ
974 3106 1030 3159 δὲ
1071 3105 1317 3176 βασιλεία
1361 3108 1745 3182 ἀτελεύτητος·
1804 3110 1897 3163 καὶ

312 3194 375 3247 ὲν
408 3194 603 3266 μηδενὶ
634 3194 780 3267 ἄλλῳ
808 3192 948 3250 εἶναι
974 3198 1074 3266 τὴν
1105 3199 1377 3269 σωτηρίαν
1400 3216 1414 3229 ’
1443 3201 1646 3254 καὶτὸν
1678 3201 1896 3273 Πατέρα

2566 1869 2720 1927 CAP.
2756 1868 2998 1926 XXXIV.

2419 2012 2492 2067 De
2519 2012 2622 2080 ﬁde
2657 2012 2712 2065 in
2735 2010 2899 2065 Deum
2933 2011 3171 2067 Patrem.

2076 2104 2548 2175 Quemadmodum
2584 2118 2749 2171 porro
2774 2104 2873 2158 etsi
2904 2104 3071 2156 multa
3103 2105 3170 2157 de
3206 2103 3344 2158 Filio
3378 2101 3581 2169 majora

2005 2203 2056 2257 in
2090 2199 2345 2267 speciem,
2371 2212 2529 2267 quam
2561 2199 2627 2251 de
2656 2194 2834 2260 Patre,
2871 2193 3149 2265 Scriptura
3181 2194 3348 2260 dicat,
3384 2203 3439 2249 ct
3489 2193 3583 2248 Fi-

2004 2292 2131 2345 lium
2164 2290 2340 2360 ipsum
2379 2287 2803 2355 omnipotentem
2833 2300 2957 2340 esse
3009 2286 3268 2349 declaret.
3311 2302 3375 2341 ac
3414 2285 3583 2340 facto-

2005 2400 2115 2437 rem
2145 2379 2487 2445 saaculorum,
2516 2387 2570 2432 et
2594 2392 2770 2431 rerum
2825 2378 3064 2432 omnium
3113 2378 3468 2443 conditorem,
3528 2388 3584 2433 et

2002 2486 2189 2525 verum
2224 2466 2632 2536 Deum,quique
2673 2464 2840 2519 Deum
2873 2476 2999 2520 ante
3016 2480 3199 2519 senon
3255 2465 3468 2529 habeat,
3526 2475 3583 2522 et

2002 2577 2165 2631 supra
2191 2559 2370 2614 omnia
2402 2557 2753 2612 exsistentem
2784 2554 2933 2610 illum
2966 2564 3147 2619 vocet,
3170 2571 3233 2610 ac
3300 2572 3579 2625 magnum,

2001 2664 2055 2709 et
2085 2666 2246 2721 super
2282 2649 2465 2705 omnia
2505 2648 2697 2714 Deum,
2741 2655 2794 2702 et
2820 2662 2930 2717 pra:
2966 2663 3070 2714 quo
3099 2663 3201 2700 non
3246 2648 3582 2718 reputabitur

2002 2744 2157 2810 alter,
2183 2753 2239 2798 et
2271 2757 2298 2797 a
2334 2742 2544 2796 dextris
2580 2739 2858 2794 sedentem
2887 2754 2989 2792 una
3020 2754 3141 2792 cum
3169 2737 3350 2805 Patre,
3380 2747 3435 2792 et
3481 2753 3581 2793 ex-

2002 2840 2279 2891 sistentem
2306 2834 2362 2889 in
2389 2834 2511 2888 sinu
2543 2830 2680 2900 ejus,
2724 2839 2780 2886 et
2832 2830 3006 2901 ipsum
3047 2845 3164 2884 esse
3217 2830 3360 2884 dicat
3415 2829 3579 2884 vitam

2002 2941 2282 2993 mlernam,
2310 2936 2365 2983 et
2389 2925 2566 2981 lucem
2588 2938 2795 2988 veram,
2824 2934 2877 2977 et
2904 2923 3144 2978 omnium
3188 2924 3492 2989 Dominum,
3524 2933 3582 2979 et

2003 3020 2173 3074 solum
2200 3017 2482 3071 Dominum
2526 3025 2580 3070 et
2596 3014 2989 3068 dominatorem
3013 3026 3029 3065 :
3055 3012 3207 3081 cujus
3230 3026 3333 3081 pax
3362 3014 3577 3082 quidem

2005 3128 2103 3165 nec
2133 3109 2294 3164 habet
2325 3108 2482 3177 102
2507 3108 2821 3171 terminum,
2852 3114 2907 3159 et
2936 3114 3155 3173 superat
3180 3120 3394 3161 onmem
3421 3121 3579 3159 ineu-

2007 3214 2134 3265 tem,
2165 3216 2388 3270 regnum
2438 3208 2619 3252 autem
2653 3198 2761 3251 line
2804 3204 2975 3261 caret,
3012 3206 3175 3265 atque
3213 3196 3267 3250 in
3301 3195 3448 3251 nullo
3476 3196 3583 3251 alio

311 3286 500 3340 ἕλκειν
550 3287 690 3361 πρὸς
726 3288 817 3343 τὸν
860 3290 986 3343 Υίδν
1013 3291 1137 3355 τοὺς
1181 3288 1394 3356 ἀξίους·
1428 3294 1549 3346 κατ’
1582 3293 1733 3347 οὐδὲν
1760 3295 1893 3347 ὑπο-

2004 3294 2221 3348 salutem
2243 3305 2387 3352 esse,
2419 3298 2476 3344 et
2498 3289 2707 3343 Patrem
2736 3288 2801 3342 ad
2834 3287 3028 3343 Filium
3058 3288 3274 3342 trahere
3330 3302 3446 3353 eos,
3469 3288 3563 3366 qui

319 3379 603 3453 ὃεέστερος
643 3380 664 3450 (
687 3380 764 3453 μὴ
807 3381 1091 3453 γένοιτοί)
1131 3381 1412 3455 νομίζεται
1442 3386 1472 3438 ὁ
1520 3385 1730 3456 Πατὴρ,
1765 3384 1798 3456 ἢ
1838 3387 1901 3439 τὸ

324 3469 555 3540 Πνεῦμα
582 3471 785 3525 αὐτοῦ*
822 3473 914 3528 τὸν
960 3473 1073 3527 ἴσον
1115 3474 1337 3544 τρόπον,
1384 3474 1735 3548 θεολογούσης
1773 3477 1901 3547 περὶ

328 3557 425 3611 τοῦ
463 3561 672 3633 Harpe;
715 3561 917 3632 ὑψηλὰ,
963 3564 1065 3617 οὐκ
1105 3563 1310 3632 ὀφείλει
1351 3563 1429 3629 ὡς
1482 3565 1823 3638 μικρότερος,
1865 3565 1900 3636 ἢ

327 3646 579 3716 ἀνόμοιος
596 3647 905 3717 λογίζεσθαι
929 3651 957 3703 ὁ
985 3651 1315 3723 Μονογενὴς,
1343 3652 1376 3723 ἢ
1403 3652 1462 3706 τὸ
1482 3652 1635 3722 ἆγιον
1656 3653 1899 3725 Πνεῦμα.

327 3737 597 3810 οὒδεμιᾶς
630 3739 742 3812 γὰρ
775 3742 997 3814 κτιστῆς
1020 3743 1298 3814 δυνάμεώς
1331 3746 1497 3810 ἐστιν,
1529 3745 1696 3817 μόνης
1723 3745 1780 3799 δὲ
1804 3746 1903 3817 τῆς

322 3827 607 3895 anis-ron,
637 3832 707 3884 τά
738 3848 799 3884 τε
838 3832 1304 3903 μνημονευθέντα,
1338 3833 1435 3887 καὶ
1468 3834 1529 3887 τὸ
1554 3834 1903 3906 δημιουργεῖν

319 3920 514 3972 οὐσίαν
555 3921 614 3985 ἐξ
659 3922 759 3975 οὐκ
807 3923 1006 3989 ὄντων,
1050 3925 1147 3977 καὶ
1189 3924 1441 3997 λογικήν·
1484 3925 1767 3989 ζωοποιεῖν
1807 3943 1899 3979 τε·

319 4010 604 4081 ἁμαρτίας
635 4029 696 4065 τε
746 4017 1087 4085 συγχωρεῖν
1122 4017 1218 4070 καὶ
1266 4016 1366 4088 τὴν
1408 4017 1586 4071 κτίσιν
1640 4017 1773 4071 ἰδίαν
1818 4017 1905 4071 λέ-

2004 3382 2149 3450 digni
2180 3389 2305 3434 sunt
2337 3394 2349 3427 :
2384 3388 2561 3432 tamen
2594 3376 2738 3431 nullo
2758 3376 2916 3445 plane
2946 3376 3105 3431 modo
3146 3377 3321 3429 minor
3366 3374 3578 3446 (apage

2005 3470 2357 3543 impietatem)
2392 3477 2613 3540 putatur
2652 3467 2831 3533 Pater,
2884 3476 2981 3521 aut
3020 3467 3255 3537 Spiritus
3290 3467 3407 3537 ejus
3438 3483 3454 3519 :
3490 3484 3582 3521 ea.

2008 3563 2132 3619 dem
2164 3562 2375 3618 ratione
2400 3577 2523 3617 cum
2551 3560 2801 3616 sublimia
2834 3562 2900 3616 de
2923 3560 3085 3615 Patre
3120 3560 3398 3630 Scriptura
3428 3560 3579 3627 dicit,

2005 3669 2108 3709 non
2137 3655 2295 3709 debet
2330 3653 2526 3717 minor,
2560 3660 2653 3706 aut
2683 3651 2961 3707 dissimilis
2994 3650 3327 3721 lluigenitus,
3357 3655 3438 3706 vel
3468 3652 3583 3719 Spi-

2005 3748 2142 3801 ritus
2166 3756 2388 3802 sanctus
2422 3744 2679 3814 reputari.
2712 3743 2920 3798 Nullius
2938 3742 3082 3797 enim
3138 3751 3336 3798 creatae
3392 3754 3584 3812 poten-
3682 3816 3685 3819 γ

2005 3840 2113 3902 tiae,
2144 3838 2239 3893 sed
2270 3838 2526 3892 increatae
2552 3835 2817 3890 duntaxat
2844 3834 3054 3905 propria
3096 3842 3299 3889 suntet
3349 3848 3412 3888 ea
3462 3847 3583 3902 quae

2004 3937 2424 3985 commemorata
2482 3927 2718 3990 fuerunt,
2779 3933 2834 3981 et
2885 3924 3249 3980 substantiam
3300 3938 3367 3978 ex
3415 3924 3583 3979 nihilo

2008 4036 2232 4088 creare;
2266 4029 2321 4076 et
2354 4017 2671 4073 rationalem
2707 4030 2825 4071 eam
2857 4015 3068 4083 facere;
3092 4025 3147 4072 et
3169 4016 3311 4071 illam
3347 4016 3585 4071 viviﬁca-

317 4116 478 4169 γεινο
519 4103 614 4154 καὶ
650 4102 713 4155 ὲκ
755 4102 862 4157 τῶν
895 4105 1028 4159 ῐσων
1073 4105 1366 4174 γινώσκειν
1406 4107 1498 4161 τὸν
1545 4107 1784 4179 Πατέρα,
1828 4109 1899 4173 ὠς

2010 4124 2179 4179 re;et
2203 4122 2423 4183 peccata
2451 4114 2775 4179 condonare,
2833 4117 2889 4164 et
2941 4120 3244 4164 creaturam
3269 4110 3353 4165 sui
3418 4109 3584 4179 ipsius

318 4196 656 4266 γινώσκεται
682 4197 773 4249 ὑπ’
798 4198 964 4252 αὐτοῦ
982 4217 998 4230 ·
1025 4199 1121 4253 καὶ
1152 4200 1425 4272 ίσουργεῖν
1451 4200 1528 4272 τῷ
1556 4200 1675 4272 Θεῷ
1706 4203 1899 4274 Πατρί·

2007 4202 2279 4275 propriam
2309 4203 2489 4257 dicere
2519 4217 2534 4267 ;
2567 4210 2621 4257 et
2656 4201 2869 4255 Patrem
2922 4213 2988 4254 ex
3023 4214 3177 4269 aequo
3235 4214 3584 4270 cognoscere,

321 4291 423 4345 καὶ
454 4288 599 4343 εἶναι
629 4290 686 4344 ἐν
721 4290 799 4359 τῷ
841 4290 1051 4362 Πατρὶ,
1081 4292 1176 4345 καὶ
1205 4292 1297 4346 τὸν
1326 4293 1544 4365 Πατέρα
1587 4296 1646 4347 ὲν
1674 4294 1821 4365 αὑτῷ
1848 4293 1899 4360 ἐξ

2011 4295 2153 4348 sicut
2184 4293 2534 4362 semetipsum
2566 4292 2680 4361 ipse
2711 4290 3010 4359 cognoscit,
3060 4300 3115 4345 et
3160 4291 3418 4360 aequalem
3478 4306 3585 4346 una

324 4382 478 4434 ἴσουο
508 4380 616 4435 ὑπὸ
638 4380 883 4449 ἀγγέλων
921 4399 982 4434 τε
1014 4381 1441 4456 ὑπηρετεῖσθαι·
1474 4386 1569 4439 καὶ
1596 4386 1657 4439 τὸ
1685 4384 1765 4438 ἔτι
1788 4385 1899 4440 τού-

2008 4403 2128 4442 cum
2158 4386 2266 4442 Deo
2285 4384 2447 4439 Patre
2476 4384 2844 4454 Operationem
2874 4383 3113 4449 habere;
3155 4391 3209 4437 et
3237 4396 3359 4437 esse
3394 4382 3446 4436 in
3480 4381 3585 4437 Pa-

320 4490 437 4527 των
481 4471 820 4544 ὑπερτεροῖω
864 4474 926 4526 τὸ
965 4476 1227 4545 μονογενῆ
1272 4475 1435 4543 Υίὸν,
1470 4477 1564 4529 καὶ
1596 4476 1764 4542 Θεὸν,
1812 4478 1899 4531 καὶ

2007 4486 2109 4541 tre,
2146 4486 2201 4531 et
2237 4475 2522 4530 Patremin
2551 4475 2670 4544 ipso
2721 4474 3035 4545 arqualiter;
3097 4481 3154 4526 et
3204 4471 3427 4541 angelos
3479 4472 3585 4527 sibi

324 4563 446 4634 φῶς
469 4565 537 4617 ἐκ
564 4563 762 4633 φωτὸς,
792 4564 888 4617 καὶ
919 4564 1064 4636 ζωὴν
1098 4566 1336 4631 αἰώνιον,
1367 4568 1461 4621 καὶ
1491 4568 1772 4641 ἀλήθειαν,
1811 4570 1899 4624 καὶ

2011 4568 2335 4623 famulantes
2365 4567 2599 4632 habere;
2626 4577 2699 4630 et,
2724 4564 2869 4636 quod
2891 4564 2977 4619 his
3006 4564 3183 4618 adhuc
3238 4564 3587 4635 praestantius

324 4656 562 4727 Σωτῆρα
599 4656 1030 4727 μαρτυρεῖσθαι’
1067 4660 1161 4712 καὶ
1208 4660 1482 4730 πανταχοῦ
1524 4659 1618 4732 [44
1654 4660 1707 4733 b]
1762 4679 1899 4734 παρ-

2009 4670 2113 4725 est,
2157 4660 2485 4729 unigenitum
2512 4657 2707 4713 Filium
2730 4675 2759 4712 a
2782 4657 3060 4728 Scriptura
3083 4658 3287 4722 vocari,
3312 4672 3373 4710 ac
3395 4657 3585 4723 Deum,

323 4750 487 4811 εἶναι,
526 4747 621 4799 καὶ
650 4747 827 4799 πάντα
873 4748 929 4799 ὲν
959 4748 1108 4818 αὐτῷ
1134 4750 1451 4821 ὲστηρίχθαι
1473 4767 1485 4778 '
1521 4750 1801 4820 βασιλείαν
1843 4770 1903 4805 τε

325 4839 597 4910 οὐρανῶν,
633 4840 729 4892 καὶ
762 4840 858 4906 τὴν
886 4839 1072 4911 θεῖκὴν
1115 4844 1357 4913 εἰρήνην,
1394 4842 1469 4905 ὡς
1502 4842 1665 4895 αὑτοῦ
1699 4845 1903 4915 τυγχά-

325 4947 553 4995 νουσαν,
593 4929 921 4993 ἁδασκάνως
961 4934 1125 4985 πᾶσιν
1164 4932 1485 5003 δωρεῖσθαι·
1537 4934 1630 4986 καὶ
1661 4938 1773 4998 τοῖς
1811 4953 1904 4988 πι-

329 5020 639 5083 στεύουσιν,
673 5022 1120 5093 ἐπικαλουμένοις
1145 5023 1330 5085 αὐτὸν,
1371 5022 1469 5093 τὴν
1500 5023 1594 5075 ἐπὶ
1624 5026 1691 5096 τῇ
1724 5024 1904 5095 διηνε-

329 5116 416 5166 κεῖ
455 5113 706 5185 σωτηρίᾳ
746 5114 1005 5185 παρέχειν
1045 5115 1363 5183 ἀσφάλειαν.
1412 5118 1474 5170 Oi
1518 5116 1627 5188 γὰρ
1676 5118 1901 5188 κτίσμα,

329 5208 421 5260 καὶ
445 5207 553 5260 οὐκ
577 5206 834 5277 ἄναρχον,
868 5205 1159 5271 καλοῦντες
1185 5206 1276 5261 τὸν
1306 5207 1558 5279 ἀληθινὸν
1588 5209 1717 5263 Υίὸν
1747 5210 1903 5277 Θεὸν,

333 5364 518 5489 μέλω)
559 5362 632 5417 Et
671 5381 809 5418 cum.
855 5362 1019 5418 Hebr.
1054 5379 1093 5428 I,
1129 5361 1184 5427 6,
1244 5362 1332 5417 ubi
1364 5372 1485 5433 post
1538 5362 1616 5428 δέ,
1662 5364 1903 5432 additur,

340 5472 351 5488 .
441 5452 514 5489 ιν.

340 5452 514 5489 παλιν.

402 5506 522 5573 (97)
562 5502 633 5557 Et
659 5504 899 5558 adorent.
939 5501 992 5557 in
1024 5501 1546 5574 Vulgataaieditionis
1571 5504 1813 5574 margine
1840 5505 1905 5557 ad

331 5571 605 5647 psalmum
644 5590 762 5629 xcvi
789 5575 1110 5647 referuntur
1127 5571 1248 5647 Quae
1273 5571 1781 5647 hic_Paulus‘cita_t;
1814 5577 1906 5628 sed

332 5642 573 5707 cistam,
613 5656 669 5697 ut
693 5645 895 5713 optime
930 5645 1009 5697 ait
1041 5642 1321 5713 Didymus,
1369 5643 1423 5697 i‘u
1458 5643 1672 5698 cantico
1710 5644 1907 5698 Dente-

337 5715 587 5775 ronmnii,
622 5711 740 5783 cap.
770 5728 943 5775 χχιιι,
975 5727 1117 5766 vers.
1145 5711 1236 5766 43.

407 5784 519 5851 (98)
560 5780 836 5855 Dixerunt.
869 5783 1066 5855 Ilatth.
1105 5798 1170 5855 IIl
1208 5783 1228 5835 ι
1273 5789 1329 5835 et
1353 5780 1681 5855 2.“Sensum
1729 5784 1909 5855 potius

340 5856 491 5920 citat,
512 5870 676 5919 quam
700 5853 887 5909 verba.
931 5853 1107 5910 Editio
1131 5851 1317 5907 Graeca
1345 5869 1358 5907 :
1387 5850 1625 5917 εἴδομεν.

2008 4758 2063 4806 et
2095 4751 2267 4803 lucem
2305 4764 2370 4802 ex
2413 4748 2553 4813 luce,
2589 4758 2643 4804 et
2683 4748 3146 4812 vitam'aeternam,
3174 4754 3227 4801 et
3276 4747 3583 4807 veritatem,

2006 4850 2059 4895 et
2094 4840 2427 4894 Salvatorem
2461 4839 2599 4906 dici;
2630 4849 2684 4894 et
2706 4839 2904 4908 ubique
2929 4840 3156 4899 adesse;
3198 4847 3251 4891 et
3295 4839 3478 4892 omnia
3525 4837 3581 4890 iu

2009 4934 2125 5003 ipso
2162 4933 2372 4987 ﬁrmata
2397 4932 2683 5000 fuisse;et
2713 4948 2937 5002 regnum
3005 4932 3262 4987 caelorum
3316 4931 3585 4986 divinam-

2009 5043 2113 5097 que
2156 5042 2364 5097 pacem,
2388 5037 2573 5097 utpote
2595 5042 2714 5097 qua:
2752 5027 2918 5097 ipsius
2934 5025 3025 5089 sit,
3055 5026 3170 5080 sine
3206 5024 3403 5079 invidia
3463 5038 3584 5078 om-

2015 5120 2171 5174 nibus
2204 5120 2414 5190 largiri;
2452 5127 2505 5174 et
2534 5118 2904 5184 credentibus,
2933 5117 3022 5186 qui
3042 5131 3163 5171 eum
3197 5116 3466 5181 invocant,
3494 5129 3585 5168 se-

2013 5213 2300 5268 curitatem
2335 5212 2387 5265 iu
2428 5221 2687 5281 perpetua
2709 5210 2882 5265 salute
2934 5209 3093 5263 sitam
3155 5210 3417 5279 praebere.
3482 5207 3584 5273 Qui

2088 5366 2200 5435 (99)
2238 5365 2387 5420 Ecce.
2424 5366 2613 5421 Matth.
2647 5382 2761 5433 vm,
2808 5366 2863 5420 9...
2906 5366 3092 5421 Graeca
3126 5366 3337 5422 editio:
3382 5364 3586 5419 Ἐλθὼν

2013 5436 2333 5507 προσεκύνει
2361 5435 2528 5507 αὐτῷ,

2082 5509 2159 5577 (1)
2200 5507 2454 5561 Cessavit.
2483 5505 2671 5559 Matth.
2704 5521 2815 5577 xlv,
2865 5506 2935 5560 52
2965 5515 3018 5560 et
3047 5507 3137 5561 55.
3178 5505 3368 5562 Graeca
3416 5506 3585 5560 editio

2011 5576 2176 5639 addit,
2207 5577 2473 5638 ἐλθόντες,
2506 5576 2850 5647 postulout).

2082 5648 2159 5717 (2)
2202 5647 2451 5710 Quidam.
2502 5645 2689 5699 Matth.
2725 5645 2813 5713 Ix,
2848 5646 2931 5700 18.
2956 5647 3177 5713 Vocula,
3209 5664 3311 5711 τις,
3343 5645 3494 5699 deest
3530 5656 3586 5698 tn

2011 5717 2201 5773 Graeca
2229 5719 2484 5769 editione.

2083 5788 2160 5857 (5)
2209 5785 2473 5841 Videnles.
2516 5785 2705 5841 Matth.
2738 5802 2935 5850 xxvrtt,
2978 5786 3061 5839 l7.
