4104 6408
525 272 634 328 ιδο

1789 265 2030 321 DIDYMI
2066 264 2538 321 ALBXANDRINI

3665 259 3774 320 440

526 393 628 445 bus
673 385 809 458 (21),
849 395 976 439 ante
999 398 1163 454 opera
1201 398 1354 444 vero.
1383 393 1546 451 atque
1571 381 1931 438 eruditionem
1966 383 2068 436 line

2196 384 2400 453 ἀμφοῖν
2427 382 2651 447 τούτων,
2679 381 2774 434 καὶ
2803 379 3004 450 πολλῆς
3039 377 3345 446 εὐλαϐείας,
3375 379 3470 432 καὶ
3500 377 3776 451 κατανοή-

531 490 841 548 magnaque
888 475 1106 543 pietate,
1149 483 1204 528 et
1245 473 1670 544 exquisitissima
1717 475 2087 537 meditatione,

524 577 583 623 ut
628 567 730 622 hac
769 565 978 620 ratione
1026 563 1325 632 intelligere
1369 563 1515 631 digni
1561 561 1694 615 [iant
1727 576 1793 617 ne
1815 561 1944 616 illud
1973 563 2093 630 qui-

526 657 670 723 dem,
709 657 852 727 quod
886 669 1110 725 parvum
1139 655 1229 716 sit,
1267 654 1598 722 cOgitatione
1621 653 1740 723 capi
1769 666 1953 720 posse,
1991 653 2086 708 sed

523 758 580 804 et
609 749 998 802 liochttmanos
1036 747 1091 800 iu
1130 745 1399 799 inﬁnitum
1450 752 1677 799 conatus
1725 744 1985 799 excedere
2023 743 2090 814 (si

523 840 667 894 enim
698 817 789 893 Dei
819 855 951 908 opus
982 847 1087 900 est,
1122 837 1228 892 etsi
1259 852 1485 907 parvum
1522 837 1798 900 videatur,
1836 852 2087 907 magnum

522 931 928 999 est,:quatenus
975 939 1059 983 est
1119 928 1209 982 Dei
1244 945 1257 981 :
1295 927 1476 982 Parvis
1523 938 1700 981 autem
1744 927 1860 998 (22)
1896 945 2088 998 magna

522 1020 784 1074 laboribus
813 1019 1070 1089 quomodo
1113 1018 1227 1087 quis
1259 1019 1612 1087 assequalur.’
1653 1017 1874 1072 stultum
1897 1028 1996 1083 est,
2028 1027 2090 1072 ut

521 1110 613 1164 ille
653 1110 750 1176 ait,
795 1111 906 1165 lucc
951 1111 1027 1164 vel
1070 1109 1268 1179 optare)
1312 1126 1326 1163 :
1370 1108 1536 1165 multo
1584 1119 1762 1166 autem
1807 1110 1976 1179 magis
2032 1122 2089 1164 ut

520 1219 684 1274 supra
707 1205 969 1258 humanas
995 1203 1137 1257 vires
1159 1218 1283 1258 esse
1306 1212 1662 1270 cognoscant,
1694 1202 1865 1272 ipsius
1899 1201 2090 1256 ineffa-

518 1293 642 1348 bilis
689 1294 781 1347 Dei
827 1293 971 1348 illam
1023 1294 1294 1348 notionem
1338 1294 1560 1362 habere,
1589 1309 1709 1363 quae
1735 1295 2090 1366 archangelu-

521 1399 636 1438 rum
673 1386 834 1439 etiam
863 1400 1078 1439 sensum
1108 1401 1172 1439 ac
1205 1394 1440 1441 mentem
1472 1396 1732 1454 superat:
1758 1387 1874 1441 haec
1905 1395 2084 1440 autem

518 1487 906 1546 cognoscentes
951 1488 1006 1533 et
1033 1493 1061 1532 a
1093 1479 1411 1550 periculosis
1451 1478 1890 1548 inquisitionibus
1917 1479 2086 1532 absti-

519 1579 709 1636 neant,
760 1569 886 1624 talia
915 1568 1046 1638 Deo,
1093 1571 1185 1642 qui
1221 1571 1368 1628 solus
1397 1585 1458 1627 ea
1490 1575 1659 1637 novit,
1692 1571 2084 1639 relinquentes,

2195 488 2333 534 σεως
2355 472 2688 541 ἀκροτάτηςο
2712 470 2798 522 ἵνα
2848 470 2935 523 διὸ.
2965 468 3136 522 ταῦτα
3177 470 3378 539 γνῶναι
3426 468 3773 535 ἀξιωθέντες,

2190 564 2268 627 ὠς
2300 563 2394 616 κα)⁸
2413 563 2474 614 τὸ
2499 562 2690 634 μικρὸν
2719 561 2815 631 οὐχ
2842 560 3116 632 ἁλώσιμον
3139 563 3204 632 τῇ
3235 560 3460 631 διανοίᾳ,
3487 558 3774 612 ἁλλ’άπεί-

2195 673 2302 728 ρως
2331 654 2424 708 καὶ
2451 653 2584 707 αὐτὸ
2621 653 2731 706 τῶν
2760 652 3115 724 ἀνθρωπίνων
3169 651 3469 723 ὑπερφέρει
3507 649 3773 704 ἐπιϐολῶν

2191 749 2275 818 (εἰ
2299 745 2405 816 γὰρ
2444 745 2538 798 τοῦ
2567 743 2702 797 Θεοῦ
2732 743 2914 815 ἔργον,
2947 742 3048 797 κᾶν
3081 742 3273 813 μικρὸν
3311 742 3440 812 δοκῇ
3468 781 3482 805 ,
3524 741 3666 811 μέγα
3695 738 3772 803 ὡς

2175 838 2325 910 ⁸Θεοῦ
2347 854 2361 868 ·
2399 835 2645 904 Μικροῖς
2673 834 2741 888 δὲ
2765 835 2835 888 τὰ
2854 832 3087 903 μεγάλα
3118 831 3243 897 πῶς
3266 832 3394 885 ἕλοι
3423 849 3513 897 τις
3555 829 3633 884 ἂν
3661 831 3773 883 πό-

2189 946 2428 993 νοισιν;
2468 928 2724 998 Ὰμαθὲς,
2757 929 2940 998 φασίν.
2976 927 3076 980 καὶ
3109 927 3176 980 τὸ
3205 927 3537 992 βούλεο-θαι
3583 923 3768 990 τάδε),

2188 1022 2370 1092 πολλῷ
2399 1021 2455 1074 δὲ
2483 1021 2682 1093 μᾶλλον
2716 1023 2750 1091 ἡ
2781 1021 2907 1092 περὶ
2936 1019 3100 1074 αὐτοῦ
3156 1018 3250 1071 τοῦ
3305 1017 3582 1088 ἀφράστου
3632 1015 3769 1070 Θεοῦ

2187 1113 2436 1184 διάληψις
2484 1112 2886 1183 ὑπερϐαίνουσα
2936 1111 3028 1164 καὶ
3074 1110 3428 1181 ἀρχαγγέλων
3481 1109 3768 1180 αἴσθησιν·

2187 1205 2295 1259 τῶν
2329 1205 2427 1275 μὲν
2461 1202 2745 1274 σφαλερῶν
2777 1201 3060 1272 ζητήσεων
3104 1201 3550 1272 ἀναχωρήσωσιν,
3607 1197 3773 1268 γινώ-

2189 1314 2339 1350 σκειν
2394 1295 2487 1367 [46
2519 1293 2577 1367 a]
2613 1293 2754 1348 αὑτά
2809 1295 2955 1366 μόνῳ
2989 1293 3068 1364 τῷ
3094 1292 3214 1364 Θεῷ
3257 1292 3528 1356 ἀφιέντες,
3563 1293 3658 1345 σὺν
3689 1289 3769 1363 τῷ

2200 1388 2505 1459 Ἀποστόλῳ
2553 1387 2610 1440 δὲ
2658 1386 2914 1439 εἴπωσιν·
2964 1385 3342 1446 Ἐπίστευσα,
3369 1382 3460 1436 διὸ
3495 1383 3592 1436 καὶ
3625 1382 3767 1436 ἐλά-

2186 1483 2382 1547 λησαο
2413 1477 2511 1541 τὰς
2535 1477 2592 1530 δὲ
2627 1475 2905 1545 θεολογίας
2934 1475 3044 1528 τῶν
3071 1473 3304 1546 Γραφῶν
3352 1476 3490 1526 νοεῖν
3534 1471 3762 1525 οὑτωσί*

2189 1569 2441 1638 Ὄτιπερ,
2469 1566 2595 1619 ὅταν
2633 1565 2740 1619 ἀπὸ
2767 1565 2885 1628 ἐνὸς
2914 1562 3203 1636 προσώπου
3258 1562 3526 1631 λέγουσιν,
3557 1560 3646 1613 διὰ
3668 1561 3765 1630 τὴν

515 1670 569 1714 et
596 1675 717 1715 cum
743 1660 997 1731 Apostolo
1041 1662 1222 1716 dicant
1248 1681 1262 1718 :
1295 1661 1512 1717 Credidi
1542 1661 1686 1734 (25),
1715 1672 1920 1731 propter
1944 1678 2072 1731 quoa

2191 1659 2320 1730 μίαν
2348 1658 2634 1729 φύσινκαὶ
2663 1657 2911 1728 θέλησιν·
2965 1657 3093 1711 ὅταν
3126 1655 3234 1710 ἀπὸ
3288 1657 3510 1726 ἀμφοῖν,
3564 1652 3653 1706 διὰ
3702 1651 3765 1705 τὸ

512 1762 565 1806 et
613 1754 819 1808 locutus
865 1770 1006 1808 sum.
1058 1753 1460 1823 Scripturarum
1486 1765 1663 1809 autem
1689 1755 1755 1809 de
1788 1753 1896 1810 Deo
1933 1754 2072 1808 testi-

2185 1750 2491 1806 δείκνυσθαι
2519 1750 2582 1804 τὸ
2617 1749 2979 1803 ίδιοσύστατον
3009 1750 3108 1820 τῆς
3153 1747 3316 1816 ἁγίας
3344 1748 3436 1800 καὶ
3485 1746 3763 1818 ἀκηράτου

516 1843 695 1897 monia
727 1845 808 1899 sic
842 1845 910 1899 ab
945 1846 1014 1901 iis
1042 1845 1266 1915 intelligi
1293 1853 1525 1915 Oportet,
1559 1853 1617 1899 ut
1651 1845 1849 1908 norint,
1898 1858 2072 1900 sacros

2182 1845 2429 1917 Τριάδος.
2469 1846 2636 1899 Ὅταν
2689 1843 2799 1915 γὰρ
2845 1844 3088 1906 Ἡσαΐας
3116 1841 3286 1916 λέγῃο
3355 1841 3497 1912 Ἐγὼ
3549 1842 3762 1909 Κύριος

511 1933 805 2001 scriptores
849 1935 1006 1990 modo
1039 1949 1105 1990 ex
1150 1934 1307 1988 unius
1354 1949 1589 2005 persona
1640 1934 1822 2005 loqui,
1872 1937 1942 1989 ob
1983 1949 2072 1990 na-

2179 1933 2445 1998 ἐξέτεινα
2474 1933 2580 1988 τὸν
2613 1933 2874 2000 οὐρανὸν
2894 1977 2909 1998 ,
2941 1932 3040 1986 καὶ
3087 1931 3422 2001 ἐστερέωσα
3464 1931 3581 1999 τὴν
3607 1929 3722 2000 γῆν
3749 1953 3756 1961 ·

517 2038 650 2080 tura:
677 2038 734 2082 et
757 2027 1057 2082 voluntatis
1088 2027 1387 2093 unitatem;
1425 2026 1584 2081 modo
1605 2042 1670 2080 ex
1699 2041 1930 2095 persona
1962 2042 2072 2081 am-

2180 2025 2274 2079 καὶ
2301 2024 2461 2079 πάλιν
2480 2041 2495 2056 °
2543 2025 2691 2096 Ἐγὼ
2722 2024 2859 2095 εἰμὶ,
2888 2025 2986 2079 καὶ
3019 2026 3130 2079 οὐκ
3157 2024 3330 2078 ἐστιν
3360 2024 3552 2089 ἄλλος
3596 2024 3758 2089 Θεὸς,

509 2117 726 2184 barum,
758 2127 817 2172 ut
849 2118 901 2172 in
933 2127 1120 2172 sancta
1163 2127 1220 2173 et
1264 2117 1617 2172 immaculata
1653 2117 1920 2172 Trinitate
1953 2133 2081 2188 pro-

515 2210 684 2278 priam
745 2209 1152 2264 consistentiam
1203 2209 1510 2264 ostendant.
1575 2208 1880 2278 Aliquando
1935 2210 2078 2264 enim

509 2299 674 2354 Isaias
704 2299 779 2354 ait
810 2317 824 2354 :
855 2299 966 2369 Ego
995 2299 1248 2354 Dominus
1271 2299 1382 2370 (24)
1427 2300 1635 2354 extendi
1667 2299 1870 2361 calum,
1903 2309 1949 2353 et
1982 2299 2080 2367 fir-

508 2392 645 2444 mavi
664 2401 896 2456 terram;
915 2402 966 2446 et
991 2405 1201 2455 rursus,
1222 2389 1332 2462 Ego
1356 2405 1471 2444 sum
1487 2389 1624 2459 (9.5),
1645 2399 1693 2445 et
1714 2406 1818 2444 non
1843 2399 1918 2444 est
1940 2391 2079 2444 alius

506 2480 647 2535 Dens
672 2492 862 2552 prwter
893 2499 1016 2547 me;
1061 2483 1129 2538 ob
1158 2483 1372 2537 deitatis
1441 2483 1699 2538 unitatem
1755 2491 1811 2537 et
1852 2497 2078 2537 concor-

506 2572 649 2625 diam
701 2587 1085 2642 personarum,
1122 2582 1179 2626 ut
1213 2582 1372 2628 antea
1405 2574 1604 2627 dictum
1627 2582 1750 2638 est;
1787 2573 2076 2642 aliquando

507 2665 922 2718 commemorari
980 2680 1084 2719 non
1148 2664 1357 2718 videtur
1418 2663 1658 2733 Spiritus
1705 2676 1957 2729 sanctus,
2010 2678 2075 2718 eo

503 2755 643 2825 quod
706 2755 831 2820 Dei,
903 2755 1056 2825 cujus
1107 2756 1219 2824 ipse
1272 2755 1504 2824 Spiritus
1585 2763 1696 2817 est,
1764 2769 1957 2809 nomen
2019 2766 2074 2811 et

505 2848 651 2899 illum
709 2845 1128 2915 complectatur;
1184 2845 1471 2914 aliquando
1521 2845 1842 2900 initiatiouis
1909 2846 2071 2900 ritum

505 2932 1001 2987 tradeusDominus
1023 2934 1116 2993 ait,
1145 2931 1482 3001 Baptizantes
1513 2932 1624 3006 (26)
1649 2950 1759 2998 eos,
1780 2935 1835 2986 in
1863 2935 2072 2990 nomine

2178 2114 2346 2182 πλὴν
2376 2115 2520 2184 ἐμοῦ
2548 2133 2562 2146 ·
2591 2115 2678 2168 διὰ
2711 2115 2808 2184 τὴν
2841 2115 2970 2185 μίαν
2999 2113 3230 2184 θεότητα
3278 2111 3372 2166 καὶ
3419 2112 3759 2182 συμφωνίαν,

2176 2204 2248 2268 ὡς
2312 2206 2651 2278 προείρηται.
2691 2207 2858 2260 ’Ὀταν
2909 2205 3037 2279 δόξῃ
3086 2206 3160 2276 μὴ
3217 2203 3649 2275 μνημονεύεσθαι
3701 2201 3760 2256 τὸ

2179 2296 2330 2365 ἆγιον
2355 2298 2602 2369 Πνεῦμα,
2635 2298 2725 2350 διὰ
2752 2297 2812 2350 τὸ
2841 2295 3308 2368 συμπεριέχεσθαι
3350 2295 3482 2348 αὐτὸ
3514 2294 3592 2366 τῷ
3617 2293 3757 2365 Θεῷ,

2175 2381 2236 2439 οὗ
2271 2385 2496 2457 Πνεῦμα
2525 2388 2782 2458 τυγχάνει
2812 2386 2870 2439 δν
2891 2404 2904 2416 ·
2930 2387 3057 2440 ὅταν
3088 2387 3184 2458 τὴν
3237 2386 3624 2457 μυσταγωγίαν
3652 2403 3758 2439 πα-

2179 2477 2369 2549 ραδοὺς
2396 2480 2424 2531 ό
2457 2479 2735 2550 Δεσπότης
2767 2479 2901 2550 λέγῃ
2925 2495 2938 2510 ⁸
2973 2477 3367 2543 Βαπτίζοντες
3418 2479 3640 2543 αὐτοὺς
3672 2480 3760 2546 είς

2173 2567 2240 2620 τό
2265 2568 2449 2636 ὄνομα
2467 2567 2574 2623 τοῦ
2602 2568 2852 2636 Πατρός,
2882 2567 2981 2621 καὶ
3009 2569 3114 2622 τοῦ
3147 2568 3304 2634 Υίοῦ,
3331 2569 3427 2624 καὶ
3461 2569 3566 2623 τοῦ
3588 2569 3758 2638 ἁγίου

2173 2660 2552 2728 Πνεύματοςσ
2609 2659 2697 2713 διὰ
2755 2660 2817 2713 τὸ
2866 2660 3129 2730 ίσότιμον,
3171 2660 3266 2713 καὶ
3320 2659 3610 2724 ίσοσθενὲς,
3665 2659 3756 2713 καὶ

2172 2750 2473 2822 όμοούσιον,
2509 2752 2602 2804 καὶ
2629 2751 2729 2822 τὴν
2753 2751 3030 2827 εὐκρινίαν
3051 2752 3166 2815 τῶν,
3189 2751 3557 2806 ὑποστάσεων.
3590 2753 3756 2806 Ὅταν

2170 2843 2232 2896 τὸ
2265 2842 2359 2896 νῦν
2409 2842 2540 2913 περὶ
2589 2841 2683 2894 τοῦ
2739 2841 2874 2895 Θεοῦ
2924 2842 3017 2896 καὶ
3048 2842 3261 2914 Πατρὸς
3287 2842 3494 2913 λεχθὲν,
3531 2843 3754 2915 ἑτέρωθι

2172 2935 2302 3007 περὶ
2334 2934 2428 2988 τοῦ
2456 2934 2815 3004 Μονογενοῦς,
2843 2935 2875 3005 ἢ
2901 2933 2993 2987 τοῦ
3026 2935 3180 3003 ἁγίου
3210 2935 3354 2988 -Πνεύ
3364 2954 3532 3006 ματος
3551 2936 3754 3007 ἀπομέ-

500 3020 712 3087 Patris,
743 3032 791 3076 et
817 3020 967 3088 Filii,
1009 3033 1054 3076 et
1087 3020 1314 3092 Spiritus
1341 3025 1543 3089 sancti;
1571 3039 1635 3078 eo
1659 3023 1800 3094 quod
1829 3039 2070 3092 personae

2177 3044 2371 3098 μνηται
2391 3043 2404 3056 ·
2439 3025 2527 3079 διὰ
2554 3027 2652 3090 τὰς
2681 3026 3068 3098 προλεχθείσας
3099 3027 3296 3090 αἰτίας.
3332 3028 3500 3082 Ὅταν
3527 3029 3596 3081 τὰ
3617 3029 3752 3082 αὐτὰ

500 3115 692 3184 aequali
729 3115 933 3170 honore
974 3088 1147 3184 dignae
1188 3118 1316 3181 sint,
1346 3125 1400 3170 et
1425 3115 1615 3185 aequali
1646 3088 1883 3184 potentia
1926 3131 2066 3185 pra:-

2176 3088 2332 3191 έργα,
2362 3117 2459 3190 τὴν
2502 3088 2672 3190 αὐτην
2725 3088 3004 3190 ἐνέργειαν
3049 3088 3375 3192 *ἀμφοτέρας
3430 3125 3605 3174 ποιεῖν
3657 3120 3752 3183 τὰς

502 3208 650 3274 ditas,
695 3216 752 3262 et
794 3206 1309 3272 consubstantiales,
1348 3217 1402 3262 et
1443 3208 1745 3274 distiuctm;
1781 3206 2069 3279 aliquando

2176 3209 2498 3273 ὑποστάσεις
2527 3209 2797 3281 διαφόρως
2835 3209 3189 3264 διδάσκωσιν·
3240 3209 3327 3263 διὰ
3368 3209 3428 3263 τὸ
3461 3211 3536 3274 ὡς
3569 3210 3751 3282 προεί-

499 3300 640 3371 quod
664 3298 860 3355 alicubi
893 3300 959 3354 de
1006 3299 1113 3354 Deo
1153 3309 1208 3354 et
1250 3298 1409 3355 Patre
1451 3299 1654 3356 dictum
1691 3310 1793 3367 est,
1838 3301 1967 3356 alibi
2002 3302 2070 3358 de

499 3388 816 3459 Uuigenito,
857 3399 950 3444 aut
982 3391 1049 3445 de
1102 3389 1308 3460 Spiritu
1344 3401 1536 3448 sancto
1577 3405 2066 3462 commemoratur,

501 3483 663 3554 106
698 3483 767 3538 ob
799 3483 1085 3553 praedictas
1117 3498 1343 3549 causas;
1378 3485 1664 3555 aliquando
1684 3487 1870 3540 eadem
1905 3501 2065 3555 opera

497 3576 684 3628 eadem
719 3575 1034 3644 operatione
1075 3576 1263 3629 ambas
1310 3589 1571 3644 personas
1609 3576 1808 3644 facere,
1839 3577 2067 3634 diversis

502 3664 676 3720 modis
720 3663 918 3720 docent
967 3665 1118 3738 (27),
1165 3665 1234 3720 ob
1282 3667 1568 3734 rationem,
1618 3683 1737 3738 qua:
1762 3669 1921 3723 allata
1950 3679 2064 3736 est;

495 3759 784 3830 aliquando
806 3799 822 3825 ,
861 3775 985 3815 cum
1018 3762 1187 3831 possit
1221 3775 1556 3830 unaquaeque
1602 3775 1830 3830 persona
1880 3777 2067 3816 creare

495 3860 549 3904 et
590 3851 774 3904 omnia
818 3849 1019 3915 facere,
1069 3851 1269 3919 placuit
1309 3851 1418 3905 Deo
1446 3860 1500 3904 et
1534 3849 1679 3904 Patri
1731 3866 1824 3920 per
1873 3851 2065 3905 Filium

493 3937 707 4008 quidem
741 3954 804 3992 ac
838 3938 1004 3993 Deum
1028 3940 1209 3994 omnia
1240 3940 1516 4000 constitui.
1543 3955 1640 4009 per
1672 3939 1929 4008 Spiritum
1970 3955 2066 3993 au-

497 4039 602 4085 tem
629 4037 874 4086 sanctum
906 4030 1234 4084 sanctiﬁcari
1254 4071 1271 4096 ,
1304 4045 1367 4084 eo
1389 4030 1528 4100 quod
1553 4046 1655 4084 una
1685 4031 1757 4084 sit
1787 4030 2064 4085 Trinitatis

493 4122 782 4187 voluntas,
847 4128 1016 4189 utque
1068 4122 1411 4184 ostendatur,
1467 4121 1647 4174 omnia
1700 4121 1838 4175 bona
1886 4121 1955 4175 ab
2000 4137 2062 4177 ea

492 4211 921 4280 subministrari,
947 4220 1002 4266 et
1030 4220 1088 4266 ut
1121 4226 1458 4266 communem
1494 4227 1591 4267 nos
1620 4213 1693 4276 ei,
1721 4222 1776 4267 et
1802 4214 2061 4282 aequalem

492 4305 794 4374 gratiarum
838 4305 1109 4358 actionem
1149 4304 1464 4369 reddamus,
1505 4314 1557 4359 et
1579 4306 2060 4375 glorilicatiouem;

490 4396 784 4466 aliquando
828 4396 1125 4466 Scriptum
1176 4396 1366 4452 iisdem
1408 4406 1633 4452 utuntur
1661 4399 1968 4454 nominibus
1994 4401 2061 4456 de

487 4485 646 4541 beata
694 4485 960 4542 Trinitate
1008 4488 1310 4558 loquentes,
1352 4488 1648 4557 cuiusmodi
1699 4502 1845 4555 sunt,
1899 4491 2057 4556 Deus,

487 4576 770 4643 Dominus,
807 4591 1048 4644 sanctus,
1075 4578 1273 4650 justus,
1307 4581 1500 4646 bonus,
1523 4592 1577 4636 et
1606 4581 1726 4636 aliis
1757 4583 2058 4649 similibus;

487 4666 675 4735 idque,
709 4680 831 4721 cum
879 4668 946 4723 de
989 4670 1104 4738 ipsa
1153 4668 1470 4738 loquuntur,
1507 4669 1768 4724 duntaxat
1804 4670 2011 4726 faciunt
2039 4713 2054 4737 ,

484 4772 552 4812 eo
576 4759 722 4829 quod
752 4762 1058 4816 communis
1106 4760 1179 4817 sit
1229 4761 1284 4816 in
1333 4761 1716 4833 hypostasibus
1754 4774 1972 4831 natura,
2002 4771 2058 4817 et

555 4936 670 5007 (2i)
711 4937 1248 5014 Opers'bus._Similia
1300 4942 1533 4998 inculcat
1585 4944 1680 4999 lib.
1726 4943 1802 4998 De
1848 4942 2053 5014 Spiritu

484 5021 686 5072 sancto,
726 5025 780 5060 ιι.
819 5012 837 5063 l
884 5021 940 5064 et
963 5011 1054 5064 65.

558 5077 671 5148 (‘22)
711 5077 895 5134 Parvis
917 5090 1114 5153 autem.
1150 5081 1427 5153 Librarius
1467 5084 1620 5153 quasi
1655 5099 1718 5138 ea
1758 5101 1862 5138 non
1893 5084 2053 5138 intel-

484 5147 697 5220 ligeret,
745 5163 864 5220 qua:
918 5151 1004 5206 hic
1050 5152 1345 5216 scribebat,
1395 5147 1671 5213 accentus.
1727 5165 1783 5208 et
1828 5156 2051 5220 Spiritus

484 5219 685 5293 omisit.
737 5217 1080 5293 Suntauteui
1105 5223 1209 5275 duo
1241 5223 1425 5288 iambi,
1477 5240 1611 5289 quos
1646 5217 1874 5293 Cyrillus
1913 5241 2049 5293 quo-

484 5303 611 5362 que
634 5288 750 5362 lil_i._
783 5305 836 5343 lx
876 5291 930 5344 in
969 5290 1247 5344 lulianum
1294 5294 1374 5348 sic
1415 5288 1569 5348 aﬂ'ert
1601 5313 1612 5347 :
1649 5288 1854 5362 Optime
1886 5288 2059 5348 autem

483 5358 611 5411 milii
637 5360 837 5413 dixisse
870 5363 1074 5413 videtur
1107 5363 1324 5429 quidam
1352 5380 1379 5416 e
1400 5366 1565 5429 poetis
1595 5358 1900 5418 Graecorum
1931 5381 1950 5419 :

659 5429 917 5502 ξμικροῖς
946 5431 1004 5484 δὲ
1036 5431 1103 5484 τά
1140 5433 1351 5501 μεγάλα
1376 5434 1492 5497 πῶς
1524 5434 1634 5486 ’ἐλοι
1667 5452 1751 5498 τις
1779 5433 1844 5487 ἂν

553 5566 608 5622 ω
635 5499 935 5622 ΘΠρνοισιη
975 5499 1333 5572 ’Λμαθὲςκαὶ
1357 5504 1418 5557 τὸ
1444 5504 1730 5574 βούλεσθαι
1753 5504 1904 5561 τάδε.

669 5586 693 5622 s
724 5609 740 5622 .

635 5581 740 5634 85!,

747 5639 852 5712 Qui
891 5658 1084 5710 magna
1125 5645 1300 5712 parvis
1336 5660 1604 5710 compares
1641 5645 1951 5703 laboribus?

747 5709 1088 5766 Stultum’est
1121 5709 1196 5768 uel
1237 5715 1339 5770 ista
1375 5709 1520 5770 velle.

2179 3317 2356 3372 ρηται.
2405 3301 2575 3354 Ὅταν
2621 3299 2860 3372 ἑκάστης
2909 3299 3260 3364 ὑποστάσεως
3313 3299 3616 3372 δυναμένης
3655 3300 3749 3371 an-

2177 3393 2525 3464 μιουργῆσαι,
2559 3393 2653 3445 καὶ
2681 3391 2859 3445 πάντα
2909 3391 3173 3462 ποιῆσαι,
3213 3392 3502 3463 εὐδόκησεν
3543 3394 3572 3444 ὁ
3622 3390 3752 3456 Θεὸς

2173 3483 2267 3536 καὶ
2306 3483 2513 3555 Πατὴρ,
2557 3482 2646 3536 διὰ
2707 3481 2805 3552 μὲν
2833 3483 2929 3535 τοῦ
2979 3481 3110 3534 Υἰοῦ
3141 3484 3234 3535 καὶ
3266 3482 3399 3536 Θεοῦ
3453 3481 3753 3552 ὑποστῆναι

2174 3572 2369 3635 πάντα,
2401 3571 2564 3626 διὰδὲ
2599 3571 2691 3627 τοῦ
2721 3572 2875 3640 ἁγίου
2909 3571 3222 3643 Πνεῦματος
3266 3573 3592 3645 άγιασθῆναι
3613 3591 3625 3606 ·
3665 3569 3755 3628 διὰ

2171 3665 2230 3717 τὸ
2255 3664 2311 3717 ἓν
2339 3663 2547 3735 θέλημα
2575 3663 2676 3735 τῆς
2696 3665 2942 3736 Τριάδος,
2968 3663 3062 3717 καὶ⁴
3085 3663 3146 3716 τὸ
3172 3663 3478 3718 δείκνυσθαι
3505 3665 3562 3732 ἐξ
3583 3665 3755 3736 αὐτῆς

2172 3758 2523 3828 χορηγεῖσθαι
2555 3758 2730 3811 πάντα
2761 3757 2830 3809 τά
2863 3755 3024 3820 καλὰ,
3059 3756 3151 3810 καὶ
3184 3756 3272 3810 διὰ
3299 3757 3359 3810 τὸ
3392 3760 3540 3828 ἡμᾶς
3567 3757 3756 3828 κοινὴν

2172 3851 2308 3921 αὐτῇ
2343 3849 2435 3901 καὶ
2467 3849 2586 3918 ἴσην
2621 3848 2968 3920 ἀναπέμπειν
3000 3847 3344 3920 εὐχαριστίαν
3399 3851 3490 3903 καὶ
3539 3850 3753 3918 δοξολο⁴

2171 3941 2313 4010 γίαν.
2353 3941 2520 3994 Ὅταν
2549 3943 2659 4003 τοῖς
2689 3940 2873 4004 αὐτοῖς
2903 3940 3130 4011 ὀνόμασι
3175 3939 3468 4012 κέχρηνται
3525 3944 3619 3994 ἐπὶ
3649 3943 3754 4014 τῆς

2173 4033 2448 4103 μακαρίας
2473 4031 2698 4103 Τριάδος
2718 4049 2732 4061 ·
2753 4026 2862 4084 οἷον
2885 4031 3038 4096 Θεὸς,
3071 4030 3294 4102 Κύριος,
3329 4033 3501 4100 ἅγιος,
3519 4034 3750 4100 δίκαιος,

2169 4125 2393 4194 ἀγαθὸς,
2429 4125 2522 4180 καὶ
2549 4126 2646 4178 ὅσα
2685 4123 2941 4178 τοιαῦτα⁶
2977 4124 3116 4194 πλὴν
3156 4124 3236 4177 ὅτι
3262 4126 3290 4177 ό
3323 4125 3529 4197 Πατὴρ,
3585 4128 3752 4197 μόνος

2170 4216 2264 4269 καὶ
2285 4216 2370 4268 ἀεὶ
2403 4215 2595 4286 Πατήρ
2615 4233 2626 4245 ·
2652 4215 2746 4267 καὶ
2777 4216 2805 4268 ὀ
2830 4212 3080 4284 ἀληθινὸς
3109 4212 3237 4276 Υίὸς
3265 4214 3359 4267 καὶ
3385 4214 3535 4278 Θεὸς,
3569 4216 3663 4268 καὶ
3685 4217 3753 4270 τὸ

2169 4307 2321 4376 ἅγιον
2340 4307 2582 4376 Πνεῦμα,
2604 4306 2853 4377 ἀνάρχως
2883 4306 2940 4358 ἓν
2958 4305 3048 4379 [46
3091 4305 3144 4379 b]
3177 4307 3270 4361 καὶ
3301 4306 3362 4360 τὸ
3375 4307 3505 4360 αὐτὸ
3522 4307 3748 4379 Πνεῦμα

2171 4400 2263 4453 τοῦ
2301 4398 2436 4452 Θεοῦ
2459 4415 2474 4432 ⁸
2500 4399 2588 4452 διὰ
2619 4399 2716 4471 τὴν
2744 4399 2844 4470 τῆς
2875 4399 3118 4470 φύσεως,
3148 4401 3244 4454 καὶ
3299 4399 3576 4470 βασιλείας
3599 4439 3613 4463 ,
3649 4400 3748 4452 καὶ

2170 4487 2382 4540 πάντων
2405 4488 2717 4540 κοινωνίανο
2744 4489 2902 4541 τοῦτο
2929 4489 2984 4541 δὲ
3019 4491 3110 4542 ἐπὶ
3151 4489 3320 4559 αὐτῆς
3351 4489 3537 4560 μόνης.
3578 4490 3744 4542 Ὅταν

2165 4579 2223 4631 ὲν
2250 4579 2544 4650 ἀπορρήτῳ
2585 4579 2960 4648 διαλέγωνται,
2999 4581 3084 4634 διὰ
3137 4580 3198 4634 τὺ
3225 4581 3312 4634 ἀεὶ
3353 4582 3414 4634 τὸ
3449 4583 3746 4653 μυστήριον

2163 4670 2264 4741 τῆς
2298 4670 2531 4733 πίστεως
2581 4670 2967 4741 φυλάττεσθαι,
2997 4674 3178 4742 μόνοις
3223 4671 3742 4742 ἀποκαλυπτόμενον

2163 4763 2390 4824 πιστοῖς.
2431 4761 2597 4815 Ὅταν
2622 4761 2872 4831 λέγωσιν,
2901 4761 2991 4816 τὸν
3015 4761 3113 4834 μὲν
3145 4761 3276 4816 Θεὸν
3313 4762 3533 4834 Πατέρα
3549 4763 3741 4834 γεννή-

2231 4945 2344 5012 (23)
2385 4944 2621 5001 Credidi.
2681 4943 2720 4997 ll
2765 4943 2895 5000 Cor.
2942 4959 3018 5011 tv,
3079 4945 3180 5010 15,
3218 4959 3284 4998 ex
3343 4944 3552 5012 psalmo
3607 4957 3736 4998 σιν.

2163 5012 2460 5085 Utrohique
2498 5015 2684 5085 Graeca
2715 5017 2882 5069 editio
2908 5015 3175 5080 vocnlam,
3209 5014 3574 5085 xal,70inittit.

2230 5083 2514 5155 (24)‘Ego
2576 5084 2855 5139 Dominus.
2925 5085 3028 5139 lsa.
3082 5100 3228 5149 XLIV,
3287 5084 3377 5139 24.
3437 5085 3493 5139 lu
3548 5084 3735 5140 Bibliis

2158 5158 2374 5236 additur
2406 5171 2507 5209 vox
2538 5155 2719 5226 μόνος,
2771 5156 2823 5209 id
2863 5165 2950 5210 est
3011 5156 3178 5220 solus,
3215 5170 3344 5210 casu
3376 5156 3604 5211 fortasse
3645 5156 3734 5210 hic

2155 5241 2374 5280 omissa.

2226 5297 2340 5365 (25)
2371 5294 2482 5364 Ego
2509 5312 2646 5348 sum.
2678 5294 2781 5351 lsa.
2813 5311 2958 5356 XLVI.
2987 5294 3041 5349 9.

2225 5364 2338 5437 (26)
2374 5365 2740 5437 Baptizantes.
2775 5366 2966 5437 Matth.
3001 5381 3193 5426 xxvrtl,
3228 5364 3316 5420 l9.

2223 5434 2336 5506 (27)
2395 5435 2622 5490 Diversis
2680 5439 2870 5490 modis.
2927 5435 3018 5490 Sic
3077 5437 3251 5500 verti,
3311 5454 3376 5489 ne
3431 5434 3726 5490 lectionem

2153 5509 2354 5584 codicis
2399 5517 2602 5584 temere
2647 5507 2951 5584 immutare
2996 5507 3226 5584 viderer:
3277 5506 3543 5560 Caeterum
3601 5515 3731 5584 puto

2149 5579 2431 5647 legendum
2466 5576 2794 5648 ἀδιαφόρως,
2836 5578 2890 5633 id
2936 5586 3019 5632 est
3054 5575 3429 5644 indifferenter,
3471 5587 3566 5630 aut
3617 5575 3731 5630 sine

2149 5648 2451 5703 discrimine
2485 5648 2501 5716 (
2527 5648 2754 5716 facere).
