4104 6408
535 310 637 365 431

1776 303 2016 360 DIDYMI
2047 299 2514 358 ALEXANDRINI

3679 312 3788 370 432

533 429 829 490 exsistens,
858 437 914 482 et
951 434 1095 482 totus
1128 425 1197 481 ab
1223 425 1475 481 omnibus
1518 432 1735 496 propter
1760 425 1928 494 ipsius
1952 425 2097 480 boni-

2217 422 2560 493 καταλάμπον
2583 461 2598 486 ,
2657 422 2750 476 καὶ
2818 421 3095 492 πανταχοῦ
3170 421 3411 493 πληθύον
3473 423 3744 496 ἀγιασμδν
3765 466 3784 496 ,

538 530 702 574 tatem
732 519 1102 589 participatus,
1149 527 1204 572 et
1246 527 1519 587 receptus,
1549 531 1652 570 non
1682 526 1860 570 tamen
1886 516 2109 582 divisus,

534 622 711 678 neque
760 608 865 662 alio
924 607 1336 677 transmigrans,
1369 620 1547 675 neque
1579 605 1927 659 mutationem
1981 604 2113 659 sub-

536 697 684 759 iens.
720 699 811 752 sed
848 699 1097 752 omnibus
1121 699 1307 752 eodem
1347 711 1564 766 semper
1616 696 1798 758 modo,
1851 711 1956 751 non
1984 709 2113 749 vero

534 803 598 842 ex
632 798 802 857 parte,
835 789 1121 858 inspirans,
1145 797 1200 843 et
1232 788 1506 858 propriam
1542 788 1832 857 puritatem
1867 801 1896 839 a
1920 801 2110 854 corpo-

539 878 690 932 ribus
747 879 1228 934 incontaminatam
1275 893 1534 944 servans,
1595 886 1650 932 et
1701 879 1882 932 omnia
1931 877 2112 932 divino

539 970 698 1022 modo
723 970 1051 1034 illnininans,
1084 980 1139 1024 et
1165 970 1364 1040 ubique
1401 969 1906 1033 sanctificationem,
1941 967 2114 1023 chari-

541 1071 728 1125 tatem,
767 1077 970 1130 pacem,
1023 1062 1368 1130 sapientiam,
1411 1061 1690 1131 gaudium,
1737 1061 2106 1126 securitatem,

538 1164 594 1205 et
617 1167 775 1205 omne
817 1154 1012 1206 bonum
1050 1152 1208 1223 114
1237 1153 1530 1222 adaugens,
1575 1160 1760 1220 utpote
1785 1151 1888 1221 qui.
1915 1165 1982 1205 ex
2018 1165 2113 1219 pa-

543 1253 694 1296 terno
741 1242 886 1298 fonte
934 1243 1047 1313 (53)
1098 1243 1452 1298 subsistenter
1510 1244 1861 1298 emanavitac
1889 1243 2108 1298 eluxit:

543 1348 638 1400 per
687 1347 886 1399 quem,
940 1342 995 1388 et
1053 1343 1271 1404 prepter
1326 1348 1484 1401 quem
1536 1333 1810 1388 nobiscum
1870 1343 2114 1388 versatur

543 1423 684 1477 Deus
707 1433 760 1477 et
790 1424 967 1488 Pater,
993 1439 1112 1477 eum
1137 1438 1243 1494 quo
1270 1423 1504 1493 Spiritus
1534 1429 1648 1494 ipse
1671 1432 1726 1478 et
1753 1425 1805 1479 in
1835 1423 1988 1480 etelis
2007 1433 2109 1490 est,

542 1525 598 1567 rt
632 1515 771 1582 apud
809 1530 907 1570 nos
941 1524 1152 1580 manet;
1201 1531 1324 1568 nam
1371 1525 1549 1584 potest
1589 1516 1805 1586 quidem
1855 1531 2113 1586 unaquae-

542 1621 647 1671 que
675 1606 855 1658 divina
881 1621 1106 1674 persona
1140 1605 1319 1660 omnia
1369 1605 1609 1675 perfecte
1637 1605 1753 1660 sine
1782 1605 1942 1660 ullius
1972 1607 2110 1660 indi-

541 1695 721 1762 gentia
752 1695 965 1763 facere;
1014 1712 1200 1751 verum
1231 1708 1291 1752 ut
1327 1698 1513 1752 eadem
1547 1697 1865 1752 ostendatur
1913 1712 2110 1768 opera-

2213 514 2454 583 ἀγάπην,
2483 512 2726 583 εἰρήνην,
2751 513 2965 580 σοφίαν,
2988 512 3186 585 χαράν,
3212 515 3530 582 ἀσφάλειαν,
3559 517 3655 570 καὶ
3679 520 3788 573 πᾶν

2213 603 2438 673 ἀγαθὸν,
2470 603 2565 656 ἅτε
2587 605 2652 656 ἐκ
2674 603 2772 673 τῆς
2797 606 3072 676 πατρικῆς
3095 605 3476 669 ἐνυποστάτως
3500 607 3788 678 ἐκλάμψαν

2214 695 2427 766 πηγῆς·
2475 693 2543 746 δι’
2574 688 2634 747 οὐ
2674 693 2770 745 καὶ
2800 692 2867 746 δι’
2894 693 2923 746 ὃ
2972 695 3103 764 ἡμῖν
3138 693 3430 765 πλησιάζει
3467 696 3495 748 ὁ
3527 695 3660 758 Θεὸς
3696 697 3788 749 καὶ

2212 783 2424 854 Πατὴρ,
2450 782 2568 852 μεθ’
2596 774 2656 834 οῦ
2687 782 2781 835 καὶ
2811 783 2868 835 ἐν
2896 783 3148 853 οὐρανοῖς
3173 784 3344 847 ἐστιν,
3377 784 3472 836 καὶ
3497 786 3630 856 παρ’
3659 785 3788 856 ἡμῖν

2215 874 2398 944 μένει·
2448 873 2752 945 δυναμένης
2805 875 2904 945 μὲν
2950 874 3189 946 ἑκάστης
3235 875 3385 939 θείας
3438 876 3788 940 ὑποστάσεως

2211 965 2527 1036 ἁπροσδεῶς
2573 966 2753 1019 πάντα
2801 966 3025 1037 ποιῆσαι
3070 966 3327 1029 τελείως·
3367 966 3454 1020 ἴνα
3505 967 3562 1020 δὲ
3603 967 3784 1040 δειχθῇ

2211 1056 2273 1110 τὸ
2320 1057 2735 1129 συμπρακτικὸν
2773 1057 2869 1111 καὶ⁵
2918 1057 3334 1130 ἀπαράλλακτον
3381 1060 3480 1130 τῆς
3507 1077 3567 1112 τε
3601 1060 3788 1125 οὐσίας

2215 1146 2414 1210 αὐτῶν,
2445 1147 2544 1218 τῆς
2578 1165 2637 1200 τε
2683 1149 3130 1219 προσκυνήσεως,
3173 1149 3266 1200 καὶ
3315 1148 3509 1219 δόξης,
3557 1150 3654 1202 καὶ
3703 1150 3790 1202 εὐ-

2211 1236 2496 1306 χαριστίας
2527 1235 2629 1304 τῆς
2671 1235 2993 1306 ὀφειλούσης
3027 1237 3156 1307 παρ’
3180 1237 3341 1308 ἡμῶν
3374 1239 3658 1308 γίνεσθαι,
3699 1227 3804 1294 διάί

2209 1328 2370 1381 τοῦτο
2397 1332 2547 1400 κοινῇ
2580 1329 2728 1400 παρὰ
2775 1329 2878 1399 τῆς
2917 1330 3081 1400 ἁγίας
3127 1330 3359 1400 Τριάδος
3404 1332 3506 1402 τῆς
3555 1333 3788 1396 κτίσεως

2211 1419 2612 1491 πληρωθείσης.
2667 1419 2754 1492 [51
2781 1419 2836 1492 α]
2878 1421 3168 1492 Παριστῶν
3203 1421 3335 1489 γοῦν
3383 1422 3445 1476 τὸ
3496 1424 3787 1496 τριαδικῶς

2210 1511 2677 1583 διακεκοσμῆσθαι
2717 1512 2817 1584 τὴν
2843 1513 3040 1577 κτίσιν,
3081 1513 3272 1583 ψάλλει
3291 1530 3303 1544 ’
3347 1533 3365 1565 ι
3397 1513 3486 1586 Τῷ
3512 1513 3658 1585 λόγῳ
3684 1517 3790 1570 Ku-

2214 1603 2332 1675 ρίου
2371 1606 2420 1657 οί
2476 1604 2696 1676 οὐρανοὶ
2761 1602 3195 1676 ἐστερεώθησαν,
3244 1606 3340 1659 καὶ
3382 1607 3460 1676 τῷ
3511 1607 3790 1678 Πνεύματι

2211 1697 2306 1751 τοῦ
2359 1697 2627 1768 στόματος
2673 1696 2836 1750 αὐτοῦ
2910 1699 3081 1750 πᾶσαι
3129 1699 3188 1751 αἱ
3236 1698 3493 1769 δυνάμεις
3537 1699 3737 1754 αὐτῶν.
3761 1718 3781 1752 ο

543 1788 640 1847 ιίο,
679 1787 976 1856 eademque
1003 1802 1123 1840 eum
1151 1787 1384 1842 essentia
1409 1788 1672 1856 ipsarum,
1704 1797 1817 1841 tum
1848 1788 2109 1852 adoratio,

2217 1785 2382 1841 Εἶπεν
2409 1766 2517 1859 γάρ
2544 1789 2748 1860 Κύριον
2784 1788 2885 1859 μὲν
2938 1789 3028 1842 τὸν
3057 1788 3188 1843 Θεὸν
3226 1766 3446 1861 Πατέρα
3465 1807 3479 1821 ·
3509 1791 3680 1860 Λόγον
3731 1791 3788 1846 δέ

539 1890 588 1934 et
624 1878 817 1950 gloria,
850 1888 903 1934 et
943 1879 1236 1948 gratiarum
1263 1879 1428 1944 actio,
1457 1895 1577 1949 quae
1603 1880 1682 1934 eis
1714 1879 1864 1934 reddi
1891 1895 1922 1933 a
1960 1880 2112 1935 nobis

2217 1879 2306 1932 τὸν
2337 1880 2600 1951 μονογενῆ
2641 1879 2792 1944 Υἱὸν,
2833 1879 2901 1933 δι’
2930 1874 2992 1936 οὗ
3035 1881 3131 1934 καὶ
3161 1881 3290 1952 παρ’
3323 1874 3384 1935 οὐ
3418 1881 3748 1953 ἐκτίσθησαν
3769 1899 3785 1915 ·

539 1973 717 2035 debet,
749 1971 870 2025 ideo
906 1969 1267 2024 communiter
1297 1985 1328 2024 a
1373 1980 1558 2025 saneta
1592 1969 1861 2025 Trinitate
1902 1971 2109 2026 creatio

2217 1967 2440 2038 Πνεῦμα
2467 1968 2524 2021 δὲ
2577 1968 2638 2021 τὸ
2671 1968 3030 2023 ἐνυπόστατον
3063 1971 3218 2038 ἆγιον
3250 1970 3475 2042 Πνεῦμα
3505 1971 3602 2024 τοῦ
3629 1971 3786 2038 Θεοῦ,

539 2061 802 2132 completa
835 2063 955 2115 fuit.
991 2059 1058 2115 Ut
1090 2062 1233 2116 hunc
1263 2075 1429 2132 porro
1471 2070 1779 2116 creatarum
1819 2076 1998 2116 rerum
2023 2076 2115 2116 or-

540 2165 726 2208 natum
781 2163 942 2223 atque
994 2155 1236 2208 ordinem
1287 2169 1318 2208 a
1371 2164 1482 2209 tota
1539 2153 1806 2210 Trinitale
1853 2168 1975 2210 esse
2023 2155 2116 2210 de-

540 2255 806 2300 monstret
855 2245 1041 2311 David,
1095 2246 1177 2301 sic
1209 2245 1429 2314 psallit:
1469 2265 1488 2299 ‹
1533 2244 1711 2302 Verbo
1749 2247 1861 2317 (54)
1904 2247 2114 2302 Domini

542 2337 666 2392 cteli
697 2336 896 2391 firmati
925 2347 1074 2401 sunt,
1106 2348 1162 2392 et
1199 2336 1405 2408 Spiritu
1441 2337 1554 2392 oris
1585 2338 1699 2409 ejus
1728 2352 1918 2393 omnes
1943 2338 2114 2392 virtu-

543 2438 623 2481 tes
645 2443 852 2482 eorum.
889 2448 907 2480 ι
941 2428 1152 2485 Etenim
1196 2430 1479 2485 Dominum
1523 2431 1739 2499 quidem
1781 2430 1911 2485 dicit
1949 2430 2114 2486 Deum

539 2515 796 2585 Patrem;
851 2519 1086 2575 Verbum
1154 2536 1306 2586 vero,
1361 2520 1704 2592 Unigenitum
1762 2519 1980 2586 Filium,
2024 2536 2120 2591 per

538 2624 722 2680 quem,
751 2618 806 2663 et
835 2624 862 2663 a
908 2624 1016 2680 quo
1056 2611 1225 2665 creati
1247 2619 1374 2665 sunt
1412 2610 1571 2678 caeli;
1614 2611 1876 2680 Spiritum
1909 2621 2112 2677 autem,

538 2710 784 2757 sanctum
820 2700 911 2756 Dei
957 2699 1345 2756 subsistentem
1384 2700 1671 2772 Spiritum,
1695 2717 1724 2756 a
1752 2716 1858 2773 quo
1896 2712 1952 2758 et
1987 2718 2116 2759 san-

538 2792 760 2846 ctilicati
807 2791 920 2863 (35)
970 2801 1024 2846 et
1069 2794 1408 2849 corroborati
1461 2803 1625 2848 sunt:
1682 2794 1796 2865 ipse
1844 2795 1988 2851 enim
2036 2802 2118 2850 est

539 2883 780 2938 divinum
809 2898 1006 2939 nomen
1033 2903 1049 2951 ;
1095 2885 1210 2954 ipse
1232 2885 1642 2955 omnipotentia,
1686 2895 1741 2942 et
1773 2885 2118 2942 excellentis-

537 2973 678 3029 sima
719 2973 978 3044 dignitate
1010 2976 1300 3043 praeditus;
1343 2976 1432 3045 qui
1484 2976 1643 3030 simul
1697 2991 1816 3031 cum
1846 2977 2009 3033 Patre
2052 2992 2117 3034 ac

542 3062 680 3116 Filio
697 3071 752 3118 et
783 3074 1260 3128 commemoratur,
1282 3075 1338 3120 et
1372 3064 1831 3134 conglorificatur;
1857 3065 1948 3134 qui
1987 3081 2116 3121 san-

540 3153 768 3218 ctillcat,
803 3163 856 3208 et
886 3153 1144 3221 vivificat,
1176 3162 1234 3210 et
1261 3154 1501 3210 caelestis
1532 3155 1668 3210 lucis
1711 3156 2003 3226 participes
2036 3156 2117 3211 fa-

547 3244 660 3308 cit;
709 3244 801 3314 qui
847 3245 1180 3314 singulorum
1235 3247 1290 3300 in
1323 3247 1608 3301 concordia
1659 3249 2113 3316 perseverantiam

539 3335 810 3401 custodit;
847 3337 937 3406 qui
991 3336 1270 3406 prophetis
1301 3346 1359 3393 et
1407 3336 1665 3406 apostolis
1711 3337 2016 3407 inspiravit,
2063 3345 2118 3393 et

542 3427 896 3498 martyribus,
951 3437 1008 3480 ut
1055 3429 1353 3498 tyrannica:
1418 3427 1723 3483 crudelitati
1779 3429 2112 3496 resisterent,

541 3520 648 3572 vim
683 3519 860 3585 dedit;
905 3521 994 3589 qui
1044 3530 1288 3584 renovat,
1336 3530 1393 3577 et
1435 3520 1629 3576 liberat
1657 3529 1717 3577 ut
1749 3520 2027 3587 Dominus,
2063 3530 2119 3576 et

542 3611 683 3666 filios
713 3612 804 3666 Dei
835 3627 934 3667 nos
975 3611 1109 3668 facit
1135 3626 1194 3667 ut
1236 3613 1472 3682 Spiritus
1511 3613 1845 3682 adoptionis;
1881 3614 1972 3682 qui
2003 3614 2116 3667 dae-

543 3719 760 3758 monum
790 3704 935 3760 acies
961 3719 1058 3773 per
1107 3704 1579 3773 illuminationem,
1638 3705 1692 3760 id
1748 3713 1832 3760 est
1878 3721 1974 3776 per
2019 3706 2114 3761 ba-

543 3796 775 3864 ptisma,
830 3797 1060 3866 repellit,
1118 3806 1174 3851 et
1218 3798 1614 3863 adversarium,
1662 3813 1757 3852 seu
1818 3797 2110 3865 Satanam,

545 3888 835 3956 ignominia
865 3887 1057 3951 allicit;
1087 3888 1178 3957 qui
1211 3889 1471 3944 caelorum
1499 3899 1682 3959 portas
1707 3890 1862 3945 nobis
1881 3899 2110 3956 reserat,

542 3988 598 4032 et
618 3978 683 4032 ad
717 3979 905 4032 salutis
928 3980 1129 4032 aditum
1155 3979 1268 4050 (36)
1294 3995 1393 4035 nos
1418 3981 1585 4045 ducit,
1613 3990 1666 4035 et
1691 3981 1949 4051 angelicae
1979 3995 2114 4036 eon-

543 4069 883 4136 versationis,
928 4069 1340 4140 hymnodiaaque
1381 4071 1674 4142 participes
1721 4071 1880 4140 facit;
1910 4072 2000 4142 qui
2029 4088 2115 4129 se-

545 4159 675 4212 mita
711 4159 866 4213 nobis
919 4159 997 4226 fit,
1033 4159 1099 4213 ad
1157 4159 1328 4229 ipsum
1375 4161 1647 4215 cmlestem
1697 4160 1864 4216 Deum
1914 4175 1978 4216 ac
2011 4161 2113 4216 Pa-

545 4262 681 4304 trem
710 4251 1013 4318 deducens;
1059 4250 1152 4320 qui
1184 4251 1531 4306 serenissimo
1563 4253 1797 4306 adventu
1831 4266 1929 4307 suo
1958 4253 2113 4309 nobis

545 4355 666 4395 sese
716 4340 986 4396 liberrime
1051 4350 1105 4396 et
1167 4340 1624 4397 excellentissime
1679 4341 2100 4410 mauifestavit;

2217 2059 2348 2128 παρ’
2391 2051 2453 2112 οῦ
2509 2058 2864 2127 άγιασθέντες
2919 2060 3426 2134 ἐνεδυναμώθησαν.
3478 2063 3622 2116 Αὐτὸ
3681 2064 3788 2135 γάρ

2220 2151 2370 2203 ἐστιν
2429 2148 2490 2203 τὸ
2544 2150 2720 2204 θεῖκὸν
2768 2150 2974 2222 ὄνομα,
3031 2153 3092 2206 τὸ
3145 2153 3644 2226 παντοκρατορικὸν
3695 2155 3788 2210 καὶ

2220 2240 2487 2312 ὑπερέχον
2532 2241 2782 2313 ἀξίωμα,
2830 2242 2890 2296 τὸ
2935 2243 3032 2296 σὺν
3072 2245 3245 2314 Πατρὶ
3285 2245 3378 2298 καὶ
3429 2245 3542 2316 Υίῷ
3583 2264 3789 2319 μνημο-

2219 2333 2509 2403 νευόμενον
2552 2334 2647 2387 καὶ
2695 2333 3174 2405 σννδοξαζόμενον·
3217 2336 3276 2389 τὸ
3319 2337 3659 2406 ἀγιαστικὸν,
3695 2339 3788 2390 καὶ

2219 2422 2516 2488 ζωοποιὸν,
2570 2423 2666 2478 καὶ
2732 2424 2908 2492 φωτὸς
2964 2426 3218 2497 οὐρανίου
3288 2428 3640 2498 μεταδοτικόν
3666 2445 3681 2459 ·
3729 2429 3790 2481 τὸ

2219 2514 2586 2587 φρουρητικὸν
2636 2515 2884 2570 ἑκάστων
2931 2517 3030 2588 τῆς
3059 2518 3118 2570 ἐν
3163 2519 3450 2590 ταυτότητι
3489 2519 3785 2592 διαμονῆς·

2215 2605 2276 2660 τὸ
2323 2607 2628 2678 προφήταις
2673 2607 2767 2660 καὶ
2819 2607 3134 2672 ἀποστόλοις
3183 2611 3473 2681 ἐνηχῆσαν,
3511 2611 3607 2663 καὶ
3645 2613 3788 2682 μάρ-

2217 2715 2388 2770 τυρας
2437 2700 2752 2770 ἀντιστῆναι
2804 2704 3098 2772 τυραννικῇ
3148 2700 3394 2773 ὠμότητι
3457 2704 3783 2774 ἐνισχύσαν·

2218 2789 2279 2842 τὸ
2308 2790 2654 2855 ἀνακαινίξον
2687 2790 2780 2844 καὶ
2813 2791 3132 2862 ἐλευθεροῦν
3157 2793 3233 2856 ὼς
3270 2793 3492 2866 Κύριος,
3517 2796 3612 2849 καὶ
3643 2796 3788 2859 υἱοὺς

2218 2879 2358 2934 Θεοῦ
2397 2883 2546 2952 ἡμᾶς
2610 2881 2802 2937 ποιοῦν
2847 2883 2925 2946 ὡς
2975 2884 3201 2956 Πνεῦμα
3241 2884 3545 2950 υἱοθεσίας·
3584 2887 3645 2940 τὸ
3688 2887 3790 2942 ἀπ-

2224 2970 2449 3026 ελαῦνον
2488 2972 2564 3044 τῷ
2592 2974 2904 3045 φωτίσματι
2943 2976 3211 3046 δαιμόνων
3233 2977 3416 3050 στίφη,
3457 2978 3667 3034 καὶτὸν
3698 2979 3789 3034 ἀν-

2219 3061 2524 3131 τικείμενον
2570 3063 2962 3134 καταισχύνον·
3007 3066 3067 3119 τὸ
3113 3066 3452 3132 ἀναπετάζω
3505 3071 3637 3141 ἡμῖν
3691 3070 3788 3134 τὰς

2217 3151 2461 3222 οὐρανῶν
2494 3151 2690 3216 πύλας,
2737 3154 2830 3206 καὶ
2865 3153 2999 3222 ἄγον
3031 3155 3124 3208 ἐπὶ
3169 3156 3271 3227 τὴν
3313 3157 3514 3212 εἴσοδον
3544 3160 3646 3231 τῆς
3685 3179 3790 3214 σω-

2216 3241 2440 3314 τηρίας,
2485 3244 2578 3296 καί
2624 3243 2725 3313 τῆς
2773 3245 3018 3313 ἀγγέλων
3065 3247 3342 3314 πολιτείας
3387 3252 3481 3304 καὶ
3515 3252 3789 3324 ὑμνῳδίας

2217 3333 2582 3405 ἐργαζόμενον
2632 3337 2953 3402 κοινωνούς·
2989 3339 3049 3393 τὸ
3089 3341 3375 3413 γινόμενον
3420 3346 3554 3415 ἡμῖν
3603 3347 3788 3418 τρίϐος

2217 3425 2573 3495 ἀποφέρουσα
2625 3427 2763 3498 πρὸς
2816 3430 2978 3484 αὐτὸν
3015 3431 3106 3486 τὸν
3160 3435 3482 3507 ἐπουράνιον
3515 3437 3646 3491 Θεὸν
3697 3441 3789 3494 καὶ

2218 3517 2437 3589 Πατέρα
2458 3533 2473 3548 ·
2508 3520 2542 3589 ἡ
2579 3519 2922 3586 αὐτεξούσιος
2970 3524 3066 3577 καὶ
3100 3527 3513 3599 ὑπερϐάλλουσα
3557 3530 3790 3602 γαληνο-

2214 3608 2352 3679 τάτη
2391 3611 2719 3679 ἐπιφάνεια·
2749 3613 2783 3682 ἡ
2832 3612 3074 3683 γόνιμος,
3119 3617 3216 3671 καλ⁹
3258 3618 3508 3691 ἄπειρος,
3547 3623 3644 3675 καὶ
3687 3640 3791 3676 σω⁶

2219 3698 2378 3772 στικὴ
2431 3699 2695 3773 δύναμις·
2734 3704 2768 3775 ἡ
2813 3704 3113 3778 ἀμεγέθης,
3154 3708 3250 3762 καὶ
3293 3709 3646 3782 ἀσύγκριτος,
3698 3713 3792 3768 καὶ

2219 3792 2390 3862 σεπτὴ
2441 3793 2768 3859 ὑπόστασις·
2809 3797 2842 3866 ἡ
2892 3796 3193 3870 ἄχραντος,
3244 3803 3340 3856 καὶ
3388 3797 3666 3876 ἔγκριτος,
3699 3807 3792 3862 καὶ

2217 3882 2493 3974 πάναγνος
2523 3885 2681 3949 δόξα·
2713 3885 2918 3974 ὴνθεία
2951 3890 3132 3962 χάρις,
3177 3894 3210 3963 ἡ
3259 3893 3322 3946 τὰ
3364 3893 3621 3950 λείποντα
3659 3897 3792 3952 ἀνα-

2217 3973 2531 4045 πληροῦσα,
2581 3977 2675 4030 καὶ
2711 3973 2784 4030 τα
2822 3978 3022 4052 ἀσθενῆ
3060 3981 3299 4053 ἰωμένη·
3341 3985 3374 4055 ἡ
3411 3984 3655 4058 ἀρῤητος
3698 3989 3794 4042 καὶ

2216 4063 2388 4128 ἀΐδιος
2416 4065 2690 4139 ἀγαθότης
2708 4085 2722 4098 ·
2750 4069 2784 4140 ή
2816 4070 2966 4142 πηγὴ
2994 4071 3101 4126 τῶν
3130 4073 3494 4130 ἀνεκλείπτων
3526 4079 3796 4150 χαρισμά-

2214 4172 2345 4220 των,
2376 4158 2472 4211 καὶ
2509 4159 2712 4223 παντὸς
2753 4160 2961 4229 ἀγαθοῦ
3000 4162 3094 4217 νοῦ
3132 4165 3386 4236 πρόοδος·
3418 4169 3452 4238 ἡ
3489 4169 3792 4238 μελλόντων

2217 4247 2312 4301 καὶ
2340 4248 2635 4317 ἀγνώστων
2675 4251 2882 4324 ἀληθὴς
2931 4256 3273 4328 φανέρωσις·
3313 4259 3348 4330 η
3393 4257 3480 4330 [51
3509 4259 3563 4332 ὁ]
3613 4263 3791 4335 σωτή-

2219 4360 2334 4414 ριος
2373 4345 2628 4415 σφραγὶς,
2663 4347 2758 4400 καὶ
2787 4347 2848 4401 τὺ
2884 4347 3026 4402 θεῖον
3061 4349 3297 4421 χρίσμα·
3327 4351 3356 4404 ὀ
3398 4351 3658 4424 ἀρραϐὼν
3682 4354 3792 4408 τῶν

544 4433 635 4500 qui
665 4445 746 4488 est
780 4433 936 4504 115
972 4433 1219 4498 fecunda,
1251 4443 1306 4488 et
1331 4432 1566 4500 infinita,
1599 4445 1654 4488 et
1677 4438 1941 4489 servatrix
1984 4437 2107 4503 vis;

2217 4435 2400 4488 ἀϊδίων
2451 4436 2699 4504 ἀγαθῶν·
2739 4441 2872 4512 παρ’
2906 4432 2968 4493 οῦ
3017 4442 3166 4495 πᾶσα
3216 4441 3427 4510 κτίσις,
3476 4445 3648 4518 ὁρατὴ
3695 4445 3792 4500 καὶ

545 4525 931 4594 magnitudine,
986 4538 1080 4581 seu
1135 4524 1470 4580 dimensione
1520 4526 1713 4595 quavis
1769 4540 2002 4592 carens,
2054 4535 2109 4581 et

621 4695 730 4771 (3'5)
767 4695 952 4771 Fonte.
972 4697 1073 4771 Est
1085 4697 1231 4771 enim
1255 4698 1436 4771 Pater,
1460 4708 1520 4752 ut
1546 4698 1838 4768 loquuntur
1861 4701 2116 4771 theologi,

558 4785 580 4840 ι
615 4767 732 4840 l‘ons
767 4768 931 4840 totius
971 4767 1288 4840 divinitatis.
1337 4787 1354 4820 ι
1401 4768 1540 4840 βενε
1580 4767 1758 4824 autem
1798 4781 1994 4840 putes,
2034 4767 2118 4827 his

555 4837 913 4908 locutionibus
967 4839 1364 4902 processionem
1398 4838 1630 4908 Spiritus
1670 4837 1844 4895 sancti
1873 4856 1900 4892 a
1931 4838 2114 4906 Patre,

550 4906 794 4974 Filioque
824 4908 1025 4974 negari.
1056 4908 1167 4973 Qua
1195 4910 1259 4962 de
1286 4924 1342 4962 re
1374 4906 1506 4962 alias
1533 4924 1838 4965 sermonem
1866 4911 2028 4964 habui
2059 4911 2114 4966 itt

552 4975 886 5046 Epistolrthd
917 4977 1222 5030 Archintum
1249 4978 1550 5046 prwsulem.

619 5046 730 5114 (34)
779 5043 964 5098 Verbo.
1009 5046 1148 5099 Psal.
1181 5043 1354 5112 xx'xtt,
1387 5064 1526 5104 vers.
1575 5049 1626 5103 6.

623 5115 737 5184 (35)
777 5113 1126 5182 Sanctiﬁcati.
1175 5117 1306 5170 Cum
1351 5121 1464 5171 haec
1515 5119 1582 5173 ab
1615 5133 1680 5172 eo
1727 5118 1926 5172 dictata
1982 5128 2112 5183 sint,

553 5188 643 5252 qui
665 5188 746 5257 ob
772 5185 1167 5257 Origenismum
1196 5187 1332 5240 male
1357 5188 1524 5252 audit,
1555 5188 1686 5242 nihil
1716 5189 1926 5243 facilius
1951 5204 2110 5257 quam

552 5264 611 5308 ut
662 5254 786 5326 illuc
843 5254 909 5326 ab
954 5255 1480 5326 aliqqutrahantur.
1529 5258 1660 5314 Vide
1710 5274 1827 5326 qua:
1870 5254 2116 5326 superius

553 5341 675 5393 pag.
716 5325 806 5391 87,
837 5323 1109 5395 adnotavi.
1136 5323 1273 5390 Quid
1310 5335 1486 5395 tamen
1523 5336 1668 5381 vetat
1706 5323 1996 5395 quominus
2031 5329 2117 5382 Di-

551 5395 769 5467 dyinnm
840 5394 1210 5467 existimemus
1265 5394 1522 5450 caelorum
1578 5394 1799 5452 nomine
1863 5400 2116 5467 angelos,

551 5463 926 5532 t-mlurumque
978 5465 1226 5526 virtutes,
1267 5480 1360 5517 seu
1405 5477 1716 5532 potestates,
1753 5478 1845 5520 aut
1901 5463 2116 5522 fortitu-

551 5533 833 5606 dineshie
858 5533 1174 5602 intelligere,
1210 5533 1436 5606 ideoque
1462 5536 1795 5606 Qrigeniano
1826 5552 1986 5591 sensu
2013 5554 2118 5592 non

553 5603 698 5670 loqui
717 5604 755 5676 ?_
776 5603 1130 5676 llierouyntus
1169 5617 1298 5676 sane
1346 5605 1398 5676 in
1451 5603 1689 5666 Epistola
1730 5607 1798 5660 ad
1846 5606 2118 5676 Algasium

555 5688 702 5727 num.
737 5673 824 5740 10,
864 5692 882 5725 ι
919 5673 1104 5726 Militia
1143 5673 1288 5736 caeli,
1320 5691 1341 5725 ι
1374 5674 1563 5743 inquit,
1599 5695 1616 5726 ι
1659 5693 1761 5731 non
1799 5673 2004 5730 tantum
2039 5679 2120 5730 sol

533 5743 874 5815 appellatur,
901 5753 958 5798 et
985 5744 1134 5809 luna,
1160 5752 1214 5799 et
1239 5755 1384 5800 astra
1416 5746 1714 5816 rutilantia,
1739 5747 1831 5804 sed
1865 5757 1919 5803 et
1943 5750 2120 5804 omnis

2218 4527 2470 4600 ἀόρατος,
2502 4529 2696 4603 λογικὴ
2721 4533 2816 4586 καὶ
2848 4533 2922 4605 μὴ
2951 4534 3164 4606 λογικὴ,
3194 4537 3587 4609 ἐνδυναμοῦται
3608 4556 3621 4569 ·
3657 4541 3792 4611 παρ’

2228 4703 2466 4786 angelica
2516 4707 2824 4786 multitudo,
2868 4724 3168 4786 eorumque
3210 4715 3501 4779 exercitus,
3545 4716 3636 4786 qui
3682 4716 3790 4772 He-

2225 4773 2410 4850 braice
2444 4777 2744 4850 appellatur
2791 4773 3150 4844 Sabaothfid
3192 4793 3304 4850 est,
3346 4773 3626 4847 virtutum.
3679 4788 3792 4843 sive

2223 4845 2630 4922 exercituum.)
2660 4847 2892 4903 Hilarius
2919 4864 3049 4922 vero
3078 4854 3142 4904 ad
3168 4867 3229 4906 ea
3259 4845 3394 4922 p'sal.
3417 4869 3567 4909 vatt
3599 4845 3786 4921 verba,

2225 4929 2245 4962 ‹
2278 4913 2409 4992 ςαξιί
2435 4917 2884 4992 ςίίειίμιινθςιιιιι,ι
2911 4921 2990 4974 sic
3015 4913 3273 4990 loquitur'
3297 4939 3417 4992 pag.
3442 4923 3548 4977 2'20
3579 4935 3710 4979 tom.
3733 4927 3750 4980 l
3773 4913 3788 4982 Ξ

2230 5001 2248 5032 ι
2286 4981 2340 5036 Si
2363 4985 2515 5064 _enim
2558 4986 2641 5041 lex
2683 4981 2942 5064 disposita
2972 4999 3058 5064 est
3087 4981 3185 5059 per
3211 4981 3454 5062 angelos,
3489 4981 3792 5064 panemque

2220 5054 2532 5133 angelorum
2584 5054 2926 5133 manducavit
2972 5054 3150 5125 hom'o,
3201 5054 3787 5133 etnl'ique's‘tillasse'in

2223 5121 2351 5202 Sina
2391 5126 2725 5202 scribuntur,
2754 5128 2991 5202 profecto
3033 5121 3388 5186 titinisteriut'n
3423 5135 3524 5188 hoc
3555 5151 3582 5187 a
3611 5136 3788 5196 caelis,

2224 5193 2275 5272 id
2310 5193 2416 5272 est,
2448 5195 2517 5272 ab
2555 5193 2766 5272 angelis
2796 5197 3064 5272 expletum
3095 5215 3220 5272 esse
3238 5218 3340 5256 non
3370 5203 3592 5257 dubium
3627 5219 3730 5260 εει.
3765 5193 3784 5256 ἰ

2224 5259 2360 5341 Quid
2417 5259 3070 5341 pluraYDidytnusjpse
3113 5271 3256 5341 hunc
3299 5274 3545 5327 eumdem
3599 5259 3789 5341 psalmi

2225 5331 2678 5410 locum—afferent:
2705 5331 2875 5407 se'gm.
2924 5331 2990 5410 78
3032 5341 3082 5405 b,
3132 5359 3150 5389 ι
3185 5339 3420 5396 Virtutes
3453 5331 3715 5398 caelorum
3766 5362 3785 5395 ι

2220 5408 2299 5480 ait
2340 5419 2460 5456 esse
2498 5421 2604 5459 non
2651 5411 2810 5480 modo
2851 5408 3110 5462 caelorum
3148 5428 3168 5461 ι
3205 5413 3552 5478 substantias,
3603 5431 3622 5464 ι
3675 5414 3790 5468 sive

2219 5471 2269 5523 id
2296 5489 2411 5550 quo
2447 5491 2482 5550 ε-
2504 5476 2977 5550 con_stitu_nntnr,_t
3011 5495 3193 5533 verum
3225 5482 3386 5535 etiam
3421 5500 3439 5532 ι
3481 5471 3727 5550 angelos.
3761 5502 3823 5536 ι-

2288 5541 2401 5616 (ζῷϐ)
2443 5541 2648 5599 Salutis
2679 5548 2903 5601 aditum.
2934 5547 3156 5603 Locutio
3183 5551 3478 5616 translata;
3509 5541 3790 5616 evtemplis

2222 5613 2455 5687 scilicet,
2506 5625 2562 5687 nt
2607 5618 2826 5685 opinor,
2877 5618 3060 5680 ducta,
3101 5635 3330 5686 quorum
3377 5613 3499 5687 pars
3545 5613 3794 5677 anterior

2221 5681 2450 5762 εἴσοδος,
2483 5686 2594 5762 sive
2626 5681 2664 5736 ι’
2691 5689 2865 5744 aditus
2901 5707 2920 5740 ι
2957 5681 3175 5758 dicitur,
3209 5701 3301 5748 aut
3332 5681 3662 5762 προπύλαια,
3695 5707 3797 5749 seu

2224 5770 2244 5804 σ
2287 5755 2625 5810 vestibulum.
2662 5775 2683 5809 ι
