3974 6404
198 351 278 407 45⁸1
1166 340 1252 395 DE
1294 341 1671 397 TRIMTATE
1710 342 1913 395 LIBER
1957 342 2336 402 SECUNDUS.
3284 352 3389 411 ‘53

198 469 351 537 στολῇ·
383 484 401 517 ε
445 465 506 516 Ἀ
542 461 819 533 ὀφθαλμὸς
847 462 947 515 οὐκ
974 459 1147 524 εἷδεν,⁴
1170 464 1266 515 καὶ
1293 460 1387 527 οῦς
1415 464 1515 516 οὐκ
1548 465 1704 534 ἣκουο
1738 469 1767 523 Α

1822 465 1901 533 qui
1930 464 2229 534 loquimini,
2273 467 2366 520 sed
2416 465 2649 533 Spiritus
2681 466 2855 520 Patrts
2889 470 2988 522 mei
3022 471 3112 538 qui
3155 471 3391 541 loquitur

199 559 371 623 σεν,καὶ
395 556 477 609 ἐπὶ
493 556 708 623 καρδίαν
740 554 1029 625 ἀνθρώπου
1059 555 1160 606 οὐκ
1187 555 1356 624 ἀνέϐη
1378 572 1390 584 ·
1424 556 1460 609 ἃ
1487 558 1711 626 ἡτοίμα-

1822 555 1867 609 in
1905 554 2073 609 vobis.
2105 576 2125 608 ι
2165 556 2275 610 Hoc
2304 568 2387 612 est
2418 577 2430 610 :
2462 558 2576 614 Non
2611 574 2707 613 vos
2740 568 3022 622 creatum,
3056 562 3148 615 sed
3179 563 3391 617 increa-

198 671 266 705 σεν
287 656 311 705 ὀ
335 650 449 714 Θεὸς
480 651 586 712 τοῖς
614 647 903 717 ἀγαπῶσιν
937 647 1126 711 αὑτὸν,
1159 650 1292 717 ἡμῖν
1334 648 1390 699 δὲ
1435 648 1710 702 ἀπεκάλυ-

1822 653 1900 699 lus
1951 646 2186 716 Spiritus
2218 648 2332 702 Dei.
2370 649 2568 705 Paulus
2596 666 2725 705 vero
2764 652 2816 704 itt
2848 651 3019 721 prima
3060 652 3296 722 Epistula
3327 659 3391 709 ad

196 746 323 811 ψενό
361 743 478 805 Θεὸς
524 741 607 794 διὰ
640 742 736 795 τοῦ
788 740 1105 811 Πνεῦματος
1141 739 1327 795 αὑτοῦ.
1370 742 1444 794 Τὸ
1484 742 1710 812 Πνεῦμα

1825 737 2124 794 Corinthios
2169 742 2358 794 scribit
2390 765 2400 796 ;
2434 762 2453 794 ι
2484 743 2614 809 Quae
2654 743 2843 797 oculus
2874 743 2984 816 (60)
3022 759 3124 799 non
3160 747 3315 807 vidit,
3342 759 3394 801 et

197 839 335 889 πάντα
365 836 544 905 ἐρευνᾷ
578 832 672 886 καὶ
699 834 767 885 τὰ
805 832 941 903 βάθη
982 832 1075 884 τοῦ
1110 832 1266 886 Θεοῦ.
1302 834 1398 896 Τίς
1430 834 1539 905 γὰρ
1568 829 1709 887 οἶδεν

1826 836 1963 889 turis
1991 850 2095 890 non
2145 836 2371 897 audivit,
2398 844 2461 890 et
2506 837 2561 888 in
2606 850 2699 890 cor
2730 835 2964 889 hominis
2993 851 3097 890 non
3140 840 3395 893 ascende—

206 925 450 995 ἀνθρώπων
484 922 550 974 τὰ
587 921 680 974 τοῦ
717 922 1030 993 ἀνθρώπου,
1069 923 1117 974 εἰ
1155 922 1230 994 μὴ
1261 923 1323 976 τὸ
1357 924 1573 995 πνεῦμα
1613 926 1708 978 τοῦ

1828 936 1938 980 runt
1987 943 2105 997 qum
2152 930 2481 997 prmparavit
2533 928 2674 981 Deus
2723 928 3073 997 diligentibus
3113 931 3397 983 se:nobis

200 1015 423 1087 ἀνθρώπου
450 1015 507 1066 τὸ
534 1015 592 1067 ἐν
624 1014 803 1084 αὑτῷς
839 1015 994 1068 Οὕτω
1026 1017 1120 1069 καὶ
1149 1014 1215 1069 τὰ
1246 1015 1341 1069 τοῦ
1370 1016 1506 1070 Θεοῦ
1537 1018 1713 1081 οὐδεὶς

1827 1028 1991 1072 ιιιιεηι
2016 1018 2275 1073 revelavit
2292 1019 2432 1073 Deus
2448 1033 2543 1087 per
2556 1018 2816 1086 Spiritum
2836 1034 3013 1075 suum.
3033 1019 3269 1086 Spiritus
3284 1002 3396 1087 (6i)

204 1105 324 1169 οἶδεν,
365 1109 403 1159 εἰ
453 1109 523 1177 μὴ
562 1108 623 1160 cii
673 1105 896 1177 Πνεῦμα
943 1108 1039 1161 τοῦ
1090 1109 1248 1164 Θεοῦ.
1307 1110 1496 1180 Ἡμεῖς
1541 1112 1599 1164 δὲ
1649 1112 1710 1164 οὐ

1818 1113 1998 1166 omnia
2054 1122 2331 1166 scrutatur
2376 1114 2538 1165 etiam
2584 1112 2849 1180 profunda
2900 1111 3014 1164 Dei.
3066 1110 3199 1177 Quis
3246 1113 3387 1165 enim

208 1199 363 1268 πνεῦμα
382 1196 466 1250 τοῦ
498 1198 706 1269 κόσμου
740 1199 1025 1269 ἐλάϐομεν,
1057 1200 1191 1253 ἀλλὰ
1219 1201 1280 1253 τὸ
1310 1200 1532 1271 Πνεῦμα
1560 1202 1619 1254 τὸ
1647 1202 1712 1254 ἐκ

1828 1207 2091 1260 tominum
2151 1208 2300 1261 novit
2352 1221 2471 1275 qua:
2521 1215 2648 1260 sunt
2686 1204 2952 1265 hominis,
3018 1204 3119 1258 nisi
3177 1204 3397 1272 spiritus

208 1293 275 1344 τοῦ
297 1290 427 1343 Θεοῦ·
460 1292 542 1343 ἵνα
576 1291 781 1361 ἴδωμεν
818 1292 887 1345 τὰ
926 1292 1030 1345 ὑπὸ
1066 1294 1159 1346 τοῦ
1206 1293 1341 1346 Θεοῦ
1383 1294 1711 1365 χαρισθέντα

1830 1301 2052 1354 tominis
2121 1300 2213 1369 qui
2267 1310 2349 1354 est
2393 1301 2444 1355 iit
2498 1300 2656 1367 ipso?
2720 1297 2811 1352 Sit:
2880 1298 3042 1351 etiam
3095 1314 3216 1368 qua:
3275 1308 3399 1352 sunt

206 1386 311 1453 ἡμῖν,
354 1402 369 1431 ι
422 1381 498 1433 Τὰ
545 1384 929 1454 ήτοιμασμένα
987 1386 1138 1455 παρὰ
1190 1386 1282 1439 τοῦ
1337 1386 1472 1439 Θεοῦ
1534 1388 1713 1455 ἁγαθὰ

1827 1390 1934 1451 Dei,
1965 1404 2127 1444 nemo
2168 1391 2319 1444 novit
2348 1390 2450 1444 nisi
2496 1390 2731 1457 Spiritus
2766 1387 2878 1441 Dei.
2934 1386 3039 1440 Nos
3075 1399 3255 1442 autem
3293 1403 3396 1441 non

200 1471 325 1535 εἶπεν,
350 1474 420 1524 ὅτι
447 1473 506 1524 τὸ
535 1473 766 1543 Πνεῦμα
801 1476 1150 1546 ἀπεκάλυψεν
1180 1480 1254 1542 ὡς
1291 1479 1579 1551 συνδοτὴρ’
1620 1481 1714 1534 καὶ

1827 1483 2067 1551 spiritum
2099 1483 2281 1535 mundi
2316 1483 2645 1550 accepimus,
2682 1480 2774 1534 sed
2811 1479 3073 1547 Spiritum
3100 1482 3191 1549 qui
3225 1488 3396 1534 estex

196 1567 367 1637 Πνεῦμα
412 1568 603 1633 αὑτοῦ,
657 1572 799 1621 κατὰ
843 1572 1269 1641 ἁντιπαράθεσιν
1303 1572 1396 1625 τοῦ
1446 1575 1712 1645 ἡμετέρου

1825 1574 1950 1641 Deo,
1990 1586 2048 1629 ut
2092 1575 2327 1629 sciamus
2366 1590 2485 1641 qua:
2526 1591 2553 1627 a
2597 1574 2705 1627 Deo
2746 1574 2938 1626 donata
2989 1584 3114 1626 sunt
3155 1574 3330 1627 nobis.
3374 1593 3394 1625 ι

195 1661 466 1729 πνεύματος.
497 1662 608 1713 Καὶ
642 1663 1149 1735 ἐπασφαλιζὸμενος
1178 1661 1334 1729 αὖθις
1363 1667 1424 1719 τὸ
1457 1668 1531 1738 μὴ
1566 1668 1717 1736 νομίο

1827 1668 2131 1736 Prteparata
2180 1682 2207 1718 a
2244 1665 2350 1717 Deo
2379 1668 2515 1718 bona
2566 1665 2798 1719 revelata
2850 1679 2969 1719 esse
3013 1666 3086 1718 ait
3123 1680 3153 1717 a
3194 1666 3396 1735 Spiritu

193 1753 336 1814 ζει-θαι
376 1754 497 1805 αὐτὸ
543 1753 620 1816 ὡς
674 1755 991 1827 ἄγγελον,ἢ
1041 1756 1169 1811 ἄλλο
1216 1758 1432 1829 πνεῦμα
1478 1761 1714 1824 κτιστὸν,
1751 1822 1762 1830 ι

1833 1773 2079 1830 tanquam
2146 1759 2528 1828 conlargitorc.
2591 1760 2670 1813 Ac
2724 1758 2984 1827 Spiritum
3029 1773 3205 1822 suum,
3235 1759 3286 1811 id
3320 1770 3402 1812 est

192 1846 453 1913 ἐπήγαγεν·
510 1864 528 1894 ι
570 1847 649 1898 Οὐ
692 1847 911 1917 πνεῦμα
968 1848 1062 1901 τοῦ
1120 1851 1323 1920 κόσμου
1376 1850 1644 1921 ἐλάϐομεν
1692 1872 1709 1902 ι
1750 1822 1761 1875 1

1827 1851 1940 1917 Dei,
1974 1852 2183 1919 spiritui
2219 1862 2405 1904 nostro
2430 1851 2673 1919 opponit.
2707 1853 2881 1919 Atque
2924 1861 2979 1902 ut
3014 1850 3113 1911 hoc
3146 1860 3396 1918 tanquam

191 1936 328 1999 (τοῦτ’
367 1937 504 1990 ἔστιν
549 1939 784 2010 γενητὸν
810 1944 849 2007 ),
888 1961 905 1991 t
938 1941 1074 1994 ἀλλὰ
1102 1942 1162 1994 τὸ
1192 1941 1416 2012 Πνεῦμα
1444 1943 1504 1995 τὸ
1536 1944 1599 1995 ἐκ
1621 1942 1714 1996 τοῦ

1827 1952 2028 1996 certum
2072 1958 2262 1997 rursus
2293 1943 2553 2005 stabiliat,
2592 1957 2694 1996 non
2727 1957 2847 1996 esse
2884 1942 3192 1995 habendum
3227 1942 3396 2010 ipsum

188 2027 317 2079 83.03-
359 2046 376 2077 ι
412 2028 552 2080 τοῦτ’
584 2029 759 2093 ἐστιν,
801 2031 860 2095 ἐξ
900 2031 1377 2103 ὑπολειπομένων,
1408 2034 1469 2086 τὸ
1512 2037 1575 2086 ἐκ
1620 2034 1715 2087 τοῦ

1828 2044 1883 2087 ιιι
1915 2034 2182 2103 angelum,
2232 2043 2324 2086 attt
2355 2036 2518 2086 alium
2569 2034 2814 2101 spiritum
2846 2042 3112 2098 creatum,
3150 2033 3397 2101 subjecit,

189 2118 288 2171 θεοῦ
313 2120 399 2189 τῆς
430 2120 787 2184 ὑποστάσεως
822 2122 1153 2194 ὲκπορευθέν
1175 2140 1186 2150 ·
1219 2125 1312 2176 καὶ
1342 2124 1416 2187 ὡς
1449 2127 1582 2177 αὐτὸ
1619 2127 1715 2195 μό-

1830 2146 1848 2177 ‹
1886 2127 2000 2180 Non
2034 2128 2285 2196 spiritum
2323 2127 2504 2180 mundi
2542 2126 2854 2189 accepimus
2884 2144 2902 2177 ι
2940 2126 2990 2179 id
3034 2135 3136 2191 est,
3174 2127 3396 2191 factum,

188 2228 251 2262 νον
272 2205 363 2263 οἶδε
389 2210 455 2263 τὰ
486 2210 582 2263 τοῦ
620 2212 784 2271 Θεοῦ,
828 2214 904 2276 ὡς
942 2214 1148 2285 Κύριος
1181 2217 1275 2268 καὶ
1304 2216 1425 2286 ἕχον
1457 2218 1717 2282 ὡσαύτως

1828 2233 1919 2273 εειι
1947 2228 2187 2273 creatum
2214 2260 2229 2283 ,
2281 2235 2299 2268 t
2332 2219 2426 2272 sed
2478 2216 2739 2287 Spiritum
2785 2220 2873 2287 qui
2908 2228 2992 2273 est
3034 2234 3098 2273 ex
3134 2218 3261 2284 Deo,
3293 2237 3313 2270 ι
3348 2220 3397 2273 id

186 2305 233 2372 τῇ
271 2302 406 2371 φύσει
440 2305 574 2375 πρὸς
616 2304 710 2357 τὸν
756 2306 998 2377 Πατέρα.
1046 2308 1103 2360 Ὀ
1146 2308 1254 2378 γὰρ
1291 2328 1308 2359 t
1338 2308 1543 2373 δοῦλος,
1577 2330 1593 2360 ι
1643 2312 1719 2376 ὡς

1827 2319 1909 2363 εει
1953 2309 2284 2378 (supplendo
2316 2323 2437 2378 qua:
2480 2307 3016 2378 subintelliguutur),
3045 2327 3063 2358 ι
3092 2309 3184 2377 qui
3211 2324 3278 2363 ex
3304 2307 3396 2364 Dei

185 2395 226 2444 ὲν
248 2394 535 2464 Εὐαγγελίῳ
579 2394 757 2462 λέγει,
798 2414 817 2446 t
872 2397 974 2449 οὐκ
1022 2392 1130 2449 οἶδε
1176 2397 1228 2449 τί
1283 2402 1427 2451 ποιεῖ
1456 2401 1484 2452 ὁ
1531 2399 1717 2470 κέριος

1829 2399 2103 2468 hypostasi
2132 2399 2414 2468 processit.
2453 2417 2472 2450 ι
2502 2399 2662 2451 Addit
2685 2399 2870 2461 etiam,
2906 2399 3076 2466 ipsum
3103 2398 3273 2454 solum
3301 2414 3398 2454 no-

187 2484 334 2536 αῦτοῦ.
370 2505 387 2534 ι
425 2488 536 2539 (lix
574 2485 660 2538 ἔτι
694 2487 750 2539 δὲ
780 2489 855 2551 ὡς
887 2488 981 2540 ἐπὶ
1019 2489 1114 2542 τοῦ
1166 2489 1451 2561 ἀνθρώπου
1487 2488 1608 2545 εἷπε
1636 2492 1715 2556 τὸ,

1831 2493 1969 2547 visse
1994 2506 2115 2560 qua:
2152 2499 2277 2545 sunt
2311 2488 2429 2556 Dei,
2471 2501 2528 2544 ιιι
2575 2490 2859 2544 Dominum
2891 2490 3052 2560 118
3076 2500 3129 2544 et
3157 2490 3400 2547 eamdem

188 2596 202 2627 t
228 2576 498 2631 Κατοικοῦν
522 2583 579 2633 εν
607 2579 689 2649 τῷ
716 2579 854 2650 Θεῷ,
887 2600 903 2631 ι
936 2581 1022 2632 ἵνα
1055 2580 1128 2651 μὴ
1159 2581 1411 2646 σύνθετος
1435 2584 1715 2657 νομισθείη

1829 2597 1948 2636 cum
1997 2579 2162 2635 Patre
2215 2591 2459 2636 naturam
2514 2582 2831 2647 habentem;
2892 2597 3014 2634 nam
3073 2599 3091 2632 t
3125 2597 3346 2646 servus,
3383 2602 3398 2632 ι

187 2668 485 2732 ὁὰςύνθετος
515 2670 631 2742 [5'5
660 2671 732 2743 a]
783 2671 934 2733 Θεός.
964 2672 1110 2743 Πρὸς
1139 2672 1195 2725 δὲ
1233 2674 1542 2743 Ἐφεσίους·
1581 2696 1599 2729 t
1629 2678 1718 2748 Μὴ

1837 2686 1884 2730 ut
1916 2685 2001 2730 est
2044 2676 2097 2729 in
2146 2675 2460 2746 Evangelio,
2516 2693 2533 2725 t
2570 2690 2675 2730 non
2726 2675 2875 2729 novit
2905 2674 3018 2746 (62)
3070 2676 3198 2745 quid
3243 2673 3406 2730 faciat.

186 2761 363 2815 λυπεῖτε
396 2762 456 2815 τὸ
484 2764 720 2834 Πνεῦμα
748 2764 810 2815 τὸ
843 2764 999 2833 ἆγιον
1025 2765 1120 2819 τοῦ
1151 2768 1312 2833 Θεοῦ,
1347 2771 1406 2822 ἐν
1441 2763 1485 2836 ᾧ
1514 2773 1719 2843 ἐσφρα-

1838 2767 2078 2821 dominus
2130 2767 2270 2837 ejus.
2352 2785 2370 2817 ι
2428 2764 2613 2835 Neque
2669 2780 2799 2821 vero
2848 2765 3001 2835 quasi
3064 2767 3131 2822 de
3191 2766 3407 2823 homine

185 2853 364 2924 τὶσθητε
426 2857 505 2919 εἰς
559 2857 783 2928 ἡμέραν
833 2859 1367 2930 ἀναπολυτρώσεως’
1406 2882 1424 2913 ι
1484 2863 1621 2932 πρὸς
1666 2862 1721 2916 δὲ

1834 2856 2008 2911 dixit:
2044 2876 2063 2907 ι
2092 2856 2196 2923 Qui
2232 2857 2443 2911 habitat
2471 2858 2523 2910 in
2550 2856 2688 2921 Deo;
2725 2875 2744 2910 ι
2781 2872 2850 2911 ne
2889 2857 3220 2926 compositus
3253 2866 3403 2924 pute-

191 2946 486 3018 Ῥωμαίουςο
540 2967 561 3001 ι
613 2949 808 3019 Ὑμεῖς
851 2950 951 3003 οὐκ
1002 2951 1125 3003 ὲστὲ
1166 2952 1224 3005 ἐν
1268 2955 1452 3024 σαρκὶ,
1501 2952 1616 3006 ἀλλ’
1664 2954 1721 3006 ἐν

1837 2958 1921 3003 ιιιι·
1950 2949 2344 3019 incompositus
2372 2949 2535 3004 Deus.
2582 2950 2662 3002 Ad
2694 2948 2959 3018 Ephesios
2989 2957 3167 3002 autem
3199 2966 3212 3002 :
3255 2965 3274 2999 t
3304 2946 3406 3002 No-

184 3039 436 3109 Πνεύματι,
472 3043 641 3113 εἴπερ
679 3040 908 3112 Πνεῦμα
946 3041 1083 3095 Θεοῦ
1122 3045 1262 3096 οἰκεῖ
1296 3046 1353 3096 ὲν
1392 3045 1550 3115 ὑμῖν·
1587 3047 1636 3098 εἰ
1665 3045 1722 3099 δέ

1838 3040 1927 3097 lite
1955 3040 2070 3113 (63)
2104 3043 2432 3097 contristare
2466 3040 2729 3112 Spiritum
2765 3048 3027 3096 'sanctum
3059 3039 3176 3109 Dei,
3218 3041 3269 3095 in
3301 3055 3407 3110 quo

182 3145 246 3192 τις
272 3131 477 3203 Πνεῦμα
515 3130 765 3203 Χριστοῦ
798 3133 899 3184 οὐκ
938 3131 1085 3202 ἔχει,
1123 3129 1279 3197 οὗτος
1312 3135 1412 3188 οὐκ
1448 3134 1594 3189 ἔστιν
1629 3137 1722 3189 αῦ-

1840 3134 2024 3205 signati
2069 3134 2202 3188 estis
2233 3134 2285 3187 in
2328 3133 2468 3188 diem
2513 3133 2935 3202 redemptionis;
2968 3152 2987 3185 ι
3038 3133 3103 3186 ad
3139 3132 3409 3186 Romanos

186 3187 286 3273 τοῦθ
328 3244 345 3274 ι
378 3187 512 3295 τερος
540 3187 600 3278 δε
632 3224 881 3288 Γαλάτας
904 3240 917 3252 ·
1030 3187 1234 3278 "(inde
1433 3187 1578 3289 uio‘t,
1634 3187 1722 3294 εξ·
1750 3200 1755 3233 1

1841 3240 1992 3281 vero:
2027 3245 2046 3277 t
2080 3226 2186 3280 Vos
2218 3225 2332 3298 (64)
2382 3241 2486 3279 ιιοιι
2537 3225 2668 3279 estis
2717 3226 2769 3279 in
2813 3239 3002 3290 carne,
3049 3224 3142 3279 sed
3189 3226 3243 3278 in
3292 3222 3410 3294 Spi-

182 3314 660 3380 απέστειλενὸΘεὸς
689 3317 751 3369 τὸ
779 3317 1009 3387 Πνεῦμα
1037 3317 1130 3370 τοῦ
1150 3317 1280 3371 Υἱοῦ
1315 3318 1479 3372 αὐτοῦ
1508 3322 1588 3383 εἰς
1622 3320 1719 3385 τὰς

1838 3319 1971 3385 ritu;
2026 3320 2070 3373 si
2108 3328 2286 3374 tamen
2340 3317 2576 3386 Spiritus
2622 3318 2715 3372 Dei
2772 3318 2984 3373 habitat
3026 3317 3080 3371 in
3135 3316 3309 3372 vobis.
3353 3315 3407 3373 Si

184 3407 367 3477 καρδίας
403 3410 587 3479 ὑμῶν,
639 3407 842 3480 κρᾶζον
877 3408 1048 3461 Ἀὁὸἄ
1095 3411 1123 3461 ὀ
1166 3410 1389 3483 Πατήρο
1428 3431 1446 3462 ι
1486 3413 1622 3484 πρὸς
1668 3412 1726 3466 δὲ

1842 3409 1959 3477 quis
1981 3417 2162 3463 autem
2189 3409 2452 3477 Spiritum
2483 3409 2685 3463 Christi
2713 3423 2817 3462 non
2856 3409 3038 3471 habet,
3076 3406 3165 3462 hic
3193 3423 3298 3462 non
3329 3420 3411 3461 εει

182 3497 529 3571 Φιλιππησίους
551 3520 565 3531 ·
609 3523 628 3550 ι
663 3496 793 3553 Citio
818 3501 948 3571 γὰρ,
972 3502 1055 3554 ὅτι
1080 3501 1240 3555 τοῦτό
1271 3520 1361 3572 μοι
1388 3504 1726 3576 ἀποϐήσεται

1843 3501 1977 3567 eius;
2010 3521 2027 3551 ι
2068 3511 2122 3557 ει
2149 3501 2217 3554 ad
2253 3500 2474 3556 Galatas
2507 3517 2520 3554 :
2560 3519 2578 3552 t
2614 3499 2880 3566 Quoniam
2915 3498 3028 3571 (65)
3064 3509 3242 3554 autem
3281 3500 3412 3556 estis

184 3592 244 3653 εἰς
269 3595 549 3665 σωτηρίαν,
589 3592 685 3646 διὰ
712 3594 810 3662 τῆς
859 3593 1013 3663 ὑμῶν
1051 3593 1310 3665 δεήσεως,
1343 3598 1436 3649 καὶ
1468 3599 1726 3670 ἐπιχορη-

1840 3593 1947 3659 lilii,
1978 3593 2158 3649 emisit
2206 3593 2347 3647 Deus
2372 3592 2631 3662 Spiritum
2663 3592 2783 3646 Filii
2816 3592 2897 3645 sui
2936 3592 2988 3644 in
3024 3592 3184 3644 corda
3230 3600 3409 3645 vestra

182 3681 277 3747 7E1;
298 3684 382 3736 τοῦ
406 3684 732 3755 Πνεῦματος
760 3683 936 3754 Ἰησοῦ
960 3686 1217 3756 Χριστοῦ.
1257 3707 1273 3736 ι
1306 3686 1494 3758 νΑθρει
1520 3688 1582 3759 δὴ
1610 3685 1723 3748 οὖν,

1839 3686 2183 3750 :latnantem,
2236 3685 2410 3749 Abba,
2465 3685 2663 3751 Pater;
2697 3705 2714 3736 ι
2768 3695 2822 3738 ει
2870 3685 2936 3737 ad
2992 3681 3408 3752 Philippeuses:

184 3772 241 3834 ὡς
276 3776 358 3827 καὶ
393 3777 550 3846 μόνον
585 3776 654 3829 τὸ
686 3777 851 3845 φάναι
885 3777 1016 3829 αὐτὸ
1052 3796 1069 3828 t
1112 3779 1336 3849 Πνεῦμα
1372 3779 1463 3831 τοῦ
1498 3779 1656 3843 Θεοῦ,
1702 3800 1721 3832 ι

1843 3796 1851 3829 ι
1882 3775 2010 3832 Scio
2039 3776 2151 3847 (66)
2186 3778 2330 3831 ειιῑιιι
2355 3777 2498 3846 quod
2542 3777 2646 3829 hoc
2682 3774 2812 3828 mihi
2847 3774 3127 3843 proveniet
3150 3774 3227 3847 ad
3265 3776 3412 3829 sallu-

183 3866 252 3917 καὶ
292 3869 320 3937 ἡ
371 3869 665 3940 προσθήκη
717 3867 774 3920 δὲ
811 3867 904 3920 τοῦ
953 3869 1157 3941 ἄρθρου
1214 3873 1307 3924 τοῦ
1368 3893 1384 3922 t
1422 3872 1523 3943 μοῦ
1562 3893 1578 3923 ι
1636 3875 1727 3927 καὶ

1845 3885 1936 3925 .cm
2003 3886 2098 3938 per
2153 3879 2388 3923 vestram
2451 3869 2798 3933 orationem,
2845 3879 2899 3922 ct
2962 3869 3414 3925 subministratio-

186 3974 200 4004 t
229 3958 323 4019 σοῦ,
346 3980 359 4009 ι
380 3963 472 4013 καὶ
504 3959 670 4013 τοῦτο
694 3957 980 4029 τηλαυγῶς
1008 3963 1304 4034 ἐσήμανεν,
1336 3964 1416 4015 ὅτι
1445 3966 1542 4017 καὶ
1567 3965 1721 4018 am-

1843 3978 1960 4018 netu
1989 3963 2225 4034 Spiritus
2254 3961 2384 4018 Jesu
2421 3962 2645 4017 Christi.
2680 3982 2699 4015 ι
2736 3961 2853 4017 Jant
2887 3977 3013 4017 vero
3044 3962 3098 4015 in
3132 3960 3308 4016 allatis
3334 3970 3412 4017 te-

237 4115 328 4191 (66)
357 4119 482 4191 Quae
508 4120 721 4191 oculus.
762 4120 778 4191 Ι
816 4119 940 4175 Cor.
982 4136 1045 4183 ιι,
1082 4118 1234 4191 942.
1672 4190 1683 4191 7
1833 4119 2129 4191 Christum,
2173 4129 2226 4174 et
2272 4120 2337 4173 ad
2366 4117 2703 4191 LDeum].....
2756 4116 2957 4191 Deinde
3004 4116 3258 4191 sequitur
3292 4126 3415 4186 post

237 4187 329 4262 (tit)
357 4189 609 4257 Spiritus.
645 4190 855 4262 ABibliai
881 4191 1079 4262 addunt
1112 4189 1215 4262 bis
1264 4203 1449 4243 vocem
1503 4191 1631 4262 γάρ,
1668 4190 1733 4244 Et
1834 4192 1936 4243 hoc
1970 4190 2111 4259 quod
2152 4191 2228 4243 ait
2261 4206 2273 4240 :
2314 4207 2331 4239 t
2362 4187 2416 4241 Si
2449 4186 2771 4262 qnis'auterp
2804 4188 3187 4262 SpiritumDei
3217 4186 3413 4262 [tegen-

183 4256 309 4330 paulo
341 4256 454 4330 post
482 4276 581 4329 pro
617 4260 816 4330 ἴδωμεν
846 4261 1047 4314 habent
1076 4257 1327 4329 εἰδῶμεν.
1516 4256 1525 4258 ἡ
1580 4256 1592 4262 ’

1839 4262 1957 4313 dum
1989 4256 2117 4313 'cum
2166 4267 2347 4313 nostra
2404 4262 2623 4313 codice:
2676 4276 2695 4309 t
2726 4258 2984 4330 Spiritum
3029 4256 3253 4330 Christi]
3307 4273 3408 4311 non

237 4326 493 4450 (ϐὶγΝοή
518 4333 685 4384 novit.
719 4326 880 4385 Joan.
915 4346 1005 4389 xv.
1042 4331 1126 4384 15.
1212 4326 1221 4329 “
1834 4332 2016 4393 habet,
2048 4332 2137 4385 hic
2174 4346 2279 4383 non
2325 4339 2407 4384 est
2452 4332 2628 4398 ejus,»
2657 4339 2711 4382 et
2764 4327 3030 4381 infertur:
3076 4346 3094 4377 t
3126 4326 3180 4382 Si
3231 4326 3409 4381 autem

258 4398 335 4450 63)
362 4400 552 4450 Nolite.
580 4403 779 4450 Enhes-
816 4418 889 4450 tv.
942 4402 1032 4450 50.
1101 4402 1204 4450 Pro
1233 4399 1731 4450 ἀναπολυτοώσεωε
1829 4402 2079 4450 Christus
2105 4402 2156 4450 in
2186 4401 2362 4450 Vnhis.
2392 4420 2410 4450 ›
2443 4410 2496 4450 ει
2527 4399 2963 4450 manifestissime
3011 4400 3409 4450 demonstratur

250 4398 335 4468 [65)
362 4400 552 4454 Nolite.
578 4403 779 4470 Ephes.
816 4418 890 4465 tv,
942 4402 1032 4455 50.
1100 4402 1204 4453 Pro
1233 4399 1731 4470 ἁναπολυτρὼσεως

1842 4402 2079 4455 Christus
2105 4402 2156 4454 in
2186 4401 2363 4463 vobis,
2392 4420 2410 4450 ›
2443 4410 2496 4454 ει
2527 4399 2963 4452 manifestissime
3011 4400 3411 4470 demonstratur

186 4463 276 4544 lege
304 4463 755 4544 ἀπολυτρώσεως,
787 4482 845 4526 ιιι
878 4463 972 4526 ἐει
1020 4473 1069 4524 in
1117 4470 1319 4544 Graecis
1352 4463 1557 4544 Bibliis.
1586 4463 1725 4544 Nam
1760 4531 1799 4544 ἢ
1828 4471 2241 4544 inseparabilem
2260 4486 2379 4544 esse
2405 4470 2662 4539 Spiritum
2681 4477 2924 4544 sanctum
2953 4467 3220 4544 a_C_hristAo_
3246 4470 3410 4544 :‘quia

188 4531 351 4612 syilaba
384 4545 468 4595 itla
500 4531 568 4597 ἂν
595 4531 952 4611 ltuc'irrepsit
976 4558 1005 4595 e
1036 4543 1298 4608 superiori
1334 4556 1462 4595 voce
1490 4542 1723 4612 ἡμέραν,
1760 4531 1803 4585 ι)
1832 4531 2155 4612 ubicunque
2187 4540 2419 4610 Spiritus
2443 4531 2692 4612 :sauctus
2741 4540 2900 4612 luerit
2920 4578 2934 4602 ,
2954 4607 2963 4612 _
2984 4537 3054 4590 ibi
3084 4548 3139 4592 et
3163 4531 3411 4612 Christus

188 4610 436 4665 oblibrarii
465 4607 1005 4668 oseitanliamIVide
1044 4607 1213 4682 segni.
1248 4612 1349 4665 128
1377 4630 1427 4665 a.
1511 4607 1541 4611 ’⁷
1606 4607 1617 4612 ⁷
1827 4622 1945 4677 est;
1979 4607 2410 4680 etundecunque
2429 4611 2626 4665 Christi
2661 4609 2893 4682 Spiritus
2915 4607 3248 4682 discesserit,
3276 4610 3412 4682 inde

242 4682 335 4750 (iii)
382 4682 499 4737 Vos.
542 4686 699 4738 Rom.
732 4700 847 4747 \‘Ill,
880 4684 931 4737 9-
968 4682 1070 4735 Pro
1108 4677 1213 4745 "tt;
1256 4687 1424 4736 codex
1470 4683 1630 4737 habet
1652 4701 1723 4736 τι.

1839 4687 2034 4748 pariter
2063 4683 2265 4736 recedit
2296 4677 2350 4736 et
2385 4682 2673 4736 Christus:
2703 4683 2746 4733 si
2780 4680 2902 4747 quis
2953 4679 3096 4750 enim
3146 4677 3408 4749 Spiritutn

190 4748 533 4817 Argumentum
574 4770 704 4807 vero
729 4769 795 4808 ex
822 4756 921 4808 hoc
952 4753 1101 4806 Pauli
1151 4754 1266 4807 loco
1302 4754 1519 4806 ductum
1558 4755 1726 4806 fusius
1830 4752 2035 4806 Christi
2071 4768 2175 4805 non
2208 4752 2388 4816 habet,
2424 4753 2508 4805 hic
2544 4766 2648 4803 non
2681 4759 2764 4804 est
2812 4751 2948 4817 ejus.
2991 4748 3090 4803 Cui
3122 4748 3412 4819 cottjuncto

190 4826 485 4889 persequitur
544 4824 804 4894 Didymus
856 4825 905 4877 in
967 4824 1101 4879 libro
1159 4824 1231 4876 De
1273 4822 1473 4887 Spiritu
1524 4834 1727 4891 sancto,
1831 4823 1874 4894 si
1903 4824 2023 4890 quis
2056 4823 2389 4877 contrarium
2424 4830 2685 4894 assumat,
2717 4821 2903 4894 dicere
2928 4829 3164 4894 potest:
3204 4820 3412 4894 Siquis

190 4893 393 4964 unm._59
423 4905 474 4946 et
499 4895 593 4959 40,
628 4891 716 4947 tibi
748 4896 859 4948 haec
888 4895 1149 4964 legimus:
1186 4913 1204 4943 t
1239 4894 1564 4964 Vosautetn,
1591 4894 1724 4959 tait,
1829 4893 2038 4964 Christi
2070 4904 2177 4964 est,
2209 4894 2278 4946 ita
2326 4902 2385 4945 ut
2437 4892 2683 4946 Christus
2712 4892 2766 4964 in
2802 4905 2867 4964 co
2889 4891 2985 4964 sit,
3025 4891 3212 4964 in_l_ioc
3237 4892 3413 4959 Spiri-

192 4958 321 5035 (haud
343 4964 558 5017 dubium
584 4958 737 5035 quin
753 4958 998 5031 disripdli
1027 4963 1250 5032 Christi)
1279 4962 1366 5030 qui
1403 4965 1724 5031 sapientiam
1834 4973 1921 5018 tus
1951 4963 2041 5017 Dei
2072 4958 2287 5035 [reetius
2312 4964 2669 5035 codrnoster,‘
2700 4959 2925 5035 Christi]
2957 4969 3059 5014 est.
3088 4959 3202 5035 Hoc
3233 4958 3412 5035 autem

193 5026 385 5105 Spiritus
404 5026 742 5108 suscepistis,
773 5046 827 5088 et
860 5026 1045 5108 vitam,
1084 5026 1372 5108 et_pa'c_e'tn,
1409 5053 1428 5083 ‹
1460 5026 1563 5088 non
1593 5035 1727 5108 estis
1830 5026 2089 5108 idem_e_i
2114 5034 2193 5108 de
2256 5035 2367 5108 Deo
2427 5033 2585 5108 Patre
2625 5031 2872 5108 similiter
2906 5026 3271 5108 usurpandum
3313 5032 3412 5108 :ﬂSi

194 5101 233 5174 in
255 5115 394 5174 carne
418 5124 434 5155 ι
469 5107 545 5172 (id
566 5101 682 5166 ἐει,
725 5107 776 5158 in
807 5105 990 5159 carnis
1013 5101 1325 5174 operibus):
1358 5121 1376 5153 t
1404 5119 1576 5173 neque
1613 5103 1730 5171 ejus
1832 5108 1951 5172 quis
1985 5102 2243 5172 Spiritum
2278 5104 2368 5174 Dei
2410 5119 2515 5156 non
2563 5103 2743 5165 habet,
2778 5101 2881 5155 iste
2911 5115 3014 5174 non
3041 5110 3125 5155 est
3144 5101 3279 5174 ejus.
3315 5101 3411 5155 Cui

195 5163 551 5247 icoﬂe1_ttoster
578 5163 798 5247 :neque
828 5177 969 5247 enim
1001 5163 1142 5247 ej'us]
1181 5163 1341 5244 opera
1382 5163 1725 5247 perpetratis,
1832 5163 2045 5228 rursum
2088 5173 2417 5247 contrarium
2454 5176 2504 5247 si
2527 5176 2647 5242 quis
2679 5163 2941 5233 assumat,
2968 5163 3256 5247 dicensjut
3289 5186 3411 5247 aen-3

198 5240 490 5311 «siquidem
519 5240 783 5314 Spiritum
832 5246 922 5299 Dei
973 5240 1184 5299 habetis
1217 5240 1281 5298 'in
1318 5240 1496 5299 vobis:
1522 5263 1540 5295 ι
1582 5243 1727 5298 Idem
1831 5261 1918 5298 sua
1953 5247 2151 5315 integer
2196 5246 2286 5307 sit,
2324 5240 2596 5314 legendum
2659 5258 2779 5295 cum
2831 5251 3007 5315 nostro
3064 5242 3245 5315 codice
3282 5240 3409 5315 :cui

195 5319 337 5385 autem
371 5310 606 5385 Spiritus
636 5317 746 5379 Dei,
773 5325 827 5371 et
848 5316 1082 5385 Spiritus
1104 5315 1303 5371 Christi
1333 5326 1416 5370 est
1456 5316 1725 5371 deducens
1832 5310 2419 5371 rursutn'coutrariuut
2451 5316 2572 5382 quis
2615 5326 2900 5367 assumens
2941 5310 3105 5383 dicet]
3139 5329 3151 5364 :
3190 5310 3249 5364 Si
3287 5310 3411 5379 quis

198 5373 305 5500 Lecti.
332 5373 517 5451 nos'tcr,
545 5373 862 5457 adducens].
890 5373 949 5440 ἐι
981 5388 1238 5455 εορυιιιιιε
1267 5400 1411 5449 eum,
1453 5385 1542 5454 qtti
1585 5387 1636 5438 in
1670 5400 1730 5440 se
1834 5386 1925 5440 Dei
1958 5396 2061 5450 est,
2094 5388 2145 5439 in
2176 5387 2274 5439 hoc
2298 5373 2534 5453 Spiritus
2571 5386 2659 5438 Dei
2692 5392 2794 5437 est.
2830 5400 2848 5432 ι

226 5455 405 5500 abtteril
436 5455 735 5500 [leniendum
785 5473 899 5500 cum
951 5468 1125 5500 nostra
1177 5459 1353 5500 cndita
1388 5457 1517 5500 ξηιιί
1553 5470 1611 5500 se.
1638 5456 1729 5500 ha.
1904 5456 2015 5500 (“Si
2074 5457 2355 5500 nttmtinm-
2408 5456 2584 5500 Calai-
2622 5470 2694 5500 tv.
2740 5454 2791 5500 6-
2835 5452 2848 5500 I

226 5450 405 5527 abirent
436 5449 736 5526 [legendum
785 5449 899 5509 cum
951 5449 1125 5510 nosiro
1177 5459 1353 5509 codice
1385 5449 1517 5524 :qui
1552 5470 1611 5511 se
1636 5456 1729 5509 ha-
1904 5456 2015 5527 (65)
2050 5449 2355 5523 Quoniam:
2408 5456 2585 5511 Galat.
2622 5470 2694 5517 1v,
2740 5454 2791 5506 6.
2833 5452 2888 5527 in
2920 5452 3075 5527 libro
3099 5450 3176 5505 De
3206 5449 3411 5519 Spiritu

202 5521 382 5593 ruerit].
418 5521 649 5581 Domino
689 5527 814 5581 Jesu
865 5528 1099 5582 Christo.
1150 5527 1302 5583 Unde
1338 5537 1394 5579 et
1432 5521 1483 5580 in
1536 5541 1729 5580 conse-
1832 5521 2035 5591 sancto,
2079 5521 2229 5581 nunt.
2281 5527 2371 5590 51,
2406 5528 2607 5580 editum
2642 5534 2760 5578 est:
2790 5541 2809 5574 t
2844 5526 2894 5575 in
2950 5525 3112 5577 corda
3148 5529 3353 5576 nostra.
3387 5541 3408 5575 ι

198 5592 443 5668 quentibus
472 5598 764 5651 scribitur:
795 5618 812 5647 ι
846 5596 901 5652 Si
935 5599 1053 5668 quis
1077 5609 1252 5652 autem
1276 5598 1538 5665 Spiritum
1567 5597 1725 5651 Chri-
1834 5598 1938 5652 Sed
1973 5599 2044 5653 ibi
2082 5599 2249 5651 codex
2301 5606 2485 5654 noster
2532 5601 2738 5651 calamo
2782 5604 3036 5649 exaratus
3077 5594 3275 5647 habet:
3310 5610 3329 5645 t
3358 5592 3412 5648 itt

199 5666 253 5708 δυ
280 5676 381 5737 non
404 5667 587 5731 habet,
626 5668 708 5722 hic
743 5684 847 5721 non
881 5666 965 5722 est
990 5670 1124 5737 ejus.
1152 5687 1170 5719 ι
1207 5668 1439 5721 Rursum
1488 5668 1540 5720 in
1592 5681 1729 5734 prtc-
1833 5669 1994 5723 corda
2029 5679 2225 5721 vestra.
2256 5685 2275 5718 ›
2472 5729 2479 5735 _
2538 5674 2551 5683 “

201 5733 313 5810 senti
338 5734 589 5810 discimus
620 5739 949 5810 societatem,
984 5733 1142 5807 quam
1169 5740 1328 5810 habet
1355 5733 1730 5810 Spiritus’san:

1907 5740 2017 5810 (66)
2054 5736 2198 5794 Scio.
2236 5733 2535 5809 Philippi,
2572 5737 2655 5793 i9.
2683 5736 2859 5793 Codex
2884 5775 2898 5801 ,
2935 5733 3339 5797 Φιλιππισεους.

201 5805 296 5854 ctus
337 5807 398 5860 ad
443 5807 634 5871 Deum,
667 5818 722 5862 et
775 5811 841 5863 ad
889 5805 1158 5865 Christum
1188 5808 1375 5880 [codex
1400 5805 1579 5863 uoster
1603 5827 1622 5861 :
1659 5805 1727 5861 ad

482 5902 747 5965 Parum.
791 5906 907 5987 Cn.
952 5904 1250 5965 XXXIX.

3072 5895 3142 5950 15
