4104 6408
628 305 734 362 459

1885 303 2124 358 DlDYMl
2162 299 2625 358 ALEXANDRINI

3725 301 3814 356 460

629 421 904 479 stintoniis
928 421 1041 476 haec
1071 421 1372 478 considera.
1398 421 1658 477 Nimirum
1683 425 2008 492 nuncupatio
2035 443 2052 476 ι
2080 425 2191 493 Spi-

2306 425 2429 478 στόν
2478 425 2596 476 ἐστι
2623 461 2638 483 ,
2709 421 2802 474 καὶ
2844 418 2974 482 Θεὸς
3021 416 3255 487 τοῦνομα
3299 416 3418 487 ἔχον
3458 416 3552 469 οὐκ
3592 418 3814 479 ἐπακτὸν.

629 511 765 566 ritus
794 508 886 564 Dei
917 529 936 561 ι
980 509 1062 564 vel
1100 509 1233 574 sola,
1285 510 1563 581 multoque
1611 512 1780 582 magis
1819 528 1940 568 cum
1982 514 2193 567 addita-

631 612 810 657 mento
843 616 1030 656 vocum
1067 620 1086 652 ι
1120 617 1291 668 meus,
1323 621 1342 654 ι
1387 611 1441 657 et
1482 621 1500 655 ι
1536 612 1657 658 tuus
1690 603 1825 673 (67),
1859 622 1877 655 ι
1915 605 2195 674 perspicue

629 693 918 762 signiﬁcat,
952 693 1124 762 ipsum
1153 701 1207 746 et
1233 692 1535 748 increatum
1565 709 1707 760 esse,
1734 704 1790 748 et
1813 695 1998 760 Deum,
2025 711 2196 765 neque

631 786 736 838 hoc
784 784 874 838 Dei
925 799 1121 838 nomen
1199 785 1492 840 ascititium
1539 787 1760 854 habere,
1806 788 1900 842 sed
1942 788 2061 842 ideo
2099 789 2196 842 ha-

631 876 789 937 bere.
843 875 983 944 quod
1032 889 1097 930 ex
1145 885 1337 930 natura
1386 875 1456 930 sit
1496 876 1572 942 id,
1619 877 1762 947 quod
1807 889 2025 932 vocatus
2073 877 2191 933 fuit.

632 967 782 1033 Quod
810 975 987 1021 autem
1015 967 1271 1034 scriptum
1293 977 1398 1030 est,
1418 967 1592 1037 ipsum
1623 983 1742 1022 esse
1769 988 1787 1018 ι
1811 968 2071 1038 Spiritum
2101 968 2194 1024 Fi-

631 1058 688 1113 lii
717 1058 851 1129 (68),
887 1077 906 1111 ι
931 1059 1163 1113 ostendit
1193 1059 1466 1123 similiter,
1506 1059 1665 1130 119
1689 1075 2023 1114 communem
2077 1076 2196 1116 esse

631 1150 856 1220 Spiritui
923 1161 978 1204 et
1025 1149 1160 1202 Filio
1205 1159 1472 1214 naturam,
1525 1160 1584 1204 ut
1631 1151 1840 1221 opinari
1890 1168 1993 1206 non
2041 1151 2197 1207 liceat

630 1242 752 1296 Filii
789 1252 1091 1296 creaturam
1119 1255 1242 1295 esse
1274 1241 1532 1309 Spiritum
1566 1260 1579 1295 :
1611 1245 1878 1310 quomodo
1904 1243 2046 1298 enim
2070 1258 2196 1311 pro-

629 1335 748 1404 prio
790 1333 955 1395 Patri,
998 1333 1150 1402 quasi
1196 1346 1319 1385 eum
1367 1342 1525 1388 antea
1571 1348 1639 1388 ex
1687 1349 1747 1388 se
1782 1337 1898 1404 ipso
1945 1349 2051 1389 non
2099 1333 2196 1388 ha-

633 1424 806 1487 benti,
833 1423 1140 1479 condidisse
1169 1422 1272 1476 dici
1302 1432 1478 1492 potest
1508 1422 1676 1478 Filius
1704 1423 1874 1485 illum,
1897 1424 1988 1493 qui
2011 1434 2065 1481 et
2089 1434 2193 1488 est,

629 1525 681 1571 ct
713 1516 886 1570 dictus
921 1513 1019 1567 fuit
1049 1512 1100 1566 in
1134 1511 1426 1580 Scripturis
1460 1513 1690 1583 Spiritus
1725 1515 1858 1569 Dei?
1883 1513 1939 1568 ld
1977 1515 2193 1584 quidem

634 1620 740 1659 non
773 1603 931 1658 modo
962 1602 1334 1672 blasphemum
1373 1611 1477 1670 est,
1509 1603 1601 1658 sed
1631 1604 1796 1658 etiam
1827 1605 2071 1659 stultum.
2107 1605 2194 1658 ln-

633 1696 905 1766 telligatur
948 1703 1124 1750 autem
1176 1714 1195 1747 ι
1226 1694 1460 1764 Spiritus
1495 1694 1715 1762 Christi,
1753 1713 1771 1748 ι
1816 1696 1868 1751 id
1900 1705 1986 1751 est
2024 1697 2194 1751 virtus

2293 517 2408 571 ἀλλ’
2441 515 2551 569 ἀπὸ
2580 513 2673 566 τοῦ
2707 509 2845 566 εἶναι
2888 513 3062 562 ἐκεῖνο
3097 507 3362 577 φυσικῶς,
3391 507 3543 560 τοῦτο
3580 508 3704 580 ὅπερ
3737 511 3818 562 καὶ

2295 605 2752 678 προσηγόρευται.
2780 603 2890 655 Καὶ
2914 601 2975 654 τὸ
2995 599 3303 671 γεγράφθαι
3321 599 3376 651 δὲ
3407 598 3552 663 αὐτὸ,
3582 618 3597 650 ι
3622 599 3820 668 Πνεῦμα

2293 697 2386 752 τοῦ
2418 695 2569 760 Υίοῦ,
2624 715 2642 747 ι
2677 693 2879 765 ὁμοίως
2923 692 3020 762 τὴν
3062 690 3198 761 πρὸς
3230 688 3390 741 αὐτὸν
3433 688 3697 740 κοινωνίαν
3736 689 3820 757 τῆς

2295 788 2512 856 φύσεως
2544 786 2802 856 ἐδήλωσε,
2835 783 2930 836 καὶ
2978 781 3118 834 ὥστε
3153 780 3226 850 μὴ
3273 777 3474 848 κτίσμα
3501 776 3655 830 αὑτοῦ
3679 794 3821 846 νομι-

2299 879 2513 948 σθῆναι.
2561 876 2682 937 Πῶς
2722 875 2831 944 γὰρ
2861 873 2926 926 ἂν
2962 871 3040 942 τῷ
3072 870 3182 937 ἰδίῳ
3222 868 3415 938 Πατρὶ,
3445 869 3517 930 ὡς
3547 869 3640 921 οὐκ
3671 868 3823 937 ἔχοντι

2295 970 2401 1040 πρὸ
2452 967 2642 1021 τούτου
2691 965 2750 1030 ἐξ
2801 963 3015 1025 ἑαυτοῦ,
3052 962 3263 1014 ἔκτισεν
3300 963 3328 1013 ὁ
3356 961 3482 1023 Υἱὸς
3522 958 3660 1013 τοῦθ’
3704 960 3823 1027 ὅπερ

2294 1058 2410 1110 ἐστί
2441 1074 2499 1110 τε
2527 1057 2618 1109 καὶ
2643 1055 2953 1126 γέγραπται
2980 1051 3204 1122 Πνεῦμα
3234 1049 3585 1120 Θεοῦ;⁸οπερ
3609 1049 3665 1102 οὐ
3686 1048 3826 1118 βλάσ-

2295 1146 2474 1217 φημόν
2521 1149 2635 1198 ἐστι
2672 1145 2850 1215 μόνον,
2879 1140 3013 1194 ἀλλὰ
3061 1141 3156 1194 καὶ
3183 1139 3409 1210 ἠλίθιον.
3443 1138 3670 1208 Νοηθείη
3694 1139 3746 1191 δὲ
3769 1139 3826 1191 ἂν

2301 1257 2319 1289 ι
2354 1236 2577 1308 Πνεῦμα
2609 1233 2870 1306 Χριστοῦ,
2903 1252 2921 1285 ι
2980 1231 3122 1286 τοῦτ’
3157 1231 3272 1284 ἔστι
3324 1230 3551 1301 δύναμις
3591 1229 3825 1301 Χριστοῦ,

2293 1331 2350 1384 ὃν
2383 1330 2584 1400 τρόπον
2611 1328 2828 1398 εἴρηται
2848 1342 2862 1356 '
2899 1323 3130 1396 Χριστὸν
3163 1321 3297 1375 Θεοῦ
3327 1321 3571 1392 δύναμιν,
3597 1323 3685 1375 καὶ
3707 1321 3825 1374 Θεοῦ

2296 1422 2505 1491 σοφίαν.
2562 1418 2779 1488 Ἐπειδὴ
2805 1416 2914 1488 γὰρ
2944 1417 3006 1468 ὲκ
3035 1414 3127 1468 τοῦ
3156 1415 3273 1477 ἐνὸς
3307 1414 3517 1484 Πατρὺς
3547 1412 3716 1481 φύσει,
3748 1413 3831 1465 καὶ

2292 1514 2352 1567 οὐ
2384 1512 2743 1583 δημιουργικῇ
2770 1507 3041 1579 ἐνεργείᾳ,
3058 1506 3324 1577 προῆλθον
3351 1507 3408 1560 αί
3437 1504 3692 1576 μακάριαι
3718 1503 3832 1559 ὑπίλ-

2295 1599 2512 1662 στάσεις
2560 1592 2756 1662 αῦται,
2792 1597 2872 1660 εἰς
2904 1597 2994 1651 τὸν
3041 1596 3199 1648 αὑτὸν
3241 1595 3336 1649 ἕνα
3383 1593 3684 1664 ἀνάγονται.
3731 1593 3832 1646 Ἵνα

2295 1691 2407 1761 γὰρ
2443 1691 2516 1761 μή
2556 1707 2640 1752 τις
2683 1687 2996 1757 ὑποπτεύσῃ
3029 1687 3201 1758 ἀρχὴν
3241 1685 3404 1739 αὐτοῦ
3433 1682 3628 1756 εἶναιῆ
3661 1684 3830 1756 πέρας,

630 1787 852 1852 Christi,
909 1801 974 1842 eo
1013 1786 1170 1841 modo
1211 1800 1319 1856 quo
1369 1785 1568 1841 dictum
1606 1795 1690 1842 est
1721 1805 1736 1843 :
1767 1786 2042 1844 Christum
2083 1789 2191 1862 (69)

2296 1783 2409 1837 ἀλλ’
2444 1780 2551 1834 ἀπὸ
2587 1781 2685 1850 τῆς
2745 1779 2887 1833 κατὰ
2934 1778 3032 1848 τὴν
3078 1777 3237 1846 φύσιν
3279 1775 3444 1830 αὐτοῦ
3491 1776 3709 1849 προόδου
3755 1792 3833 1828 πι-

631 1879 727 1934 Dei
750 1879 1021 1936 virtutem.
1054 1888 1107 1932 et
1133 1878 1227 1933 Dei
1268 1879 1611 1947 sapientiam.
1663 1879 1922 1945 Quoniam
1953 1881 2094 1934 enim
2126 1895 2191 1935 ex

631 1987 740 2027 uno
784 1970 945 2024 Patre
998 1979 1211 2034 natura,
1267 1985 1371 2024 non
1423 1984 1552 2024 vero
1584 1971 1846 2026 creatrice
1885 1973 2194 2041 operatione

631 2071 1009 2133 processerunt
1066 2065 1237 2118 beatae
1290 2063 1405 2118 istae
1455 2064 1792 2136 hypostascs,
1838 2066 1902 2118 ad
1949 2065 2192 2120 eumdem

633 2169 798 2208 unum
850 2152 1184 2208 referuntur.
1233 2152 1442 2206 Etenim
1474 2166 1541 2206 ne
1585 2153 1897 2222 suspiceris,
1949 2153 2050 2223 ipsi
2094 2155 2196 2209 ini-

634 2246 763 2299 tium
793 2260 933 2312 esse,
965 2254 1058 2299 aut
1086 2246 1275 2312 linem,
1306 2245 1401 2300 sed
1432 2258 1552 2298 eum
1580 2259 1706 2300 vere
1731 2246 1920 2300 credas
1943 2248 2012 2300 ob
2045 2261 2193 2301 suam

619 2336 1028 2404 rprocessionem
1086 2337 1379 2391 secundum
1439 2345 1728 2401 naturam,
1788 2335 2046 2406 Spiritum
2100 2338 2194 2391 Dei

632 2441 774 2492 esse,
812 2428 880 2482 ab
912 2436 1113 2482 aeterno
1141 2426 1427 2495 spiratum,
1469 2443 1575 2481 non
1621 2443 1752 2482 vero
1789 2427 2014 2494 factum,
2043 2430 2193 2499 quasi

634 2533 774 2573 unus
819 2517 958 2573 foret
997 2533 1062 2574 ex
1103 2517 1223 2572 aliis
1268 2517 1376 2572 Deo
1400 2517 1781 2574 famulantibus
1808 2520 2105 2589 spiritibus,
2142 2520 2194 2574 in

635 2607 930 2677 Evangelia
958 2606 1254 2662 secundum
1284 2604 1540 2660 Joannem
1567 2607 1680 2662 lucc
1713 2606 1967 2662 Dominus
1999 2609 2192 2664 docet:

639 2717 658 2750 ι
688 2698 926 2769 Spiritus
953 2698 1066 2769 (70)
1117 2697 1402 2763 veritatis,
1454 2699 1544 2768 qui
1605 2714 1633 2752 a
1676 2698 1838 2754 Patre
1879 2701 2138 2770 procedit.
2171 2721 2190 2754 ι

633 2789 749 2846 Non
780 2791 858 2845 ait
887 2801 1090 2858 autem,
1121 2799 1369 2857 creatur;
1411 2791 1586 2846 omnis
1619 2792 1763 2847 enim
1827 2793 2102 2864 generatio
2143 2804 2197 2847 et

633 2882 908 2952 processio
947 2882 999 2936 in
1050 2882 1116 2937 iis
1147 2881 1237 2950 qui
1267 2881 1495 2952 aequales
1549 2892 1603 2936 et
1629 2883 1832 2938 similes
1875 2885 2001 2946 sint,
2033 2885 2194 2954 perii-

633 2973 809 3037 citur,
858 2972 1090 3026 maxime
1136 2981 1313 3026 autem
1370 2979 1424 3026 et
1463 2975 1820 3041 praestantiori
1881 2976 2039 3030 modo
2105 2991 2197 3046 ge-

633 3065 842 3120 neratio
906 3079 969 3119 ac
1013 3064 1285 3134 processio
1353 3078 1474 3134 qua:
1519 3075 1601 3120 est
1639 3067 1706 3120 ab
1748 3082 1854 3122 uno
1890 3067 2051 3124 Patre
2112 3078 2194 3123 est

636 3157 929 3211 secundum
980 3155 1240 3210 unitatem
1281 3154 1496 3211 deitatis
1552 3157 1722 3227 ipsius
1763 3157 1961 3214 Patris.
2013 3159 2092 3215 Ae
2141 3161 2191 3215 in

637 3246 901 3304 creaturis
940 3247 1155 3318 quidem
1191 3257 1429 3318 tempore
1471 3249 1721 3319 praecedit
1749 3260 2094 3322 prototypus,
2140 3259 2195 3306 at

634 3350 767 3391 vero
797 3337 848 3390 in
881 3335 991 3392 Deo
1025 3351 1127 3390 non
1153 3336 1224 3390 ita
1264 3349 1322 3390 se
1351 3349 1436 3390 res
1475 3335 1672 3402 habet;
1705 3337 1797 3393 sed
1843 3353 2086 3408 personae
2115 3339 2195 3394 sic

635 3429 955 3492 subsistunt,
981 3438 1040 3482 ut
1070 3427 1229 3483 simul
1253 3429 1574 3492 subsistant,
1605 3439 1659 3484 et
1695 3431 1766 3484 ita
1792 3432 2107 3502 procedunt,
2139 3442 2196 3486 ut

635 3517 792 3573 simul
825 3520 1134 3588 procedant.
1168 3519 1392 3575 Domino
1437 3529 1616 3574 autem
1646 3521 1937 3577 concinens
1959 3520 2194 3577 Joannes

635 3625 846 3680 quoque
873 3621 1114 3666 sanctum
1145 3611 1404 3682 Spiritum
1436 3611 1582 3666 Patri
1607 3613 1723 3667 sine
1745 3612 1852 3667 ulla
1875 3614 2189 3679 discrepan-

636 3703 709 3757 tia
736 3703 1014 3772 aequalem,
1045 3713 1120 3766 et.
1154 3713 1210 3758 ut
1240 3704 1311 3758 ita
1339 3704 1536 3768 dicam,
1580 3712 1748 3758 totum
1794 3705 2192 3760 incircumscri-

625 3801 780 3866 ptum
803 3794 970 3851 Deum
991 3795 1202 3850 Patrem
1227 3795 1764 3864 compreltcndentem
1788 3797 2116 3866 praedicavit,
2139 3808 2196 3852 et

631 3887 687 3940 in
722 3885 966 3943 ﬁdelibus
991 3886 1215 3941 inveniri
1246 3886 1499 3952 ostendit,
1532 3901 1652 3940 cum
1677 3886 1788 3940 ait:
1824 3905 1844 3938 ι
1873 3886 1925 3940 In
1957 3887 2056 3942 hoc
2081 3888 2191 3958 (71)

629 3973 776 4030 enim
836 3973 1038 4030 scimus
1081 3975 1223 4045 quod
1269 3975 1322 4031 in
1358 3975 1473 4041 ipso
1523 3990 1823 4043 manemus,
1860 3986 1913 4032 et
1965 3977 2080 4048 ipse
2137 3979 2189 4033 in

729 4195 816 4264 67)
850 4195 1020 4259 Meus,
1045 4205 1097 4250 et
1132 4204 1272 4250 tuus.
1324 4194 1512 4265 Simile
1543 4205 1941 4265 argumentum,
1970 4199 2186 4252 ductum

631 4263 841 4336 scilicet
864 4279 927 4336 ex
959 4280 1111 4336 voce,
1142 4283 1160 4316 ι
1193 4279 1364 4336 meus,
1391 4283 1412 4317 ο
1439 4263 1556 4335 lege
1576 4263 1714 4336 apud
1740 4265 2024 4333 Hilarium,
2053 4275 2184 4322 tom.

631 4334 696 4401 ιι,
720 4351 840 4404 pag.
865 4335 1279 4404 148,149,567.

720 4351 782 4404 pa
827 4375 840 4388 .
865 4351 988 4398 ηδ,
1011 4351 1132 4397 1w,
1158 4351 1279 4389 τοι.

698 4351 821 4476 (σὸῗ
845 4403 1098 4476 Spiritum
1111 4402 1281 4476 filii.
1305 4403 1692 4476 Cut_n__Spiri_tus
1709 4413 1935 4476 sanctus
1964 4406 2015 4459 in
2045 4404 2192 4460 Scri-

633 4453 811 4544 pn‘ui's'
838 4453 1689 4544 ataui:spii‘a'ug’rna::fii'
1706 4453 2079 4542 ῑῖἶᾝέῌιίὶὲιῖ
2090 4453 2188 4530 iii".
2219 4453 2267 4509 ’θ

632 4543 844 4614 dymus,
876 4543 1230 4614 utSpirituut
1275 4545 1444 4614 ipsum
1492 4543 1627 4598 Filio
1666 4544 2184 4614 consubstantialem

631 4613 753 4684 esse
791 4613 1072 4684 signiﬁcet.
1126 4613 1323 4668 Eodem
1356 4613 1511 4681 plane
1558 4613 1714 4668 modo
1760 4614 2109 4670 ratiocinatur
2133 4625 2187 4669 et

631 4683 686 4738 in
718 4681 864 4738 libro‘
894 4681 968 4737 De
998 4681 1200 4752 Spiritu
1223 4693 1403 4738 sancto
1431 4697 1608 4752 ,{nam
1641 4699 1786 4737 num.
1829 4684 1917 4749 51,
1950 4702 1968 4736 ι
1992 4685 2184 4739 Osten-

631 4753 957 4823 dit,ilnquit,
985 4750 1109 4823 quia
1141 4753 1342 4823 unitate
1362 4750 1666 4820 sitjunctus
1695 4753 1761 4806 ad
1790 4752 1981 4807 Filium
2009 4773 2022 4808 :
2046 4755 2186 4823 unde

629 4831 686 4876 et
713 4822 830 4877 Filii
879 4821 1051 4877 dictus
1086 4832 1168 4876 est
1217 4821 1487 4891 Spiritus;
1525 4841 1545 4874 ι
1599 4837 1823 4876 numero
1863 4837 2040 4878 autem
2091 4822 2180 4885 3i,

630 4892 770 4946 idem
810 4901 1183 4962 argumentum
1225 4891 1395 4946 fusius
1433 4893 1791 4961 persequitur.
1838 4892 1974 4962 Post
2020 4893 2182 4962 Didy-

629 4976 775 5014 mum
808 4960 1174 5030 Theodoretus
1213 4960 1440 5030 quoque
1471 4964 1752 5030 (praetereo
1799 4961 1933 5018 alios
1975 4960 2180 5028 Patres)

629 5031 686 5082 in
718 5030 916 5100 Ep.7ad
952 5029 1104 5084 Rom.
1153 5045 1270 5100 cap.
1303 5029 1357 5095 χ,
1383 5047 1528 5085 num.
1565 5031 1625 5084 11
1685 5047 1698 5082 :
1751 5049 1770 5082 ι
1793 5033 2066 5095 Sanctum,
2102 5033 2185 5084 in-

629 5102 767 5170 quit,
819 5099 1078 5170 Spiritum
1117 5111 1170 5170 et
1203 5099 1294 5154 Dei
1337 5100 1644 5170 appellavit,
1677 5109 1731 5155 et
1762 5100 1956 5155 Christi
2009 5118 2023 5154 :
2077 5117 2182 5154 non

629 5169 794 5236 quod,
825 5177 886 5223 ut
921 5169 1104 5223 volunt
1128 5169 1387 5232 haeretici,
1414 5169 1486 5223 ex
1525 5169 1634 5224 Deo
1676 5185 1768 5238 per
1796 5169 1984 5224 Filium
2024 5185 2178 5225 crea-

629 5247 717 5292 tus
739 5238 844 5303 sit;
877 5240 967 5291 sed
999 5239 1124 5308 quia
1171 5250 1253 5295 est
1302 5240 1539 5308 ejusdem
1583 5254 1704 5308 cum
1752 5239 1912 5295 Patre
1953 5251 2006 5293 et
2047 5241 2182 5295 Filio

627 5309 964 5380 substantia}.
993 5307 1029 5358 ί
1047 5307 1184 5374 Quin
1225 5307 1385 5380 etiam
1413 5325 1556 5380 _cttm
1591 5307 1656 5380 S.
1687 5309 1916 5380 Cyrillns
1950 5311 2001 5363 in
2045 5311 2183 5363 Ana-

629 5377 984 5448 thetnatismis
1039 5396 1057 5428 ι
1088 5379 1356 5446 proprium
1410 5377 1532 5432 Filii
1585 5377 1886 5448 Spiritum»
1933 5379 2177 5440 dixisset.

627 5447 830 5500 veritus
863 5446 1233 5502 Theodoretus
1269 5448 1402 5516 ipse,
1432 5464 1496 5502 uc
1527 5449 1576 5502 id
1599 5446 1758 5502 sensu
1795 5449 2176 5503 Macedoniano

2297 1871 2502 1943 στεύσῃ
2534 1869 2751 1939 άληθῶς
2800 1870 2931 1923 αὐτὸ
2974 1867 3198 1938 Πνεῦμα
3228 1863 3368 1922 εἶναι
3403 1868 3498 1921 τοῦ
3543 1866 3695 1931 Θεοῦ,
3724 1867 3834 1920 ἁνα-

2294 1963 2556 2018 πνευσοὲν
2601 1962 2886 2034 ἀνάρχως,
2931 1962 3026 2015 καὶ
3062 1961 3121 2014 οὐ
3175 1961 3500 2032 γενόμενον,
3543 1961 3617 2026 ὡς
3658 1959 3712 2013 ἓν
3743 1959 3835 2013 τῶν

2295 2053 2468 2106 ἄλλων
2505 2053 2681 2106 λειτου
2691 2051 2892 2124 ργικῶν
2931 2050 3253 2121 πνευμάτων
3273 2067 3287 2082 ο
3327 2050 3594 2105 διδάσκων
3654 2049 3754 2122 [55
3777 2047 3833 2118 b]

2297 2146 2327 2198 ὁ
2361 2144 2564 2212 Κύριος
2599 2146 2658 2200 ὲν
2698 2143 2776 2214 τῷ
2819 2143 2961 2198 κατὰ
3013 2143 3264 2214 Ἰωάννην
3301 2143 3637 2214 Εὐαγγελίῳ,
3675 2141 3831 2210 λέγει·

2303 2255 2320 2288 ι
2357 2237 2430 2289 Τὸ
2460 2235 2684 2306 Πνεῦμα
2715 2237 2812 2304 τῆς
2840 2233 3116 2306 ἀληθείας,
3141 2235 3170 2287 ὃ
3205 2235 3354 2307 παρά
3393 2235 3488 2288 τοῦ
3529 2233 3732 2305 Πατρὸς
3755 2233 3836 2284 ἐκ·

2295 2325 2604 2397 πορεύεται.
2645 2343 2664 2376 ι
2703 2325 2818 2378 Οὑκ
2845 2319 2964 2377 εῐπε
3012 2323 3090 2388 δὲ,
3150 2325 3410 2388 κτίζεται.
3440 2326 3596 2378 Πᾶσα
3629 2324 3719 2394 μὲν
3744 2321 3839 2392 γὰρ

2295 2419 2546 2488 γέννησις
2607 2417 2702 2470 κα)⁸
2735 2417 3079 2488 ἐκπόρευσις,
3110 2415 3198 2468 διὰ
3229 2416 3337 2469 τῶν
3373 2417 3506 2470 ἴσων
3542 2417 3632 2469 καὶ
3662 2412 3838 2484 ὁμοίων

2296 2509 2627 2564 ἐπιτελεῖται
2649 2527 2662 2540 ο
2695 2509 2929 2580 μάλιστα
2953 2509 3008 2562 δὲ
3038 2509 3401 2582 διαφερόντως
3423 2512 3456 2580 ἡ
3488 2507 3595 2562 ἀπὸ
3623 2505 3710 2560 τοῦ
3739 2504 3839 2566 ἑνὸς

2299 2602 2512 2672 Πατρὸς
2546 2599 2666 2654 καθ’
2715 2601 2907 2654 ἕνωσιν
2943 2601 3044 2672 τῆς
3079 2601 3272 2654 ἑαυτοῦ
3313 2599 3570 2671 Θεότητός
3603 2601 3713 2652 ἐστι
3737 2596 3841 2664 γέν·

2297 2710 2452 2764 νησις
2498 2693 2594 2746 καὶ
2642 2693 2988 2764 ἐκπόρευσις.
3047 2693 3183 2747 Ἀλλ’
3214 2692 3307 2746 ἐπὶ
3355 2695 3456 2764 μὲν
3483 2692 3592 2745 τῶν
3628 2689 3839 2760 κτισμά-

2295 2803 2403 2838 των
2476 2787 2690 2856 ἡγεῖται
2731 2785 2808 2856 τῷ
2845 2786 3020 2856 χρόνῳ
3056 2787 3084 2839 ὁ
3125 2785 3513 2858 πρωτότυποςο
3553 2785 3644 2838 ἐπὶ
3676 2783 3728 2836 δὲ
3761 2779 3840 2834 τοῦ

2297 2875 2428 2928 Θεοῦ
2465 2876 2566 2946 οὐχ
2607 2877 2796 2941 οὕτως,
2843 2877 2978 2930 ἀλλά
3037 2876 3462 2946 συνυφεστιέντως
3501 2879 3596 2931 καὶ
3631 2891 3844 2946 συμπρο-

2307 2967 2659 3038 εληλυοότως.
2706 2969 2954 3039 Συνᾴδων
2989 2969 3045 3023 δὲ
3087 2969 3166 3040 τῷ
3215 2969 3408 3041 Κυρίῳ
3466 2971 3563 3024 καὶ
3617 2967 3846 3036 Ἰωάννης

2298 3060 2526 3131 ἐκήρυξε
2580 3059 2672 3112 τοῦ
2712 3061 2866 3128 ἁγίου
2904 3060 3217 3130 Πνεύματος
3256 3059 3317 3114 τὸ
3361 3063 3502 3133 πρὸς
3538 3061 3627 3124 τὸν
3649 3058 3846 3130 Πατέρα

2298 3151 2411 3204 ίσον
2457 3153 2551 3205 καὶ
2580 3152 3018 3224 ἀπαράλλακτον,
3058 3152 3200 3217 ὅλον,
3242 3153 3319 3217 ὡς
3358 3156 3428 3208 άν
3459 3154 3604 3208 εἴποι
3645 3169 3744 3216 τις,
3770 3147 3847 3204 ei

2296 3245 2676 3317 ἀπερίγραφον
2709 3244 2840 3298 Θεὸν
2871 3244 3088 3316 Πατέρα
3122 3244 3557 3316 περιλαμϐάνον,
3596 3244 3686 3297 καὶ
3717 3238 3847 3310 παρὰ

2295 3340 2508 3400 πιστοῖς
2536 3335 2922 3408 εὑρισκόμενον
2952 3336 3242 3400 δείκνυσιν,
3279 3336 3486 3390 είπών·
3523 3356 3542 3390 ι
3586 3336 3674 3389 Ἐν
3694 3333 3849 3400 τούτῳ

2294 3429 2402 3500 γὰρ
2444 3427 2805 3499 γινώσκομεν,
2854 3429 2937 3482 ὃτι
2979 3430 3035 3480 ἐν
3074 3427 3222 3499 αὐτῷ
3269 3429 3532 3501 μένομεν,
3573 3431 3666 3483 καὶ
3706 3423 3848 3486 αὐτὸς

2295 3523 2351 3574 ἐν
2372 3524 2527 3593 ἡμῖν,
2555 3523 2618 3575 ὲκ
2642 3521 2736 3574 τοῦ
2768 3521 3083 3591 Πνεῦματος
3104 3521 3291 3588 αὑτοῦ,
3322 3517 3386 3576 οῦ
3410 3523 3614 3578 ἔδωκεν
3642 3524 3766 3594 ἡμῖν
3785 3538 3796 3550 ο
3829 3538 3844 3570 t

2294 3613 2353 3670 ὃν
2396 3613 2594 3683 τρόπον
2622 3614 2651 3666 ό
2687 3613 2812 3676 Υἱὸς
2842 3609 2992 3667 εἶπεν
3016 3631 3030 3646 ·
3077 3632 3096 3665 t
3142 3614 3200 3668 '0
3241 3615 3510 3687 ἑωρακὼς
3547 3616 3646 3686 ἐμὲ
3693 3613 3848 3684 ἑώρα-

2297 3721 2361 3758 κε
2412 3705 2503 3757 τὸν
2541 3704 2795 3774 Πατέρα’
2833 3724 2851 3755 ι
2899 3705 3016 3769 καὶ,
3070 3723 3089 3756 ι
3147 3705 3289 3774 Ἐγὼ
3324 3707 3485 3778 παρὰ
3531 3706 3624 3760 τοῦ
3659 3701 3850 3773 Πατρὸς

2292 3794 2535 3866 ἐξῆλθον.
2567 3814 2585 3846 ι
2629 3795 2795 3848 Οὐδὲν
2849 3796 2958 3867 γὰρ
2999 3796 3135 3860 ὅλως
3199 3797 3320 3850 κατ’
3367 3798 3583 3864 οὐσίαν,
3635 3797 3668 3868 ἢ
3728 3793 3851 3848 κατὰ

2293 3888 2502 3958 χρόνον,
2537 3886 2569 3957 ἢ
2604 3885 2762 3950 δόξαν
2805 3885 2996 3956 ὕφεσιν
3029 3887 3172 3958 ἕχον,
3215 3886 3444 3941 δύναται
3474 3888 3572 3960 τὴν
3617 3888 3740 3959 ὃλην
3771 3886 3852 3937 ἐκ·

2294 3976 2501 4046 φαίνειν
2546 3975 2826 4046 ἀλήθειαν,
2869 3975 2903 4046 ἢ
2944 3977 3188 4047 ὁμοειδὲς
3230 3978 3554 4048 τυγχάνειν,
3599 3978 3691 4032 καὶ
3743 3975 3851 4045 ἴσην

2291 4201 2604 4278 per-Filium
2626 4206 2950 4278 exstantiam
2998 4207 3216 4278 habeat,
3259 4205 3365 4262 hoc
3403 4217 3465 4261 ut
3496 4207 3852 4278 blasphemum

2293 4280 2346 4351 et
2367 4272 2964 4351 impiumrejicietnus.
2991 4293 3010 4328 ι
3056 4275 3493 4351 Ρέί-ιη-ξιιιηηῌουιιι
3525 4272 3748 4351 sensum
3775 4289 3853 4328 re-

2289 4341 2826 4412 jicitTheodoretus,
2868 4359 3025 4412 quem
3070 4343 3284 4399 Biblica:
3332 4347 3407 4400 illi
3439 4347 3698 4403 locutioni
3724 4347 3854 4398 Ann-

2297 4411 2420 4482 mmi
2461 4411 2804 4477 adhibebant,
2841 4411 2966 4467 dum
3009 4414 3264 4482 Spiritum
3311 4426 3568 4471 sanctum
3620 4431 3726 4469 «ex
3776 4413 3856 4468 Fi-

2295 4479 2388 4544 lio,
2414 4499 2452 4562 ι.
2487 4489 2579 4534 aut
2639 4499 2657 4532 ι
2683 4499 2777 4552 per
2801 4482 2993 4538 Filium
3021 4479 3355 4540 {exstitisse
3414 4487 3734 4559 inquiebaut
3774 4496 3857 4554 per

2287 4559 2633 4605 creationem.

2358 4617 2466 4689 (69)
2525 4617 2813 4689 Christum.
2873 4621 2894 4676 Ι
2968 4621 3091 4678 Cor.
3141 4637 3198 4684 t,
3261 4623 3351 4679 94.
3409 4625 3545 4683 Vide
3596 4635 3752 4681 notas
3797 4619 3857 4676 ad

2286 4688 2452 4758 segm.
2487 4688 2582 4758 171
2618 4706 2780 4752 a.seu
2809 4691 2899 4746 lib.
2933 4707 3014 4753 tu,
3045 4707 3161 4757 cap.
3191 4693 3243 4746 7.

2358 4757 2468 4827 (70)
2492 4757 2738 4821 Spiritus.
2764 4759 2918 4816 Joan.
2952 4777 3038 4826 xv,
3075 4760 3165 4815 26.

2358 4828 2472 4895 (71)
2513 4827 2578 4880 1η
2615 4830 2732 4884 hoc.
2792 4829 2808 4882 Ι
2853 4830 3007 4884 Joan.
3045 4845 3130 4890 tn,
3187 4830 3273 4895 24,
3349 4831 3446 4887 ubi
3513 4835 3704 4890 Graeca
3755 4829 3852 4886 edi-

2287 4897 2361 4950 tio
2408 4898 2570 4952 habet
2604 4898 2700 4969 ita,
2735 4908 2790 4953 ut
2823 4898 3082 4968 Vulgatus
3123 4900 3223 4953 int.
3267 4905 3555 4958 transtulit
3584 4923 3598 4958 :
3629 4904 3733 4958 «Et
3777 4898 3858 4969 qui

2285 4967 2748 5042 servat_mandala
2781 4967 3001 5042 ejus,’in
3045 4970 3132 5023 illo
3169 4982 3368 5034 manet,
3411 4983 3470 5026 et
3510 4974 3628 5042 ipse
3662 4976 3713 5027 in
3753 4967 3854 5042 eo:

2283 5045 2338 5108 et
2378 5037 2428 5090 in
2469 5036 2572 5090 hoc
2599 5037 2798 5108 scimus
2838 5038 3088 5107 quoniam
3125 5049 3304 5093 manet
3350 5042 3406 5094 in
3438 5036 3621 5108 nobis,
3653 5043 3720 5097 de
3748 5040 3860 5108 Spi-

2285 5105 2388 5158 ritu
2444 5119 2601 5173 qnem
2648 5106 2793 5160 dedit
2842 5105 3055 5162 nobis.)
3097 5109 3300 5164 Omitto
3346 5111 3542 5167 Graaca
3594 5105 3862 5168 brevitatis

2285 5189 2466 5258 causa.
2489 5176 2824 5258 Atqueuillud
2855 5179 3032 5258 potius
3073 5181 3471 5258 animadverto,
3510 5183 3860 5258 huncjpsunt

2285 5243 2787 5320 textum_at_l__i_llud
2854 5243 2998 5320 idern
3062 5249 3410 5320 probandum
3445 5243 3464 5314 ,
3497 5254 3643 5320 quod
3680 5243 3859 5320 hocin

2284 5313 2401 5367 loco
2439 5313 2546 5367 vult
2585 5313 2860 5389 Didymus,
2892 5313 3091 5389 afferri
3109 5319 3271 5372 etiam
3303 5319 3356 5371 in
3384 5313 3533 5374 libro
3561 5323 3638 5376 De
3665 5319 3860 5389 Spiritu

2283 5392 2488 5456 structo,
2554 5399 2697 5438 num.
2757 5386 2826 5438 40
2863 5387 2996 5440 :scd
3058 5401 3274 5440 sensum
3333 5391 3526 5454 potius
3584 5386 3861 5456 utrobique

2282 5453 2486 5522 aﬂ'erri,
2516 5468 2676 5522 quam
2710 5456 2893 5510 verba.
2938 5457 3011 5510 lbi
3044 5459 3185 5510 enim
3231 5457 3302 5510 ita
3335 5453 3598 5514 idictavit
3628 5479 3641 5514 :
3670 5479 3688 5509 ι
3715 5453 3794 5514 Et
3816 5458 3861 5510 in

627 5516 1142 5595 prolatnmluisset,
1175 5518 1263 5595 sic.
1287 5518 1600 5595 respondit:
1631 5538 1659 5595 ι⁸
1675 5517 1954 5588 Proprium
2000 5531 2177 5573 autem
2279 5516 2500 5595 Joannis
2533 5516 2812 5595 Epistola:
2851 5543 2869 5576 ι
2893 5523 2947 5578 In
2988 5527 3088 5580 hoc
3134 5527 3486 5595 cognoseitur
3536 5531 3682 5584 Dens
3721 5529 3863 5582 habi-

599 5583 601 5586 ⁴
628 5583 748 5638 Filii
786 5585 1065 5654 Spiritum,
1100 5589 1144 5640 si
1176 5583 1397 5655 quidem
1422 5599 1478 5640 ut
1510 5588 1748 5654 ejusdem
1776 5583 1895 5642 cum
1925 5604 1989 5643 co
2017 5599 2178 5642 natu-

627 5664 807 5728 fauet
856 5670 920 5728 ex
958 5655 1545 5728 Διξειιιτξ,ρτοίιβιιειηοιη
1579 5659 1714 5712 dixit
1759 5659 2051 5728 (Cyrillus).
2093 5675 2179 5712 se-

2285 5601 2404 5663 tans
2434 5593 2482 5644 in
2507 5611 2524 5643 ι
2557 5594 2899 5660 quibusdam,
2931 5610 3049 5647 cum
3096 5613 3113 5646 ι
3141 5593 3402 5648 manserit
3445 5598 3498 5651 in
3529 5619 3546 5649 ι
3584 5601 3666 5653 eis
3713 5617 3731 5648 ι
3757 5595 3864 5663 Spi-

2280 5662 2414 5716 ritus
2431 5677 2586 5729 quem
2608 5664 2770 5716 dedit.
2792 5681 2809 5713 )
2842 5665 2916 5716 Ex
2939 5665 3131 5733 quibus
3149 5665 3402 5720 omnibus
3423 5665 3864 5724 indissociahilis.

629 5723 734 5778 mel
762 5723 1244 5782 conﬁtebimur"...
1285 5726 1342 5782 Si
1372 5742 1497 5783 vero
1529 5723 1783 5796 tanquam
1817 5723 1880 5784 ex
1910 5723 2065 5796 Filio,
2087 5736 2180 5783 aut
2279 5723 2741 5801 atqueindiscreta
2762 5723 3044 5790 Trinitatis
3069 5733 3374 5790 substantia
3401 5723 3860 5795 demonstratum
