4104 6408
359 387 467 454 ιω

1375 384 1463 438 DE
1503 384 1875 440 TRlNlTATE
1912 384 2112 439 LIBER
2153 385 2536 442 SECUNDUS.

3486 390 3593 448 “:2

358 500 503 570 ἔχειν
560 499 891 567 ἐπίγνωσιν⁸
947 496 1072 551 οὔτε
1128 497 1186 550 δέ
1226 516 1307 562 τις
1358 499 1509 568 τύχοι
1565 501 1632 554 ἂν
1700 504 1930 572 μετοχῆς

2037 501 2219 568 nobis,
2264 518 2326 554 ex
2386 502 2585 568 Spiritu
2640 499 2785 567 ejus,
2835 516 2989 569 quem
3048 503 3190 557 dedit
3240 504 3424 573 nobis;
3458 525 3476 558 ι
3524 523 3593 561 eo

357 593 612 662 θεότητος
636 589 871 659 ἀληθοῦς
895 588 985 642 διά
1011 589 1307 659 κτίσματος
1332 605 1346 623 ⁴
1374 590 1574 643 δίδοται
1604 592 1661 645 δὲ
1689 593 1752 645 τὸ
1776 594 1927 660 ἆγιον

356 679 615 751 Πνεῦμα,
663 680 728 732 οὐ
763 679 1083 749 κατατομῆς
1130 683 1437 750 μερισμοῖς,
1485 681 1623 734 ἀλλὰ
1667 682 1745 753 τῷ
1789 684 1928 755 λόγῳ

354 772 459 842 τῆς
504 769 818 842 μετουσίας,
863 769 959 822 καὶ⁹
997 769 1091 822 τοῦ
1137 770 1212 841 μὴ
1244 771 1479 824 νοεῖσθαι
1524 773 1852 843 ἑτεροφυῶς,
1894 774 1928 844 ἢ

354 861 757 934 ἐτερογνώμως
801 862 896 914 τοῦ
947 862 1161 933 Πατρὸς
1208 864 1378 916 οἰκεῖν
1419 865 1477 915 ἐν
1524 865 1673 934 ἡμῖν.
1724 865 1931 930 "math

355 954 418 1007 δὲ
463 955 580 1024 ἃμα
627 955 656 1006 ὁ
698 953 797 1023 τῆς
824 952 1053 1023 βροντῆς
1082 954 1217 1019 υίὸς,
1257 954 1332 1017 ὡς
1360 953 1487 1008 ἔνθα
1527 956 1645 1008 ἐστὶ
1693 956 1752 1008 τὸ
1778 956 1930 1026 ἀγιον

360 1046 610 1111 Πνεῦμα,
647 1045 911 1114 πάρεστιν
941 1046 969 1098 ὁ
1000 1044 1131 1108 Θεὸς
1160 1045 1370 1117 Πατὴρ,
1398 1041 1458 1101 οὗ
1484 1048 1709 1120 Πνεῦμά
1746 1051 1889 1102 ἐστιν
1914 1064 1927 1077 ·

361 1139 505 1207 ὅπερ
550 1137 641 1189 καὶ
690 1136 852 1199 αὐτὸς
907 1138 935 1189 ό
980 1136 1118 1199 Θεὸς
1185 1136 1659 1207 προανεφώνησεν,
1720 1137 1927 1192 εἰπών·

373 1250 393 1281 ι
440 1230 730 1298 Ἐνοικήσω
788 1230 845 1280 ὲν
886 1228 1089 1292 αὐτοῖς,
1150 1230 1243 1282 καὶ
1310 1230 1780 1302 ἐμπεριπατήσω’
1838 1232 1932 1283 καὶ

363 1322 557 1391 ἔσομαι
605 1319 784 1373 αὐτῶν
821 1319 974 1383 Θεὸς,
1022 1321 1116 1372 καὶ
1144 1320 1298 1373 αὐτοὶ
1339 1321 1553 1374 ἔσονταί
1588 1338 1689 1392 μου
1727 1321 1871 1384 λαός.
1909 1341 1927 1373 ι

375 1415 465 1476 Ὠς
489 1413 653 1466 πάλιν
676 1412 738 1465 τὸ
757 1413 1127 1482 ἀντικείμενον
1146 1413 1315 1483 δηλοῖ,
1340 1414 1420 1467 ὅτι
1447 1413 1512 1467 Ei’
1528 1431 1610 1476 τις
1627 1413 1688 1466 τὸ
1710 1415 1933 1483 Πνεῦμα

357 1505 457 1557 τοῦ
509 1503 645 1557 Θεοῦ
674 1504 749 1568 ὡς
781 1502 914 1556 Θεὸν
974 1503 1065 1575 [54
1104 1502 1178 1574 ιι]
1218 1503 1469 1574 ἀληθινὸν
1507 1497 1606 1556 οὔκ
1642 1503 1773 1574 ἔχει,
1815 1504 1933 1557 οὐδὲ

355 1597 455 1649 τὸν
481 1596 703 1667 Πατέρα
734 1595 845 1665 ἔχει
864 1612 878 1625 ·
916 1596 1046 1667 παρ’
1079 1593 1161 1659 οἷς
1185 1595 1242 1648 δὲ
1292 1594 1366 1667 μὴ
1398 1590 1552 1659 οὗτός
1580 1598 1752 1658 ἐστιν,
1784 1595 1934 1650 οὐδὲν

355 1689 587 1759 ἀληθὲς,
613 1688 722 1741 οὐδ’
752 1686 1013 1756 ἀσφαλὲς,
1040 1685 1163 1739 οὐδὲ
1200 1686 1434 1756 βέϐαιον.
1472 1687 1557 1751 Ὠς
1579 1687 1640 1740 τὸ
1666 1686 1898 1757 ἔμπαλιν
1915 1703 1930 1717 °

366 1780 663 1833 ὐστισοῦν
698 1779 872 1848 λέγων
903 1778 1032 1850 περὶ
1069 1777 1259 1842 αὐτοῦ,
1294 1778 1396 1832 κᾶν
1425 1778 1694 1850 αἱρετικὸς
1722 1778 1796 1831 ὣν
1840 1777 1933 1831 τιὸ-ο

354 1892 473 1945 χοι,
504 1873 601 1927 ἐὰν
626 1872 873 1944 ὲρωτηθῇ
908 1871 1037 1943 περὶ
1080 1872 1232 1925 ποίου
1259 1870 1565 1938 διαλέγεται
1606 1868 1929 1939 πνεύματος,

356 1968 529 2038 λέγῃ,
569 1984 588 2017 ι
616 1965 710 2018 τοῦ
733 1965 889 2033 ἁγίου
911 1981 924 1994 '
954 1983 972 2015 ι
1000 1962 1095 2017 καὶ¹
1126 1965 1175 2016 εί
1198 1958 1353 2026 αὖθις
1382 1962 1543 2017 πάλιν
1571 1960 1760 2024 πεῦσις
1785 1960 1935 2032 αὐτῷ

356 2056 781 2131 προσενεχθείη,
815 2074 836 2108 ι
869 2056 1022 2109 ποίου
1066 2054 1246 2123 ἁγίου,
1277 2073 1296 2105 ι
1328 2055 1540 2124 ἀνάγκη
1569 2053 1732 2107 αὑτὸν
1762 2054 1935 2105 εἰπεῖν

352 2152 450 2212 είς
507 2149 891 2217 φανερωτάτην
930 2145 1159 2216 δήλωσιν
1183 2184 1199 2209 ,
1246 2162 1267 2196 ι
1312 2140 1407 2198 τοῦ
1473 2142 1786 2215 Πνεύματος
1840 2142 1934 2196 τοῦ

348 2242 531 2305 Θεοῦ,
561 2261 579 2293 ι
620 2240 697 2303 ὡς
740 2238 847 2293 τῶν
889 2237 1061 2291 ἄλλων
1104 2236 1180 2308 μὴ
1220 2235 1493 2299 οὐσιωδῶς
1534 2236 1701 2290 ὄντων
1745 2235 1931 2289 αὑτοῦ.

359 2333 659 2403 Μοχθηροὶ
682 2331 739 2385 δὲ
774 2332 987 2393 ἑαυτοῖς
1013 2347 1073 2382 τε
1114 2329 1210 2383 καὶ
1235 2333 1349 2393 τοῖς
1379 2328 1633 2382 ἀκούουσι
1666 2329 1936 2399 γινόμενοι

354 2424 661 2494 αἱρετικοὶ,
716 2422 908 2492 βιαίοις
940 2422 1350 2492 ὲπιχειρήσεσιν
1390 2419 1779 2490 συκοφαντοῦσι
1810 2421 1936 2485 τοὺς

359 2516 535 2585 ήμῶν
571 2514 665 2567 καί
700 2512 878 2567 αὐτῶν
921 2513 1175 2583 ἀμείνους
1195 2552 1211 2579 ,
1245 2512 1337 2564 καὶ
1370 2510 1626 2581 μέγιστον
1653 2511 1932 2583 διαφέρον-

358 2622 489 2668 στας,
539 2604 635 2657 καὶ
696 2604 826 2674 περὶ
886 2603 978 2656 τοῦ
1037 2602 1195 2672 ἁγίου
1252 2600 1565 2673 Πνεύματος
1628 2604 1935 2673 χρήσαντας

358 2695 594 2763 ἁγίους,
643 2689 723 2759 οἷς
768 2696 870 2748 οὐκ
932 2694 1147 2747 ὲναντία
1198 2692 1599 2765 νομοθετητέον.
1648 2694 1782 2747 Φασὶ
1828 2693 1934 2765 γὰρ

361 2786 516 2841 κατά
538 2786 681 2851 λέξιν
708 2786 879 2850 οὕτως
900 2803 914 2817 υ
939 2785 1107 2840 Ὅταν
1134 2781 1227 2838 οὖν
1249 2784 1383 2857 λέγῃ
1408 2787 1437 2839 ό
1464 2784 1597 2848 Θεός
1615 2803 1629 2816 ·
1658 2804 1677 2835 ‹
1718 2785 1776 2839 '0
1806 2788 1935 2848 παῖς

362 2893 474 2946 μου
490 2876 734 2939 Ἡσαΐας
774 2894 793 2928 ι
812 2876 925 2939 καὶ,
960 2893 978 2925 ‹
1002 2874 1477 2944 Υἱὸςπρωτότοκός
1507 2892 1609 2945 μου
1635 2873 1868 2945 Ἰσραὴλ,
1909 2892 1928 2926 ι

362 2970 402 3037 ἡ
443 2986 463 3019 ι
503 2985 603 3038 μου
642 2987 660 3018 ι
698 2967 931 3038 συλλαϐὴ
981 2967 1123 3038 ἔχειν
1169 2986 1222 3021 τι
1254 2967 1429 3022 κοινὸν
1461 2966 1559 3038 τὴν
1592 2966 1934 3037 ἀνθρωπείαν

363 3060 536 3130 φύσιν
578 3060 714 3131 πρὸς
765 3061 863 3132 τὴν
900 3060 994 3113 τοῦ
1039 3060 1173 3113 Θεοῦ
1226 3060 1529 3125 δείκνυσιν;
1566 3060 1775 3131 Ὥσπερ
1817 3054 1930 3123 οὖν,

361 3152 528 3222 φησὶ,
572 3150 729 3203 τοῦτο
754 3147 905 3203 εἶπεν
928 3151 1003 3214 ὡς
1049 3152 1139 3205 τοῦ
1170 3146 1308 3204 εἶναι
1338 3151 1522 3214 αὐτοῖς
1548 3151 1737 3213 αἴτιος,
1763 3148 1935 3212 οὕτως
1960 3169 2002 3229 c

364 3244 463 3296 καὶ
514 3242 617 3312 τὴν
656 3241 898 3312 ψύχωσιν
956 3243 1136 3296 αὐτῶν
1185 3262 1203 3293 ι
1241 3242 1466 3313 Πνεῦμά
1513 3259 1613 3312 μου
1651 3261 1669 3291 ι
1718 3241 1935 3311 προσεῖ-

367 3355 493 3392 πεν.
547 3336 617 3390 Ei!
644 3354 728 3399 τις
759 3337 816 3390 δὲ
854 3337 1038 3400 αὐτοῖς
1066 3336 1170 3406 τῆς
1216 3336 1472 3405 ἀληθείας
1505 3336 1599 3389 κα)⁸
1650 3332 1935 3405 ἀκριϐείας

366 3430 529 3497 λόγος
558 3428 725 3498 ὑπῆν,
749 3428 849 3481 οὐκ
882 3428 948 3482 ἃν
976 3428 1273 3499 τηλικαῦτα
1309 3428 1549 3481 ἐπταιον.
1581 3426 1801 3497 Πρῶτον
1839 3424 1935 3495 μὲν

375 3522 488 3591 γὰρ
516 3520 655 3590 αὐτῷ
683 3519 763 3590 τῷ
795 3520 979 3589 φάναι,
1019 3520 1267 3583 Ἡσαΐαν,
1301 3519 1413 3582 καὶ,
1460 3517 1695 3589 Ἰσραὴλ,
1726 3514 1934 3587 ἀνθρώ-

372 3630 518 3675 πους
542 3612 768 3684 ἐδήλωσε
789 3629 802 3643 ·
838 3611 1175 3683 προσέθηκεν
1211 3611 1267 3664 δὲ
1299 3613 1418 3664 κατ’
1448 3609 1723 3680 ἐξαίρετον
1757 3608 1937 3671 αὐτοῖς

374 3703 441 3756 τὸ
476 3720 496 3753 ι
530 3702 630 3773 μοῦ
672 3721 690 3752 ι
725 3702 801 3766 ὡς
827 3700 981 3772 αὑτῷ
1004 3703 1124 3765 ταῖς
1155 3701 1383 3773 πράξεσι
1410 3700 1804 3771 προσήκουσιν.
1833 3697 1937 3750 Τὸν

384 3795 613 3848 Ἡσαΐαν
640 3793 694 3846 δὲ
738 3792 901 3846 παῖδα
930 3792 1184 3856 ἐκάλεσε,
1218 3791 1360 3845 τοῦτ’
1402 3790 1549 3843 ἔστιν
1575 3788 1815 3858 οἱκέτην’
1848 3786 1937 3842 τὸν

366 3887 425 3939 δὲ
474 3884 696 3957 Ἰσραὴλ
744 3884 1106 3953 πρωτότοκον,
1139 3883 1215 3947 ὡς
1244 3882 1458 3955 πρῶτον
1500 3879 1803 3952 ἀρξάμενον
1843 3879 1938 3931 λα-

363 3975 587 4047 τρεύειν
622 3974 792 4043 αὐτῷ,
824 3974 919 4028 καὶ
948 3974 1078 4027 ὄντα
1115 3976 1181 4044 τῇ
1212 3974 1340 4044 περὶ
1371 3971 1530 4025 αὑτὸν
1559 3970 1815 4032 διαθέσει,
1847 3969 1939 4022 καὶ

366 4066 618 4138 φροντίδι
643 4066 734 4119 τοῦ
764 4065 928 4128 Θεοῦ,
982 4066 1039 4118 ὲν
1064 4064 1214 4130 τάξει
1255 4062 1393 4118 υίοῦ.
1426 4064 1588 4116 Ὥστε
1612 4062 1672 4115 τὸ
1700 4080 1718 4112 ι
1758 4060 1879 4130 μοῦ,
1914 4080 1932 4108 ι

365 4158 463 4210 ἐπὶ
504 4158 605 4227 μὲν
646 4155 739 4209 τοῦ
781 4155 1031 4226 ἀληθινοῦ
1059 4155 1175 4208 υἱοῦ
1207 4151 1424 4207 καὶτοῦ
1470 4152 1720 4224 ἀληθινοῦ
1772 4149 1941 4205 Ilvati-

371 4266 548 4320 ματος
587 4249 876 4317 λεγόμενον
919 4246 1069 4317 παρὰ
1100 4244 1195 4299 τοῦ
1223 4245 1381 4312 Θεοῦ,
1415 4244 1514 4315 τὴν
1546 4243 1815 4297 οὶκείωσιν
1842 4242 1939 4311 τῆς

368 4341 595 4409 φύσεως
625 4339 807 4410 δηλοί”
838 4339 931 4392 ἐπὶ
973 4338 1031 4392 δὲ
1057 4337 1166 4391 τῶν
1200 4338 1372 4392 ἄλλων
1412 4336 1649 4403 πάντων,
1690 4335 1750 4388 τὸ
1794 4333 1941 4404 αὺτῷ

368 4433 522 4486 κατά
552 4430 871 4485 δεσποτείαν
902 4430 935 4501 ἧ
976 4430 1159 4484 πίστιν
1200 4429 1475 4501 διαφέρειν
1494 4446 1508 4460 ·
1536 4430 1613 4492 ὡς
1656 4429 1750 4482 καὶ
1782 4427 1940 4497 ἡμεῖς

2031 594 2190 645 modo
2237 608 2345 662 quo
2392 593 2561 647 Filius
2598 594 2773 647 dixit:
2814 613 2832 645 ε
2863 595 2961 661 Qui
3011 596 3144 649 vidit
3170 596 3283 668 (72)
3317 612 3420 665 me,
3461 599 3595 653 vidit

2029 683 2280 751 Patrem;
2313 704 2330 735 ι
2383 695 2479 740 et:
2522 704 2539 736 ι
2574 684 2684 755 Ego
2720 685 2836 758 (75)
2892 703 2920 740 a
2971 687 3127 740 Patre
3177 688 3338 742 exivi.
3372 708 3392 741 ι
3447 688 3591 743 Nihil

2032 775 2176 828 enim
2203 774 2425 828 omnino
2484 776 2627 842 quod
2658 777 2947 830 secundum
2986 777 3295 841 essentiam,
3330 785 3422 829 aut
3451 785 3587 831 tem-

2028 879 2150 932 pus,
2190 874 2281 917 aut
2324 864 2546 932 gloriam
2589 867 2811 921 inferius
2862 867 2949 932 sit,
2993 876 3159 920 totam
3208 869 3465 923 exhibere
3531 884 3594 923 ac

2030 967 2417 1025 repraesentare
2459 958 2598 1013 valet
2628 959 2926 1021 veritatem,
2964 970 3054 1011 aut
3089 959 3136 1013 ei
3180 960 3454 1014 conformo
3480 959 3594 1031 (74)

2032 1061 2175 1109 esse,
2219 1057 2274 1101 et
2300 1049 2490 1118 zequali
2539 1065 2657 1103 cum
2691 1050 2801 1119 ipsa
2845 1051 3071 1105 veritate
3103 1052 3262 1120 120
3291 1053 3596 1122 cognitione

2031 1138 2282 1205 cognosci
2314 1157 2329 1193 :
2363 1154 2459 1194 nec
2490 1150 2743 1209 praeterea
2780 1151 2954 1211 potest
3002 1142 3121 1211 quis
3164 1158 3346 1197 veram
3384 1143 3596 1198 deitatis

2036 1230 2505 1299 participationem
2531 1234 2786 1302 consequi
2812 1249 2906 1302 per
2927 1242 3227 1288 creaturam
3262 1253 3274 1288 :
3301 1235 3459 1289 datur
3496 1251 3594 1289 au-

2036 1327 2140 1370 tem
2181 1317 2413 1387 Spiritus
2464 1330 2683 1375 sanctus
2709 1338 2812 1375 non
2857 1324 3113 1377 concisim
3163 1334 3215 1378 et
3260 1339 3353 1392 per
3395 1335 3593 1394 partes,

2034 1409 2125 1461 sed
2159 1410 2367 1463 ratione
2394 1411 2841 1479 participationis,
2876 1422 2930 1466 et
2964 1414 3084 1481 quia
3118 1415 3323 1483 concipi
3358 1431 3463 1469 non
3501 1432 3596 1486 po-

2036 1507 2161 1562 test,
2195 1514 2316 1553 eum
2366 1500 2436 1554 ita
2484 1502 2728 1556 habitare
2775 1503 2824 1557 in
2877 1505 3048 1572 nobis,
3100 1516 3158 1558 ιιι
3194 1506 3264 1560 sit
3308 1506 3532 1561 alterius
3565 1524 3593 1560 a

2035 1587 2196 1643 Patre
2224 1600 2453 1657 naturaa,
2482 1597 2893 1649 autsententim.
2926 1596 3064 1662 Quin
3097 1597 3225 1651 illud
3247 1598 3408 1661 etiam
3437 1600 3595 1653 simul

2041 1680 2277 1733 ostendit
2332 1684 2551 1738 tonitrui
2605 1685 2744 1739 [ilius
2772 1687 2906 1757 (75),
2938 1689 3027 1742 ubi
3075 1697 3157 1743 est
3205 1688 3438 1759 Spiritus
3480 1707 3596 1744 san-

2040 1776 2181 1833 ctus,
2216 1770 2287 1826 ibi
2329 1773 2517 1828 adesse
2545 1776 2708 1830 Deum
2742 1776 2977 1843 Patrem,
3018 1780 3168 1848 cuius
3192 1793 3273 1835 est
3312 1780 3547 1852 Spiritus
3580 1802 3592 1835 :

2043 1859 2093 1913 id
2120 1863 2262 1929 quod
2288 1862 2402 1933 ipse
2428 1880 2640 1933 quoque
2664 1865 2807 1921 Deus
2835 1880 2993 1924 antea
3020 1871 3314 1927 inclamans
3344 1874 3554 1929 dixerat
3580 1894 3590 1926 :

2043 1968 2063 2002 ι
2098 1951 2413 2009 lnhabitabo
2436 1956 2548 2027 (76)
2574 1958 2623 2010 in
2660 1958 2757 2021 eis,
2795 1970 2847 2013 et
2878 1960 3241 2027 inatubulabo,
3270 1972 3323 2016 et
3357 1980 3450 2019 ero
3478 1965 3595 2019 illu-

2037 2059 2156 2098 rum
2183 2044 2349 2113 Deus,
2383 2057 2437 2101 et
2470 2049 2568 2118 ipsi
2596 2061 2758 2104 erunt
2788 2051 3013 2120 populus
3037 2068 3206 2108 meus.
3237 2073 3258 2108 ι
3299 2054 3453 2111 Sicut
3479 2072 3599 2110 rur—

2035 2148 2127 2190 sus
2166 2151 2231 2190 ex
2282 2139 2531 2208 opposito
2570 2140 2831 2208 declarat,
2878 2143 2923 2196 si
2964 2144 3056 2213 qui
3103 2145 3359 2212 Spiritum
3403 2145 3498 2202 Dei
3544 2160 3597 2200 ut

2036 2238 2222 2280 verum
2262 2228 2425 2282 Deum
2475 2244 2579 2284 non
2618 2231 2837 2297 habent,
2874 2248 2967 2287 eos
3017 2248 3083 2288 ne
3131 2234 3344 2289 Patrem
3380 2238 3595 2306 quidem

2040 2316 2244 2372 habere
2276 2330 2332 2372 ut
2359 2319 2517 2374 talem
2545 2338 2559 2374 :
2595 2321 2662 2376 iis
2687 2336 2890 2387 autem,
2915 2325 3053 2393 apud
3077 2340 3212 2394 quos
3237 2328 3358 2381 talis
3386 2342 3488 2381 non
3519 2340 3601 2383 est

2035 2408 2218 2474 Pater,
2248 2412 2383 2466 nihil
2412 2428 2623 2478 verum,
2654 2416 2785 2470 nihil
2825 2425 3019 2482 tutum,
3054 2419 3190 2474 nihil
3224 2419 3437 2474 tirmum
3468 2437 3591 2477 esse

2036 2512 2233 2572 potest.
2269 2505 2421 2560 Sicut
2448 2507 2565 2563 vice
2594 2523 2746 2562 versa
2771 2508 3079 2578 quicunque
3107 2512 3173 2567 de
3198 2512 3313 2580 ipso
3348 2513 3596 2583 loquens.

2036 2596 2283 2664 quamvis
2322 2597 2609 2654 haereticus
2649 2600 2834 2665 fuerit,
2868 2602 2912 2656 si
2962 2602 3322 2673 interrogetur
3364 2607 3429 2661 de
3466 2621 3573 2675 quo

2035 2700 2160 2739 nam
2199 2686 2388 2756 spiritu
2433 2688 2682 2755 disserat,
2738 2707 2757 2742 ι
2785 2691 2850 2745 de
2886 2701 3096 2757 sancto,
3129 2710 3149 2744 ι
3188 2693 3423 2764 inquiet;
3460 2710 3523 2750 ac
3552 2698 3595 2749 si

2035 2788 2228 2828 rursus
2296 2784 2553 2844 urgeatur
2597 2776 2968 2847 interrogatio,
3021 2796 3042 2830 ι
3075 2780 3141 2835 de
3185 2796 3289 2851 quo
3328 2793 3535 2852 sancto,
3577 2804 3596 2835 ι

2034 2879 2256 2920 necesse
2286 2874 2372 2920 est
2417 2868 2565 2922 utad
2614 2869 2985 2938 explicandam
3015 2871 3315 2929 clarissime
3363 2886 3596 2931 mentem

2036 2973 2187 3013 suam
2226 2959 2371 3014 dicat
2402 2978 2417 3014 :
2455 2978 2475 3012 ι
2501 2961 2567 3015 de
2605 2960 2805 3030 Spiritu
2845 2962 2970 3032 Dei;
3007 2982 3028 3016 ι
3065 2980 3184 3020 eum
3236 2966 3325 3021 alii
3372 2967 3595 3037 spiritu.

2035 3064 2143 3103 non
2181 3050 2290 3105 sint
2330 3051 2761 3107 substantialiter
2794 3054 2963 3124 ipsius
2998 3054 3114 3111 Dei.
3140 3056 3385 3112 Haeretici
3420 3068 3597 3114 autem

2036 3157 2155 3197 eum
2185 3143 2556 3214 sibimetipsis,
2602 3154 2711 3198 tum
2759 3146 3093 3203 auditoribus
3135 3162 3326 3219 graves
3389 3165 3453 3204 ac
3484 3166 3600 3204 mo-

2034 3235 2178 3299 lesti,
2225 3246 2464 3300 sanctos,
2520 3237 2610 3305 qui
2667 3238 2825 3294 nobis
2884 3247 2938 3293 et
2978 3240 3109 3309 ipsis
3155 3240 3406 3297 meliores
3452 3254 3598 3306 sunt,

2036 3326 2315 3398 multoque
2365 3328 2796 3395 excellentiores,
2830 3331 3031 3400 quique
3060 3331 3315 3388 divinitus
3354 3333 3598 3404 inspirati

2036 3417 2102 3472 de
2130 3416 2333 3486 Spiritu
2369 3428 2559 3475 sancto
2599 3422 2956 3489 scripserunt,
2987 3425 3180 3493 quibus
3210 3428 3432 3493 proinde
3466 3445 3597 3483 con-

2037 3512 2204 3565 traria
2234 3520 2473 3566 statuere
2522 3527 2628 3566 non
2663 3513 2810 3581 licet,
2854 3514 3102 3570 violentis
3130 3519 3415 3573 conatibus
3449 3520 3601 3573 ilan-

2037 3600 2187 3667 dunt,
2235 3610 2287 3657 et
2318 3616 2502 3657 eorum
2551 3602 2711 3656 verba
2760 3602 3108 3659 calumniosis
3142 3604 3600 3675 interpretationi-

2036 3693 2138 3749 bus
2176 3702 2504 3763 pervertunt.
2553 3692 2646 3749 Sic
2693 3695 2833 3750 enim
2890 3696 2956 3749 ad
2999 3699 3223 3751 verbum
3264 3698 3378 3769 (77)
3405 3699 3597 3756 aiunt:

2036 3783 2168 3838 Cum
2209 3785 2286 3837 ait
2328 3784 2493 3852 Deus,
2531 3804 2548 3835 ι
2579 3784 2721 3839 Puer
2742 3785 2854 3856 (78)
2884 3800 3032 3842 meus
3062 3789 3255 3855 Isaias;
3290 3808 3307 3841 ι
3349 3800 3423 3855 et,
3462 3809 3481 3841 ι
3514 3793 3602 3845 Ιῖὶο

2037 3876 2140 3932 lius
2173 3878 2286 3947 (79)
2333 3877 2722 3947 primogenitus
2760 3859 2910 3933 mcus
2942 3877 3126 3942 Israel,
3156 3898 3174 3931 ι
3218 3882 3457 3950 nunquid
3498 3898 3599 3936 vox

2038 3965 2150 4032 illa,
2185 3985 2203 4017 ι
2236 3981 2406 4032 meus,
2436 3986 2455 4019 ι
2491 3969 2747 4035 ostendit,
2785 3979 3031 4023 naturam
3072 3972 3357 4025 humanam
3400 3971 3599 4029 habere

2038 4057 2237 4127 aliquid
2273 4073 2560 4113 commune
2597 4074 2720 4114 eum
2757 4058 2851 4114 Dei
2885 4060 3115 4115 natura?
3143 4062 3295 4116 Sicut
3336 4078 3483 4132 ergo,
3518 4066 3599 4119 in-

2038 4148 2253 4217 quiunt,
2301 4150 2415 4204 haec
2443 4148 2577 4203 dixit
2608 4150 2769 4213 Deus,
2802 4160 3071 4218 quatenus
3105 4151 3209 4205 illis
3236 4167 3397 4207 causa
3428 4164 3511 4209 est
3546 4166 3603 4207 ut

2038 4239 2339 4303 exsistant;
2367 4239 2438 4291 ita
2460 4248 2512 4292 et
2534 4253 2719 4294 eorum
2744 4240 3146 4310 animationem,
3163 4240 3419 4313 Spiritum
3444 4260 3600 4299 suum

2041 4332 2273 4385 vocavit.
2319 4330 2388 4383 At
2445 4331 2490 4385 si
2534 4345 2695 4401 quam
2738 4332 2811 4387 illi
2857 4334 3099 4389 veritatis
3142 4344 3305 4405 atque
3340 4350 3602 4394 accurata:

2043 4420 2502 4491 interpretationis
2554 4421 2817 4477 rationem
2862 4423 3143 4489 haberent,
3190 4428 3242 4480 in
3296 4428 3599 4497 hujusmodi

369 4526 655 4595 εἰώθαμεν
686 4524 883 4592 λέγειν,
916 4524 1008 4577 ἐπὶ
1040 4525 1136 4595 μὲν
1161 4524 1269 4577 τῶν
1294 4522 1595 4594 ὀμοουσίων
1625 4523 1774 4591 ἡμῖν,
1814 4538 1831 4568 ι
1883 4520 1936 4569 'U

2042 4527 2256 4567 errores
2290 4528 2395 4567 non
2429 4512 2747 4569 inciderent.
2783 4512 2915 4568 Nam
2950 4516 3179 4583 primum
3209 4534 3274 4573 eo
3310 4520 3425 4587 ipso
3460 4529 3601 4591 quod

371 4619 493 4680 υἱός
525 4634 650 4687 μου,
685 4616 746 4668 τὸ
780 4615 998 4684 πνεῦμά
1028 4632 1158 4686 μου’
1196 4634 1214 4667 ι
1244 4615 1334 4668 ἐπὶ
1363 4614 1420 4665 δὲ
1456 4611 1565 4665 τῶν
1593 4610 1610 4681 [
1637 4610 1705 4664 54
1739 4608 1814 4679 b]
1844 4609 1940 4661 ἀλ-

370 4712 510 4775 λων,
550 4729 569 4760 ι
616 4709 675 4761 '0
718 4708 886 4779 ἀγρός
919 4725 1041 4778 μου,
1073 4711 1101 4761 ὁ
1125 4708 1287 4769 ἵππος
1320 4722 1443 4776 μου,
1486 4723 1503 4755 ›
1543 4702 1679 4756 ἀλλὰ
1710 4702 1824 4764 καὶ,
1856 4719 1874 4751 ι
1914 4702 1943 4753 ό

369 4799 515 4861 Θεός
564 4814 685 4867 μου.
738 4816 755 4847 ι
812 4798 910 4850 Ὃν
939 4797 1137 4867 τρόπον
1166 4796 1274 4866 γὰρ
1306 4796 1396 4849 τὸν
1426 4795 1523 4864 τῆς
1556 4792 1706 4854 θείας
1732 4790 1944 4861 φύσεως

372 4889 743 4943 ἐνυπόστατον
780 4888 972 4952 Λόγον,
1006 4889 1065 4941 οὐ
1094 4888 1155 4940 τὸ
1185 4886 1371 4950 ἁπλῶς
1401 4887 1497 4939 καὶ
1529 4881 1944 4952 ἀπολελυμένως

445 5106 562 5174 (72)
600 5106 702 5171 Qui
725 5106 870 5160 vidit.
901 5104 1053 5160 Joan.
1087 5120 1196 5171 XIV,
1218 5105 1271 5160 9.

446 5178 565 5246 (75)
594 5176 731 5246 Ego.
757 5175 915 5231 Joan.
950 5191 1072 5246 xw,
1096 5176 1186 5241 27,
1221 5176 1311 5231 28.
1370 5182 1379 5190 ‘

450 5180 544 5244 (75
594 5180 731 5246 Ego.
757 5180 915 5231 Joan.
950 5191 1061 5239 xw,
1096 5180 1186 5241 27,
1221 5180 1311 5231 28.
1370 5182 1379 5190 ‘

450 5180 565 5315 (74;
605 5248 900 5315 Conforme.
938 5246 995 5299 In
1035 5245 1241 5309 Graeco,
1272 5243 1532 5315 ὁμοειδές.
1587 5243 1751 5312 Cuius
1800 5261 1946 5301 vocns

373 5318 583 5370 nullum
619 5318 669 5369 in
702 5316 1014 5384 vulgaribus
1041 5315 1227 5368 lexicis
1260 5315 1483 5368 aﬂ‘ertur
1510 5318 1831 5384 CXPlllplllm.
1869 5317 1944 5369 Ea

373 5396 560 5440 tamen
597 5402 728 5440 usus
770 5394 873 5448 est,
922 5396 979 5438 ut
1017 5385 1148 5438 alios
1184 5394 1412 5452 taceam,
1446 5384 1517 5439 M.
1548 5386 1801 5442 Aurelius
1832 5387 1946 5440 An-

376 5456 598 5511 toninus
631 5458 725 5510 lib.
750 5471 830 5519 v1,
860 5471 1010 5509 num.
1040 5455 1128 5512 '57.
1158 5464 1213 5509 et
1240 5454 1386 5507 alibi.

450 5526 564 5596 (75)
605 5526 860 5596 Τοηὶιηιὶ-
896 5525 1057 5596 ﬁlius.
1108 5525 1163 5596 I_d
1194 5535 1304 5596 est,
1348 5524 1580 5580 Joannes
1616 5526 1747 5596 ipse.
1778 5526 1945 5581 Nemo

374 5593 519 5651 enim
545 5593 792 5666 ignorat,
830 5593 1087 5666 Iacobum
1116 5593 1356 5666 Zebedaai
1395 5597 1580 5657 lilium,
1609 5593 1661 5649 et
1684 5595 1945 5651 Joannem

375 5668 497 5735 ejus
536 5663 756 5720 fratrem
793 5681 823 5718 a
858 5664 1076 5719 Christo
1126 5663 1349 5717 Domino
1377 5667 1513 5734 apud
1546 5666 1709 5721 Marc.
1742 5683 1822 5729 tu,
1856 5668 1942 5721 17.

379 5752 401 5787 ι
426 5736 894 5805 Βοαηεγεεεριιοο
918 5744 1018 5798 est,
1052 5736 1298 5806 «tonitrui
1327 5736 1517 5799 ﬁlios,»
1545 5740 1947 5806 cognominatos

378 5818 519 5863 esse.
553 5804 794 5864 De’voce
816 5814 995 5860 autem
1021 5806 1133 5874 ipsa
1178 5804 1558 5876 «BoanergeSi
1601 5804 1734 5875 lege,
1769 5809 1811 5864 si
1835 5809 1947 5877 pla-

2040 4604 2258 4667 lsaiatu,
2286 4612 2341 4657 et
2373 4601 2539 4658 Israel
2571 4605 2891 4668 nominavit,
2934 4608 3000 4659 de
3031 4606 3335 4663 hominibus
3368 4626 3425 4664 se
3456 4611 3599 4681 loqui

2040 4695 2297 4747 ostendit.
2333 4692 2402 4747 Ut
2436 4709 2562 4748 vero
2585 4709 2678 4748 eos
2724 4710 2752 4746 a
2786 4695 3005 4763 reliquis
3040 4709 3366 4763 secerneret,
3398 4702 3605 4756 addidit

2044 4784 2196 4853 121
2224 4785 2289 4839 iis
2318 4799 2609 4853 pronomen
2640 4785 2786 4849 illud,
2818 4800 3019 4849 «meus,
3060 4804 3079 4837 ι
3114 4788 3269 4856 quasi
3291 4790 3360 4843 ob
3390 4791 3599 4846 illorum

2043 4885 2190 4947 gesta
2217 4877 2333 4946 ejus
2362 4876 2648 4946 propinqui
2680 4876 2876 4931 forent.
2902 4878 2978 4931 Ac
3013 4875 3205 4932 Isaiam
3231 4880 3441 4948 quidem
3474 4901 3604 4949 pue-

2048 5059 2152 5112 cet,
2181 5049 2386 5121 Possini
2419 5049 2751 5118 Spicilegium
2778 5053 3145 5121 evangelicum.

2115 5120 2226 5190 (76)
2250 5119 2589 5190 ilultﬁabitabo.
2619 5122 2658 5173 ll
2707 5121 2829 5175 Cor.
2876 5119 2966 5188 vi,
3028 5125 3129 5185 16;
3194 5126 3365 5183 Levit.
3432 5145 3598 5190 xxvi.

2043 5189 2154 5255 ll,
2205 5189 2292 5242 l2.
2347 5189 2400 5243 In
2449 5193 2678 5243 secunda
2717 5192 2929 5257 quidem
2976 5194 3040 5245 ad
3094 5195 3399 5252 Corinthios
3434 5189 3600 5253 Bibli.i

2044 5274 2141 5329 pro
2170 5260 2521 5337 _pou__h_abet_tt
2560 5277 2694 5337 μοι.
2751 5261 2826 5337 In.
2860 5261 3094 5337 Levitico
3136 5277 3313 5321 autem
3347 5269 3600 5337 Complu-

2044 5328 2211 5409 tensis
2243 5328 2406 5381 editio
2433 5347 2443 5381 :
2472 5329 2581 5409 Ιςαὶ
2607 5330 2877 5409 θησωιτην
2909 5336 3113 5409 σκηνμῄν
3144 5352 3244 5404 μου
3268 5337 3328 5409 έν
3348 5328 3597 5409 opai...“

2044 5399 2155 5477 Καὶ
2182 5400 2616 5477 εμπερηιπατησω
2659 5399 2897 5477 ἐν-ὑμῖν,
2919 5399 3011 5455 καί
3039 5399 3229 5475 ἔσομαι
3257 5399 3409 5477 ὑμῶν
3447 5411 3597 5472 Θεὸς,

2043 5468 2139 5519 καὶ
2173 5468 2538 5536 ὑμεῖςέσεσθέ
2580 5486 2667 5538 μοι
2699 5468 2950 5533 εἰς-λαόν.

2116 5538 2227 5613 (7-7)
2261 5538 2341 5613 Ad
2364 5540 2841 5613 vei'bum.__Videtnr
2860 5545 2943 5596 hic
2966 5542 3160 5598 allerrc
3185 5546 3298 5613 ipsa
3354 5549 3600 5606 Eunomii

2045 5617 2137 5661 aut
2164 5607 2520 5661 Macedoniam
2552 5608 2776 5675 alicujus
2800 5614 3035 5668 hzeretici
3070 5607 3249 5671 verba.

2117 5676 2226 5745 (78,)
2256 5677 2412 5730 Puer.
2456 5678 2557 5730 lsa.
2588 5693 2678 5742 xx,
2721 5680 2774 5734 5.

2119 5748 2227 5817 (79)
2262 5745 2452 5801 Filius.
2486 5748 2654 5803 Exod.
2684 5765 2758 5817 iv,
2786 5751 2873 5807 22.
