4104 6408
570 375 674 429 865

1797 368 2027 423 DIDYMI
2065 367 2534 423 ALEXANDRlNl

3692 377 3727 437 ,ι
3737 377 3803 430 δι

572 506 690 542 rum
724 486 958 550 vocavit,
982 486 1030 540 id
1048 496 1152 548 est,
1176 499 1390 539 servum
1413 501 1427 550 ;
1447 489 1695 538 ISt'ac'Icm
1721 498 1849 538 vero
1873 499 2142 552 primoge-

2249 482 2494 554 εἰρῆσθαι
2531 483 2689 542 Υἱδν,
2722 485 2816 536 καὶ
2852 485 3146 555 Μονογενη,
3180 487 3271 538 καὶ
3304 487 3473 554 Λόγον
3511 487 3602 540 τοῦ
3635 486 3802 553 Θεοῦ,

571 582 761 642 nilum,
789 578 985 648 quippe
1000 578 1090 648 qui
1111 576 1281 648 ipsum
1305 578 1530 631 adorare
1556 576 1785 646 primum
1812 575 1975 644 C(Bpil
2005 575 2136 644 (80).

571 681 623 725 et
677 679 916 739 spectata
977 684 1096 723 cum
1157 684 1252 721 sua
1309 669 1360 721 in
1425 666 1593 723 Deum
1654 665 1974 731 aﬂ‘ectione,
2029 675 2139 719 tum

571 767 662 822 Dei
723 767 889 833 ipsius
939 781 1064 820 cura
1119 775 1171 819 et
1229 765 1623 826 sollicitudine.
1665 763 1784 818 loco
1836 763 1929 816 lilii
1999 772 2137 816 erat.

570 859 756 925 Itaque
796 871 916 920 vos,
953 873 971 905 ι
1000 871 1179 919 mens,
1209 873 1226 904 ›
1261 856 1326 910 de
1349 871 1478 910 vero
1509 854 1725 924 quidem
1772 853 1908 908 Filio
1933 895 1947 919 ,
1983 865 2036 906 et
2077 856 2144 908 de

573 964 702 1002 vero
747 947 951 1018 Spiritu
1005 949 1145 1001 dicta
1195 963 1223 1000 a
1257 947 1388 1012 Deo,
1448 947 1828 1017 proprietatem
1865 947 1976 1016 (8i)
2013 960 2142 999 con-

570 1041 1008 1108 junctionemque
1063 1039 1330 1108 signiﬁcat
1384 1049 1622 1104 naturae;
1677 1040 1743 1092 de
1794 1039 1914 1094 aliis
1962 1048 2140 1093 autem

575 1134 823 1186 omnibus
860 1147 978 1186 cum
1007 1131 1222 1196 dicitur,
1251 1131 1491 1196 denotat,
1523 1146 1616 1184 eos
1645 1138 1850 1184 attenta
1901 1129 2144 1183 domina-

576 1225 737 1283 tionis
788 1233 879 1278 aut
931 1223 1052 1279 ﬁdei
1109 1224 1318 1277 ratione
1352 1223 1420 1276 ab
1453 1224 1568 1292 ipso
1619 1221 1852 1278 differre.
1915 1225 1994 1276 lta
2045 1235 2144 1275 nos

580 1331 797 1388 quoque
829 1316 1007 1370 dicere
1047 1316 1424 1369 consuevimus
1469 1330 1574 1369 non
1603 1314 1763 1368 modo
1792 1313 1858 1367 de
1910 1313 1995 1380 iis,
2026 1327 2143 1381 qua:

573 1408 729 1462 nobis
757 1415 883 1461 sunt
915 1404 1422 1469 consnbslantialia,
1463 1423 1480 1456 ι
1526 1405 1666 1458 (ilius
1696 1420 1847 1459 meus
1869 1445 1884 1470 ,
1922 1404 2143 1472 spiritus

571 1514 762 1564 meus;
804 1517 821 1548 ι
850 1497 941 1552 sed
975 1496 1114 1550 etde
1143 1497 1282 1562 aliis,
1313 1515 1330 1546 ι
1375 1511 1503 1564 ager
1527 1511 1696 1559 meus,
1726 1510 1897 1563 equus
1921 1509 2090 1555 mens.
2119 1514 2136 1545 ›

573 1586 681 1637 ἱιηο
716 1584 898 1648 etiam,
934 1601 952 1634 ι
979 1585 1116 1636 Deus
1139 1599 1306 1636 meus.
1349 1600 1366 1632 ι
1413 1583 1543 1635 Nam
1573 1583 2026 1651 quemadmodum
2065 1584 2144 1635 di-

573 1676 710 1728 vina:
745 1683 952 1728 natura:
987 1673 1287 1727 subsistens
1337 1671 1565 1725 Verbum
1598 1686 1660 1725 cx
1715 1673 1990 1742 hypostasi
2049 1671 2141 1726 Dei

576 1766 812 1835 genitum
837 1778 958 1818 esse
989 1762 1291 1818 ostenditur
1323 1777 1426 1815 non
1461 1761 1776 1829 simpliciter
1803 1772 1855 1816 et
1899 1762 2142 1815 absolute

578 1873 644 1911 ex
675 1871 739 1911 eo
763 1855 903 1925 quod
936 1856 1242 1908 nominetur
1258 1854 1450 1917 Filius,
1477 1863 1530 1906 et
1560 1852 1893 1921 Unigenitns,
1932 1862 1984 1907 et
2010 1852 2142 1906 Ver-

572 1952 698 2003 bum
747 1947 864 2012 Dei,
918 1956 973 2001 et
998 1946 1292 2012 Christus,
1343 1944 1436 1999 sed
1479 1960 1545 1998 ex
1577 1959 1640 1998 eo
1691 1945 1832 2013 quod
1879 1945 2141 1997 adnexam

573 2042 853 2096 videamus
896 2039 962 2092 iis
998 2037 1443 2107 appellationibus
1507 2050 1689 2091 vocem
1718 2075 1732 2098 ,
1775 2054 1793 2085 ι
1830 2049 1999 2100 meus,
2045 2053 2065 2088 ι
2093 2046 2146 2090 et

583 2149 602 2182 ι
639 2141 782 2196 tuus,
830 2149 848 2182 ι
882 2130 963 2200 (ιιι
991 2144 1111 2184 cum
1140 2129 1278 2184 Deus
1317 2129 1507 2198 inquit,
1537 2147 1554 2180 ι
1585 2127 1684 2183 llic
1708 2138 1788 2182 cst
1827 2127 1937 2200 (8‘2)
1979 2127 2145 2181 Filius

575 2236 730 2275 meus
753 2220 1006 2285 dilectus;
1047 2237 1066 2272 ι
1109 2229 1162 2274 ct
1191 2234 1374 2274 rursus
1401 2259 1415 2281 ,
1454 2239 1472 2269 ι
1509 2218 1698 2272 Sermo
1733 2217 1842 2285 (83)
1864 2233 2015 2272 incus
2047 2216 2144 2269 bo-

577 2327 714 2376 nus;
754 2330 772 2362 ι
800 2322 850 2365 et
882 2353 897 2377 ,
938 2330 956 2360 ι
989 2311 1179 2366 Paravi
1213 2311 1324 2383 (84)
1355 2313 1627 2365 lucernam
1667 2310 1886 2365 Christo
1921 2325 2077 2364 meo:
2119 2328 2136 2360 ι

579 2418 809 2472 cumque
843 2417 941 2457 nos
974 2402 1289 2469 clamamus,
1348 2421 1366 2454 ι
1428 2402 1596 2457 Filius
1639 2409 1781 2465 tuus,
1828 2399 2145 2471 Unigenitus

580 2509 724 2559 tuus,
764 2493 1010 2548 Christus
1047 2493 1274 2558 tuusu)
1307 2507 1482 2562 neque
1517 2508 1644 2547 vero
1688 2508 1754 2546 ex
1787 2506 1852 2545 eo
1871 2492 2011 2561 quod
2049 2492 2141 2544 ho-

581 2601 861 2656 mouymc,
893 2587 943 2638 id
975 2594 1076 2651 est,
1102 2585 1400 2652 aequivoce,
1442 2593 1533 2638 aut
1562 2599 1880 2654 synonyme,
1912 2584 2014 2638 hoc
2039 2593 2140 2648 est,

581 2681 806 2734 univoce
829 2680 892 2733 de
913 2677 1068 2732 nobis
1093 2678 1352 2745 scriptum
1378 2677 1445 2730 sit
1464 2675 1599 2745 (85),
1625 2694 1643 2725 ι
1679 2675 1795 2727 Filii
1831 2673 1942 2744 (86)
1981 2673 2147 2726 homi-

579 2787 728 2836 num,
760 2783 1037 2838 usquequo
1066 2769 1213 2835 gravi
1246 2765 1446 2820 corde?
1479 2783 1497 2816 ι
1533 2765 1721 2819 isthaec
1773 2761 2140 2831 homonymia,

581 2877 676 2917 seu
709 2862 984 2917 nominum
1032 2859 1327 2914 similitudo
1353 2856 1546 2910 Filium
1579 2855 1673 2909 Dei
1701 2852 1936 2908 excludit
1962 2868 1990 2905 a
2033 2851 2145 2907 dei-

586 2964 733 3007 tate:
788 2953 864 3006 ita
902 2950 1164 3021 Spiritum
1217 2959 1463 3004 sanctum
1497 2962 1563 3002 ex
1607 2956 1828 3016 paterna
1875 2945 2142 3015 hypostasi

581 3044 913 3113 processisse
950 3041 1256 3097 ostenditur
1301 3055 1403 3094 non
1459 3054 1522 3092 ex
1554 3053 1618 3093 eo
1647 3037 1790 3108 quod
1831 3036 2146 3130 simpliciter

2243 574 2336 627 καὶ
2385 574 2640 644 Χριστὸν,
2689 574 2925 628 δείκνυσι
2970 577 3295 648 γεγενῆσθαι
3339 579 3402 630 ὲκ
3431 579 3528 648 τῆς
3569 579 3805 633 ὑποστά-

2243 681 2380 727 σεως
2406 665 2500 717 τοῦ
2541 664 2696 729 Θεοῦ,
2727 665 2862 719 ἀλλά
2887 667 2950 720 τὸ
2995 667 3140 738 ἔχειν
3173 669 3522 739 συνημμένην
3553 668 3650 739 τὴν
3684 668 3808 722 συλ-

2242 754 2409 826 λαϐὴν
2440 755 2532 808 τοῦ
2565 775 2582 805 ι
2624 774 2724 827 μου
2758 775 2776 808 ι
2813 758 2908 810 καὶ
2938 776 2957 809 ι
2997 776 3089 812 σου
3121 777 3140 812 ι
3179 762 3196 830 (
3215 760 3290 823 ὡς
3314 761 3475 831 ἡνίκα
3497 763 3524 813 6
3555 761 3652 830 μὲν
3678 760 3808 824 Θεὸς

2243 847 2372 918 λέγῃ
2397 866 2411 880 ’
2452 867 2470 899 ι
2510 844 2678 911 Οὗτός
2713 849 2860 902 ἐστιν
2886 852 2914 902 6
2947 849 3073 914 Υἱός
3107 868 3209 920 μου
3245 852 3274 902 6
3303 853 3612 923 ἀγαπητός·
3653 871 3671 904 ι
3716 852 3810 904 κα)⁸

2245 941 2404 995 πάλιν
2426 958 2439 970 ·
2479 959 2496 991 t
2537 941 2595 994 '0
2624 941 2780 1010 λόγος
2813 958 2911 1013 μου
2935 945 2963 996 6
2984 943 3216 1012 ἀγαθός’
3253 961 3270 995 ι
3306 945 3418 1011 καὶ,
3445 961 3464 994 ‹
3510 945 3810 1014 ’Πτοίμασα

2243 1030 2433 1099 λύχνον
2464 1030 2544 1101 τῷ
2577 1031 2796 1102 Χριστῷ
2842 1049 2942 1102 μου
2964 1047 2977 1061 ⁶
3023 1051 3043 1082 ι
3084 1034 3243 1102 ἡμεῖς
3274 1031 3330 1085 δὲ
3364 1032 3806 1103 ἁνευφημοῦμεν,

2257 1123 2312 1175 '0
2365 1123 2490 1185 Υἱός
2539 1140 2668 1176 σου·
2720 1127 2748 1177 ὁ
2794 1126 3103 1195 Μονογενής
3149 1141 3270 1178 σουο
3305 1127 3334 1177 6
3379 1127 3608 1197 Χριστός
3648 1127 3806 1198 σου)-

2244 1215 2366 1268 ούδέ
2401 1233 2461 1283 γε
2500 1215 2604 1286 μὴν
2640 1217 2701 1268 16
2732 1215 3036 1285 ὁμωνύμως
3067 1218 3098 1285 ἦ
3138 1217 3463 1287 συνωνύμως
3498 1219 3624 1288 περὶ
3653 1219 3810 1289 ἡμῶν

2244 1304 2592 1374 γεγράφθαι,
2639 1325 2657 1356 ι
2699 1307 2817 1358 Υἱοὶ
2856 1307 3158 1378 ἀνθρώπων
3180 1346 3194 1370 ,
3229 1308 3333 1370 ἕως
3365 1308 3492 1360 πότε
3536 1308 3811 1382 βαρυκάρ-

2244 1399 2382 1462 διοι;
2423 1419 2440 1449 ›
2477 1398 2686 1463 ἐξέλκει
2718 1400 2807 1452 τὸν
2841 1400 2966 1452 Υἱὸν
3016 1399 3110 1452 τοῦ
3170 1400 3302 1452 Θεοῦ
3336 1403 3366 1470 ἡ
3395 1402 3679 1471 ὁμωνυμία
3712 1403 3808 1473 τῆς

2245 1487 2495 1556 θεότητος
2515 1507 2528 1520 ο
2558 1488 2699 1540 οῦτω
2732 1489 2792 1540 16
2817 1489 2969 1556 ἆγιον
3003 1489 3242 1558 Πνεῦμα,
3276 1490 3335 1541 ού
3366 1489 3425 1540 16
3454 1488 3640 1551 ἁπλῶς
3668 1491 3812 1561 εἰρῆ-

2247 1576 2370 1629 σθαι
2407 1577 2658 1648 Πνεῦμα,
2694 1578 2827 1630 ἀλλὰ
2864 1578 2924 1630 16
2960 1578 3226 1647 συνῆφθαι
3259 1577 3336 1646 τῷ
3371 1578 3627 1648 ὀνόματι,
3663 1578 3696 1649 ἢ
3735 1578 3810 1641 ὡς

2247 1670 2354 1722 ἀπὸ
2382 1668 2473 1722 τοῦ
2505 1669 2637 1722 Θεοῦ
2687 1671 2749 1722 16
2781 1690 2798 1719 ‹
2833 1687 2954 1738 μου,
2995 1687 3012 1720 ι
3048 1670 3080 1740 ἢ
3115 1669 3189 1731 ὡς
3223 1669 3330 1722 ἀπὸ
3358 1669 3455 1738 τῆς
3484 1669 3712 1733 κτίσεως
3749 1670 3811 1721 16

2252 1779 2268 1810 ι
2309 1778 2400 1813 σου
2425 1801 2438 1824 ,
2495 1781 2512 1812 ι
2550 1762 2582 1832 ἢ
2632 1762 2725 1814 καὶ
2769 1761 2866 1830 τὴν
2923 1781 2940 1812 ι
2976 1761 3148 1829 ἅγιος,
3183 1779 3200 1810 ι
3233 1760 3264 1829 ἢ
3318 1779 3336 1809 ι
3379 1760 3671 1830 ἄφθαρτος,
3708 1778 3726 1810 ι
3773 1758 3806 1826 ἦ

2253 1873 2268 1904 ι
2305 1854 2520 1916 αἰώνιος
2573 1873 2590 1904 ι
2621 1853 2763 1918 λέξιν
2795 1853 2944 1922 δηλοῖ
2973 1853 3409 1924 ὲκπεπορεῦσθαι
3440 1852 3569 1906 αὐτὸ
3600 1854 3663 1904 ἐκ
3712 1851 3808 1920 τῆς

2246 1947 2518 2019 πατρικῆς
2569 1947 2950 2010 ὑποστάσεως’
3003 1945 3126 1998 οὐδέ
3157 1962 3219 2013 γε
3257 1945 3360 2016 μὴν
3402 1945 3463 1998 16
3506 1946 3808 2014 ὁμωνύμως

2247 2039 2500 2108 εἰρῆσθαι
2529 2037 2600 2091 τὰ
2631 2037 2980 2108 λειτουργικὰ
3015 2037 3107 2089 καὶ
3138 2035 3206 2089 τὰ
3249 2036 3402 2107 ἡμῶν
3437 2034 3741 2105 πνεύματα,
3774 2031 3807 2103 ἢ

2247 2131 2398 2197 ἅγια,
2429 2131 2462 2202 ἢ
2499 2130 2713 2195 αἰώνια,
2748 2131 2956 2195 ὲξέλκει
2996 2131 3128 2182 αὐτὸ
3153 2129 3246 2182 τοῦ
3293 2128 3433 2181 κατὰ
3472 2127 3633 2196 φύσιν
3675 2122 3808 2178 εἶναι

2247 2221 2496 2292 ἀληθινὸν
2546 2221 2770 2292 Πνεῦμα
2804 2222 2896 2274 τοῦ
2936 2220 3091 2274 Θεοῦ.
3129 2221 3238 2274 Καὶ
3273 2222 3330 2273 ὲν
3366 2222 3478 2283 τοῖς
3525 2219 3807 2288 αἰνίγμασι

2245 2313 2354 2381 γὰρ
2391 2314 2573 2376 αὐτοῖς
2621 2317 2734 2377 τοίς
2767 2313 2896 2385 περὶ
2930 2312 3092 2366 αὐτοῦ
3129 2311 3439 2384 εὑρίσκεταί
3478 2328 3560 2373 τις
3595 2309 3808 2370 πάντως

2245 2405 2479 2475 δήλωσις
2501 2405 2630 2476 περὶ
2653 2405 2752 2475 τῆς
2779 2404 2928 2468 θείας
2953 2404 3117 2458 αὑτοῦ
3144 2402 3354 2471 φύσεως
3388 2403 3483 2455 καὶ
3508 2400 3803 2470 δυνάμεως.

2249 2497 2329 2549 Τὰ
2362 2496 2420 2549 δὲ
2477 2497 2751 2566 κτίσματα
2785 2497 2919 2567 πρὸς
2967 2498 3068 2567 τὴν
3100 2496 3305 2550 ἑαυτῶν
3338 2495 3500 2565 φύσιν
3550 2495 3709 2548 ἔλαϐε
3750 2495 3808 2548 16

2246 2587 2400 2655 ἀγιον
2428 2589 2523 2641 καὶ
2548 2587 2784 2651 αἰώνιον,
2812 2589 2873 2641 οὐ
2921 2588 3176 2651 καθάπαξ
3200 2589 3370 2643 ταῦτα
3398 2589 3536 2643 κατὰ
3566 2588 3726 2657 φύσιν
3752 2587 3806 2654 ἐξ

2245 2679 2452 2731 ἑαυτῶν
2491 2677 2702 2748 ἔχοντα.
2765 2679 2916 2731 Ἐπεὶ
2957 2680 3028 2751 μή
3071 2697 3134 2748 γε
3168 2679 3323 2734 αὐτοὶ
3368 2674 3513 2734 οὗτοι
3546 2681 3808 2751 αἱρετικοὶ

2245 2769 2588 2839 εὑρίσκονται
2634 2769 3065 2841 κατηγοροῦντες
3094 2770 3318 2834 ἑαυτῶν,
3362 2772 3443 2824 ὅτι
3485 2770 3546 2823 16
3577 2791 3595 2822 ι
3647 2787 3748 2840 μου
3785 2789 3802 2820 ι

2247 2861 2338 2913 ἐπὶ
2384 2861 2477 2913 τοῦ
2536 2862 2666 2914 Υἱοῦ
2716 2863 2809 2915 τοῦ
2854 2861 3011 2926 Θεοῦ,
3062 2864 3157 2916 καὶ
3203 2862 3263 2915 16
3295 2882 3312 2913 ‹
3351 2863 3502 2930 ἅγιον
3539 2882 3558 2915 ι
3611 2863 3707 2916 καὶ
3754 2861 3810 2915 16

2252 2972 2270 3004 ι
2305 2953 2520 3007 αἰώνιον
2551 2973 2568 3004 ι
2610 2955 2795 3018 ἁπλῶς
2821 2955 3062 3025 δέχονται
3102 2955 3176 3018 ὡς
3211 2954 3469 3023 ἀγγέλλον
3507 2953 3807 3025 ταυτότητα

2245 3045 2345 3114 τῆς
2393 3044 2576 3115 θεῖκῆς
2606 3045 2852 3114 φύσεωςς
2889 3046 3116 3098 Ἔπειτα
3160 3046 3296 3116 πρὸς
3340 3045 3571 3110 τούτοις,
3612 3046 3674 3098 οὐ
3715 3045 3808 3114 τὴν

581 3144 805 3190 vocetur
853 3133 1111 3203 Spiritus,
1171 3133 1262 3187 sed
1310 3147 1375 3186 ex
1423 3146 1488 3185 eo
1521 3131 1660 3198 quod
1703 3144 1942 3184 connexa
1985 3125 2145 3182 fii'erit

2250 3135 2493 3206 ψύχωσιν
2527 3137 2680 3207 ἡμῶν
2726 3137 2941 3207 πνεῦμα
2972 3137 3249 3207 ὠνόμασεν
3282 3140 3338 3190 ὲν
3366 3141 3485 3201 ταῖς
3519 3137 3810 3209 προκειμέ-

583 3229 707 3282 huic
739 3227 939 3282 nomini
969 3235 1079 3290 aut,
1108 3239 1229 3279 cum
1257 3223 1494 3291 loquitur
1529 3221 1691 3286 Deus,
1722 3237 1824 3275 vox
1864 3238 1883 3271 ι
1923 3235 2094 3280 meus,
2123 3237 2138 3269 ι

582 3328 694 3384 aut,
726 3332 847 3373 cum
881 3316 1119 3385 loquitur
1147 3323 1416 3379 creatura,
1446 3329 1543 3366 vox
1577 3332 1594 3362 ι
1627 3323 1771 3376 tuus,
1810 3331 1828 3364 ι
1867 3321 1956 3365 aut
1983 3311 2142 3363 ctiam

581 3423 682 3462 vox
726 3426 745 3457 ι
779 3415 1028 3470 sanctus,
1073 3423 1090 3456 ι
1123 3404 1207 3459 vel
1238 3423 1256 3456 ι
1289 3403 1734 3473 incorruptibilis,
1761 3421 1780 3455 ι
1817 3401 1898 3456 vel
1936 3420 1952 3453 ι
1990 3411 2146 3455 arter-

585 3512 687 3550 nus
721 3512 736 3551 :
775 3515 794 3549 ι
834 3511 1008 3565 neque
1039 3509 1165 3549 vero
1191 3511 1256 3550 ex
1289 3509 1355 3549 eo
1386 3495 1526 3563 quod
1573 3494 1892 3562 homonyma
1921 3492 2148 3546 admini-

584 3589 823 3644 stratorii
843 3589 1083 3659 spiritus,
1107 3603 1169 3642 ac
1198 3587 1364 3642 nostri
1391 3601 1608 3657 quoque
1652 3585 1874 3655 spiritus
1904 3594 1998 3638 aut
2027 3599 2150 3639 san-

583 3684 654 3737 cti
680 3682 852 3737 vocati
877 3680 1094 3746 fuerint,
1131 3680 1451 3745 antaeterni,
1489 3678 1734 3732 concludi
1762 3677 1917 3746 122
1950 3684 2145 3746 potest,

587 3790 708 3828 eum
741 3774 1034 3830 secundum
1092 3782 1340 3825 naturam
1380 3784 1482 3824 non
1520 3785 1637 3823 esse
1667 3783 1850 3822 verum
1884 3766 2146 3836 Spiritum

587 3865 711 3929 Dei;
737 3879 859 3918 nam
895 3864 979 3920 vel
1014 3864 1065 3918 in
1095 3864 1222 3932 ipsis
1255 3861 1612 3939 locutionibus
1646 3860 1890 3926 arcanis,
1927 3875 2046 3927 quae
2084 3859 2150 3913 de

585 3960 677 4014 illo
706 3959 860 4014 dicta:
891 3965 1032 4022 sunt,
1068 3955 1338 4010 invenitur
1362 3957 1584 4009 omnino
1616 3954 1817 4021 aliquid
1841 3995 1854 4019 ,
1886 3953 2028 4023 quod
2071 3953 2151 4005 di-

585 4052 762 4104 vinam
784 4049 900 4118 ejus
923 4058 1166 4102 naturam
1222 4062 1286 4101 ac
1312 4047 1604 4115 potentiam
1635 4044 1960 4100 manifestat.
1987 4045 2153 4098 Crea-

585 4151 718 4194 turac
777 4149 951 4194 autem
981 4138 1377 4208 superadditam
1421 4151 1607 4191 earum
1645 4145 1850 4190 natura:
1888 4135 2152 4189 sanctita-

589 4241 694 4286 tem
748 4241 911 4299 atque
962 4227 1319 4282 aeternitatem
1356 4233 1716 4294 acceperunt,
1779 4239 1842 4280 ac
1878 4239 2151 4292 nunquam

587 4324 684 4376 ista
725 4337 789 4376 ex
847 4320 1039 4388 seipsis
1081 4318 1371 4374 secundum
1421 4327 1670 4370 naturam
1716 4317 2018 4370 habuerunt
2045 4315 2151 4369 ullo

584 4414 763 4468 modo.
844 4413 1109 4468 Caeterum
1169 4425 1348 4465 nonne
1422 4409 1660 4464 haaretici
1737 4407 1850 4479 (87)
1907 4407 1991 4461 isti
2051 4407 2150 4475 ipsi

2253 3245 2371 3290 ναις
2429 3229 2786 3293 ἀποδείξεσιν,
2842 3229 2978 3283 ἀλλὰ
3025 3231 3086 3282 τὸ
3139 3229 3300 3283 αὐτοῦ
3353 3230 3506 3298 ἆγιον
3563 3229 3804 3299 Πνεῦμα.

2259 3318 2518 3387 Ἐχόντων
2561 3320 2668 3392 γὰρ
2700 3322 2854 3392 ἡμῶν
2882 3321 2940 3374 16
2983 3322 3111 3374 ἴδιον
3140 3321 3374 3391 πνεῦμα,
3407 3322 3422 3392 l
3453 3322 3521 3376 55
3549 3321 3618 3392 a]
3651 3322 3805 3391 ἐδόθη

2247 3413 2378 3480 ἡμῖν
2427 3413 2520 3465 καὶ
2548 3413 2608 3465 16
2634 3412 2728 3465 τοῦ
2760 3411 2916 3467 Θεοῦ.
2950 3409 3082 3466 Εῐπε
3117 3411 3223 3484 γὰρ
3253 3415 3280 3466 6
3309 3414 3526 3483 Πατήρ·
3562 3431 3579 3463 ι
3617 3414 3692 3466 Ού
3737 3412 3808 3484 μὴ

2249 3504 2550 3575 καταμείνῃ
2581 3506 2640 3558 16
2667 3505 2891 3575 Πνεῦμά
2939 3523 3037 3576 μου
3079 3508 3138 3559 ὲν
3182 3509 3294 3568 τοῖς
3341 3505 3647 3577 ἀνθρώποις
3692 3508 3813 3558 τού-

2249 3609 2384 3653 τοις·
2427 3611 2443 3642 ι
2477 3593 2570 3645 καὶ
2597 3596 2625 3647 6
2653 3594 2807 3656 Υἱός*
2844 3613 2862 3645 ι
2893 3595 3097 3648 Λάϐετε
3130 3595 3354 3666 Πνεῦμα
3385 3597 3556 3664 ἆγιον.
3593 3614 3610 3646 ι
3646 3594 3813 3664 Δῆλον

2246 3681 2322 3742 δὲ,
2379 3683 2453 3745 ὡς
2501 3687 2610 3747 τοῖς
2668 3685 2769 3756 ἤδη
2814 3685 2994 3755 ἔχουσι
3039 3686 3099 3738 16
3152 3687 3348 3738 οίκείον
3394 3686 3550 3756 ἡμῶν
3595 3685 3815 3756 πνεῦμα

2250 3771 2464 3840 ἐλέγετο
2498 3773 2623 3844 περὶ
2665 3775 2758 3826 τοῦ
2794 3773 2974 3827 θεῖκοῦ
3010 3775 3342 3845 Πνεύματος.
3389 3775 3546 3828 Καθὰ
3577 3776 3754 3828 τοίνυν
3785 3777 3815 3829 ὁ

2251 3861 2376 3926 Υἱὸς
2426 3863 2594 3932 Λόγος
2637 3864 2730 3917 τοῦ
2773 3865 2929 3930 Θεοῦ,
2972 3867 3161 3929 υίικῶς
3203 3867 3550 3936 γεννητικόςο
3582 3866 3724 3920 οὕτω
3755 3867 3817 3920 16

2250 3955 2403 4024 ἅγιον
2452 3955 2695 4027 Πνεῦμα,
2747 3958 3130 4028 πνευματικῶς
3168 3959 3573 4029 ὲκπορευτικδν,
3615 3961 3709 4012 καὶ
3751 3958 3814 4012 οὗ

2250 4046 2672 4116 δημιουργικῶς.
2715 4047 2826 4100 Καὶ
2856 4047 2931 4110 ὡς
2961 4047 3188 4118 οὐδεμία
3237 4049 3560 4120 παραλλαγὴ
3602 4050 3815 4116 οὐσίας,

2251 4139 2342 4191 καὶ
2373 4138 2670 4208 δυνάμεως,
2698 4139 2790 4191 καὶ
2817 4138 2976 4209 δόξης
3003 4139 3080 4210 τῷ
3113 4143 3390 4210 μονογενεῖ
3415 4140 3529 4211 Υίῷ
3560 4142 3698 4212 πρὸς
3722 4141 3815 4194 τὸν

2251 4227 2382 4280 Θεὸν
2416 4229 2653 4300 Πατέρα,
2704 4229 2934 4301 διαφορὰ
2975 4231 3031 4284 δὲ
3069 4233 3239 4296 πᾶσα,
3287 4233 3339 4284 ετ
3367 4249 3430 4300 γε
3471 4231 3630 4302 θέμις
3658 4233 3818 4287 τοῦτο

2253 4321 2436 4388 φάναι,
2491 4323 2625 4394 πρὸς
2664 4323 2762 4393 τὴν
2810 4325 3016 4377 κτίσιν·
3063 4324 3206 4378 οὕτω
3253 4325 3346 4378 καὶ
3397 4324 3474 4396 τῷ
3521 4325 3602 4378 ἑνὶ
3649 4325 3817 4396 θεῖκῷ

2254 4414 2549 4482 Πνεύματι.
2596 4415 2668 4468 Τὸ
2706 4411 2797 4469 οὖν
2831 4417 2963 4488 μηδὲ
3006 4417 3222 4471 ἀκούειν
3249 4417 3317 4470 τὰ
3362 4417 3672 4490 αἱρετικῶν,
3719 4417 3817 4472 τοῦ

585 4506 902 4576 semetipsos
935 4518 1198 4559 accusare
1247 4500 1742 4572 deprehenduntur,
1793 4499 1916 4568 quia
1963 4515 2145 4554 vocem

2259 4505 2333 4575 μὴ
2363 4505 2457 4558 καὶ
2483 4506 2837 4576 προσιέμενον
2866 4507 3003 4562 αὐτὰ
3033 4507 3250 4562 ἀκούειν
3275 4509 3628 4579 δικαιότερον.

590 4615 608 4647 ι
641 4609 789 4650 meus
823 4613 842 4646 ι
874 4594 939 4649 de
973 4593 1108 4648 Filio
1160 4591 1254 4646 Dei
1300 4591 1563 4662 prolatam
1591 4629 1606 4655 ,
1656 4600 1710 4644 et
1750 4604 1933 4644 vocem
1971 4607 1990 4640 ι
2021 4602 2269 4654 sanctus.
2326 4612 2342 4643 ι
2385 4603 2437 4647 et
2502 4612 2521 4646 ι
2566 4606 2801 4651 aeternus
2839 4615 2857 4650 ι
2893 4597 3208 4668 simpliciter
3257 4599 3327 4653 ita
3363 4600 3817 4668 interpretantur,

657 4778 769 4850 (80)
811 4776 1050 4850 Primu_m
1083 4777 1253 4850 “epit.
1289 4775 1363 4829 De
1390 4773 1682 4850 Israelitico
1716 4773 2059 4850 populo,_scn
2093 4774 2159 4828 de

587 4842 794 4912 Jacobi,
843 4857 938 4902 aut
987 4842 1202 4901 lsraelis
1241 4846 1491 4914 posteris,
1540 4859 1643 4914 non
1697 4842 2009 4914 delacon
2029 4843 2156 4914 ipso

587 4919 894 4988 accipienda
926 4917 1041 4971 haec
1075 4925 1220 4988 sunt,
1244 4912 1339 4988 '_u_t_
1360 4923 1502 4982 patet
1530 4933 1543 4968 :
1590 4913 1824 4988 alioquin
1873 4912 2157 4988 manifesto

587 4979 781 5044 falsum
807 4995 950 5042 esset
975 4987 1116 5054 quod
1146 4986 1218 5038 ait
1247 4979 1650 5055 Didimttgetsi
1673 4979 1843 5055 verbo
1875 4979 2155 5055 λατρεύειν

588 5075 694 5114 non
760 5053 1086 5121 «adorandi,
1115 5073 1134 5106 ι
1187 5053 1281 5108 sed
1329 5053 1705 5108 (sacrificandi
1736 5069 1754 5103 ι
1801 5053 2151 5121 signiﬁcatio-

589 5145 710 5184 nem
741 5127 1119 5182 tribueremus.

663 5197 774 5269 (81)
809 5194 1219 5269 Ρτορτίειαεεῃι.
1262 5192 1358 5248 Ubi
1387 5191 1754 5269 _Hier0_nymu_s
1799 5189 1894 5244 lib.
1930 5190 2007 5243 De
2033 5189 2155 5257 Spi»

588 5261 696 5322 ritu
724 5261 929 5329 sancto,
957 5279 1105 5317 num.
1137 5264 1230 5328 26,
1265 5266 1424 5316 vertit
1455 5280 1468 5314 :
1503 5261 1951 5329 «Proprietatem,
1987 5269 2062 5322 et,
2097 5270 2152 5313 ut

590 5339 660 5391 ita
691 5337 887 5400 dicam,
916 5334 1357 5397 familiaritatem,
1379 5352 1396 5384 ι
1423 5332 1695 5385 οἱκείωσιν
1718 5347 1746 5385 a
1773 5331 1992 5400 Didymo
2022 5331 2124 5384 scri
2142 5358 2155 5371 -

589 5417 738 5476 ptum
769 5406 931 5476 fuisse
957 5413 1113 5476 puto,
1143 5403 1324 5476 uthoc
1356 5403 1567 5476 inloco.

684 5476 775 5540 89.)
813 5474 914 5528 Hic
943 5484 1040 5526 est.
1069 5473 1256 5527 Matth.
1288 5489 1366 5532 ιιι,
1400 5472 1486 5528 17.

684 5481 775 5540 8'2)
813 5481 914 5528 Hic
943 5484 1040 5526 est.
1069 5481 1256 5527 Matth.
1288 5489 1366 5532 ιιι,
1400 5481 1486 5528 17.

660 5481 776 5615 E85)
809 5545 1014 5598 Sermo.
1056 5541 1178 5615 lianc
1218 5544 1377 5595 verba
1434 5558 1538 5596 non
1598 5540 1754 5615 modo
1805 5541 1853 5594 in
1921 5539 2143 5615 Vulgata

591 5611 886 5670 Bibliorum
923 5613 1270 5667 translatione
1319 5627 1420 5665 non
1473 5613 1830 5680 reperiuntur,
1861 5611 1953 5666 sed
1991 5626 2058 5663 ne
2094 5612 2145 5664 in

590 5686 774 5740 Graeca
813 5686 1047 5752 quidem.
1084 5684 1224 5737 Citat
1270 5697 1398 5736 vero
1439 5698 1500 5736 ea
1552 5682 1805 5752 Didymus
1857 5696 1918 5752 ex
1951 5681 2145 5752 Aggazi

592 5772 709 5824 cap.
746 5771 803 5818 Il,
830 5749 981 5808 vers.
1017 5753 1072 5816 5,
1108 5762 1384 5821 propterea
1427 5753 1567 5824 quod
1589 5749 1918 5824 ‘hujusmodi
1949 5750 1999 5802 in
2032 5751 2146 5804 suis

589 5821 984 5894 exctiiplaribus
1049 5825 1462 5878 additamentum
1517 5821 1757 5886 haberet,
1800 5830 1852 5872 ut
1883 5829 2028 5886 patet
2082 5835 2146 5875 ex

2261 4789 2428 4845 segm.
2466 4777 2530 4831 l9
2563 4779 2613 4842 ὸ,
2653 4777 2740 4832 ubi
2773 4794 2893 4833 eum
2923 4777 3099 4833 locum
3130 4780 3262 4836 alias
3288 4781 3482 4835 attulit.
3509 4782 3672 4836 Ducta
3708 4780 3824 4834 for-

2261 4855 2402 4918 tasse
2437 4858 2582 4918 sunt,
2627 4859 2681 4902 et
2730 4849 2852 4901 illuc
2909 4850 3165 4918 translata
3218 4867 3281 4905 ex
3339 4853 3511 4918 primo
3551 4852 3823 4906 versiculo

2261 4915 2450 4981 psalmi
2482 4931 2814 4986 xuvtqnem
2843 4919 2907 4972 de
2945 4917 3080 4972 Filio
3113 4915 3351 4986 intellEgii
3379 4920 3741 4974 'l‘ertullianus
3763 4922 3820 4976 in

2263 4985 2401 5060 libro
2441 4983 2898 5060 adv.___l_’ra:ream.
2938 5003 3057 5056 cap.
3091 4990 3144 5042 Η
3187 5007 3201 5044 :
3238 4983 3580 5060 «Distincte,
3621 4991 3817 5060 inquit,

2259 5053 2515 5128 Paterct
2554 5054 2723 5128 Filius
2757 5053 3215 5128 demonstrantur,
3263 5053 3818 5128 distinete,inmiam,

2263 5139 2365 5178 non
2388 5126 2581 5203 divise,
2609 5126 2748 5180 sicut
2780 5139 2879 5193 ego
2908 5126 3120 5196 profero
3160 5129 3360 5203 dictum
3390 5143 3422 5182 a
3455 5129 3562 5183 Deo
3592 5145 3606 5181 :
3637 5126 3658 5181 ἑ
3683 5129 3824 5182 Eru-

2260 5199 2425 5265 ctavit
2452 5211 2544 5265 cor
2570 5211 2744 5265 meum
2779 5211 3077 5250 sermonem
3107 5199 3388 5265 optimum.
3415 5218 3433 5250 ι

2329 5263 2442 5340 (ξιξ)
2473 5264 2685 5340 ξρταυί.
2711 5264 2849 5340 Psal.
2879 5282 3063 5328 cum.
3101 5263 3162 5320 18
3190 5269 3302 5338 (seu
3336 5268 3446 5340 i7):

2331 5333 2444 5406 (85)
2484 5332 2568 5406 Ea:
2594 5351 2652 5387 eo
2681 5337 2932 5406 quod”...
2977 5332 3226 5402 scriptun:
3270 5340 3355 5390 sit.
3415 5336 3520 5392 Pro
3567 5339 3698 5393 16...
3728 5355 3829 5406 γε-

2258 5405 2503 5478 γράφθαι
2551 5405 2664 5478 lego
2713 5404 3222 5478 1Q)...jeypi'90at.
3280 5406 3699 5478 Legendariquac
3729 5404 3831 5463 Di-

2259 5484 2449 5546 dymus
2488 5475 2544 5546 in
2593 5476 2726 5528 libro
2753 5477 2827 5529 De
2871 5475 3294 5545 Spiri’tuaancto,
3328 5475 3478 5532 num.
3518 5475 3611 5545 58,
3638 5480 3704 5534 de
3730 5482 3834 5532 ho-

2260 5545 2538 5626 tnonymis
2558 5557 2612 5626 et
2637 5550 2946 5669 synonymis
2975 5548 3066 5600 ait.

2334 5616 2445 5669 (86)
2472 5613 2620 5669 I'tln.
2706 5617 2801 5669 sal.
2829 5632 2898 5669 tv.
2926 5616 2978 5669 5.

2334 5613 2445 5688 (86')
2472 5613 2620 5688 I_"_ilii.
2663 5613 2898 5688 PS&1_.:IV,
2926 5616 2978 5688 ἒξ.

2329 5681 2442 5755 (87)
2476 5683 2749 5740 "melici.
2778 5681 2895 5742 Non
2936 5686 3320 5752 Eunomianos,
3374 5683 3468 5740 sed
3513 5681 3826 5741 Macedonii

2256 5757 2486 5812 asseclas
2519 5756 2734 5812 indicat.
