4104 6408
369 395 468 449 ιθε
1399 399 1483 453 DE
1523 401 1892 466 TRINITATE
1931 405 2130 460 LIBER
2172 407 2551 463 SECUNDUS.
3503 418 3611 474 460

361 516 421 558 nt
466 505 800 562 identitatem
855 511 1047 564 divinze
1089 519 1294 565 natura:
1356 517 1597 569 enuntiet
1630 517 1788 589 (88)?
1852 520 2113 576 Prteterea
2161 539 2265 577 non
2332 524 2710 579 animationem
2746 534 2984 581 nostram
3053 528 3302 598 spiritum
3349 534 3604 587 nomina-

362 597 440 650 vit
469 597 523 650 in
548 598 728 653 allatis
755 611 909 656 antea
939 602 1233 672 Scriptura:
1271 605 1612 674 testimoniis,
1661 613 1753 666 sed
1807 611 2062 682 Spiritum
2101 627 2344 670 sanctum
2407 631 2606 671 suum:
2673 619 2826 673 nobis
2892 621 3034 674 enim
3084 597 3378 690 proprium
3425 624 3602 694 Spiri-

362 697 475 790 t-nm
519 691 629 758 jam
664 693 987 750 habentibus
1047 697 1205 753 datus
1266 709 1347 754 est
1389 701 1552 756 etiam
1600 704 1832 773 Spiritus
1877 707 1990 763 Dei.
2031 710 2119 763 Ait
2168 727 2395 780 namque
2443 713 2645 768 Pater:
2703 732 2722 765 ι
2782 714 3129 785 Nequaquam
3196 718 3306 790 (89)
3352 691 3592 774 man—ebit

359 781 598 849 Spiritus
625 801 776 842 meus
818 789 868 841 in
909 790 1214 846 hominibus
1275 793 1358 848 his
1394 813 1408 860 ;
1452 813 1469 846 ι
1505 806 1560 850 et
1598 796 1764 853 Filius
1809 818 1822 852 :
1873 819 1890 851 ι
1958 802 2198 871 Accipite
2241 803 2347 873 (90)
2396 803 2654 873 Spiritum
2709 781 3038 861 sanctumai
3086 781 3254 863 Porro
3289 781 3368 864 'de
3430 811 3608 863 divino

360 871 568 972 Spiritu
613 875 728 931 hzec
763 880 906 933 dicta
964 881 1129 937 fuisse
1193 885 1536 954 perspicuum
1573 899 1696 954 est,
1753 906 1873 944 cum
1923 894 1988 946 ad
2052 909 2149 947 nos
2207 871 2549 963 pertineant,
2597 900 2685 966 qui
2742 901 3017 968 proprium
3068 911 3306 955 nostrum
3359 903 3606 972 spiritum

355 957 468 1017 1am
494 968 846 1026 habebamus.
875 973 1022 1038 Sicut
1050 990 1177 1045 ergo
1203 975 1372 1032 Filius
1404 977 1637 1034 Verbum
1666 981 1756 1036 Dei
1791 983 2021 1040 lilialiter
2050 987 2157 1057 (9|)
2187 957 2399 1058 genitus
2434 1000 2513 1043 est
2536 957 2556 1052 ι,
2613 957 2708 1044 ⁵ἱιιι
2743 957 2756 968 ’
2779 957 2997 1045 διιιιειιιδ
3058 991 3288 1060 Spiritus
3355 957 3608 1061 spiritali-

366 1063 450 1106 ter
488 1059 766 1124 processit,
822 1077 926 1116 neu
974 1079 1101 1119 vero
1134 1081 1228 1133 per
1265 1069 1591 1124 creationem
1636 1085 1650 1124 :
1683 1082 1739 1127 et
1791 1074 1932 1128 sicut
1970 1077 2112 1129 nulla
2146 1080 2396 1132 essentia:
2428 1122 2449 1151 ,ν
2495 1090 2548 1134 et
2580 1083 2897 1149 potestatis,
2963 1091 3014 1136 et
3088 1083 3269 1152 gloria:
3308 1081 3604 1138 dilIerentia

369 1159 454 1200 est
487 1149 535 1202 in
570 1151 856 1221 Unigenito
902 1156 1060 1224 Filio,
1118 1171 1361 1229 respectu
1424 1163 1518 1216 Dei
1569 1165 1764 1234 Patris,
1820 1170 1913 1223 sed
1983 1187 2141 1226 omne
2195 1174 2480 1228 discrimen
2539 1175 2604 1246 (si
2663 1177 2732 1230 ita
2799 1179 2941 1246 loqui
2983 1177 3064 1231 fas
3107 1179 3209 1248 est)
3246 1180 3298 1233 in
3335 1187 3601 1243 creatura,

371 1256 556 1339 nempe
591 1245 643 1298 in
701 1260 973 1318 assumpta
1025 1252 1380 1318 humanitate,
1416 1260 1663 1315 consistit
1707 1263 1827 1316 :ita
1861 1278 1926 1316 ne
1969 1264 2021 1316 in
2082 1265 2261 1322 divino
2316 1245 2670 1340 quidemuno
2718 1245 2922 1337 Spiritu
2991 1271 3097 1324 ulla
3150 1280 3234 1324 est
3299 1270 3604 1341 hujusmodi

367 1329 744 1400 discrepantia.
771 1337 951 1394 Satius
973 1355 1102 1412 ergo
1129 1353 1350 1412 estquze
1385 1347 1622 1404 bmretici
1656 1349 1902 1406 effutiunt
1961 1356 2179 1411 omnino
2214 1374 2316 1412 non
2358 1343 2544 1415 audire
2569 1399 2584 1423 ,
2619 1374 2776 1428 quam
2825 1375 2926 1414 non
2981 1375 3042 1414 ea
3113 1361 3328 1430 quidem
3387 1361 3592 1440 admit-

364 1432 498 1486 tere,
534 1426 628 1480 sed
659 1435 833 1483 tamen
872 1445 1026 1486 aures
1056 1433 1160 1488 illis
1191 1437 1468 1494 adbibere.

1018 1524 1174 1579 ΚΕΦ.
1218 1527 1292 1582 Γ’.

358 1608 505 1675 Περὶ
537 1609 736 1693 τοῦ-,ὲκ
764 1610 1058 1693 διαφόρων
1084 1616 1386 1693 όνομᾴτων
1405 1622 1801 1693 σημαίνεσθαι
1825 1624 1936 1693 τὴν

571 1681 781 1748 θεῖ’κὴν
803 1685 990 1750 φύσιν
1022 1685 1127 1738 τοῦ
1156 1681 1325 1755 ᾰγίου
1361 1681 1724 1759 Πνέῦματος.

438 1771 507 1824 Ὀ
534 1771 589 1824 δὲ
614 1772 870 1843 ἐλέγομεν
901 1774 956 1841 ἐξ
981 1776 1175 1846 ἀρχῆς,
1199 1777 1450 1850 δεύτερον
1485 1784 1818 1854 μαρτυροῦσι
1868 1785 1935 1839 τὰ

354 1861 538 1928 λόγια,
572 1863 654 1915 ὅτι
678 1863 909 1934 διάφορα
939 1867 1215 1938 Οεοπρεπῆ
1237 1870 1475 1940 ὀνόματὰ
1498 1875 1612 1926 ἔστι
1641 1875 1720 1946 τῷ
1773 1879 1938 1930 Πνεῦ-

357 1971 496 2024 ματι
535 1954 627 2006 τοῦ
656 1955 810 2020 Θεοῦ,
841 1957 1040 2028 πολλήν
1066 1976 1124 2010 τε
1151 1959 1314 2032 ἄλλην
1335 1962 1570 2032 ἔμφασιν
1597 1967 1934 2038 ἐπηρμένην,

355 2045 456 2096 καὶ
485 2045 666 2115 σχέσιν
695 2047 998 2119 ὑπερτέραν
1023 2050 1256 2112 πάντων,
1299 2056 1394 2107 καίΙ
1419 2055 1496 2125 τῷ
1528 2058 1704 2128 Πατρὶ
1743 2061 1836 2112 καὶ
1861 2061 1936 2130 τῷ

358 2135 479 2204 Υἱῷ
520 2136 735 2216 συνεχῆ,
767 2140 859 2190 καὶ
890 2141 1169 2210 κρείττονα
1219 2144 1318 2214 τῆς
1352 2148 1808 2221 πρεπωδεστάτης
1856 2153 1940 2222 ἑρ-

360 2226 596 2295 μηνείας
629 2235 1041 2300 συνεισφέροντα
1067 2236 1178 2297 τοῖς
1198 2238 1577 2307 προκειμένοις
1600 2240 1774 2312 Θεωρή
1786 2259 1934 2311 μασιο

358 2319 456 2369 καὶ
491 2317 572 2370 ἔτι
604 2319 964 2385 ἀναπλοῦντα,
993 2322 1106 2377 ἔνια
1140 2325 1238 2396 μὲν
1268 2328 1366 2398 τὴν
1399 2327 1585 2401 θεῖκὴν
1614 2332 1778 2384 αὐτοῦ
1833 2334 1938 2402 φύ-

361 2424 470 2470 σιν,
516 2407 708 2461 sumas
737 2409 834 2481 τὴν
867 2413 1186 2486 αὑθεντικὴν
1231 2417 1456 2488 δύναμιν
1486 2461 1500 2483 ,
1532 2423 1622 2474 καὶ
1678 2441 1937 2494 παραμυ-

357 2498 603 2568 Θούμενα
638 2501 734 2572 τὴν
763 2503 1063 2573 ἀδυναμίαν
1100 2507 1276 2577 ἡμῶν,
1329 2509 1425 2579 τὴν
1482 2513 1610 2582 περὶ
1665 2515 1724 2566 τὸ
1775 2515 1938 2580 ἀξίως

357 2591 652 2658 ἐφικέσθαι
703 2595 864 2648 αὐτοῦ
889 2637 901 2653 ,
936 2598 967 2665 ἢ
1003 2600 1267 2671 ἑρμηνείᾳ
1317 2604 1576 2673 ῥημάτων
1599 2647 1611 2667 ,
1665 2607 1696 2676 ἢ
1737 2605 1938 2680 Θεωρία

357 2680 475 2742 νοῦ,
512 2683 606 2734 καὶ
635 2686 944 2755 παρρησίαν
970 2690 1296 2760 παρέχοντα,
1329 2695 1625 2760 ἀκινδύνως
1657 2699 1938 2767 ὁμοοῦσιον

357 2770 454 2822 τοῦ
487 2772 624 2824 Θεοῦ
678 2775 860 2828 καλεῖν
897 2778 1043 2844 αὐτὸ,
1101 2785 1195 2835 καὶ
1245 2786 1522 2838 πιστεύειν
1575 2788 1650 2858 τῷ
1682 2791 1939 2861 ἁγιασμῷ

2593 1536 2747 1605 123
2778 1533 2925 1589 CAP.
2959 1533 3041 1588 ιιι.

2042 1625 2122 1679 Ea;
2150 1624 2368 1678 diversis
2412 1622 2636 1693 Spiritus
2675 1625 2843 1677 sancti
2893 1626 3186 1696 nominibus
3217 1625 3450 1680 divinam
3491 1632 3604 1696 ejus

2577 1706 2816 1746 naturam
2858 1695 3050 1764 colligi.

2107 1784 2176 1840 Ut
2207 1795 2387 1839 autem
2419 1783 2574 1838 initio
2603 1783 2712 1853 (92)
2742 1784 3002 1848 diximus,
3045 1793 3314 1841 testantur
3364 1789 3603 1842 secundo

2038 1878 2154 1930 loco
2180 1876 2358 1930 divina
2395 1875 2641 1940 oracula,
2673 1876 2820 1927 varia
2845 1890 2967 1929 esse
2996 1891 3061 1930 ac
3083 1876 3296 1931 diversa
3356 1878 3598 1948 Spiritus

2041 1967 2132 2019 Dei
2165 1965 2406 2030 nomina,
2467 1965 2663 2018 divina:
2715 1965 2983 2034 majestati
3045 1969 3438 2034 convenientia,
3481 1986 3603 2039 quae

2038 2075 2143 2112 non
2185 2060 2344 2113 modo
2383 2058 2559 2112 allatis
2589 2067 2742 2111 antea
2817 2057 3085 2127 capitulis,
3139 2069 3298 2128 atque
3357 2061 3602 2114 animad-

2037 2150 2377 2205 versionibus
2407 2148 2691 2202 sublimem
2717 2149 2876 2201 aliam
2923 2149 3179 2217 speciem,
3208 2161 3263 2204 et
3302 2153 3599 2222 emphasim

2041 2243 2178 2296 haud
2209 2241 2473 2294 modicam
2502 2239 2810 2303 conferunt,
2848 2248 3011 2308 atque
3070 2241 3457 2307 habitudinem,
3505 2257 3599 2297 seu

2040 2332 2354 2386 relationem
2414 2345 2574 2400 supra
2626 2331 2803 2384 omnia
2860 2332 3144 2396 elevatani,
3197 2341 3251 2386 et
3281 2349 3309 2385 a
3342 2333 3500 2388 Patre
3539 2349 3602 2387 ac

2039 2423 2175 2477 Filio
2199 2438 2300 2476 non
2327 2421 2678 2489 disjuntztain,
2703 2430 2759 2474 et
2787 2421 2976 2490 quavis
3007 2423 3089 2476 vel
3130 2424 3599 2492 magniﬁcentissi~

2041 2529 2123 2566 ma
2180 2513 2625 2581 interpretatione
2697 2512 2955 2581 potiorem
3020 2515 3352 2579 ostendunt;
3415 2531 3599 2571 verum

2038 2605 2197 2658 etiam
2234 2619 2419 2658 eorum
2460 2604 2562 2656 alia
2617 2603 2834 2672 quidem
2883 2603 3116 2657 divinam
3160 2606 3276 2676 ejus
3330 2617 3596 2671 naturam,

2039 2697 2140 2750 alia
2183 2710 2311 2750 vero
2347 2695 2619 2764 propriam
2671 2695 2840 2764 ipsius
2889 2706 3210 2764 potestatem
3269 2698 3595 2767 exprimunt,

2041 2802 2103 2841 ac
2148 2798 2383 2841 nostram
2412 2786 2756 2840 consolantur
2787 2786 3179 2854 impotentiam.
3224 2790 3312 2858 qui
3362 2805 3460 2858 pro
3485 2807 3600 2847 me-

357 2862 548 2914 αὐτοῦ.
591 2864 700 2918 Καὶ
742 2868 840 2937 οὐχ
872 2871 1195 2942 εὑρίσκομεν
1239 2875 1388 2928 οὐδὲν
1430 2877 1539 2930 τῶν
1573 2875 1748 2932 mm
1779 2898 1931 2933 πνευ-

2045 2879 2148 2931 rito
2177 2876 2324 2929 illum
2390 2877 2719 2943 assequiaut
2776 2885 3015 2930 textuum
3063 2879 3442 2948 explicatione,
3505 2891 3601 2936 aut

362 2953 554 3021 μάτων
600 2957 932 3022 καταξιωθὲν
979 2962 1241 3033 κληθῆναι
1275 2969 1386 3030 τοῖς
1432 2968 1658 3039 ὀνόμασι
1705 2971 1930 3035 τούτοις.

358 3043 434 3094 Τὸ
471 3045 531 3097 δὲ
563 3046 739 3115 μόνως
772 3050 861 3102 καὶ
892 3050 1050 3120 φύσει
1089 3054 1329 3126 ὑπάρχον
1375 3058 1577 3124 ταῦτα,
1630 3062 1782 3114 οὐδέν
1820 3064 1934 3116 ἐστι

359 3134 470 3186 τῶν
510 3137 746 3204 πάντων,
783 3141 918 3195 ἀλλὰ
950 3144 1101 3208 Θεός.
1124 3147 1278 3200 Ἔστι
1306 3149 1364 3201 δὲ
1394 3149 1461 3202 τὰ
1488 3150 1728 3222 ὀνόματα
1784 3154 1928 3208 τάδε·

361 3226 590 3297 Πνεῦμα
639 3229 811 3298 ἆγιον,
865 3233 940 3297 ὡς
990 3239 1261 3307 πανταχοῦ
1311 3239 1660 3312 γέγραπται·
1713 3242 1935 3315 Πνεῦμα

361 3317 693 3388 ἁγιωσύνης,
713 3322 804 3372 καὶ
820 3323 1061 3389 ἁγιάζον,
1089 3325 1181 3397 [55
1203 3328 1254 3398 bj
1288 3329 1365 3392 ὼς
1387 3333 1588 3402 γράφει
1637 3335 1926 3405 Ῥωμαίοις

372 3425 389 3455 ι
429 3407 658 3472 Παῦλος,
690 3409 875 3474 δοῦλος
917 3414 1088 3484 Ἰησοῦ
1119 3419 1376 3489 Χριστοῦ,
1406 3421 1601 3492 κλητὸς
1619 3425 1930 3491 ἀπόστολος,

372 3497 747 3566 ἀφωρισμένος
768 3504 846 3564 είς
866 3503 1190 3572 Εὑαγγέλιον
1229 3509 1383 3576 Θεοῦ,
1415 3512 1442 3563 ὃ
1468 3515 1935 3584 προεπηγγείλατο

371 3587 460 3638 διὰ
486 3589 587 3640 τῶν
616 3593 906 3662 προφητῶν
945 3596 1106 3648 αὑτοῦ
1136 3600 1192 3650 ἐν
1231 3600 1467 3670 Γραφαῖς
1488 3603 1670 3670 ἁγίαις
1697 3605 1932 3676 περὶτοῦ

378 3679 502 3731 Tia-'3
527 3681 710 3745 αὑτοῦ,
741 3684 834 3736 τοῦ
861 3687 1151 3755 γενομένου
1178 3689 1242 3742 ὲκ
1272 3692 1585 3762 σπέρματος
1610 3696 1768 3748 Δαυῒδ
1797 3698 1936 3750 κατὰ

369 3769 563 3838 σάρκα,
601 3774 692 3826 τοῦ
728 3775 1030 3844 ὁρισθέντος
1056 3778 1183 3830 Υξοῦ
1241 3779 1373 3834 Θεοῦ
1425 3785 1479 3835 ὲν
1523 3784 1744 3853 δυνάμει
1797 3786 1933 3839 κατὰ

364 3861 589 3932 Πνεῦμα
618 3865 950 3936 ἁγιωσύνης·
995 3887 1012 3919 ι
1044 3869 1137 3920 καὶ
1167 3871 1353 3924 πάλιψ
1392 3900 1410 3924 ι
1460 3875 1575 3928 Ἵνα
1625 3877 1845 3944 γένηται
1901 3879 1932 3946 ἡ

365 3956 650 4025 προσφορά
681 3957 788 4009 τῶν
835 3957 1002 4010 ἐθνῶν
1055 3962 1462 4031 εὐπρόσδεκτος,
1521 3967 1825 4038 ἡγιασμένη
1879 3970 1934 4020 ἐν

365 4046 647 4117 Πνεῦματι
672 4048 810 4118 ἁγίῳ
829 4066 840 4077 ο
887 4067 904 4098 ι
947 4052 1040 4102 καὶ
1063 4052 1315 4122 ἐτέρωθι’
1355 4073 1372 4106 ι
1419 4056 1610 4126 Ἡμεῖς
1639 4057 1695 4110 δὲ
1723 4058 1932 4127 ὀφείλο-

365 4155 470 4206 μεν
496 4138 835 4207 εὐχαριστεῖν
861 4140 938 4210 τῷ
962 4141 1078 4212 Θεῷ
1113 4144 1342 4197 πάντοτε
1365 4148 1489 4217 περὶ
1518 4149 1546 4200 ὑ
1555 4148 1687 4218 μῶν,
1719 4150 1934 4218 ἀδελφοὶ

2039 2968 2239 3022 mentis
2265 2967 2715 3035 contemplatione
2737 2983 2842 3020 non
2879 2967 3138 3031 valemus,
3163 2978 3218 3024 et
3242 2971 3478 3024 animum
3503 2987 3600 3026 no-

2042 3059 2121 3112 bis
2149 3060 2367 3125 addunt,
2399 3068 2459 3112 ut
2482 3074 2602 3114 eum
2629 3058 2958 3113 conﬁdenter
3009 3074 3072 3114 ac
3106 3060 3220 3114 sine
3269 3063 3482 3116 errandi
3507 3072 3600 3131 pe—

2043 3148 2211 3204 riculo
2241 3149 2757 3204 consubstantialem
2782 3150 2889 3204 Deo
2915 3163 3189 3214 vocemus,
3237 3159 3293 3208 et
3357 3153 3598 3207 sanctiﬁ-

2039 3249 2253 3294 cantem
2290 3255 2410 3295 esse
2433 3241 2739 3296 credamus.
2773 3239 2958 3309 Neque
2979 3255 3106 3296 vero
3158 3242 3323 3296 ullum
3376 3259 3439 3298 ex
3480 3243 3606 3298 aliis

2040 3331 2322 3401 spiritibus
2349 3331 2567 3400 dignum
2611 3332 2858 3386 habitum
2890 3347 3008 3387 esse
3042 3333 3350 3389 invenimus
3400 3335 3489 3404 qui
3515 3336 3598 3389 his

2042 3423 2345 3478 nominibus
2367 3423 2751 3492 appellaretur.
2794 3424 2892 3478 Ast
2916 3424 3004 3478 ille
3042 3424 3132 3492 qui
3168 3428 3324 3480 unico
3343 3434 3398 3480 et
3416 3427 3600 3496 singu-

2040 3513 2136 3567 lari
2176 3513 2360 3576 modo,
2397 3522 2450 3567 et
2489 3529 2552 3567 ex
2584 3523 2773 3567 natura
2810 3529 2904 3568 sua
2938 3515 3051 3568 haec
3087 3516 3320 3581 exsistit,
3355 3531 3462 3570 non
3517 3526 3600 3571 est

2039 3605 2258 3656 omnino
2318 3618 2383 3657 ex
2454 3618 2676 3657 numero
2742 3603 2971 3658 aliorum
3017 3605 3280 3668 omnium,
3347 3606 3441 3659 sed
3517 3617 3599 3660 est

2043 3695 2198 3748 Deus.
2231 3693 2353 3747 llznc
2384 3703 2563 3748 autem
2599 3702 2727 3748 sunt
2765 3709 2830 3747 ea
2855 3708 2974 3760 qua:
2994 3694 3103 3747 dixi
3139 3695 3386 3749 nomina:
3421 3693 3598 3764 Spiri-

2043 3799 2126 3842 tus
2158 3799 2398 3853 sanctus,
2452 3799 2509 3842 ut
2549 3790 2746 3857 passim
2781 3789 2975 3859 legitur
3003 3790 3056 3842 in
3107 3789 3422 3858 Scriptura;
3477 3790 3599 3859 Spi-

2042 3883 2177 3935 ritus
2221 3880 2547 3945 sanctitatis,
2579 3890 2631 3934 et
2672 3883 3051 3946 sanctiﬁcans,
3080 3890 3135 3935 ut
3164 3883 3353 3937 scribit
3389 3885 3455 3937 ad
3491 3883 3598 3938 ιιο-

2041 3989 2228 4028 manos
2262 3991 2272 4025 :
2300 3991 2315 4023 ι
2364 3971 2559 4026 Paulus
2589 3973 2698 4041 (95)
2731 3988 2916 4028 servus
2956 3973 3080 4028 Jesu
3106 3973 3342 4040 Christi,
3377 3985 3598 4030 vocatus

2041 4066 2332 4134 apostolus,
2363 4073 2674 4135 segregatus
2703 4067 2755 4120 in
2797 4066 3144 4136 Evangelium
3178 4065 3291 4131 Dei,
3335 4068 3476 4138 quod
3501 4083 3597 4122 an-

2043 4167 2094 4210 te
2153 4156 2475 4222 promiserat
2537 4171 2630 4224 per
2679 4157 2966 4226 prophetas
3013 4173 3140 4212 suos
3196 4160 3248 4211 in
3304 4157 3596 4228 Scripturis

361 4228 716 4298 ἠγαπημένοι
745 4231 848 4283 ὑπὸ
868 4233 1091 4302 Κυρίου,
1109 4235 1188 4287 ὅτι
1209 4236 1379 4289 εἵλετο
1396 4237 1538 4307 ὑμᾶς
1559 4240 1586 4290 ὁ
1606 4238 1736 4302 Θεὸς
1756 4242 1931 4312 ἀπαρ-

2037 4249 2258 4311 sanctis,
2287 4249 2350 4300 de
2376 4248 2510 4301 Filio
2530 4263 2649 4313 suo,
2674 4248 2764 4316 qui
2791 4247 2966 4303 lactus
2989 4259 3074 4304 est
3099 4265 3165 4304 ex
3189 4252 3396 4305 semine
3430 4251 3596 4304 David

360 4320 462 4388 χὴν
487 4321 568 4381 εἰς
591 4321 884 4391 σωτηρίαν,
909 4325 967 4374 ὲν
992 4325 1247 4396 ἁγιασμῷ
1273 4328 1410 4380 Πνεύ
1420 4345 1604 4397 ματος,
1632 4331 1724 4382 καὶ
1755 4331 1933 4384 πίστει

360 4410 645 4480 ἀληθείας.
696 4431 713 4462 ι
753 4415 970 4485 Πνεῦμα
997 4417 1293 4486 δυνάμεως,
1315 4421 1406 4472 καὶ
1438 4421 1673 4491 ἀγάπης,
1707 4423 1800 4474 κα).
1825 4441 1929 4475 σω-

359 4503 689 4574 φφνισμοῦ,
740 4505 814 4568 ὡς
848 4507 1058 4572 Παῦλος
1106 4512 1163 4562 ἐν
1194 4510 1420 4582 δευτέρᾳ
1479 4513 1758 4583 Ἐπιστολῇ
1796 4515 1930 4584 πρὸς

361 4596 630 4666 Τιμόθεον
675 4596 908 4668 ἔγραψεν
934 4616 946 4628 ’
984 4619 1002 4651 ι
1054 4602 1129 4654 Οὐ
1173 4601 1281 4671 γὰρ
1319 4601 1514 4656 ἔδωκεν
1574 4604 1700 4673 ὑμῖν
1741 4606 1768 4656 ὀ
1798 4605 1928 4668 θεὸς

591 4772 858 4850 ζζηιιηιὶει.
889 4773 1026 4850 Lego
1051 4775 1310 4850 ἀγγέλλρν
1335 4795 1432 4850 pro
1458 4780 1703 4848 ἄγγελον.

435 4839 552 4908 (89)
589 4839 948 4912 Nequaquam.
964 4839 1112 4899 'Gen.
1135 4839 1209 4906 vi,
1235 4849 1286 4902 5.

436 4912 553 4982 (90)
587 4913 834 4982 A_ccipite.
869 4912 1019 4967 Joan.
1053 4931 1141 4979 xx,
1167 4917 1256 4971 22.

437 4979 554 5048 (91)
597 4979 947 5054 FiliatiterJn
973 4983 1180 5045 Graeco,
1202 4987 1412 5052 υἱικῶς.
1439 4988 1608 5054 Quam
1637 4990 1921 5045 dictionem

368 5052 795 5128 nunc__p_ri_mum
843 5068 946 5106 non
980 5055 1124 5128 rudit
1151 5055 1425 5128 Didymus,
1454 5052 1546 5112 sed
1579 5059 1646 5112 ab
1676 5059 1794 5114 aliis
1821 5077 1922 5113 aii--

366 5121 767 5196 tea_adliibi_tam
792 5136 1048 5196 usurpat.
1073 5122 1150 5196 ita
1184 5121 1491 5196 in'epistola
1526 5144 1686 5182 cxxnx
1742 5129 1922 5184 Basilii

365 5194 565 5268 legitur
591 5207 604 5242 :
637 5189 739 5242 Τὸν
786 5191 1014 5268 δὲμιϊίδν,
1045 5195 1233 5260 υἰικῶς
1264 5189 1442 5266 (εἶναι)
1474 5198 1708 5268 Πατέρα,
1743 5198 1795 5252 id
1822 5210 1925 5263 est,

373 5280 392 5312 ι
419 5261 613 5332 Filium
663 5275 792 5332 vero
843 5263 1073 5332 tilialiter
1101 5280 1220 5319 esse
1269 5261 1500 5320 Patrem.
1531 5287 1549 5318 ι
1584 5261 1710 5332 Qua-
1748 5261 1924 5323 tamen

365 5331 534 5405 verba
561 5344 662 5383 non
691 5330 1168 5405 scripsitBasilius,
1199 5338 1289 5390 sed
1329 5353 1390 5389 ea
1431 5337 1584 5390 alteri
1610 5330 1836 5405 ipsemet
1858 5354 1920 5390 ex

367 5401 1080 5472 quadarnepistola,rquam
1126 5405 1240 5472 ejus
1292 5407 1582 5459 adversarii
1634 5401 1662 5459 ἐι
1727 5406 1925 5461 Basilio

370 5469 487 5538 ipso
513 5469 999 5546 ad_Apollinar_iu’m_
1027 5469 1276 5546 scriptam
1303 5476 1584 5540 ﬁnxerant,
1612 5491 1834 5546 qumque
1859 5479 1926 5530 ab

369 5539 832 5611 accuratissimis,
864 5541 1292 5611 doctissimisque
1351 5539 1642 5600 monachis
1673 5539 1927 5601 Ma'ui-inis

2038 4339 2330 4408 secundum
2372 4351 2632 4392 carnem:
2691 4340 2782 4405 qui
2831 4339 3243 4407 praadestinatus
3296 4350 3378 4395 est
3431 4340 3598 4396 Filius

2038 4427 2130 4481 Dei
2176 4430 2225 4480 in
2259 4428 2453 4480 virtute
2487 4428 2778 4481 secundum
2811 4426 3069 4494 Spiritum
3099 4429 3403 4484 sanctitatis
3433 4446 3447 4495 ;
3488 4449 3506 4481 ›
3541 4439 3596 4484 et

2039 4534 2222 4572 rursus
2248 4535 2261 4571 :
2288 4535 2306 4568 ι
2341 4516 2406 4571 Ut
2425 4517 2513 4572 liat
2531 4518 2641 4589 (94)
2662 4519 2861 4572 oblatio
2880 4521 3116 4588 gentium
3140 4531 3379 4590 accepta,
3398 4523 3598 4576 sancti-

2035 4608 2188 4662 licata
2217 4610 2268 4662 in
2295 4607 2498 4678 Spiritu
2533 4619 2754 4676 sancto;
2787 4628 2804 4660 ι
2832 4619 2886 4664 et
2912 4611 3073 4666 alibi:
3100 4631 3116 4662 ι
3146 4612 3252 4668 Nos
3275 4625 3453 4668 autem
3479 4613 3592 4686 (95)

2032 4780 2218 4855 agitur
2243 4784 2294 4855 in
2323 4798 2384 4836 ea
2405 4783 2471 4855 de
2499 4798 2627 4837 voce
2652 4784 2933 4855 ὁμοοὺσιος
2954 4827 2967 4848 ,
2998 4795 3050 4840 et
3085 4787 3154 4840 ita
3181 4787 3366 4855 incipit
3398 4803 3412 4840 :
3450 4788 3594 4842 Ἐδε-

2028 4848 2204 4924 ξόιμην
2228 4851 2288 4924 τὸ
2319 4852 2602 4924 γνώρισμα
2633 4848 2731 4924 τῆς
2770 4853 3022 4916 πίστεως.
3049 4848 3394 4910 Concluditur
3415 4869 3590 4912 autem

2029 4922 2110 4997 his
2141 4923 2312 4997 verbis
2341 4922 2492 4997 :_ODX
2518 4923 2605 4997 ib;
2637 4922 2824 4997 ἕτερον
2860 4926 2916 4976 ἐν
2948 4924 3025 4997 τῷ
3067 4925 3252 4997 κοινῷ(
3273 4926 3594 4997 δεχομένους

2027 4989 2288 5067 ενρειδῶς,
2334 4989 2571 5067 οῦτείέν
2595 4992 2671 5062 τῷ
2727 4989 2840 5067 (δίῳ
2874 4989 3012 5067 κατᾶ
3052 4997 3154 5067 *τὸν
3197 4989 3592 5067 αὐτὸντρόπον

2027 5059 2106 5128 (οὐ
2140 5060 2244 5144 γὰρ
2275 5059 2661 5144 ἐμπεριέχεται
2691 5062 2766 5144 τῷ
2799 5059 2963 5144 κοινῷ
3017 5065 3076 5118 τὸ
3110 5059 3436 5144 ἴδιον),ιὰλλ“ξ
3461 5069 3592 5122 ἑκά-

2024 5146 2078 5180 τε
2089 5131 2287 5205 ρσνώς
2321 5131 2377 5205 ἐν
2402 5131 2465 5183 ὲκ
2484 5131 2594 5205 *τῆς
2624 5133 2795 5204 ἀρχῆς
2825 5131 3126 5204 ἑκπέφηνεν
3159 5139 3185 5188 ὁ
3207 5136 3337 5199 Θεὸς
3365 5137 3554 5205 Λόγος.

2097 5201 2432 5276 (Μιλτιὶᾐιὶο.
2484 5199 2616 5254 Vide
2663 5199 2933 5276 'p'OSLrema
2972 5199 3135 5276 verba
3177 5207 3332 5274 primi
3390 5199 3586 5276 capitis

2028 5268 2197 5343 huius
2227 5269 2449 5343 libri,_et
2486 5268 2701 5343 secundi
2735 5273 2924 5343 capitis
2959 5274 3150 5343 prima.

2096 5339 2206 5404 (95)
2252 5337 2472 5394 Paulus.
2499 5338 2655 5393 Rom.
2684 5356 2719 5400 ι,
2749 5337 2860 5395 1-14.

2097 5406 2206 5476 (94)
2248 5408 2318 5461 Ut
2357 5411 2470 5476 ﬁat.
2505 5409 2659 5463 Boni.
2684 5427 2774 5470 xv,
2807 5413 2891 5465 l6.

2099 5477 2211 5546 (95)
2254 5478 2364 5533 Nos
2410 5489 2604 5531 autem.
2639 5477 2682 5532 ll
2725 5480 2909 5534 Thess.
2944 5498 3011 5545 ιι,
3062 5482 3146 5536 15.
3192 5480 3375 5536 Graeca
3426 5483 3591 5536 editio

2028 5562 2166 5619 nunc
2206 5562 2301 5619 pro
2341 5550 2634 5619 ἀπαρχήν,
2661 5550 2710 5602 id
2752 5561 2833 5604 est
2872 5569 2889 5601 ι
2923 5553 3246 5618 primitias,»
3294 5553 3453 5606 habet
3494 5555 3588 5606 ἀπ’

370 5610 796 5696 iriterlepistolas
822 5610 998 5696 Basilii
1031 5610 1534 5696 adApbtlinarium,
1558 5616 1920 5696 et.Apollina-
1952 5623 1997 5678 D
2025 5610 2220 5696 ᾁρχῇς,
2255 5617 2306 5671 id
2345 5628 2434 5696 est
2457 5610 2592 5671 'i'a'b
2620 5618 2845 5696 initio.»
2889 5610 3149 5696 Nimirum
3194 5610 3314 5696 eum
3357 5637 3454 5696 pro
3493 5624 3586 5676 ἀπ’

374 5682 437 5734 rii
464 5680 532 5754 ad
563 5680 837 5754 Basilium_
860 5682 977 5733 ideo
1021 5683 1158 5754 edita
1205 5700 1321 5754 non,
1353 5693 1455 5748 est,
1489 5685 1631 5754 quod
1658 5680 1772 5752 eius
1801 5701 1922 5753 apo-

372 5752 789 5824 grapbum__non
827 5750 1162 5824 invenerint;
1197 5755 1288 5806 sed
1312 5750 1614 5824 inveniego
1637 5750 1699 5808 in
1734 5750 1922 5823 perve-

377 5819 520 5874 tusto
551 5819 736 5874 codice
785 5835 908 5874 saec.
949 5837 976 5873 ιι
1024 5822 1252 5888 circiter,
1290 5838 1350 5878 ac
1403 5819 1576 5892 penes.
1618 5839 1699 5880 me
1734 5819 1920 5883 habeo.

2029 5688 2202 5757 ἀρχῆς
2254 5688 2518 5764 scribatur
2564 5689 2745 5764 etiatu_
2786 5690 3072 5764 ἀπαρχῆς,
3124 5701 3180 5764 ιιι
3217 5688 3488 5764 ἐξαρχῆς,
3534 5703 3586 5745 et

2031 5756 2337 5840 καταρχὰς,
2370 5757 2566 5840 idcirco
2609 5756 3180 5840 facilis‘lu‘i't'jnutatio
3223 5756 3584 5840 νυρῖἔᾶπαρ-

2033 5828 2133 5897 χήν
2166 5828 2216 5880 in
2247 5843 2428 5882 vocem
2468 5828 2740 5899 ἁπαρχῆς.
2767 5831 2834 5884 Λι
2863 5827 3118 5899 Vulgatus
3147 5830 3409 5900 interpres
3439 5827 3587 5900 legit,

3801 813 3826 836 ἢ
