4104 6408
511 362 613 418 ιῦἹ

1721 355 1957 413 DIDYMI
1995 354 2464 414 ALEXANDRINI

3669 358 3776 416 468

505 477 766 532 debemus
785 473 989 543 gratias
1018 485 1176 544 agere
1195 471 1304 527 Deo
1335 485 1550 542 semper
1577 485 1676 542 pro
1713 471 1890 537 vobis,
1924 470 2085 544 124

2190 471 2406 543 πνεῦμα
2433 470 2705 539 δουλείας,
2756 471 2894 525 ἀλλὰ
2919 469 3147 542 Πνεῦμα
3176 471 3480 542 δυνάμεως,
3511 472 3606 526 καὶ
3633 473 3774 541 ἀγά-

508 565 704 618 l'ratres
731 563 913 618 dilecti
954 579 984 616 a
1019 563 1280 628 Domino,
1329 562 1456 632 quia
1483 561 1645 632 elegit
1670 577 1766 618 vos
1799 563 1939 618 Deus
1971 564 2086 632 pri-

508 657 689 711 mitias
723 656 776 708 in
803 656 1058 718 salutem,
1087 654 1138 706 in
1177 653 1606 708 sanctiﬁcatione
1627 654 1881 722 Spiritus,
1945 662 1998 707 et
2027 655 2089 706 li-

415 741 418 744 ”
509 749 572 799 de
604 745 892 809 veritatis;
935 762 954 795 ›
986 742 1221 812 Spiritus
1243 743 1551 811 potestatis,
1577 751 1631 798 et
1652 741 1978 806 dilectionis,
2033 753 2089 798 et

508 836 898 905 castigationis,
929 848 1024 889 seu
1054 834 1448 888 moderationis
1482 851 1498 888 :
1535 835 1675 890 sicut
1697 833 1896 889 Paulus
1921 834 1972 889 in
2003 849 2090 890 se-

509 927 797 980 rundaad
851 925 1192 979 Timotheum
1250 923 1491 994 Epistula
1554 925 1776 994 scripsit
1823 942 1836 978 :
1902 944 1920 976 ι
1968 924 2086 980 Non

524 1021 653 1070 inim
690 1017 802 1087 (96)
831 1017 980 1071 dedit
1018 1017 1172 1072 vobis
1210 1017 1350 1071 Deus
1378 1017 1632 1086 spiritum
1667 1017 1966 1080 servitutis,
1995 1018 2088 1071 sed

509 1108 759 1174 spiritum
807 1109 1115 1177 potestatis,
1143 1118 1199 1161 et
1222 1107 1554 1172 dilectionis,
1581 1118 1634 1161 et
1689 1108 2088 1162 emendationis

509 1199 658 1269 (97);
701 1218 719 1251 ι
754 1209 810 1254 et
855 1200 922 1254 ad
985 1199 1259 1252 Rotnauos
1304 1216 1318 1253 :
1363 1216 1381 1250 ι
1435 1197 1672 1254 Obsecro
1722 1198 1836 1270 (98)
1906 1209 2087 1253 autem

513 1306 626 1355 vos,
671 1290 890 1352 fratres,
929 1305 1024 1360 per
1054 1290 1338 1344 Dominum
1387 1299 1631 1344 nostrum
1687 1288 1869 1344 Jesum
1927 1290 2087 1344 Citri-

510 1387 674 1442 stum,
737 1387 793 1432 et
851 1393 948 1446 per
991 1377 1312 1432 charitatem
1367 1375 1652 1446 Spiritus;
1719 1394 1738 1428 ι
1794 1386 1848 1430 et
1916 1376 2084 1430 alibi:

517 1488 533 1520 t
559 1468 787 1523 Fructus
811 1469 919 1539 (99)
943 1479 1124 1523 autem
1145 1469 1381 1538 Spiritus
1404 1480 1488 1523 est
1516 1467 1777 1531 charitas,
1808 1467 2086 1537 gaudium,

513 1577 636 1628 pax.
687 1580 706 1614 ι
739 1559 838 1616 Cui
869 1562 1048 1615 simile
1073 1572 1157 1616 est
1212 1561 1341 1614 illud
1381 1579 1395 1615 :
1449 1579 1468 1612 ι
1517 1559 1660 1614 Deus
1705 1559 1783 1630 (l)
1847 1560 2088 1614 charitas

512 1660 634 1718 est;
672 1671 690 1704 ι
725 1663 777 1706 et
813 1652 938 1706 illud
969 1652 1237 1706 alterum:
1275 1671 1292 1702 ι
1336 1651 1637 1706 Transtulit
1664 1650 1741 1720 (2)
1774 1652 1826 1704 in
1862 1665 2088 1720 regnum

515 1744 631 1799 Filii
664 1745 970 1802 dilectionis
1010 1761 1158 1811 suae;
1209 1764 1228 1795 ι
1257 1753 1312 1799 et
1351 1745 1480 1799 illud
1512 1766 1524 1799 :
1567 1762 1586 1794 ι
1623 1743 1776 1798 Sicut
1813 1742 1896 1814 (5)
1930 1742 2090 1796 Chri-

2191 580 2320 634 πης,
2390 563 2485 616 καὶ
2547 561 2971 634 σωφρονισμοῦ·
3020 581 3039 612 ι
3095 561 3191 614 καὶ
3234 560 3372 631 πρὸς
3431 559 3772 631 Ῥωμαίους·

2195 673 2214 706 ι
2257 653 2566 725 Παρακαλῶ
2597 654 2654 708 δὲ
2682 655 2847 725 ὑμᾶς,
2879 651 3118 721 ἀδελφοὶ,
3151 651 3239 705 διὰ
3267 651 3363 704 τοῦ
3386 652 3592 723 Κυρίου
3620 653 3775 723 ἡμῶν

2201 745 2375 816 Ἰησοῦ
2405 744 2662 814 Χριστοῦ,
2680 745 2775 798 καὶ
2791 743 2880 798 διὰ
2904 743 3005 813 τῆς
3028 743 3252 812 ἀγάπης
3279 740 3375 794 τοῦ
3400 741 3736 812 Πνεύματος·
3752 762 3771 795 ι

2189 837 2284 888 καὶ
2316 834 2580 906 ἑτέρωθι·
2621 855 2639 888 ι
2685 835 2744 889 '0
2779 835 2838 889 δὲ
2862 834 3073 906 καρπὸς
3121 833 3218 887 τοῦ
3268 833 3590 904 Πνεύματός
3629 837 3778 888 ἐστιν

2188 928 2400 999 ἀγάπη,
2427 927 2589 998 χαρὰ,
2613 928 2808 999 εἰρήνη
2831 944 2846 959 ·
2877 946 2896 980 ι
2929 927 3115 996 ὅμοιον
3163 925 3238 996 τῷ
3257 966 3273 990 ,
3305 944 3324 978 ι
3357 926 3414 980 '0
3435 926 3567 990 Θεὸς
3586 927 3776 999 ἀγάπη

2189 1018 2328 1079 ἐστὶ,
2367 1037 2386 1070 ι
2428 1019 2521 1072 καὶ
2551 1017 2650 1088 τῷ,
2696 1037 2714 1070 ι
2747 1017 3101 1088 Μετέστησεν
3143 1018 3222 1079 εἰς
3246 1015 3344 1088 τὴν
3378 1015 3656 1086 βασιλείαν
3679 1017 3777 1071 τοῦ

2192 1109 2322 1164 Υίοῦ
2356 1109 2457 1180 τῆς
2491 1111 2714 1181 ἀγάπης
2746 1109 2937 1163 αὐτοῦ.
2979 1129 2999 1162 ι
3035 1109 3164 1170 Καὶ,
3200 1127 3218 1159 ι
3253 1106 3452 1171 Καθὼς
3478 1110 3506 1161 6
3543 1108 3779 1180 Χριστὸς

2187 1204 2447 1274 ἠγάπησε
2496 1205 2596 1274 τὴν
2646 1201 2974 1272 Ἐκκλησίαν
3000 1215 3015 1231 ·
3052 1218 3071 1251 ι
3103 1201 3196 1253 καὶ
3236 1198 3395 1252 πάλιν
3417 1215 3430 1228 ·
3453 1217 3471 1250 ι
3503 1197 3610 1252 Τοῦ
3647 1199 3778 1252 Υίοῦ

2187 1294 2282 1348 τοῦ
2335 1294 2469 1348 Θεοῦ
2531 1293 2625 1347 τοῦ
2688 1293 3074 1365 ἀγαπήσαντός
3119 1308 3221 1363 με·
3256 1311 3274 1344 ι
3311 1293 3492 1364 ὅμοιον
3535 1293 3629 1346 καὶ
3659 1293 3777 1365 τῷ,

2194 1408 2213 1439 ι
2267 1387 2496 1458 Ἀπάρτι
2527 1385 2725 1455 ὅψεσοε
2748 1384 2839 1439 τὸν
2863 1384 2989 1438 Υἱὸν
3017 1383 3111 1437 τοῦ
3145 1382 3434 1454 ἀνθρώπου
3469 1383 3777 1454 καθήμενον

2189 1483 2255 1534 ὲκ
2273 1479 2462 1545 δεξιῶν
2483 1479 2580 1550 τῆς
2605 1470 2890 1548 δυνάμεως
2917 1476 3011 1530 τοῦ
3041 1476 3278 1547 Πατρδς,
3310 1495 3328 1526 ι
3350 1476 3444 1529 καὶ
3468 1475 3566 1546 τῷ,
3591 1494 3609 1526 ι
3636 1473 3776 1544 Ἐγὼ

2188 1573 2359 1642 ἔγνων
2391 1571 2620 1642 δύναμιν
2657 1568 2980 1634 ἐξελθοῦσαν
3036 1567 3096 1633 ἐξ
3140 1567 3299 1639 ἐμοῦ.
3343 1586 3362 1619 ›
3422 1567 3651 1638 Πνεῦμα
3689 1583 3776 1619 σο-

2189 1663 2318 1732 φίας
2374 1661 2471 1714 καὶ
2525 1659 2824 1722 συνέσεως·
2873 1657 3102 1728 Πνεῦμα
3168 1655 3364 1727 βουλῆς
3417 1656 3512 1709 καὶ
3559 1656 3770 1726 ίσχύος·

2189 1750 2413 1822 Πνεῦμα
2463 1751 2717 1819 γνώσεως
2793 1749 2888 1803 καὶ
2945 1748 3265 1812 εὐσεϐείας·
3330 1747 3555 1819 Πνεῦμα
3605 1748 3774 1818 φόόου

513 1847 630 1894 stus
655 1839 842 1893 dilexit
877 1839 1208 1903 Ecclesium;
1252 1859 1271 1890 ι
1299 1849 1352 1892 et
1379 1852 1566 1892 rursus
1591 1836 1719 1890 illud
1750 1855 1764 1890 :
1805 1853 1824 1887 ι
1860 1833 1982 1888 Filii
2011 1831 2087 1906 (4)

2190 1842 2326 1896 Θεοῦ
2351 1859 2364 1872 ·
2399 1841 2626 1912 Πνεῦμα
2683 1841 2920 1912 κρίσεως
2975 1839 3069 1892 καὶ
3117 1839 3398 1904 καύσεως,
3433 1840 3508 1903 ὡς
3546 1841 3777 1903 Ἡσαΐας

516 1930 634 1994 Dei,
676 1932 768 1998 qui
833 1927 1022 1984 dilexit
1081 1945 1185 1984 me.
1229 1948 1248 1979 ι
1308 1927 1498 1982 Simile
1556 1936 1642 1982 est
1685 1929 1852 1981 etiam
1911 1926 2087 1982 illud:

520 2041 538 2074 ι
581 2022 886 2092 Amodo(5)
914 2023 1165 2076 videbitis
1207 2021 1403 2075 Filium
1452 2019 1686 2074 hominis
1723 2021 2003 2074 sedentem
2060 2034 2091 2072 a

515 2115 722 2171 dextris
748 2115 965 2170 virtutis
988 2114 1206 2181 Patris;
1241 2133 1260 2166 ›
1298 2122 1350 2169 et
1385 2113 1551 2168 illud:
1582 2131 1601 2165 ι
1636 2112 1747 2183 Ego
1765 2111 1840 2183 (6)
1867 2111 2089 2181 cognovi

514 2210 767 2263 virtutem
817 2217 1102 2263 exeuntem
1156 2223 1222 2260 ex
1270 2221 1375 2262 me.
1420 2225 1440 2259 ι
1509 2205 1744 2275 Spiritus
1801 2205 2079 2273 sapientia:

515 2311 569 2354 et
612 2299 1003 2370 intelligentim,
1061 2299 1296 2367 Spiritus
1352 2297 1560 2352 consilii
1616 2305 1672 2350 et
1729 2295 2088 2360 fortitudinis,

517 2393 750 2461 Spiritus
807 2390 1051 2445 scienti-re
1089 2399 1143 2444 et
1165 2389 1404 2460 pietatis,
1441 2386 1680 2456 Spiritus
1711 2385 1922 2440 timoris
1970 2384 2090 2452 Dei,

517 2482 749 2550 Spiritus
791 2481 977 2551 judicii
1013 2489 1068 2535 et
1095 2477 1483 2533 eombustionis
1513 2496 1528 2531 :
1565 2477 1710 2532 sicut
1739 2474 1907 2532 Isaias
1961 2491 2086 2545 pro-

517 2577 675 2632 t-heta
706 2589 828 2628 eum
861 2583 1015 2626 vocat
1043 2572 1152 2642 (7);
1191 2580 1246 2625 et
1267 2572 1408 2625 sicut
1438 2569 1716 2640 Sapientia
1741 2569 1904 2624 dicit:
1941 2587 1960 2620 ι
1991 2567 2090 2624 Be-

517 2667 710 2737 nignus
740 2666 820 2736 (8)
841 2667 984 2721 enim
1015 2666 1248 2735 Spiritus
1277 2665 1557 2734 sapientiae
1583 2680 1598 2728 ;
1635 2681 1654 2715 ι
1685 2671 1740 2718 et
1769 2663 1910 2717 sicut
1942 2661 2092 2734 Moy-

515 2775 604 2814 ses
646 2759 698 2812 in
731 2758 915 2814 Exodo
958 2759 1178 2813 disserit
1219 2773 1234 2810 :
1265 2777 1284 2808 ι
1321 2756 1464 2811 Ecce
1495 2755 1572 2826 (9)
1610 2755 1824 2809 vocavit
1853 2755 1996 2809 Deus
2022 2770 2090 2810 ex

518 2853 732 2909 nomine
763 2852 1002 2909 Beseleel
1033 2852 1199 2906 lilium
1235 2850 1350 2914 Uri,
1385 2848 1550 2904 lilium
1585 2845 1661 2902 Or
1689 2847 1824 2917 (l0),
1857 2848 1923 2901 de
1945 2847 2088 2902 tribu

515 2946 671 3013 .luda,
719 2956 773 3001 et
817 2945 1056 3015 implevit
1121 2959 1244 2999 eum
1316 2941 1518 3012 Spiritu
1572 2941 1758 2995 divino
1801 2941 2081 3010 sapientiae

516 3048 570 3092 et
603 3037 993 3107 intelligentiae,
1043 3047 1098 3093 et
1153 3036 1437 3102 scientia;
1471 3053 1492 3087 ι
1529 3043 1582 3089 et
1633 3033 1926 3088 secundum
1983 3031 2089 3086 Ba-

521 3129 650 3184 rueh
685 3147 699 3184 :
737 3147 756 3182 ι
795 3129 1094 3198 Dereliquit
1121 3128 1230 3200 (Η)
1277 3128 1481 3182 fontem
1515 3126 1834 3196 sapientiae;
1869 3143 1888 3178 ι
1924 3134 1979 3180 et
2032 3134 2088 3180 ut

2193 1935 2563 2008 προφητεύει·
2594 1936 2688 1990 καὶ
2719 1935 2796 1998 ὼς
2838 1936 2872 2005 ή
2917 1933 3088 2002 Σοφία
3114 1933 3262 2001 λέγει
3281 1948 3297 1965 ·
3330 1953 3347 1985 ι
3391 1934 3773 2006 Φιλάνθρωπον

2190 2028 2300 2098 γὰρ
2331 2025 2554 2097 Πνεῦμα
2578 2025 2771 2095 σοφίας
2790 2041 2802 2054 ·
2842 2043 2861 2076 ι
2896 2026 2991 2078 καὶ
3015 2024 3090 2089 ὡς
3114 2025 3354 2096 Μωῦσῆς
3386 2026 3445 2079 ὲν
3473 2029 3539 2097 τῇ
3578 2025 3774 2098 Ἐξόδφ

2189 2119 2498 2190 διηγεῖται·
2539 2137 2557 2169 ι
2609 2117 2744 2171 Ἰδοὺ
2769 2117 3146 2188 ἀνακέκληκεν
3179 2119 3207 2170 ὁ
3250 2117 3382 2181 Θεὸς
3415 2117 3476 2182 ἐξ
3511 2118 3774 2188 ὀνόματος

2189 2209 2278 2263 τὸν
2302 2208 2565 2280 Βεσελεὴλ
2591 2209 2682 2262 τὸν
2709 2207 2803 2262 τοῦ
2837 2209 2993 2280 Οὐρὶ,
3054 2207 3146 2279 [56
3204 2207 3260 2280 ιι]
3312 2207 3405 2260 τὸν
3436 2207 3528 2262 τοῦ
3562 2210 3682 2278 Ὢρ,
3711 2210 3776 2262 ὲκ

2191 2301 2363 2372 φυλῆς
2397 2301 2586 2366 Ἰούδα,
2624 2301 2717 2354 καὶ
2758 2301 3054 2371 ἐνέπλησεν
3074 2300 3234 2354 αὑτὸν
3260 2299 3482 2372 Πνεῦμα
3515 2301 3655 2355 Θεῖον
3687 2319 3774 2354 σο-

2190 2394 2340 2462 φίας,
2377 2394 2472 2447 καὶ
2493 2392 2783 2454 συνέσεως,
2819 2392 2913 2445 καὶ
2937 2393 3278 2463 ἐπιστήμης·
3312 2410 3332 2444 ι
3385 2392 3479 2446 καὶ
3514 2392 3656 2446 κατὰ
3683 2391 3772 2446 τὸν

2189 2484 2406 2556 Βαρούχ
2434 2500 2448 2514 ·
2481 2503 2500 2534 ι
2544 2481 2905 2550 Ἐγκατέλιπε
2957 2481 3054 2552 τὴν
3115 2481 3298 2552 πηγὴν
3332 2482 3432 2552 τῆς
3482 2483 3707 2552 σοφίας·
3746 2502 3768 2534 ο

2191 2577 2284 2630 καὶ
2308 2577 2383 2639 ὼς
2413 2577 2470 2630 αἱ
2506 2575 2806 2647 Παροιμίαι
2835 2574 3182 2628 διδάσκουσιν
3205 2590 3220 2604 ·
3257 2594 3276 2626 ι
3323 2575 3382 2628 Ὁ
3413 2575 3544 2637 Θεὸς
3579 2578 3646 2645 τῇ
3680 2592 3771 2628 σο-

2189 2669 2286 2740 φίᾳ
2317 2667 2642 2740 ὲθεμελίωσε
2698 2669 2797 2740 τὴν
2826 2668 2952 2738 γῆν,
2977 2667 3277 2738 ἡτοίμασεν
3304 2667 3360 2720 δὲ
3411 2668 3676 2738 οὐρανοὺς
3711 2667 3769 2720 ὲν

2190 2763 2448 2832 φρονήσει
2474 2775 2488 2790 ·
2536 2779 2556 2812 ›
2584 2759 2726 2814 καθὰ
2771 2759 2900 2831 περὶ
2948 2758 3042 2812 τοῦ
3091 2759 3228 2812 Θεοῦ
3288 2760 3499 2830 Πατρὸς
3542 2759 3768 2822 Ἡσαΐας

2192 2846 2371 2903 εἶπεν·
2401 2869 2420 2902 ι
2452 2849 2624 2912 Abeo;
2649 2847 2813 2916 σοφὸς
2857 2843 2994 2918 ἦγεν
3040 2849 3127 2901 ἐπ’
3148 2849 3344 2912 αὐτοὺς
3375 2850 3539 2903 κακά.
3583 2868 3601 2900 ι
3635 2849 3769 2920 Περὶ

2188 2943 2246 2997 δὲ
2279 2943 2372 2995 τοῦ
2401 2941 2741 3010 Μονογενοῦς
2766 2941 2979 3005 Παῦλος
3007 2940 3110 3011 ἔφη
3133 2959 3148 2972 ·
3183 2960 3202 2991 ι
3240 2941 3494 3012 Χριστὸς,
3521 2941 3656 2995 Θεοῦ
3687 2941 3768 2996 δύ-

2190 3052 2372 3104 ναμις,
2402 3034 2496 3087 καὶ
2524 3032 2656 3086 Θεοῦ
2681 3032 2840 3101 σοφία
2866 3049 2879 3062 ·
2913 3051 2932 3083 ι
2965 3031 3059 3084 καὶ
3089 3031 3274 3096 ἄλλος·
3304 3052 3323 3083 ι
3362 3032 3654 3102 Εὑλογήσω
3677 3033 3766 3085 τὸν

2191 3125 2394 3196 Κύριον
2450 3123 2544 3178 τὸν
2577 3123 2932 3177 συνετίσαντά
2981 3141 3069 3194 με.
3102 3143 3120 3174 ι
3174 3125 3400 3196 Πνεῦμα
3437 3125 3761 3198 πραότητος,

520 3223 806 3278 Proverbia
851 3223 1090 3278 docent:
1126 3238 1146 3272 ι
1180 3220 1322 3275 Deus
1369 3220 1479 3290 (l2)
1529 3219 1792 3290 sapientia
1845 3217 2087 3273 fundavit

2195 3216 2339 3270 καθὰ
2368 3215 2580 3280 Παῦλος
2606 3215 2844 3270 νουθετεί
2870 3216 3115 3280 Γαλάτας
3137 3233 3151 3249 ·
3193 3234 3212 3268 ‹
3257 3217 3519 3287 Ἀδελφοὶ,
3549 3218 3644 3271 ἐὰν
3677 3218 3768 3272 καὶ

520 3329 741 3382 terram,
773 3315 984 3386 paravit
1015 3323 1196 3368 autem
1259 3312 1428 3369 caelos
1489 3312 1543 3367 in
1567 3311 1878 3382 prudentia.
1915 3327 1934 3361 ι
1969 3309 2091 3376 Quo

521 3409 680 3465 modo
717 3409 783 3464 de
811 3409 921 3464 Deo
946 3408 1108 3463 Patre
1134 3407 1300 3462 Isaias
1335 3405 1554 3476 inquit:
1585 3422 1605 3456 ι
1659 3404 1776 3474 Ipse
1817 3403 1931 3474 (l3)
1983 3402 2090 3457 Sa-

520 3500 673 3566 piens
711 3498 868 3553 duxit
895 3515 1057 3570 super
1083 3499 1228 3569 ipsos
1254 3497 1436 3563 mala;
1484 3515 1506 3548 ι
1543 3495 1611 3550 de
1657 3494 1947 3566 Unigenito
1992 3509 2092 3547 au-

523 3609 629 3650 tem
658 3595 858 3650 Paulus
895 3597 1029 3650 dixit
1055 3617 1073 3664 ἒ
1103 3613 1121 3646 ι
1158 3593 1405 3650 Christus
1432 3593 1544 3663 (Μ)
1575 3592 1667 3647 Dei
1699 3592 1895 3658 virtus,
1918 3597 1970 3644 et
1995 3587 2092 3644 Dei

525 3690 679 3760 125
709 3691 1006 3759 sapientia;
1055 3709 1074 3741 ι
1111 3698 1167 3745 et
1201 3688 1340 3743 alius
1369 3687 1482 3758 (15)
1516 3705 1531 3742 :
1564 3703 1584 3738 ι
1625 3685 1950 3741 Benedicam
1981 3683 2089 3737 Do-

520 3813 580 3857 ttt
613 3805 900 3868 Didymus;
947 3802 1109 3857 vertit
1151 3801 1295 3856 enim
1351 3820 1368 3852 ι
1400 3799 1692 3868 primitias.
1718 3818 1736 3850 ι
1780 3799 2088 3865 Eodemque

522 3874 678 3927 uiudo
709 3867 835 3942 legit
868 3867 980 3940 ipse
1027 3873 1281 3942 Didymus
1314 3873 1365 3924 in
1401 3867 1536 3942 libro
1564 3869 1640 3923 De
1667 3867 1874 3942 Spiritu
1903 3879 2086 3942 sancto

521 3959 668 3998 num.
694 3939 785 4004 5'5,
813 3939 901 3996 ubi
945 3943 1061 3996 hac
1103 3939 1356 3995 exstant:
1398 3960 1416 3991 ι
1448 3941 1511 3994 Et
1543 3955 1685 3993 nunc
1729 3941 1780 3993 in
1828 3939 2085 4008 prwsenti

522 4013 711 4082 Icodex
744 4022 922 4066 noster
960 4030 974 4066 :
1011 4028 1073 4082 ex
1104 4010 1394 4082 prmsenti]
1429 4009 1585 4082 Pauli
1625 4009 1932 4082 testimonio
1979 4009 2083 4082 lar-

517 4079 660 4153 gitor
709 4079 1148 4137 sanctiﬁcationis
1193 4079 1522 4153 ostenditur,
1573 4079 1627 4133 in
1677 4093 1741 4132 co
1785 4080 1933 4153 quod
1957 4080 2081 4134 ait:

524 4149 840 4208 EDebemus
892 4159 1069 4221 autem
1121 4157 1176 4205 et
1211 4166 1308 4204 nos
1338 4149 1579 4221 (voculae,
1631 4159 1685 4202 et
1739 4165 1856 4221 nos.
1901 4150 2085 4221 desunt

519 4225 572 4277 in
618 4234 792 4277 nostra
838 4220 1033 4292 codice]
1069 4222 1269 4292 gratias
1311 4219 1469 4287 agere
1514 4219 1704 4292 Deo...
1740 4220 1887 4292 quia
1927 4219 2089 4292 elegit

522 4294 664 4349 Deus
708 4309 807 4348 nos
863 4288 1156 4362 [legendum
1178 4291 1428 4362 (fortasse,
1449 4288 1566 4362 vos]
1596 4288 1927 4362 primitiasin
1949 4291 2088 4362 salu-

524 4377 649 4418 tem.
675 4402 690 4418 .
715 4401 729 4417 .
756 4383 773 4415 ι
815 4359 949 4417 Nam
997 4371 1051 4415 et
1084 4362 1136 4413 in
1175 4361 1273 4415 hoc
1314 4360 1431 4414 loco
1463 4359 1783 4412 charismata
1825 4359 1912 4412 Dei
1953 4360 2084 4412 sub-

523 4434 899 4502 intelliguntur
942 4431 1128 4504 [codex
1167 4441 1364 4496 noster,
1417 4427 1978 4501 superintelliguutur]
2030 4431 2084 4484 in

522 4505 749 4574 Spiritu,
774 4524 792 4556 ι
821 4513 927 4559 etc.

591 4596 859 4678 (96)Non
903 4612 1060 4651 enim.
1105 4593 1151 4674 ιι
1191 4594 1331 4648 Tim.
1362 4608 1416 4658 ι,
1449 4591 1517 4678 ¹’1.
1546 4593 1621 4678 ‘In
1660 4589 1863 4678 Graecis
1908 4591 2093 4678 Bibliis

521 4661 798 4721 ninittitur
849 4682 952 4721 vox
999 4665 1218 4731 πνεῦμα
1263 4665 1498 4716 secundo
1546 4664 1685 4724 loco,
1717 4675 1772 4716 et
1823 4679 1919 4731 pro
1965 4661 2089 4715 δου-

522 4736 672 4800 λείας
698 4737 890 4807 legitur
920 4738 973 4792 in
1009 4737 1113 4791 illis
1139 4733 1388 4796 δειλείας,
1440 4734 1488 4788 id
1531 4743 1617 4787 est
1659 4751 1679 4784 ι
1710 4733 1939 4787 timoris.
1970 4752 1990 4784 ι

594 4826 708 4898 (97)
751 4829 1168 4882 Eniendationis.
1197 4828 1324 4892 Aut,
1358 4844 1377 4877 ι
1409 4825 1738 4889 sobrietatis,
1770 4843 1790 4878 ι
1831 4834 1889 4879 ut
1928 4826 2091 4881 vertit

523 4897 693 4969 Vulg.
709 4898 996 4967 interpres.

593 4990 703 5059 (98)
749 4989 993 5045 Obsecro.
1027 4990 1181 5044 Rom.
1209 5004 1296 5050 xv,
1326 4988 1413 5043 30.

616 5061 705 5132 99)
746 5059 992 5132 Fructus.
1027 5060 1204 5115 Galat.
1232 5077 1281 5132 ιζ,
1305 5059 1394 5113 22.

620 5130 873 5193 “Deus.
908 5131 922 5181 |
953 5130 1108 5184 Joan.
1135 5145 1208 5194 ιν,
1240 5131 1291 5183 8.

593 5202 671 5270 (2)
715 5201 1030 5270 Transtulit.
1059 5201 1263 5254 Coloss.
1293 5217 1328 5263 ι,
1364 5201 1450 5254 1'5.

616 5269 670 5340 5)
710 5271 878 5326 Sicut.
909 5269 1106 5339 Ephes.
1135 5270 1299 5340 v,25.

616 5339 670 5412 4)
712 5340 863 5396 Filii.
893 5340 1068 5394 Galat.
1097 5357 1152 5403 ιι,
1183 5339 1272 5393 20.

592 5411 670 5483 (5)
713 5412 934 5483 Aniodo.
976 5411 1166 5483 Matth.
1210 5426 1355 5474 xxvi,
1405 5414 1494 5466 64.
1541 5412 1725 5468 Grzeca
1767 5414 1932 5467 editio
1977 5415 2078 5469 lm-

524 5481 611 5538 het
637 5483 731 5534 ἀπ’
761 5482 887 5554 ἄρτι
919 5497 1016 5550 pro
1045 5481 1282 5554 ἀπάρτι,
1329 5486 1470 5554 quod
1533 5485 1812 5554 idemiest.
1843 5485 1912 5537 At
1954 5501 2090 5554 pne-

525 5565 670 5607 terea
715 5551 915 5606 niti'ittit
943 5567 1136 5623 vocem
1165 5551 1406 5623 Πατρός,
1439 5554 1490 5605 id
1523 5563 1606 5608 est
1638 5573 1655 5604 ι
1683 5553 1877 5607 Patris.
1899 5574 1920 5606 ›
1954 5551 2088 5609 γυι-

523 5633 677 5690 gntus
708 5624 804 5677 iul.
836 5622 1170 5693 proﬂarpdq
1221 5622 1347 5692 legit
1377 5623 1533 5686 Θεοῦ,
1566 5625 1615 5676 id
1643 5633 1725 5679 est
1775 5643 1791 5674 ι
1825 5624 1949 5687 Dei,
1972 5644 1991 5677 ι
2031 5636 2088 5679 ιιι

523 5706 574 5744 et
596 5693 752 5746 Mare.
783 5708 894 5756 xlv,
923 5692 1006 5748 62.
1031 5692 1214 5747 Graeca
1233 5707 1359 5747 vero
1380 5695 1542 5747 editio
1574 5695 1854 5761 utrobique
1879 5705 2085 5748 utram-

529 5782 634 5826 ..ιω
709 5779 890 5816 vocem
967 5764 1182 5818 omittit.
1237 5762 1432 5817 Vocem
1510 5774 1686 5816 autem
1739 5763 1873 5816 Θεοῦ
1923 5766 2085 5821 habet

530 5834 658 5888 Luc.
689 5835 928 5898 xxn,ti9,
967 5835 1052 5890 ubi
1088 5835 1270 5890 eadem
1304 5835 1562 5903 repetitur
1589 5838 1870 5890 sententia.

2122 4518 2168 4572 υ
2259 4488 2622 4572 (lbLFilit‘t‘m
2659 4489 2757 4572 0r.
2795 4490 2982 4572 (ξνιιξςθ
3035 4488 3238 4572 _Biblia.
3276 4490 3392 4572 uigil
3421 4491 3486 4572 ᾭ

2185 3306 2472 3378 προληφθῇ
2503 3305 2789 3378 ἄνθρωπος
2815 3305 2872 3359 ἐν
2899 3323 3005 3360 τινι
3053 3306 3479 3378 παραπτώματι,
3529 3307 3687 3377 ὑμεῖς
3717 3309 3767 3360 οι

2185 3398 2546 3470 πνευματικοὶ
2591 3397 2950 3468 καταρτίζετε
2989 3398 3082 3453 τὸν
3112 3398 3353 3452 τοιοῦτον
3392 3400 3450 3450 ὲν
3488 3399 3764 3470 Πνεύματι

2185 3491 2511 3564 πραότητος.
2547 3508 2566 3542 ι
2598 3490 2824 3561 Πνεῦμα
2843 3489 3110 3553 παιδείας,
3133 3487 3278 3542 τοῦτ’
3305 3488 3420 3542 ἐστι.
3449 3489 3660 3558 σοφίας.
3703 3489 3765 3542 Ἦ

2187 3583 2297 3652 γὰρ
2327 3581 2499 3651 Σοφία
2535 3579 2714 3650 λέγει·
2744 3600 2762 3631 ι
2791 3581 3017 3652 Πνεῦμα
3038 3580 3287 3645 παιδείας
3309 3581 3564 3652 φεύξεται
3594 3580 3763 3646 δόλον,

2186 3675 2281 3728 καὶ
2311 3673 2758 3744 ἀπαναστήσεται
2780 3673 2888 3726 ἀπὸ
2909 3673 3183 3744 λογισμῶν
3209 3673 3504 3727 ἀσυνέτων.
3543 3692 3562 3724 ι
3600 3671 3770 3725 Πνεῦ-

2267 3789 2343 3856 (6)
2386 3789 2697 3860 Εραίιιιο.
2728 3804 2847 3856 vm,
2870 3788 2958 3854 46,
2993 3789 3079 3845 ubi
3107 3787 3291 3846 Graeca
3314 3789 3478 3846 editio
3507 3789 3668 3846 habet
3693 3789 3772 3844 ἀπ

2193 3861 2334 3933 ἐμοῦ
2367 3859 2464 3933 p_r_n
2491 3859 2550 3924 ἐξ
2575 3859 2730 3933 ἐμοῦ.

2293 3932 2345 3999 7)
2399 3929 2576 3983 Vocat.
2607 3929 2682 3982 Ex
2717 3929 2816 3982 lsa.
2838 3943 2918 3993 xl,
2945 3929 2980 3981 2
3003 3940 3056 3999 et
3089 3930 3144 3991 3,
3176 3939 3230 3984 et
3258 3945 3332 3994 tv,
3359 3930 3415 3985 4.

2293 3939 2345 3999 7)
2401 3939 2576 3983 Vocat.
2607 3939 2682 3982 Ex
2717 3939 2816 3982 lsa.
2838 3943 2918 3993 xl,
2945 3939 2980 3981 ’Ζ
3003 3940 3056 3983 et
3089 3939 3144 3991 5,
3176 3939 3230 3984 ει
3258 3945 3332 3994 tv,
3359 3939 3415 3985 4.

2263 3939 2338 4072 (8)
2384 4000 2668 4072 Benignus.
2691 3999 2831 4072 iSap.
2859 4016 2900 4064 ι,
2931 3999 2984 4052 6.
3013 3998 3199 4072 Grteca
3231 4002 3522 4072 editioipro
3572 4001 3762 4070 σοφίας

2190 4069 2354 4127 habet
2400 4069 2593 4138 σοφία,
2653 4071 2701 4123 id
2739 4079 2821 4124 est
2867 4071 3234 4139 «sapientia.»
3275 4072 3342 4122 At
3397 4070 3553 4138 Vulg.
3602 4069 3769 4125 inter-

2188 4157 2312 4211 pres
2353 4157 2416 4196 ac
2480 4141 2737 4209 Didymus
2802 4150 2856 4192 et
2901 4140 3009 4203 hic,
3057 4149 3109 4194 et
3161 4141 3212 4194 in
3258 4140 3395 4194 libro
3445 4139 3520 4193 De
3563 4140 3768 4208 Spiritu

2187 4210 2389 4278 sancto,
2417 4211 2543 4280 legit
2576 4228 2594 4260 ι
2624 4211 2919 4278 sapientiae.
2935 4210 3059 4280 {Ita
3091 4211 3234 4264 enim
3272 4212 3430 4264 habet
3461 4225 3620 4266 num.
3649 4213 3712 4266 5S
3745 4231 3760 4266 :

2193 4300 2212 4332 ι
2245 4277 2514 4351 Benignus
2544 4277 2809 4346 siquidem
2834 4292 2916 4334 est
2952 4277 3234 4350 [voculmu,
3264 4291 3366 4345 est,
3385 4281 3576 4333 omittit
3602 4286 3767 4336 codex

2190 4363 2362 4423 noster
2387 4350 2521 4423 918.]
2545 4351 2782 4423 Spiritus
2819 4351 3158 4423 sapientize‘.)

2260 4422 2336 4490 (9)
2380 4419 2534 4490 Ecce.
2567 4421 2736 4490 Exod.
2763 4435 2926 4481 xxxv,
2956 4419 3146 4490 28.29
3182 4419 3296 4487 (seu
3333 4420 3420 4484 '50,
3455 4420 3570 4490 51).

3529 4492 3633 4556 ,id

2268 4501 2378 4562 (ιυ)
2419 4501 2622 4544 hlium
2659 4501 2757 4542 Ur.
2795 4501 2982 4544 Graeca
3043 4501 3238 4550 btblla.
3276 4501 3392 4542 υιου
3422 4501 3544 4562 Ἤρ,
3581 4501 3633 4545 id
3680 4501 3767 4548 est

2203 4582 2222 4613 ι
2254 4563 2343 4616 lilii
2491 4579 2510 4612 ›
2543 4559 2750 4634 Οιῃιιιιι.
2775 4563 2860 4634 ed.
2888 4559 3068 4634 Exod.
3112 4573 3239 4612 χχχι
3262 4600 3278 4625 ,
3324 4561 3393 4624 2,
3415 4631 3424 4634 Α
3447 4561 3767 4634 Ιιίιὺοί-Ὢρ,

2191 4649 2284 4686 seu
2335 4629 2549 4684 «Hor.»
2594 4629 2721 4695 Quae
2775 4630 2966 4690 lectio,
3013 4629 3124 4682 sive
3178 4631 3544 4697 pronuntiatio
3598 4629 3763 4686 lleh'r.

2191 4700 2482 4769 exemplari
2527 4702 2827 4764 consentit,
2876 4701 3084 4769 innquo
3142 4714 3334 4754 nomen
3386 4719 3404 4752 ι
3442 4701 3569 4764 llor,
3599 4722 3616 4753 ι
3674 4702 3759 4754 vel

2197 4791 2215 4822 ι
2250 4767 2401 4825 nun
2456 4771 2710 4824 scribitur
2756 4785 2878 4823 cum
2929 4767 3105 4822 littera
3151 4779 3214 4831 Π,
3249 4770 3334 4824 cui
3370 4771 3564 4824 littera:
3628 4771 3766 4825 nihil

2191 4843 2384 4922 riu-lius
2414 4840 2462 4893 in
2495 4839 2682 4896 Graeco
2714 4838 3042 4910 respondere
3083 4850 3294 4906 potest,
3344 4857 3504 4910 quam
3553 4840 3758 4896 densus

2189 4922 2433 4966 SIDII’IIUS.

2221 4930 2719 5052 l’[($11lmbereliqni‘t.
2750 4978 3011 5052 Baruch.
3066 4977 3234 5052 ut,_7
3283 4980 3389 5050 (ap.
3436 4979 3762 5052 νμιμιε).

2188 5049 2370 5106 Griecu
2391 5053 2552 5102 editio
2570 5050 2727 5102 habet
2744 5050 3120 5117 ἐγκατέλιπες,
3138 5049 3187 5102 id
3206 5049 3326 5102 est:
3359 5050 3712 5116 dereliquisti.
3737 5070 3756 5102 ι

2267 5123 2377 5190 (12)
2422 5120 2575 5190 Deus.
2637 5119 3013 5181 Proverb.ttt,
3064 5119 3149 5190 ω.
3221 5119 3372 5174 Ηιιιιο
3434 5119 3756 5190 versiculum

2187 5189 2287 5245 etsi
2325 5189 2389 5244 ad
2429 5189 2685 5258 Spiritum
2736 5201 2979 5244 sanctum
3033 5189 3121 5242 hic
3166 5190 3393 5253 referat,
3439 5191 3502 5243 ad
3558 5189 3754 5243 Filium

2191 5273 2370 5315 tamen
2416 5261 2581 5314 refert
2617 5271 2726 5312 tum
2774 5275 2942 5328 segm.
2971 5259 3161 5321 1660,
3197 5270 3304 5312 tum
3358 5261 3410 5314 in
3461 5271 3652 5314 eatena
3701 5263 3758 5312 in

2185 5330 2379 5385 Jobum
2413 5347 2443 5384 a
2476 5330 2693 5385 Peltauo
2731 5331 3005 5388 translata.
3048 5345 3170 5398 pag.
3199 5330 3289 5384 81.

2258 5403 2370 5469 (15)
2413 5400 2553 5470 Ipse.
2587 5400 2688 5454 lsa.
2717 5415 2864 5471 xxxi.
2892 5400 2946 5452 2.
2984 5399 3170 5454 Graeca
3207 5400 3294 5454 ed.
3322 5417 3524 5471 σοφως,
3560 5401 3616 5455 id
3657 5409 3765 5467 est,

2193 5490 2212 5522 ι
2243 5473 2536 5538 sapienter,
2557 5489 2576 5523 ι
2615 5485 2709 5540 pro
2739 5470 2919 5538 σοφός,
2954 5472 3006 5524 id
3034 5479 3137 5533 est,
3179 5487 3202 5522 ο
3227 5470 3458 5536 sapiens.
3490 5493 3510 5525 ι

2259 5542 2369 5612 (14)
2437 5541 2694 5595 Christus.
2746 5541 2765 5594 Ι
2829 5541 3059 5612 (Jortt,
3109 5542 3199 5596 2-3.
3271 5541 3378 5595 Sed
3428 5541 3600 5596 Biblia
3648 5541 3768 5596 haec

2190 5610 2426 5667 ell'erunt
2456 5621 2828 5682 quarto‘casu,
2858 5622 2921 5682 _ut
2956 5610 3212 5682 Didymus
3245 5613 3361 5678 ipse
3397 5613 3545 5666 alibi.

2261 5682 2376 5754 (15)
2413 5679 2586 5754 Alius.
2616 5679 2820 5754 Nempe
2852 5679 3068 5735 Psaltes‘
3092 5683 3142 5734 in
3179 5682 3387 5750 psalmo
3414 5697 3501 5752 xv,
3539 5696 3683 5738 vers.
3707 5679 3765 5736 7.

2191 5751 2364 5808 Biblia
2393 5753 2581 5809 Grznca
2615 5751 2814 5808 habent
2844 5755 3233 5824 συνετήσαντα.
