4104 6408
568 349 667 404 471

1793 343 2040 400 ῸΙΒῩΜΙ
2076 343 2154 398 AI.

2254 343 2547 399 .ANDRINI
3719 349 3817 404 ιιε
3879 340 3882 342 ’

573 466 780 534 psalmo
805 471 882 516 ait
905 476 920 514 :
942 460 1108 527 «Quia
1129 461 1238 532 (ΞΘ)
1260 468 1466 516 rectum
1485 468 1567 515 est
1584 458 1818 514 Verbum
1839 459 2075 524 Domini,
2097 470 2152 514 et

2254 461 2348 512 καὶ
2397 461 2574 514 πάντα
2619 462 2686 514 τὰ
2743 462 2877 533 ἔργα
2931 459 3096 515 αὑτοῦ
3156 461 3212 515 ὲν
3260 462 3478 514 πίστει’
3531 481 3551 514 »
3604 463 3699 516 καὶ
3744 468 3817 537 τῷ

571 560 750 608 ouinia
763 568 924 621 opera
945 553 1126 621 ejusin
1147 551 1252 606 ﬁde
1273 567 1288 616 ;
1313 571 1333 604 »
1363 561 1472 605 tum
1501 551 1710 621 Moyses
1736 549 1912 618 inquit
1941 565 1956 601 :
1985 569 2003 601 ι
2043 549 2151 604 Re-

573 659 693 699 ctus
724 643 836 714 (ὅθ)
865 644 1122 698 Dominus
1140 643 1278 697 Deus
1300 652 1508 707 noster,
1531 651 1583 694 et
1601 657 1704 696 non
1722 653 1804 695 est
1827 641 2080 709 iniquitas
2098 642 2151 696 in

571 752 657 788 eo.
695 753 714 786 »
753 731 992 802 Spiritus
1020 733 1225 802 gratim,
1259 732 1402 788 sicut
1429 731 1722 800 Apostolus
1751 730 1996 786 Helmeis
2016 731 2151 786 scri-

573 825 650 877 hi-t
687 842 700 876 :
734 841 752 875 ι
784 823 886 888 Qui
911 822 1023 893 (5t)
1050 822 1245 876 Filium
1277 823 1368 877 Dei
1387 824 1809 888 conculcaverit,
1844 832 1899 879 et
1926 821 2150 893 Spiritui

573 916 760 986 gratiae
799 915 1183 971 contumeliam
1220 916 1427 972 fecerit.
1467 936 1486 968 »
1527 916 1692 986 Atqui
1739 917 1878 971 idem
1930 925 2149 986 aposto-

582 1095 598 1124 ι
632 1074 948 1144 principale.
974 1094 990 1125 »
1033 1085 1088 1127 ut
1112 1075 1220 1142 jam
1252 1076 1382 1129 dixi.
1408 1075 1484 1129 Ita
1515 1077 1655 1143 apud
1690 1075 1945 1130 Irenaeum
1981 1078 2150 1145 ipsum

581 1147 670 1198 lib.
699 1161 790 1209 ιιι,
839 1161 957 1212 cap.
989 1145 1047 1197 ll
1080 1187 1094 1210 ,
1142 1147 1227 1200 ubi
1284 1158 1436 1199 vetus
1493 1147 1757 1215 interpres
1811 1147 1996 1210 habet,
2052 1167 2068 1198 ι
2098 1160 2153 1203 et

579 1216 894 1282 principale,
923 1227 976 1267 et
1012 1216 1207 1281 regale,
1231 1237 1248 1267 »
1281 1216 1501 1269 Graccus
1546 1219 1724 1269 Iri-:naei
1763 1226 1938 1270 textus
1985 1219 2152 1272 habet

579 1287 670 1338 καὶ⁹
707 1286 1052 1354 ἡγεμονικὸν,
1094 1287 1186 1338 καὶ
1233 1285 1525 1356 βασιλικόν.
1571 1286 1638 1340 Ει
1693 1288 1848 1354 paulo
1896 1299 2014 1354 post
2061 1290 2149 1341 ubi

581 1359 772 1426 legitur
805 1357 1224 1429 g_principalem,
1251 1378 1269 1408 »
1309 1359 1494 1429 Crat-ce
1519 1356 1760 1429 iretur-us
1792 1357 1922 1409 dixit
1949 1359 2152 1429 ἡγεμο-

577 1425 752 1498 νικήν.
805 1425 931 1498 Utra
977 1438 1152 1479 autem
1178 1427 1379 1498 lectio,
1428 1426 1726 1496 ὑπέρτερον
1770 1425 2069 1498 πρωτεῖον,⁷
2100 1430 2150 1482 id

579 1509 661 1551 est
691 1497 714 1547 ι
740 1497 1072 1568 superiorem
1110 1497 1419 1568 primatum,
1449 1516 1466 1546 »
1514 1513 1580 1549 au
1620 1497 1923 1568 ὑπερτέραν
1940 1499 2152 1568 ἡγεμο-

581 1568 719 1631 νίαν,
757 1567 1086 1634 ιιιυὶιιιιιίιίοι
1118 1567 1207 1630 sit,
1249 1581 1304 1620 et
1340 1566 1546 1621 Grmcis
1588 1566 2153 1624 attribnsineli'usso—

585 1647 694 1701 net,
731 1637 970 1704 judicent
1011 1636 1101 1704 qui
1149 1638 1198 1688 in
1235 1638 1436 1691 Grzeeis
1479 1636 1725 1689 l’atrilius
1761 1638 1957 1691 versati
2002 1651 2149 1692 sunt.

582 1707 842 1776 Equidem
886 1722 1058 1774 neque
1099 1707 1396 1779 ὑπέρτερον
1433 1709 1724 1779 πρωτεῖονε
1748 1706 1798 1779 id
1834 1718 1915 1761 est
1949 1726 1967 1758 ι
1997 1725 2153 1776 supe-

585 1779 784 1850 riorem
825 1779 1123 1850 primatum
1153 1777 1485 1850 elegerem,
1534 1783 1641 1830 nec
1682 1777 1974 1850 ἐξαίρετον
2000 1796 2152 1850 πρω-

579 1851 740 1910 τεῖον,
779 1848 828 1898 id
861 1857 941 1900 est
995 1866 1012 1896 ι
1042 1847 1296 1900 eximium
1344 1849 1651 1915 primatum.
1684 1866 1701 1896 »
1748 1847 1898 1913 Quod
1934 1849 1976 1902 si
2021 1847 2151 1903 voce

583 1917 876 1988 ἡγεμονίαν
919 1931 1046 1970 usus
1083 1927 1166 1969 est
1198 1916 1454 1979 lrena:us,
1508 1936 1525 1968 ι
1553 1917 1964 1985 principalitatis
1989 1937 2008 1969 »
2056 1935 2150 1972 vo-

583 1987 830 2041 cabulum
864 1987 935 2040 ibi
968 2004 1071 2039 non
1111 1988 1394 2053 primatum
1419 1989 1707 2050 duntaxat,
1737 1989 1828 2041 sed
1857 1989 2149 2043 rectionem

583 2058 1134 2126 gubernationemque
1169 2059 1330 2127 totius
1371 2056 1624 2110 Ecclesia
1648 2057 1934 2122 signiﬁcat.
1966 2060 2150 2127 Itaque

583 2124 724 2196 Quod
761 2127 836 2178 ait
889 2127 1131 2198 David,_c
1164 2124 1415 2198 Spiritus,
1439 2127 1772 2195 principalis,
1798 2149 1815 2178 »
1863 2143 1889 2180 a
1925 2124 2150 2198 Di-lyino

585 2195 636 2250 in
680 2207 974 2250 comment.
998 2197 1048 2247 in
1090 2195 1325 2249 l’salmos
1355 2197 1420 2266 ad
1457 2212 1598 2249 vers.
1654 2198 1718 2250 15
1760 2199 1948 2266 psalmi
2006 2195 2041 2252 ιζ
2067 2200 2148 2252 di-

582 2267 725 2322 citur
764 2266 929 2336 ἄρχον
980 2268 1073 2319 καὶ
1111 2265 1462 2338 ήχεμονεῦον,
1597 2278 1679 2320 est
1725 2265 2052 2335 {imperans
2097 2279 2151 2322 et

583 2340 954 2405 gubernans.»
1007 2341 1081 2407 Ac
1137 2336 1444 2407 Romanam
1502 2337 1796 2392 Ecelesiam
1849 2338 2151 2407 Cyprianus

587 2422 821 2475 quoque,
856 2408 1016 2473 epist.
1042 2405 1131 2471 53,
1169 2417 1327 2477 vocat
1367 2425 1384 2457 ι
1411 2406 1702 2460 Ecclesiam
1726 2405 2096 2477 principalem.
2126 2427 2145 2459 »

587 2478 698 2531 l'loc
731 2492 858 2544 ergo
892 2477 990 2530 sibi
1023 2480 1134 2530 vult
1163 2476 1396 2530 Irenaeus
1422 2496 1435 2530 :
1475 2493 1494 2526 ι
1525 2477 1604 2529 Ad
1634 2476 1936 2530 [{niuanam
1965 2479 2148 2532 Eccle-

584 2548 716 2600 siani
743 2546 830 2618 διὰ
866 2546 963 2618 τὴν
993 2546 1297 2617 ὑπερτέραν
1313 2547 1631 2616 ἡγεμονίαν,
1667 2567 1686 2599 »
1709 2547 1760 2601 id
1774 2560 1855 2602 est
1893 2568 1911 2599 ι
1936 2556 2154 2618 propter

585 2617 940 2684 superiorem,
974 2633 1076 2685 qua
1107 2623 1328 2686 potitur,
1357 2619 1796 2686 gubernationem
1840 2617 2146 2673 necessario

586 2686 873 2740 convenire
908 2689 1106 2740 debere
1167 2703 1382 2741 onmem
1435 2687 1797 2741 Ecclesiam.»
1842 2688 2150 2743 Lectionem

589 2757 1200 2826 interpretationemque
1258 2773 1432 2810 meam
1486 2758 1634 2824 parvi
1686 2757 1910 2811 forsitan
1959 2758 2149 2824 facies,

585 2825 794 2898 Justiue
823 2825 1048 2880 Febroni
1080 2825 1236 2896 :iquo
1267 2827 1409 2881 enim
1444 2828 1550 2881 alio
1577 2837 1628 2881 te
1668 2828 1882 2882 nomine
1914 2831 2154 2898 compel-

587 2897 725 2959 lem,
769 2897 974 2959 nescio,
1020 2898 1119 2950 nisi
1174 2913 1238 2953 eo
1271 2898 1414 2965 quod
1459 2899 1687 2966 ipsemet
1735 2897 2148 2954 ementituses.

589 2970 654 3019 At
703 2966 836 3020 nihil
893 2983 993 3020 nos
1047 2969 1163 3034 ejus
1218 2968 1545 3022 clamoribus
1595 2982 2017 3035 commovemur,
2061 2971 2152 3036 qui

587 3037 686 3090 etsi
723 3036 773 3089 in
812 3037 1052 3089 ltoniano
1096 3037 1350 3106 episcopo
1385 3038 1675 3107 primatum
1720 3051 1996 3106 agnoscat,
2045 3050 2149 3092 tam

590 3107 830 3169 angustis
862 3116 1038 3160 tamen
1078 3107 1337 3161 limitibus
1367 3109 1748 3161 auctoritatem
1775 3109 1849 3160 illi
1875 3125 1904 3161 a
1934 3109 2151 3164 Christo

588 3177 834 3230 collatam
869 3187 1106 3252 ροβε-ρει,
1139 3188 1194 3229 ιιι
1222 3192 1504 3252 eanipeue
1531 3180 1595 3252 ad
1622 3178 1866 3252 nil'iiluiu
1887 3179 2151 3252 redigere,
2181 3190 2226 3252 (ς

590 3262 653 3298 ac
683 3261 895 3299 omnem
922 3248 1036 3300 fere
1067 3248 1385 3301 universalis
1431 3247 1682 3301 Ecclesia:
1727 3248 2153 3303 administratio-

593 3334 710 3368 nem
743 3316 791 3368 ei
829 3318 1064 3370 adimere
1096 3317 1360 3371 videatur.
1389 3317 1488 3381 Qui
1517 3333 1726 3370 summo
1760 3318 2008 3371 Pentiﬁci
2035 3318 2155 3373 Cle-

594 3386 761 3439 menti
799 3385 914 3438 Xlll
951 3387 1196 3440 volumen
1245 3388 1565 3452 inscribens,
1589 3406 1606 3436 ι
1635 3390 1861 3454 primum
1904 3391 1959 3441 in
1998 3391 2156 3444 terris

593 3456 793 3508 Christi
848 3458 1154 3510 vicarium»
1207 3473 1331 3511 cum
1390 3459 1656 3525 appellat,
1706 3459 1859 3526 quasi
1911 3460 2049 3513 alius
2103 3462 2157 3514 in

595 3527 755 3580 terris
791 3527 862 3579 sit
904 3526 1106 3580 Christi
1161 3527 1396 3582 vicarius
1436 3545 1499 3581 eo
1546 3543 1728 3592 sensu,
1764 3544 1869 3595 quo
1919 3529 2039 3583 talis
2074 3541 2159 3584 est

592 3611 877 3669 successor
910 3597 1073 3650 Petri.
1107 3597 1212 3669 Qui
1256 3598 1674 3669 moremillum,
1712 3613 1818 3664 quo
1863 3616 2001 3652 nunc
2047 3603 2160 3669 epi-

594 3667 766 3736 scopi,
797 3668 876 3721 sui
917 3668 1168 3725 nouunis.
1214 3679 1266 3722 et
1299 3667 1520 3722 honoris
1551 3677 1830 3721 auctorem
1869 3667 2158 3736 agnoscen-

596 3752 694 3801 tes,
734 3737 1051 3806 semetipsos
1101 3759 1116 3788 ι
1147 3737 1261 3804 Dei,
1314 3750 1394 3791 et-
1442 3739 1750 3806 apostolicae
1799 3741 1942 3795 sedis
1987 3742 2156 3808 gratia

591 3811 914 3876 episcopos»
979 3823 1174 3861 vocare
1237 3810 1439 3873 solent,
1489 3828 1508 3860 ι
1537 3808 1732 3862 saeculo
1778 3825 1885 3873 :uv,
1929 3813 2155 3864 necdum

594 3879 894 3950 usitatum»
925 3876 1112 3950 pluisse
1175 3881 1505 3932 conlidenter
1553 3891 1829 3950 asseverat
1893 3895 2014 3950 pag.
2053 3880 2159 3934 “257

591 3949 841 4000 Set'uttda:
870 3948 1154 4012 editionis;
1181 3951 1432 4015 quamvis
1459 3961 1602 4002 anno
1628 3949 1765 4002 1:270
1790 3948 2158 4005 Auxiniatium

593 4019 875 4086 episcopus
919 4027 1140 4071 sanctus
1182 4017 1525 4072 Benveuutus
1569 4021 1722 4087 (tom.
1760 4019 1794 4070 V
1831 4021 2026 4074 Annal.
2058 4021 2159 4074 Ca-

590 4087 837 4151 maldul.,
865 4102 990 4156 pag.
1026 4088 1131 4141 2i?»
1157 4088 1424 4158 Appeml.)
1460 4103 1524 4140 eo
1555 4104 1614 4142 se
1653 4088 1804 4143 titulo
1843 4091 2158 4158 appellaret,

594 4161 718 4209 dum
753 4159 826 4210 ita
843 4159 1253 4212 exordiebatur:
1279 4177 1296 4209 ι
1327 4159 1666 4213 Benvcnutus
1685 4160 1773 4212 Dei
1798 4169 1851 4210 et
1869 4162 2159 4227 apostolica

594 4228 764 4294 gratia
799 4227 1131 4281 Auximanus
1180 4231 1461 4296 episc0pus
1489 4247 1502 4280 :
1533 4249 1550 4278 »
1603 4241 1655 4282 et
1705 4244 1825 4282 mox
1894 4233 2155 4285 adderet:

599 4315 614 4345 ι
648 4299 983 4350 Auctoritate
1019 4298 1131 4362 Dei,
1179 4310 1234 4351 et
1282 4299 1586 4366 apostolica:
1629 4301 1792 4364 sedis,
1825 4311 1878 4353 et
1925 4299 1984 4352 Β.
2020 4301 2159 4355 Leo-

595 4368 746 4432 pardi
775 4383 789 4418 :
817 4385 837 4417 »
875 4368 1075 4421 Eodem
1113 4379 1291 4422 autem
1322 4371 1517 4422 saeculo
1540 4385 1639 4421 ιιιιι
1670 4370 1900 4423 similem
1947 4371 2160 4424 titulum

596 4437 889 4506 sumpserit
921 4437 1194 4493 Gerardus
1224 4442 1667 4507 archiepiscopus
1713 4438 2063 4505 Nicosiensis,
2102 4453 2160 4496 ut

595 4508 775 4579 videre
807 4508 930 4562 licet
958 4518 1088 4561 tum.
1116 4525 1182 4562 xv
1223 4509 1594 4563 Conciliorum.
1636 4511 1736 4576 Qui
1765 4526 1884 4579 pag.
1915 4511 2018 4566 258
2059 4515 2161 4579 hac

599 4581 709 4646 ipsa
750 4578 1001 4650 l'orrnula,
1038 4598 1054 4630 ι
1085 4580 1208 4644 Dei,
1245 4589 1298 4633 et
1331 4591 1532 4633 sancta:
1571 4585 1714 4635 sedis
1764 4577 1957 4650 gratia,
1984 4602 2003 4635 »
2045 4577 2155 4650 pri-

598 4665 714 4703 mos
750 4650 801 4701 in
828 4648 1000 4703 Gallia
1042 4651 1200 4704 annis
1229 4650 1360 4704 1551
1391 4661 1442 4703 et
1477 4651 1616 4704 1565
1671 4648 1793 4705 usos
1820 4667 1940 4706 esse
1979 4648 2156 4706 archi-

595 4719 880 4791 episcopos
931 4721 1039 4786 ait,
1083 4723 1153 4775 ob
1187 4739 1206 4771 ι
1233 4736 1293 4774 ea
1342 4721 1461 4788 jura
1489 4759 1503 4784 ,
1538 4736 1658 4789 quae
1709 4722 2155 4791 archiepiscopali

595 4788 762 4862 Pallio
789 4788 1090 4862 annectere
1122 4792 1473 4862 pootilicibus
1492 4788 1662 4845 visum
1698 4803 1780 4846 est
1803 4812 1820 4862 7:
1853 4811 1870 4843 »
1899 4788 2157 4862 quamvis

597 4874 696 4913 nec
724 4860 782 4915 S.
810 4853 1175 4924 Benvenutus,
1222 4878 1319 4914 nec
1362 4861 1509 4915 urbis
1545 4873 1741 4916 nostra:
1775 4853 2042 4918 Fehronio
2075 4864 2156 4916 iu-

595 4932 722 4984 visa:
754 4931 976 4984 antistes
1011 4946 1152 4986 anno
1195 4932 1331 4985 1345
1385 4932 1821 5001 archiepiscOpus
1855 4931 2014 4998 foret,
2060 4935 2155 4988 sed

594 5002 905 5070 cpiSCOpus,
933 5016 995 5052 ac
1023 5002 1384 5057 Beltraminus
1424 5011 1604 5055 tamen
1631 5019 1696 5055 eo
1725 5018 1870 5056 anno
1908 5021 1925 5053 ι
1955 5003 2072 5068 Dei,
2102 5013 2156 5059 et

596 5073 906 5140 apostolica:
934 5073 1078 5125 sedis
1109 5073 1588 5141 gratimepiscopus
1622 5071 1975 5127 Bononiensis
2003 5093 2022 5125 ι
2062 5091 2156 5128 vo-

594 5153 747 5195 cetur
774 5144 825 5194 iu
853 5153 1217 5213 monumento,
1248 5146 1387 5211 quod
1425 5152 1604 5198 eXStat
1634 5159 1753 5213 pag.
1815 5143 1919 5197 587
1947 5144 2156 5213 Appeti-

596 5213 731 5266 dicis
760 5213 826 5282 ad
854 5211 1050 5264 librum
1097 5212 1351 5266 Bononiae
1398 5211 1737 5281 impressum,
1775 5217 1865 5282 qui
1905 5211 2153 5269 inscribi-

598 5296 724 5334 tur:
753 5281 1004 5335 Memoria
1033 5283 1277 5335 istoriche
1323 5285 1650 5336 concernenti
1699 5286 1746 5336 le
1791 5281 1894 5337 due
1927 5284 2155 5338 Canoni-

595 5353 686 5405 rhe
712 5356 763 5404 di
813 5350 872 5405 S.
901 5350 1078 5405 Maria
1119 5354 1173 5406 di
1221 5353 1360 5406 Reno
1406 5369 1434 5406 ε
1471 5355 1526 5405 di
1575 5351 1632 5407 S.
1664 5352 1948 5408 Saluatore.
1995 5354 2060 5407 Et
2098 5357 2152 5408 in

591 5425 731 5492 App.
781 5421 985 5493 tom.)
1032 5423 1226 5478 Annal.
1280 5423 1557 5486 Camald.,
1605 5439 1724 5493 pag.
1758 5425 1884 5480 515.
1918 5422 2154 5479 Thomas

594 5491 878 5565 epiScopus
908 5491 1233 5565 Forolivien.
1263 5511 1351 5546 an.
1381 5493 1516 5549 1555
1549 5491 1736 5548 eodem
1778 5496 1937 5550 modo
1968 5498 2152 5565 loqua-

596 5574 704 5618 tur.
734 5563 834 5628 Qui
865 5579 987 5634 pag.
1016 5564 1121 5618 9.05
1159 5579 1223 5618 ex
1259 5565 1460 5618 Pii/tceo
1503 5567 1712 5632 statuit,
1749 5585 1768 5618 ι
1797 5563 2152 5634 οειοιιιινῖιιιιε

598 5635 811 5688 ,ωουιιε
847 5637 1041 5688 nullius
1091 5636 1280 5704 synodi
1328 5641 1381 5690 et
1423 5637 1759 5691 decretorum
1808 5638 1923 5706 ejus
1955 5638 2152 5691 conﬁr-

602 5706 892 5758 mationem
931 5721 960 5758 a
994 5708 1120 5760 sede
1157 5705 1400 5760 Romana
1450 5707 1751 5775 postulasse
1774 5727 1792 5758 »
1831 5705 2147 5777 episcopos;

600 5777 787 5842 pagina
825 5791 953 5830 vero
1003 5777 1106 5830 588
1159 5777 1441 5830 sententia:
1477 5779 1702 5844 ipsemet
1751 5796 1860 5832 sua:
1912 5780 2145 5834 circum-

596 5849 828 5916 scriptor
873 5852 1133 5919 synodum
1185 5848 1674 5902 Chalcedonensem
1718 5868 1734 5900 ι
1767 5852 1983 5916 petiisse
2010 5852 2041 5899 ι’
2076 5853 2150 5904 ait

2251 552 2476 605 Μωῦσεῖ
2496 551 2703 619 λέγοντι
2726 570 2738 581 ·
2778 572 2796 604 ι
2844 552 3021 622 Εὺθὴς
3055 551 3255 621 Κύριος
3280 554 3308 603 ὁ
3336 551 3468 615 Θεὸς
3509 552 3690 623 ἡμῶν.
3730 558 3818 610 καὶ

2251 643 2351 694 οὐκ
2384 641 2528 694 ἐστιν
2567 640 2750 696 ἀδικία
2780 643 2838 694 ἐν
2868 639 3034 712 αὐτῷ.
3080 659 3098 691 »
3133 639 3355 710 Πνεῦμα
3394 641 3646 711 χάριτος,
3681 645 3818 698 καθὰ

2252 736 2280 786 ὁ
2325 734 2645 798 Ἀπόστολος
2686 734 2956 806 Ἑϐραίοις
3012 732 3352 786 ἐπιστέλλει·
3402 752 3421 785 ι
3471 735 3529 787 '0
3578 736 3671 787 τὸν
3699 736 3818 789 Υἱὸν

2251 825 2344 878 τοῦ
2371 826 2506 879 Θεοῦ
2539 829 2950 897 καταπατήσας,
2985 827 3078 880 καὶ
3128 825 3190 878 τὸ
3218 824 3442 894 Πνεῦμα
3476 826 3575 896 τῆς
3606 827 3820 898 χάριτος

2252 919 2559 990 ἐνυϐρίσας.
2599 937 2618 970 »
2652 917 2764 972 Καὶ
2787 917 2897 990 γὰρ
2934 922 2962 972 ὁ
2981 918 3142 984 αὐτὸς
3174 917 3403 989 ἔγραψε,
3452 920 3580 991 περὶ
3604 921 3702 990 μὲν
3729 920 3817 974 τοῦ

2261 1088 2289 1124 a
2341 1071 2522 1126 Leone
2564 1072 2613 1137 ι,
2651 1091 2670 1124 ι
2699 1073 2802 1127 sub
2849 1071 3276 1126 conlirmationis
3347 1072 3512 1125 verbo
3559 1073 3819 1126 ratihahi-

2261 1143 2461 1196 tionem
2506 1159 2719 1209 eorum,
2756 1158 2875 1212 qua:
2907 1153 3094 1196 contra
3147 1143 3479 1196 voluntatem
3528 1142 3818 1210 legatorum

2251 1223 2368 1266 acta
2420 1213 2661 1274 fuerant;
2695 1234 2712 1265 »
2767 1229 2829 1266 ac
2878 1223 3086 1265 sextam
3133 1213 3397 1282 synodum
3449 1215 3501 1264 in
3559 1213 3816 1281 synodica

2253 1284 2480 1349 epistola
2507 1283 2774 1351 Agathoni
2808 1284 3043 1350 pontilici
3084 1285 3197 1336 haec
3234 1283 3517 1349 scripsisse
3546 1300 3558 1334 :
3603 1301 3622 1333 ι
3653 1285 3816 1348 Quam

2252 1353 2611 1422 (dm-trinam)
2665 1367 2723 1408 ut
2774 1354 2970 1407 iterum
3027 1369 3122 1422 per
3170 1353 3507 1407 honorabilia
3562 1355 3818 1421 rescripta

2253 1423 2604 1485 conlirmetis,
2653 1435 2887 1477 vestram
2939 1440 3191 1489 rogamus
3245 1431 3525 1492 paternam
3561 1427 3818 1477 sanctita-

2253 1504 2381 1545 tem.
2416 1512 2434 1544 »
2471 1492 2571 1557 Qui
2604 1508 2724 1562 pag.
2750 1493 2878 1556 ‘25l,
2912 1494 2986 1546 ait
3025 1493 3393 1547 Innocentium
3425 1492 3510 1556 lll,
3555 1512 3572 1542 ι
3603 1509 3670 1546 ex
3703 1509 3819 1560 per-

2256 1564 2509 1617 suasione
2557 1565 2827 1618 contraria
2861 1579 3031 1618 sacrae
3071 1562 3398 1631 Scriptum,
3440 1565 3536 1616 toti
3583 1564 3820 1628 antiqui-

2254 1634 2388 1699 tati,
2453 1634 2803 1687 conciliorum
2864 1633 3297 1695 deﬁnitionibus,
3353 1644 3410 1687 et
3461 1633 3821 1689 observantia

2254 1703 2570 1757 universalis
2602 1704 2854 1758 Ecclesiae
2883 1724 2901 1755 »
2944 1705 3228 1772 scripsisse
3275 1706 3387 1758 haec
3417 1705 3579 1758 verba
3610 1721 3622 1756 :
3667 1721 3685 1754 ι
3715 1702 3821 1755 Ma-

2249 1773 2398 1842 jores
2442 1773 2967 1836 Ecclesiaecausas,
3015 1774 3315 1843 praesertim
3379 1775 3640 1829 articulos
3701 1773 3819 1827 ﬁdei

2183 1831 2652 1911 Bcontingetites,
2697 1845 2762 1898 ad
2818 1831 2966 1897 Petri
3015 1831 3198 1899 sedem
3257 1843 3592 1907 referendas,
3625 1862 3644 1895 »
3681 1853 3818 1910 etc.;

2253 1914 2505 1982 quamvis
2540 1915 2720 1969 multis
2766 1927 2892 1969 ante
2925 1917 3140 1970 szeculis
3168 1914 3235 1967 ad
3269 1915 3428 1968 Al’ros
3458 1917 3519 1968 ὃ.
3557 1915 3819 1968 Innocen-

2254 1985 2362 2038 tius
2406 1983 2456 2049 Ι,
2500 1987 2867 2054 rescripsisset
2898 1985 2954 2038 in
3009 1987 3147 2038 hunc
3186 1986 3451 2038 modum:
3495 2004 3513 2036 ι
3550 1984 3619 2040 Ut
3665 1985 3821 2053 quid-

2253 2055 2379 2121 quid
2415 2056 2665 2122 quamvis
2710 2056 2776 2108 de
2820 2056 3107 2124 disjuuctis
3141 2055 3475 2122 remotisque
3529 2055 3822 2124 provinciis

2254 2135 2532 2193 ageretur,
2581 2141 2685 2178 non
2729 2126 2881 2192 prius
2933 2133 3194 2178 ducerent
3247 2125 3561 2188 ﬁniendum,
3601 2125 3704 2179 nisi
3758 2126 3821 2179 ad

2254 2195 2414 2264 hujus
2447 2195 2662 2264 (nempe
2693 2196 2971 2264 Romanae)
3014 2197 3157 2249 sedis
3193 2195 3436 2247 notitiam
3487 2196 3820 2263 perveniret,

2255 2273 2314 2317 ut
2354 2275 2463 2318 tota
2495 2265 2653 2332 hujus
2685 2267 3005 2323 auctoritate
3034 2281 3154 2334 qua:
3187 2265 3347 2318 fuerit
3375 2265 3522 2334 justa
3551 2265 3822 2319 sententia

2255 2337 2622 2406 ﬁrmaretur.»
2669 2335 2805 2401 Qui,
2852 2353 2972 2390 eum
3021 2337 3320 2406 Cyprianus
3371 2336 3664 2406 nonnullos
3715 2335 3822 2389 Ro-

2254 2420 2398 2475 mam
2460 2405 2843 2473 navigaturos,
2906 2403 3186 2474 postquam
3256 2423 3272 2456 ι
3309 2407 3360 2457 in
3407 2403 3551 2459 Urbe
3606 2406 3695 2475 (id
3743 2413 3823 2458 est

2256 2474 2462 2545 Romm)
2513 2475 2747 2529 schisma
2800 2479 2998 2530 laetum
3030 2485 3219 2537 erat,»
3271 2477 3513 2528 hortatus
3565 2474 3674 2540 sit,
3716 2493 3736 2524 ι
3767 2483 3825 2528 ιιι

2253 2545 2507 2599 Ecclesia:
2544 2545 2824 2601 catholica:
2884 2546 3162 2618 matricem
3201 2556 3256 2618 et
3295 2546 3532 2598 radicem
3563 2560 3821 2618 agnosce-

2254 2625 2398 2677 rent,
2444 2631 2506 2669 ac
2557 2625 2820 2679 tenerent,
2845 2635 2864 2668 »
2907 2617 3134 2670 ﬁdenter
3175 2615 3402 2669 aﬁirmat
3433 2631 3556 2684 pag.
3588 2615 3692 2669 185
3719 2630 3822 2669 ιιοιι

2255 2685 2329 2756 ita
2384 2685 2717 2756 Cyprianum
2767 2687 3171 2749 intelligendum
3218 2702 3374 2749 esse,
3423 2696 3476 2739 ut
3523 2685 3822 2739 Romanam

2254 2755 2550 2810 Ecclesiam
2594 2767 2752 2810 vocet
2787 2775 2805 2808 ι
2835 2757 3090 2811 Ecclesia:
3135 2757 3417 2810 catholica:
3462 2756 3743 2809 matricem
3770 2765 3823 2810 et

2257 2827 2575 2895 radicem,»
2635 2827 2783 2880 sicut
2836 2829 3157 2895 interpretes
3208 2826 3458 2881 arbitrati
3516 2837 3680 2890 sunt,
3732 2827 3823 2880 sed

2261 2913 2279 2947 ι
2313 2894 2570 2951 Ecclesia:
2601 2898 2879 2952 catholica:
2919 2894 3199 2951 matricem
3240 2907 3295 2949 et
3349 2897 3582 2951 radicem
3614 2914 3634 2947 »
3691 2896 3825 2951 nihil

2254 2965 2399 3020 aliud
2448 2981 2810 3036 esse,rquam
2861 2967 3122 3020 unitatem
3183 2965 3532 3028 catholicam,
3582 2980 3647 3020 eo
3680 2967 3822 3036 quod

2254 3037 2379 3090 alibi
2424 3035 2721 3091 Ecclesium
2755 3038 3078 3091 catholicam
3116 3046 3271 3090 vocet
3308 3056 3325 3088 ι
3353 3037 3633 3090 matricem
3660 3035 3826 3106 {Cy-

2254 3106 2479 3176 prianus
2510 3128 2522 3160 :
2563 3109 2716 3175 quasi
2765 3123 2893 3160 vero
2938 3117 3032 3160 aut
3065 3107 3204 3161 idem
3240 3108 3310 3160 sit
3351 3124 3370 3158 ι
3401 3107 3601 3159 matrix
3625 3125 3644 3156 »
3697 3109 3826 3161 sim-

2257 3177 2489 3246 pliciter,
2520 3187 2681 3246 atque
2730 3197 2748 3228 ι
2777 3177 3031 3232 Ecclesia:
3077 3177 3355 3232 catholicae
3404 3177 3599 3229 matrix
3631 3187 3689 3231 et
3737 3195 3825 3232 ra-

2258 3249 2380 3312 dix;
2415 3266 2432 3297 »
2481 3257 2574 3300 aut
2620 3263 3076 3314 supervacauemn
3123 3263 3226 3300 non
3274 3249 3437 3302 fuerit
3485 3246 3826 3301 Christianos

2259 3317 2504 3371 homines
2567 3319 2802 3383 hortari,
2853 3330 2908 3370 ut
2957 3320 3214 3371 unitatem
3262 3318 3612 3382 catholicam,
3663 3334 3825 3385 quam

2259 3403 2324 3440 ex
2377 3388 2634 3457 Symbolo
2679 3388 2887 3457 jamdiu
2948 3398 3172 3448 norant,
3211 3406 3229 3438 ι
3255 3397 3646 3457 agnoscerent;
3679 3407 3700 3440 »
3741 3400 3828 3441 aut

2258 3461 2414 3524 quasi
2466 3459 2516 3510 in
2565 3460 2704 3512 libro
2736 3459 2810 3511 De
2843 3462 3046 3512 unitate
3091 3459 3338 3511 Ecclesia:
3371 3470 3557 3527 aperte
3592 3473 3700 3512 non
3734 3460 3828 3512 do-

2259 3529 2432 3582 cuerit
2486 3530 2810 3598 Cyprianus,
2852 3547 2868 3578 ι
2902 3530 3122 3582 unitatis
3171 3530 3409 3595 ejusdem
3463 3529 3734 3595 originem
3763 3529 3828 3582 ah

2261 3615 2366 3652 uno
2391 3619 2409 3650 »
2456 3597 2616 3653 Petro
2653 3619 2670 3649 ι
2704 3600 2967 3667 incipere,
3004 3613 3070 3653 ac
3101 3599 3452 3666 super‘illum
3497 3613 3664 3651 unum
3697 3600 3828 3654 aedi-

2262 3669 2474 3721 licatam
2507 3684 2627 3722 esse
2668 3670 2984 3722 Ecitlesiam.
3014 3689 3032 3720 »
3069 3671 3168 3735 Qui
3198 3669 3437 3733 demum,
3463 3684 3584 3724 cum
3631 3670 3750 3724 haec
3777 3671 3827 3723 in

2259 3753 2358 3792 suo
2399 3759 2417 3790 ι
2446 3739 2705 3808 singulari
2742 3740 2878 3793 libro
2903 3759 2921 3790 »
2962 3741 3270 3808 scripserit,
3303 3747 3363 3792 ut
3406 3740 3510 3792 alia
3551 3741 3826 3805 omittam,

2260 3809 2479 3863 sibimet
2526 3825 2642 3874 ipse
2697 3811 2993 3872 blanditur,
3040 3827 3104 3863 ac
3150 3809 3495 3875 bibliOpolam
3545 3809 3707 3863 initio
3752 3812 3829 3864 sic

2259 3878 2566 3947 loquentem
2602 3880 2845 3933 inducit:
2879 3899 2896 3930 ι
2921 3880 3211 3949 Postquam
3245 3881 3416 3948 prima
3449 3878 3610 3945 hujus
3635 3881 3827 3948 Operis

2261 3952 2427 4003 editio
2458 3950 2670 4003 insolita
2720 3950 2998 4004 celeritate
3026 3951 3287 4004 exhausta
3320 3961 3484 4014 esset,
3511 3971 3527 4001 »
3564 3961 3674 4003 etc.
3725 3952 3829 4004 Sed

2262 4018 2518 4073 inﬂantur
2547 4032 2600 4073 et
2630 4021 2782 4088 pueri
2826 4021 3024 4074 calceis
3073 4020 3257 4079 novis.
3293 4031 3350 4073 ut
3385 4021 3473 4074 ille
3514 4021 3620 4081 ait;
3671 4035 3828 4076 nemo

2261 4100 2442 4142 autem
2484 4092 2728 4159 ignorat,
2774 4101 2959 4144 nostro
3006 4090 3200 4144 saeculo
3247 4092 3402 4157 (proh
3447 4089 3663 4160 dolor!)
3711 4107 3829 4161 per-

2261 4174 2449 4212 versos
2474 4174 2638 4228 atque
2673 4166 2807 4215 adeo
2839 4162 3253 4214 exitiosissimos
3306 4161 3473 4214 libros
3502 4162 3648 4215 brevi
3697 4174 3830 4216 tem-

2263 4244 2394 4298 pore
2445 4232 2662 4300 iterum,
2704 4246 2765 4284 ac
2803 4234 2978 4294 tertio,
3011 4243 3099 4283 aut
3133 4231 3330 4297 szepios
3365 4234 3506 4300 typis
3537 4233 3825 4286 mandari:

2264 4313 2322 4372 ut
2375 4302 2424 4372 in
2475 4299 2698 4372 llelvetii
2747 4317 2927 4372 opere,
2985 4313 3038 4354 et
3084 4299 3433 4363 finitissimis,
3485 4304 3827 4372 maximeque

2264 4370 2442 4438 impiis
2482 4370 2696 4433 libellis,
2727 4376 2816 4440 qui
2851 4371 3088 4424 Voltairii
3122 4375 3339 4425 nomine
3377 4375 3514 4425 clam
3545 4370 3830 4426 venditan-

2268 4451 2375 4504 tur,
2417 4441 2708 4510 contigisse
2768 4457 2939 4509 nuper
2988 4442 3252 4504 vidimus,
3302 4443 3424 4495 dum
3479 4443 3693 4495 interim
3755 4452 3829 4497 tot

2264 4523 2574 4564 sanctorum
2626 4512 2881 4571 Patrum,
2932 4522 3006 4564 tot
3060 4513 3496 4565 doctissimorum
3546 4514 3828 4582 theologo-

2195 4572 2234 4626 Ι)
2267 4597 2416 4653 rum,
2462 4582 2970 4653 jurisconsnlmrum
3029 4597 3093 4634 ac
3165 4583 3605 4652 philosophormn
3663 4572 3827 4653 ι)μέιᾶ

2264 4652 2346 4702 vix
2381 4653 2545 4705 semel
2586 4668 2693 4707 uno
2727 4652 2922 4706 saeculo
2958 4653 3361 4717 imprimuntur.
3407 4654 3472 4707 Ut
3503 4655 3646 4708 enim
3687 4652 3829 4708 recte

2261 4721 2435 4793 inquit
2467 4722 2848 4793 Hieronymus,
2887 4741 2904 4772 ι
2939 4724 3103 4775 multo
3131 4738 3257 4793 pars
3290 4723 3459 4790 major
3481 4732 3565 4776 est
3591 4723 3828 4777 Milesias

2259 4789 2470 4846 fabulas
2503 4789 2914 4858 revolventium,
2950 4789 3400 4860 quam’Platonis
3435 4795 3626 4847 libros.
3655 4812 3674 4844 ι
3723 4796 3830 4848 Sed

2251 4862 2362 4928 jam
2408 4863 2474 4915 ad
2528 4863 2926 4931 ἀπροσδιόνυσα
2964 4865 3238 4931 digressus
3287 4880 3427 4925 sum,
3472 4875 3527 4917 et
3571 4875 3826 4917 currente

2261 4943 2395 4996 rota,
2434 4935 2559 5004 dum
2596 4950 2816 4988 urceum
2865 4938 3043 4986 lacere
3078 4935 3276 5002 cogito,
3313 4936 3628 5004 amphoram
3676 4937 3829 4988 ﬁnxit

2258 5019 2469 5056 manus.
2507 5002 2634 5056 Vide
2671 5016 2824 5056 notas
2852 5007 2915 5055 ad
2947 5017 3095 5070 segni
3127 5004 3193 5055 78
3219 5004 3268 5056 b.

2295 5074 2438 5192 ⁹(321))
2481 5072 2638 5137 Quia.
2670 5073 2811 5128 Psal.
2834 5089 3003 5138 xuii,
3053 5090 3193 5128 vers.
3223 5078 3277 5129 4.
3314 5074 3585 5144 Complut.
3635 5075 3822 5137 editio,

2295 5165 2315 5192 J
2357 5161 2436 5192 US.

2256 5158 2436 5204 ευυυς.

2326 5213 2438 5286 (ἆυ)
2486 5211 2694 5286 Rectus.
2719 5215 2894 5286 Deut.
2927 5229 3100 5278 xxx”,
3135 5215 3190 5276 4,
3228 5215 3420 5286 legitur
3445 5215 3577 5279 Θεὸς
3611 5216 3823 5278 πιστὸς,

2255 5283 2349 5356 κα).
2375 5285 2474 5336 οὐκ
2516 5284 2660 5356 ἔᾳτιν
2704 5284 2887 5337 ἀδικία
2921 5287 2977 5338 ἐν
3010 5286 3185 5356 αὐτῷ·
3226 5283 3433 5349 δίκαιος
3480 5287 3574 5339 καὶ⁵
3613 5288 3760 5349 ὅσιος
3798 5287 3827 5340 ὁ

2255 5353 2477 5424 Κύριος.
2517 5354 2641 5408 lleec
2674 5359 2887 5410 tametsi
2924 5358 2988 5408 iis
3017 5353 3211 5410 similia
3247 5358 3354 5410 sint
3398 5374 3515 5426 qua:
3562 5356 3828 5426 Didymus

2257 5426 2440 5486 all'ert,
2483 5442 2586 5478 non
2645 5437 2767 5480 sunt
2819 5439 2992 5479 tamen
3053 5428 3209 5495 plane
3255 5429 3463 5480 eadem.
3512 5428 3582 5480 At
3637 5431 3827 5482 eadem

2256 5496 2414 5563 plane
2449 5496 2692 5550 invenies
2724 5498 2774 5549 in
2811 5498 3016 5565 psalmo
3042 5513 3148 5561 χει,
3179 5514 3321 5552 vers.
3349 5498 3434 5550 15.

2325 5565 2436 5635 (51)
2481 5567 2603 5629 Qui.
2643 5567 2805 5620 llcbr.
2834 5583 2886 5632 χ,
2913 5567 3003 5621 29.
3041 5569 3197 5620 Μαι-ει
3233 5570 3435 5621 omittit
3478 5569 3827 5623 intermedia.

2253 5634 2311 5688 ln
2352 5637 2444 5690 lib.
2478 5639 2554 5691 De
2603 5637 2804 5705 Spiritu
2829 5655 3031 5699 ειιιιειο,
3067 5655 3213 5692 ιιιιιιι.
3239 5640 3296 5702 4,
3331 5641 3395 5694 lb’
3425 5651 3478 5692 ct
3525 5640 3615 5702 65';
3663 5639 3829 5693 simili

2255 5709 2416 5763 modo
2465 5711 2660 5778 accipit
2707 5708 2856 5761 Pauli
2897 5710 3086 5775 verba;
3136 5726 3258 5763 nam
3303 5727 3450 5762 num.
3486 5711 3518 5763 4
3565 5714 3678 5764 haec
3731 5712 3832 5763 ha-

2254 5778 2344 5832 bet
2386 5798 2400 5832 :
2443 5799 2461 5830 (
2507 5782 2743 5848 Denique
2790 5780 2880 5848 qui
2932 5782 3314 5834 communione
3362 5780 3478 5846 ejus
3541 5780 3816 5842 fruuntur,

2253 5852 2543 5922 participes
2577 5855 2824 5904 dicuntur
2858 5850 3088 5920 Spiritus
3117 5863 3316 5917 Sancti,
3351 5855 3670 5906 sanctilicati
3717 5852 3828 5903 uti-
