  <div class='ocr_page' id='page_1' title='image "/cluster/home/n/w/nwhite01/storage/ocr_20150623/39/hvd.32044037979440/249.png"; bbox 0 0 4104 6408; ppageno 0'>
   <div class='ocr_carea' id='block_1_1' title="bbox 541 343 645 399">
    <p class='ocr_par' dir='ltr' id='par_1_1' title="bbox 541 343 645 399">
     <span class='ocr_line' id='line_1_1' title="bbox 541 343 645 399; baseline 0.01 -2"><span class='ocrx_word' id='word_1_1' title='bbox 541 343 645 399; x_wconf 71' lang='grc' dir='ltr'><strong>ιῖδ</strong></span> 
     </span>
    </p>
   </div>
   <div class='ocr_carea' id='block_1_2' title="bbox 1767 338 2506 395">
    <p class='ocr_par' dir='ltr' id='par_1_2' title="bbox 1767 338 2506 395">
     <span class='ocr_line' id='line_1_2' title="bbox 1767 338 2506 395; baseline -0.003 -1"><span class='ocrx_word' id='word_1_2' title='bbox 1767 339 2000 395; x_wconf 73' lang='lat' dir='ltr'><strong>DIDYM!</strong></span> <span class='ocrx_word' id='word_1_3' title='bbox 2045 338 2506 394; x_wconf 63' lang='lat' dir='ltr'><strong>ALEXANDRINI</strong></span> 
     </span>
    </p>
   </div>
   <div class='ocr_carea' id='block_1_3' title="bbox 3669 339 3774 396">
    <p class='ocr_par' dir='ltr' id='par_1_3' title="bbox 3669 339 3774 396">
     <span class='ocr_line' id='line_1_3' title="bbox 3669 339 3774 396; baseline -0.019 -1"><span class='ocrx_word' id='word_1_4' title='bbox 3669 339 3774 396; x_wconf 59' lang='lat'><strong>‘76</strong></span> 
     </span>
    </p>
   </div>
   <div class='ocr_carea' id='block_1_4' title="bbox 601 451 2129 526">
    <p class='ocr_par' dir='ltr' id='par_1_4' title="bbox 601 453 2104 526">
     <span class='ocr_line' id='line_1_4' title="bbox 601 453 2104 526; baseline 0 -16"><span class='ocrx_word' id='word_1_5' title='bbox 601 455 705 524; x_wconf 85' lang='lat' dir='ltr'><strong>Qui</strong></span> <span class='ocrx_word' id='word_1_6' title='bbox 731 469 859 510; x_wconf 86' lang='lat' dir='ltr'><strong>vero</strong></span> <span class='ocrx_word' id='word_1_7' title='bbox 875 453 1173 511; x_wconf 81' lang='lat' dir='ltr'><strong>Macedonii</strong></span> <span class='ocrx_word' id='word_1_8' title='bbox 1191 456 1382 526; x_wconf 80' lang='lat' dir='ltr'><strong>dogma</strong></span> <span class='ocrx_word' id='word_1_9' title='bbox 1405 453 1628 525; x_wconf 84' lang='lat' dir='ltr'><strong>prollten</strong></span> <span class='ocrx_word' id='word_1_10' title='bbox 1637 463 1688 510; x_wconf 94' lang='lat' dir='ltr'><strong>tu</strong></span> <span class='ocrx_word' id='word_1_11' title='bbox 1697 470 1742 519; x_wconf 91' lang='lat' dir='ltr'><strong>r,</strong></span> <span class='ocrx_word' id='word_1_12' title='bbox 1762 455 1829 509; x_wconf 93' lang='lat' dir='ltr'><strong>de</strong></span> <span class='ocrx_word' id='word_1_13' title='bbox 1846 469 1940 510; x_wconf 89' lang='lat' dir='ltr'><strong>sua</strong></span> <span class='ocrx_word' id='word_1_14' title='bbox 1963 455 2104 524; x_wconf 86' lang='lat' dir='ltr'><strong>ipso-</strong></span> 
     </span>
    </p>
   </div>
   <div class='ocr_carea' id='block_1_5' title="bbox 2224 451 3772 526">
    <p class='ocr_par' dir='ltr' id='par_1_5' title="bbox 2289 451 3772 526">
     <span class='ocr_line' id='line_1_5' title="bbox 2289 451 3772 526; baseline 0 -19"><span class='ocrx_word' id='word_1_15' title='bbox 2289 454 2352 507; x_wconf 86' lang='grc' dir='ltr'><strong>Οί</strong></span> <span class='ocrx_word' id='word_1_16' title='bbox 2405 453 2462 507; x_wconf 80' lang='grc' dir='ltr'>δὲ</span> <span class='ocrx_word' id='word_1_17' title='bbox 2499 453 2560 506; x_wconf 84' lang='grc' dir='ltr'>τὸ</span> <span class='ocrx_word' id='word_1_18' title='bbox 2604 452 2936 508; x_wconf 76' lang='grc' dir='ltr'><strong>Μακεδονίαν</strong></span> <span class='ocrx_word' id='word_1_19' title='bbox 2987 451 3376 524; x_wconf 73' lang='grc' dir='ltr'>πρεσϐεύοντες</span> <span class='ocrx_word' id='word_1_20' title='bbox 3431 454 3628 526; x_wconf 84' lang='grc' dir='ltr'><strong>δόγμα,</strong></span> <span class='ocrx_word' id='word_1_21' title='bbox 3672 455 3772 523; x_wconf 77' lang='grc' dir='ltr'><strong>τῆς</strong></span> 
     </span>
    </p>
   </div>
   <div class='ocr_carea' id='block_1_6' title="bbox 545 544 2107 615">
    <p class='ocr_par' dir='ltr' id='par_1_6' title="bbox 545 544 2107 615">
     <span class='ocr_line' id='line_1_6' title="bbox 545 544 2107 615; baseline 0.001 -17"><span class='ocrx_word' id='word_1_22' title='bbox 545 561 661 600; x_wconf 91' lang='lat' dir='ltr'><strong>rum</strong></span> <span class='ocrx_word' id='word_1_23' title='bbox 727 544 917 599; x_wconf 70' lang='lat' dir='ltr'><strong>haeresi</strong></span> <span class='ocrx_word' id='word_1_24' title='bbox 969 545 1138 615; x_wconf 84' lang='lat' dir='ltr'><strong>magis</strong></span> <span class='ocrx_word' id='word_1_25' title='bbox 1179 560 1341 614; x_wconf 86' lang='lat' dir='ltr'><strong>quam</strong></span> <span class='ocrx_word' id='word_1_26' title='bbox 1380 545 1446 600; x_wconf 91' lang='lat' dir='ltr'><strong>de</strong></span> <span class='ocrx_word' id='word_1_27' title='bbox 1487 544 1716 601; x_wconf 90' lang='lat' dir='ltr'><strong>veritate</strong></span> <span class='ocrx_word' id='word_1_28' title='bbox 1759 545 1872 615; x_wconf 74' lang='grc'>(48)</span> <span class='ocrx_word' id='word_1_29' title='bbox 1904 546 2107 601; x_wconf 86' lang='lat' dir='ltr'><strong>sollici-</strong></span> 
     </span>
    </p>
   </div>
   <div class='ocr_carea' id='block_1_7' title="bbox 546 635 2111 706">
    <p class='ocr_par' dir='ltr' id='par_1_7' title="bbox 546 635 2111 706">
     <span class='ocr_line' id='line_1_7' title="bbox 546 635 2111 706; baseline 0.001 -16"><span class='ocrx_word' id='word_1_30' title='bbox 546 636 607 698; x_wconf 93' lang='lat' dir='ltr'><strong>ti,</strong></span> <span class='ocrx_word' id='word_1_31' title='bbox 637 635 769 690; x_wconf 86' lang='lat' dir='ltr'><strong>nihil</strong></span> <span class='ocrx_word' id='word_1_32' title='bbox 791 635 991 701; x_wconf 87' lang='lat' dir='ltr'><strong>vident,</strong></span> <span class='ocrx_word' id='word_1_33' title='bbox 1017 637 1158 706; x_wconf 92' lang='lat' dir='ltr'><strong>quod</strong></span> <span class='ocrx_word' id='word_1_34' title='bbox 1187 636 1272 692; x_wconf 91' lang='lat' dir='ltr'><strong>his</strong></span> <span class='ocrx_word' id='word_1_35' title='bbox 1303 645 1722 692; x_wconf 88' lang='lat' dir='ltr'><strong>consentaneum</strong></span> <span class='ocrx_word' id='word_1_36' title='bbox 1752 638 1846 701; x_wconf 87' lang='lat' dir='ltr'><strong>sit,</strong></span> <span class='ocrx_word' id='word_1_37' title='bbox 1889 653 2008 705; x_wconf 68' lang='lat' dir='ltr'><strong>quae</strong></span> <span class='ocrx_word' id='word_1_38' title='bbox 2035 637 2111 692; x_wconf 83' lang='lat' dir='ltr'><strong>di-</strong></span> 
     </span>
    </p>
   </div>
   <div class='ocr_carea' id='block_1_8' title="bbox 543 726 2111 799">
    <p class='ocr_par' dir='ltr' id='par_1_8' title="bbox 543 726 2111 799">
     <span class='ocr_line' id='line_1_8' title="bbox 543 726 2111 799; baseline 0.002 -19"><span class='ocrx_word' id='word_1_39' title='bbox 543 727 669 780; x_wconf 83' lang='lat' dir='ltr'><strong>vina</strong></span> <span class='ocrx_word' id='word_1_40' title='bbox 697 726 893 780; x_wconf 89' lang='lat' dir='ltr'><strong>docent</strong></span> <span class='ocrx_word' id='word_1_41' title='bbox 917 727 1158 782; x_wconf 88' lang='lat' dir='ltr'><strong>oracula.</strong></span> <span class='ocrx_word' id='word_1_42' title='bbox 1183 727 1315 782; x_wconf 81' lang='lat' dir='ltr'><strong>Nam</strong></span> <span class='ocrx_word' id='word_1_43' title='bbox 1349 728 1434 783; x_wconf 89' lang='lat' dir='ltr'><strong>bis</strong></span> <span class='ocrx_word' id='word_1_44' title='bbox 1471 729 1602 799; x_wconf 88' lang='lat' dir='ltr'><strong>ipsis</strong></span> <span class='ocrx_word' id='word_1_45' title='bbox 1622 728 1799 784; x_wconf 86' lang='lat' dir='ltr'><strong>verbis</strong></span> <span class='ocrx_word' id='word_1_46' title='bbox 1826 729 1938 798; x_wconf 69' lang='grc'>(49)</span> <span class='ocrx_word' id='word_1_47' title='bbox 1965 744 2111 784; x_wconf 85' lang='lat' dir='ltr'><strong>sum-</strong></span> 
     </span>
    </p>
   </div>
   <div class='ocr_carea' id='block_1_9' title="bbox 547 815 2110 889">
    <p class='ocr_par' dir='ltr' id='par_1_9' title="bbox 547 815 2110 889">
     <span class='ocr_line' id='line_1_9' title="bbox 547 815 2110 889; baseline 0.003 -20"><span class='ocrx_word' id='word_1_48' title='bbox 547 815 732 870; x_wconf 88' lang='lat' dir='ltr'><strong>matim</strong></span> <span class='ocrx_word' id='word_1_49' title='bbox 765 815 876 887; x_wconf 87' lang='lat'><strong>(50)</strong></span> <span class='ocrx_word' id='word_1_50' title='bbox 912 816 1218 872; x_wconf 83' lang='lat' dir='ltr'><strong>blaterones</strong></span> <span class='ocrx_word' id='word_1_51' title='bbox 1257 820 1345 874; x_wconf 91' lang='lat' dir='ltr'><strong>isti</strong></span> <span class='ocrx_word' id='word_1_52' title='bbox 1403 829 1691 889; x_wconf 87' lang='lat' dir='ltr'><strong>nugantur.</strong></span> <span class='ocrx_word' id='word_1_53' title='bbox 1745 821 2110 875; x_wconf 83' lang='lat' dir='ltr'><strong>Attendendas</strong></span> 
     </span>
    </p>
   </div>
   <div class='ocr_carea' id='block_1_10' title="bbox 547 907 2110 982">
    <p class='ocr_par' dir='ltr' id='par_1_10' title="bbox 547 907 2110 982">
     <span class='ocr_line' id='line_1_10' title="bbox 547 907 2110 982; baseline 0.003 -23"><span class='ocrx_word' id='word_1_54' title='bbox 547 922 650 960; x_wconf 91' lang='lat' dir='ltr'><strong>non</strong></span> <span class='ocrx_word' id='word_1_55' title='bbox 675 921 793 962; x_wconf 90' lang='lat' dir='ltr'><strong>esse</strong></span> <span class='ocrx_word' id='word_1_56' title='bbox 841 907 993 962; x_wconf 88' lang='lat' dir='ltr'><strong>aiunt</strong></span> <span class='ocrx_word' id='word_1_57' title='bbox 1033 909 1424 980; x_wconf 84' lang='lat' dir='ltr'><strong>homonymias,</strong></span> <span class='ocrx_word' id='word_1_58' title='bbox 1467 922 1560 962; x_wconf 86' lang='lat' dir='ltr'><strong>aut</strong></span> <span class='ocrx_word' id='word_1_59' title='bbox 1600 910 1966 982; x_wconf 86' lang='lat' dir='ltr'><strong>synonymias,</strong></span> <span class='ocrx_word' id='word_1_60' title='bbox 2019 919 2110 964; x_wconf 89' lang='lat' dir='ltr'><strong>aut</strong></span> 
     </span>
    </p>
   </div>
   <div class='ocr_carea' id='block_1_11' title="bbox 548 994 2112 1070">
    <p class='ocr_par' dir='ltr' id='par_1_11' title="bbox 548 994 2112 1070">
     <span class='ocr_line' id='line_1_11' title="bbox 548 994 2112 1070; baseline 0.003 -23"><span class='ocrx_word' id='word_1_61' title='bbox 548 994 872 1049; x_wconf 85' lang='lat' dir='ltr'><strong>locutionum</strong></span> <span class='ocrx_word' id='word_1_62' title='bbox 901 997 1279 1053; x_wconf 83' lang='lat' dir='ltr'><strong>similitudines</strong></span> <span class='ocrx_word' id='word_1_63' title='bbox 1321 997 1455 1070; x_wconf 81' lang='grc'>(51).</span> <span class='ocrx_word' id='word_1_64' title='bbox 1489 997 1589 1052; x_wconf 87' lang='lat' dir='ltr'><strong>Ubi</strong></span> <span class='ocrx_word' id='word_1_65' title='bbox 1643 999 1784 1053; x_wconf 90' lang='lat' dir='ltr'><strong>enim</strong></span> <span class='ocrx_word' id='word_1_66' title='bbox 1842 998 1971 1062; x_wconf 91' lang='lat' dir='ltr'><strong>Deo,</strong></span> <span class='ocrx_word' id='word_1_67' title='bbox 2030 1000 2112 1052; x_wconf 83' lang='lat' dir='ltr'><strong>in-</strong></span> 
     </span>
    </p>
   </div>
   <div class='ocr_carea' id='block_1_12' title="bbox 547 1087 2111 1157">
    <p class='ocr_par' dir='ltr' id='par_1_12' title="bbox 547 1087 2111 1157">
     <span class='ocr_line' id='line_1_12' title="bbox 547 1087 2111 1157; baseline 0.003 -17"><span class='ocrx_word' id='word_1_68' title='bbox 547 1087 761 1157; x_wconf 87' lang='lat' dir='ltr'><strong>quiunt,</strong></span> <span class='ocrx_word' id='word_1_69' title='bbox 785 1087 1062 1157; x_wconf 84' lang='lat' dir='ltr'><strong>Scriptura</strong></span> <span class='ocrx_word' id='word_1_70' title='bbox 1099 1089 1287 1144; x_wconf 86' lang='lat' dir='ltr'><strong>tribuit</strong></span> <span class='ocrx_word' id='word_1_71' title='bbox 1309 1105 1502 1145; x_wconf 89' lang='lat' dir='ltr'><strong>nomen</strong></span> <span class='ocrx_word' id='word_1_72' title='bbox 1560 1090 1662 1145; x_wconf 87' lang='lat' dir='ltr'><strong>hoc</strong></span> <span class='ocrx_word' id='word_1_73' title='bbox 1691 1109 1708 1141; x_wconf 79' lang='grc' dir='ltr'><strong>ι</strong></span> <span class='ocrx_word' id='word_1_74' title='bbox 1739 1089 1936 1156; x_wconf 89' lang='lat' dir='ltr'><strong>Bonus,</strong></span> <span class='ocrx_word' id='word_1_75' title='bbox 1968 1109 1986 1143; x_wconf 84' lang='grc' dir='ltr'><strong>ι</strong></span> <span class='ocrx_word' id='word_1_76' title='bbox 2040 1090 2111 1145; x_wconf 89' lang='lat' dir='ltr'><strong>ibi</strong></span> 
     </span>
    </p>
   </div>
   <div class='ocr_carea' id='block_1_13' title="bbox 546 1180 2114 1254">
    <p class='ocr_par' dir='ltr' id='par_1_13' title="bbox 546 1180 2114 1254">
     <span class='ocr_line' id='line_1_13' title="bbox 546 1180 2114 1254; baseline 0.005 -22"><span class='ocrx_word' id='word_1_77' title='bbox 546 1180 730 1233; x_wconf 90' lang='lat' dir='ltr'><strong>statim</strong></span> <span class='ocrx_word' id='word_1_78' title='bbox 765 1180 1002 1245; x_wconf 84' lang='lat' dir='ltr'><strong>additur,</strong></span> <span class='ocrx_word' id='word_1_79' title='bbox 1038 1199 1056 1231; x_wconf 80' lang='grc' dir='ltr'><strong>ι</strong></span> <span class='ocrx_word' id='word_1_80' title='bbox 1089 1198 1226 1236; x_wconf 90' lang='lat' dir='ltr'><strong>unus</strong></span> <span class='ocrx_word' id='word_1_81' title='bbox 1253 1182 1394 1238; x_wconf 86' lang='lat' dir='ltr'><strong>Deus</strong></span> <span class='ocrx_word' id='word_1_82' title='bbox 1433 1183 1566 1254; x_wconf 73' lang='grc'>(52).</span> <span class='ocrx_word' id='word_1_83' title='bbox 1603 1202 1622 1236; x_wconf 82' lang='grc' dir='ltr'><strong>ι</strong></span> <span class='ocrx_word' id='word_1_84' title='bbox 1651 1183 1720 1237; x_wconf 82' lang='lat' dir='ltr'><strong>At</strong></span> <span class='ocrx_word' id='word_1_85' title='bbox 1756 1199 1880 1239; x_wconf 90' lang='lat' dir='ltr'><strong>vero</strong></span> <span class='ocrx_word' id='word_1_86' title='bbox 1930 1185 2016 1239; x_wconf 91' lang='lat' dir='ltr'><strong>ubi</strong></span> <span class='ocrx_word' id='word_1_87' title='bbox 2048 1186 2114 1241; x_wconf 90' lang='lat' dir='ltr'><strong>de</strong></span> 
     </span>
    </p>
   </div>
   <div class='ocr_carea' id='block_1_14' title="bbox 553 1269 2107 1338">
    <p class='ocr_par' dir='ltr' id='par_1_14' title="bbox 553 1269 2107 1338">
     <span class='ocr_line' id='line_1_14' title="bbox 553 1269 2107 1338; baseline 0.003 -16"><span class='ocrx_word' id='word_1_88' title='bbox 553 1269 757 1336; x_wconf 87' lang='lat' dir='ltr'><strong>Spiritu</strong></span> <span class='ocrx_word' id='word_1_89' title='bbox 783 1277 972 1324; x_wconf 89' lang='lat' dir='ltr'><strong>sancto</strong></span> <span class='ocrx_word' id='word_1_90' title='bbox 1001 1286 1305 1326; x_wconf 89' lang='lat' dir='ltr'><strong>sermonem</strong></span> <span class='ocrx_word' id='word_1_91' title='bbox 1332 1273 1514 1338; x_wconf 88' lang='lat' dir='ltr'><strong>habet,</strong></span> <span class='ocrx_word' id='word_1_92' title='bbox 1574 1274 1775 1327; x_wconf 89' lang='lat' dir='ltr'><strong>nomini</strong></span> <span class='ocrx_word' id='word_1_93' title='bbox 1809 1291 1829 1326; x_wconf 79' lang='grc' dir='ltr'><strong>ι</strong></span> <span class='ocrx_word' id='word_1_94' title='bbox 1877 1273 2054 1328; x_wconf 86' lang='lat' dir='ltr'><strong>Bonus</strong></span> <span class='ocrx_word' id='word_1_95' title='bbox 2089 1293 2107 1326; x_wconf 84' lang='grc' dir='ltr'><strong>ι</strong></span> 
     </span>
    </p>
   </div>
   <div class='ocr_carea' id='block_1_15' title="bbox 554 1361 2115 1430">
    <p class='ocr_par' dir='ltr' id='par_1_15' title="bbox 554 1361 2115 1430">
     <span class='ocr_line' id='line_1_15' title="bbox 554 1361 2115 1430; baseline 0.006 -18"><span class='ocrx_word' id='word_1_96' title='bbox 554 1375 658 1413; x_wconf 91' lang='lat' dir='ltr'><strong>non</strong></span> <span class='ocrx_word' id='word_1_97' title='bbox 690 1361 934 1430; x_wconf 82' lang='lat' dir='ltr'><strong>adjungit</strong></span> <span class='ocrx_word' id='word_1_98' title='bbox 957 1377 1019 1416; x_wconf 90' lang='lat' dir='ltr'><strong>ea</strong></span> <span class='ocrx_word' id='word_1_99' title='bbox 1053 1363 1237 1426; x_wconf 90' lang='lat' dir='ltr'><strong>verba,</strong></span> <span class='ocrx_word' id='word_1_100' title='bbox 1271 1383 1290 1415; x_wconf 88' lang='grc'>‹</span> <span class='ocrx_word' id='word_1_101' title='bbox 1327 1379 1465 1419; x_wconf 89' lang='lat' dir='ltr'><strong>unus</strong></span> <span class='ocrx_word' id='word_1_102' title='bbox 1492 1365 1652 1420; x_wconf 86' lang='lat' dir='ltr'><strong>Deus.</strong></span> <span class='ocrx_word' id='word_1_103' title='bbox 1692 1384 1712 1418; x_wconf 87' lang='grc'>›</span> <span class='ocrx_word' id='word_1_104' title='bbox 1744 1365 2006 1420; x_wconf 75' lang='lat' dir='ltr'><strong>l’rzcterea</strong></span> <span class='ocrx_word' id='word_1_105' title='bbox 2027 1368 2115 1421; x_wconf 87' lang='lat' dir='ltr'><strong>bo-</strong></span> 
     </span>
    </p>
   </div>
   <div class='ocr_carea' id='block_1_16' title="bbox 553 1452 2111 1527">
    <p class='ocr_par' dir='ltr' id='par_1_16' title="bbox 553 1452 2111 1527">
     <span class='ocr_line' id='line_1_16' title="bbox 553 1452 2111 1527; baseline 0.003 -22"><span class='ocrx_word' id='word_1_106' title='bbox 553 1467 679 1515; x_wconf 90' lang='lat' dir='ltr'><strong>nus,</strong></span> <span class='ocrx_word' id='word_1_107' title='bbox 713 1452 984 1522; x_wconf 87' lang='lat' dir='ltr'><strong>inquiunt,</strong></span> <span class='ocrx_word' id='word_1_108' title='bbox 1020 1453 1199 1509; x_wconf 88' lang='lat' dir='ltr'><strong>dictus</strong></span> <span class='ocrx_word' id='word_1_109' title='bbox 1228 1465 1310 1510; x_wconf 90' lang='lat' dir='ltr'><strong>est</strong></span> <span class='ocrx_word' id='word_1_110' title='bbox 1336 1457 1496 1510; x_wconf 87' lang='lat' dir='ltr'><strong>etiam</strong></span> <span class='ocrx_word' id='word_1_111' title='bbox 1531 1458 1691 1512; x_wconf 92' lang='lat' dir='ltr'><strong>homo</strong></span> <span class='ocrx_word' id='word_1_112' title='bbox 1735 1473 1766 1511; x_wconf 89' lang='lat' dir='ltr'><strong>a</strong></span> <span class='ocrx_word' id='word_1_113' title='bbox 1814 1457 2111 1527; x_wconf 85' lang='lat' dir='ltr'><strong>Scriptura,</strong></span> 
     </span>
    </p>
   </div>
   <div class='ocr_carea' id='block_1_17' title="bbox 555 1543 2113 1616">
    <p class='ocr_par' dir='ltr' id='par_1_17' title="bbox 555 1543 2113 1616">
     <span class='ocr_line' id='line_1_17' title="bbox 555 1543 2113 1616; baseline 0.006 -22"><span class='ocrx_word' id='word_1_114' title='bbox 555 1551 613 1594; x_wconf 89' lang='grc' dir='ltr'><strong>ιιι</strong></span> <span class='ocrx_word' id='word_1_115' title='bbox 667 1557 785 1596; x_wconf 91' lang='lat' dir='ltr'><strong>cum</strong></span> <span class='ocrx_word' id='word_1_116' title='bbox 830 1543 904 1596; x_wconf 91' lang='lat' dir='ltr'><strong>ait</strong></span> <span class='ocrx_word' id='word_1_117' title='bbox 935 1559 949 1596; x_wconf 90' lang='lat'>:</span> <span class='ocrx_word' id='word_1_118' title='bbox 985 1562 1002 1593; x_wconf 87' lang='grc' dir='ltr'><strong>ι</strong></span> <span class='ocrx_word' id='word_1_119' title='bbox 1029 1543 1255 1600; x_wconf 85' lang='lat' dir='ltr'><strong>Bcnclac</strong></span> <span class='ocrx_word' id='word_1_120' title='bbox 1291 1545 1428 1616; x_wconf 79' lang='grc'>(55),</span> <span class='ocrx_word' id='word_1_121' title='bbox 1461 1547 1704 1614; x_wconf 90' lang='lat' dir='ltr'><strong>Domine,</strong></span> <span class='ocrx_word' id='word_1_122' title='bbox 1735 1548 1932 1612; x_wconf 89' lang='lat' dir='ltr'><strong>bonis;</strong></span> <span class='ocrx_word' id='word_1_123' title='bbox 1965 1567 1984 1600; x_wconf 78' lang='grc' dir='ltr'><strong>ι</strong></span> <span class='ocrx_word' id='word_1_124' title='bbox 2017 1558 2113 1604; x_wconf 88' lang='lat' dir='ltr'><strong>et:</strong></span> 
     </span>
    </p>
   </div>
   <div class='ocr_carea' id='block_1_18' title="bbox 558 1631 2109 1709">
    <p class='ocr_par' dir='ltr' id='par_1_18' title="bbox 558 1631 2109 1709">
     <span class='ocr_line' id='line_1_18' title="bbox 558 1631 2109 1709; baseline 0.007 -26"><span class='ocrx_word' id='word_1_125' title='bbox 558 1649 576 1682; x_wconf 78' lang='grc' dir='ltr'><strong>ι</strong></span> <span class='ocrx_word' id='word_1_126' title='bbox 616 1631 792 1686; x_wconf 88' lang='lat' dir='ltr'><strong>Bonus</strong></span> <span class='ocrx_word' id='word_1_127' title='bbox 813 1634 925 1704; x_wconf 72' lang='lat' dir='ltr'><strong>(Si)</strong></span> <span class='ocrx_word' id='word_1_128' title='bbox 960 1637 1118 1688; x_wconf 91' lang='lat' dir='ltr'><strong>homo</strong></span> <span class='ocrx_word' id='word_1_129' title='bbox 1145 1637 1209 1690; x_wconf 91' lang='lat' dir='ltr'><strong>de</strong></span> <span class='ocrx_word' id='word_1_130' title='bbox 1230 1638 1370 1693; x_wconf 90' lang='lat' dir='ltr'><strong>bono</strong></span> <span class='ocrx_word' id='word_1_131' title='bbox 1396 1639 1648 1694; x_wconf 86' lang='lat' dir='ltr'><strong>thesauro</strong></span> <span class='ocrx_word' id='word_1_132' title='bbox 1674 1639 1875 1709; x_wconf 73' lang='lat' dir='ltr'><strong>profert</strong></span> <span class='ocrx_word' id='word_1_133' title='bbox 1903 1641 2060 1697; x_wconf 88' lang='lat' dir='ltr'><strong>bona.</strong></span> <span class='ocrx_word' id='word_1_134' title='bbox 2088 1659 2109 1694; x_wconf 79' lang='grc' dir='ltr'><strong>ι</strong></span> 
     </span>
    </p>
   </div>
   <div class='ocr_carea' id='block_1_19' title="bbox 555 1721 2114 1800">
    <p class='ocr_par' dir='ltr' id='par_1_19' title="bbox 555 1721 2114 1800">
     <span class='ocr_line' id='line_1_19' title="bbox 555 1721 2114 1800; baseline 0.008 -25"><span class='ocrx_word' id='word_1_135' title='bbox 555 1721 814 1778; x_wconf 88' lang='lat' dir='ltr'><strong>Similiter</strong></span> <span class='ocrx_word' id='word_1_136' title='bbox 835 1734 1013 1778; x_wconf 88' lang='lat' dir='ltr'><strong>autem</strong></span> <span class='ocrx_word' id='word_1_137' title='bbox 1041 1725 1202 1790; x_wconf 89' lang='lat' dir='ltr'><strong>bona,</strong></span> <span class='ocrx_word' id='word_1_138' title='bbox 1228 1728 1495 1798; x_wconf 89' lang='lat' dir='ltr'><strong>inquiunt,</strong></span> <span class='ocrx_word' id='word_1_139' title='bbox 1523 1731 1844 1800; x_wconf 86' lang='lat' dir='ltr'><strong>ltomonyme</strong></span> <span class='ocrx_word' id='word_1_140' title='bbox 1865 1732 2114 1786; x_wconf 89' lang='lat' dir='ltr'><strong>dicuntur</strong></span> 
     </span>
    </p>
   </div>
   <div class='ocr_carea' id='block_1_20' title="bbox 2205 544 3772 617">
    <p class='ocr_par' dir='ltr' id='par_1_20' title="bbox 2205 544 3772 617">
     <span class='ocr_line' id='line_1_20' title="bbox 2205 544 3772 617; baseline -0.001 -20"><span class='ocrx_word' id='word_1_141' title='bbox 2205 545 2475 616; x_wconf 78' lang='grc' dir='ltr'>αἱρησεως</span> <span class='ocrx_word' id='word_1_142' title='bbox 2496 545 2674 598; x_wconf 81' lang='grc' dir='ltr'>αὐτῶν</span> <span class='ocrx_word' id='word_1_143' title='bbox 2704 545 2901 617; x_wconf 84' lang='grc' dir='ltr'>μᾶλλον</span> <span class='ocrx_word' id='word_1_144' title='bbox 2929 546 2962 616; x_wconf 77' lang='grc' dir='ltr'>ἢ</span> <span class='ocrx_word' id='word_1_145' title='bbox 2987 544 3252 615; x_wconf 83' lang='grc' dir='ltr'>τάληθοῦς</span> <span class='ocrx_word' id='word_1_146' title='bbox 3282 547 3588 617; x_wconf 85' lang='grc' dir='ltr'>γινόμενοι,</span> <span class='ocrx_word' id='word_1_147' title='bbox 3622 547 3772 599; x_wconf 79' lang='grc' dir='ltr'>οὸδέν</span> 
     </span>
    </p>
   </div>
   <div class='ocr_carea' id='block_1_21' title="bbox 2203 635 3776 708">
    <p class='ocr_par' dir='ltr' id='par_1_21' title="bbox 2203 635 3776 708">
     <span class='ocr_line' id='line_1_21' title="bbox 2203 635 3776 708; baseline 0.001 -20"><span class='ocrx_word' id='word_1_148' title='bbox 2203 653 2258 689; x_wconf 87' lang='grc' dir='ltr'><strong>τι</strong></span> <span class='ocrx_word' id='word_1_149' title='bbox 2286 636 2582 706; x_wconf 80' lang='grc' dir='ltr'>συμϐαῖνον</span> <span class='ocrx_word' id='word_1_150' title='bbox 2619 639 2734 700; x_wconf 86' lang='grc' dir='ltr'>τοῖς</span> <span class='ocrx_word' id='word_1_151' title='bbox 2788 637 2895 690; x_wconf 84' lang='grc' dir='ltr'>τῶν</span> <span class='ocrx_word' id='word_1_152' title='bbox 2929 635 3123 705; x_wconf 83' lang='grc' dir='ltr'>λογίων</span> <span class='ocrx_word' id='word_1_153' title='bbox 3151 635 3455 706; x_wconf 77' lang='grc' dir='ltr'>βλέπουσιν.</span> <span class='ocrx_word' id='word_1_154' title='bbox 3497 639 3776 708; x_wconf 87' lang='grc' dir='ltr'>Συναρπα-</span> 
     </span>
    </p>
   </div>
   <div class='ocr_carea' id='block_1_22' title="bbox 2207 725 3774 798">
    <p class='ocr_par' dir='ltr' id='par_1_22' title="bbox 2207 725 3774 798">
     <span class='ocr_line' id='line_1_22' title="bbox 2207 725 3774 798; baseline 0.013 -22"><span class='ocrx_word' id='word_1_155' title='bbox 2207 725 2410 790; x_wconf 83' lang='grc' dir='ltr'>κτικῶς</span> <span class='ocrx_word' id='word_1_156' title='bbox 2440 725 2552 796; x_wconf 82' lang='grc' dir='ltr'><strong>γὰρ</strong></span> <span class='ocrx_word' id='word_1_157' title='bbox 2579 725 2901 796; x_wconf 81' lang='grc' dir='ltr'>μυθεύονται</span> <span class='ocrx_word' id='word_1_158' title='bbox 2935 727 3170 796; x_wconf 77' lang='grc' dir='ltr'>ῥήμασιν</span> <span class='ocrx_word' id='word_1_159' title='bbox 3199 725 3376 788; x_wconf 83' lang='grc' dir='ltr'>αὐτοῖς</span> <span class='ocrx_word' id='word_1_160' title='bbox 3397 768 3411 791; x_wconf 77' lang='grc'><em>,</em></span> <span class='ocrx_word' id='word_1_161' title='bbox 3440 726 3515 789; x_wconf 75' lang='grc' dir='ltr'><strong>ὡς</strong></span> <span class='ocrx_word' id='word_1_162' title='bbox 3537 726 3611 779; x_wconf 64' lang='grc' dir='ltr'><strong>οὐ</strong></span> <span class='ocrx_word' id='word_1_163' title='bbox 3665 728 3774 798; x_wconf 73' lang='grc' dir='ltr'><strong>Χρὴ</strong></span> 
     </span>
    </p>
   </div>
   <div class='ocr_carea' id='block_1_23' title="bbox 2233 817 3776 888">
    <p class='ocr_par' dir='ltr' id='par_1_23' title="bbox 2233 817 3776 888">
     <span class='ocr_line' id='line_1_23' title="bbox 2233 817 3776 888; baseline 0 -19"><span class='ocrx_word' id='word_1_164' title='bbox 2233 817 2572 888; x_wconf 84' lang='grc' dir='ltr'>ὁμωνυμίαις</span> <span class='ocrx_word' id='word_1_165' title='bbox 2597 858 2612 883; x_wconf 86' lang='grc'><strong>,</strong></span> <span class='ocrx_word' id='word_1_166' title='bbox 2639 817 2671 888; x_wconf 84' lang='grc' dir='ltr'>ἢ</span> <span class='ocrx_word' id='word_1_167' title='bbox 2722 817 3083 888; x_wconf 81' lang='grc' dir='ltr'><strong>συνωνυμίαις</strong></span> <span class='ocrx_word' id='word_1_168' title='bbox 3102 857 3117 882; x_wconf 95' lang='grc'><strong>,</strong></span> <span class='ocrx_word' id='word_1_169' title='bbox 3150 817 3184 887; x_wconf 80' lang='grc' dir='ltr'>ἢ</span> <span class='ocrx_word' id='word_1_170' title='bbox 3214 817 3569 887; x_wconf 78' lang='grc' dir='ltr'>ὁμοιολεξίαις</span> <span class='ocrx_word' id='word_1_171' title='bbox 3605 834 3776 888; x_wconf 85' lang='grc' dir='ltr'>προσ-</span> 
     </span>
    </p>
   </div>
   <div class='ocr_carea' id='block_1_24' title="bbox 2209 907 3772 979">
    <p class='ocr_par' dir='ltr' id='par_1_24' title="bbox 2209 907 3772 979">
     <span class='ocr_line' id='line_1_24' title="bbox 2209 907 3772 979; baseline -0.002 -19"><span class='ocrx_word' id='word_1_172' title='bbox 2209 907 2369 978; x_wconf 84' lang='grc' dir='ltr'>έχειν.</span> <span class='ocrx_word' id='word_1_173' title='bbox 2427 908 2530 961; x_wconf 91' lang='grc' dir='ltr'>Τοῦ</span> <span class='ocrx_word' id='word_1_174' title='bbox 2603 908 2711 979; x_wconf 81' lang='grc' dir='ltr'>γὰρ</span> <span class='ocrx_word' id='word_1_175' title='bbox 2770 907 2927 970; x_wconf 83' lang='grc' dir='ltr'>Θεοῦ,</span> <span class='ocrx_word' id='word_1_176' title='bbox 2987 907 3189 977; x_wconf 77' lang='grc' dir='ltr'>φησὶν,</span> <span class='ocrx_word' id='word_1_177' title='bbox 3255 909 3315 960; x_wconf 80' lang='grc' dir='ltr'>τὸ</span> <span class='ocrx_word' id='word_1_178' title='bbox 3373 925 3391 958; x_wconf 79' lang='grc' dir='ltr'><strong>ι</strong></span> <span class='ocrx_word' id='word_1_179' title='bbox 3464 907 3691 975; x_wconf 82' lang='grc' dir='ltr'>Ἀγαθὸς</span> <span class='ocrx_word' id='word_1_180' title='bbox 3750 925 3772 957; x_wconf 75' lang='grc' dir='ltr'><strong>ι</strong></span> 
     </span>
    </p>
   </div>
   <div class='ocr_carea' id='block_1_25' title="bbox 2207 996 3780 1071">
    <p class='ocr_par' dir='ltr' id='par_1_25' title="bbox 2207 996 3780 1071">
     <span class='ocr_line' id='line_1_25' title="bbox 2207 996 3780 1071; baseline -0.001 -19"><span class='ocrx_word' id='word_1_181' title='bbox 2207 999 2396 1071; x_wconf 69' lang='grc' dir='ltr'>ὄνομα..</span> <span class='ocrx_word' id='word_1_182' title='bbox 2454 998 2531 1070; x_wconf 83' lang='grc' dir='ltr'>τῷ</span> <span class='ocrx_word' id='word_1_183' title='bbox 2556 1019 2574 1052; x_wconf 77' lang='grc' dir='ltr'><strong>ι</strong></span> <span class='ocrx_word' id='word_1_184' title='bbox 2611 996 2690 1064; x_wconf 77' lang='grc' dir='ltr'>εἷς</span> <span class='ocrx_word' id='word_1_185' title='bbox 2735 1000 2864 1063; x_wconf 70' lang='grc' dir='ltr'>Θεὸς</span> <span class='ocrx_word' id='word_1_186' title='bbox 2919 1019 2937 1052; x_wconf 84' lang='grc' dir='ltr'><strong>ι</strong></span> <span class='ocrx_word' id='word_1_187' title='bbox 2975 999 3410 1070; x_wconf 83' lang='grc' dir='ltr'><strong>συμπέπλεκται·</strong></span> <span class='ocrx_word' id='word_1_188' title='bbox 3444 999 3535 1051; x_wconf 75' lang='grc' dir='ltr'><strong>ἐπὶ</strong></span> <span class='ocrx_word' id='word_1_189' title='bbox 3596 998 3654 1050; x_wconf 83' lang='grc' dir='ltr'>δὲ</span> <span class='ocrx_word' id='word_1_190' title='bbox 3696 996 3780 1067; x_wconf 82' lang='grc' dir='ltr'>τῷ</span> 
     </span>
    </p>
   </div>
   <div class='ocr_carea' id='block_1_26' title="bbox 2209 1089 3782 1165">
    <p class='ocr_par' dir='ltr' id='par_1_26' title="bbox 2209 1089 3782 1165">
     <span class='ocr_line' id='line_1_26' title="bbox 2209 1089 3782 1165; baseline -0.003 -19"><span class='ocrx_word' id='word_1_191' title='bbox 2209 1093 2348 1165; x_wconf 82' lang='grc' dir='ltr'>ἁγίῳ</span> <span class='ocrx_word' id='word_1_192' title='bbox 2364 1092 2636 1164; x_wconf 82' lang='grc' dir='ltr'>Πνεύματι</span> <span class='ocrx_word' id='word_1_193' title='bbox 2677 1091 2754 1164; x_wconf 79' lang='grc' dir='ltr'><strong>τῷ</strong></span> <span class='ocrx_word' id='word_1_194' title='bbox 2774 1113 2792 1144; x_wconf 77' lang='grc' dir='ltr'><strong>ι</strong></span> <span class='ocrx_word' id='word_1_195' title='bbox 2815 1091 3042 1162; x_wconf 81' lang='grc' dir='ltr'>Ἀγαθὸς</span> <span class='ocrx_word' id='word_1_196' title='bbox 3060 1111 3078 1143; x_wconf 85' lang='grc' dir='ltr'><strong>ι</strong></span> <span class='ocrx_word' id='word_1_197' title='bbox 3103 1091 3321 1161; x_wconf 86' lang='grc' dir='ltr'>ὁνὸματι</span> <span class='ocrx_word' id='word_1_198' title='bbox 3346 1091 3407 1144; x_wconf 86' lang='grc' dir='ltr'>οὐ</span> <span class='ocrx_word' id='word_1_199' title='bbox 3426 1089 3782 1154; x_wconf 77' lang='grc' dir='ltr'>συνέζευκται</span> 
     </span>
    </p>
   </div>
   <div class='ocr_carea' id='block_1_27' title="bbox 2208 1181 3782 1255">
    <p class='ocr_par' dir='ltr' id='par_1_27' title="bbox 2208 1181 3782 1255">
     <span class='ocr_line' id='line_1_27' title="bbox 2208 1181 3782 1255; baseline 0.004 -22"><span class='ocrx_word' id='word_1_200' title='bbox 2208 1181 2270 1235; x_wconf 79' lang='grc' dir='ltr'>τὸ</span> <span class='ocrx_word' id='word_1_201' title='bbox 2303 1202 2322 1233; x_wconf 76' lang='grc' dir='ltr'><strong>ι</strong></span> <span class='ocrx_word' id='word_1_202' title='bbox 2360 1181 2440 1246; x_wconf 77' lang='grc' dir='ltr'>εἷς</span> <span class='ocrx_word' id='word_1_203' title='bbox 2468 1183 2617 1247; x_wconf 84' lang='grc' dir='ltr'>Θεὸς.</span> <span class='ocrx_word' id='word_1_204' title='bbox 2639 1204 2656 1234; x_wconf 81' lang='grc' dir='ltr'><strong>ι</strong></span> <span class='ocrx_word' id='word_1_205' title='bbox 2692 1185 2803 1238; x_wconf 69' lang='grc' dir='ltr'><strong>Καὶ</strong></span> <span class='ocrx_word' id='word_1_206' title='bbox 2830 1183 3014 1238; x_wconf 74' lang='grc' dir='ltr'>πάλιψ</span> <span class='ocrx_word' id='word_1_207' title='bbox 3040 1182 3286 1252; x_wconf 84' lang='grc' dir='ltr'>Ἀγαθὸς,</span> <span class='ocrx_word' id='word_1_208' title='bbox 3315 1184 3480 1253; x_wconf 77' lang='grc' dir='ltr'>φησὶν</span> <span class='ocrx_word' id='word_1_209' title='bbox 3505 1225 3519 1248; x_wconf 94' lang='grc'><strong>,</strong></span> <span class='ocrx_word' id='word_1_210' title='bbox 3559 1183 3782 1255; x_wconf 76' lang='grc' dir='ltr'>ἐγράφη</span> 
     </span>
    </p>
   </div>
   <div class='ocr_carea' id='block_1_28' title="bbox 2210 1268 3778 1343">
    <p class='ocr_par' dir='ltr' id='par_1_28' title="bbox 2210 1268 3778 1343">
     <span class='ocr_line' id='line_1_28' title="bbox 2210 1268 3778 1343; baseline -0.001 -19"><span class='ocrx_word' id='word_1_211' title='bbox 2210 1268 2349 1325; x_wconf 74' lang='grc' dir='ltr'>εῖναι</span> <span class='ocrx_word' id='word_1_212' title='bbox 2383 1273 2476 1325; x_wconf 73' lang='grc' dir='ltr'>καὶ</span> <span class='ocrx_word' id='word_1_213' title='bbox 2498 1273 2800 1343; x_wconf 79' lang='grc' dir='ltr'>ἅνθρωπος,</span> <span class='ocrx_word' id='word_1_214' title='bbox 2831 1271 2905 1335; x_wconf 84' lang='grc' dir='ltr'><strong>ὡς</strong></span> <span class='ocrx_word' id='word_1_215' title='bbox 2942 1271 3106 1342; x_wconf 86' lang='grc' dir='ltr'>ἡνίκα</span> <span class='ocrx_word' id='word_1_216' title='bbox 3143 1270 3324 1341; x_wconf 82' lang='grc' dir='ltr'>λέγει·</span> <span class='ocrx_word' id='word_1_217' title='bbox 3366 1289 3386 1322; x_wconf 82' lang='grc' dir='ltr'><strong>ι</strong></span> <span class='ocrx_word' id='word_1_218' title='bbox 3444 1272 3740 1340; x_wconf 86' lang='grc' dir='ltr'>Ἀγάθυνον</span> <span class='ocrx_word' id='word_1_219' title='bbox 3763 1311 3778 1335; x_wconf 88' lang='grc'><strong>,</strong></span> 
     </span>
    </p>
   </div>
   <div class='ocr_carea' id='block_1_29' title="bbox 2212 1362 3784 1433">
    <p class='ocr_par' dir='ltr' id='par_1_29' title="bbox 2212 1362 3784 1433">
     <span class='ocr_line' id='line_1_29' title="bbox 2212 1362 3784 1433; baseline -0.001 -17"><span class='ocrx_word' id='word_1_220' title='bbox 2212 1362 2412 1433; x_wconf 78' lang='grc' dir='ltr'>Κύριε,</span> <span class='ocrx_word' id='word_1_221' title='bbox 2433 1365 2544 1426; x_wconf 83' lang='grc' dir='ltr'>τοῖς</span> <span class='ocrx_word' id='word_1_222' title='bbox 2570 1363 2790 1430; x_wconf 81' lang='grc' dir='ltr'>ἀγαθοῖς</span> <span class='ocrx_word' id='word_1_223' title='bbox 2812 1379 2826 1393; x_wconf 84' lang='lat'><strong><em>°</em></strong></span> <span class='ocrx_word' id='word_1_224' title='bbox 2867 1383 2886 1416; x_wconf 79' lang='grc' dir='ltr'><strong>ι</strong></span> <span class='ocrx_word' id='word_1_225' title='bbox 2923 1364 3050 1427; x_wconf 73' lang='grc' dir='ltr'>καὶ,</span> <span class='ocrx_word' id='word_1_226' title='bbox 3085 1382 3103 1414; x_wconf 77' lang='grc' dir='ltr'><strong>ι</strong></span> <span class='ocrx_word' id='word_1_227' title='bbox 3127 1363 3186 1416; x_wconf 90' lang='lat'><strong>&#39;0</strong></span> <span class='ocrx_word' id='word_1_228' title='bbox 3230 1362 3432 1432; x_wconf 79' lang='grc' dir='ltr'>ἀγαθὸς</span> <span class='ocrx_word' id='word_1_229' title='bbox 3495 1363 3784 1432; x_wconf 81' lang='grc' dir='ltr'>ἄνθρωπος</span> 
     </span>
    </p>
   </div>
   <div class='ocr_carea' id='block_1_30' title="bbox 2213 1452 3782 1525">
    <p class='ocr_par' dir='ltr' id='par_1_30' title="bbox 2213 1452 3782 1525">
     <span class='ocr_line' id='line_1_30' title="bbox 2213 1452 3782 1525; baseline -0.001 -19"><span class='ocrx_word' id='word_1_230' title='bbox 2213 1453 2277 1506; x_wconf 81' lang='grc' dir='ltr'>ἐκ</span> <span class='ocrx_word' id='word_1_231' title='bbox 2297 1452 2386 1506; x_wconf 89' lang='grc' dir='ltr'><strong>τοῦ</strong></span> <span class='ocrx_word' id='word_1_232' title='bbox 2416 1453 2620 1521; x_wconf 80' lang='grc' dir='ltr'>ἀγαθοῦ</span> <span class='ocrx_word' id='word_1_233' title='bbox 2654 1455 2926 1525; x_wconf 87' lang='grc' dir='ltr'>θησαυροῦ</span> <span class='ocrx_word' id='word_1_234' title='bbox 2969 1453 3216 1507; x_wconf 74' lang='grc' dir='ltr'>ἐκϐάλλει</span> <span class='ocrx_word' id='word_1_235' title='bbox 3267 1453 3464 1522; x_wconf 78' lang='grc' dir='ltr'>ἀγαθά.</span> <span class='ocrx_word' id='word_1_236' title='bbox 3498 1473 3516 1505; x_wconf 83' lang='grc' dir='ltr'><strong>ι</strong></span> <span class='ocrx_word' id='word_1_237' title='bbox 3548 1453 3782 1522; x_wconf 85' lang='grc' dir='ltr'>Ὁμοίως</span> 
     </span>
    </p>
   </div>
   <div class='ocr_carea' id='block_1_31' title="bbox 2211 1544 3780 1618">
    <p class='ocr_par' dir='ltr' id='par_1_31' title="bbox 2211 1544 3780 1618">
     <span class='ocr_line' id='line_1_31' title="bbox 2211 1544 3780 1618; baseline -0.001 -19"><span class='ocrx_word' id='word_1_238' title='bbox 2211 1545 2287 1610; x_wconf 84' lang='grc' dir='ltr'>δὲ,</span> <span class='ocrx_word' id='word_1_239' title='bbox 2319 1545 2406 1617; x_wconf 90' lang='grc'>[57</span> <span class='ocrx_word' id='word_1_240' title='bbox 2460 1546 2511 1618; x_wconf 85' lang='lat' dir='ltr'><strong>bj</strong></span> <span class='ocrx_word' id='word_1_241' title='bbox 2550 1546 2744 1617; x_wconf 75' lang='grc' dir='ltr'>φησὶν,</span> <span class='ocrx_word' id='word_1_242' title='bbox 2787 1545 2964 1615; x_wconf 79' lang='grc' dir='ltr'>ἀγαθᾶ</span> <span class='ocrx_word' id='word_1_243' title='bbox 3021 1545 3325 1616; x_wconf 82' lang='grc' dir='ltr'><strong>ὁμωνύμως</strong></span> <span class='ocrx_word' id='word_1_244' title='bbox 3399 1545 3490 1598; x_wconf 73' lang='grc' dir='ltr'>καὶ</span> <span class='ocrx_word' id='word_1_245' title='bbox 3563 1544 3780 1614; x_wconf 77' lang='grc' dir='ltr'>ἄψυχα·</span> 
     </span>
    </p>
   </div>
   <div class='ocr_carea' id='block_1_32' title="bbox 2212 1635 3783 1708">
    <p class='ocr_par' dir='ltr' id='par_1_32' title="bbox 2212 1635 3783 1708">
     <span class='ocr_line' id='line_1_32' title="bbox 2212 1635 3783 1708; baseline -0.001 -20"><span class='ocrx_word' id='word_1_246' title='bbox 2212 1636 2288 1700; x_wconf 87' lang='grc' dir='ltr'>ὡς</span> <span class='ocrx_word' id='word_1_247' title='bbox 2323 1637 2449 1690; x_wconf 78' lang='grc' dir='ltr'>ὅταν</span> <span class='ocrx_word' id='word_1_248' title='bbox 2475 1636 2819 1708; x_wconf 68' lang='grc' dir='ltr'>προῳητεύῃ·</span> <span class='ocrx_word' id='word_1_249' title='bbox 2869 1656 2888 1689; x_wconf 80' lang='grc' dir='ltr'><strong>ι</strong></span> <span class='ocrx_word' id='word_1_250' title='bbox 2937 1635 3060 1689; x_wconf 78' lang='grc' dir='ltr'>Ἐὰν</span> <span class='ocrx_word' id='word_1_251' title='bbox 3087 1636 3350 1706; x_wconf 82' lang='grc' dir='ltr'>θελήσητε</span> <span class='ocrx_word' id='word_1_252' title='bbox 3413 1640 3506 1688; x_wconf 82' lang='grc' dir='ltr'>καὶ</span> <span class='ocrx_word' id='word_1_253' title='bbox 3544 1635 3783 1706; x_wconf 83' lang='grc' dir='ltr'>ἀκούση-</span> 
     </span>
    </p>
   </div>
   <div class='ocr_carea' id='block_1_33' title="bbox 2211 1725 3786 1800">
    <p class='ocr_par' dir='ltr' id='par_1_33' title="bbox 2211 1725 3786 1800">
     <span class='ocr_line' id='line_1_33' title="bbox 2211 1725 3786 1800; baseline -0.002 -19"><span class='ocrx_word' id='word_1_254' title='bbox 2211 1729 2271 1781; x_wconf 84' lang='grc' dir='ltr'><strong>τέ</strong></span> <span class='ocrx_word' id='word_1_255' title='bbox 2299 1746 2416 1799; x_wconf 85' lang='grc' dir='ltr'>μου,</span> <span class='ocrx_word' id='word_1_256' title='bbox 2450 1728 2518 1781; x_wconf 83' lang='grc' dir='ltr'><strong>τὰ</strong></span> <span class='ocrx_word' id='word_1_257' title='bbox 2550 1728 2730 1792; x_wconf 74' lang='grc' dir='ltr'>ἀγαθὰ</span> <span class='ocrx_word' id='word_1_258' title='bbox 2755 1731 2852 1800; x_wconf 79' lang='grc' dir='ltr'>τῆς</span> <span class='ocrx_word' id='word_1_259' title='bbox 2887 1729 2988 1799; x_wconf 80' lang='grc' dir='ltr'><strong>γῆς</strong></span> <span class='ocrx_word' id='word_1_260' title='bbox 3018 1728 3275 1798; x_wconf 75' lang='grc' dir='ltr'>φάγεσθε.</span> <span class='ocrx_word' id='word_1_261' title='bbox 3304 1747 3321 1778; x_wconf 84' lang='grc' dir='ltr'><strong>ι</strong></span> <span class='ocrx_word' id='word_1_262' title='bbox 3367 1725 3526 1780; x_wconf 75' lang='grc' dir='ltr'>Ἀλλὰ</span> <span class='ocrx_word' id='word_1_263' title='bbox 3564 1726 3660 1778; x_wconf 77' lang='grc' dir='ltr'>καὶ</span> <span class='ocrx_word' id='word_1_264' title='bbox 3691 1727 3786 1778; x_wconf 74' lang='grc' dir='ltr'><strong>ἐπὶ</strong></span> 
     </span>
    </p>
   </div>
   <div class='ocr_carea' id='block_1_34' title="bbox 553 1815 2129 1889">
    <p class='ocr_par' dir='ltr' id='par_1_34' title="bbox 553 1815 2109 1889">
     <span class='ocr_line' id='line_1_34' title="bbox 553 1815 2109 1889; baseline 0.006 -22"><span class='ocrx_word' id='word_1_265' title='bbox 553 1815 714 1868; x_wconf 89' lang='lat' dir='ltr'><strong>etiam</strong></span> <span class='ocrx_word' id='word_1_266' title='bbox 757 1815 1048 1870; x_wconf 88' lang='lat' dir='ltr'><strong>inanimata</strong></span> <span class='ocrx_word' id='word_1_267' title='bbox 1084 1837 1099 1872; x_wconf 88' lang='lat'><strong>:</strong></span> <span class='ocrx_word' id='word_1_268' title='bbox 1125 1828 1184 1872; x_wconf 91' lang='lat' dir='ltr'><strong>ut</strong></span> <span class='ocrx_word' id='word_1_269' title='bbox 1213 1834 1333 1873; x_wconf 92' lang='lat' dir='ltr'><strong>cum</strong></span> <span class='ocrx_word' id='word_1_270' title='bbox 1385 1819 1461 1873; x_wconf 85' lang='lat' dir='ltr'><strong>ait</strong></span> <span class='ocrx_word' id='word_1_271' title='bbox 1491 1821 1749 1889; x_wconf 88' lang='lat' dir='ltr'><strong>propheta</strong></span> <span class='ocrx_word' id='word_1_272' title='bbox 1777 1837 1795 1878; x_wconf 86' lang='lat'><strong>:</strong></span> <span class='ocrx_word' id='word_1_273' title='bbox 1825 1840 1843 1874; x_wconf 83' lang='grc' dir='ltr'><strong>ι</strong></span> <span class='ocrx_word' id='word_1_274' title='bbox 1869 1819 1926 1874; x_wconf 83' lang='lat' dir='ltr'><strong>Si</strong></span> <span class='ocrx_word' id='word_1_275' title='bbox 1959 1822 2109 1876; x_wconf 77' lang='lat' dir='ltr'><strong>volu-</strong></span> 
     </span>
    </p>
   </div>
   <div class='ocr_carea' id='block_1_35' title="bbox 2224 1815 3794 1889">
    <p class='ocr_par' dir='ltr' id='par_1_35' title="bbox 2224 1816 3794 1889">
     <span class='ocr_line' id='line_1_35' title="bbox 2224 1816 3794 1889; baseline -0.002 -19"><span class='ocrx_word' id='word_1_276' title='bbox 2224 1818 2595 1871; x_wconf 68' lang='grc' dir='ltr'>ὶνυποστάτων</span> <span class='ocrx_word' id='word_1_277' title='bbox 2637 1817 2796 1887; x_wconf 79' lang='grc' dir='ltr'>δῆθεν</span> <span class='ocrx_word' id='word_1_278' title='bbox 2833 1819 3171 1888; x_wconf 82' lang='grc' dir='ltr'>πραγμάτων</span> <span class='ocrx_word' id='word_1_279' title='bbox 3217 1819 3459 1889; x_wconf 70' lang='grc' dir='ltr'>εἴρηται·</span> <span class='ocrx_word' id='word_1_280' title='bbox 3505 1835 3522 1867; x_wconf 84' lang='lat' dir='ltr'><strong>t</strong></span> <span class='ocrx_word' id='word_1_281' title='bbox 3565 1816 3794 1883; x_wconf 81' lang='grc' dir='ltr'>Ἀγαθὸν·</span> 
     </span>
    </p>
   </div>
   <div class='ocr_carea' id='block_1_36' title="bbox 556 1906 2115 1978">
    <p class='ocr_par' dir='ltr' id='par_1_36' title="bbox 556 1906 2115 1978">
     <span class='ocr_line' id='line_1_36' title="bbox 556 1906 2115 1978; baseline 0.006 -19"><span class='ocrx_word' id='word_1_282' title='bbox 556 1907 708 1961; x_wconf 89' lang='lat' dir='ltr'><strong>eritis</strong></span> <span class='ocrx_word' id='word_1_283' title='bbox 735 1906 844 1977; x_wconf 88' lang='grc'>(55)</span> <span class='ocrx_word' id='word_1_284' title='bbox 873 1909 1033 1978; x_wconf 77' lang='lat'><strong>129</strong></span> <span class='ocrx_word' id='word_1_285' title='bbox 1065 1920 1117 1964; x_wconf 90' lang='lat' dir='ltr'><strong>et</strong></span> <span class='ocrx_word' id='word_1_286' title='bbox 1146 1911 1430 1966; x_wconf 88' lang='lat' dir='ltr'><strong>audieritis</strong></span> <span class='ocrx_word' id='word_1_287' title='bbox 1454 1928 1559 1977; x_wconf 85' lang='lat' dir='ltr'><strong>tne,</strong></span> <span class='ocrx_word' id='word_1_288' title='bbox 1583 1912 1722 1967; x_wconf 89' lang='lat' dir='ltr'><strong>bona</strong></span> <span class='ocrx_word' id='word_1_289' title='bbox 1748 1921 1907 1968; x_wconf 65' lang='lat' dir='ltr'><strong>terra:</strong></span> <span class='ocrx_word' id='word_1_290' title='bbox 1932 1928 2115 1970; x_wconf 85' lang='lat' dir='ltr'><strong>come-</strong></span> 
     </span>
    </p>
   </div>
   <div class='ocr_carea' id='block_1_37' title="bbox 566 1996 2118 2063">
    <p class='ocr_par' dir='ltr' id='par_1_37' title="bbox 566 1996 2118 2063">
     <span class='ocr_line' id='line_1_37' title="bbox 566 1996 2118 2063; baseline 0.005 -15"><span class='ocrx_word' id='word_1_291' title='bbox 566 1996 725 2050; x_wconf 89' lang='lat' dir='ltr'><strong>detis.</strong></span> <span class='ocrx_word' id='word_1_292' title='bbox 770 2017 788 2048; x_wconf 82' lang='grc' dir='ltr'><strong>ι</strong></span> <span class='ocrx_word' id='word_1_293' title='bbox 820 1997 958 2063; x_wconf 87' lang='lat' dir='ltr'><strong>Quin</strong></span> <span class='ocrx_word' id='word_1_294' title='bbox 985 1999 1150 2052; x_wconf 84' lang='lat' dir='ltr'><strong>etiam</strong></span> <span class='ocrx_word' id='word_1_295' title='bbox 1177 1999 1243 2053; x_wconf 90' lang='lat' dir='ltr'><strong>de</strong></span> <span class='ocrx_word' id='word_1_296' title='bbox 1266 2001 1428 2055; x_wconf 89' lang='lat' dir='ltr'><strong>rebus</strong></span> <span class='ocrx_word' id='word_1_297' title='bbox 1453 2017 1558 2055; x_wconf 91' lang='lat' dir='ltr'><strong>non</strong></span> <span class='ocrx_word' id='word_1_298' title='bbox 1591 2002 2011 2057; x_wconf 87' lang='lat' dir='ltr'><strong>subsistentibus</strong></span> <span class='ocrx_word' id='word_1_299' title='bbox 2035 2003 2118 2056; x_wconf 91' lang='lat' dir='ltr'><strong>di-</strong></span> 
     </span>
    </p>
   </div>
   <div class='ocr_carea' id='block_1_38' title="bbox 2213 1909 3787 1980">
    <p class='ocr_par' dir='ltr' id='par_1_38' title="bbox 2213 1909 3787 1980">
     <span class='ocr_line' id='line_1_38' title="bbox 2213 1909 3787 1980; baseline -0.001 -18"><span class='ocrx_word' id='word_1_300' title='bbox 2213 1910 2274 1962; x_wconf 84' lang='grc' dir='ltr'>τὸ</span> <span class='ocrx_word' id='word_1_301' title='bbox 2302 1909 2734 1979; x_wconf 77' lang='grc' dir='ltr'>ἐξομολογεῖσθαι</span> <span class='ocrx_word' id='word_1_302' title='bbox 2774 1909 2852 1979; x_wconf 82' lang='grc' dir='ltr'>τῷ</span> <span class='ocrx_word' id='word_1_303' title='bbox 2882 1909 3122 1980; x_wconf 73' lang='grc' dir='ltr'>Κυρίῳ.»</span> <span class='ocrx_word' id='word_1_304' title='bbox 3152 1909 3382 1980; x_wconf 79' lang='grc' dir='ltr'>Ὁμοίως</span> <span class='ocrx_word' id='word_1_305' title='bbox 3411 1910 3439 1961; x_wconf 91' lang='grc' dir='ltr'><strong>ὁ</strong></span> <span class='ocrx_word' id='word_1_306' title='bbox 3469 1909 3644 1976; x_wconf 78' lang='grc' dir='ltr'>ἅγιος,</span> <span class='ocrx_word' id='word_1_307' title='bbox 3678 1923 3787 1977; x_wconf 82' lang='grc' dir='ltr'>φη-</span> 
     </span>
    </p>
   </div>
   <div class='ocr_carea' id='block_1_39' title="bbox 2217 1997 3785 2074">
    <p class='ocr_par' dir='ltr' id='par_1_39' title="bbox 2217 1997 3785 2074">
     <span class='ocr_line' id='line_1_39' title="bbox 2217 1997 3785 2074; baseline -0.003 -19"><span class='ocrx_word' id='word_1_308' title='bbox 2217 2003 2288 2062; x_wconf 70' lang='grc' dir='ltr'><strong>σὶ.</strong></span> <span class='ocrx_word' id='word_1_309' title='bbox 2323 2001 2562 2056; x_wconf 83' lang='grc' dir='ltr'>καλεῖται</span> <span class='ocrx_word' id='word_1_310' title='bbox 2603 2002 2696 2056; x_wconf 77' lang='grc' dir='ltr'>καὶ</span> <span class='ocrx_word' id='word_1_311' title='bbox 2736 2001 3038 2074; x_wconf 85' lang='grc' dir='ltr'>ἄνθρωπος.</span> <span class='ocrx_word' id='word_1_312' title='bbox 3081 2000 3319 2071; x_wconf 81' lang='grc' dir='ltr'>Δύναμίς</span> <span class='ocrx_word' id='word_1_313' title='bbox 3346 2017 3404 2052; x_wconf 86' lang='grc' dir='ltr'><strong>τε</strong></span> <span class='ocrx_word' id='word_1_314' title='bbox 3439 1997 3596 2062; x_wconf 86' lang='grc' dir='ltr'>Θεοῦ,</span> <span class='ocrx_word' id='word_1_315' title='bbox 3628 1998 3785 2069; x_wconf 74' lang='grc' dir='ltr'>φησὶ,</span> 
     </span>
    </p>
   </div>
   <div class='ocr_carea' id='block_1_40' title="bbox 561 2088 2129 2166">
    <p class='ocr_par' dir='ltr' id='par_1_40' title="bbox 561 2090 2117 2157">
     <span class='ocr_line' id='line_1_40' title="bbox 561 2090 2117 2157; baseline 0.004 -16"><span class='ocrx_word' id='word_1_316' title='bbox 561 2097 706 2141; x_wconf 90' lang='lat' dir='ltr'><strong>ctum</strong></span> <span class='ocrx_word' id='word_1_317' title='bbox 743 2098 827 2142; x_wconf 92' lang='lat' dir='ltr'><strong>est</strong></span> <span class='ocrx_word' id='word_1_318' title='bbox 851 2128 866 2152; x_wconf 92' lang='lat'><strong>,</strong></span> <span class='ocrx_word' id='word_1_319' title='bbox 903 2104 996 2143; x_wconf 89' lang='lat' dir='ltr'><strong>eas</strong></span> <span class='ocrx_word' id='word_1_320' title='bbox 1025 2105 1147 2144; x_wconf 87' lang='lat' dir='ltr'><strong>csse</strong></span> <span class='ocrx_word' id='word_1_321' title='bbox 1184 2090 1472 2157; x_wconf 88' lang='lat' dir='ltr'><strong>bonas;ut</strong></span> <span class='ocrx_word' id='word_1_322' title='bbox 1504 2093 1559 2146; x_wconf 91' lang='lat' dir='ltr'><strong>in</strong></span> <span class='ocrx_word' id='word_1_323' title='bbox 1599 2091 1665 2148; x_wconf 91' lang='lat' dir='ltr'><strong>iis</strong></span> <span class='ocrx_word' id='word_1_324' title='bbox 1692 2093 1911 2147; x_wconf 89' lang='lat' dir='ltr'><strong>verbis:</strong></span> <span class='ocrx_word' id='word_1_325' title='bbox 1954 2112 1972 2144; x_wconf 85' lang='grc' dir='ltr'><strong>ι</strong></span> <span class='ocrx_word' id='word_1_326' title='bbox 2015 2094 2117 2148; x_wconf 86' lang='lat' dir='ltr'><strong>Bo-</strong></span> 
     </span>
    </p>
   </div>
   <div class='ocr_carea' id='block_1_41' title="bbox 2224 2088 3792 2166">
    <p class='ocr_par' dir='ltr' id='par_1_41' title="bbox 2224 2088 3792 2166">
     <span class='ocr_line' id='line_1_41' title="bbox 2224 2088 3792 2166; baseline -0.003 -18"><span class='ocrx_word' id='word_1_327' title='bbox 2224 2095 2310 2148; x_wconf 75' lang='grc' dir='ltr'>καὶ</span> <span class='ocrx_word' id='word_1_328' title='bbox 2343 2093 2578 2165; x_wconf 82' lang='grc' dir='ltr'>σκώληξ,</span> <span class='ocrx_word' id='word_1_329' title='bbox 2686 2094 2920 2164; x_wconf 82' lang='grc' dir='ltr'>γράφει·</span> <span class='ocrx_word' id='word_1_330' title='bbox 2961 2112 2980 2144; x_wconf 75' lang='grc' dir='ltr'><strong>ι</strong></span> <span class='ocrx_word' id='word_1_331' title='bbox 3015 2094 3079 2145; x_wconf 85' lang='grc' dir='ltr'><strong>Ἦ</strong></span> <span class='ocrx_word' id='word_1_332' title='bbox 3108 2093 3322 2162; x_wconf 84' lang='grc' dir='ltr'>κάμπη,</span> <span class='ocrx_word' id='word_1_333' title='bbox 3361 2092 3394 2162; x_wconf 82' lang='grc' dir='ltr'>ὴ</span> <span class='ocrx_word' id='word_1_334' title='bbox 3425 2089 3653 2160; x_wconf 87' lang='grc' dir='ltr'>δύναμίς</span> <span class='ocrx_word' id='word_1_335' title='bbox 3683 2106 3792 2160; x_wconf 76' lang='grc' dir='ltr'><strong>μου</strong></span> 
     </span>
    </p>
   </div>
   <div class='ocr_carea' id='block_1_42' title="bbox 565 2178 2129 2258">
    <p class='ocr_par' dir='ltr' id='par_1_42' title="bbox 565 2178 2119 2249">
     <span class='ocr_line' id='line_1_42' title="bbox 565 2178 2119 2249; baseline 0.006 -18"><span class='ocrx_word' id='word_1_336' title='bbox 565 2194 692 2231; x_wconf 85' lang='grc' dir='ltr'>ιιιιιιι</span> <span class='ocrx_word' id='word_1_337' title='bbox 725 2178 836 2249; x_wconf 87' lang='grc'>(56)</span> <span class='ocrx_word' id='word_1_338' title='bbox 857 2189 938 2233; x_wconf 91' lang='lat' dir='ltr'><strong>est</strong></span> <span class='ocrx_word' id='word_1_339' title='bbox 959 2183 1203 2236; x_wconf 89' lang='lat' dir='ltr'><strong>conliteri</strong></span> <span class='ocrx_word' id='word_1_340' title='bbox 1240 2183 1494 2238; x_wconf 90' lang='lat' dir='ltr'><strong>Domino.</strong></span> <span class='ocrx_word' id='word_1_341' title='bbox 1536 2202 1554 2235; x_wconf 82' lang='grc' dir='ltr'><strong>ι</strong></span> <span class='ocrx_word' id='word_1_342' title='bbox 1584 2183 1846 2239; x_wconf 86' lang='lat' dir='ltr'><strong>Similiter</strong></span> <span class='ocrx_word' id='word_1_343' title='bbox 1875 2196 2119 2249; x_wconf 74' lang='lat' dir='ltr'><strong>sanctus,</strong></span> 
     </span>
    </p>
   </div>
   <div class='ocr_carea' id='block_1_43' title="bbox 2224 2178 3790 2258">
    <p class='ocr_par' dir='ltr' id='par_1_43' title="bbox 2224 2181 3790 2258">
     <span class='ocr_line' id='line_1_43' title="bbox 2224 2181 3790 2258; baseline -0.003 -20"><span class='ocrx_word' id='word_1_344' title='bbox 2224 2189 2255 2258; x_wconf 72' lang='grc' dir='ltr'>ἡ</span> <span class='ocrx_word' id='word_1_345' title='bbox 2280 2187 2551 2257; x_wconf 77' lang='grc' dir='ltr'>μεγάληοι</span> <span class='ocrx_word' id='word_1_346' title='bbox 2585 2187 2680 2239; x_wconf 75' lang='grc' dir='ltr'><strong>καὶ</strong></span> <span class='ocrx_word' id='word_1_347' title='bbox 2712 2187 2740 2238; x_wconf 95' lang='grc' dir='ltr'><strong>ὁ</strong></span> <span class='ocrx_word' id='word_1_348' title='bbox 2783 2185 2971 2256; x_wconf 83' lang='grc' dir='ltr'>Σωτὴρ</span> <span class='ocrx_word' id='word_1_349' title='bbox 3013 2184 3100 2237; x_wconf 79' lang='grc' dir='ltr'>δέ’</span> <span class='ocrx_word' id='word_1_350' title='bbox 3143 2203 3160 2235; x_wconf 81' lang='grc' dir='ltr'><strong>ι</strong></span> <span class='ocrx_word' id='word_1_351' title='bbox 3180 2185 3245 2236; x_wconf 84' lang='grc' dir='ltr'>Δί</span> <span class='ocrx_word' id='word_1_352' title='bbox 3273 2182 3533 2253; x_wconf 85' lang='grc' dir='ltr'>δυνάμεις</span> <span class='ocrx_word' id='word_1_353' title='bbox 3568 2181 3678 2235; x_wconf 84' lang='grc' dir='ltr'><strong>τῶν</strong></span> <span class='ocrx_word' id='word_1_354' title='bbox 3698 2181 3790 2235; x_wconf 82' lang='grc' dir='ltr'>ού-</span> 
     </span>
    </p>
   </div>
   <div class='ocr_carea' id='block_1_44' title="bbox 563 2271 2129 2348">
    <p class='ocr_par' dir='ltr' id='par_1_44' title="bbox 563 2271 2122 2343">
     <span class='ocr_line' id='line_1_44' title="bbox 563 2271 2122 2343; baseline 0.004 -19"><span class='ocrx_word' id='word_1_355' title='bbox 563 2271 832 2339; x_wconf 90' lang='lat' dir='ltr'><strong>inquiunt,</strong></span> <span class='ocrx_word' id='word_1_356' title='bbox 864 2281 1091 2326; x_wconf 88' lang='lat' dir='ltr'><strong>vocatur</strong></span> <span class='ocrx_word' id='word_1_357' title='bbox 1122 2272 1285 2327; x_wconf 86' lang='lat' dir='ltr'><strong>etiam</strong></span> <span class='ocrx_word' id='word_1_358' title='bbox 1321 2275 1504 2329; x_wconf 90' lang='lat' dir='ltr'><strong>homo.</strong></span> <span class='ocrx_word' id='word_1_359' title='bbox 1529 2275 1608 2330; x_wconf 84' lang='lat' dir='ltr'><strong>Ac</strong></span> <span class='ocrx_word' id='word_1_360' title='bbox 1633 2277 1869 2343; x_wconf 89' lang='lat' dir='ltr'><strong>potentia</strong></span> <span class='ocrx_word' id='word_1_361' title='bbox 1900 2277 2012 2341; x_wconf 91' lang='lat' dir='ltr'><strong>Dei,</strong></span> <span class='ocrx_word' id='word_1_362' title='bbox 2039 2278 2122 2330; x_wconf 86' lang='lat' dir='ltr'><strong>in-</strong></span> 
     </span>
    </p>
   </div>
   <div class='ocr_carea' id='block_1_45' title="bbox 2224 2271 3786 2348">
    <p class='ocr_par' dir='ltr' id='par_1_45' title="bbox 2224 2272 3786 2348">
     <span class='ocr_line' id='line_1_45' title="bbox 2224 2272 3786 2348; baseline -0.003 -18"><span class='ocrx_word' id='word_1_363' title='bbox 2224 2275 2396 2348; x_wconf 82' lang='grc' dir='ltr'>ρανῶν</span> <span class='ocrx_word' id='word_1_364' title='bbox 2446 2275 2932 2347; x_wconf 76' lang='grc' dir='ltr'>σαλευθήσονταιοι</span> <span class='ocrx_word' id='word_1_365' title='bbox 2969 2274 3061 2328; x_wconf 74' lang='grc' dir='ltr'>καὶ</span> <span class='ocrx_word' id='word_1_366' title='bbox 3105 2272 3260 2326; x_wconf 86' lang='grc' dir='ltr'>τοῦτο</span> <span class='ocrx_word' id='word_1_367' title='bbox 3289 2273 3387 2344; x_wconf 80' lang='grc' dir='ltr'>μὲν</span> <span class='ocrx_word' id='word_1_368' title='bbox 3420 2273 3592 2343; x_wconf 61' lang='grc' dir='ltr'><strong>(φημί¹</strong></span> <span class='ocrx_word' id='word_1_369' title='bbox 3631 2273 3689 2327; x_wconf 80' lang='grc' dir='ltr'>δὲ</span> <span class='ocrx_word' id='word_1_370' title='bbox 3724 2272 3786 2326; x_wconf 81' lang='grc' dir='ltr'>τὸ</span> 
     </span>
    </p>
   </div>
   <div class='ocr_carea' id='block_1_46' title="bbox 562 2364 2129 2439">
    <p class='ocr_par' dir='ltr' id='par_1_46' title="bbox 562 2365 2121 2438">
     <span class='ocr_line' id='line_1_46' title="bbox 562 2365 2121 2438; baseline 0.006 -22"><span class='ocrx_word' id='word_1_371' title='bbox 562 2365 775 2434; x_wconf 89' lang='lat' dir='ltr'><strong>qniunt,</strong></span> <span class='ocrx_word' id='word_1_372' title='bbox 831 2366 1068 2429; x_wconf 88' lang='lat' dir='ltr'><strong>vermis,</strong></span> <span class='ocrx_word' id='word_1_373' title='bbox 1107 2381 1326 2436; x_wconf 90' lang='lat' dir='ltr'><strong>quoque</strong></span> <span class='ocrx_word' id='word_1_374' title='bbox 1357 2369 1533 2423; x_wconf 90' lang='lat' dir='ltr'><strong>dictus</strong></span> <span class='ocrx_word' id='word_1_375' title='bbox 1577 2369 1677 2422; x_wconf 79' lang='lat' dir='ltr'><strong>fuit</strong></span> <span class='ocrx_word' id='word_1_376' title='bbox 1704 2383 1719 2422; x_wconf 92' lang='lat'><strong>:</strong></span> <span class='ocrx_word' id='word_1_377' title='bbox 1749 2384 1853 2438; x_wconf 86' lang='lat' dir='ltr'><strong>qua</strong></span> <span class='ocrx_word' id='word_1_378' title='bbox 1909 2371 2121 2426; x_wconf 89' lang='lat' dir='ltr'><strong>ratione</strong></span> 
     </span>
    </p>
   </div>
   <div class='ocr_carea' id='block_1_47' title="bbox 2224 2364 3789 2439">
    <p class='ocr_par' dir='ltr' id='par_1_47' title="bbox 2224 2364 3789 2439">
     <span class='ocr_line' id='line_1_47' title="bbox 2224 2364 3789 2439; baseline -0.003 -17"><span class='ocrx_word' id='word_1_379' title='bbox 2224 2368 2297 2439; x_wconf 77' lang='grc' dir='ltr'>μὴ</span> <span class='ocrx_word' id='word_1_380' title='bbox 2340 2368 2622 2439; x_wconf 81' lang='grc' dir='ltr'>προσέχειν</span> <span class='ocrx_word' id='word_1_381' title='bbox 2661 2367 2998 2438; x_wconf 85' lang='grc' dir='ltr'>ὁμωνυμίαις</span> <span class='ocrx_word' id='word_1_382' title='bbox 3046 2366 3140 2419; x_wconf 69' lang='grc' dir='ltr'><strong>καὶ</strong></span> <span class='ocrx_word' id='word_1_383' title='bbox 3181 2364 3566 2436; x_wconf 83' lang='grc' dir='ltr'>ὁμοιολεξίαις)</span> <span class='ocrx_word' id='word_1_384' title='bbox 3634 2365 3789 2433; x_wconf 80' lang='grc' dir='ltr'>λόγον</span> 
     </span>
    </p>
   </div>
   <div class='ocr_carea' id='block_1_48' title="bbox 559 2454 2129 2532">
    <p class='ocr_par' dir='ltr' id='par_1_48' title="bbox 559 2454 2116 2532">
     <span class='ocr_line' id='line_1_48' title="bbox 559 2454 2116 2532; baseline 0.004 -23"><span class='ocrx_word' id='word_1_385' title='bbox 559 2456 743 2511; x_wconf 87' lang='lat' dir='ltr'><strong>scribit</strong></span> <span class='ocrx_word' id='word_1_386' title='bbox 777 2454 917 2522; x_wconf 86' lang='lat' dir='ltr'><strong>Joel,</strong></span> <span class='ocrx_word' id='word_1_387' title='bbox 974 2475 992 2508; x_wconf 82' lang='lat' dir='ltr'><strong>t</strong></span> <span class='ocrx_word' id='word_1_388' title='bbox 1032 2456 1202 2512; x_wconf 89' lang='lat' dir='ltr'><strong>Eruca</strong></span> <span class='ocrx_word' id='word_1_389' title='bbox 1234 2459 1348 2531; x_wconf 84' lang='lat'><strong>(57)</strong></span> <span class='ocrx_word' id='word_1_390' title='bbox 1381 2461 1617 2529; x_wconf 87' lang='lat' dir='ltr'><strong>potentia</strong></span> <span class='ocrx_word' id='word_1_391' title='bbox 1654 2477 1768 2516; x_wconf 87' lang='lat' dir='ltr'><strong>mea</strong></span> <span class='ocrx_word' id='word_1_392' title='bbox 1817 2478 2030 2532; x_wconf 84' lang='lat' dir='ltr'><strong>magna.</strong></span> <span class='ocrx_word' id='word_1_393' title='bbox 2096 2481 2116 2516; x_wconf 79' lang='grc' dir='ltr'><strong>ι</strong></span> 
     </span>
    </p>
   </div>
   <div class='ocr_carea' id='block_1_49' title="bbox 2224 2454 3790 2532">
    <p class='ocr_par' dir='ltr' id='par_1_49' title="bbox 2224 2456 3790 2531">
     <span class='ocr_line' id='line_1_49' title="bbox 2224 2456 3790 2531; baseline -0.003 -18"><span class='ocrx_word' id='word_1_394' title='bbox 2224 2460 2332 2530; x_wconf 77' lang='grc' dir='ltr'>ἔχει</span> <span class='ocrx_word' id='word_1_395' title='bbox 2359 2461 2450 2514; x_wconf 74' lang='grc' dir='ltr'><strong>ἐπὶ</strong></span> <span class='ocrx_word' id='word_1_396' title='bbox 2477 2463 2586 2523; x_wconf 84' lang='grc' dir='ltr'>τοῖς</span> <span class='ocrx_word' id='word_1_397' title='bbox 2613 2459 2961 2531; x_wconf 82' lang='grc' dir='ltr'>ὲτεροειδέσιν</span> <span class='ocrx_word' id='word_1_398' title='bbox 2991 2458 3083 2512; x_wconf 74' lang='grc' dir='ltr'><strong>καὶ</strong></span> <span class='ocrx_word' id='word_1_399' title='bbox 3109 2457 3484 2529; x_wconf 80' lang='grc' dir='ltr'>ἑτεροουσίοις,</span> <span class='ocrx_word' id='word_1_400' title='bbox 3516 2457 3576 2509; x_wconf 87' lang='grc' dir='ltr'><strong>ού</strong></span> <span class='ocrx_word' id='word_1_401' title='bbox 3606 2456 3790 2527; x_wconf 80' lang='grc' dir='ltr'>μέντοι</span> 
     </span>
    </p>
   </div>
   <div class='ocr_carea' id='block_1_50' title="bbox 562 2539 2129 2622">
    <p class='ocr_par' dir='ltr' id='par_1_50' title="bbox 562 2546 2121 2622">
     <span class='ocr_line' id='line_1_50' title="bbox 562 2546 2121 2622; baseline 0.006 -22"><span class='ocrx_word' id='word_1_402' title='bbox 562 2546 811 2602; x_wconf 82' lang='lat' dir='ltr'><strong>Salvator</strong></span> <span class='ocrx_word' id='word_1_403' title='bbox 839 2557 1063 2603; x_wconf 86' lang='lat' dir='ltr'><strong>autem:</strong></span> <span class='ocrx_word' id='word_1_404' title='bbox 1107 2567 1126 2601; x_wconf 84' lang='lat' dir='ltr'><strong>t</strong></span> <span class='ocrx_word' id='word_1_405' title='bbox 1169 2549 1469 2606; x_wconf 90' lang='lat' dir='ltr'><strong>Potestates</strong></span> <span class='ocrx_word' id='word_1_406' title='bbox 1510 2553 1622 2622; x_wconf 88' lang='grc'>(58)</span> <span class='ocrx_word' id='word_1_407' title='bbox 1667 2553 1923 2608; x_wconf 79' lang='lat' dir='ltr'><strong>ctelorum</strong></span> <span class='ocrx_word' id='word_1_408' title='bbox 1974 2571 2121 2608; x_wconf 82' lang='lat' dir='ltr'><strong>com-</strong></span> 
     </span>
    </p>
   </div>
   <div class='ocr_carea' id='block_1_51' title="bbox 2224 2539 3794 2622">
    <p class='ocr_par' dir='ltr' id='par_1_51' title="bbox 2224 2539 3794 2622">
     <span class='ocr_line' id='line_1_51' title="bbox 2224 2539 3794 2622; baseline -0.006 -15"><span class='ocrx_word' id='word_1_409' title='bbox 2224 2554 2316 2606; x_wconf 75' lang='grc' dir='ltr'><strong>ὲπὶ</strong></span> <span class='ocrx_word' id='word_1_410' title='bbox 2339 2553 2432 2606; x_wconf 83' lang='grc' dir='ltr'><strong>τοῦ</strong></span> <span class='ocrx_word' id='word_1_411' title='bbox 2467 2553 2623 2622; x_wconf 84' lang='grc' dir='ltr'>ἁγίου</span> <span class='ocrx_word' id='word_1_412' title='bbox 2668 2550 3018 2620; x_wconf 87' lang='grc' dir='ltr'>Πνεύματος,</span> <span class='ocrx_word' id='word_1_413' title='bbox 3069 2549 3163 2603; x_wconf 71' lang='grc' dir='ltr'><strong>κα)⁸</strong></span> <span class='ocrx_word' id='word_1_414' title='bbox 3205 2548 3414 2601; x_wconf 76' lang='grc' dir='ltr'>ἐκείνου</span> <span class='ocrx_word' id='word_1_415' title='bbox 3460 2539 3522 2600; x_wconf 83' lang='grc' dir='ltr'><strong>οῦ</strong></span> <span class='ocrx_word' id='word_1_416' title='bbox 3566 2545 3794 2616; x_wconf 82' lang='grc' dir='ltr'>Πνεῦμά</span> 
     </span>
    </p>
   </div>
   <div class='ocr_carea' id='block_1_52' title="bbox 562 2637 2129 2714">
    <p class='ocr_par' dir='ltr' id='par_1_52' title="bbox 562 2639 2120 2712">
     <span class='ocr_line' id='line_1_52' title="bbox 562 2639 2120 2712; baseline 0.004 -21"><span class='ocrx_word' id='word_1_417' title='bbox 562 2639 944 2693; x_wconf 88' lang='lat' dir='ltr'><strong>movebuntur.</strong></span> <span class='ocrx_word' id='word_1_418' title='bbox 985 2658 1003 2691; x_wconf 79' lang='grc' dir='ltr'><strong>ι</strong></span> <span class='ocrx_word' id='word_1_419' title='bbox 1035 2640 1105 2694; x_wconf 87' lang='lat' dir='ltr'><strong>At</strong></span> <span class='ocrx_word' id='word_1_420' title='bbox 1132 2640 1236 2694; x_wconf 92' lang='lat' dir='ltr'><strong>hoc</strong></span> <span class='ocrx_word' id='word_1_421' title='bbox 1257 2641 1475 2711; x_wconf 88' lang='lat' dir='ltr'><strong>quidem</strong></span> <span class='ocrx_word' id='word_1_422' title='bbox 1510 2644 1673 2712; x_wconf 88' lang='lat' dir='ltr'><strong>(quod</strong></span> <span class='ocrx_word' id='word_1_423' title='bbox 1707 2659 1899 2712; x_wconf 88' lang='lat' dir='ltr'><strong>nempe</strong></span> <span class='ocrx_word' id='word_1_424' title='bbox 1930 2644 2120 2698; x_wconf 90' lang='lat' dir='ltr'><strong>homo-</strong></span> 
     </span>
    </p>
   </div>
   <div class='ocr_carea' id='block_1_53' title="bbox 2224 2637 3788 2714">
    <p class='ocr_par' dir='ltr' id='par_1_53' title="bbox 2224 2637 3788 2714">
     <span class='ocr_line' id='line_1_53' title="bbox 2224 2637 3788 2714; baseline -0.006 -15"><span class='ocrx_word' id='word_1_425' title='bbox 2224 2647 2391 2708; x_wconf 79' lang='grc' dir='ltr'>ἐστιν,</span> <span class='ocrx_word' id='word_1_426' title='bbox 2445 2643 2523 2696; x_wconf 75' lang='grc' dir='ltr'>ἔτι</span> <span class='ocrx_word' id='word_1_427' title='bbox 2570 2644 2675 2714; x_wconf 84' lang='grc' dir='ltr'>μὴν</span> <span class='ocrx_word' id='word_1_428' title='bbox 2719 2642 2815 2696; x_wconf 72' lang='grc' dir='ltr'><strong>καὶ</strong></span> <span class='ocrx_word' id='word_1_429' title='bbox 2855 2641 2946 2694; x_wconf 87' lang='grc' dir='ltr'><strong>τοῦ</strong></span> <span class='ocrx_word' id='word_1_430' title='bbox 2988 2640 3139 2695; x_wconf 87' lang='grc' dir='ltr'>Υίοῦ.</span> <span class='ocrx_word' id='word_1_431' title='bbox 3194 2639 3553 2712; x_wconf 84' lang='grc' dir='ltr'>Προστιθεῖσα</span> <span class='ocrx_word' id='word_1_432' title='bbox 3594 2637 3702 2709; x_wconf 83' lang='grc' dir='ltr'><strong>γὰρ</strong></span> <span class='ocrx_word' id='word_1_433' title='bbox 3752 2640 3788 2708; x_wconf 79' lang='grc' dir='ltr'>ἡ</span> 
     </span>
    </p>
   </div>
   <div class='ocr_carea' id='block_1_54' title="bbox 563 2726 2129 2806">
    <p class='ocr_par' dir='ltr' id='par_1_54' title="bbox 563 2730 2122 2801">
     <span class='ocr_line' id='line_1_54' title="bbox 563 2730 2122 2801; baseline 0.003 -17"><span class='ocrx_word' id='word_1_434' title='bbox 563 2730 773 2801; x_wconf 86' lang='lat' dir='ltr'><strong>nymias</strong></span> <span class='ocrx_word' id='word_1_435' title='bbox 817 2739 871 2785; x_wconf 86' lang='lat' dir='ltr'><strong>et</strong></span> <span class='ocrx_word' id='word_1_436' title='bbox 909 2731 1243 2786; x_wconf 88' lang='lat' dir='ltr'><strong>locutionum</strong></span> <span class='ocrx_word' id='word_1_437' title='bbox 1289 2732 1670 2788; x_wconf 84' lang='lat' dir='ltr'><strong>similitudines</strong></span> <span class='ocrx_word' id='word_1_438' title='bbox 1700 2736 1979 2789; x_wconf 88' lang='lat' dir='ltr'><strong>attendere</strong></span> <span class='ocrx_word' id='word_1_439' title='bbox 2017 2751 2122 2789; x_wconf 91' lang='lat' dir='ltr'><strong>non</strong></span> 
     </span>
    </p>
   </div>
   <div class='ocr_carea' id='block_1_55' title="bbox 2224 2726 3790 2806">
    <p class='ocr_par' dir='ltr' id='par_1_55' title="bbox 2224 2726 3790 2806">
     <span class='ocr_line' id='line_1_55' title="bbox 2224 2726 3790 2806; baseline -0.006 -18"><span class='ocrx_word' id='word_1_440' title='bbox 2224 2734 2412 2806; x_wconf 79' lang='grc' dir='ltr'>Γραφὴ</span> <span class='ocrx_word' id='word_1_441' title='bbox 2438 2735 2535 2805; x_wconf 79' lang='grc' dir='ltr'><strong>τὴν</strong></span> <span class='ocrx_word' id='word_1_442' title='bbox 2557 2733 2664 2787; x_wconf 82' lang='grc' dir='ltr'><strong>ἀπὸ</strong></span> <span class='ocrx_word' id='word_1_443' title='bbox 2695 2732 2890 2802; x_wconf 75' lang='grc' dir='ltr'>ἑαυτῆς</span> <span class='ocrx_word' id='word_1_444' title='bbox 2920 2730 3218 2800; x_wconf 78' lang='grc' dir='ltr'>ἀσφάλειαν</span> <span class='ocrx_word' id='word_1_445' title='bbox 3246 2733 3365 2794; x_wconf 83' lang='grc' dir='ltr'>ταῖς</span> <span class='ocrx_word' id='word_1_446' title='bbox 3390 2729 3728 2800; x_wconf 84' lang='grc' dir='ltr'>ὁμωνυμίαις</span> <span class='ocrx_word' id='word_1_447' title='bbox 3754 2726 3790 2798; x_wconf 79' lang='grc' dir='ltr'>ἢ</span> 
     </span>
    </p>
   </div>
   <div class='ocr_carea' id='block_1_56' title="bbox 561 2818 2129 2896">
    <p class='ocr_par' dir='ltr' id='par_1_56' title="bbox 561 2822 2127 2895">
     <span class='ocr_line' id='line_1_56' title="bbox 561 2822 2127 2895; baseline 0.004 -21"><span class='ocrx_word' id='word_1_448' title='bbox 561 2824 825 2890; x_wconf 88' lang='lat' dir='ltr'><strong>oporteat)</strong></span> <span class='ocrx_word' id='word_1_449' title='bbox 867 2822 1116 2890; x_wconf 89' lang='lat' dir='ltr'><strong>quamvis</strong></span> <span class='ocrx_word' id='word_1_450' title='bbox 1153 2822 1210 2877; x_wconf 87' lang='lat' dir='ltr'><strong>in</strong></span> <span class='ocrx_word' id='word_1_451' title='bbox 1243 2822 1309 2878; x_wconf 89' lang='lat' dir='ltr'><strong>iis</strong></span> <span class='ocrx_word' id='word_1_452' title='bbox 1339 2823 1533 2886; x_wconf 87' lang='lat' dir='ltr'><strong>valeat,</strong></span> <span class='ocrx_word' id='word_1_453' title='bbox 1566 2839 1800 2895; x_wconf 90' lang='lat' dir='ltr'><strong>quorum</strong></span> <span class='ocrx_word' id='word_1_454' title='bbox 1832 2825 1934 2879; x_wconf 89' lang='lat' dir='ltr'><strong>alia</strong></span> <span class='ocrx_word' id='word_1_455' title='bbox 1990 2825 2127 2881; x_wconf 85' lang='lat' dir='ltr'><strong>alte-</strong></span> 
     </span>
    </p>
   </div>
   <div class='ocr_carea' id='block_1_57' title="bbox 2224 2818 3781 2896">
    <p class='ocr_par' dir='ltr' id='par_1_57' title="bbox 2226 2818 3781 2896">
     <span class='ocr_line' id='line_1_57' title="bbox 2226 2818 3781 2896; baseline -0.005 -16"><span class='ocrx_word' id='word_1_456' title='bbox 2226 2825 2590 2896; x_wconf 80' lang='grc' dir='ltr'>συνωνυμίαις</span> <span class='ocrx_word' id='word_1_457' title='bbox 2616 2821 2924 2895; x_wconf 80' lang='grc' dir='ltr'>συμφράζει</span> <span class='ocrx_word' id='word_1_458' title='bbox 2952 2823 3050 2893; x_wconf 84' lang='grc' dir='ltr'>τὴν</span> <span class='ocrx_word' id='word_1_459' title='bbox 3080 2841 3100 2874; x_wconf 78' lang='grc' dir='ltr'><strong>ι</strong></span> <span class='ocrx_word' id='word_1_460' title='bbox 3129 2821 3230 2893; x_wconf 90' lang='grc' dir='ltr'><strong>μοῦ</strong></span> <span class='ocrx_word' id='word_1_461' title='bbox 3252 2841 3270 2872; x_wconf 82' lang='grc' dir='ltr'><strong>ι</strong></span> <span class='ocrx_word' id='word_1_462' title='bbox 3308 2822 3340 2890; x_wconf 86' lang='grc' dir='ltr'>ἢ</span> <span class='ocrx_word' id='word_1_463' title='bbox 3380 2839 3398 2872; x_wconf 81' lang='grc' dir='ltr'><strong>ι</strong></span> <span class='ocrx_word' id='word_1_464' title='bbox 3421 2819 3546 2872; x_wconf 76' lang='grc' dir='ltr'>σοῦ»</span> <span class='ocrx_word' id='word_1_465' title='bbox 3585 2818 3781 2873; x_wconf 78' lang='grc' dir='ltr'>συλλα-</span> 
     </span>
    </p>
   </div>
   <div class='ocr_carea' id='block_1_58' title="bbox 566 2905 2129 2987">
    <p class='ocr_par' dir='ltr' id='par_1_58' title="bbox 566 2912 2126 2984">
     <span class='ocr_line' id='line_1_58' title="bbox 566 2912 2126 2984; baseline 0.004 -20"><span class='ocrx_word' id='word_1_466' title='bbox 566 2912 683 2965; x_wconf 90' lang='lat' dir='ltr'><strong>rius</strong></span> <span class='ocrx_word' id='word_1_467' title='bbox 711 2913 926 2980; x_wconf 80' lang='lat' dir='ltr'><strong>generis</strong></span> <span class='ocrx_word' id='word_1_468' title='bbox 955 2922 1080 2969; x_wconf 89' lang='lat' dir='ltr'><strong>sunt</strong></span> <span class='ocrx_word' id='word_1_469' title='bbox 1105 2953 1118 2975; x_wconf 95' lang='lat'><strong>,</strong></span> <span class='ocrx_word' id='word_1_470' title='bbox 1148 2914 1478 2984; x_wconf 89' lang='lat' dir='ltr'><strong>alteriusque</strong></span> <span class='ocrx_word' id='word_1_471' title='bbox 1509 2917 1824 2972; x_wconf 75' lang='lat' dir='ltr'><strong>substantia:</strong></span> <span class='ocrx_word' id='word_1_472' title='bbox 1848 2934 1863 2983; x_wconf 92' lang='lat'><strong>;</strong></span> <span class='ocrx_word' id='word_1_473' title='bbox 1893 2931 2002 2972; x_wconf 94' lang='lat' dir='ltr'><strong>non</strong></span> <span class='ocrx_word' id='word_1_474' title='bbox 2029 2932 2126 2971; x_wconf 89' lang='lat' dir='ltr'><strong>va-</strong></span> 
     </span>
    </p>
   </div>
   <div class='ocr_carea' id='block_1_59' title="bbox 2224 2905 3790 2987">
    <p class='ocr_par' dir='ltr' id='par_1_59' title="bbox 2226 2905 3790 2987">
     <span class='ocr_line' id='line_1_59' title="bbox 2226 2905 3790 2987; baseline -0.008 -17"><span class='ocrx_word' id='word_1_475' title='bbox 2226 2917 2347 2987; x_wconf 75' lang='grc' dir='ltr'>δὴν,</span> <span class='ocrx_word' id='word_1_476' title='bbox 2377 2915 2409 2986; x_wconf 82' lang='grc' dir='ltr'><strong>ἢ</strong></span> <span class='ocrx_word' id='word_1_477' title='bbox 2439 2915 2537 2986; x_wconf 82' lang='grc' dir='ltr'>τὴν</span> <span class='ocrx_word' id='word_1_478' title='bbox 2573 2933 2590 2966; x_wconf 80' lang='lat' dir='ltr'><strong>t</strong></span> <span class='ocrx_word' id='word_1_479' title='bbox 2616 2914 2768 2982; x_wconf 82' lang='grc' dir='ltr'>ἆγιος</span> <span class='ocrx_word' id='word_1_480' title='bbox 2791 2932 2808 2963; x_wconf 82' lang='grc' dir='ltr'><strong>ι</strong></span> <span class='ocrx_word' id='word_1_481' title='bbox 2839 2913 2872 2982; x_wconf 82' lang='grc' dir='ltr'>ἢ</span> <span class='ocrx_word' id='word_1_482' title='bbox 2924 2931 2941 2963; x_wconf 77' lang='grc' dir='ltr'><strong>ι</strong></span> <span class='ocrx_word' id='word_1_483' title='bbox 2964 2911 3165 2981; x_wconf 83' lang='grc' dir='ltr'>ἀγαθὸς</span> <span class='ocrx_word' id='word_1_484' title='bbox 3189 2931 3205 2962; x_wconf 89' lang='grc' dir='ltr'><strong>ι</strong></span> <span class='ocrx_word' id='word_1_485' title='bbox 3243 2909 3386 2974; x_wconf 81' lang='grc' dir='ltr'>λέξιν</span> <span class='ocrx_word' id='word_1_486' title='bbox 3405 2925 3418 2938; x_wconf 90' lang='grc'><strong>·</strong></span> <span class='ocrx_word' id='word_1_487' title='bbox 3449 2907 3592 2960; x_wconf 80' lang='grc' dir='ltr'>τοῦτ’</span> <span class='ocrx_word' id='word_1_488' title='bbox 3622 2905 3790 2970; x_wconf 78' lang='grc' dir='ltr'>ἐστιν,</span> 
     </span>
    </p>
   </div>
   <div class='ocr_carea' id='block_1_60' title="bbox 573 2997 2129 3077">
    <p class='ocr_par' dir='ltr' id='par_1_60' title="bbox 573 3002 2128 3077">
     <span class='ocr_line' id='line_1_60' title="bbox 573 3002 2128 3077; baseline 0.005 -22"><span class='ocrx_word' id='word_1_489' title='bbox 573 3002 646 3056; x_wconf 89' lang='lat' dir='ltr'><strong>let</strong></span> <span class='ocrx_word' id='word_1_490' title='bbox 681 3012 859 3057; x_wconf 80' lang='lat' dir='ltr'><strong>tamen</strong></span> <span class='ocrx_word' id='word_1_491' title='bbox 890 3003 942 3058; x_wconf 93' lang='lat' dir='ltr'><strong>in</strong></span> <span class='ocrx_word' id='word_1_492' title='bbox 974 3003 1179 3073; x_wconf 89' lang='lat' dir='ltr'><strong>Spiritu</strong></span> <span class='ocrx_word' id='word_1_493' title='bbox 1217 3017 1428 3072; x_wconf 90' lang='lat' dir='ltr'><strong>sancto,</strong></span> <span class='ocrx_word' id='word_1_494' title='bbox 1461 3020 1560 3062; x_wconf 89' lang='lat' dir='ltr'><strong>nec</strong></span> <span class='ocrx_word' id='word_1_495' title='bbox 1592 3008 1644 3061; x_wconf 88' lang='lat' dir='ltr'><strong>itt</strong></span> <span class='ocrx_word' id='word_1_496' title='bbox 1678 3007 1802 3074; x_wconf 90' lang='lat' dir='ltr'><strong>illo,</strong></span> <span class='ocrx_word' id='word_1_497' title='bbox 1831 3007 1990 3075; x_wconf 86' lang='lat' dir='ltr'><strong>cujus</strong></span> <span class='ocrx_word' id='word_1_498' title='bbox 2014 3009 2128 3077; x_wconf 90' lang='lat' dir='ltr'><strong>ipse</strong></span> 
     </span>
    </p>
   </div>
   <div class='ocr_carea' id='block_1_61' title="bbox 2224 2997 3799 3077">
    <p class='ocr_par' dir='ltr' id='par_1_61' title="bbox 2227 2997 3799 3077">
     <span class='ocr_line' id='line_1_61' title="bbox 2227 2997 3799 3077; baseline -0.007 -17"><span class='ocrx_word' id='word_1_499' title='bbox 2227 3008 2356 3077; x_wconf 80' lang='grc' dir='ltr'>ἢὼς</span> <span class='ocrx_word' id='word_1_500' title='bbox 2389 3006 2499 3060; x_wconf 83' lang='grc' dir='ltr'><strong>ἀπὸ</strong></span> <span class='ocrx_word' id='word_1_501' title='bbox 2541 3005 2634 3058; x_wconf 85' lang='grc' dir='ltr'><strong>τοῦ</strong></span> <span class='ocrx_word' id='word_1_502' title='bbox 2669 3005 2803 3058; x_wconf 92' lang='grc' dir='ltr'>Θεοῦ</span> <span class='ocrx_word' id='word_1_503' title='bbox 2845 3004 3015 3073; x_wconf 87' lang='grc' dir='ltr'>λέγει,</span> <span class='ocrx_word' id='word_1_504' title='bbox 3053 3022 3070 3054; x_wconf 85' lang='grc' dir='ltr'><strong>ι</strong></span> <span class='ocrx_word' id='word_1_505' title='bbox 3096 3002 3168 3054; x_wconf 70' lang='lat' dir='ltr'><strong>To</strong></span> <span class='ocrx_word' id='word_1_506' title='bbox 3202 3001 3417 3071; x_wconf 81' lang='grc' dir='ltr'>πνεῦμά</span> <span class='ocrx_word' id='word_1_507' title='bbox 3457 3013 3622 3070; x_wconf 82' lang='grc' dir='ltr'><strong>μουί</strong></span> <span class='ocrx_word' id='word_1_508' title='bbox 3655 2998 3688 3069; x_wconf 83' lang='grc' dir='ltr'>ἢ</span> <span class='ocrx_word' id='word_1_509' title='bbox 3717 2997 3799 3061; x_wconf 84' lang='grc' dir='ltr'><strong>ὡς</strong></span> 
     </span>
    </p>
   </div>
   <div class='ocr_carea' id='block_1_62' title="bbox 563 3089 2129 3168">
    <p class='ocr_par' dir='ltr' id='par_1_62' title="bbox 563 3093 2124 3168">
     <span class='ocr_line' id='line_1_62' title="bbox 563 3093 2124 3168; baseline 0.003 -20"><span class='ocrx_word' id='word_1_510' title='bbox 563 3102 647 3149; x_wconf 88' lang='lat' dir='ltr'><strong>est</strong></span> <span class='ocrx_word' id='word_1_511' title='bbox 699 3093 954 3162; x_wconf 88' lang='lat' dir='ltr'><strong>Spiritus,</strong></span> <span class='ocrx_word' id='word_1_512' title='bbox 1011 3111 1077 3151; x_wconf 90' lang='lat' dir='ltr'><strong>ac</strong></span> <span class='ocrx_word' id='word_1_513' title='bbox 1122 3111 1190 3151; x_wconf 91' lang='lat' dir='ltr'><strong>ne</strong></span> <span class='ocrx_word' id='word_1_514' title='bbox 1237 3097 1291 3150; x_wconf 91' lang='lat' dir='ltr'><strong>in</strong></span> <span class='ocrx_word' id='word_1_515' title='bbox 1344 3096 1481 3151; x_wconf 86' lang='lat' dir='ltr'><strong>Filio</strong></span> <span class='ocrx_word' id='word_1_516' title='bbox 1539 3098 1779 3168; x_wconf 90' lang='lat' dir='ltr'><strong>quidem.</strong></span> <span class='ocrx_word' id='word_1_517' title='bbox 1840 3098 2124 3168; x_wconf 89' lang='lat' dir='ltr'><strong>Scriptura</strong></span> 
     </span>
    </p>
   </div>
   <div class='ocr_carea' id='block_1_63' title="bbox 2224 3089 3797 3168">
    <p class='ocr_par' dir='ltr' id='par_1_63' title="bbox 2231 3089 3797 3168">
     <span class='ocr_line' id='line_1_63' title="bbox 2231 3089 3797 3168; baseline -0.006 -17"><span class='ocrx_word' id='word_1_518' title='bbox 2231 3099 2340 3152; x_wconf 80' lang='grc' dir='ltr'><strong>ἀπὸ</strong></span> <span class='ocrx_word' id='word_1_519' title='bbox 2379 3097 2472 3151; x_wconf 88' lang='grc' dir='ltr'><strong>τοῦ</strong></span> <span class='ocrx_word' id='word_1_520' title='bbox 2503 3097 2664 3152; x_wconf 83' lang='grc' dir='ltr'>Δαυῒδ</span> <span class='ocrx_word' id='word_1_521' title='bbox 2699 3097 2794 3150; x_wconf 77' lang='grc' dir='ltr'>καὶ</span> <span class='ocrx_word' id='word_1_522' title='bbox 2821 3096 3009 3168; x_wconf 79' lang='grc' dir='ltr'>ἡμῶν·</span> <span class='ocrx_word' id='word_1_523' title='bbox 3051 3113 3068 3145; x_wconf 86' lang='grc' dir='ltr'><strong>ι</strong></span> <span class='ocrx_word' id='word_1_524' title='bbox 3095 3095 3167 3147; x_wconf 86' lang='grc' dir='ltr'><strong>Τὸ</strong></span> <span class='ocrx_word' id='word_1_525' title='bbox 3196 3091 3419 3162; x_wconf 77' lang='grc' dir='ltr'>Πνεῦμά</span> <span class='ocrx_word' id='word_1_526' title='bbox 3444 3107 3537 3143; x_wconf 89' lang='grc' dir='ltr'><strong>σου</strong></span> <span class='ocrx_word' id='word_1_527' title='bbox 3567 3089 3627 3142; x_wconf 84' lang='grc' dir='ltr'><strong>τδ</strong></span> <span class='ocrx_word' id='word_1_528' title='bbox 3655 3089 3797 3156; x_wconf 81' lang='grc' dir='ltr'>ἀγα-</span> 
     </span>
    </p>
   </div>
   <div class='ocr_carea' id='block_1_64' title="bbox 565 3161 2129 3262">
    <p class='ocr_par' dir='ltr' id='par_1_64' title="bbox 565 3187 2128 3262">
     <span class='ocr_line' id='line_1_64' title="bbox 565 3187 2128 3262; baseline 0.005 -22"><span class='ocrx_word' id='word_1_529' title='bbox 565 3187 709 3240; x_wconf 90' lang='lat' dir='ltr'><strong>enim</strong></span> <span class='ocrx_word' id='word_1_530' title='bbox 762 3189 979 3257; x_wconf 88' lang='lat' dir='ltr'><strong>quando</strong></span> <span class='ocrx_word' id='word_1_531' title='bbox 1042 3190 1402 3260; x_wconf 86' lang='lat' dir='ltr'><strong>homonymiis</strong></span> <span class='ocrx_word' id='word_1_532' title='bbox 1467 3201 1558 3246; x_wconf 88' lang='lat' dir='ltr'><strong>aut</strong></span> <span class='ocrx_word' id='word_1_533' title='bbox 1594 3191 1929 3262; x_wconf 74' lang='lat' dir='ltr'><strong>synonymiis</strong></span> <span class='ocrx_word' id='word_1_534' title='bbox 1978 3193 2128 3248; x_wconf 89' lang='lat' dir='ltr'><strong>hisce</strong></span> 
     </span>
    </p>
   </div>
   <div class='ocr_carea' id='block_1_65' title="bbox 2224 3161 3801 3262">
    <p class='ocr_par' dir='ltr' id='par_1_65' title="bbox 2237 3161 3801 3262">
     <span class='ocr_line' id='line_1_65' title="bbox 2237 3161 3801 3262; baseline -0.008 -18"><span class='ocrx_word' id='word_1_535' title='bbox 2237 3191 2325 3244; x_wconf 68' lang='grc' dir='ltr'><strong>θδν</strong></span> <span class='ocrx_word' id='word_1_536' title='bbox 2353 3191 2606 3262; x_wconf 71' lang='grc' dir='ltr'>ὁδηγήσει</span> <span class='ocrx_word' id='word_1_537' title='bbox 2639 3207 2726 3260; x_wconf 87' lang='grc' dir='ltr'>με.</span> <span class='ocrx_word' id='word_1_538' title='bbox 2754 3208 2774 3241; x_wconf 75' lang='grc' dir='ltr'><strong>ι</strong></span> <span class='ocrx_word' id='word_1_539' title='bbox 2820 3161 3106 3240; x_wconf 67' lang='grc' dir='ltr'>Πείθεσθαι</span> <span class='ocrx_word' id='word_1_540' title='bbox 3139 3181 3234 3240; x_wconf 83' lang='grc' dir='ltr'><strong>οῦν</strong></span> <span class='ocrx_word' id='word_1_541' title='bbox 3265 3161 3354 3238; x_wconf 14' lang='grc' dir='ltr'>δεῖν</span> <span class='ocrx_word' id='word_1_542' title='bbox 3377 3179 3458 3246; x_wconf 75' lang='grc' dir='ltr'>οἷς</span> <span class='ocrx_word' id='word_1_543' title='bbox 3501 3180 3678 3251; x_wconf 87' lang='grc' dir='ltr'>πολλῷ</span> <span class='ocrx_word' id='word_1_544' title='bbox 3704 3181 3801 3233; x_wconf 88' lang='grc' dir='ltr'>λυ-</span> 
     </span>
    </p>
   </div>
   <div class='ocr_carea' id='block_1_66' title="bbox 571 3275 2129 3352">
    <p class='ocr_par' dir='ltr' id='par_1_66' title="bbox 571 3279 2129 3348">
     <span class='ocr_line' id='line_1_66' title="bbox 571 3279 2129 3348; baseline 0.003 -15"><span class='ocrx_word' id='word_1_545' title='bbox 571 3279 776 3344; x_wconf 90' lang='lat' dir='ltr'><strong>utitur,</strong></span> <span class='ocrx_word' id='word_1_546' title='bbox 805 3295 964 3336; x_wconf 84' lang='lat' dir='ltr'><strong>voces</strong></span> <span class='ocrx_word' id='word_1_547' title='bbox 1003 3299 1022 3332; x_wconf 86' lang='grc'><strong><em>‹</em></strong></span> <span class='ocrx_word' id='word_1_548' title='bbox 1058 3296 1208 3336; x_wconf 86' lang='lat' dir='ltr'><strong>meus</strong></span> <span class='ocrx_word' id='word_1_549' title='bbox 1234 3323 1250 3348; x_wconf 91' lang='lat'><strong>,</strong></span> <span class='ocrx_word' id='word_1_550' title='bbox 1285 3301 1304 3333; x_wconf 76' lang='grc' dir='ltr'><strong>ι</strong></span> <span class='ocrx_word' id='word_1_551' title='bbox 1338 3291 1430 3336; x_wconf 92' lang='lat' dir='ltr'><strong>aut</strong></span> <span class='ocrx_word' id='word_1_552' title='bbox 1461 3298 1481 3333; x_wconf 82' lang='lat' dir='ltr'><strong>t</strong></span> <span class='ocrx_word' id='word_1_553' title='bbox 1520 3292 1641 3336; x_wconf 86' lang='lat' dir='ltr'><strong>tuus</strong></span> <span class='ocrx_word' id='word_1_554' title='bbox 1666 3322 1682 3348; x_wconf 96' lang='lat'><strong>,</strong></span> <span class='ocrx_word' id='word_1_555' title='bbox 1737 3301 1756 3334; x_wconf 83' lang='grc' dir='ltr'><strong>ι</strong></span> <span class='ocrx_word' id='word_1_556' title='bbox 1810 3295 1902 3339; x_wconf 89' lang='lat' dir='ltr'><strong>aut</strong></span> <span class='ocrx_word' id='word_1_557' title='bbox 1933 3301 1951 3334; x_wconf 83' lang='grc' dir='ltr'><strong>ι</strong></span> <span class='ocrx_word' id='word_1_558' title='bbox 2001 3299 2129 3338; x_wconf 89' lang='lat' dir='ltr'><strong>san-</strong></span> 
     </span>
    </p>
   </div>
   <div class='ocr_carea' id='block_1_67' title="bbox 2224 3275 3803 3352">
    <p class='ocr_par' dir='ltr' id='par_1_67' title="bbox 2239 3275 3803 3352">
     <span class='ocr_line' id='line_1_67' title="bbox 2239 3275 3803 3352; baseline -0.008 -17"><span class='ocrx_word' id='word_1_559' title='bbox 2239 3281 2623 3352; x_wconf 85' lang='grc' dir='ltr'>σιτελέστερον,</span> <span class='ocrx_word' id='word_1_560' title='bbox 2662 3282 2780 3342; x_wconf 84' lang='grc' dir='ltr'>ταῖς</span> <span class='ocrx_word' id='word_1_561' title='bbox 2825 3276 3308 3349; x_wconf 78' lang='grc' dir='ltr'>μνημονευθείσαις</span> <span class='ocrx_word' id='word_1_562' title='bbox 3337 3275 3634 3347; x_wconf 82' lang='grc' dir='ltr'>γραφικαίς</span> <span class='ocrx_word' id='word_1_563' title='bbox 3663 3288 3803 3343; x_wconf 80' lang='grc' dir='ltr'>μαρ-</span> 
     </span>
    </p>
   </div>
   <div class='ocr_carea' id='block_1_68' title="bbox 569 3362 2129 3444">
    <p class='ocr_par' dir='ltr' id='par_1_68' title="bbox 569 3372 2129 3444">
     <span class='ocr_line' id='line_1_68' title="bbox 569 3372 2129 3444; baseline 0.002 -19"><span class='ocrx_word' id='word_1_564' title='bbox 569 3380 706 3435; x_wconf 89' lang='lat' dir='ltr'><strong>clus,</strong></span> <span class='ocrx_word' id='word_1_565' title='bbox 747 3389 765 3422; x_wconf 81' lang='grc' dir='ltr'><strong>ι</strong></span> <span class='ocrx_word' id='word_1_566' title='bbox 791 3380 885 3426; x_wconf 94' lang='lat' dir='ltr'><strong>aut</strong></span> <span class='ocrx_word' id='word_1_567' title='bbox 918 3390 936 3423; x_wconf 75' lang='grc' dir='ltr'><strong>ι</strong></span> <span class='ocrx_word' id='word_1_568' title='bbox 973 3373 1167 3439; x_wconf 83' lang='lat' dir='ltr'><strong>bonus,</strong></span> <span class='ocrx_word' id='word_1_569' title='bbox 1221 3392 1240 3425; x_wconf 81' lang='grc' dir='ltr'><strong>ι</strong></span> <span class='ocrx_word' id='word_1_570' title='bbox 1277 3372 1438 3428; x_wconf 89' lang='lat' dir='ltr'><strong>simul</strong></span> <span class='ocrx_word' id='word_1_571' title='bbox 1462 3374 1723 3444; x_wconf 87' lang='lat' dir='ltr'><strong>adjungit,</strong></span> <span class='ocrx_word' id='word_1_572' title='bbox 1755 3383 1813 3428; x_wconf 91' lang='lat' dir='ltr'><strong>ut</strong></span> <span class='ocrx_word' id='word_1_573' title='bbox 1841 3375 2129 3443; x_wconf 88' lang='lat' dir='ltr'><strong>genuinum</strong></span> 
     </span>
    </p>
   </div>
   <div class='ocr_carea' id='block_1_69' title="bbox 2224 3362 3804 3444">
    <p class='ocr_par' dir='ltr' id='par_1_69' title="bbox 2236 3362 3804 3444">
     <span class='ocr_line' id='line_1_69' title="bbox 2236 3362 3804 3444; baseline -0.008 -16"><span class='ocrx_word' id='word_1_574' title='bbox 2236 3373 2447 3444; x_wconf 69' lang='grc' dir='ltr'>’πυρίαις</span> <span class='ocrx_word' id='word_1_575' title='bbox 2485 3372 2647 3440; x_wconf 90' lang='grc' dir='ltr'>λέγω,</span> <span class='ocrx_word' id='word_1_576' title='bbox 2679 3370 2772 3425; x_wconf 77' lang='grc' dir='ltr'>καὶ</span> <span class='ocrx_word' id='word_1_577' title='bbox 2795 3371 3015 3432; x_wconf 85' lang='grc' dir='ltr'>εἰδέναι,</span> <span class='ocrx_word' id='word_1_578' title='bbox 3047 3369 3124 3431; x_wconf 83' lang='grc' dir='ltr'>ὡς</span> <span class='ocrx_word' id='word_1_579' title='bbox 3152 3366 3213 3420; x_wconf 84' lang='grc' dir='ltr'>τὸ</span> <span class='ocrx_word' id='word_1_580' title='bbox 3256 3366 3409 3434; x_wconf 73' lang='grc' dir='ltr'>ἅγιον</span> <span class='ocrx_word' id='word_1_581' title='bbox 3453 3363 3678 3434; x_wconf 83' lang='grc' dir='ltr'>Πνεῦμα</span> <span class='ocrx_word' id='word_1_582' title='bbox 3699 3362 3804 3432; x_wconf 78' lang='grc' dir='ltr'>τὴν</span> 
     </span>
    </p>
   </div>
   <div class='ocr_carea' id='block_1_70' title="bbox 569 3454 2129 3538">
    <p class='ocr_par' dir='ltr' id='par_1_70' title="bbox 569 3462 2129 3534">
     <span class='ocr_line' id='line_1_70' title="bbox 569 3462 2129 3534; baseline 0.002 -19"><span class='ocrx_word' id='word_1_583' title='bbox 569 3477 785 3516; x_wconf 88' lang='lat' dir='ltr'><strong>suarum</strong></span> <span class='ocrx_word' id='word_1_584' title='bbox 817 3462 1145 3518; x_wconf 81' lang='lat' dir='ltr'><strong>locutionum</strong></span> <span class='ocrx_word' id='word_1_585' title='bbox 1173 3479 1386 3521; x_wconf 84' lang='lat' dir='ltr'><strong>sensum</strong></span> <span class='ocrx_word' id='word_1_586' title='bbox 1420 3466 1470 3518; x_wconf 93' lang='lat' dir='ltr'><strong>in</strong></span> <span class='ocrx_word' id='word_1_587' title='bbox 1501 3475 1616 3518; x_wconf 90' lang='lat' dir='ltr'><strong>tuto</strong></span> <span class='ocrx_word' id='word_1_588' title='bbox 1652 3475 1834 3534; x_wconf 88' lang='lat' dir='ltr'><strong>ponat.</strong></span> <span class='ocrx_word' id='word_1_589' title='bbox 1866 3463 2129 3520; x_wconf 85' lang='lat' dir='ltr'><strong>Nimirum</strong></span> 
     </span>
    </p>
   </div>
   <div class='ocr_carea' id='block_1_71' title="bbox 2224 3454 3806 3538">
    <p class='ocr_par' dir='ltr' id='par_1_71' title="bbox 2235 3454 3806 3538">
     <span class='ocr_line' id='line_1_71' title="bbox 2235 3454 3806 3538; baseline -0.01 -17"><span class='ocrx_word' id='word_1_590' title='bbox 2235 3466 2549 3538; x_wconf 81' lang='grc' dir='ltr'>ὁμωνυμίαν</span> <span class='ocrx_word' id='word_1_591' title='bbox 2577 3464 2610 3534; x_wconf 81' lang='grc' dir='ltr'><strong>ἢ</strong></span> <span class='ocrx_word' id='word_1_592' title='bbox 2653 3462 2992 3533; x_wconf 88' lang='grc' dir='ltr'>συνωνυμίαν</span> <span class='ocrx_word' id='word_1_593' title='bbox 3032 3459 3127 3513; x_wconf 76' lang='grc' dir='ltr'>καὶ</span> <span class='ocrx_word' id='word_1_594' title='bbox 3165 3459 3266 3522; x_wconf 80' lang='grc' dir='ltr'>τὰς</span> <span class='ocrx_word' id='word_1_595' title='bbox 3298 3455 3632 3527; x_wconf 82' lang='grc' dir='ltr'>ὸμοιολεξίας</span> <span class='ocrx_word' id='word_1_596' title='bbox 3662 3454 3806 3525; x_wconf 76' lang='grc' dir='ltr'>πρὸς</span> 
     </span>
    </p>
   </div>
   <div class='ocr_carea' id='block_1_72' title="bbox 569 3543 2129 3626">
    <p class='ocr_par' dir='ltr' id='par_1_72' title="bbox 569 3553 2129 3626">
     <span class='ocr_line' id='line_1_72' title="bbox 569 3553 2129 3626; baseline 0.004 -20"><span class='ocrx_word' id='word_1_597' title='bbox 569 3563 661 3607; x_wconf 90' lang='lat' dir='ltr'><strong>aut</strong></span> <span class='ocrx_word' id='word_1_598' title='bbox 707 3568 773 3608; x_wconf 83' lang='lat' dir='ltr'><strong>ex</strong></span> <span class='ocrx_word' id='word_1_599' title='bbox 813 3569 1040 3624; x_wconf 89' lang='lat' dir='ltr'><strong>persona</strong></span> <span class='ocrx_word' id='word_1_600' title='bbox 1096 3553 1186 3609; x_wconf 90' lang='lat' dir='ltr'><strong>Dci</strong></span> <span class='ocrx_word' id='word_1_601' title='bbox 1217 3555 1368 3621; x_wconf 89' lang='lat' dir='ltr'><strong>dicit,</strong></span> <span class='ocrx_word' id='word_1_602' title='bbox 1416 3574 1434 3608; x_wconf 85' lang='lat' dir='ltr'><strong>t</strong></span> <span class='ocrx_word' id='word_1_603' title='bbox 1477 3555 1711 3626; x_wconf 87' lang='lat' dir='ltr'><strong>Spiritus</strong></span> <span class='ocrx_word' id='word_1_604' title='bbox 1753 3571 1941 3622; x_wconf 88' lang='lat' dir='ltr'><strong>meus,</strong></span> <span class='ocrx_word' id='word_1_605' title='bbox 1984 3575 2002 3608; x_wconf 80' lang='grc' dir='ltr'><strong>ι</strong></span> <span class='ocrx_word' id='word_1_606' title='bbox 2037 3564 2129 3612; x_wconf 88' lang='lat' dir='ltr'><strong>aut</strong></span> 
     </span>
    </p>
   </div>
   <div class='ocr_carea' id='block_1_73' title="bbox 2224 3543 3808 3626">
    <p class='ocr_par' dir='ltr' id='par_1_73' title="bbox 2235 3543 3808 3626">
     <span class='ocr_line' id='line_1_73' title="bbox 2235 3543 3808 3626; baseline -0.011 -14"><span class='ocrx_word' id='word_1_607' title='bbox 2235 3558 2327 3612; x_wconf 80' lang='grc' dir='ltr'>τὸν</span> <span class='ocrx_word' id='word_1_608' title='bbox 2353 3556 2484 3610; x_wconf 82' lang='grc' dir='ltr'>Θεὸν</span> <span class='ocrx_word' id='word_1_609' title='bbox 2531 3555 2664 3626; x_wconf 71' lang='grc' dir='ltr'>ἔχει,</span> <span class='ocrx_word' id='word_1_610' title='bbox 2706 3554 2801 3608; x_wconf 74' lang='grc' dir='ltr'>καὶ</span> <span class='ocrx_word' id='word_1_611' title='bbox 2835 3553 2926 3605; x_wconf 85' lang='grc' dir='ltr'>τὸν</span> <span class='ocrx_word' id='word_1_612' title='bbox 2968 3548 3231 3621; x_wconf 85' lang='grc' dir='ltr'>μονογενῆ</span> <span class='ocrx_word' id='word_1_613' title='bbox 3279 3546 3442 3601; x_wconf 78' lang='grc' dir='ltr'>αὐτοῦ</span> <span class='ocrx_word' id='word_1_614' title='bbox 3489 3545 3636 3609; x_wconf 86' lang='grc' dir='ltr'>Υἱὸν,</span> <span class='ocrx_word' id='word_1_615' title='bbox 3674 3543 3808 3607; x_wconf 79' lang='grc' dir='ltr'>τοὺς</span> 
     </span>
    </p>
   </div>
   <div class='ocr_carea' id='block_1_74' title="bbox 569 3633 2129 3718">
    <p class='ocr_par' dir='ltr' id='par_1_74' title="bbox 569 3646 2129 3718">
     <span class='ocr_line' id='line_1_74' title="bbox 569 3646 2129 3718; baseline 0.001 -18"><span class='ocrx_word' id='word_1_616' title='bbox 569 3661 634 3700; x_wconf 76' lang='lat' dir='ltr'><strong>ex</strong></span> <span class='ocrx_word' id='word_1_617' title='bbox 662 3661 891 3716; x_wconf 91' lang='lat' dir='ltr'><strong>persona</strong></span> <span class='ocrx_word' id='word_1_618' title='bbox 923 3646 1158 3712; x_wconf 89' lang='lat' dir='ltr'><strong>Davidis,</strong></span> <span class='ocrx_word' id='word_1_619' title='bbox 1185 3655 1238 3702; x_wconf 87' lang='lat' dir='ltr'><strong>et</strong></span> <span class='ocrx_word' id='word_1_620' title='bbox 1266 3658 1452 3703; x_wconf 77' lang='lat' dir='ltr'><strong>nostra</strong></span> <span class='ocrx_word' id='word_1_621' title='bbox 1484 3670 1496 3703; x_wconf 87' lang='lat'>:</span> <span class='ocrx_word' id='word_1_622' title='bbox 1545 3667 1565 3700; x_wconf 87' lang='grc'><strong>‹</strong></span> <span class='ocrx_word' id='word_1_623' title='bbox 1604 3647 1834 3717; x_wconf 88' lang='lat' dir='ltr'><strong>Spiritus</strong></span> <span class='ocrx_word' id='word_1_624' title='bbox 1863 3647 1974 3718; x_wconf 84' lang='grc'>(59)</span> <span class='ocrx_word' id='word_1_625' title='bbox 2008 3656 2129 3702; x_wconf 90' lang='lat' dir='ltr'><strong>tuus</strong></span> 
     </span>
    </p>
   </div>
   <div class='ocr_carea' id='block_1_75' title="bbox 2224 3633 3811 3718">
    <p class='ocr_par' dir='ltr' id='par_1_75' title="bbox 2234 3633 3811 3718">
     <span class='ocr_line' id='line_1_75' title="bbox 2234 3633 3811 3718; baseline -0.011 -16"><span class='ocrx_word' id='word_1_626' title='bbox 2234 3651 2346 3712; x_wconf 88' lang='grc' dir='ltr'>τοῖς</span> <span class='ocrx_word' id='word_1_627' title='bbox 2388 3647 2594 3718; x_wconf 84' lang='grc' dir='ltr'>ὁμοίοις</span> <span class='ocrx_word' id='word_1_628' title='bbox 2640 3645 2896 3715; x_wconf 79' lang='grc' dir='ltr'>ὁνὸμασιν</span> <span class='ocrx_word' id='word_1_629' title='bbox 2942 3640 3300 3712; x_wconf 72' lang='grc' dir='ltr'>ὑμνηθέν-τας,</span> <span class='ocrx_word' id='word_1_630' title='bbox 3332 3639 3394 3692; x_wconf 80' lang='grc' dir='ltr'>οὐ</span> <span class='ocrx_word' id='word_1_631' title='bbox 3434 3636 3570 3707; x_wconf 86' lang='grc' dir='ltr'>πρὸς</span> <span class='ocrx_word' id='word_1_632' title='bbox 3595 3634 3662 3688; x_wconf 78' lang='grc' dir='ltr'>τὰ</span> <span class='ocrx_word' id='word_1_633' title='bbox 3688 3633 3811 3686; x_wconf 81' lang='grc' dir='ltr'>κτί-</span> 
     </span>
    </p>
   </div>
   <div class='ocr_carea' id='block_1_76' title="bbox 575 3725 2129 3810">
    <p class='ocr_par' dir='ltr' id='par_1_76' title="bbox 575 3739 2129 3810">
     <span class='ocr_line' id='line_1_76' title="bbox 575 3739 2129 3810; baseline 0.001 -17"><span class='ocrx_word' id='word_1_634' title='bbox 575 3739 746 3794; x_wconf 90' lang='lat' dir='ltr'><strong>bonus</strong></span> <span class='ocrx_word' id='word_1_635' title='bbox 797 3739 1024 3795; x_wconf 79' lang='lat' dir='ltr'><strong>deducet</strong></span> <span class='ocrx_word' id='word_1_636' title='bbox 1082 3754 1189 3795; x_wconf 90' lang='lat' dir='ltr'><strong>me.</strong></span> <span class='ocrx_word' id='word_1_637' title='bbox 1227 3757 1245 3791; x_wconf 80' lang='grc' dir='ltr'><strong>ι</strong></span> <span class='ocrx_word' id='word_1_638' title='bbox 1300 3739 1407 3794; x_wconf 89' lang='lat' dir='ltr'><strong>Sed</strong></span> <span class='ocrx_word' id='word_1_639' title='bbox 1470 3740 1538 3795; x_wconf 91' lang='lat' dir='ltr'><strong>iis</strong></span> <span class='ocrx_word' id='word_1_640' title='bbox 1589 3742 1812 3795; x_wconf 87' lang='lat' dir='ltr'><strong>credere</strong></span> <span class='ocrx_word' id='word_1_641' title='bbox 1876 3749 2129 3810; x_wconf 89' lang='lat' dir='ltr'><strong>oportet,</strong></span> 
     </span>
    </p>
   </div>
   <div class='ocr_carea' id='block_1_77' title="bbox 2224 3725 3810 3810">
    <p class='ocr_par' dir='ltr' id='par_1_77' title="bbox 2240 3725 3810 3810">
     <span class='ocr_line' id='line_1_77' title="bbox 2240 3725 3810 3810; baseline -0.01 -18"><span class='ocrx_word' id='word_1_642' title='bbox 2240 3756 2417 3810; x_wconf 78' lang='grc' dir='ltr'>σματα</span> <span class='ocrx_word' id='word_1_643' title='bbox 2463 3737 2549 3790; x_wconf 72' lang='grc' dir='ltr'>διὰ</span> <span class='ocrx_word' id='word_1_644' title='bbox 2593 3736 2688 3807; x_wconf 83' lang='grc' dir='ltr'><strong>τὴν</strong></span> <span class='ocrx_word' id='word_1_645' title='bbox 2739 3733 3127 3806; x_wconf 85' lang='grc' dir='ltr'>εύρισκομένην</span> <span class='ocrx_word' id='word_1_646' title='bbox 3183 3731 3294 3784; x_wconf 77' lang='grc' dir='ltr'>ἐσθ’</span> <span class='ocrx_word' id='word_1_647' title='bbox 3333 3730 3423 3783; x_wconf 85' lang='grc' dir='ltr'>ὅτε</span> <span class='ocrx_word' id='word_1_648' title='bbox 3473 3730 3532 3781; x_wconf 83' lang='grc' dir='ltr'>ὲν</span> <span class='ocrx_word' id='word_1_649' title='bbox 3575 3725 3810 3790; x_wconf 73' lang='grc' dir='ltr'>ἐκείνοις</span> 
     </span>
    </p>
   </div>
   <div class='ocr_carea' id='block_1_78' title="bbox 570 3830 2136 3900">
    <p class='ocr_par' dir='ltr' id='par_1_78' title="bbox 570 3830 2136 3900">
     <span class='ocr_line' id='line_1_78' title="bbox 570 3830 2136 3900; baseline 0 -15"><span class='ocrx_word' id='word_1_650' title='bbox 570 3831 764 3900; x_wconf 89' lang='lat' dir='ltr'><strong>quibus</strong></span> <span class='ocrx_word' id='word_1_651' title='bbox 797 3830 965 3885; x_wconf 90' lang='lat' dir='ltr'><strong>multo</strong></span> <span class='ocrx_word' id='word_1_652' title='bbox 994 3831 1176 3887; x_wconf 90' lang='lat' dir='ltr'><strong>utilius</strong></span> <span class='ocrx_word' id='word_1_653' title='bbox 1217 3833 1474 3897; x_wconf 89' lang='lat' dir='ltr'><strong>creditur,</strong></span> <span class='ocrx_word' id='word_1_654' title='bbox 1507 3833 1939 3887; x_wconf 87' lang='lat' dir='ltr'><strong>commemoratis</strong></span> <span class='ocrx_word' id='word_1_655' title='bbox 1986 3846 2136 3886; x_wconf 88' lang='lat' dir='ltr'><strong>nem-</strong></span> 
     </span>
    </p>
   </div>
   <div class='ocr_carea' id='block_1_79' title="bbox 570 3923 2140 3994">
    <p class='ocr_par' dir='ltr' id='par_1_79' title="bbox 570 3923 2140 3994">
     <span class='ocr_line' id='line_1_79' title="bbox 570 3923 2140 3994; baseline 0.001 -16"><span class='ocrx_word' id='word_1_656' title='bbox 570 3939 637 3994; x_wconf 92' lang='lat' dir='ltr'><strong>pe</strong></span> <span class='ocrx_word' id='word_1_657' title='bbox 696 3923 988 3994; x_wconf 73' lang='lat' dir='ltr'><strong>Scriptum</strong></span> <span class='ocrx_word' id='word_1_658' title='bbox 1039 3925 1360 3980; x_wconf 89' lang='lat' dir='ltr'><strong>testimoniis</strong></span> <span class='ocrx_word' id='word_1_659' title='bbox 1417 3944 1431 3981; x_wconf 91' lang='lat'><strong>:</strong></span> <span class='ocrx_word' id='word_1_660' title='bbox 1486 3939 1550 3980; x_wconf 87' lang='lat' dir='ltr'><strong>ac</strong></span> <span class='ocrx_word' id='word_1_661' title='bbox 1615 3923 1740 3978; x_wconf 86' lang='lat' dir='ltr'><strong>illud</strong></span> <span class='ocrx_word' id='word_1_662' title='bbox 1788 3939 1946 3979; x_wconf 86' lang='lat' dir='ltr'><strong>nosse</strong></span> <span class='ocrx_word' id='word_1_663' title='bbox 2001 3939 2140 3994; x_wconf 86' lang='lat' dir='ltr'><strong>opus</strong></span> 
     </span>
    </p>
   </div>
   <div class='ocr_carea' id='block_1_80' title="bbox 643 4123 2135 4196">
    <p class='ocr_par' dir='ltr' id='par_1_80' title="bbox 643 4123 2135 4196">
     <span class='ocr_line' id='line_1_80' title="bbox 643 4123 2135 4196; baseline 0 -18"><span class='ocrx_word' id='word_1_664' title='bbox 643 4125 756 4194; x_wconf 69' lang='grc'>(48)</span> <span class='ocrx_word' id='word_1_665' title='bbox 797 4123 874 4178; x_wconf 85' lang='lat' dir='ltr'><strong>De</strong></span> <span class='ocrx_word' id='word_1_666' title='bbox 911 4125 1146 4178; x_wconf 79' lang='lat' dir='ltr'><strong>veritate.</strong></span> <span class='ocrx_word' id='word_1_667' title='bbox 1171 4124 1226 4178; x_wconf 89' lang='lat' dir='ltr'><strong>ln</strong></span> <span class='ocrx_word' id='word_1_668' title='bbox 1257 4126 1445 4180; x_wconf 76' lang='lat' dir='ltr'><strong>Graeco</strong></span> <span class='ocrx_word' id='word_1_669' title='bbox 1477 4125 1766 4196; x_wconf 81' lang='grc' dir='ltr'>τάληθοῦς,</span> <span class='ocrx_word' id='word_1_670' title='bbox 1794 4125 1934 4195; x_wconf 90' lang='lat' dir='ltr'><strong>quod</strong></span> <span class='ocrx_word' id='word_1_671' title='bbox 1953 4140 2135 4196; x_wconf 84' lang='lat' dir='ltr'><strong>gram-</strong></span> 
     </span>
    </p>
   </div>
   <div class='ocr_carea' id='block_1_81' title="bbox 576 4195 2132 4263">
    <p class='ocr_par' dir='ltr' id='par_1_81' title="bbox 576 4195 2132 4263">
     <span class='ocr_line' id='line_1_81' title="bbox 576 4195 2132 4263; baseline 0 -15"><span class='ocrx_word' id='word_1_672' title='bbox 576 4197 790 4249; x_wconf 90' lang='lat' dir='ltr'><strong>maticis</strong></span> <span class='ocrx_word' id='word_1_673' title='bbox 815 4210 1002 4262; x_wconf 89' lang='lat' dir='ltr'><strong>parum</strong></span> <span class='ocrx_word' id='word_1_674' title='bbox 1032 4196 1309 4249; x_wconf 86' lang='lat' dir='ltr'><strong>arridcbit.</strong></span> <span class='ocrx_word' id='word_1_675' title='bbox 1339 4197 1407 4248; x_wconf 84' lang='lat' dir='ltr'><strong>At</strong></span> <span class='ocrx_word' id='word_1_676' title='bbox 1437 4195 1685 4250; x_wconf 82' lang='lat' dir='ltr'><strong>Clemens</strong></span> <span class='ocrx_word' id='word_1_677' title='bbox 1713 4211 1927 4263; x_wconf 87' lang='lat' dir='ltr'><strong>quoque</strong></span> <span class='ocrx_word' id='word_1_678' title='bbox 1951 4195 2041 4248; x_wconf 90' lang='lat' dir='ltr'><strong>lib.</strong></span> <span class='ocrx_word' id='word_1_679' title='bbox 2070 4209 2132 4248; x_wconf 86' lang='lat' dir='ltr'><strong>tu</strong></span> 
     </span>
    </p>
   </div>
   <div class='ocr_carea' id='block_1_82' title="bbox 580 4265 2131 4337">
    <p class='ocr_par' dir='ltr' id='par_1_82' title="bbox 580 4265 2131 4337">
     <span class='ocr_line' id='line_1_82' title="bbox 580 4265 2131 4337; baseline -0.001 -20"><span class='ocrx_word' id='word_1_680' title='bbox 580 4265 879 4337; x_wconf 73' lang='lat' dir='ltr'><strong>Pwdagogi,</strong></span> <span class='ocrx_word' id='word_1_681' title='bbox 919 4281 1038 4334; x_wconf 82' lang='lat' dir='ltr'><strong>pag.</strong></span> <span class='ocrx_word' id='word_1_682' title='bbox 1086 4265 1190 4318; x_wconf 72' lang='grc'>255</span> <span class='ocrx_word' id='word_1_683' title='bbox 1219 4265 1348 4337; x_wconf 81' lang='lat' dir='ltr'><strong>edit.</strong></span> <span class='ocrx_word' id='word_1_684' title='bbox 1387 4265 1586 4337; x_wconf 82' lang='lat' dir='ltr'><strong>Potteri</strong></span> <span class='ocrx_word' id='word_1_685' title='bbox 1619 4267 1752 4319; x_wconf 77' lang='lat' dir='ltr'><strong>dixit</strong></span> <span class='ocrx_word' id='word_1_686' title='bbox 1776 4265 2028 4337; x_wconf 68' lang='grc' dir='ltr'>τᾷινδρὸς·</span> <span class='ocrx_word' id='word_1_687' title='bbox 2057 4275 2131 4330; x_wconf 87' lang='lat' dir='ltr'><strong>et,</strong></span> 
     </span>
    </p>
   </div>
   <div class='ocr_carea' id='block_1_83' title="bbox 573 4334 2134 4406">
    <p class='ocr_par' dir='ltr' id='par_1_83' title="bbox 573 4334 2134 4406">
     <span class='ocr_line' id='line_1_83' title="bbox 573 4334 2134 4406; baseline 0 -18"><span class='ocrx_word' id='word_1_688' title='bbox 573 4338 716 4405; x_wconf 89' lang='lat' dir='ltr'><strong>quod</strong></span> <span class='ocrx_word' id='word_1_689' title='bbox 744 4334 920 4404; x_wconf 79' lang='lat' dir='ltr'><strong>inagis</strong></span> <span class='ocrx_word' id='word_1_690' title='bbox 950 4338 1143 4389; x_wconf 85' lang='lat' dir='ltr'><strong>mirere</strong></span> <span class='ocrx_word' id='word_1_691' title='bbox 1172 4335 1481 4406; x_wconf 80' lang='grc' dir='ltr'>τάλήθειαν,</span> <span class='ocrx_word' id='word_1_692' title='bbox 1517 4336 1567 4389; x_wconf 84' lang='lat' dir='ltr'><strong>in</strong></span> <span class='ocrx_word' id='word_1_693' title='bbox 1605 4339 1774 4404; x_wconf 89' lang='lat' dir='ltr'><strong>primo</strong></span> <span class='ocrx_word' id='word_1_694' title='bbox 1807 4334 2134 4388; x_wconf 81' lang='lat' dir='ltr'><strong>Stromatum</strong></span> 
     </span>
    </p>
   </div>
   <div class='ocr_carea' id='block_1_84' title="bbox 574 4407 2134 4476">
    <p class='ocr_par' dir='ltr' id='par_1_84' title="bbox 574 4407 2134 4476">
     <span class='ocr_line' id='line_1_84' title="bbox 574 4407 2134 4476; baseline -0.001 -17"><span class='ocrx_word' id='word_1_695' title='bbox 574 4422 692 4476; x_wconf 84' lang='lat' dir='ltr'><strong>pag.</strong></span> <span class='ocrx_word' id='word_1_696' title='bbox 722 4407 864 4460; x_wconf 69' lang='lat'><strong>599.:</strong></span> <span class='ocrx_word' id='word_1_697' title='bbox 906 4407 1048 4474; x_wconf 90' lang='lat' dir='ltr'><strong>quod</strong></span> <span class='ocrx_word' id='word_1_698' title='bbox 1086 4416 1262 4459; x_wconf 90' lang='lat' dir='ltr'><strong>tamen</strong></span> <span class='ocrx_word' id='word_1_699' title='bbox 1293 4408 1426 4460; x_wconf 90' lang='lat' dir='ltr'><strong>adeo</strong></span> <span class='ocrx_word' id='word_1_700' title='bbox 1460 4407 1768 4460; x_wconf 84' lang='lat' dir='ltr'><strong>inusitatum</strong></span> <span class='ocrx_word' id='word_1_701' title='bbox 1796 4415 1899 4470; x_wconf 88' lang='lat' dir='ltr'><strong>est,</strong></span> <span class='ocrx_word' id='word_1_702' title='bbox 1933 4415 1990 4458; x_wconf 92' lang='lat' dir='ltr'><strong>ut</strong></span> <span class='ocrx_word' id='word_1_703' title='bbox 2027 4419 2134 4458; x_wconf 91' lang='lat' dir='ltr'><strong>non</strong></span> 
     </span>
    </p>
   </div>
   <div class='ocr_carea' id='block_1_85' title="bbox 574 4476 1666 4543">
    <p class='ocr_par' dir='ltr' id='par_1_85' title="bbox 574 4476 1666 4543">
     <span class='ocr_line' id='line_1_85' title="bbox 574 4476 1666 4543; baseline -0.002 -13"><span class='ocrx_word' id='word_1_704' title='bbox 574 4477 846 4533; x_wconf 86' lang='lat' dir='ltr'><strong>immerito</strong></span> <span class='ocrx_word' id='word_1_705' title='bbox 881 4476 1144 4543; x_wconf 86' lang='lat' dir='ltr'><strong>suspicari</strong></span> <span class='ocrx_word' id='word_1_706' title='bbox 1172 4476 1236 4528; x_wconf 89' lang='lat' dir='ltr'><strong>de</strong></span> <span class='ocrx_word' id='word_1_707' title='bbox 1270 4476 1460 4530; x_wconf 91' lang='lat' dir='ltr'><strong>mendo</strong></span> <span class='ocrx_word' id='word_1_708' title='bbox 1493 4476 1666 4528; x_wconf 85' lang='lat' dir='ltr'><strong>liceat.</strong></span> 
     </span>
    </p>
   </div>
   <div class='ocr_carea' id='block_1_86' title="bbox 2242 3821 3810 3904">
    <p class='ocr_par' dir='ltr' id='par_1_86' title="bbox 2242 3821 3810 3904">
     <span class='ocr_line' id='line_1_86' title="bbox 2242 3821 3810 3904; baseline -0.008 -17"><span class='ocrx_word' id='word_1_709' title='bbox 2242 3832 2576 3904; x_wconf 89' lang='grc' dir='ltr'>ὁμωνυμίαν.</span> <span class='ocrx_word' id='word_1_710' title='bbox 2615 3829 2800 3882; x_wconf 89' lang='grc' dir='ltr'>Ταῦτα</span> <span class='ocrx_word' id='word_1_711' title='bbox 2838 3827 2965 3900; x_wconf 85' lang='grc' dir='ltr'>γὰρ,</span> <span class='ocrx_word' id='word_1_712' title='bbox 3002 3827 3050 3879; x_wconf 87' lang='grc' dir='ltr'>εἰ</span> <span class='ocrx_word' id='word_1_713' title='bbox 3078 3826 3172 3879; x_wconf 71' lang='grc' dir='ltr'><strong>κα)¹</strong></span> <span class='ocrx_word' id='word_1_714' title='bbox 3199 3825 3421 3895; x_wconf 86' lang='grc' dir='ltr'>δοίημεν</span> <span class='ocrx_word' id='word_1_715' title='bbox 3443 3821 3667 3892; x_wconf 80' lang='grc' dir='ltr'>ὀνόματί</span> <span class='ocrx_word' id='word_1_716' title='bbox 3698 3839 3810 3874; x_wconf 84' lang='grc' dir='ltr'>τινι</span> 
     </span>
    </p>
   </div>
   <div class='ocr_carea' id='block_1_87' title="bbox 2245 3910 3814 3994">
    <p class='ocr_par' dir='ltr' id='par_1_87' title="bbox 2245 3910 3814 3994">
     <span class='ocr_line' id='line_1_87' title="bbox 2245 3910 3814 3994; baseline -0.009 -18"><span class='ocrx_word' id='word_1_717' title='bbox 2245 3923 2278 3994; x_wconf 87' lang='grc' dir='ltr'>ἢ</span> <span class='ocrx_word' id='word_1_718' title='bbox 2306 3922 2446 3986; x_wconf 79' lang='grc' dir='ltr'>λέξει</span> <span class='ocrx_word' id='word_1_719' title='bbox 2475 3919 2594 3992; x_wconf 85' lang='grc' dir='ltr'>Θεῷ</span> <span class='ocrx_word' id='word_1_720' title='bbox 2619 3919 2914 3985; x_wconf 87' lang='grc' dir='ltr'>κοινωνεῖν,</span> <span class='ocrx_word' id='word_1_721' title='bbox 2953 3915 3065 3970; x_wconf 85' lang='grc' dir='ltr'>ἀλλ’</span> <span class='ocrx_word' id='word_1_722' title='bbox 3102 3915 3204 3968; x_wconf 83' lang='grc' dir='ltr'><strong>ούκ</strong></span> <span class='ocrx_word' id='word_1_723' title='bbox 3227 3913 3383 3985; x_wconf 71' lang='grc' dir='ltr'>οὐσίᾳ</span> <span class='ocrx_word' id='word_1_724' title='bbox 3406 3911 3526 3965; x_wconf 78' lang='grc' dir='ltr'>οὐδὲ</span> <span class='ocrx_word' id='word_1_725' title='bbox 3557 3910 3814 3982; x_wconf 72' lang='grc' dir='ltr'>ἐνεργείᾳ</span> 
     </span>
    </p>
   </div>
   <div class='ocr_carea' id='block_1_88' title="bbox 2242 4111 3814 4192">
    <p class='ocr_par' dir='ltr' id='par_1_88' title="bbox 2242 4111 3814 4192">
     <span class='ocr_line' id='line_1_88' title="bbox 2242 4111 3814 4192; baseline -0.006 -15"><span class='ocrx_word' id='word_1_726' title='bbox 2242 4124 2504 4192; x_wconf 84' lang='lat' dir='ltr'><strong>liguntnr.</strong></span> <span class='ocrx_word' id='word_1_727' title='bbox 2547 4120 2730 4176; x_wconf 90' lang='lat' dir='ltr'><strong>Primo</strong></span> <span class='ocrx_word' id='word_1_728' title='bbox 2784 4133 2946 4173; x_wconf 91' lang='lat' dir='ltr'><strong>sensu</strong></span> <span class='ocrx_word' id='word_1_729' title='bbox 3000 4130 3102 4192; x_wconf 76' lang='lat' dir='ltr'><strong>vox</strong></span> <span class='ocrx_word' id='word_1_730' title='bbox 3167 4111 3625 4192; x_wconf 80' lang='grc' dir='ltr'>συναρπακτικῶς</span> <span class='ocrx_word' id='word_1_731' title='bbox 3668 4113 3814 4192; x_wconf 63' lang='lat' dir='ltr'><strong>verti</strong></span> 
     </span>
    </p>
   </div>
   <div class='ocr_carea' id='block_1_89' title="bbox 2241 4183 3815 4260">
    <p class='ocr_par' dir='ltr' id='par_1_89' title="bbox 2241 4183 3815 4260">
     <span class='ocr_line' id='line_1_89' title="bbox 2241 4183 3815 4260; baseline -0.006 -13"><span class='ocrx_word' id='word_1_732' title='bbox 2241 4183 2406 4247; x_wconf 71' lang='lat' dir='ltr'><strong>etiam</strong></span> <span class='ocrx_word' id='word_1_733' title='bbox 2442 4193 2529 4246; x_wconf 91' lang='lat' dir='ltr'><strong>hic</strong></span> <span class='ocrx_word' id='word_1_734' title='bbox 2564 4200 2762 4260; x_wconf 89' lang='lat' dir='ltr'><strong>posset,</strong></span> <span class='ocrx_word' id='word_1_735' title='bbox 2790 4207 2818 4260; x_wconf 16' lang='grc' dir='ltr'><strong>ίι</strong></span> <span class='ocrx_word' id='word_1_736' title='bbox 2847 4204 2942 4260; x_wconf 78' lang='lat' dir='ltr'><strong>per</strong></span> <span class='ocrx_word' id='word_1_737' title='bbox 2984 4183 3403 4260; x_wconf 50' lang='lat' dir='ltr'><strong>obreptitmemi</strong></span> <span class='ocrx_word' id='word_1_738' title='bbox 3425 4202 3444 4235; x_wconf 81' lang='grc' dir='ltr'><strong>ι</strong></span> <span class='ocrx_word' id='word_1_739' title='bbox 3495 4197 3602 4251; x_wconf 89' lang='lat' dir='ltr'><strong>quo</strong></span> <span class='ocrx_word' id='word_1_740' title='bbox 3651 4183 3815 4237; x_wconf 90' lang='lat' dir='ltr'><strong>modo</strong></span> 
     </span>
    </p>
   </div>
   <div class='ocr_carea' id='block_1_90' title="bbox 2239 4254 3819 4334">
    <p class='ocr_par' dir='ltr' id='par_1_90' title="bbox 2239 4254 3819 4334">
     <span class='ocr_line' id='line_1_90' title="bbox 2239 4254 3819 4334; baseline -0.008 -18"><span class='ocrx_word' id='word_1_741' title='bbox 2239 4254 2682 4316; x_wconf 52' lang='lat' dir='ltr'><strong>Ambrosius&#39;lib.</strong></span> <span class='ocrx_word' id='word_1_742' title='bbox 2710 4276 2740 4312; x_wconf 90' lang='lat' dir='ltr'><strong>v</strong></span> <span class='ocrx_word' id='word_1_743' title='bbox 2775 4254 2858 4312; x_wconf 60' lang='grc' dir='ltr'>οε</span> <span class='ocrx_word' id='word_1_744' title='bbox 2884 4259 3008 4326; x_wconf 85' lang='lat' dir='ltr'><strong>fide,</strong></span> <span class='ocrx_word' id='word_1_745' title='bbox 3043 4270 3161 4323; x_wconf 87' lang='lat' dir='ltr'><strong>cap.</strong></span> <span class='ocrx_word' id='word_1_746' title='bbox 3191 4255 3334 4334; x_wconf 70' lang='lat' dir='ltr'><strong>l_1_’),_t</strong></span> <span class='ocrx_word' id='word_1_747' title='bbox 3363 4254 3555 4334; x_wconf 62' lang='lat' dir='ltr'><strong>Totum</strong></span> <span class='ocrx_word' id='word_1_748' title='bbox 3595 4264 3819 4334; x_wconf 59' lang='grc' dir='ltr'>προεισ-</span> 
     </span>
    </p>
   </div>
   <div class='ocr_carea' id='block_1_91' title="bbox 2243 4323 3820 4400">
    <p class='ocr_par' dir='ltr' id='par_1_91' title="bbox 2243 4323 3820 4400">
     <span class='ocr_line' id='line_1_91' title="bbox 2243 4323 3820 4400; baseline -0.006 -14"><span class='ocrx_word' id='word_1_749' title='bbox 2243 4334 2407 4388; x_wconf 91' lang='lat' dir='ltr'><strong>licum</strong></span> <span class='ocrx_word' id='word_1_750' title='bbox 2442 4341 2602 4400; x_wconf 90' lang='lat' dir='ltr'><strong>caput</strong></span> <span class='ocrx_word' id='word_1_751' title='bbox 2635 4323 3034 4400; x_wconf 79' lang='lat' dir='ltr'><strong>recenseatttus,</strong></span> <span class='ocrx_word' id='word_1_752' title='bbox 3074 4333 3131 4377; x_wconf 89' lang='lat' dir='ltr'><strong>ut</strong></span> <span class='ocrx_word' id='word_1_753' title='bbox 3173 4323 3303 4377; x_wconf 91' lang='lat' dir='ltr'><strong>nihil</strong></span> <span class='ocrx_word' id='word_1_754' title='bbox 3337 4323 3592 4400; x_wconf 69' lang='lat' dir='ltr'><strong>videatur</strong></span> <span class='ocrx_word' id='word_1_755' title='bbox 3621 4323 3820 4400; x_wconf 74' lang='lat' dir='ltr'><strong>fraude</strong></span> 
     </span>
    </p>
   </div>
   <div class='ocr_carea' id='block_1_92' title="bbox 2243 4390 3817 4465">
    <p class='ocr_par' dir='ltr' id='par_1_92' title="bbox 2243 4390 3817 4465">
     <span class='ocr_line' id='line_1_92' title="bbox 2243 4390 3817 4465; baseline -0.009 -7"><span class='ocrx_word' id='word_1_756' title='bbox 2243 4390 2598 4465; x_wconf 76' lang='lat' dir='ltr'><strong>subtractdm,</strong></span> <span class='ocrx_word' id='word_1_757' title='bbox 2644 4409 2736 4452; x_wconf 88' lang='lat' dir='ltr'><strong>aut</strong></span> <span class='ocrx_word' id='word_1_758' title='bbox 2779 4398 3094 4465; x_wconf 77' lang='lat' dir='ltr'><strong>obreptione</strong></span> <span class='ocrx_word' id='word_1_759' title='bbox 3138 4393 3576 4465; x_wconf 65' lang='lat' dir='ltr'><strong>praest_rict_utn.t</strong></span> <span class='ocrx_word' id='word_1_760' title='bbox 3628 4390 3817 4465; x_wconf 65' lang='lat' dir='ltr'><strong>Altero</strong></span> 
     </span>
    </p>
   </div>
   <div class='ocr_carea' id='block_1_93' title="bbox 2243 4460 3822 4538">
    <p class='ocr_par' dir='ltr' id='par_1_93' title="bbox 2243 4460 3822 4538">
     <span class='ocr_line' id='line_1_93' title="bbox 2243 4460 3822 4538; baseline -0.009 -11"><span class='ocrx_word' id='word_1_761' title='bbox 2243 4487 2400 4527; x_wconf 85' lang='lat' dir='ltr'><strong>sensu</strong></span> <span class='ocrx_word' id='word_1_762' title='bbox 2449 4460 2681 4525; x_wconf 83' lang='lat' dir='ltr'><strong>Basilius</strong></span> <span class='ocrx_word' id='word_1_763' title='bbox 2724 4470 2882 4538; x_wconf 86' lang='lat' dir='ltr'><strong>epist.</strong></span> <span class='ocrx_word' id='word_1_764' title='bbox 2915 4460 3080 4538; x_wconf 60' lang='lat'><strong>9.35,-</strong></span> <span class='ocrx_word' id='word_1_765' title='bbox 3101 4460 3178 4516; x_wconf 85' lang='lat' dir='ltr'><strong>ait</strong></span> <span class='ocrx_word' id='word_1_766' title='bbox 3215 4463 3349 4538; x_wconf 67' lang='lat' dir='ltr'><strong>:_&#39;_l‘ﬁ</strong></span> <span class='ocrx_word' id='word_1_767' title='bbox 3403 4462 3669 4538; x_wconf 74' lang='grc' dir='ltr'>ἐρωτήσει</span> <span class='ocrx_word' id='word_1_768' title='bbox 3719 4460 3822 4513; x_wconf 74' lang='grc' dir='ltr'><strong>τοῦ</strong></span> 
     </span>
    </p>
   </div>
   <div class='ocr_carea' id='block_1_94' title="bbox 645 4519 2129 4615">
    <p class='ocr_par' dir='ltr' id='par_1_94' title="bbox 645 4519 2129 4615">
     <span class='ocr_line' id='line_1_94' title="bbox 645 4519 2129 4615; baseline 0 -17"><span class='ocrx_word' id='word_1_769' title='bbox 645 4519 1683 4615; x_wconf 55' lang='grc' dir='ltr'><strong>(16)’’ἡίέἲῖῖὲὲξἶιὲέὸῖεζῖιῖἶὲὲιιὸῖιῖἦἧι</strong></span> <span class='ocrx_word' id='word_1_770' title='bbox 1712 4545 1936 4614; x_wconf 86' lang='lat' dir='ltr'><strong>alicujus</strong></span> <span class='ocrx_word' id='word_1_771' title='bbox 1967 4545 2129 4599; x_wconf 87' lang='lat' dir='ltr'><strong>verba</strong></span> 
     </span>
    </p>
   </div>
   <div class='ocr_carea' id='block_1_95' title="bbox 2224 4519 3818 4615">
    <p class='ocr_par' dir='ltr' id='par_1_95' title="bbox 2235 4519 3818 4615">
     <span class='ocr_line' id='line_1_95' title="bbox 2235 4519 3818 4615; baseline -0.008 -19"><span class='ocrx_word' id='word_1_772' title='bbox 2235 4519 2702 4596; x_wconf 44' lang='lat' dir='ltr'><strong>Qiééiou’éé&#39;étév</strong></span> <span class='ocrx_word' id='word_1_773' title='bbox 2731 4519 3204 4615; x_wconf 44' lang='grc' dir='ltr'>’συναρπάζουσιη</span> <span class='ocrx_word' id='word_1_774' title='bbox 3242 4534 3294 4615; x_wconf 72' lang='lat' dir='ltr'><strong>id</strong></span> <span class='ocrx_word' id='word_1_775' title='bbox 3324 4519 3409 4587; x_wconf 51' lang='lat' dir='ltr'><strong>&#39;ést</strong></span> <span class='ocrx_word' id='word_1_776' title='bbox 3434 4519 3465 4582; x_wconf 84' lang='grc' dir='ltr'><strong>ἰ</strong></span> <span class='ocrx_word' id='word_1_777' title='bbox 3505 4519 3818 4599; x_wconf 73' lang='lat' dir='ltr'><strong>lnierroga-</strong></span> 
     </span>
    </p>
   </div>
   <div class='ocr_carea' id='block_1_96' title="bbox 577 4614 2130 4683">
    <p class='ocr_par' dir='ltr' id='par_1_96' title="bbox 577 4614 2130 4683">
     <span class='ocr_line' id='line_1_96' title="bbox 577 4614 2130 4683; baseline -0.001 -12"><span class='ocrx_word' id='word_1_778' title='bbox 577 4614 762 4681; x_wconf 69' lang='lat' dir='ltr'><strong>all‘ert,</strong></span> <span class='ocrx_word' id='word_1_779' title='bbox 806 4631 909 4669; x_wconf 93' lang='lat' dir='ltr'><strong>non</strong></span> <span class='ocrx_word' id='word_1_780' title='bbox 943 4631 1070 4670; x_wconf 89' lang='lat' dir='ltr'><strong>vero</strong></span> <span class='ocrx_word' id='word_1_781' title='bbox 1116 4614 1394 4678; x_wconf 83' lang='lat' dir='ltr'><strong>Eunomii,</strong></span> <span class='ocrx_word' id='word_1_782' title='bbox 1443 4625 1528 4670; x_wconf 86' lang='lat' dir='ltr'><strong>aut</strong></span> <span class='ocrx_word' id='word_1_783' title='bbox 1587 4615 1901 4670; x_wconf 84' lang='lat' dir='ltr'><strong>Eunomiani</strong></span> <span class='ocrx_word' id='word_1_784' title='bbox 1949 4615 2130 4683; x_wconf 87' lang='lat' dir='ltr'><strong>cujus-</strong></span> 
     </span>
    </p>
   </div>
   <div class='ocr_carea' id='block_1_97' title="bbox 575 4685 1700 4758">
    <p class='ocr_par' dir='ltr' id='par_1_97' title="bbox 575 4685 1700 4758">
     <span class='ocr_line' id='line_1_97' title="bbox 575 4685 1700 4758; baseline -0.002 -18"><span class='ocrx_word' id='word_1_785' title='bbox 575 4689 747 4758; x_wconf 76' lang='lat' dir='ltr'><strong>piam,</strong></span> <span class='ocrx_word' id='word_1_786' title='bbox 771 4693 835 4758; x_wconf 68' lang='lat' dir='ltr'><strong>ut</strong></span> <span class='ocrx_word' id='word_1_787' title='bbox 859 4694 1006 4754; x_wconf 89' lang='lat' dir='ltr'><strong>patet</strong></span> <span class='ocrx_word' id='word_1_788' title='bbox 1029 4700 1095 4758; x_wconf 82' lang='lat' dir='ltr'><strong>ex</strong></span> <span class='ocrx_word' id='word_1_789' title='bbox 1131 4685 1213 4758; x_wconf 80' lang='lat' dir='ltr'><strong>bis</strong></span> <span class='ocrx_word' id='word_1_790' title='bbox 1234 4702 1352 4758; x_wconf 71' lang='lat' dir='ltr'><strong>qum</strong></span> <span class='ocrx_word' id='word_1_791' title='bbox 1385 4695 1700 4754; x_wconf 85' lang='lat' dir='ltr'><strong>sequuntur.</strong></span> 
     </span>
    </p>
   </div>
   <div class='ocr_carea' id='block_1_98' title="bbox 646 4753 2135 4827">
    <p class='ocr_par' dir='ltr' id='par_1_98' title="bbox 646 4753 2135 4827">
     <span class='ocr_line' id='line_1_98' title="bbox 646 4753 2135 4827; baseline -0.001 -18"><span class='ocrx_word' id='word_1_792' title='bbox 646 4753 1129 4827; x_wconf 76' lang='lat' dir='ltr'><strong>(50)_Summatim.</strong></span> <span class='ocrx_word' id='word_1_793' title='bbox 1175 4754 1229 4827; x_wconf 82' lang='lat' dir='ltr'><strong>In</strong></span> <span class='ocrx_word' id='word_1_794' title='bbox 1258 4753 1471 4810; x_wconf 71' lang='lat' dir='ltr'><strong>Graeco</strong></span> <span class='ocrx_word' id='word_1_795' title='bbox 1505 4755 1990 4827; x_wconf 73' lang='grc' dir='ltr'>συναρπακτικῶςο</span> <span class='ocrx_word' id='word_1_796' title='bbox 2028 4771 2135 4826; x_wconf 88' lang='lat' dir='ltr'><strong>quo</strong></span> 
     </span>
    </p>
   </div>
   <div class='ocr_carea' id='block_1_99' title="bbox 577 4824 2172 4895">
    <p class='ocr_par' dir='ltr' id='par_1_99' title="bbox 577 4824 2172 4895">
     <span class='ocr_line' id='line_1_99' title="bbox 577 4824 2172 4895; baseline -0.005 -13"><span class='ocrx_word' id='word_1_797' title='bbox 577 4824 829 4882; x_wconf 65' lang='lat' dir='ltr'><strong>adverbio</strong></span> <span class='ocrx_word' id='word_1_798' title='bbox 876 4827 1073 4880; x_wconf 90' lang='lat' dir='ltr'><strong>iterum</strong></span> <span class='ocrx_word' id='word_1_799' title='bbox 1119 4826 1286 4880; x_wconf 91' lang='lat' dir='ltr'><strong>utitur</strong></span> <span class='ocrx_word' id='word_1_800' title='bbox 1332 4841 1499 4895; x_wconf 79' lang='lat' dir='ltr'><strong>segm.</strong></span> <span class='ocrx_word' id='word_1_801' title='bbox 1529 4826 1592 4878; x_wconf 85' lang='grc' dir='ltr'><strong>’Π</strong></span> <span class='ocrx_word' id='word_1_802' title='bbox 1621 4824 1671 4879; x_wconf 65' lang='grc' dir='ltr'><strong>ιί.</strong></span> <span class='ocrx_word' id='word_1_803' title='bbox 1715 4827 1967 4893; x_wconf 67' lang='lat' dir='ltr'><strong>Quaenam</strong></span> <span class='ocrx_word' id='word_1_804' title='bbox 2009 4824 2172 4880; x_wconf 87' lang='lat' dir='ltr'><strong>vero.</strong></span> 
     </span>
    </p>
   </div>
   <div class='ocr_carea' id='block_1_100' title="bbox 580 4895 2133 4964">
    <p class='ocr_par' dir='ltr' id='par_1_100' title="bbox 580 4895 2133 4964">
     <span class='ocr_line' id='line_1_100' title="bbox 580 4895 2133 4964; baseline -0.001 -13"><span class='ocrx_word' id='word_1_805' title='bbox 580 4898 664 4952; x_wconf 86' lang='lat' dir='ltr'><strong>hic</strong></span> <span class='ocrx_word' id='word_1_806' title='bbox 699 4897 769 4950; x_wconf 87' lang='lat' dir='ltr'><strong>sit</strong></span> <span class='ocrx_word' id='word_1_807' title='bbox 796 4907 944 4951; x_wconf 83' lang='lat' dir='ltr'><strong>certa</strong></span> <span class='ocrx_word' id='word_1_808' title='bbox 982 4896 1124 4949; x_wconf 90' lang='lat' dir='ltr'><strong>illius</strong></span> <span class='ocrx_word' id='word_1_809' title='bbox 1159 4895 1500 4964; x_wconf 81' lang='lat' dir='ltr'><strong>signiﬁcatio,</strong></span> <span class='ocrx_word' id='word_1_810' title='bbox 1531 4911 1638 4950; x_wconf 89' lang='lat' dir='ltr'><strong>non</strong></span> <span class='ocrx_word' id='word_1_811' title='bbox 1679 4899 1847 4950; x_wconf 87' lang='lat' dir='ltr'><strong>ausim</strong></span> <span class='ocrx_word' id='word_1_812' title='bbox 1889 4897 2133 4950; x_wconf 80' lang='lat' dir='ltr'><strong>delinire.</strong></span> 
     </span>
    </p>
   </div>
   <div class='ocr_carea' id='block_1_101' title="bbox 582 4964 2138 5037">
    <p class='ocr_par' dir='ltr' id='par_1_101' title="bbox 582 4964 2138 5037">
     <span class='ocr_line' id='line_1_101' title="bbox 582 4964 2138 5037; baseline -0.002 -16"><span class='ocrx_word' id='word_1_813' title='bbox 582 4967 838 5034; x_wconf 89' lang='lat' dir='ltr'><strong>Didymus</strong></span> <span class='ocrx_word' id='word_1_814' title='bbox 867 4966 1082 5037; x_wconf 85' lang='lat' dir='ltr'><strong>quidem</strong></span> <span class='ocrx_word' id='word_1_815' title='bbox 1115 4964 1168 5019; x_wconf 91' lang='lat' dir='ltr'><strong>in</strong></span> <span class='ocrx_word' id='word_1_816' title='bbox 1207 4967 1343 5037; x_wconf 86' lang='lat' dir='ltr'><strong>libro</strong></span> <span class='ocrx_word' id='word_1_817' title='bbox 1379 4967 1498 5019; x_wconf 81' lang='lat' dir='ltr'><strong>adv.</strong></span> <span class='ocrx_word' id='word_1_818' title='bbox 1527 4964 2138 5037; x_wconf 72' lang='grc' dir='ltr'>ΜιιηὶεΙιωοε,ἀσυνάρ-</span> 
     </span>
    </p>
   </div>
   <div class='ocr_carea' id='block_1_102' title="bbox 578 5035 2140 5108">
    <p class='ocr_par' dir='ltr' id='par_1_102' title="bbox 578 5035 2140 5108">
     <span class='ocr_line' id='line_1_102' title="bbox 578 5035 2140 5108; baseline 0.001 -19"><span class='ocrx_word' id='word_1_819' title='bbox 578 5036 1034 5108; x_wconf 49' lang='grc' dir='ltr'>πακτοςηιιιιιιί-ι,</span> <span class='ocrx_word' id='word_1_820' title='bbox 1072 5037 1106 5106; x_wconf 83' lang='grc' dir='ltr'>ἡ</span> <span class='ocrx_word' id='word_1_821' title='bbox 1154 5036 1322 5108; x_wconf 82' lang='grc' dir='ltr'>ἁρετὴ</span> <span class='ocrx_word' id='word_1_822' title='bbox 1361 5038 1426 5106; x_wconf 81' lang='grc' dir='ltr'>τῇ</span> <span class='ocrx_word' id='word_1_823' title='bbox 1474 5035 1677 5107; x_wconf 79' lang='grc' dir='ltr'>κακίᾳ·</span> <span class='ocrx_word' id='word_1_824' title='bbox 1712 5053 1830 5105; x_wconf 82' lang='lat' dir='ltr'><strong>qua:</strong></span> <span class='ocrx_word' id='word_1_825' title='bbox 1877 5035 2140 5108; x_wconf 81' lang='lat' dir='ltr'><strong>interpres</strong></span> 
     </span>
    </p>
   </div>
   <div class='ocr_carea' id='block_1_103' title="bbox 579 5102 2142 5174">
    <p class='ocr_par' dir='ltr' id='par_1_103' title="bbox 579 5102 2142 5174">
     <span class='ocr_line' id='line_1_103' title="bbox 579 5102 2142 5174; baseline -0.003 -11"><span class='ocrx_word' id='word_1_826' title='bbox 579 5109 658 5163; x_wconf 87' lang='lat' dir='ltr'><strong>sic</strong></span> <span class='ocrx_word' id='word_1_827' title='bbox 685 5107 848 5160; x_wconf 88' lang='lat' dir='ltr'><strong>vertit</strong></span> <span class='ocrx_word' id='word_1_828' title='bbox 874 5124 888 5159; x_wconf 89' lang='lat'><strong>:</strong></span> <span class='ocrx_word' id='word_1_829' title='bbox 926 5123 944 5156; x_wconf 83' lang='lat' dir='ltr'><strong>t</strong></span> <span class='ocrx_word' id='word_1_830' title='bbox 975 5102 1159 5158; x_wconf 78' lang='lat' dir='ltr'><strong>Virtus</strong></span> <span class='ocrx_word' id='word_1_831' title='bbox 1191 5102 1322 5159; x_wconf 59' lang='lat' dir='ltr'><strong>cnm&#39;</strong></span> <span class='ocrx_word' id='word_1_832' title='bbox 1346 5102 1475 5160; x_wconf 75' lang='lat' dir='ltr'><strong>vitio</strong></span> <span class='ocrx_word' id='word_1_833' title='bbox 1502 5102 1630 5159; x_wconf 66' lang='lat' dir='ltr'><strong>non&#39;</strong></span> <span class='ocrx_word' id='word_1_834' title='bbox 1650 5102 1825 5174; x_wconf 82' lang='lat' dir='ltr'><strong>potest</strong></span> <span class='ocrx_word' id='word_1_835' title='bbox 1860 5102 2030 5160; x_wconf 78' lang='lat' dir='ltr'><strong>simul</strong></span> <span class='ocrx_word' id='word_1_836' title='bbox 2054 5121 2142 5160; x_wconf 88' lang='lat' dir='ltr'><strong>ar-</strong></span> 
     </span>
    </p>
   </div>
   <div class='ocr_carea' id='block_1_104' title="bbox 586 5175 2142 5246">
    <p class='ocr_par' dir='ltr' id='par_1_104' title="bbox 586 5175 2142 5246">
     <span class='ocr_line' id='line_1_104' title="bbox 586 5175 2142 5246; baseline 0 -16"><span class='ocrx_word' id='word_1_837' title='bbox 586 5196 605 5230; x_wconf 78' lang='lat' dir='ltr'><strong>t</strong></span> <span class='ocrx_word' id='word_1_838' title='bbox 642 5175 836 5246; x_wconf 89' lang='lat' dir='ltr'><strong>ripi.|n</strong></span> <span class='ocrx_word' id='word_1_839' title='bbox 870 5175 1238 5246; x_wconf 82' lang='lat' dir='ltr'><strong>Scriptoribus</strong></span> <span class='ocrx_word' id='word_1_840' title='bbox 1265 5188 1441 5230; x_wconf 88' lang='lat' dir='ltr'><strong>autem</strong></span> <span class='ocrx_word' id='word_1_841' title='bbox 1471 5176 1674 5246; x_wconf 87' lang='lat' dir='ltr'><strong>Didymi</strong></span> <span class='ocrx_word' id='word_1_842' title='bbox 1706 5176 1817 5230; x_wconf 83' lang='lat' dir='ltr'><strong>fere</strong></span> <span class='ocrx_word' id='word_1_843' title='bbox 1849 5176 2142 5245; x_wconf 61' lang='lat' dir='ltr'><strong>aequalibus</strong></span> 
     </span>
    </p>
   </div>
   <div class='ocr_carea' id='block_1_105' title="bbox 582 5245 2144 5318">
    <p class='ocr_par' dir='ltr' id='par_1_105' title="bbox 582 5245 2144 5318">
     <span class='ocr_line' id='line_1_105' title="bbox 582 5245 2144 5318; baseline -0.003 -15"><span class='ocrx_word' id='word_1_844' title='bbox 582 5248 672 5303; x_wconf 91' lang='lat' dir='ltr'><strong>ubi</strong></span> <span class='ocrx_word' id='word_1_845' title='bbox 698 5247 936 5318; x_wconf 88' lang='lat' dir='ltr'><strong>occurrit</strong></span> <span class='ocrx_word' id='word_1_846' title='bbox 967 5247 1082 5300; x_wconf 61' lang='lat' dir='ltr'><strong>hate</strong></span> <span class='ocrx_word' id='word_1_847' title='bbox 1118 5245 1364 5309; x_wconf 78' lang='lat' dir='ltr'><strong>formula,</strong></span> <span class='ocrx_word' id='word_1_848' title='bbox 1394 5247 1537 5318; x_wconf 75' lang='grc' dir='ltr'>κατὰ</span> <span class='ocrx_word' id='word_1_849' title='bbox 1567 5245 1938 5318; x_wconf 76' lang='grc' dir='ltr'>συναρπαγήν,</span> <span class='ocrx_word' id='word_1_850' title='bbox 1977 5247 2144 5318; x_wconf 77' lang='lat' dir='ltr'><strong>inter-</strong></span> 
     </span>
    </p>
   </div>
   <div class='ocr_carea' id='block_1_106' title="bbox 583 5315 2143 5388">
    <p class='ocr_par' dir='ltr' id='par_1_106' title="bbox 583 5315 2143 5388">
     <span class='ocr_line' id='line_1_106' title="bbox 583 5315 2143 5388; baseline -0.001 -18"><span class='ocrx_word' id='word_1_851' title='bbox 583 5327 771 5388; x_wconf 81' lang='lat' dir='ltr'><strong>pretes</strong></span> <span class='ocrx_word' id='word_1_852' title='bbox 792 5317 948 5388; x_wconf 83' lang='lat' dir='ltr'><strong>modo</strong></span> <span class='ocrx_word' id='word_1_853' title='bbox 985 5324 1221 5388; x_wconf 84' lang='lat' dir='ltr'><strong>vertunt,</strong></span> <span class='ocrx_word' id='word_1_854' title='bbox 1258 5334 1277 5367; x_wconf 82' lang='grc' dir='ltr'><strong>ι</strong></span> <span class='ocrx_word' id='word_1_855' title='bbox 1309 5317 1525 5388; x_wconf 83' lang='lat' dir='ltr'><strong>raptim,</strong></span> <span class='ocrx_word' id='word_1_856' title='bbox 1568 5315 1948 5388; x_wconf 65' lang='lat' dir='ltr'><strong>festinanter</strong></span> <span class='ocrx_word' id='word_1_857' title='bbox 1988 5315 2143 5388; x_wconf 82' lang='lat' dir='ltr'><strong>modo</strong></span> 
     </span>
    </p>
   </div>
   <div class='ocr_carea' id='block_1_107' title="bbox 585 5383 2146 5458">
    <p class='ocr_par' dir='ltr' id='par_1_107' title="bbox 585 5383 2146 5458">
     <span class='ocr_line' id='line_1_107' title="bbox 585 5383 2146 5458; baseline -0.003 -18"><span class='ocrx_word' id='word_1_858' title='bbox 585 5383 678 5458; x_wconf 74' lang='lat' dir='ltr'><strong>per</strong></span> <span class='ocrx_word' id='word_1_859' title='bbox 713 5405 730 5437; x_wconf 82' lang='grc' dir='ltr'><strong>ι</strong></span> <span class='ocrx_word' id='word_1_860' title='bbox 760 5385 1047 5455; x_wconf 88' lang='lat' dir='ltr'><strong>impulsum</strong></span> <span class='ocrx_word' id='word_1_861' title='bbox 1074 5405 1092 5437; x_wconf 85' lang='grc' dir='ltr'><strong>ι</strong></span> <span class='ocrx_word' id='word_1_862' title='bbox 1147 5383 1386 5458; x_wconf 57' lang='lat' dir='ltr'><strong>alterius;</strong></span> <span class='ocrx_word' id='word_1_863' title='bbox 1423 5387 1647 5458; x_wconf 82' lang='lat' dir='ltr'><strong>Demnm</strong></span> <span class='ocrx_word' id='word_1_864' title='bbox 1672 5387 1829 5458; x_wconf 83' lang='lat' dir='ltr'><strong>apud</strong></span> <span class='ocrx_word' id='word_1_865' title='bbox 1873 5383 2146 5458; x_wconf 78' lang='lat' dir='ltr'><strong>TlteOphi-</strong></span> 
     </span>
    </p>
   </div>
   <div class='ocr_carea' id='block_1_108' title="bbox 585 5454 2144 5517">
    <p class='ocr_par' dir='ltr' id='par_1_108' title="bbox 585 5454 2144 5517">
     <span class='ocr_line' id='line_1_108' title="bbox 585 5454 2144 5517; baseline -0.003 -7"><span class='ocrx_word' id='word_1_866' title='bbox 585 5454 690 5510; x_wconf 84' lang='lat' dir='ltr'><strong>lum</strong></span> <span class='ocrx_word' id='word_1_867' title='bbox 725 5454 1138 5511; x_wconf 82' lang='lat' dir='ltr'><strong>Antecessorem</strong></span> <span class='ocrx_word' id='word_1_868' title='bbox 1175 5455 1312 5510; x_wconf 89' lang='lat' dir='ltr'><strong>libro</strong></span> <span class='ocrx_word' id='word_1_869' title='bbox 1360 5472 1412 5509; x_wconf 90' lang='lat' dir='ltr'><strong>tv</strong></span> <span class='ocrx_word' id='word_1_870' title='bbox 1443 5455 1860 5517; x_wconf 72' lang='lat' dir='ltr'><strong>lnstitutiunum,</strong></span> <span class='ocrx_word' id='word_1_871' title='bbox 1893 5454 1978 5509; x_wconf 90' lang='lat' dir='ltr'><strong>tit.</strong></span> <span class='ocrx_word' id='word_1_872' title='bbox 2013 5469 2144 5517; x_wconf 81' lang='lat' dir='ltr'><strong>xm,</strong></span> 
     </span>
    </p>
   </div>
   <div class='ocr_carea' id='block_1_109' title="bbox 581 5524 2142 5594">
    <p class='ocr_par' dir='ltr' id='par_1_109' title="bbox 581 5524 2142 5594">
     <span class='ocr_line' id='line_1_109' title="bbox 581 5524 2142 5594; baseline -0.004 -13"><span class='ocrx_word' id='word_1_873' title='bbox 581 5537 636 5581; x_wconf 88' lang='lat' dir='ltr'><strong>et</strong></span> <span class='ocrx_word' id='word_1_874' title='bbox 665 5529 806 5594; x_wconf 88' lang='lat' dir='ltr'><strong>apud</strong></span> <span class='ocrx_word' id='word_1_875' title='bbox 843 5527 981 5581; x_wconf 87' lang='lat' dir='ltr'><strong>alios</strong></span> <span class='ocrx_word' id='word_1_876' title='bbox 1023 5524 1462 5592; x_wconf 89' lang='lat' dir='ltr'><strong>jurisconsultos,</strong></span> <span class='ocrx_word' id='word_1_877' title='bbox 1492 5537 1541 5578; x_wconf 89' lang='lat' dir='ltr'><strong>ct</strong></span> <span class='ocrx_word' id='word_1_878' title='bbox 1577 5528 1628 5579; x_wconf 92' lang='lat' dir='ltr'><strong>in</strong></span> <span class='ocrx_word' id='word_1_879' title='bbox 1664 5527 1904 5579; x_wconf 76' lang='lat' dir='ltr'><strong>Basilicis</strong></span> <span class='ocrx_word' id='word_1_880' title='bbox 1940 5540 2142 5594; x_wconf 89' lang='grc' dir='ltr'>συναρ-</span> 
     </span>
    </p>
   </div>
   <div class='ocr_carea' id='block_1_110' title="bbox 582 5595 2142 5666">
    <p class='ocr_par' dir='ltr' id='par_1_110' title="bbox 582 5595 2142 5666">
     <span class='ocr_line' id='line_1_110' title="bbox 582 5595 2142 5666; baseline -0.004 -16"><span class='ocrx_word' id='word_1_881' title='bbox 582 5597 732 5666; x_wconf 87' lang='grc' dir='ltr'>παγή</span> <span class='ocrx_word' id='word_1_882' title='bbox 787 5606 872 5650; x_wconf 90' lang='lat' dir='ltr'><strong>est</strong></span> <span class='ocrx_word' id='word_1_883' title='bbox 927 5615 946 5647; x_wconf 78' lang='grc' dir='ltr'><strong>ι</strong></span> <span class='ocrx_word' id='word_1_884' title='bbox 988 5596 1334 5663; x_wconf 78' lang='grc' dir='ltr'>ευιιι·θριίο,ι</span> <span class='ocrx_word' id='word_1_885' title='bbox 1389 5607 1482 5648; x_wconf 86' lang='lat' dir='ltr'><strong>aut</strong></span> <span class='ocrx_word' id='word_1_886' title='bbox 1542 5597 1721 5664; x_wconf 73' lang='lat' dir='ltr'><strong>potius</strong></span> <span class='ocrx_word' id='word_1_887' title='bbox 1771 5612 1792 5646; x_wconf 69' lang='grc' dir='ltr'><strong>ε</strong></span> <span class='ocrx_word' id='word_1_888' title='bbox 1827 5595 2090 5660; x_wconf 87' lang='lat' dir='ltr'><strong>obreptio.</strong></span> <span class='ocrx_word' id='word_1_889' title='bbox 2123 5612 2142 5644; x_wconf 78' lang='grc' dir='ltr'><strong>ι</strong></span> 
     </span>
    </p>
   </div>
   <div class='ocr_carea' id='block_1_111' title="bbox 585 5666 2148 5734">
    <p class='ocr_par' dir='ltr' id='par_1_111' title="bbox 585 5666 2148 5734">
     <span class='ocr_line' id='line_1_111' title="bbox 585 5666 2148 5734; baseline -0.002 -15"><span class='ocrx_word' id='word_1_890' title='bbox 585 5671 714 5733; x_wconf 71' lang='lat' dir='ltr'><strong>Qua:</strong></span> <span class='ocrx_word' id='word_1_891' title='bbox 760 5681 880 5721; x_wconf 90' lang='lat' dir='ltr'><strong>cum</strong></span> <span class='ocrx_word' id='word_1_892' title='bbox 937 5668 1009 5720; x_wconf 87' lang='lat' dir='ltr'><strong>ita</strong></span> <span class='ocrx_word' id='word_1_893' title='bbox 1051 5681 1111 5720; x_wconf 88' lang='lat' dir='ltr'><strong>se</strong></span> <span class='ocrx_word' id='word_1_894' title='bbox 1148 5668 1416 5727; x_wconf 88' lang='lat' dir='ltr'><strong>habeant,</strong></span> <span class='ocrx_word' id='word_1_895' title='bbox 1463 5666 1675 5718; x_wconf 79' lang='lat' dir='ltr'><strong>videtur</strong></span> <span class='ocrx_word' id='word_1_896' title='bbox 1720 5681 1818 5718; x_wconf 81' lang='grc' dir='ltr'><strong>ι·οχ</strong></span> <span class='ocrx_word' id='word_1_897' title='bbox 1867 5680 2148 5734; x_wconf 78' lang='grc' dir='ltr'>συναρπαο</span> 
     </span>
    </p>
   </div>
   <div class='ocr_carea' id='block_1_112' title="bbox 585 5735 2151 5804">
    <p class='ocr_par' dir='ltr' id='par_1_112' title="bbox 585 5735 2151 5804">
     <span class='ocr_line' id='line_1_112' title="bbox 585 5735 2151 5804; baseline -0.003 -13"><span class='ocrx_word' id='word_1_898' title='bbox 585 5735 790 5800; x_wconf 84' lang='grc' dir='ltr'>κτικῶς</span> <span class='ocrx_word' id='word_1_899' title='bbox 828 5747 954 5791; x_wconf 91' lang='lat' dir='ltr'><strong>tunc</strong></span> <span class='ocrx_word' id='word_1_900' title='bbox 995 5736 1260 5800; x_wconf 89' lang='lat' dir='ltr'><strong>adhiberi,</strong></span> <span class='ocrx_word' id='word_1_901' title='bbox 1308 5751 1430 5791; x_wconf 92' lang='lat' dir='ltr'><strong>cum</strong></span> <span class='ocrx_word' id='word_1_902' title='bbox 1476 5735 1676 5804; x_wconf 87' lang='lat' dir='ltr'><strong>aliquid</strong></span> <span class='ocrx_word' id='word_1_903' title='bbox 1707 5736 2021 5804; x_wconf 87' lang='lat' dir='ltr'><strong>subripitur,</strong></span> <span class='ocrx_word' id='word_1_904' title='bbox 2059 5742 2151 5786; x_wconf 91' lang='lat' dir='ltr'><strong>aut</strong></span> 
     </span>
    </p>
   </div>
   <div class='ocr_carea' id='block_1_113' title="bbox 588 5804 2150 5877">
    <p class='ocr_par' dir='ltr' id='par_1_113' title="bbox 588 5804 2150 5877">
     <span class='ocr_line' id='line_1_113' title="bbox 588 5804 2150 5877; baseline -0.003 -14"><span class='ocrx_word' id='word_1_905' title='bbox 588 5823 712 5863; x_wconf 86' lang='lat' dir='ltr'><strong>cum</strong></span> <span class='ocrx_word' id='word_1_906' title='bbox 743 5822 927 5864; x_wconf 85' lang='lat' dir='ltr'><strong>secum</strong></span> <span class='ocrx_word' id='word_1_907' title='bbox 960 5807 1124 5864; x_wconf 86' lang='lat' dir='ltr'><strong>trahit</strong></span> <span class='ocrx_word' id='word_1_908' title='bbox 1158 5805 1324 5877; x_wconf 83' lang='lat' dir='ltr'><strong>aliud,</strong></span> <span class='ocrx_word' id='word_1_909' title='bbox 1374 5814 1463 5862; x_wconf 85' lang='lat' dir='ltr'><strong>aut</strong></span> <span class='ocrx_word' id='word_1_910' title='bbox 1506 5822 1625 5861; x_wconf 90' lang='lat' dir='ltr'><strong>cum</strong></span> <span class='ocrx_word' id='word_1_911' title='bbox 1665 5805 1810 5874; x_wconf 83' lang='lat' dir='ltr'><strong>plura</strong></span> <span class='ocrx_word' id='word_1_912' title='bbox 1853 5805 2010 5861; x_wconf 87' lang='lat' dir='ltr'><strong>simul</strong></span> <span class='ocrx_word' id='word_1_913' title='bbox 2041 5804 2150 5860; x_wconf 86' lang='lat' dir='ltr'><strong>col-</strong></span> 
     </span>
    </p>
   </div>
   <div class='ocr_carea' id='block_1_114' title="bbox 2239 4602 3578 4680">
    <p class='ocr_par' dir='ltr' id='par_1_114' title="bbox 2239 4602 3578 4680">
     <span class='ocr_line' id='line_1_114' title="bbox 2239 4602 3578 4680; baseline -0.013 -12"><span class='ocrx_word' id='word_1_914' title='bbox 2239 4617 2384 4668; x_wconf 84' lang='lat' dir='ltr'><strong>tione</strong></span> <span class='ocrx_word' id='word_1_915' title='bbox 2411 4611 2645 4680; x_wconf 77' lang='lat' dir='ltr'><strong>generali</strong></span> <span class='ocrx_word' id='word_1_916' title='bbox 2679 4609 2862 4661; x_wconf 89' lang='lat' dir='ltr'><strong>omnia</strong></span> <span class='ocrx_word' id='word_1_917' title='bbox 2889 4602 3048 4680; x_wconf 76' lang='lat' dir='ltr'><strong>simul</strong></span> <span class='ocrx_word' id='word_1_918' title='bbox 3081 4602 3530 4680; x_wconf 62' lang='lat' dir='ltr'><strong>complectuntur:</strong></span> <span class='ocrx_word' id='word_1_919' title='bbox 3560 4619 3578 4651; x_wconf 84' lang='grc' dir='ltr'><strong>ι</strong></span> 
     </span>
    </p>
   </div>
   <div class='ocr_carea' id='block_1_115' title="bbox 2308 4667 3820 4793">
    <p class='ocr_par' dir='ltr' id='par_1_115' title="bbox 2308 4667 3820 4793">
     <span class='ocr_line' id='line_1_115' title="bbox 2308 4667 3820 4793; baseline -0.009 -58"><span class='ocrx_word' id='word_1_920' title='bbox 2308 4667 2439 4752; x_wconf 65' lang='grc' dir='ltr'><strong>(διῑ</strong></span> <span class='ocrx_word' id='word_1_921' title='bbox 2475 4679 2882 4735; x_wconf 79' lang='lat' dir='ltr'><strong>Similitudines.</strong></span> <span class='ocrx_word' id='word_1_922' title='bbox 2951 4675 3111 4757; x_wconf 43' lang='lat' dir='ltr'><strong>Lego,</strong></span> <span class='ocrx_word' id='word_1_923' title='bbox 3258 4669 3640 4793; x_wconf 48' lang='grc' dir='ltr'>ὁμοιολεξίαις.</span> <span class='ocrx_word' id='word_1_924' title='bbox 3684 4667 3820 4735; x_wconf 72' lang='lat' dir='ltr'><strong>Legi</strong></span> 
     </span>
     <span class='ocr_line' id='line_1_116' title="bbox 2317 4740 3819 4793; baseline 0 0"><span class='ocrx_word' id='word_1_925' title='bbox 2317 4769 2399 4793; x_wconf 71' lang='lat' dir='ltr'><strong>am</strong></span> <span class='ocrx_word' id='word_1_926' title='bbox 2463 4758 2640 4793; x_wconf 69' lang='grc' dir='ltr'>ηηιρςι</span> <span class='ocrx_word' id='word_1_927' title='bbox 2693 4748 2787 4793; x_wconf 70' lang='grc' dir='ltr'>καὶ</span> <span class='ocrx_word' id='word_1_928' title='bbox 2846 4741 3227 4793; x_wconf 54' lang='lat' dir='ltr'><strong>ammon-25mm.</strong></span> <span class='ocrx_word' id='word_1_929' title='bbox 3332 4740 3558 4793; x_wconf 88' lang='lat' dir='ltr'><strong>ocabulo</strong></span> <span class='ocrx_word' id='word_1_930' title='bbox 3627 4749 3819 4793; x_wconf 83' lang='lat' dir='ltr'><strong>autem</strong></span> 
     </span>
    </p>
   </div>
   <div class='ocr_carea' id='block_1_116' title="bbox 2237 4740 3819 4816">
    <p class='ocr_par' dir='ltr' id='par_1_116' title="bbox 2237 4740 3819 4816">
     <span class='ocr_line' id='line_1_117' title="bbox 2237 4740 3819 4816; baseline -0.008 -10"><span class='ocrx_word' id='word_1_931' title='bbox 2237 4740 2414 4806; x_wconf 65' lang='lat' dir='ltr'><strong>etiam&#39;</strong></span> <span class='ocrx_word' id='word_1_932' title='bbox 2463 4758 2640 4816; x_wconf 90' lang='lat' dir='ltr'><strong>potest</strong></span> <span class='ocrx_word' id='word_1_933' title='bbox 2693 4748 2787 4802; x_wconf 71' lang='grc' dir='ltr'>καὶ</span> <span class='ocrx_word' id='word_1_934' title='bbox 2846 4740 3227 4816; x_wconf 27' lang='grc' dir='ltr'>ὁμοιολεξ-ίαις.</span> <span class='ocrx_word' id='word_1_935' title='bbox 3289 4740 3558 4816; x_wconf 66' lang='lat' dir='ltr'><strong>vocabulo</strong></span> <span class='ocrx_word' id='word_1_936' title='bbox 3618 4749 3819 4816; x_wconf 61' lang='lat' dir='ltr'><strong>autem</strong></span> 
     </span>
    </p>
   </div>
   <div class='ocr_carea' id='block_1_117' title="bbox 2237 4809 3704 4893">
    <p class='ocr_par' dir='ltr' id='par_1_117' title="bbox 2237 4809 3704 4893">
     <span class='ocr_line' id='line_1_118' title="bbox 2237 4809 3704 4893; baseline -0.009 -19"><span class='ocrx_word' id='word_1_937' title='bbox 2237 4809 2541 4893; x_wconf 71' lang='grc' dir='ltr'>ὁμοιολεξία</span> <span class='ocrx_word' id='word_1_938' title='bbox 2575 4833 2708 4893; x_wconf 74' lang='lat' dir='ltr'><strong>usus</strong></span> <span class='ocrx_word' id='word_1_939' title='bbox 2729 4825 2811 4872; x_wconf 92' lang='lat' dir='ltr'><strong>est</strong></span> <span class='ocrx_word' id='word_1_940' title='bbox 2843 4809 3170 4893; x_wconf 64' lang='lat' dir='ltr'><strong>Athanasius</strong></span> <span class='ocrx_word' id='word_1_941' title='bbox 3198 4822 3331 4893; x_wconf 61' lang='grc' dir='ltr'><strong>ιςξιιιἔ</strong></span> <span class='ocrx_word' id='word_1_942' title='bbox 3361 4809 3704 4893; x_wconf 38' lang='lat' dir='ltr'><strong>ll‘,._p:ig..66.</strong></span> 
     </span>
    </p>
   </div>
   <div class='ocr_carea' id='block_1_118' title="bbox 2312 4877 3821 4963">
    <p class='ocr_par' dir='ltr' id='par_1_118' title="bbox 2312 4877 3821 4963">
     <span class='ocr_line' id='line_1_119' title="bbox 2312 4877 3821 4963; baseline -0.009 -17"><span class='ocrx_word' id='word_1_943' title='bbox 2312 4891 2424 4963; x_wconf 77' lang='lat'><strong>(5‘2)</strong></span> <span class='ocrx_word' id='word_1_944' title='bbox 2467 4877 2840 4963; x_wconf 37' lang='lat' dir='ltr'><strong>Unus‘Deus.‘</strong></span> <span class='ocrx_word' id='word_1_945' title='bbox 2902 4884 3142 4963; x_wconf 77' lang='lat' dir='ltr'><strong>Respicit</strong></span> <span class='ocrx_word' id='word_1_946' title='bbox 3199 4881 3327 4961; x_wconf 79' lang='lat' dir='ltr'><strong>illud</strong></span> <span class='ocrx_word' id='word_1_947' title='bbox 3398 4877 3598 4963; x_wconf 53' lang='lat' dir='ltr'><strong>Christi</strong></span> <span class='ocrx_word' id='word_1_948' title='bbox 3673 4877 3821 4948; x_wconf 80' lang='lat' dir='ltr'><strong>apud</strong></span> 
     </span>
    </p>
   </div>
   <div class='ocr_carea' id='block_1_119' title="bbox 2244 4948 3740 5024">
    <p class='ocr_par' dir='ltr' id='par_1_119' title="bbox 2244 4948 3740 5024">
     <span class='ocr_line' id='line_1_120' title="bbox 2244 4948 3740 5024; baseline -0.012 -8"><span class='ocrx_word' id='word_1_949' title='bbox 2244 4948 2478 5016; x_wconf 56' lang='lat' dir='ltr'><strong>Ma‘rcum</strong></span> <span class='ocrx_word' id='word_1_950' title='bbox 2511 4975 2564 5024; x_wconf 73' lang='grc' dir='ltr'><strong>ι,</strong></span> <span class='ocrx_word' id='word_1_951' title='bbox 2595 4959 2662 5014; x_wconf 80' lang='lat' dir='ltr'><strong>l8</strong></span> <span class='ocrx_word' id='word_1_952' title='bbox 2692 4976 2704 5012; x_wconf 83' lang='lat'><strong><em>:</em></strong></span> <span class='ocrx_word' id='word_1_953' title='bbox 2751 4975 2768 5008; x_wconf 79' lang='grc' dir='ltr'><strong>ι</strong></span> <span class='ocrx_word' id='word_1_954' title='bbox 2799 4955 2967 5009; x_wconf 88' lang='lat' dir='ltr'><strong>Nemo</strong></span> <span class='ocrx_word' id='word_1_955' title='bbox 3001 4948 3193 5024; x_wconf 83' lang='lat' dir='ltr'><strong>bonus,</strong></span> <span class='ocrx_word' id='word_1_956' title='bbox 3224 4950 3322 5005; x_wconf 89' lang='lat' dir='ltr'><strong>nisi</strong></span> <span class='ocrx_word' id='word_1_957' title='bbox 3360 4965 3497 5004; x_wconf 90' lang='lat' dir='ltr'><strong>unus</strong></span> <span class='ocrx_word' id='word_1_958' title='bbox 3527 4948 3692 5005; x_wconf 89' lang='lat' dir='ltr'><strong>Deus.</strong></span> <span class='ocrx_word' id='word_1_959' title='bbox 3721 4968 3740 4998; x_wconf 73' lang='grc' dir='ltr'><strong>ι</strong></span> 
     </span>
    </p>
   </div>
   <div class='ocr_carea' id='block_1_120' title="bbox 2311 5019 3166 5100">
    <p class='ocr_par' dir='ltr' id='par_1_120' title="bbox 2311 5019 3166 5100">
     <span class='ocr_line' id='line_1_121' title="bbox 2311 5019 3166 5100; baseline -0.018 -14"><span class='ocrx_word' id='word_1_960' title='bbox 2311 5031 2424 5100; x_wconf 79' lang='grc'>(55)</span> <span class='ocrx_word' id='word_1_961' title='bbox 2465 5019 2718 5100; x_wconf 59' lang='lat' dir='ltr'><strong>Benefac.</strong></span> <span class='ocrx_word' id='word_1_962' title='bbox 2732 5026 2880 5100; x_wconf 79' lang='lat' dir='ltr'><strong>_Psa_l.</strong></span> <span class='ocrx_word' id='word_1_963' title='bbox 2903 5038 3084 5086; x_wconf 75' lang='lat' dir='ltr'><strong>cxxw,</strong></span> <span class='ocrx_word' id='word_1_964' title='bbox 3107 5019 3166 5100; x_wconf 48' lang='lat' dir='ltr'><strong>il:</strong></span> 
     </span>
    </p>
   </div>
   <div class='ocr_carea' id='block_1_121' title="bbox 2313 5087 3822 5171">
    <p class='ocr_par' dir='ltr' id='par_1_121' title="bbox 2313 5087 3822 5171">
     <span class='ocr_line' id='line_1_122' title="bbox 2313 5087 3822 5171; baseline -0.01 -18"><span class='ocrx_word' id='word_1_965' title='bbox 2467 5087 2664 5171; x_wconf 22' lang='lat' dir='ltr'><strong>Bkonuis.</strong></span> <span class='ocrx_word' id='word_1_966' title='bbox 2702 5095 2891 5171; x_wconf 68' lang='lat' dir='ltr'><strong>Matth.</strong></span> <span class='ocrx_word' id='word_1_967' title='bbox 2943 5091 3196 5171; x_wconf 66' lang='grc' dir='ltr'>χιι</span> <span class='ocrx_word' id='word_1_968' title='bbox 3247 5089 3432 5171; x_wconf 74' lang='lat' dir='ltr'><strong>Grteca</strong></span> <span class='ocrx_word' id='word_1_969' title='bbox 3474 5093 3564 5171; x_wconf 61' lang='grc' dir='ltr'><strong>ςςι.</strong></span> <span class='ocrx_word' id='word_1_970' title='bbox 3604 5087 3822 5171; x_wconf 45' lang='grc' dir='ltr'>μείξει-ε</span> 
     </span>
    </p>
   </div>
   <div class='ocr_carea' id='block_1_122' title="bbox 2242 5155 3826 5250">
    <p class='ocr_par' dir='ltr' id='par_1_122' title="bbox 2242 5155 3826 5250">
     <span class='ocr_line' id='line_1_123' title="bbox 2242 5155 3826 5250; baseline -0.011 -26"><span class='ocrx_word' id='word_1_971' title='bbox 2242 5155 2527 5250; x_wconf 32' lang='grc' dir='ltr'>ΘηΧσαύροῦ</span> <span class='ocrx_word' id='word_1_972' title='bbox 2570 5169 2683 5250; x_wconf 30' lang='grc' dir='ltr'>τῆς.</span> <span class='ocrx_word' id='word_1_973' title='bbox 2707 5159 3218 5250; x_wconf 45' lang='grc' dir='ltr'>καρδίαςρκϐάλλὶει</span> <span class='ocrx_word' id='word_1_974' title='bbox 3250 5161 3319 5241; x_wconf 56' lang='grc' dir='ltr'><strong>τα</strong></span> <span class='ocrx_word' id='word_1_975' title='bbox 3361 5157 3562 5250; x_wconf 73' lang='grc' dir='ltr'>ἀγαθά.</span> <span class='ocrx_word' id='word_1_976' title='bbox 3592 5155 3826 5250; x_wconf 42' lang='lat' dir='ltr'><strong>litin-lt</strong></span> 
     </span>
    </p>
   </div>
   <div class='ocr_carea' id='block_1_123' title="bbox 2245 5230 3826 5311">
    <p class='ocr_par' dir='ltr' id='par_1_123' title="bbox 2245 5230 3826 5311">
     <span class='ocr_line' id='line_1_124' title="bbox 2245 5230 3826 5311; baseline -0.01 -16"><span class='ocrx_word' id='word_1_977' title='bbox 2245 5230 2400 5311; x_wconf 56' lang='lat' dir='ltr'><strong>ga&#39;tus</strong></span> <span class='ocrx_word' id='word_1_978' title='bbox 2437 5230 2537 5311; x_wconf 79' lang='lat' dir='ltr'><strong>int.</strong></span> <span class='ocrx_word' id='word_1_979' title='bbox 2579 5230 2734 5311; x_wconf 68' lang='lat' dir='ltr'><strong>legit,</strong></span> <span class='ocrx_word' id='word_1_980' title='bbox 2768 5230 2826 5288; x_wconf 84' lang='lat' dir='ltr'><strong>ut</strong></span> <span class='ocrx_word' id='word_1_981' title='bbox 2864 5231 3262 5311; x_wconf 51' lang='lat' dir='ltr'><strong>Didymusnhoc</strong></span> <span class='ocrx_word' id='word_1_982' title='bbox 3297 5231 3356 5311; x_wconf 76' lang='lat' dir='ltr'><strong>in</strong></span> <span class='ocrx_word' id='word_1_983' title='bbox 3410 5230 3561 5311; x_wconf 81' lang='lat' dir='ltr'><strong>loco:</strong></span> <span class='ocrx_word' id='word_1_984' title='bbox 3595 5237 3826 5311; x_wconf 69' lang='lat' dir='ltr'><strong>uterque</strong></span> 
     </span>
    </p>
   </div>
   <div class='ocr_carea' id='block_1_124' title="bbox 2245 5299 3828 5374">
    <p class='ocr_par' dir='ltr' id='par_1_124' title="bbox 2245 5299 3828 5374">
     <span class='ocr_line' id='line_1_125' title="bbox 2245 5299 3828 5374; baseline -0.011 -10"><span class='ocrx_word' id='word_1_985' title='bbox 2245 5299 2386 5364; x_wconf 61' lang='lat' dir='ltr'><strong>cnim</strong></span> <span class='ocrx_word' id='word_1_986' title='bbox 2416 5299 2841 5364; x_wconf 52' lang='lat' dir='ltr'><strong>omittit&#39;notnen</strong></span> <span class='ocrx_word' id='word_1_987' title='bbox 2884 5299 2982 5374; x_wconf 79' lang='grc' dir='ltr'>τῆς</span> <span class='ocrx_word' id='word_1_988' title='bbox 3012 5299 3264 5372; x_wconf 73' lang='grc' dir='ltr'>καρδίας,</span> <span class='ocrx_word' id='word_1_989' title='bbox 3297 5300 3349 5354; x_wconf 92' lang='lat' dir='ltr'><strong>id</strong></span> <span class='ocrx_word' id='word_1_990' title='bbox 3385 5307 3468 5352; x_wconf 84' lang='lat' dir='ltr'><strong>est</strong></span> <span class='ocrx_word' id='word_1_991' title='bbox 3501 5315 3520 5348; x_wconf 77' lang='grc' dir='ltr'><strong>ι</strong></span> <span class='ocrx_word' id='word_1_992' title='bbox 3553 5299 3764 5352; x_wconf 81' lang='lat' dir='ltr'><strong>cordis.</strong></span> <span class='ocrx_word' id='word_1_993' title='bbox 3801 5315 3828 5347; x_wconf 64' lang='grc' dir='ltr'><strong>ι</strong></span> 
     </span>
    </p>
   </div>
   <div class='ocr_carea' id='block_1_125' title="bbox 2246 5373 2962 5447">
    <p class='ocr_par' dir='ltr' id='par_1_125' title="bbox 2246 5373 2962 5447">
     <span class='ocr_line' id='line_1_126' title="bbox 2246 5373 2962 5447; baseline -0.013 -13"><span class='ocrx_word' id='word_1_994' title='bbox 2246 5379 2382 5434; x_wconf 80' lang='lat' dir='ltr'><strong>Vide</strong></span> <span class='ocrx_word' id='word_1_995' title='bbox 2415 5390 2592 5447; x_wconf 87' lang='lat' dir='ltr'><strong>tamen</strong></span> <span class='ocrx_word' id='word_1_996' title='bbox 2621 5373 2962 5447; x_wconf 66' lang='lat' dir='ltr'><strong>segm.72_b.</strong></span> 
     </span>
    </p>
   </div>
   <div class='ocr_carea' id='block_1_126' title="bbox 2319 5434 3832 5519">
    <p class='ocr_par' dir='ltr' id='par_1_126' title="bbox 2319 5434 3832 5519">
     <span class='ocr_line' id='line_1_127' title="bbox 2319 5434 3832 5519; baseline -0.01 -15"><span class='ocrx_word' id='word_1_997' title='bbox 2319 5449 2431 5519; x_wconf 88' lang='grc'>(55)</span> <span class='ocrx_word' id='word_1_998' title='bbox 2458 5446 2531 5519; x_wconf 67' lang='lat' dir='ltr'><strong>Si</strong></span> <span class='ocrx_word' id='word_1_999' title='bbox 2569 5434 2854 5519; x_wconf 55' lang='lat' dir='ltr'><strong>uolueritis.</strong></span> <span class='ocrx_word' id='word_1_1000' title='bbox 2893 5445 2994 5498; x_wconf 90' lang='lat' dir='ltr'><strong>lsa.</strong></span> <span class='ocrx_word' id='word_1_1001' title='bbox 3024 5457 3066 5508; x_wconf 86' lang='grc' dir='ltr'><strong>ι,</strong></span> <span class='ocrx_word' id='word_1_1002' title='bbox 3099 5439 3185 5496; x_wconf 83' lang='lat' dir='ltr'><strong>l9.</strong></span> <span class='ocrx_word' id='word_1_1003' title='bbox 3223 5437 3495 5508; x_wconf 87' lang='lat' dir='ltr'><strong>Complut.</strong></span> <span class='ocrx_word' id='word_1_1004' title='bbox 3537 5435 3627 5493; x_wconf 89' lang='lat' dir='ltr'><strong>ed.</strong></span> <span class='ocrx_word' id='word_1_1005' title='bbox 3660 5434 3832 5491; x_wconf 80' lang='lat' dir='ltr'><strong>habet</strong></span> 
     </span>
    </p>
   </div>
   <div class='ocr_carea' id='block_1_127' title="bbox 2248 5516 2762 5589">
    <p class='ocr_par' dir='ltr' id='par_1_127' title="bbox 2248 5516 2762 5589">
     <span class='ocr_line' id='line_1_128' title="bbox 2248 5516 2762 5589; baseline -0.014 -15"><span class='ocrx_word' id='word_1_1006' title='bbox 2248 5516 2608 5589; x_wconf 77' lang='grc' dir='ltr'>εἰσακούσητέ</span> <span class='ocrx_word' id='word_1_1007' title='bbox 2640 5533 2762 5589; x_wconf 49' lang='grc' dir='ltr'>μου,</span> 
     </span>
    </p>
   </div>
   <div class='ocr_carea' id='block_1_128' title="bbox 2321 5581 3079 5661">
    <p class='ocr_par' dir='ltr' id='par_1_128' title="bbox 2321 5581 3079 5661">
     <span class='ocr_line' id='line_1_129' title="bbox 2321 5581 3079 5661; baseline -0.011 -19"><span class='ocrx_word' id='word_1_1008' title='bbox 2321 5589 2432 5661; x_wconf 73' lang='grc'>(56)</span> <span class='ocrx_word' id='word_1_1009' title='bbox 2472 5581 2870 5661; x_wconf 58' lang='lat' dir='ltr'><strong>Q6nmit._l’sal.</strong></span> <span class='ocrx_word' id='word_1_1010' title='bbox 2895 5581 3079 5661; x_wconf 76' lang='lat' dir='ltr'><strong>xor,_l.</strong></span> 
     </span>
    </p>
   </div>
   <div class='ocr_carea' id='block_1_129' title="bbox 2322 5651 3041 5724">
    <p class='ocr_par' dir='ltr' id='par_1_129' title="bbox 2322 5651 3041 5724">
     <span class='ocr_line' id='line_1_130' title="bbox 2322 5651 3041 5724; baseline -0.01 -13"><span class='ocrx_word' id='word_1_1011' title='bbox 2322 5651 2432 5724; x_wconf 81' lang='grc'>(57)</span> <span class='ocrx_word' id='word_1_1012' title='bbox 2472 5656 2672 5710; x_wconf 84' lang='lat' dir='ltr'><strong>Eruca.</strong></span> <span class='ocrx_word' id='word_1_1013' title='bbox 2704 5654 2838 5710; x_wconf 83' lang='lat' dir='ltr'><strong>Joel.</strong></span> <span class='ocrx_word' id='word_1_1014' title='bbox 2865 5668 2924 5716; x_wconf 88' lang='grc' dir='ltr'><strong>ιι,</strong></span> <span class='ocrx_word' id='word_1_1015' title='bbox 2952 5651 3041 5724; x_wconf 62' lang='grc'><strong>25.</strong></span> 
     </span>
    </p>
   </div>
   <div class='ocr_carea' id='block_1_130' title="bbox 2326 5717 3305 5800">
    <p class='ocr_par' dir='ltr' id='par_1_130' title="bbox 2326 5717 3305 5800">
     <span class='ocr_line' id='line_1_131' title="bbox 2326 5717 3305 5800; baseline -0.01 -18"><span class='ocrx_word' id='word_1_1016' title='bbox 2478 5728 2803 5800; x_wconf 50' lang='lat' dir='ltr'><strong>ljotestates.</strong></span> <span class='ocrx_word' id='word_1_1017' title='bbox 2823 5723 3010 5800; x_wconf 66' lang='lat' dir='ltr'><strong>Matth.</strong></span> <span class='ocrx_word' id='word_1_1018' title='bbox 3038 5735 3198 5800; x_wconf 46' lang='lat' dir='ltr'><strong>xxrv,‘</strong></span> <span class='ocrx_word' id='word_1_1019' title='bbox 3212 5717 3305 5774; x_wconf 78' lang='lat'><strong>‘29.</strong></span> 
     </span>
    </p>
   </div>
   <div class='ocr_carea' id='block_1_131' title="bbox 2329 5790 3222 5871">
    <p class='ocr_par' dir='ltr' id='par_1_131' title="bbox 2329 5790 3222 5871">
     <span class='ocr_line' id='line_1_132' title="bbox 2329 5790 3222 5871; baseline -0.013 -17"><span class='ocrx_word' id='word_1_1020' title='bbox 2329 5790 2441 5871; x_wconf 79' lang='grc'>(59)</span> <span class='ocrx_word' id='word_1_1021' title='bbox 2485 5797 2729 5867; x_wconf 77' lang='lat' dir='ltr'><strong>Spiritus.</strong></span> <span class='ocrx_word' id='word_1_1022' title='bbox 2772 5792 2909 5848; x_wconf 81' lang='lat' dir='ltr'><strong>l‘sal.</strong></span> <span class='ocrx_word' id='word_1_1023' title='bbox 2939 5806 3105 5857; x_wconf 75' lang='lat' dir='ltr'><strong>exul,</strong></span> <span class='ocrx_word' id='word_1_1024' title='bbox 3137 5790 3222 5843; x_wconf 85' lang='lat' dir='ltr'><strong>l0.</strong></span> 
     </span>
    </p>
   </div>
  </div>
