  <div class='ocr_page' id='page_1' title='image "/cluster/home/n/w/nwhite01/storage/ocr_20150623/39/hvd.32044037979440/250.png"; bbox 0 0 4104 6408; ppageno 0'>
   <div class='ocr_carea' id='block_1_1' title="bbox 307 333 417 389">
    <p class='ocr_par' dir='ltr' id='par_1_1' title="bbox 307 333 417 389">
     <span class='ocr_line' id='line_1_1' title="bbox 307 333 417 389; baseline -0.009 0"><span class='ocrx_word' id='word_1_1' title='bbox 307 333 417 389; x_wconf 78' lang='grc' dir='ltr'><strong>ιτι</strong></span> 
     </span>
    </p>
   </div>
   <div class='ocr_carea' id='block_1_2' title="bbox 1327 340 2492 401">
    <p class='ocr_par' dir='ltr' id='par_1_2' title="bbox 1327 340 2492 401">
     <span class='ocr_line' id='line_1_2' title="bbox 1327 340 2492 401; baseline 0.004 -7"><span class='ocrx_word' id='word_1_2' title='bbox 1327 340 1416 396; x_wconf 87' lang='lat' dir='ltr'><strong>DE</strong></span> <span class='ocrx_word' id='word_1_3' title='bbox 1454 341 1826 401; x_wconf 81' lang='lat' dir='ltr'><strong>TRINITATE</strong></span> <span class='ocrx_word' id='word_1_4' title='bbox 1862 341 2070 400; x_wconf 80' lang='lat' dir='ltr'><strong>LIBER</strong></span> <span class='ocrx_word' id='word_1_5' title='bbox 2110 340 2492 400; x_wconf 84' lang='lat' dir='ltr'><strong>SECUNDUS.</strong></span> 
     </span>
    </p>
   </div>
   <div class='ocr_carea' id='block_1_3' title="bbox 3437 347 3544 404">
    <p class='ocr_par' dir='ltr' id='par_1_3' title="bbox 3437 347 3544 404">
     <span class='ocr_line' id='line_1_3' title="bbox 3437 347 3544 404; baseline 0.009 -1"><span class='ocrx_word' id='word_1_6' title='bbox 3437 347 3544 404; x_wconf 68' lang='grc'><strong>478</strong></span> 
     </span>
    </p>
   </div>
   <div class='ocr_carea' id='block_1_4' title="bbox 303 449 1876 535">
    <p class='ocr_par' dir='ltr' id='par_1_4' title="bbox 303 449 1838 529">
     <span class='ocr_line' id='line_1_4' title="bbox 303 449 1838 529; baseline 0.01 -26"><span class='ocrx_word' id='word_1_7' title='bbox 303 449 586 521; x_wconf 77' lang='grc' dir='ltr'>δυνάμεως</span> <span class='ocrx_word' id='word_1_8' title='bbox 610 451 704 506; x_wconf 75' lang='grc' dir='ltr'>καὶ</span> <span class='ocrx_word' id='word_1_9' title='bbox 730 451 1029 526; x_wconf 78' lang='grc' dir='ltr'><strong>ἀγιασμοῦ.</strong></span> <span class='ocrx_word' id='word_1_10' title='bbox 1064 453 1201 510; x_wconf 81' lang='grc' dir='ltr'>Οὐδὲ</span> <span class='ocrx_word' id='word_1_11' title='bbox 1228 455 1337 529; x_wconf 76' lang='grc' dir='ltr'>γὰρ</span> <span class='ocrx_word' id='word_1_12' title='bbox 1382 459 1544 528; x_wconf 82' lang='grc' dir='ltr'>φύσει</span> <span class='ocrx_word' id='word_1_13' title='bbox 1569 461 1744 517; x_wconf 79' lang='grc' dir='ltr'>ταῦτα</span> <span class='ocrx_word' id='word_1_14' title='bbox 1766 481 1838 518; x_wconf 86' lang='grc' dir='ltr'><strong>κα</strong></span> 
     </span>
    </p>
   </div>
   <div class='ocr_carea' id='block_1_5' title="bbox 1981 449 3545 535">
    <p class='ocr_par' dir='ltr' id='par_1_5' title="bbox 1981 462 3545 535">
     <span class='ocr_line' id='line_1_5' title="bbox 1981 462 3545 535; baseline 0.002 -17"><span class='ocrx_word' id='word_1_15' title='bbox 1981 471 2082 528; x_wconf 87' lang='grc' dir='ltr'>εει,</span> <span class='ocrx_word' id='word_1_16' title='bbox 2133 476 2253 532; x_wconf 73' lang='lat' dir='ltr'><strong>quae</strong></span> <span class='ocrx_word' id='word_1_17' title='bbox 2303 462 2626 531; x_wconf 86' lang='lat' dir='ltr'><strong>bomonyme</strong></span> <span class='ocrx_word' id='word_1_18' title='bbox 2691 469 2785 515; x_wconf 85' lang='lat' dir='ltr'><strong>aut</strong></span> <span class='ocrx_word' id='word_1_19' title='bbox 2848 474 3166 532; x_wconf 85' lang='lat' dir='ltr'><strong>synonyme,</strong></span> <span class='ocrx_word' id='word_1_20' title='bbox 3215 471 3274 518; x_wconf 87' lang='lat' dir='ltr'><strong>et</strong></span> <span class='ocrx_word' id='word_1_21' title='bbox 3319 477 3419 535; x_wconf 85' lang='lat' dir='ltr'><strong>per</strong></span> <span class='ocrx_word' id='word_1_22' title='bbox 3461 466 3545 522; x_wconf 88' lang='lat' dir='ltr'><strong>lo-</strong></span> 
     </span>
    </p>
   </div>
   <div class='ocr_carea' id='block_1_6' title="bbox 306 541 1882 618">
    <p class='ocr_par' dir='ltr' id='par_1_6' title="bbox 306 541 1882 618">
     <span class='ocr_line' id='line_1_6' title="bbox 306 541 1882 618; baseline 0.009 -23"><span class='ocrx_word' id='word_1_23' title='bbox 306 541 457 607; x_wconf 63' lang='grc' dir='ltr'>ἅπαξ</span> <span class='ocrx_word' id='word_1_24' title='bbox 498 543 836 616; x_wconf 65' lang='grc' dir='ltr'><strong>ὑπάρχουσιν</strong></span> <span class='ocrx_word' id='word_1_25' title='bbox 879 545 1021 600; x_wconf 85' lang='grc' dir='ltr'>κατὰ</span> <span class='ocrx_word' id='word_1_26' title='bbox 1060 547 1348 618; x_wconf 78' lang='grc' dir='ltr'><strong>σύγκρισιν</strong></span> <span class='ocrx_word' id='word_1_27' title='bbox 1387 549 1444 602; x_wconf 85' lang='grc' dir='ltr'>δὲ</span> <span class='ocrx_word' id='word_1_28' title='bbox 1481 551 1574 605; x_wconf 88' lang='grc' dir='ltr'>τοῦ</span> <span class='ocrx_word' id='word_1_29' title='bbox 1615 554 1784 608; x_wconf 87' lang='grc' dir='ltr'>κακοῦ</span> <span class='ocrx_word' id='word_1_30' title='bbox 1819 555 1882 608; x_wconf 85' lang='grc' dir='ltr'><strong>τὸ</strong></span> 
     </span>
    </p>
   </div>
   <div class='ocr_carea' id='block_1_7' title="bbox 291 634 1880 711">
    <p class='ocr_par' dir='ltr' id='par_1_7' title="bbox 291 634 1880 711">
     <span class='ocr_line' id='line_1_7' title="bbox 291 634 1880 711; baseline 0.008 -25"><span class='ocrx_word' id='word_1_31' title='bbox 291 634 529 704; x_wconf 79' lang='grc' dir='ltr'><strong>¹ἀγαθὸν,</strong></span> <span class='ocrx_word' id='word_1_32' title='bbox 560 635 654 689; x_wconf 83' lang='grc' dir='ltr'>καὶ</span> <span class='ocrx_word' id='word_1_33' title='bbox 679 635 774 688; x_wconf 86' lang='grc' dir='ltr'>τοῦ</span> <span class='ocrx_word' id='word_1_34' title='bbox 803 637 1216 710; x_wconf 79' lang='grc' dir='ltr'><strong>ἁμαρτήματος,</strong></span> <span class='ocrx_word' id='word_1_35' title='bbox 1250 640 1414 711; x_wconf 74' lang='grc' dir='ltr'>ἧτουν</span> <span class='ocrx_word' id='word_1_36' title='bbox 1438 641 1531 695; x_wconf 89' lang='grc' dir='ltr'>τοῦ</span> <span class='ocrx_word' id='word_1_37' title='bbox 1560 643 1788 708; x_wconf 86' lang='grc' dir='ltr'>πάθους,</span> <span class='ocrx_word' id='word_1_38' title='bbox 1815 645 1880 697; x_wconf 85' lang='grc' dir='ltr'><strong>τὸ</strong></span> 
     </span>
    </p>
   </div>
   <div class='ocr_carea' id='block_1_8' title="bbox 303 726 1877 806">
    <p class='ocr_par' dir='ltr' id='par_1_8' title="bbox 303 726 1877 806">
     <span class='ocr_line' id='line_1_8' title="bbox 303 726 1877 806; baseline 0.006 -27"><span class='ocrx_word' id='word_1_39' title='bbox 303 727 461 794; x_wconf 82' lang='grc' dir='ltr'>ἆγιον</span> <span class='ocrx_word' id='word_1_40' title='bbox 495 726 753 781; x_wconf 83' lang='grc' dir='ltr'>τέτακται</span> <span class='ocrx_word' id='word_1_41' title='bbox 771 745 786 758; x_wconf 73' lang='grc' dir='ltr'>ο</span> <span class='ocrx_word' id='word_1_42' title='bbox 820 729 880 782; x_wconf 80' lang='grc' dir='ltr'><strong>τὸ</strong></span> <span class='ocrx_word' id='word_1_43' title='bbox 905 729 1015 800; x_wconf 85' lang='grc' dir='ltr'>γὰρ</span> <span class='ocrx_word' id='word_1_44' title='bbox 1056 728 1131 801; x_wconf 83' lang='grc' dir='ltr'>μὴ</span> <span class='ocrx_word' id='word_1_45' title='bbox 1162 730 1280 785; x_wconf 89' lang='grc' dir='ltr'>λίαν</span> <span class='ocrx_word' id='word_1_46' title='bbox 1305 733 1472 785; x_wconf 77' lang='grc' dir='ltr'>κακὸν</span> <span class='ocrx_word' id='word_1_47' title='bbox 1502 734 1593 786; x_wconf 79' lang='grc' dir='ltr'>καὶ</span> <span class='ocrx_word' id='word_1_48' title='bbox 1619 735 1877 806; x_wconf 84' lang='grc' dir='ltr'>ἁμαρτω-</span> 
     </span>
    </p>
   </div>
   <div class='ocr_carea' id='block_1_9' title="bbox 295 817 1874 898">
    <p class='ocr_par' dir='ltr' id='par_1_9' title="bbox 295 817 1874 898">
     <span class='ocr_line' id='line_1_9' title="bbox 295 817 1874 898; baseline 0.006 -29"><span class='ocrx_word' id='word_1_49' title='bbox 295 817 416 881; x_wconf 69' lang='grc' dir='ltr'>λὸν,</span> <span class='ocrx_word' id='word_1_50' title='bbox 446 818 607 888; x_wconf 73' lang='grc' dir='ltr'>ήτουν</span> <span class='ocrx_word' id='word_1_51' title='bbox 642 818 905 888; x_wconf 75' lang='grc' dir='ltr'>ἐμπαθὲς,</span> <span class='ocrx_word' id='word_1_52' title='bbox 934 820 1134 888; x_wconf 80' lang='grc' dir='ltr'>ἀγαθὸν</span> <span class='ocrx_word' id='word_1_53' title='bbox 1160 823 1253 875; x_wconf 72' lang='grc' dir='ltr'>καὶ</span> <span class='ocrx_word' id='word_1_54' title='bbox 1302 821 1456 891; x_wconf 83' lang='grc' dir='ltr'>ἆγιον</span> <span class='ocrx_word' id='word_1_55' title='bbox 1483 823 1669 878; x_wconf 79' lang='grc' dir='ltr'>ἐνθάδε</span> <span class='ocrx_word' id='word_1_56' title='bbox 1705 842 1874 898; x_wconf 81' lang='grc' dir='ltr'>προσ-</span> 
     </span>
    </p>
   </div>
   <div class='ocr_carea' id='block_1_10' title="bbox 298 908 1880 984">
    <p class='ocr_par' dir='ltr' id='par_1_10' title="bbox 298 908 1880 984">
     <span class='ocr_line' id='line_1_10' title="bbox 298 908 1880 984; baseline 0.004 -24"><span class='ocrx_word' id='word_1_57' title='bbox 298 909 542 980; x_wconf 78' lang='grc' dir='ltr'>είρηται.</span> <span class='ocrx_word' id='word_1_58' title='bbox 582 908 671 972; x_wconf 79' lang='grc' dir='ltr'>Ὠς</span> <span class='ocrx_word' id='word_1_59' title='bbox 721 909 832 981; x_wconf 80' lang='grc' dir='ltr'><strong>γὰρ</strong></span> <span class='ocrx_word' id='word_1_60' title='bbox 873 911 1042 964; x_wconf 88' lang='grc' dir='ltr'>κακία</span> <span class='ocrx_word' id='word_1_61' title='bbox 1089 910 1184 964; x_wconf 72' lang='grc' dir='ltr'>καὶ</span> <span class='ocrx_word' id='word_1_62' title='bbox 1228 911 1494 983; x_wconf 86' lang='grc' dir='ltr'>ἁμαρτία,</span> <span class='ocrx_word' id='word_1_63' title='bbox 1523 913 1684 984; x_wconf 78' lang='grc' dir='ltr'>ἧτουν</span> <span class='ocrx_word' id='word_1_64' title='bbox 1710 913 1880 978; x_wconf 82' lang='grc' dir='ltr'>πάθος</span> 
     </span>
    </p>
   </div>
   <div class='ocr_carea' id='block_1_11' title="bbox 301 997 1880 1074">
    <p class='ocr_par' dir='ltr' id='par_1_11' title="bbox 301 997 1880 1074">
     <span class='ocr_line' id='line_1_11' title="bbox 301 997 1880 1074; baseline 0.004 -23"><span class='ocrx_word' id='word_1_65' title='bbox 301 999 405 1052; x_wconf 70' lang='grc' dir='ltr'>καὶ</span> <span class='ocrx_word' id='word_1_66' title='bbox 435 998 700 1070; x_wconf 75' lang='grc' dir='ltr'><strong>ἀδυναμία</strong></span> <span class='ocrx_word' id='word_1_67' title='bbox 745 997 914 1072; x_wconf 86' lang='lat' dir='ltr'><strong>[58a]</strong></span> <span class='ocrx_word' id='word_1_68' title='bbox 934 1044 946 1062; x_wconf 82' lang='grc'><strong>,</strong></span> <span class='ocrx_word' id='word_1_69' title='bbox 978 1002 1035 1053; x_wconf 80' lang='grc' dir='ltr'>ὲν</span> <span class='ocrx_word' id='word_1_70' title='bbox 1073 999 1150 1070; x_wconf 85' lang='grc' dir='ltr'><strong>τῷ</strong></span> <span class='ocrx_word' id='word_1_71' title='bbox 1181 1001 1262 1054; x_wconf 75' lang='grc' dir='ltr'><strong>ἑνὶ</strong></span> <span class='ocrx_word' id='word_1_72' title='bbox 1295 1001 1436 1073; x_wconf 85' lang='grc' dir='ltr'>ἁγίῳ</span> <span class='ocrx_word' id='word_1_73' title='bbox 1478 1002 1755 1074; x_wconf 82' lang='grc' dir='ltr'>Πνεύματι</span> <span class='ocrx_word' id='word_1_74' title='bbox 1782 1003 1880 1074; x_wconf 81' lang='grc' dir='ltr'><strong>οὐχ</strong></span> 
     </span>
    </p>
   </div>
   <div class='ocr_carea' id='block_1_12' title="bbox 300 1090 1878 1164">
    <p class='ocr_par' dir='ltr' id='par_1_12' title="bbox 300 1090 1878 1164">
     <span class='ocr_line' id='line_1_12' title="bbox 300 1090 1878 1164; baseline 0.003 -22"><span class='ocrx_word' id='word_1_75' title='bbox 300 1090 640 1161; x_wconf 81' lang='grc' dir='ltr'>εὑρίσκεται,</span> <span class='ocrx_word' id='word_1_76' title='bbox 675 1090 772 1144; x_wconf 81' lang='grc' dir='ltr'><strong>ἆτε</strong></span> <span class='ocrx_word' id='word_1_77' title='bbox 805 1092 1054 1162; x_wconf 84' lang='grc' dir='ltr'><strong>ἀγενήτῳ</strong></span> <span class='ocrx_word' id='word_1_78' title='bbox 1074 1110 1087 1122; x_wconf 89' lang='grc'><strong>·</strong></span> <span class='ocrx_word' id='word_1_79' title='bbox 1121 1092 1294 1156; x_wconf 78' lang='grc' dir='ltr'>οὕτως</span> <span class='ocrx_word' id='word_1_80' title='bbox 1343 1095 1401 1147; x_wconf 79' lang='grc' dir='ltr'>ἐν</span> <span class='ocrx_word' id='word_1_81' title='bbox 1445 1094 1620 1149; x_wconf 83' lang='grc' dir='ltr'>οὐδενὶ</span> <span class='ocrx_word' id='word_1_82' title='bbox 1647 1095 1756 1149; x_wconf 85' lang='grc' dir='ltr'><strong>τῶν</strong></span> <span class='ocrx_word' id='word_1_83' title='bbox 1781 1111 1878 1164; x_wconf 85' lang='grc' dir='ltr'><strong>γε-</strong></span> 
     </span>
    </p>
   </div>
   <div class='ocr_carea' id='block_1_13' title="bbox 303 1183 1875 1254">
    <p class='ocr_par' dir='ltr' id='par_1_13' title="bbox 303 1183 1875 1254">
     <span class='ocr_line' id='line_1_13' title="bbox 303 1183 1875 1254; baseline 0.003 -18"><span class='ocrx_word' id='word_1_84' title='bbox 303 1185 507 1254; x_wconf 80' lang='grc' dir='ltr'>νητῶν,</span> <span class='ocrx_word' id='word_1_85' title='bbox 534 1185 590 1237; x_wconf 81' lang='grc' dir='ltr'>τὸ</span> <span class='ocrx_word' id='word_1_86' title='bbox 614 1183 819 1252; x_wconf 80' lang='grc' dir='ltr'>ἀγαθὸν</span> <span class='ocrx_word' id='word_1_87' title='bbox 846 1184 940 1238; x_wconf 68' lang='lat' dir='ltr'><strong>xci.</strong></span> <span class='ocrx_word' id='word_1_88' title='bbox 972 1185 1126 1254; x_wconf 73' lang='grc' dir='ltr'>ἅγιον</span> <span class='ocrx_word' id='word_1_89' title='bbox 1151 1185 1247 1238; x_wconf 77' lang='grc' dir='ltr'>καὶ</span> <span class='ocrx_word' id='word_1_90' title='bbox 1273 1185 1496 1239; x_wconf 77' lang='grc' dir='ltr'>δυνατὸν</span> <span class='ocrx_word' id='word_1_91' title='bbox 1528 1186 1667 1240; x_wconf 80' lang='grc' dir='ltr'>κατὰ</span> <span class='ocrx_word' id='word_1_92' title='bbox 1697 1187 1758 1240; x_wconf 87' lang='grc' dir='ltr'><strong>τὸ</strong></span> <span class='ocrx_word' id='word_1_93' title='bbox 1783 1186 1875 1240; x_wconf 81' lang='grc' dir='ltr'><strong>τέ-</strong></span> 
     </span>
    </p>
   </div>
   <div class='ocr_carea' id='block_1_14' title="bbox 306 1272 1876 1348">
    <p class='ocr_par' dir='ltr' id='par_1_14' title="bbox 306 1272 1876 1348">
     <span class='ocr_line' id='line_1_14' title="bbox 306 1272 1876 1348; baseline 0.004 -23"><span class='ocrx_word' id='word_1_94' title='bbox 306 1273 471 1338; x_wconf 77' lang='grc' dir='ltr'>λειον,</span> <span class='ocrx_word' id='word_1_95' title='bbox 507 1272 638 1326; x_wconf 77' lang='grc' dir='ltr'>ἀλλὰ</span> <span class='ocrx_word' id='word_1_96' title='bbox 678 1273 821 1327; x_wconf 85' lang='grc' dir='ltr'>κατὰ</span> <span class='ocrx_word' id='word_1_97' title='bbox 848 1275 1136 1345; x_wconf 83' lang='grc' dir='ltr'><strong>μετουσίαν</strong></span> <span class='ocrx_word' id='word_1_98' title='bbox 1157 1293 1169 1306; x_wconf 93' lang='grc'><strong>·</strong></span> <span class='ocrx_word' id='word_1_99' title='bbox 1194 1276 1328 1329; x_wconf 82' lang='grc' dir='ltr'>ὅπου</span> <span class='ocrx_word' id='word_1_100' title='bbox 1365 1275 1422 1329; x_wconf 78' lang='grc' dir='ltr'>δὲ</span> <span class='ocrx_word' id='word_1_101' title='bbox 1445 1274 1681 1348; x_wconf 75' lang='grc' dir='ltr'><strong>οὐδαμοῦ</strong></span> <span class='ocrx_word' id='word_1_102' title='bbox 1703 1277 1876 1331; x_wconf 87' lang='grc' dir='ltr'>ταῦτα</span> 
     </span>
    </p>
   </div>
   <div class='ocr_carea' id='block_1_15' title="bbox 307 1362 1876 1438">
    <p class='ocr_par' dir='ltr' id='par_1_15' title="bbox 307 1362 1876 1438">
     <span class='ocr_line' id='line_1_15' title="bbox 307 1362 1876 1438; baseline 0.004 -23"><span class='ocrx_word' id='word_1_103' title='bbox 307 1362 452 1416; x_wconf 74' lang='grc' dir='ltr'>κατὰ</span> <span class='ocrx_word' id='word_1_104' title='bbox 494 1363 556 1416; x_wconf 82' lang='grc' dir='ltr'><strong>τὸ</strong></span> <span class='ocrx_word' id='word_1_105' title='bbox 595 1363 815 1428; x_wconf 79' lang='grc' dir='ltr'>τέλειον,</span> <span class='ocrx_word' id='word_1_106' title='bbox 860 1363 1092 1435; x_wconf 79' lang='grc' dir='ltr'>οὐδαμοῦ</span> <span class='ocrx_word' id='word_1_107' title='bbox 1134 1365 1196 1418; x_wconf 84' lang='grc' dir='ltr'><strong>τὸ</strong></span> <span class='ocrx_word' id='word_1_108' title='bbox 1231 1365 1514 1438; x_wconf 81' lang='grc' dir='ltr'>ἀγένητον.</span> <span class='ocrx_word' id='word_1_109' title='bbox 1559 1368 1727 1422; x_wconf 88' lang='grc' dir='ltr'>Ἔνθα</span> <span class='ocrx_word' id='word_1_110' title='bbox 1770 1369 1876 1438; x_wconf 84' lang='grc' dir='ltr'>γὰρ</span> 
     </span>
    </p>
   </div>
   <div class='ocr_carea' id='block_1_16' title="bbox 307 1455 1875 1532">
    <p class='ocr_par' dir='ltr' id='par_1_16' title="bbox 307 1455 1875 1532">
     <span class='ocr_line' id='line_1_16' title="bbox 307 1455 1875 1532; baseline 0.004 -24"><span class='ocrx_word' id='word_1_111' title='bbox 307 1456 519 1521; x_wconf 76' lang='grc' dir='ltr'>σκότος,</span> <span class='ocrx_word' id='word_1_112' title='bbox 548 1455 784 1526; x_wconf 77' lang='grc' dir='ltr'>οὐδαμοῦ</span> <span class='ocrx_word' id='word_1_113' title='bbox 810 1455 871 1508; x_wconf 83' lang='grc' dir='ltr'><strong>τὸ</strong></span> <span class='ocrx_word' id='word_1_114' title='bbox 900 1456 1015 1524; x_wconf 81' lang='grc' dir='ltr'><strong>φῶς</strong></span> <span class='ocrx_word' id='word_1_115' title='bbox 1035 1473 1046 1485; x_wconf 92' lang='grc'><strong>·</strong></span> <span class='ocrx_word' id='word_1_116' title='bbox 1074 1457 1168 1512; x_wconf 76' lang='grc' dir='ltr'>καὶ</span> <span class='ocrx_word' id='word_1_117' title='bbox 1203 1475 1222 1508; x_wconf 72' lang='grc' dir='ltr'><strong>ι</strong></span> <span class='ocrx_word' id='word_1_118' title='bbox 1251 1458 1384 1510; x_wconf 80' lang='grc' dir='ltr'>ὅπου</span> <span class='ocrx_word' id='word_1_119' title='bbox 1409 1457 1526 1523; x_wconf 79' lang='grc' dir='ltr'>νὺξ,</span> <span class='ocrx_word' id='word_1_120' title='bbox 1554 1459 1652 1530; x_wconf 79' lang='grc' dir='ltr'>οὐχ</span> <span class='ocrx_word' id='word_1_121' title='bbox 1672 1460 1875 1532; x_wconf 75' lang='grc' dir='ltr'>ἡμέρα.</span> 
     </span>
    </p>
   </div>
   <div class='ocr_carea' id='block_1_17' title="bbox 303 1547 1878 1622">
    <p class='ocr_par' dir='ltr' id='par_1_17' title="bbox 303 1547 1878 1622">
     <span class='ocr_line' id='line_1_17' title="bbox 303 1547 1878 1622; baseline 0.002 -20"><span class='ocrx_word' id='word_1_122' title='bbox 303 1548 465 1602; x_wconf 83' lang='grc' dir='ltr'>Ὅθεν</span> <span class='ocrx_word' id='word_1_123' title='bbox 490 1567 508 1598; x_wconf 78' lang='grc' dir='ltr'><strong>ι</strong></span> <span class='ocrx_word' id='word_1_124' title='bbox 543 1549 781 1617; x_wconf 79' lang='grc' dir='ltr'><strong>(εἴρηται</strong></span> <span class='ocrx_word' id='word_1_125' title='bbox 826 1548 921 1600; x_wconf 80' lang='grc' dir='ltr'>καὶ</span> <span class='ocrx_word' id='word_1_126' title='bbox 962 1547 1040 1619; x_wconf 84' lang='grc' dir='ltr'>τῷ</span> <span class='ocrx_word' id='word_1_127' title='bbox 1078 1549 1252 1620; x_wconf 84' lang='grc' dir='ltr'>Ἑρμῇ</span> <span class='ocrx_word' id='word_1_128' title='bbox 1281 1548 1360 1620; x_wconf 82' lang='grc' dir='ltr'>τῷ</span> <span class='ocrx_word' id='word_1_129' title='bbox 1386 1549 1614 1621; x_wconf 75' lang='grc' dir='ltr'>ἐπίκλην</span> <span class='ocrx_word' id='word_1_130' title='bbox 1638 1550 1878 1622; x_wconf 86' lang='grc' dir='ltr'>Τρισμε-</span> 
     </span>
    </p>
   </div>
   <div class='ocr_carea' id='block_1_18' title="bbox 295 1638 1878 1712">
    <p class='ocr_par' dir='ltr' id='par_1_18' title="bbox 295 1638 1878 1712">
     <span class='ocr_line' id='line_1_18' title="bbox 295 1638 1878 1712; baseline 0.003 -18"><span class='ocrx_word' id='word_1_131' title='bbox 295 1642 542 1712; x_wconf 75' lang='grc' dir='ltr'>γίστῳ)</span> <span class='ocrx_word' id='word_1_132' title='bbox 579 1641 881 1694; x_wconf 76' lang='grc' dir='ltr'>«ἀδύνατον</span> <span class='ocrx_word' id='word_1_133' title='bbox 939 1643 999 1694; x_wconf 80' lang='grc' dir='ltr'>ὲν</span> <span class='ocrx_word' id='word_1_134' title='bbox 1053 1642 1262 1709; x_wconf 80' lang='grc' dir='ltr'>γενέσει</span> <span class='ocrx_word' id='word_1_135' title='bbox 1306 1638 1444 1696; x_wconf 82' lang='grc' dir='ltr'>εἷναι</span> <span class='ocrx_word' id='word_1_136' title='bbox 1492 1643 1768 1710; x_wconf 83' lang='grc' dir='ltr'><strong>τάγαθὸν,</strong></span> <span class='ocrx_word' id='word_1_137' title='bbox 1819 1647 1878 1700; x_wconf 82' lang='grc' dir='ltr'>ἐν</span> 
     </span>
    </p>
   </div>
   <div class='ocr_carea' id='block_1_19' title="bbox 299 1733 1875 1805">
    <p class='ocr_par' dir='ltr' id='par_1_19' title="bbox 299 1733 1875 1805">
     <span class='ocr_line' id='line_1_19' title="bbox 299 1733 1875 1805; baseline 0.001 -17"><span class='ocrx_word' id='word_1_138' title='bbox 299 1735 454 1805; x_wconf 64' lang='grc' dir='ltr'>μόνῳ</span> <span class='ocrx_word' id='word_1_139' title='bbox 493 1735 552 1787; x_wconf 80' lang='grc' dir='ltr'>δὲ</span> <span class='ocrx_word' id='word_1_140' title='bbox 592 1733 672 1803; x_wconf 82' lang='grc' dir='ltr'>τῷ</span> <span class='ocrx_word' id='word_1_141' title='bbox 709 1734 976 1805; x_wconf 84' lang='grc' dir='ltr'>ἀγενήτῳ.</span> <span class='ocrx_word' id='word_1_142' title='bbox 1022 1734 1232 1805; x_wconf 81' lang='grc' dir='ltr'>Ὥσπερ</span> <span class='ocrx_word' id='word_1_143' title='bbox 1273 1733 1329 1786; x_wconf 83' lang='grc' dir='ltr'>δὲ</span> <span class='ocrx_word' id='word_1_144' title='bbox 1360 1735 1618 1804; x_wconf 82' lang='grc' dir='ltr'>μετουσία</span> <span class='ocrx_word' id='word_1_145' title='bbox 1657 1737 1875 1790; x_wconf 85' lang='grc' dir='ltr'>πάντων</span> 
     </span>
    </p>
   </div>
   <div class='ocr_carea' id='block_1_20' title="bbox 1980 552 3546 624">
    <p class='ocr_par' dir='ltr' id='par_1_20' title="bbox 1980 552 3546 624">
     <span class='ocr_line' id='line_1_20' title="bbox 1980 552 3546 624; baseline 0.002 -15"><span class='ocrx_word' id='word_1_146' title='bbox 1980 554 2256 609; x_wconf 86' lang='lat' dir='ltr'><strong>cutionum</strong></span> <span class='ocrx_word' id='word_1_147' title='bbox 2303 552 2680 609; x_wconf 75' lang='lat' dir='ltr'><strong>similitudines</strong></span> <span class='ocrx_word' id='word_1_148' title='bbox 2721 552 2832 608; x_wconf 93' lang='lat' dir='ltr'><strong>Deo</strong></span> <span class='ocrx_word' id='word_1_149' title='bbox 2881 552 3026 608; x_wconf 93' lang='lat' dir='ltr'><strong>Patri</strong></span> <span class='ocrx_word' id='word_1_150' title='bbox 3080 555 3424 624; x_wconf 83' lang='lat' dir='ltr'><strong>conveniunt,</strong></span> <span class='ocrx_word' id='word_1_151' title='bbox 3488 565 3546 612; x_wconf 85' lang='lat' dir='ltr'><strong>et</strong></span> 
     </span>
    </p>
   </div>
   <div class='ocr_carea' id='block_1_21' title="bbox 1989 643 3546 715">
    <p class='ocr_par' dir='ltr' id='par_1_21' title="bbox 1989 643 3546 715">
     <span class='ocr_line' id='line_1_21' title="bbox 1989 643 3546 715; baseline 0.001 -16"><span class='ocrx_word' id='word_1_152' title='bbox 1989 645 2268 715; x_wconf 83' lang='lat' dir='ltr'><strong>unigenito</strong></span> <span class='ocrx_word' id='word_1_153' title='bbox 2297 643 2417 713; x_wconf 86' lang='lat' dir='ltr'><strong>ejus</strong></span> <span class='ocrx_word' id='word_1_154' title='bbox 2445 643 2604 710; x_wconf 87' lang='lat' dir='ltr'><strong>Filio,</strong></span> <span class='ocrx_word' id='word_1_155' title='bbox 2641 644 2732 712; x_wconf 92' lang='lat' dir='ltr'><strong>qui</strong></span> <span class='ocrx_word' id='word_1_156' title='bbox 2772 644 3040 700; x_wconf 84' lang='lat' dir='ltr'><strong>similibus</strong></span> <span class='ocrx_word' id='word_1_157' title='bbox 3077 646 3384 701; x_wconf 85' lang='lat' dir='ltr'><strong>nominibus</strong></span> <span class='ocrx_word' id='word_1_158' title='bbox 3414 662 3546 702; x_wconf 79' lang='lat' dir='ltr'><strong>con-</strong></span> 
     </span>
    </p>
   </div>
   <div class='ocr_carea' id='block_1_22' title="bbox 1981 735 3547 807">
    <p class='ocr_par' dir='ltr' id='par_1_22' title="bbox 1981 735 3547 807">
     <span class='ocr_line' id='line_1_22' title="bbox 1981 735 3547 807; baseline 0 -15"><span class='ocrx_word' id='word_1_159' title='bbox 1981 736 2367 802; x_wconf 88' lang='lat' dir='ltr'><strong>celebrantur,</strong></span> <span class='ocrx_word' id='word_1_160' title='bbox 2417 736 2606 790; x_wconf 89' lang='lat' dir='ltr'><strong>eadem</strong></span> <span class='ocrx_word' id='word_1_161' title='bbox 2659 735 2848 790; x_wconf 92' lang='lat' dir='ltr'><strong>eodem</strong></span> <span class='ocrx_word' id='word_1_162' title='bbox 2901 735 3061 791; x_wconf 89' lang='lat' dir='ltr'><strong>modo</strong></span> <span class='ocrx_word' id='word_1_163' title='bbox 3110 736 3272 792; x_wconf 84' lang='lat' dir='ltr'><strong>etiam</strong></span> <span class='ocrx_word' id='word_1_164' title='bbox 3320 737 3547 807; x_wconf 76' lang='lat' dir='ltr'><strong>Spiritui</strong></span> 
     </span>
    </p>
   </div>
   <div class='ocr_carea' id='block_1_23' title="bbox 1981 827 3544 898">
    <p class='ocr_par' dir='ltr' id='par_1_23' title="bbox 1981 827 3544 898">
     <span class='ocr_line' id='line_1_23' title="bbox 1981 827 3544 898; baseline 0.001 -15"><span class='ocrx_word' id='word_1_165' title='bbox 1981 838 2174 884; x_wconf 84' lang='lat' dir='ltr'><strong>sancto</strong></span> <span class='ocrx_word' id='word_1_166' title='bbox 2204 827 2494 888; x_wconf 88' lang='lat' dir='ltr'><strong>convenire</strong></span> <span class='ocrx_word' id='word_1_167' title='bbox 2523 845 2538 882; x_wconf 89' lang='lat'><strong>:</strong></span> <span class='ocrx_word' id='word_1_168' title='bbox 2584 843 2705 898; x_wconf 67' lang='lat' dir='ltr'><strong>qum</strong></span> <span class='ocrx_word' id='word_1_169' title='bbox 2735 844 2861 884; x_wconf 90' lang='lat' dir='ltr'><strong>vero</strong></span> <span class='ocrx_word' id='word_1_170' title='bbox 2887 830 2953 885; x_wconf 91' lang='lat' dir='ltr'><strong>de</strong></span> <span class='ocrx_word' id='word_1_171' title='bbox 2981 829 3242 884; x_wconf 76' lang='lat' dir='ltr'><strong>creaturis</strong></span> <span class='ocrx_word' id='word_1_172' title='bbox 3272 829 3544 896; x_wconf 80' lang='lat' dir='ltr'><strong>dicuntur,</strong></span> 
     </span>
    </p>
   </div>
   <div class='ocr_carea' id='block_1_24' title="bbox 1979 917 3534 991">
    <p class='ocr_par' dir='ltr' id='par_1_24' title="bbox 1979 917 3534 991">
     <span class='ocr_line' id='line_1_24' title="bbox 1979 917 3534 991; baseline 0.002 -18"><span class='ocrx_word' id='word_1_173' title='bbox 1979 931 2041 973; x_wconf 87' lang='lat' dir='ltr'><strong>ea</strong></span> <span class='ocrx_word' id='word_1_174' title='bbox 2075 919 2128 974; x_wconf 91' lang='lat' dir='ltr'><strong>in</strong></span> <span class='ocrx_word' id='word_1_175' title='bbox 2169 917 2430 988; x_wconf 83' lang='lat' dir='ltr'><strong>Spiritum</strong></span> <span class='ocrx_word' id='word_1_176' title='bbox 2467 931 2714 976; x_wconf 91' lang='lat' dir='ltr'><strong>sanctum</strong></span> <span class='ocrx_word' id='word_1_177' title='bbox 2746 921 2936 976; x_wconf 86' lang='lat' dir='ltr'><strong>eodem</strong></span> <span class='ocrx_word' id='word_1_178' title='bbox 2976 923 3135 976; x_wconf 87' lang='lat' dir='ltr'><strong>modo</strong></span> <span class='ocrx_word' id='word_1_179' title='bbox 3164 936 3269 975; x_wconf 91' lang='lat' dir='ltr'><strong>non</strong></span> <span class='ocrx_word' id='word_1_180' title='bbox 3299 921 3534 991; x_wconf 87' lang='lat' dir='ltr'><strong>quadra-</strong></span> 
     </span>
    </p>
   </div>
   <div class='ocr_carea' id='block_1_25' title="bbox 1980 1008 3537 1081">
    <p class='ocr_par' dir='ltr' id='par_1_25' title="bbox 1980 1008 3537 1081">
     <span class='ocr_line' id='line_1_25' title="bbox 1980 1008 3537 1081; baseline 0.002 -18"><span class='ocrx_word' id='word_1_181' title='bbox 1980 1023 2058 1074; x_wconf 83' lang='lat' dir='ltr'><strong>re,</strong></span> <span class='ocrx_word' id='word_1_182' title='bbox 2112 1008 2215 1064; x_wconf 89' lang='lat' dir='ltr'><strong>etsi</strong></span> <span class='ocrx_word' id='word_1_183' title='bbox 2257 1009 2514 1064; x_wconf 91' lang='lat' dir='ltr'><strong>nonnulla</strong></span> <span class='ocrx_word' id='word_1_184' title='bbox 2541 1010 2836 1080; x_wconf 86' lang='lat' dir='ltr'><strong>aliquando</strong></span> <span class='ocrx_word' id='word_1_185' title='bbox 2861 1012 2925 1066; x_wconf 92' lang='lat' dir='ltr'><strong>de</strong></span> <span class='ocrx_word' id='word_1_186' title='bbox 2965 1012 3232 1066; x_wconf 82' lang='lat' dir='ltr'><strong>creaturis</strong></span> <span class='ocrx_word' id='word_1_187' title='bbox 3273 1011 3405 1081; x_wconf 82' lang='lat' dir='ltr'><strong>ipsis</strong></span> <span class='ocrx_word' id='word_1_188' title='bbox 3455 1012 3537 1066; x_wconf 93' lang='lat' dir='ltr'><strong>di-</strong></span> 
     </span>
    </p>
   </div>
   <div class='ocr_carea' id='block_1_26' title="bbox 1977 1099 3542 1172">
    <p class='ocr_par' dir='ltr' id='par_1_26' title="bbox 1977 1099 3542 1172">
     <span class='ocr_line' id='line_1_26' title="bbox 1977 1099 3542 1172; baseline 0.002 -17"><span class='ocrx_word' id='word_1_189' title='bbox 1977 1109 2063 1155; x_wconf 91' lang='lat' dir='ltr'><strong>cta</strong></span> <span class='ocrx_word' id='word_1_190' title='bbox 2121 1099 2479 1167; x_wconf 89' lang='lat' dir='ltr'><strong>inveniamus,</strong></span> <span class='ocrx_word' id='word_1_191' title='bbox 2513 1117 2634 1172; x_wconf 72' lang='lat' dir='ltr'><strong>quae</strong></span> <span class='ocrx_word' id='word_1_192' title='bbox 2680 1104 3020 1172; x_wconf 85' lang='lat' dir='ltr'><strong>homonyme,</strong></span> <span class='ocrx_word' id='word_1_193' title='bbox 3069 1103 3172 1158; x_wconf 90' lang='lat' dir='ltr'><strong>hoc</strong></span> <span class='ocrx_word' id='word_1_194' title='bbox 3227 1113 3329 1170; x_wconf 89' lang='lat' dir='ltr'><strong>est,</strong></span> <span class='ocrx_word' id='word_1_195' title='bbox 3378 1117 3542 1158; x_wconf 87' lang='lat' dir='ltr'><strong>sensu</strong></span> 
     </span>
    </p>
   </div>
   <div class='ocr_carea' id='block_1_27' title="bbox 1983 1187 3542 1261">
    <p class='ocr_par' dir='ltr' id='par_1_27' title="bbox 1983 1187 3542 1261">
     <span class='ocr_line' id='line_1_27' title="bbox 1983 1187 3542 1261; baseline 0.004 -20"><span class='ocrx_word' id='word_1_196' title='bbox 1983 1187 2142 1258; x_wconf 86' lang='lat' dir='ltr'><strong>plane</strong></span> <span class='ocrx_word' id='word_1_197' title='bbox 2166 1189 2399 1257; x_wconf 90' lang='lat' dir='ltr'><strong>diverso,</strong></span> <span class='ocrx_word' id='word_1_198' title='bbox 2436 1191 2502 1247; x_wconf 91' lang='lat' dir='ltr'><strong>de</strong></span> <span class='ocrx_word' id='word_1_199' title='bbox 2546 1191 2753 1261; x_wconf 89' lang='lat' dir='ltr'><strong>Spiritu</strong></span> <span class='ocrx_word' id='word_1_200' title='bbox 2803 1202 2992 1248; x_wconf 88' lang='lat' dir='ltr'><strong>sancto</strong></span> <span class='ocrx_word' id='word_1_201' title='bbox 3023 1193 3207 1248; x_wconf 87' lang='lat' dir='ltr'><strong>itidem</strong></span> <span class='ocrx_word' id='word_1_202' title='bbox 3253 1193 3542 1248; x_wconf 80' lang='lat' dir='ltr'><strong>enuntian-</strong></span> 
     </span>
    </p>
   </div>
   <div class='ocr_carea' id='block_1_28' title="bbox 1980 1281 3544 1356">
    <p class='ocr_par' dir='ltr' id='par_1_28' title="bbox 1980 1281 3544 1356">
     <span class='ocr_line' id='line_1_28' title="bbox 1980 1281 3544 1356; baseline 0.003 -20"><span class='ocrx_word' id='word_1_203' title='bbox 1980 1289 2088 1337; x_wconf 87' lang='lat' dir='ltr'><strong>tur.</strong></span> <span class='ocrx_word' id='word_1_204' title='bbox 2125 1281 2238 1336; x_wconf 88' lang='lat' dir='ltr'><strong>Etsi</strong></span> <span class='ocrx_word' id='word_1_205' title='bbox 2280 1282 2422 1338; x_wconf 91' lang='lat' dir='ltr'><strong>enim</strong></span> <span class='ocrx_word' id='word_1_206' title='bbox 2464 1297 2559 1338; x_wconf 91' lang='lat' dir='ltr'><strong>eas</strong></span> <span class='ocrx_word' id='word_1_207' title='bbox 2585 1299 2776 1339; x_wconf 91' lang='lat' dir='ltr'><strong>nomen</strong></span> <span class='ocrx_word' id='word_1_208' title='bbox 2808 1285 3027 1356; x_wconf 83' lang='lat' dir='ltr'><strong>aliquod</strong></span> <span class='ocrx_word' id='word_1_209' title='bbox 3072 1295 3164 1341; x_wconf 90' lang='lat' dir='ltr'><strong>aut</strong></span> <span class='ocrx_word' id='word_1_210' title='bbox 3221 1285 3544 1341; x_wconf 83' lang='lat' dir='ltr'><strong>vocabulum</strong></span> 
     </span>
    </p>
   </div>
   <div class='ocr_carea' id='block_1_29' title="bbox 1979 1374 3545 1442">
    <p class='ocr_par' dir='ltr' id='par_1_29' title="bbox 1979 1374 3545 1442">
     <span class='ocr_line' id='line_1_29' title="bbox 1979 1374 3545 1442; baseline 0.002 -13"><span class='ocrx_word' id='word_1_211' title='bbox 1979 1387 2103 1429; x_wconf 92' lang='lat' dir='ltr'><strong>cum</strong></span> <span class='ocrx_word' id='word_1_212' title='bbox 2161 1374 2271 1429; x_wconf 92' lang='lat' dir='ltr'><strong>Deo</strong></span> <span class='ocrx_word' id='word_1_213' title='bbox 2321 1390 2606 1432; x_wconf 87' lang='lat' dir='ltr'><strong>commune</strong></span> <span class='ocrx_word' id='word_1_214' title='bbox 2663 1377 2873 1433; x_wconf 90' lang='lat' dir='ltr'><strong>habere</strong></span> <span class='ocrx_word' id='word_1_215' title='bbox 2937 1380 3336 1442; x_wconf 89' lang='lat' dir='ltr'><strong>concedamus,</strong></span> <span class='ocrx_word' id='word_1_216' title='bbox 3399 1393 3545 1434; x_wconf 89' lang='lat' dir='ltr'><strong>com-</strong></span> 
     </span>
    </p>
   </div>
   <div class='ocr_carea' id='block_1_30' title="bbox 1983 1469 3545 1539">
    <p class='ocr_par' dir='ltr' id='par_1_30' title="bbox 1983 1469 3545 1539">
     <span class='ocr_line' id='line_1_30' title="bbox 1983 1469 3545 1539; baseline 0.004 -20"><span class='ocrx_word' id='word_1_217' title='bbox 1983 1481 2200 1520; x_wconf 89' lang='lat' dir='ltr'><strong>munem</strong></span> <span class='ocrx_word' id='word_1_218' title='bbox 2256 1475 2438 1522; x_wconf 86' lang='lat' dir='ltr'><strong>tamen</strong></span> <span class='ocrx_word' id='word_1_219' title='bbox 2483 1483 2606 1523; x_wconf 89' lang='lat' dir='ltr'><strong>cum</strong></span> <span class='ocrx_word' id='word_1_220' title='bbox 2676 1469 2796 1539; x_wconf 91' lang='lat' dir='ltr'><strong>ipso</strong></span> <span class='ocrx_word' id='word_1_221' title='bbox 2846 1485 2949 1525; x_wconf 92' lang='lat' dir='ltr'><strong>non</strong></span> <span class='ocrx_word' id='word_1_222' title='bbox 3006 1471 3206 1525; x_wconf 87' lang='lat' dir='ltr'><strong>habent</strong></span> <span class='ocrx_word' id='word_1_223' title='bbox 3262 1471 3545 1539; x_wconf 85' lang='lat' dir='ltr'><strong>potestatis</strong></span> 
     </span>
    </p>
   </div>
   <div class='ocr_carea' id='block_1_31' title="bbox 1978 1558 3612 1632">
    <p class='ocr_par' dir='ltr' id='par_1_31' title="bbox 1978 1558 3612 1632">
     <span class='ocr_line' id='line_1_31' title="bbox 1978 1558 3612 1632; baseline 0.001 -19"><span class='ocrx_word' id='word_1_224' title='bbox 1978 1567 2032 1613; x_wconf 92' lang='lat' dir='ltr'><strong>et</strong></span> <span class='ocrx_word' id='word_1_225' title='bbox 2071 1558 2524 1615; x_wconf 82' lang='lat' dir='ltr'><strong>sanctiﬁcationis</strong></span> <span class='ocrx_word' id='word_1_226' title='bbox 2576 1562 2865 1616; x_wconf 86' lang='lat' dir='ltr'><strong>essentiam</strong></span> <span class='ocrx_word' id='word_1_227' title='bbox 2943 1570 3104 1629; x_wconf 85' lang='lat' dir='ltr'><strong>atque</strong></span> <span class='ocrx_word' id='word_1_228' title='bbox 3157 1562 3546 1632; x_wconf 81' lang='lat' dir='ltr'><strong>Operationem.</strong></span> <span class='ocrx_word' id='word_1_229' title='bbox 3603 1592 3612 1602; x_wconf 87' lang='lat'><strong>-</strong></span> 
     </span>
    </p>
   </div>
   <div class='ocr_carea' id='block_1_32' title="bbox 1977 1645 3550 1721">
    <p class='ocr_par' dir='ltr' id='par_1_32' title="bbox 1977 1645 3550 1721">
     <span class='ocr_line' id='line_1_32' title="bbox 1977 1645 3550 1721; baseline 0.004 -21"><span class='ocrx_word' id='word_1_230' title='bbox 1977 1645 2109 1715; x_wconf 66' lang='lat' dir='ltr'><strong>Ipsa:</strong></span> <span class='ocrx_word' id='word_1_231' title='bbox 2130 1649 2272 1702; x_wconf 90' lang='lat' dir='ltr'><strong>enim</strong></span> <span class='ocrx_word' id='word_1_232' title='bbox 2314 1664 2382 1704; x_wconf 92' lang='lat' dir='ltr'><strong>ne</strong></span> <span class='ocrx_word' id='word_1_233' title='bbox 2428 1657 2555 1704; x_wconf 89' lang='lat' dir='ltr'><strong>sunt</strong></span> <span class='ocrx_word' id='word_1_234' title='bbox 2587 1652 2802 1721; x_wconf 88' lang='lat' dir='ltr'><strong>quidem</strong></span> <span class='ocrx_word' id='word_1_235' title='bbox 2854 1667 2921 1706; x_wconf 73' lang='lat' dir='ltr'><strong>ex</strong></span> <span class='ocrx_word' id='word_1_236' title='bbox 2951 1666 3133 1706; x_wconf 89' lang='lat' dir='ltr'><strong>earum</strong></span> <span class='ocrx_word' id='word_1_237' title='bbox 3168 1664 3359 1706; x_wconf 87' lang='lat' dir='ltr'><strong>natura</strong></span> <span class='ocrx_word' id='word_1_238' title='bbox 3390 1652 3550 1706; x_wconf 88' lang='lat' dir='ltr'><strong>abso-</strong></span> 
     </span>
    </p>
   </div>
   <div class='ocr_carea' id='block_1_33' title="bbox 1979 1739 3549 1812">
    <p class='ocr_par' dir='ltr' id='par_1_33' title="bbox 1979 1739 3549 1812">
     <span class='ocr_line' id='line_1_33' title="bbox 1979 1739 3549 1812; baseline 0.003 -19"><span class='ocrx_word' id='word_1_239' title='bbox 1979 1739 2092 1793; x_wconf 89' lang='lat' dir='ltr'><strong>lute</strong></span> <span class='ocrx_word' id='word_1_240' title='bbox 2134 1739 2272 1811; x_wconf 81' lang='lat'><strong>(60),.</strong></span> <span class='ocrx_word' id='word_1_241' title='bbox 2299 1742 2393 1796; x_wconf 83' lang='lat' dir='ltr'><strong>sed</strong></span> <span class='ocrx_word' id='word_1_242' title='bbox 2422 1744 2784 1812; x_wconf 83' lang='lat' dir='ltr'><strong>comparative</strong></span> <span class='ocrx_word' id='word_1_243' title='bbox 2827 1746 3080 1798; x_wconf 89' lang='lat' dir='ltr'><strong>dicuntur</strong></span> <span class='ocrx_word' id='word_1_244' title='bbox 3120 1745 3272 1800; x_wconf 84' lang='lat' dir='ltr'><strong>bonae</strong></span> <span class='ocrx_word' id='word_1_245' title='bbox 3311 1754 3363 1799; x_wconf 92' lang='lat' dir='ltr'><strong>et</strong></span> <span class='ocrx_word' id='word_1_246' title='bbox 3424 1759 3549 1798; x_wconf 88' lang='lat' dir='ltr'><strong>san-</strong></span> 
     </span>
    </p>
   </div>
   <div class='ocr_carea' id='block_1_34' title="bbox 297 1821 1876 1904">
    <p class='ocr_par' dir='ltr' id='par_1_34' title="bbox 297 1821 1869 1894">
     <span class='ocr_line' id='line_1_34' title="bbox 297 1821 1869 1894; baseline 0.002 -19"><span class='ocrx_word' id='word_1_247' title='bbox 297 1823 422 1876; x_wconf 79' lang='grc' dir='ltr'>ὲστὶ</span> <span class='ocrx_word' id='word_1_248' title='bbox 480 1827 550 1894; x_wconf 82' lang='grc' dir='ltr'>τῇ</span> <span class='ocrx_word' id='word_1_249' title='bbox 615 1822 715 1894; x_wconf 82' lang='grc' dir='ltr'><strong>ὕλῃ</strong></span> <span class='ocrx_word' id='word_1_250' title='bbox 764 1823 1045 1894; x_wconf 81' lang='grc' dir='ltr'><strong>δεδομένη,</strong></span> <span class='ocrx_word' id='word_1_251' title='bbox 1098 1821 1242 1876; x_wconf 75' lang='grc' dir='ltr'>οὕτω</span> <span class='ocrx_word' id='word_1_252' title='bbox 1308 1824 1403 1876; x_wconf 77' lang='grc' dir='ltr'>καὶ</span> <span class='ocrx_word' id='word_1_253' title='bbox 1449 1822 1544 1877; x_wconf 86' lang='grc' dir='ltr'>τοῦ</span> <span class='ocrx_word' id='word_1_254' title='bbox 1595 1824 1821 1893; x_wconf 85' lang='grc' dir='ltr'>ἀγαθοῦ.</span> <span class='ocrx_word' id='word_1_255' title='bbox 1849 1845 1869 1878; x_wconf 75' lang='grc' dir='ltr'><strong>ι</strong></span> 
     </span>
    </p>
   </div>
   <div class='ocr_carea' id='block_1_35' title="bbox 1981 1821 3550 1904">
    <p class='ocr_par' dir='ltr' id='par_1_35' title="bbox 1981 1832 3550 1904">
     <span class='ocr_line' id='line_1_35' title="bbox 1981 1832 3550 1904; baseline 0.003 -19"><span class='ocrx_word' id='word_1_256' title='bbox 1981 1839 2077 1885; x_wconf 89' lang='lat' dir='ltr'><strong>ctae</strong></span> <span class='ocrx_word' id='word_1_257' title='bbox 2104 1847 2117 1884; x_wconf 91' lang='lat'><strong>:</strong></span> <span class='ocrx_word' id='word_1_258' title='bbox 2145 1832 2395 1886; x_wconf 88' lang='lat' dir='ltr'><strong>nimirum</strong></span> <span class='ocrx_word' id='word_1_259' title='bbox 2432 1843 2674 1904; x_wconf 88' lang='lat' dir='ltr'><strong>spectato</strong></span> <span class='ocrx_word' id='word_1_260' title='bbox 2696 1834 2864 1899; x_wconf 89' lang='lat' dir='ltr'><strong>malo,</strong></span> <span class='ocrx_word' id='word_1_261' title='bbox 2891 1835 3050 1889; x_wconf 87' lang='lat' dir='ltr'><strong>dictae</strong></span> <span class='ocrx_word' id='word_1_262' title='bbox 3097 1846 3224 1890; x_wconf 91' lang='lat' dir='ltr'><strong>sunt</strong></span> <span class='ocrx_word' id='word_1_263' title='bbox 3253 1836 3444 1900; x_wconf 66' lang='lat' dir='ltr'><strong>bonae;</strong></span> <span class='ocrx_word' id='word_1_264' title='bbox 3483 1847 3550 1889; x_wconf 89' lang='lat' dir='ltr'><strong>ac</strong></span> 
     </span>
    </p>
   </div>
   <div class='ocr_carea' id='block_1_36' title="bbox 297 1915 3551 1995">
    <p class='ocr_par' dir='ltr' id='par_1_36' title="bbox 297 1915 3551 1995">
     <span class='ocr_line' id='line_1_36' title="bbox 297 1915 3551 1995; baseline 0.003 -25"><span class='ocrx_word' id='word_1_265' title='bbox 297 1917 515 1970; x_wconf 84' lang='lat' dir='ltr'><strong>ratione</strong></span> <span class='ocrx_word' id='word_1_266' title='bbox 569 1915 749 1970; x_wconf 86' lang='lat' dir='ltr'><strong>habita</strong></span> <span class='ocrx_word' id='word_1_267' title='bbox 793 1915 996 1983; x_wconf 88' lang='lat' dir='ltr'><strong>peccati</strong></span> <span class='ocrx_word' id='word_1_268' title='bbox 1024 1916 1137 1970; x_wconf 89' lang='lat' dir='ltr'><strong>sive</strong></span> <span class='ocrx_word' id='word_1_269' title='bbox 1173 1916 1459 1985; x_wconf 89' lang='lat' dir='ltr'><strong>passionis,</strong></span> <span class='ocrx_word' id='word_1_270' title='bbox 1527 1927 1728 1972; x_wconf 77' lang='lat' dir='ltr'><strong>vocata:</strong></span> <span class='ocrx_word' id='word_1_271' title='bbox 1763 1928 1890 1974; x_wconf 90' lang='lat' dir='ltr'><strong>sunt</strong></span> <span class='ocrx_word' id='word_1_272' title='bbox 1935 1932 2134 1979; x_wconf 61' lang='lat' dir='ltr'><strong>sanctae</strong></span> <span class='ocrx_word' id='word_1_273' title='bbox 2185 1940 2200 1977; x_wconf 87' lang='lat'><strong>:</strong></span> <span class='ocrx_word' id='word_1_274' title='bbox 2244 1926 2385 1994; x_wconf 88' lang='lat' dir='ltr'><strong>quod</strong></span> <span class='ocrx_word' id='word_1_275' title='bbox 2431 1925 2576 1980; x_wconf 91' lang='lat' dir='ltr'><strong>enim</strong></span> <span class='ocrx_word' id='word_1_276' title='bbox 2609 1927 2763 1981; x_wconf 85' lang='lat' dir='ltr'><strong>valde</strong></span> <span class='ocrx_word' id='word_1_277' title='bbox 2796 1926 2992 1980; x_wconf 89' lang='lat' dir='ltr'><strong>malum</strong></span> <span class='ocrx_word' id='word_1_278' title='bbox 3035 1940 3139 1980; x_wconf 91' lang='lat' dir='ltr'><strong>non</strong></span> <span class='ocrx_word' id='word_1_279' title='bbox 3172 1935 3273 1987; x_wconf 90' lang='lat' dir='ltr'><strong>est,</strong></span> <span class='ocrx_word' id='word_1_280' title='bbox 3302 1941 3400 1980; x_wconf 91' lang='lat' dir='ltr'><strong>nec</strong></span> <span class='ocrx_word' id='word_1_281' title='bbox 3424 1939 3551 1995; x_wconf 85' lang='lat' dir='ltr'><strong>pec-</strong></span> 
     </span>
    </p>
   </div>
   <div class='ocr_carea' id='block_1_37' title="bbox 299 2003 3550 2085">
    <p class='ocr_par' dir='ltr' id='par_1_37' title="bbox 299 2003 3550 2085">
     <span class='ocr_line' id='line_1_37' title="bbox 299 2003 3550 2085; baseline 0.002 -25"><span class='ocrx_word' id='word_1_282' title='bbox 299 2003 439 2062; x_wconf 84' lang='lat' dir='ltr'><strong>catis</strong></span> <span class='ocrx_word' id='word_1_283' title='bbox 471 2007 842 2074; x_wconf 81' lang='lat' dir='ltr'><strong>inquinatum,</strong></span> <span class='ocrx_word' id='word_1_284' title='bbox 907 2014 1000 2060; x_wconf 89' lang='lat' dir='ltr'><strong>aut</strong></span> <span class='ocrx_word' id='word_1_285' title='bbox 1057 2005 1396 2075; x_wconf 87' lang='lat' dir='ltr'><strong>passionibus</strong></span> <span class='ocrx_word' id='word_1_286' title='bbox 1441 2007 1676 2062; x_wconf 90' lang='lat' dir='ltr'><strong>deditum</strong></span> <span class='ocrx_word' id='word_1_287' title='bbox 1722 2008 1856 2080; x_wconf 81' lang='grc'>(6-1),</span> <span class='ocrx_word' id='word_1_288' title='bbox 1903 2011 1954 2065; x_wconf 89' lang='lat' dir='ltr'><strong>id</strong></span> <span class='ocrx_word' id='word_1_289' title='bbox 2001 2013 2199 2068; x_wconf 85' lang='lat' dir='ltr'><strong>bonum</strong></span> <span class='ocrx_word' id='word_1_290' title='bbox 2249 2024 2306 2069; x_wconf 85' lang='lat' dir='ltr'><strong>et</strong></span> <span class='ocrx_word' id='word_1_291' title='bbox 2372 2025 2614 2070; x_wconf 90' lang='lat' dir='ltr'><strong>sanctum</strong></span> <span class='ocrx_word' id='word_1_292' title='bbox 2659 2016 2712 2070; x_wconf 89' lang='lat' dir='ltr'><strong>in</strong></span> <span class='ocrx_word' id='word_1_293' title='bbox 2747 2015 2918 2070; x_wconf 86' lang='lat' dir='ltr'><strong>allatis</strong></span> <span class='ocrx_word' id='word_1_294' title='bbox 2947 2015 3080 2071; x_wconf 89' lang='lat' dir='ltr'><strong>locis</strong></span> <span class='ocrx_word' id='word_1_295' title='bbox 3128 2015 3283 2085; x_wconf 82' lang='lat'><strong>130</strong></span> <span class='ocrx_word' id='word_1_296' title='bbox 3310 2015 3550 2069; x_wconf 90' lang='lat' dir='ltr'><strong>denomi-</strong></span> 
     </span>
    </p>
   </div>
   <div class='ocr_carea' id='block_1_38' title="bbox 300 2094 3550 2176">
    <p class='ocr_par' dir='ltr' id='par_1_38' title="bbox 300 2094 3550 2176">
     <span class='ocr_line' id='line_1_38' title="bbox 300 2094 3550 2176; baseline 0.003 -27"><span class='ocrx_word' id='word_1_297' title='bbox 300 2105 486 2149; x_wconf 84' lang='lat' dir='ltr'><strong>natum</strong></span> <span class='ocrx_word' id='word_1_298' title='bbox 513 2094 816 2150; x_wconf 80' lang='lat' dir='ltr'><strong>fuit:nam</strong></span> <span class='ocrx_word' id='word_1_299' title='bbox 877 2095 1274 2164; x_wconf 88' lang='lat' dir='ltr'><strong>sicutnequitia</strong></span> <span class='ocrx_word' id='word_1_300' title='bbox 1331 2105 1386 2152; x_wconf 92' lang='lat' dir='ltr'><strong>et</strong></span> <span class='ocrx_word' id='word_1_301' title='bbox 1441 2109 1741 2166; x_wconf 75' lang='lat' dir='ltr'><strong>peceatum,</strong></span> <span class='ocrx_word' id='word_1_302' title='bbox 1796 2101 1914 2156; x_wconf 87' lang='lat' dir='ltr'><strong>sive</strong></span> <span class='ocrx_word' id='word_1_303' title='bbox 1958 2103 2137 2171; x_wconf 88' lang='lat' dir='ltr'><strong>passio</strong></span> <span class='ocrx_word' id='word_1_304' title='bbox 2205 2113 2260 2160; x_wconf 89' lang='lat' dir='ltr'><strong>et</strong></span> <span class='ocrx_word' id='word_1_305' title='bbox 2313 2105 2619 2175; x_wconf 87' lang='lat' dir='ltr'><strong>impotentia</strong></span> <span class='ocrx_word' id='word_1_306' title='bbox 2677 2108 2729 2161; x_wconf 94' lang='lat' dir='ltr'><strong>in</strong></span> <span class='ocrx_word' id='word_1_307' title='bbox 2786 2107 2876 2161; x_wconf 92' lang='lat' dir='ltr'><strong>illo</strong></span> <span class='ocrx_word' id='word_1_308' title='bbox 2925 2106 3126 2176; x_wconf 89' lang='lat' dir='ltr'><strong>Spiritu</strong></span> <span class='ocrx_word' id='word_1_309' title='bbox 3179 2115 3398 2171; x_wconf 89' lang='lat' dir='ltr'><strong>sancto,</strong></span> <span class='ocrx_word' id='word_1_310' title='bbox 3457 2103 3550 2174; x_wconf 86' lang='lat' dir='ltr'><strong>qui</strong></span> 
     </span>
    </p>
   </div>
   <div class='ocr_carea' id='block_1_39' title="bbox 301 2189 3552 2264">
    <p class='ocr_par' dir='ltr' id='par_1_39' title="bbox 301 2189 3552 2264">
     <span class='ocr_line' id='line_1_39' title="bbox 301 2189 3552 2264; baseline 0.003 -24"><span class='ocrx_word' id='word_1_311' title='bbox 301 2205 443 2242; x_wconf 90' lang='lat' dir='ltr'><strong>unus</strong></span> <span class='ocrx_word' id='word_1_312' title='bbox 474 2197 580 2254; x_wconf 88' lang='lat' dir='ltr'><strong>est,</strong></span> <span class='ocrx_word' id='word_1_313' title='bbox 619 2204 724 2243; x_wconf 91' lang='lat' dir='ltr'><strong>non</strong></span> <span class='ocrx_word' id='word_1_314' title='bbox 771 2189 1062 2258; x_wconf 89' lang='lat' dir='ltr'><strong>reperitur,</strong></span> <span class='ocrx_word' id='word_1_315' title='bbox 1103 2197 1287 2258; x_wconf 92' lang='lat' dir='ltr'><strong>utpote</strong></span> <span class='ocrx_word' id='word_1_316' title='bbox 1335 2189 1611 2244; x_wconf 89' lang='lat' dir='ltr'><strong>increato:</strong></span> <span class='ocrx_word' id='word_1_317' title='bbox 1664 2191 1743 2246; x_wconf 90' lang='lat' dir='ltr'><strong>sic</strong></span> <span class='ocrx_word' id='word_1_318' title='bbox 1790 2191 1846 2246; x_wconf 90' lang='lat' dir='ltr'><strong>in</strong></span> <span class='ocrx_word' id='word_1_319' title='bbox 1883 2194 2026 2248; x_wconf 85' lang='lat' dir='ltr'><strong>nulla</strong></span> <span class='ocrx_word' id='word_1_320' title='bbox 2064 2211 2132 2250; x_wconf 80' lang='lat' dir='ltr'><strong>ex</strong></span> <span class='ocrx_word' id='word_1_321' title='bbox 2197 2199 2357 2253; x_wconf 86' lang='lat' dir='ltr'><strong>rebus</strong></span> <span class='ocrx_word' id='word_1_322' title='bbox 2411 2197 2607 2253; x_wconf 89' lang='lat' dir='ltr'><strong>creatis</strong></span> <span class='ocrx_word' id='word_1_323' title='bbox 2655 2199 2900 2263; x_wconf 87' lang='lat' dir='ltr'><strong>bonitas,</strong></span> <span class='ocrx_word' id='word_1_324' title='bbox 2971 2206 3065 2252; x_wconf 92' lang='lat' dir='ltr'><strong>aut</strong></span> <span class='ocrx_word' id='word_1_325' title='bbox 3111 2197 3410 2264; x_wconf 85' lang='lat' dir='ltr'><strong>sanctitas,</strong></span> <span class='ocrx_word' id='word_1_326' title='bbox 3460 2205 3552 2251; x_wconf 91' lang='lat' dir='ltr'><strong>aut</strong></span> 
     </span>
    </p>
   </div>
   <div class='ocr_carea' id='block_1_40' title="bbox 298 2283 3554 2363">
    <p class='ocr_par' dir='ltr' id='par_1_40' title="bbox 298 2283 3554 2363">
     <span class='ocr_line' id='line_1_40' title="bbox 298 2283 3554 2363; baseline 0.002 -27"><span class='ocrx_word' id='word_1_327' title='bbox 298 2284 542 2351; x_wconf 80' lang='lat' dir='ltr'><strong>potentia</strong></span> <span class='ocrx_word' id='word_1_328' title='bbox 589 2283 860 2338; x_wconf 87' lang='lat' dir='ltr'><strong>invenitur</strong></span> <span class='ocrx_word' id='word_1_329' title='bbox 886 2283 1123 2354; x_wconf 84' lang='lat' dir='ltr'><strong>perfecto</strong></span> <span class='ocrx_word' id='word_1_330' title='bbox 1169 2285 1366 2352; x_wconf 90' lang='lat' dir='ltr'><strong>modo,</strong></span> <span class='ocrx_word' id='word_1_331' title='bbox 1400 2285 1494 2340; x_wconf 91' lang='lat' dir='ltr'><strong>sed</strong></span> <span class='ocrx_word' id='word_1_332' title='bbox 1537 2294 1741 2341; x_wconf 89' lang='lat' dir='ltr'><strong>tantum</strong></span> <span class='ocrx_word' id='word_1_333' title='bbox 1788 2302 1855 2342; x_wconf 79' lang='lat' dir='ltr'><strong>ex</strong></span> <span class='ocrx_word' id='word_1_334' title='bbox 1899 2290 2326 2361; x_wconf 86' lang='lat' dir='ltr'><strong>participatione.</strong></span> <span class='ocrx_word' id='word_1_335' title='bbox 2375 2292 2473 2348; x_wconf 90' lang='lat' dir='ltr'><strong>Ubi</strong></span> <span class='ocrx_word' id='word_1_336' title='bbox 2525 2302 2703 2348; x_wconf 89' lang='lat' dir='ltr'><strong>autem</strong></span> <span class='ocrx_word' id='word_1_337' title='bbox 2749 2293 2866 2348; x_wconf 72' lang='lat' dir='ltr'><strong>haec</strong></span> <span class='ocrx_word' id='word_1_338' title='bbox 2916 2306 3254 2363; x_wconf 88' lang='lat' dir='ltr'><strong>nequaquam</strong></span> <span class='ocrx_word' id='word_1_339' title='bbox 3286 2290 3554 2346; x_wconf 77' lang='lat' dir='ltr'><strong>exsistunt</strong></span> 
     </span>
    </p>
   </div>
   <div class='ocr_carea' id='block_1_41' title="bbox 299 2375 3553 2454">
    <p class='ocr_par' dir='ltr' id='par_1_41' title="bbox 299 2375 3553 2454">
     <span class='ocr_line' id='line_1_41' title="bbox 299 2375 3553 2454; baseline 0.002 -25"><span class='ocrx_word' id='word_1_340' title='bbox 299 2375 544 2443; x_wconf 75' lang='lat' dir='ltr'><strong>perfecto</strong></span> <span class='ocrx_word' id='word_1_341' title='bbox 577 2377 755 2440; x_wconf 85' lang='lat' dir='ltr'><strong>modo,</strong></span> <span class='ocrx_word' id='word_1_342' title='bbox 788 2375 862 2430; x_wconf 90' lang='lat' dir='ltr'><strong>ibi</strong></span> <span class='ocrx_word' id='word_1_343' title='bbox 890 2389 1231 2444; x_wconf 88' lang='lat' dir='ltr'><strong>nequaquam</strong></span> <span class='ocrx_word' id='word_1_344' title='bbox 1282 2383 1366 2431; x_wconf 90' lang='lat' dir='ltr'><strong>est</strong></span> <span class='ocrx_word' id='word_1_345' title='bbox 1413 2376 1711 2431; x_wconf 89' lang='lat' dir='ltr'><strong>increatum</strong></span> <span class='ocrx_word' id='word_1_346' title='bbox 1749 2394 1763 2431; x_wconf 90' lang='lat'>:</span> <span class='ocrx_word' id='word_1_347' title='bbox 1805 2377 1895 2433; x_wconf 89' lang='lat' dir='ltr'><strong>ubi</strong></span> <span class='ocrx_word' id='word_1_348' title='bbox 1929 2380 2072 2434; x_wconf 86' lang='lat' dir='ltr'><strong>enim</strong></span> <span class='ocrx_word' id='word_1_349' title='bbox 2101 2392 2223 2436; x_wconf 90' lang='lat' dir='ltr'><strong>sunt</strong></span> <span class='ocrx_word' id='word_1_350' title='bbox 2253 2383 2506 2448; x_wconf 65' lang='lat' dir='ltr'><strong>tenebrat,</strong></span> <span class='ocrx_word' id='word_1_351' title='bbox 2560 2383 2634 2439; x_wconf 90' lang='lat' dir='ltr'><strong>ibi</strong></span> <span class='ocrx_word' id='word_1_352' title='bbox 2689 2385 3000 2454; x_wconf 91' lang='lat' dir='ltr'><strong>neutiquam</strong></span> <span class='ocrx_word' id='word_1_353' title='bbox 3049 2393 3132 2440; x_wconf 90' lang='lat' dir='ltr'><strong>est</strong></span> <span class='ocrx_word' id='word_1_354' title='bbox 3159 2383 3252 2437; x_wconf 83' lang='lat' dir='ltr'><strong>lux</strong></span> <span class='ocrx_word' id='word_1_355' title='bbox 3277 2398 3293 2448; x_wconf 91' lang='lat'><strong>;</strong></span> <span class='ocrx_word' id='word_1_356' title='bbox 3321 2391 3374 2436; x_wconf 92' lang='lat' dir='ltr'><strong>et</strong></span> <span class='ocrx_word' id='word_1_357' title='bbox 3411 2398 3431 2432; x_wconf 78' lang='grc' dir='ltr'><strong>ι</strong></span> <span class='ocrx_word' id='word_1_358' title='bbox 3462 2379 3553 2434; x_wconf 89' lang='lat' dir='ltr'><strong>ubi</strong></span> 
     </span>
    </p>
   </div>
   <div class='ocr_carea' id='block_1_42' title="bbox 296 2467 3556 2550">
    <p class='ocr_par' dir='ltr' id='par_1_42' title="bbox 296 2467 3556 2550">
     <span class='ocr_line' id='line_1_42' title="bbox 296 2467 3556 2550; baseline 0.002 -27"><span class='ocrx_word' id='word_1_359' title='bbox 296 2479 385 2523; x_wconf 84' lang='lat' dir='ltr'><strong>cst</strong></span> <span class='ocrx_word' id='word_1_360' title='bbox 439 2483 566 2532; x_wconf 80' lang='lat' dir='ltr'><strong>nox,</strong></span> <span class='ocrx_word' id='word_1_361' title='bbox 600 2467 670 2523; x_wconf 90' lang='lat' dir='ltr'><strong>ibi</strong></span> <span class='ocrx_word' id='word_1_362' title='bbox 702 2483 806 2522; x_wconf 90' lang='lat' dir='ltr'><strong>non</strong></span> <span class='ocrx_word' id='word_1_363' title='bbox 861 2479 944 2523; x_wconf 91' lang='grc' dir='ltr'><strong>εει</strong></span> <span class='ocrx_word' id='word_1_364' title='bbox 1000 2468 1136 2524; x_wconf 90' lang='lat' dir='ltr'><strong>dies.</strong></span> <span class='ocrx_word' id='word_1_365' title='bbox 1167 2469 1505 2540; x_wconf 88' lang='lat' dir='ltr'><strong>Quapropter</strong></span> <span class='ocrx_word' id='word_1_366' title='bbox 1539 2490 1558 2523; x_wconf 71' lang='grc' dir='ltr'><strong>ι</strong></span> <span class='ocrx_word' id='word_1_367' title='bbox 1587 2469 1784 2541; x_wconf 93' lang='lat' dir='ltr'><strong>(inquit</strong></span> <span class='ocrx_word' id='word_1_368' title='bbox 1827 2474 1912 2529; x_wconf 88' lang='lat' dir='ltr'><strong>vel</strong></span> <span class='ocrx_word' id='word_1_369' title='bbox 1979 2475 2094 2545; x_wconf 87' lang='lat' dir='ltr'><strong>ipse</strong></span> <span class='ocrx_word' id='word_1_370' title='bbox 2136 2476 2359 2533; x_wconf 86' lang='lat' dir='ltr'><strong>Hermes</strong></span> <span class='ocrx_word' id='word_1_371' title='bbox 2399 2479 2517 2548; x_wconf 73' lang='lat'><strong>(62)</strong></span> <span class='ocrx_word' id='word_1_372' title='bbox 2557 2488 2914 2550; x_wconf 81' lang='lat' dir='ltr'><strong>cognomento</strong></span> <span class='ocrx_word' id='word_1_373' title='bbox 2951 2476 3352 2548; x_wconf 87' lang='lat' dir='ltr'><strong>Trismegistus)</strong></span> <span class='ocrx_word' id='word_1_374' title='bbox 3385 2494 3404 2527; x_wconf 75' lang='grc' dir='ltr'><strong>ι</strong></span> <span class='ocrx_word' id='word_1_375' title='bbox 3433 2473 3556 2530; x_wconf 81' lang='lat' dir='ltr'><strong>ﬁeri</strong></span> 
     </span>
    </p>
   </div>
   <div class='ocr_carea' id='block_1_43' title="bbox 299 2562 3551 2644">
    <p class='ocr_par' dir='ltr' id='par_1_43' title="bbox 299 2562 3551 2644">
     <span class='ocr_line' id='line_1_43' title="bbox 299 2562 3551 2644; baseline 0.003 -28"><span class='ocrx_word' id='word_1_376' title='bbox 299 2563 493 2634; x_wconf 89' lang='lat' dir='ltr'><strong>nequit</strong></span> <span class='ocrx_word' id='word_1_377' title='bbox 545 2569 602 2617; x_wconf 89' lang='lat' dir='ltr'><strong>ut</strong></span> <span class='ocrx_word' id='word_1_378' title='bbox 645 2562 700 2616; x_wconf 90' lang='lat' dir='ltr'><strong>in</strong></span> <span class='ocrx_word' id='word_1_379' title='bbox 740 2562 1078 2631; x_wconf 88' lang='lat' dir='ltr'><strong>generatione</strong></span> <span class='ocrx_word' id='word_1_380' title='bbox 1117 2562 1189 2618; x_wconf 89' lang='lat' dir='ltr'><strong>sit</strong></span> <span class='ocrx_word' id='word_1_381' title='bbox 1234 2564 1468 2631; x_wconf 90' lang='lat' dir='ltr'><strong>bonum;</strong></span> <span class='ocrx_word' id='word_1_382' title='bbox 1523 2565 1620 2620; x_wconf 89' lang='lat' dir='ltr'><strong>sed</strong></span> <span class='ocrx_word' id='word_1_383' title='bbox 1662 2567 1714 2621; x_wconf 91' lang='lat' dir='ltr'><strong>in</strong></span> <span class='ocrx_word' id='word_1_384' title='bbox 1761 2567 1877 2623; x_wconf 89' lang='lat' dir='ltr'><strong>solo</strong></span> <span class='ocrx_word' id='word_1_385' title='bbox 1928 2569 2166 2628; x_wconf 90' lang='lat' dir='ltr'><strong>increato</strong></span> <span class='ocrx_word' id='word_1_386' title='bbox 2203 2587 2323 2629; x_wconf 85' lang='lat' dir='ltr'><strong>esse</strong></span> <span class='ocrx_word' id='word_1_387' title='bbox 2359 2584 2552 2644; x_wconf 86' lang='lat' dir='ltr'><strong>potest.</strong></span> <span class='ocrx_word' id='word_1_388' title='bbox 2612 2573 2763 2631; x_wconf 88' lang='lat' dir='ltr'><strong>Sicut</strong></span> <span class='ocrx_word' id='word_1_389' title='bbox 2807 2582 2984 2630; x_wconf 88' lang='lat' dir='ltr'><strong>autem</strong></span> <span class='ocrx_word' id='word_1_390' title='bbox 3031 2574 3269 2629; x_wconf 90' lang='lat' dir='ltr'><strong>omnium</strong></span> <span class='ocrx_word' id='word_1_391' title='bbox 3326 2570 3551 2643; x_wconf 88' lang='lat' dir='ltr'><strong>partici-</strong></span> 
     </span>
    </p>
   </div>
   <div class='ocr_carea' id='block_1_44' title="bbox 302 2655 1436 2724">
    <p class='ocr_par' dir='ltr' id='par_1_44' title="bbox 302 2655 1436 2724">
     <span class='ocr_line' id='line_1_44' title="bbox 302 2655 1436 2724; baseline 0.001 -16"><span class='ocrx_word' id='word_1_392' title='bbox 302 2656 452 2724; x_wconf 86' lang='lat' dir='ltr'><strong>patio</strong></span> <span class='ocrx_word' id='word_1_393' title='bbox 474 2664 556 2708; x_wconf 90' lang='lat' dir='ltr'><strong>est</strong></span> <span class='ocrx_word' id='word_1_394' title='bbox 581 2656 822 2710; x_wconf 79' lang='lat' dir='ltr'><strong>materiae</strong></span> <span class='ocrx_word' id='word_1_395' title='bbox 845 2656 992 2720; x_wconf 85' lang='lat' dir='ltr'><strong>data,</strong></span> <span class='ocrx_word' id='word_1_396' title='bbox 1025 2655 1103 2710; x_wconf 89' lang='lat' dir='ltr'><strong>sic</strong></span> <span class='ocrx_word' id='word_1_397' title='bbox 1129 2665 1183 2710; x_wconf 92' lang='lat' dir='ltr'><strong>et</strong></span> <span class='ocrx_word' id='word_1_398' title='bbox 1225 2655 1373 2711; x_wconf 89' lang='lat' dir='ltr'><strong>boui.</strong></span> <span class='ocrx_word' id='word_1_399' title='bbox 1415 2675 1436 2709; x_wconf 75' lang='grc' dir='ltr'><strong>ι</strong></span> 
     </span>
    </p>
   </div>
   <div class='ocr_carea' id='block_1_45' title="bbox 357 2749 1876 2824">
    <p class='ocr_par' dir='ltr' id='par_1_45' title="bbox 357 2749 1873 2824">
     <span class='ocr_line' id='line_1_45' title="bbox 357 2749 1873 2824; baseline 0.003 -22"><span class='ocrx_word' id='word_1_400' title='bbox 357 2750 589 2820; x_wconf 83' lang='grc' dir='ltr'>Ὅμοιον</span> <span class='ocrx_word' id='word_1_401' title='bbox 621 2749 802 2803; x_wconf 83' lang='grc' dir='ltr'>τοίνυν</span> <span class='ocrx_word' id='word_1_402' title='bbox 830 2751 926 2804; x_wconf 73' lang='grc' dir='ltr'>καὶ</span> <span class='ocrx_word' id='word_1_403' title='bbox 957 2751 1069 2804; x_wconf 78' lang='grc' dir='ltr'>ἴσον</span> <span class='ocrx_word' id='word_1_404' title='bbox 1094 2751 1155 2804; x_wconf 83' lang='grc' dir='ltr'><strong>τὸ</strong></span> <span class='ocrx_word' id='word_1_405' title='bbox 1178 2751 1329 2820; x_wconf 74' lang='grc' dir='ltr'>ἅγιον</span> <span class='ocrx_word' id='word_1_406' title='bbox 1371 2751 1595 2822; x_wconf 79' lang='grc' dir='ltr'>Πνεῦμα</span> <span class='ocrx_word' id='word_1_407' title='bbox 1645 2753 1742 2824; x_wconf 81' lang='grc' dir='ltr'><strong>τῆς</strong></span> <span class='ocrx_word' id='word_1_408' title='bbox 1778 2751 1873 2807; x_wconf 89' lang='grc' dir='ltr'>τοῦ</span> 
     </span>
    </p>
   </div>
   <div class='ocr_carea' id='block_1_46' title="bbox 1981 2749 3552 2824">
    <p class='ocr_par' dir='ltr' id='par_1_46' title="bbox 2031 2751 3552 2822">
     <span class='ocr_line' id='line_1_46' title="bbox 2031 2751 3552 2822; baseline 0.004 -17"><span class='ocrx_word' id='word_1_409' title='bbox 2031 2751 2212 2821; x_wconf 85' lang='lat' dir='ltr'><strong>Itaque</strong></span> <span class='ocrx_word' id='word_1_410' title='bbox 2228 2751 2487 2822; x_wconf 87' lang='lat' dir='ltr'><strong>Spiritum</strong></span> <span class='ocrx_word' id='word_1_411' title='bbox 2506 2761 2753 2807; x_wconf 91' lang='lat' dir='ltr'><strong>sanctum</strong></span> <span class='ocrx_word' id='word_1_412' title='bbox 2771 2752 2969 2807; x_wconf 91' lang='lat' dir='ltr'><strong>deitate</strong></span> <span class='ocrx_word' id='word_1_413' title='bbox 2985 2752 3215 2808; x_wconf 89' lang='lat' dir='ltr'><strong>similem</strong></span> <span class='ocrx_word' id='word_1_414' title='bbox 3239 2767 3382 2817; x_wconf 86' lang='lat' dir='ltr'><strong>esse,</strong></span> <span class='ocrx_word' id='word_1_415' title='bbox 3399 2763 3453 2810; x_wconf 94' lang='lat' dir='ltr'><strong>et</strong></span> <span class='ocrx_word' id='word_1_416' title='bbox 3474 2770 3552 2811; x_wconf 70' lang='lat' dir='ltr'><strong>ae-</strong></span> 
     </span>
    </p>
   </div>
   <div class='ocr_carea' id='block_1_47' title="bbox 297 2839 1876 2917">
    <p class='ocr_par' dir='ltr' id='par_1_47' title="bbox 297 2839 1876 2917">
     <span class='ocr_line' id='line_1_47' title="bbox 297 2839 1876 2917; baseline 0.004 -25"><span class='ocrx_word' id='word_1_417' title='bbox 297 2840 518 2910; x_wconf 78' lang='grc' dir='ltr'>Πατρὸς</span> <span class='ocrx_word' id='word_1_418' title='bbox 549 2839 645 2893; x_wconf 69' lang='grc' dir='ltr'>καὶ</span> <span class='ocrx_word' id='word_1_419' title='bbox 695 2839 789 2892; x_wconf 88' lang='grc' dir='ltr'>τοῦ</span> <span class='ocrx_word' id='word_1_420' title='bbox 838 2842 1172 2910; x_wconf 84' lang='grc' dir='ltr'><strong>Μονογενοῦς</strong></span> <span class='ocrx_word' id='word_1_421' title='bbox 1213 2843 1494 2914; x_wconf 77' lang='grc' dir='ltr'><strong>θεότητος·</strong></span> <span class='ocrx_word' id='word_1_422' title='bbox 1529 2845 1620 2898; x_wconf 71' lang='grc' dir='ltr'><strong>κα)⁵</strong></span> <span class='ocrx_word' id='word_1_423' title='bbox 1657 2846 1723 2898; x_wconf 78' lang='grc' dir='ltr'>ἐκ</span> <span class='ocrx_word' id='word_1_424' title='bbox 1778 2847 1876 2917; x_wconf 85' lang='grc' dir='ltr'><strong>τῆς</strong></span> 
     </span>
    </p>
   </div>
   <div class='ocr_carea' id='block_1_48' title="bbox 1981 2839 3553 2917">
    <p class='ocr_par' dir='ltr' id='par_1_48' title="bbox 1981 2842 3553 2915">
     <span class='ocr_line' id='line_1_48' title="bbox 1981 2842 3553 2915; baseline 0.005 -18"><span class='ocrx_word' id='word_1_425' title='bbox 1981 2845 2183 2914; x_wconf 81' lang='lat' dir='ltr'><strong>qualem</strong></span> <span class='ocrx_word' id='word_1_426' title='bbox 2203 2843 2368 2910; x_wconf 88' lang='lat' dir='ltr'><strong>Patri,</strong></span> <span class='ocrx_word' id='word_1_427' title='bbox 2383 2853 2544 2914; x_wconf 92' lang='lat' dir='ltr'><strong>atque</strong></span> <span class='ocrx_word' id='word_1_428' title='bbox 2560 2842 2867 2915; x_wconf 86' lang='lat' dir='ltr'><strong>Unigenito,</strong></span> <span class='ocrx_word' id='word_1_429' title='bbox 2883 2858 2950 2899; x_wconf 76' lang='lat' dir='ltr'><strong>ex</strong></span> <span class='ocrx_word' id='word_1_430' title='bbox 2975 2844 3162 2899; x_wconf 88' lang='lat' dir='ltr'><strong>talium</strong></span> <span class='ocrx_word' id='word_1_431' title='bbox 3175 2845 3335 2899; x_wconf 90' lang='lat' dir='ltr'><strong>etiam</strong></span> <span class='ocrx_word' id='word_1_432' title='bbox 3345 2846 3553 2914; x_wconf 89' lang='lat' dir='ltr'><strong>judicio</strong></span> 
     </span>
    </p>
   </div>
   <div class='ocr_carea' id='block_1_49' title="bbox 296 2931 1876 3008">
    <p class='ocr_par' dir='ltr' id='par_1_49' title="bbox 296 2931 1876 3008">
     <span class='ocr_line' id='line_1_49' title="bbox 296 2931 1876 3008; baseline 0.006 -26"><span class='ocrx_word' id='word_1_433' title='bbox 296 2931 407 2983; x_wconf 83' lang='grc' dir='ltr'>τῶν</span> <span class='ocrx_word' id='word_1_434' title='bbox 459 2931 718 2984; x_wconf 82' lang='grc' dir='ltr'><strong>τοιούτων</strong></span> <span class='ocrx_word' id='word_1_435' title='bbox 772 2931 1046 2986; x_wconf 86' lang='grc' dir='ltr'>δείκνυται</span> <span class='ocrx_word' id='word_1_436' title='bbox 1102 2935 1358 3006; x_wconf 87' lang='grc' dir='ltr'>κρίσεως,</span> <span class='ocrx_word' id='word_1_437' title='bbox 1416 2935 1549 2990; x_wconf 82' lang='grc' dir='ltr'>αὐτὸ</span> <span class='ocrx_word' id='word_1_438' title='bbox 1596 2939 1664 3008; x_wconf 79' lang='grc' dir='ltr'>τῇ</span> <span class='ocrx_word' id='word_1_439' title='bbox 1715 2937 1876 3007; x_wconf 81' lang='grc' dir='ltr'>φύσει</span> 
     </span>
    </p>
   </div>
   <div class='ocr_carea' id='block_1_50' title="bbox 1981 2931 3551 3008">
    <p class='ocr_par' dir='ltr' id='par_1_50' title="bbox 1981 2936 3551 3006">
     <span class='ocr_line' id='line_1_50' title="bbox 1981 2936 3551 3006; baseline 0.001 -14"><span class='ocrx_word' id='word_1_440' title='bbox 1981 2936 2302 3002; x_wconf 87' lang='lat' dir='ltr'><strong>ostenditur,</strong></span> <span class='ocrx_word' id='word_1_441' title='bbox 2328 2937 2590 3006; x_wconf 88' lang='lat' dir='ltr'><strong>cumipse</strong></span> <span class='ocrx_word' id='word_1_442' title='bbox 2617 2951 2683 2991; x_wconf 86' lang='lat' dir='ltr'><strong>ex</strong></span> <span class='ocrx_word' id='word_1_443' title='bbox 2705 2946 2896 2992; x_wconf 89' lang='lat' dir='ltr'><strong>natura</strong></span> <span class='ocrx_word' id='word_1_444' title='bbox 2918 2952 3012 2992; x_wconf 89' lang='lat' dir='ltr'><strong>sua</strong></span> <span class='ocrx_word' id='word_1_445' title='bbox 3034 2937 3106 2992; x_wconf 92' lang='lat' dir='ltr'><strong>sit</strong></span> <span class='ocrx_word' id='word_1_446' title='bbox 3122 2945 3175 2990; x_wconf 90' lang='lat' dir='ltr'><strong>et</strong></span> <span class='ocrx_word' id='word_1_447' title='bbox 3191 2939 3473 3005; x_wconf 89' lang='lat' dir='ltr'><strong>sanctitas,</strong></span> <span class='ocrx_word' id='word_1_448' title='bbox 3495 2949 3551 2996; x_wconf 89' lang='lat' dir='ltr'><strong>et.</strong></span> 
     </span>
    </p>
   </div>
   <div class='ocr_carea' id='block_1_51' title="bbox 296 3017 1876 3098">
    <p class='ocr_par' dir='ltr' id='par_1_51' title="bbox 296 3017 1876 3096">
     <span class='ocr_line' id='line_1_51' title="bbox 296 3017 1876 3096; baseline 0.007 -27"><span class='ocrx_word' id='word_1_449' title='bbox 296 3017 548 3087; x_wconf 79' lang='grc' dir='ltr'>ἁγιότης,</span> <span class='ocrx_word' id='word_1_450' title='bbox 584 3017 679 3072; x_wconf 83' lang='grc' dir='ltr'>καὶ</span> <span class='ocrx_word' id='word_1_451' title='bbox 731 3018 1021 3091; x_wconf 85' lang='grc' dir='ltr'><strong>ἀγαθότης,</strong></span> <span class='ocrx_word' id='word_1_452' title='bbox 1067 3023 1160 3075; x_wconf 78' lang='grc' dir='ltr'>καὶ</span> <span class='ocrx_word' id='word_1_453' title='bbox 1201 3023 1429 3095; x_wconf 82' lang='grc' dir='ltr'>δύναμις</span> <span class='ocrx_word' id='word_1_454' title='bbox 1478 3025 1742 3096; x_wconf 84' lang='grc' dir='ltr'><strong>ὑπάρχον,</strong></span> <span class='ocrx_word' id='word_1_455' title='bbox 1783 3027 1876 3081; x_wconf 77' lang='grc' dir='ltr'>ἅτε</span> 
     </span>
    </p>
   </div>
   <div class='ocr_carea' id='block_1_52' title="bbox 1981 3017 3542 3098">
    <p class='ocr_par' dir='ltr' id='par_1_52' title="bbox 1981 3027 3542 3098">
     <span class='ocr_line' id='line_1_52' title="bbox 1981 3027 3542 3098; baseline 0.001 -14"><span class='ocrx_word' id='word_1_456' title='bbox 1981 3029 2218 3095; x_wconf 90' lang='lat' dir='ltr'><strong>bonitas,</strong></span> <span class='ocrx_word' id='word_1_457' title='bbox 2251 3035 2306 3084; x_wconf 87' lang='lat' dir='ltr'><strong>et</strong></span> <span class='ocrx_word' id='word_1_458' title='bbox 2335 3027 2593 3098; x_wconf 85' lang='lat' dir='ltr'><strong>potentia,</strong></span> <span class='ocrx_word' id='word_1_459' title='bbox 2641 3027 2837 3098; x_wconf 85' lang='lat' dir='ltr'><strong>quippe</strong></span> <span class='ocrx_word' id='word_1_460' title='bbox 2873 3028 2963 3098; x_wconf 93' lang='lat' dir='ltr'><strong>qui</strong></span> <span class='ocrx_word' id='word_1_461' title='bbox 3009 3037 3092 3083; x_wconf 90' lang='lat' dir='ltr'><strong>est</strong></span> <span class='ocrx_word' id='word_1_462' title='bbox 3122 3043 3262 3083; x_wconf 90' lang='lat' dir='ltr'><strong>unus</strong></span> <span class='ocrx_word' id='word_1_463' title='bbox 3303 3044 3370 3084; x_wconf 82' lang='lat' dir='ltr'><strong>ex</strong></span> <span class='ocrx_word' id='word_1_464' title='bbox 3414 3045 3542 3086; x_wconf 91' lang='lat' dir='ltr'><strong>uno.</strong></span> 
     </span>
    </p>
   </div>
   <div class='ocr_carea' id='block_1_53' title="bbox 297 3106 1876 3190">
    <p class='ocr_par' dir='ltr' id='par_1_53' title="bbox 297 3106 1872 3188">
     <span class='ocr_line' id='line_1_53' title="bbox 297 3106 1872 3188; baseline 0.007 -30"><span class='ocrx_word' id='word_1_465' title='bbox 297 3109 356 3158; x_wconf 81' lang='grc' dir='ltr'><strong>ἓν</strong></span> <span class='ocrx_word' id='word_1_466' title='bbox 390 3107 448 3160; x_wconf 77' lang='grc' dir='ltr'><strong>ὃν</strong></span> <span class='ocrx_word' id='word_1_467' title='bbox 481 3109 548 3160; x_wconf 83' lang='grc' dir='ltr'>ὲκ</span> <span class='ocrx_word' id='word_1_468' title='bbox 589 3106 686 3161; x_wconf 83' lang='grc' dir='ltr'>τοῦ</span> <span class='ocrx_word' id='word_1_469' title='bbox 724 3109 860 3172; x_wconf 83' lang='grc' dir='ltr'>ἑνός.</span> <span class='ocrx_word' id='word_1_470' title='bbox 909 3109 1060 3164; x_wconf 80' lang='grc' dir='ltr'>Ἐπεὶ</span> <span class='ocrx_word' id='word_1_471' title='bbox 1096 3112 1228 3183; x_wconf 77' lang='grc' dir='ltr'>πρὸς</span> <span class='ocrx_word' id='word_1_472' title='bbox 1266 3112 1366 3185; x_wconf 82' lang='grc' dir='ltr'>τὴν</span> <span class='ocrx_word' id='word_1_473' title='bbox 1399 3114 1622 3168; x_wconf 80' lang='grc' dir='ltr'>ἐκείνων</span> <span class='ocrx_word' id='word_1_474' title='bbox 1658 3117 1872 3188; x_wconf 83' lang='grc' dir='ltr'>ἐρισχε-</span> 
     </span>
    </p>
   </div>
   <div class='ocr_carea' id='block_1_54' title="bbox 1981 3106 3550 3190">
    <p class='ocr_par' dir='ltr' id='par_1_54' title="bbox 1981 3118 3550 3190">
     <span class='ocr_line' id='line_1_54' title="bbox 1981 3118 3550 3190; baseline -0.001 -16"><span class='ocrx_word' id='word_1_475' title='bbox 1981 3119 2232 3190; x_wconf 85' lang='lat' dir='ltr'><strong>Alioquin</strong></span> <span class='ocrx_word' id='word_1_476' title='bbox 2289 3133 2358 3174; x_wconf 92' lang='lat' dir='ltr'><strong>ne</strong></span> <span class='ocrx_word' id='word_1_477' title='bbox 2402 3118 2517 3189; x_wconf 88' lang='lat' dir='ltr'><strong>ipse</strong></span> <span class='ocrx_word' id='word_1_478' title='bbox 2545 3118 2759 3188; x_wconf 87' lang='lat' dir='ltr'><strong>quidem</strong></span> <span class='ocrx_word' id='word_1_479' title='bbox 2789 3128 2978 3172; x_wconf 87' lang='lat' dir='ltr'><strong>natura</strong></span> <span class='ocrx_word' id='word_1_480' title='bbox 3006 3118 3238 3189; x_wconf 85' lang='lat' dir='ltr'><strong>optimus</strong></span> <span class='ocrx_word' id='word_1_481' title='bbox 3269 3128 3324 3173; x_wconf 91' lang='grc' dir='ltr'><strong>ει</strong></span> <span class='ocrx_word' id='word_1_482' title='bbox 3368 3119 3550 3190; x_wconf 87' lang='lat' dir='ltr'><strong>propi-</strong></span> 
     </span>
    </p>
   </div>
   <div class='ocr_carea' id='block_1_55' title="bbox 296 3197 1876 3294">
    <p class='ocr_par' dir='ltr' id='par_1_55' title="bbox 296 3197 1870 3274">
     <span class='ocr_line' id='line_1_55' title="bbox 296 3197 1870 3274; baseline 0.006 -27"><span class='ocrx_word' id='word_1_483' title='bbox 296 3197 417 3251; x_wconf 77' lang='grc' dir='ltr'>λίαν</span> <span class='ocrx_word' id='word_1_484' title='bbox 449 3197 578 3251; x_wconf 74' lang='grc' dir='ltr'>οὔτε</span> <span class='ocrx_word' id='word_1_485' title='bbox 605 3200 636 3251; x_wconf 97' lang='lat'><strong>6</strong></span> <span class='ocrx_word' id='word_1_486' title='bbox 666 3198 1014 3267; x_wconf 83' lang='grc' dir='ltr'>ἀγαθώτατος</span> <span class='ocrx_word' id='word_1_487' title='bbox 1044 3201 1136 3254; x_wconf 76' lang='grc' dir='ltr'>καὶ</span> <span class='ocrx_word' id='word_1_488' title='bbox 1168 3201 1293 3255; x_wconf 82' lang='grc' dir='ltr'>ἵλεω</span> <span class='ocrx_word' id='word_1_489' title='bbox 1321 3201 1418 3274; x_wconf 80' lang='grc' dir='ltr'><strong>τὴν</strong></span> <span class='ocrx_word' id='word_1_490' title='bbox 1452 3202 1612 3272; x_wconf 80' lang='grc' dir='ltr'>φύσιν</span> <span class='ocrx_word' id='word_1_491' title='bbox 1638 3204 1766 3267; x_wconf 79' lang='grc' dir='ltr'>Υἱὸς</span> <span class='ocrx_word' id='word_1_492' title='bbox 1791 3204 1870 3257; x_wconf 79' lang='grc' dir='ltr'>ἔτι</span> 
     </span>
    </p>
   </div>
   <div class='ocr_carea' id='block_1_56' title="bbox 1981 3197 3543 3294">
    <p class='ocr_par' dir='ltr' id='par_1_56' title="bbox 1981 3209 3543 3282">
     <span class='ocr_line' id='line_1_56' title="bbox 1981 3209 3543 3282; baseline -0.001 -17"><span class='ocrx_word' id='word_1_493' title='bbox 1981 3211 2085 3266; x_wconf 87' lang='grc' dir='ltr'><strong>ιίυε</strong></span> <span class='ocrx_word' id='word_1_494' title='bbox 2107 3210 2220 3282; x_wconf 75' lang='grc'><strong>(65)</strong></span> <span class='ocrx_word' id='word_1_495' title='bbox 2254 3209 2422 3267; x_wconf 88' lang='lat' dir='ltr'><strong>Filius</strong></span> <span class='ocrx_word' id='word_1_496' title='bbox 2471 3209 2644 3264; x_wconf 87' lang='lat' dir='ltr'><strong>bonus</strong></span> <span class='ocrx_word' id='word_1_497' title='bbox 2671 3210 2794 3275; x_wconf 91' lang='lat' dir='ltr'><strong>erit,</strong></span> <span class='ocrx_word' id='word_1_498' title='bbox 2829 3209 2872 3266; x_wconf 88' lang='lat' dir='ltr'><strong>si</strong></span> <span class='ocrx_word' id='word_1_499' title='bbox 2922 3209 3138 3263; x_wconf 89' lang='lat' dir='ltr'><strong>illorum</strong></span> <span class='ocrx_word' id='word_1_500' title='bbox 3171 3209 3543 3265; x_wconf 90' lang='lat' dir='ltr'><strong>ratiocinatio-</strong></span> 
     </span>
    </p>
   </div>
   <div class='ocr_carea' id='block_1_57' title="bbox 308 3288 1876 3368">
    <p class='ocr_par' dir='ltr' id='par_1_57' title="bbox 308 3288 1873 3365">
     <span class='ocr_line' id='line_1_57' title="bbox 308 3288 1873 3365; baseline 0.006 -26"><span class='ocrx_word' id='word_1_501' title='bbox 308 3288 508 3355; x_wconf 78' lang='grc' dir='ltr'>ἀγαθὸς</span> <span class='ocrx_word' id='word_1_502' title='bbox 542 3288 697 3343; x_wconf 76' lang='grc' dir='ltr'>ἔσται</span> <span class='ocrx_word' id='word_1_503' title='bbox 715 3309 733 3322; x_wconf 76' lang='grc' dir='ltr'><strong>ο</strong></span> <span class='ocrx_word' id='word_1_504' title='bbox 761 3291 950 3363; x_wconf 79' lang='grc' dir='ltr'><strong>ἐπειδὴ</strong></span> <span class='ocrx_word' id='word_1_505' title='bbox 983 3292 1056 3362; x_wconf 80' lang='grc' dir='ltr'>μὴ</span> <span class='ocrx_word' id='word_1_506' title='bbox 1092 3295 1465 3364; x_wconf 78' lang='grc' dir='ltr'><strong>συνηνωμένον</strong></span> <span class='ocrx_word' id='word_1_507' title='bbox 1493 3294 1606 3365; x_wconf 77' lang='grc' dir='ltr'><strong>ἔχει</strong></span> <span class='ocrx_word' id='word_1_508' title='bbox 1633 3294 1713 3359; x_wconf 80' lang='grc' dir='ltr'><strong>τὸ,</strong></span> <span class='ocrx_word' id='word_1_509' title='bbox 1736 3317 1753 3347; x_wconf 76' lang='grc' dir='ltr'><strong>ι</strong></span> <span class='ocrx_word' id='word_1_510' title='bbox 1778 3289 1873 3359; x_wconf 78' lang='grc' dir='ltr'><strong>Εἷς</strong></span> 
     </span>
    </p>
   </div>
   <div class='ocr_carea' id='block_1_58' title="bbox 1981 3288 3552 3368">
    <p class='ocr_par' dir='ltr' id='par_1_58' title="bbox 1981 3295 3552 3368">
     <span class='ocr_line' id='line_1_58' title="bbox 1981 3295 3552 3368; baseline -0.002 -15"><span class='ocrx_word' id='word_1_511' title='bbox 1981 3298 2468 3368; x_wconf 55' lang='lat' dir='ltr'><strong>neurcavillationis</strong></span> <span class='ocrx_word' id='word_1_512' title='bbox 2519 3297 2634 3368; x_wconf 74' lang='grc'><strong>(64)</strong></span> <span class='ocrx_word' id='word_1_513' title='bbox 2659 3307 2712 3353; x_wconf 90' lang='grc' dir='ltr'><strong>ει</strong></span> <span class='ocrx_word' id='word_1_514' title='bbox 2733 3297 3050 3366; x_wconf 72' lang='lat' dir='ltr'><strong>pervicacia:</strong></span> <span class='ocrx_word' id='word_1_515' title='bbox 3071 3295 3281 3365; x_wconf 87' lang='lat' dir='ltr'><strong>plenam</strong></span> <span class='ocrx_word' id='word_1_516' title='bbox 3308 3295 3552 3350; x_wconf 87' lang='lat' dir='ltr'><strong>attenda-</strong></span> 
     </span>
    </p>
   </div>
   <div class='ocr_carea' id='block_1_59' title="bbox 305 3381 1877 3456">
    <p class='ocr_par' dir='ltr' id='par_1_59' title="bbox 305 3381 1877 3456">
     <span class='ocr_line' id='line_1_59' title="bbox 305 3381 1877 3456; baseline 0.006 -24"><span class='ocrx_word' id='word_1_517' title='bbox 305 3381 439 3443; x_wconf 79' lang='grc' dir='ltr'><strong>Θεός</strong></span> <span class='ocrx_word' id='word_1_518' title='bbox 456 3397 472 3411; x_wconf 67' lang='grc' dir='ltr'><strong>ο</strong></span> <span class='ocrx_word' id='word_1_519' title='bbox 497 3401 518 3433; x_wconf 74' lang='grc' dir='ltr'><strong>ι</strong></span> <span class='ocrx_word' id='word_1_520' title='bbox 548 3381 672 3435; x_wconf 74' lang='grc' dir='ltr'>οὔτε</span> <span class='ocrx_word' id='word_1_521' title='bbox 713 3383 818 3454; x_wconf 78' lang='grc' dir='ltr'><strong>μὴν</strong></span> <span class='ocrx_word' id='word_1_522' title='bbox 847 3386 876 3437; x_wconf 88' lang='lat'><strong>6</strong></span> <span class='ocrx_word' id='word_1_523' title='bbox 911 3383 1416 3456; x_wconf 84' lang='grc' dir='ltr'>φιλανθρωπότατος</span> <span class='ocrx_word' id='word_1_524' title='bbox 1439 3389 1535 3441; x_wconf 79' lang='grc' dir='ltr'>καὶ</span> <span class='ocrx_word' id='word_1_525' title='bbox 1563 3387 1684 3451; x_wconf 81' lang='grc' dir='ltr'>ὅλος</span> <span class='ocrx_word' id='word_1_526' title='bbox 1720 3388 1877 3451; x_wconf 80' lang='grc' dir='ltr'>ἵλεως</span> 
     </span>
    </p>
   </div>
   <div class='ocr_carea' id='block_1_60' title="bbox 309 3471 1876 3551">
    <p class='ocr_par' dir='ltr' id='par_1_60' title="bbox 309 3471 1876 3551">
     <span class='ocr_line' id='line_1_60' title="bbox 309 3471 1876 3551; baseline 0.006 -29"><span class='ocrx_word' id='word_1_527' title='bbox 309 3471 502 3542; x_wconf 74' lang='grc' dir='ltr'>Πατὴρ</span> <span class='ocrx_word' id='word_1_528' title='bbox 524 3473 614 3525; x_wconf 76' lang='grc' dir='ltr'>καὶ</span> <span class='ocrx_word' id='word_1_529' title='bbox 638 3475 666 3526; x_wconf 92' lang='lat'><strong>6</strong></span> <span class='ocrx_word' id='word_1_530' title='bbox 695 3473 822 3536; x_wconf 73' lang='grc' dir='ltr'>Υἱὸς</span> <span class='ocrx_word' id='word_1_531' title='bbox 843 3473 1054 3540; x_wconf 78' lang='grc' dir='ltr'>ἕξουσιν</span> <span class='ocrx_word' id='word_1_532' title='bbox 1077 3476 1320 3547; x_wconf 82' lang='grc' dir='ltr'>ἐπίσημα</span> <span class='ocrx_word' id='word_1_533' title='bbox 1348 3478 1415 3531; x_wconf 82' lang='grc' dir='ltr'>τὰ</span> <span class='ocrx_word' id='word_1_534' title='bbox 1441 3479 1876 3551; x_wconf 81' lang='grc' dir='ltr'>μνημονευθέντα</span> 
     </span>
    </p>
   </div>
   <div class='ocr_carea' id='block_1_61' title="bbox 308 3565 1874 3639">
    <p class='ocr_par' dir='ltr' id='par_1_61' title="bbox 308 3565 1874 3639">
     <span class='ocr_line' id='line_1_61' title="bbox 308 3565 1874 3639; baseline 0.004 -22"><span class='ocrx_word' id='word_1_535' title='bbox 308 3565 551 3634; x_wconf 77' lang='grc' dir='ltr'>ὀνόματα</span> <span class='ocrx_word' id='word_1_536' title='bbox 593 3566 689 3637; x_wconf 75' lang='grc' dir='ltr'><strong>τῆς</strong></span> <span class='ocrx_word' id='word_1_537' title='bbox 734 3565 1013 3639; x_wconf 56' lang='grc' dir='ltr'>θεότητος</span> <span class='ocrx_word' id='word_1_538' title='bbox 1059 3570 1195 3622; x_wconf 80' lang='grc' dir='ltr'>ἀλλὰ</span> <span class='ocrx_word' id='word_1_539' title='bbox 1236 3571 1329 3625; x_wconf 77' lang='grc' dir='ltr'><strong>καὶ</strong></span> <span class='ocrx_word' id='word_1_540' title='bbox 1359 3571 1426 3625; x_wconf 83' lang='grc' dir='ltr'><strong>δι’</strong></span> <span class='ocrx_word' id='word_1_541' title='bbox 1468 3572 1647 3626; x_wconf 79' lang='grc' dir='ltr'>αὐτῶν</span> <span class='ocrx_word' id='word_1_542' title='bbox 1682 3573 1874 3626; x_wconf 78' lang='grc' dir='ltr'>ὑποϐι-</span> 
     </span>
    </p>
   </div>
   <div class='ocr_carea' id='block_1_62' title="bbox 307 3652 1873 3735">
    <p class='ocr_par' dir='ltr' id='par_1_62' title="bbox 307 3652 1873 3735">
     <span class='ocr_line' id='line_1_62' title="bbox 307 3652 1873 3735; baseline 0.005 -26"><span class='ocrx_word' id='word_1_543' title='bbox 307 3657 666 3728; x_wconf 76' lang='grc' dir='ltr'><strong>6ασθήσονται</strong></span> <span class='ocrx_word' id='word_1_544' title='bbox 691 3652 823 3722; x_wconf 77' lang='grc' dir='ltr'>οἷον,</span> <span class='ocrx_word' id='word_1_545' title='bbox 853 3659 928 3724; x_wconf 85' lang='grc' dir='ltr'>ὡς</span> <span class='ocrx_word' id='word_1_546' title='bbox 953 3660 1072 3725; x_wconf 79' lang='grc' dir='ltr'>ἔθος</span> <span class='ocrx_word' id='word_1_547' title='bbox 1093 3662 1270 3717; x_wconf 86' lang='grc' dir='ltr'>λαλεῖν</span> <span class='ocrx_word' id='word_1_548' title='bbox 1295 3665 1610 3735; x_wconf 78' lang='grc' dir='ltr'>αἱρετικοίς,</span> <span class='ocrx_word' id='word_1_549' title='bbox 1641 3667 1722 3727; x_wconf 84' lang='grc' dir='ltr'><strong>είς</strong></span> <span class='ocrx_word' id='word_1_550' title='bbox 1747 3665 1873 3728; x_wconf 85' lang='grc' dir='ltr'>τοὺς</span> 
     </span>
    </p>
   </div>
   <div class='ocr_carea' id='block_1_63' title="bbox 303 3751 1875 3828">
    <p class='ocr_par' dir='ltr' id='par_1_63' title="bbox 303 3751 1875 3828">
     <span class='ocr_line' id='line_1_63' title="bbox 303 3751 1875 3828; baseline 0.006 -26"><span class='ocrx_word' id='word_1_551' title='bbox 303 3751 626 3822; x_wconf 69' lang='grc' dir='ltr'>ὁμωνύμους</span> <span class='ocrx_word' id='word_1_552' title='bbox 675 3755 843 3824; x_wconf 75' lang='grc' dir='ltr'>ἡμᾶς.</span> <span class='ocrx_word' id='word_1_553' title='bbox 888 3753 1060 3808; x_wconf 81' lang='grc' dir='ltr'><strong>’Ἱλαθι</strong></span> <span class='ocrx_word' id='word_1_554' title='bbox 1110 3755 1188 3822; x_wconf 82' lang='grc' dir='ltr'>δὲ,</span> <span class='ocrx_word' id='word_1_555' title='bbox 1243 3757 1374 3826; x_wconf 83' lang='grc' dir='ltr'>ἁγία</span> <span class='ocrx_word' id='word_1_556' title='bbox 1433 3757 1622 3828; x_wconf 84' lang='grc' dir='ltr'>Τριάς.</span> <span class='ocrx_word' id='word_1_557' title='bbox 1675 3757 1815 3810; x_wconf 76' lang='grc' dir='ltr'>Ἀλλ’</span> <span class='ocrx_word' id='word_1_558' title='bbox 1845 3759 1875 3811; x_wconf 87' lang='lat'><strong>6</strong></span> 
     </span>
    </p>
   </div>
   <div class='ocr_carea' id='block_1_64' title="bbox 301 3843 1876 3920">
    <p class='ocr_par' dir='ltr' id='par_1_64' title="bbox 301 3843 1876 3920">
     <span class='ocr_line' id='line_1_64' title="bbox 301 3843 1876 3920; baseline 0.005 -26"><span class='ocrx_word' id='word_1_559' title='bbox 301 3843 448 3907; x_wconf 78' lang='grc' dir='ltr'>Υἱὸς,</span> <span class='ocrx_word' id='word_1_560' title='bbox 478 3844 665 3914; x_wconf 66' lang='grc' dir='ltr'>φησιν,</span> <span class='ocrx_word' id='word_1_561' title='bbox 697 3845 1198 3917; x_wconf 77' lang='grc' dir='ltr'>συναπογεννηθεὶς,</span> <span class='ocrx_word' id='word_1_562' title='bbox 1231 3847 1467 3918; x_wconf 80' lang='grc' dir='ltr'>ἔμφυτον</span> <span class='ocrx_word' id='word_1_563' title='bbox 1488 3847 1600 3918; x_wconf 74' lang='grc' dir='ltr'>ἔχει</span> <span class='ocrx_word' id='word_1_564' title='bbox 1622 3847 1720 3920; x_wconf 84' lang='grc' dir='ltr'><strong>τὴν</strong></span> <span class='ocrx_word' id='word_1_565' title='bbox 1743 3849 1876 3918; x_wconf 83' lang='grc' dir='ltr'><strong>ἀγα-</strong></span> 
     </span>
    </p>
   </div>
   <div class='ocr_carea' id='block_1_65' title="bbox 299 3934 1876 4011">
    <p class='ocr_par' dir='ltr' id='par_1_65' title="bbox 299 3934 1876 4011">
     <span class='ocr_line' id='line_1_65' title="bbox 299 3934 1876 4011; baseline 0.004 -24"><span class='ocrx_word' id='word_1_566' title='bbox 299 3934 524 4005; x_wconf 76' lang='grc' dir='ltr'>θότητα,</span> <span class='ocrx_word' id='word_1_567' title='bbox 580 3938 677 3988; x_wconf 74' lang='grc' dir='ltr'>καὶ</span> <span class='ocrx_word' id='word_1_568' title='bbox 716 3935 785 3990; x_wconf 84' lang='grc' dir='ltr'>τὰ</span> <span class='ocrx_word' id='word_1_569' title='bbox 829 3937 963 3990; x_wconf 84' lang='grc' dir='ltr'>ἄλλα</span> <span class='ocrx_word' id='word_1_570' title='bbox 1007 3940 1108 3992; x_wconf 82' lang='grc' dir='ltr'><strong>ὅσα</strong></span> <span class='ocrx_word' id='word_1_571' title='bbox 1154 3941 1182 3992; x_wconf 89' lang='lat'><strong>6</strong></span> <span class='ocrx_word' id='word_1_572' title='bbox 1224 3940 1433 4011; x_wconf 83' lang='grc' dir='ltr'><strong>Πατήρ.</strong></span> <span class='ocrx_word' id='word_1_573' title='bbox 1481 3939 1641 3993; x_wconf 82' lang='grc' dir='ltr'><strong>Ἀλλά</strong></span> <span class='ocrx_word' id='word_1_574' title='bbox 1678 3941 1772 3993; x_wconf 64' lang='grc' dir='ltr'><strong>καὶ¹</strong></span> <span class='ocrx_word' id='word_1_575' title='bbox 1814 3940 1876 3993; x_wconf 82' lang='grc' dir='ltr'>τὸ</span> 
     </span>
    </p>
   </div>
   <div class='ocr_carea' id='block_1_66' title="bbox 301 4025 1868 4100">
    <p class='ocr_par' dir='ltr' id='par_1_66' title="bbox 301 4025 1868 4100">
     <span class='ocr_line' id='line_1_66' title="bbox 301 4025 1868 4100; baseline 0.004 -20"><span class='ocrx_word' id='word_1_576' title='bbox 301 4027 460 4095; x_wconf 71' lang='grc' dir='ltr'>ἅγιον</span> <span class='ocrx_word' id='word_1_577' title='bbox 520 4025 748 4098; x_wconf 79' lang='grc' dir='ltr'>Πνεῦμα</span> <span class='ocrx_word' id='word_1_578' title='bbox 805 4029 1250 4100; x_wconf 86' lang='grc' dir='ltr'>συνεκπορευθὲν,</span> <span class='ocrx_word' id='word_1_579' title='bbox 1303 4029 1444 4083; x_wconf 81' lang='grc' dir='ltr'>κατὰ</span> <span class='ocrx_word' id='word_1_580' title='bbox 1494 4031 1657 4099; x_wconf 85' lang='grc' dir='ltr'>φύσιν</span> <span class='ocrx_word' id='word_1_581' title='bbox 1713 4032 1868 4086; x_wconf 75' lang='grc' dir='ltr'>ἐστὶν</span> 
     </span>
    </p>
   </div>
   <div class='ocr_carea' id='block_1_67' title="bbox 298 4116 1869 4192">
    <p class='ocr_par' dir='ltr' id='par_1_67' title="bbox 298 4116 1869 4192">
     <span class='ocr_line' id='line_1_67' title="bbox 298 4116 1869 4192; baseline 0.004 -24"><span class='ocrx_word' id='word_1_582' title='bbox 298 4116 529 4184; x_wconf 81' lang='grc' dir='ltr'>ἀγαθὸν,</span> <span class='ocrx_word' id='word_1_583' title='bbox 558 4116 656 4168; x_wconf 75' lang='grc' dir='ltr'>καὶ</span> <span class='ocrx_word' id='word_1_584' title='bbox 705 4117 806 4170; x_wconf 86' lang='grc' dir='ltr'><strong>ὅσα</strong></span> <span class='ocrx_word' id='word_1_585' title='bbox 841 4119 870 4169; x_wconf 91' lang='grc' dir='ltr'>ὁ</span> <span class='ocrx_word' id='word_1_586' title='bbox 906 4117 1038 4181; x_wconf 85' lang='grc' dir='ltr'><strong>Θεὸς</strong></span> <span class='ocrx_word' id='word_1_587' title='bbox 1088 4119 1296 4189; x_wconf 84' lang='grc' dir='ltr'>Πατήρ.</span> <span class='ocrx_word' id='word_1_588' title='bbox 1333 4121 1394 4172; x_wconf 80' lang='lat' dir='ltr'><strong>Ei</strong></span> <span class='ocrx_word' id='word_1_589' title='bbox 1444 4120 1543 4190; x_wconf 85' lang='grc' dir='ltr'>μὲν</span> <span class='ocrx_word' id='word_1_590' title='bbox 1595 4116 1687 4174; x_wconf 75' lang='grc' dir='ltr'>οὖν</span> <span class='ocrx_word' id='word_1_591' title='bbox 1740 4122 1869 4192; x_wconf 75' lang='grc' dir='ltr'>περὶ</span> 
     </span>
    </p>
   </div>
   <div class='ocr_carea' id='block_1_68' title="bbox 298 4207 1870 4283">
    <p class='ocr_par' dir='ltr' id='par_1_68' title="bbox 298 4207 1870 4283">
     <span class='ocr_line' id='line_1_68' title="bbox 298 4207 1870 4283; baseline 0.002 -23"><span class='ocrx_word' id='word_1_592' title='bbox 298 4209 410 4261; x_wconf 79' lang='grc' dir='ltr'>τῶν</span> <span class='ocrx_word' id='word_1_593' title='bbox 451 4208 726 4277; x_wconf 82' lang='grc' dir='ltr'>τυχόντων</span> <span class='ocrx_word' id='word_1_594' title='bbox 758 4209 790 4279; x_wconf 83' lang='grc' dir='ltr'>ἢ</span> <span class='ocrx_word' id='word_1_595' title='bbox 831 4208 1098 4278; x_wconf 86' lang='grc' dir='ltr'>βιωτικῶν</span> <span class='ocrx_word' id='word_1_596' title='bbox 1142 4211 1482 4281; x_wconf 82' lang='grc' dir='ltr'>πραγμάτων</span> <span class='ocrx_word' id='word_1_597' title='bbox 1521 4207 1588 4283; x_wconf 77' lang='grc' dir='ltr'><strong>ἦν</strong></span> <span class='ocrx_word' id='word_1_598' title='bbox 1621 4211 1802 4275; x_wconf 83' lang='grc' dir='ltr'>αὐτοῖς</span> <span class='ocrx_word' id='word_1_599' title='bbox 1836 4214 1870 4283; x_wconf 88' lang='grc' dir='ltr'>ή</span> 
     </span>
    </p>
   </div>
   <div class='ocr_carea' id='block_1_69' title="bbox 299 4299 1876 4374">
    <p class='ocr_par' dir='ltr' id='par_1_69' title="bbox 299 4299 1876 4374">
     <span class='ocr_line' id='line_1_69' title="bbox 299 4299 1876 4374; baseline 0.003 -22"><span class='ocrx_word' id='word_1_600' title='bbox 299 4299 563 4365; x_wconf 71' lang='grc' dir='ltr'>διάλεξις,</span> <span class='ocrx_word' id='word_1_601' title='bbox 589 4301 768 4364; x_wconf 81' lang='grc' dir='ltr'>καλῶς</span> <span class='ocrx_word' id='word_1_602' title='bbox 787 4299 852 4354; x_wconf 83' lang='grc' dir='ltr'>ἂν</span> <span class='ocrx_word' id='word_1_603' title='bbox 877 4301 1057 4364; x_wconf 79' lang='grc' dir='ltr'>αὐτοῖς</span> <span class='ocrx_word' id='word_1_604' title='bbox 1085 4300 1196 4354; x_wconf 77' lang='grc' dir='ltr'><strong>ἐσθ’</strong></span> <span class='ocrx_word' id='word_1_605' title='bbox 1223 4303 1309 4355; x_wconf 84' lang='grc' dir='ltr'><strong>ὅτε</strong></span> <span class='ocrx_word' id='word_1_606' title='bbox 1339 4303 1494 4374; x_wconf 88' lang='grc' dir='ltr'>χρεία</span> <span class='ocrx_word' id='word_1_607' title='bbox 1516 4304 1723 4372; x_wconf 77' lang='grc' dir='ltr'>ἐγίνετο</span> <span class='ocrx_word' id='word_1_608' title='bbox 1745 4321 1806 4357; x_wconf 90' lang='grc' dir='ltr'>συ</span> <span class='ocrx_word' id='word_1_609' title='bbox 1816 4321 1876 4374; x_wconf 88' lang='grc' dir='ltr'>μ-</span> 
     </span>
    </p>
   </div>
   <div class='ocr_carea' id='block_1_70' title="bbox 303 4391 1873 4466">
    <p class='ocr_par' dir='ltr' id='par_1_70' title="bbox 303 4391 1873 4466">
     <span class='ocr_line' id='line_1_70' title="bbox 303 4391 1873 4466; baseline 0.003 -22"><span class='ocrx_word' id='word_1_610' title='bbox 303 4392 574 4445; x_wconf 76' lang='grc' dir='ltr'><strong>πλάσσειν</strong></span> <span class='ocrx_word' id='word_1_611' title='bbox 607 4391 806 4463; x_wconf 77' lang='grc' dir='ltr'>μύθους</span> <span class='ocrx_word' id='word_1_612' title='bbox 831 4392 1003 4457; x_wconf 84' lang='grc' dir='ltr'>τινὰς,</span> <span class='ocrx_word' id='word_1_613' title='bbox 1030 4393 1122 4446; x_wconf 75' lang='grc' dir='ltr'>καὶ</span> <span class='ocrx_word' id='word_1_614' title='bbox 1157 4393 1556 4466; x_wconf 83' lang='grc' dir='ltr'>Ἀριστοτελικῇ</span> <span class='ocrx_word' id='word_1_615' title='bbox 1582 4394 1739 4466; x_wconf 80' lang='grc' dir='ltr'>δῆθεν</span> <span class='ocrx_word' id='word_1_616' title='bbox 1760 4395 1873 4448; x_wconf 83' lang='grc' dir='ltr'>δει-</span> 
     </span>
    </p>
   </div>
   <div class='ocr_carea' id='block_1_71' title="bbox 302 4486 1873 4561">
    <p class='ocr_par' dir='ltr' id='par_1_71' title="bbox 302 4486 1873 4561">
     <span class='ocr_line' id='line_1_71' title="bbox 302 4486 1873 4561; baseline 0.003 -23"><span class='ocrx_word' id='word_1_617' title='bbox 302 4488 490 4557; x_wconf 75' lang='grc' dir='ltr'>νότητι</span> <span class='ocrx_word' id='word_1_618' title='bbox 510 4487 605 4539; x_wconf 76' lang='grc' dir='ltr'>καὶ</span> <span class='ocrx_word' id='word_1_619' title='bbox 624 4489 690 4557; x_wconf 85' lang='grc' dir='ltr'>τῇ</span> <span class='ocrx_word' id='word_1_620' title='bbox 713 4488 770 4539; x_wconf 84' lang='grc' dir='ltr'><strong>ὲν</strong></span> <span class='ocrx_word' id='word_1_621' title='bbox 787 4486 962 4556; x_wconf 81' lang='grc' dir='ltr'>λόγοις</span> <span class='ocrx_word' id='word_1_622' title='bbox 986 4487 1168 4559; x_wconf 79' lang='grc' dir='ltr'><strong>τέχνῃ,</strong></span> <span class='ocrx_word' id='word_1_623' title='bbox 1193 4488 1268 4552; x_wconf 83' lang='grc' dir='ltr'>ὡς</span> <span class='ocrx_word' id='word_1_624' title='bbox 1285 4489 1564 4558; x_wconf 78' lang='grc' dir='ltr'>Εὑνόμιος,</span> <span class='ocrx_word' id='word_1_625' title='bbox 1590 4490 1873 4561; x_wconf 83' lang='grc' dir='ltr'>περιστρέ-</span> 
     </span>
    </p>
   </div>
   <div class='ocr_carea' id='block_1_72' title="bbox 1979 3387 3550 3460">
    <p class='ocr_par' dir='ltr' id='par_1_72' title="bbox 1979 3387 3550 3460">
     <span class='ocr_line' id='line_1_72' title="bbox 1979 3387 3550 3460; baseline -0.002 -14"><span class='ocrx_word' id='word_1_626' title='bbox 1979 3407 2098 3446; x_wconf 90' lang='lat' dir='ltr'><strong>mus</strong></span> <span class='ocrx_word' id='word_1_627' title='bbox 2135 3410 2150 3446; x_wconf 90' lang='lat'><strong>:</strong></span> <span class='ocrx_word' id='word_1_628' title='bbox 2179 3391 2430 3460; x_wconf 89' lang='lat' dir='ltr'><strong>quoniam</strong></span> <span class='ocrx_word' id='word_1_629' title='bbox 2456 3389 2796 3460; x_wconf 90' lang='lat' dir='ltr'><strong>conjunctum</strong></span> <span class='ocrx_word' id='word_1_630' title='bbox 2832 3404 2935 3444; x_wconf 91' lang='lat' dir='ltr'><strong>non</strong></span> <span class='ocrx_word' id='word_1_631' title='bbox 2969 3388 3134 3443; x_wconf 86' lang='lat' dir='ltr'><strong>habet</strong></span> <span class='ocrx_word' id='word_1_632' title='bbox 3161 3388 3310 3455; x_wconf 85' lang='lat' dir='ltr'><strong>illud,</strong></span> <span class='ocrx_word' id='word_1_633' title='bbox 3345 3407 3364 3440; x_wconf 73' lang='grc' dir='ltr'><strong>ι</strong></span> <span class='ocrx_word' id='word_1_634' title='bbox 3396 3387 3550 3444; x_wconf 85' lang='lat' dir='ltr'><strong>Unus</strong></span> 
     </span>
    </p>
   </div>
   <div class='ocr_carea' id='block_1_73' title="bbox 1976 3477 3550 3548">
    <p class='ocr_par' dir='ltr' id='par_1_73' title="bbox 1976 3477 3550 3548">
     <span class='ocr_line' id='line_1_73' title="bbox 1976 3477 3550 3548; baseline -0.002 -13"><span class='ocrx_word' id='word_1_635' title='bbox 1976 3479 2135 3535; x_wconf 86' lang='lat' dir='ltr'><strong>Deus.</strong></span> <span class='ocrx_word' id='word_1_636' title='bbox 2174 3499 2194 3532; x_wconf 74' lang='grc' dir='ltr'><strong>ι</strong></span> <span class='ocrx_word' id='word_1_637' title='bbox 2230 3479 2367 3547; x_wconf 85' lang='lat' dir='ltr'><strong>Quin</strong></span> <span class='ocrx_word' id='word_1_638' title='bbox 2403 3480 2510 3534; x_wconf 90' lang='lat' dir='ltr'><strong>imo</strong></span> <span class='ocrx_word' id='word_1_639' title='bbox 2552 3478 2969 3548; x_wconf 82' lang='lat' dir='ltr'><strong>benignissimus</strong></span> <span class='ocrx_word' id='word_1_640' title='bbox 3019 3492 3145 3548; x_wconf 87' lang='lat' dir='ltr'><strong>erga</strong></span> <span class='ocrx_word' id='word_1_641' title='bbox 3180 3477 3426 3532; x_wconf 85' lang='lat' dir='ltr'><strong>homines</strong></span> <span class='ocrx_word' id='word_1_642' title='bbox 3469 3486 3550 3532; x_wconf 87' lang='lat' dir='ltr'><strong>to-</strong></span> 
     </span>
    </p>
   </div>
   <div class='ocr_carea' id='block_1_74' title="bbox 1980 3567 3552 3642">
    <p class='ocr_par' dir='ltr' id='par_1_74' title="bbox 1980 3567 3552 3642">
     <span class='ocr_line' id='line_1_74' title="bbox 1980 3567 3552 3642; baseline -0.003 -17"><span class='ocrx_word' id='word_1_643' title='bbox 1980 3581 2170 3642; x_wconf 90' lang='lat' dir='ltr'><strong>tusque</strong></span> <span class='ocrx_word' id='word_1_644' title='bbox 2195 3571 2457 3641; x_wconf 90' lang='lat' dir='ltr'><strong>propitius</strong></span> <span class='ocrx_word' id='word_1_645' title='bbox 2476 3568 2638 3625; x_wconf 90' lang='lat' dir='ltr'><strong>Pater</strong></span> <span class='ocrx_word' id='word_1_646' title='bbox 2662 3585 2724 3624; x_wconf 90' lang='lat' dir='ltr'><strong>ac</strong></span> <span class='ocrx_word' id='word_1_647' title='bbox 2764 3567 2934 3623; x_wconf 87' lang='lat' dir='ltr'><strong>Filius</strong></span> <span class='ocrx_word' id='word_1_648' title='bbox 2956 3582 3023 3623; x_wconf 91' lang='lat' dir='ltr'><strong>ne</strong></span> <span class='ocrx_word' id='word_1_649' title='bbox 3057 3568 3400 3622; x_wconf 84' lang='lat' dir='ltr'><strong>characteres</strong></span> <span class='ocrx_word' id='word_1_650' title='bbox 3429 3567 3552 3636; x_wconf 89' lang='lat' dir='ltr'><strong>qui-</strong></span> 
     </span>
    </p>
   </div>
   <div class='ocr_carea' id='block_1_75' title="bbox 1987 3658 3551 3730">
    <p class='ocr_par' dir='ltr' id='par_1_75' title="bbox 1987 3658 3551 3730">
     <span class='ocr_line' id='line_1_75' title="bbox 1987 3658 3551 3730; baseline -0.001 -14"><span class='ocrx_word' id='word_1_651' title='bbox 1987 3662 2106 3717; x_wconf 87' lang='lat' dir='ltr'><strong>dem</strong></span> <span class='ocrx_word' id='word_1_652' title='bbox 2149 3662 2267 3716; x_wconf 86' lang='lat' dir='ltr'><strong>illos</strong></span> <span class='ocrx_word' id='word_1_653' title='bbox 2307 3662 2581 3716; x_wconf 87' lang='lat' dir='ltr'><strong>habebunt</strong></span> <span class='ocrx_word' id='word_1_654' title='bbox 2622 3669 2784 3730; x_wconf 87' lang='lat' dir='ltr'><strong>atque</strong></span> <span class='ocrx_word' id='word_1_655' title='bbox 2817 3658 3046 3728; x_wconf 87' lang='lat' dir='ltr'><strong>insignia</strong></span> <span class='ocrx_word' id='word_1_656' title='bbox 3092 3658 3332 3724; x_wconf 90' lang='lat' dir='ltr'><strong>deitatis,</strong></span> <span class='ocrx_word' id='word_1_657' title='bbox 3363 3658 3551 3727; x_wconf 84' lang='lat' dir='ltr'><strong>qualia</strong></span> 
     </span>
    </p>
   </div>
   <div class='ocr_carea' id='block_1_76' title="bbox 1974 3748 3551 3822">
    <p class='ocr_par' dir='ltr' id='par_1_76' title="bbox 1974 3748 3551 3822">
     <span class='ocr_line' id='line_1_76' title="bbox 1974 3748 3551 3822; baseline -0.004 -14"><span class='ocrx_word' id='word_1_658' title='bbox 1974 3759 2099 3808; x_wconf 91' lang='lat' dir='ltr'><strong>sunt</strong></span> <span class='ocrx_word' id='word_1_659' title='bbox 2145 3752 2364 3806; x_wconf 86' lang='lat' dir='ltr'><strong>nomina</strong></span> <span class='ocrx_word' id='word_1_660' title='bbox 2403 3765 2523 3822; x_wconf 73' lang='lat' dir='ltr'><strong>quae</strong></span> <span class='ocrx_word' id='word_1_661' title='bbox 2569 3749 3155 3804; x_wconf 84' lang='lat' dir='ltr'><strong>commemoravimus:</strong></span> <span class='ocrx_word' id='word_1_662' title='bbox 3192 3748 3285 3802; x_wconf 85' lang='lat' dir='ltr'><strong>sed</strong></span> <span class='ocrx_word' id='word_1_663' title='bbox 3315 3762 3412 3818; x_wconf 92' lang='lat' dir='ltr'><strong>per</strong></span> <span class='ocrx_word' id='word_1_664' title='bbox 3459 3763 3551 3803; x_wconf 87' lang='lat' dir='ltr'><strong>ea-</strong></span> 
     </span>
    </p>
   </div>
   <div class='ocr_carea' id='block_1_77' title="bbox 1975 3838 3550 3912">
    <p class='ocr_par' dir='ltr' id='par_1_77' title="bbox 1975 3838 3550 3912">
     <span class='ocr_line' id='line_1_77' title="bbox 1975 3838 3550 3912; baseline -0.004 -13"><span class='ocrx_word' id='word_1_665' title='bbox 1975 3843 2097 3899; x_wconf 91' lang='lat' dir='ltr'><strong>dem</strong></span> <span class='ocrx_word' id='word_1_666' title='bbox 2143 3842 2359 3897; x_wconf 91' lang='lat' dir='ltr'><strong>uomina</strong></span> <span class='ocrx_word' id='word_1_667' title='bbox 2400 3841 2768 3912; x_wconf 84' lang='lat' dir='ltr'><strong>deprimentur</strong></span> <span class='ocrx_word' id='word_1_668' title='bbox 2792 3839 2990 3904; x_wconf 87' lang='lat' dir='ltr'><strong>veluti,</strong></span> <span class='ocrx_word' id='word_1_669' title='bbox 3029 3847 3091 3894; x_wconf 92' lang='lat' dir='ltr'><strong>ut</strong></span> <span class='ocrx_word' id='word_1_670' title='bbox 3133 3838 3278 3909; x_wconf 91' lang='lat' dir='ltr'><strong>loqui</strong></span> <span class='ocrx_word' id='word_1_671' title='bbox 3298 3842 3550 3910; x_wconf 62' lang='lat' dir='ltr'><strong>{consue-</strong></span> 
     </span>
    </p>
   </div>
   <div class='ocr_carea' id='block_1_78' title="bbox 1974 3929 3548 4000">
    <p class='ocr_par' dir='ltr' id='par_1_78' title="bbox 1974 3929 3548 4000">
     <span class='ocr_line' id='line_1_78' title="bbox 1974 3929 3548 4000; baseline -0.004 -10"><span class='ocrx_word' id='word_1_672' title='bbox 1974 3944 2170 3992; x_wconf 89' lang='lat' dir='ltr'><strong>verunt</strong></span> <span class='ocrx_word' id='word_1_673' title='bbox 2192 3933 2449 4000; x_wconf 67' lang='lat' dir='ltr'><strong>haeretici,</strong></span> <span class='ocrx_word' id='word_1_674' title='bbox 2475 3933 2541 3988; x_wconf 90' lang='lat' dir='ltr'><strong>ad</strong></span> <span class='ocrx_word' id='word_1_675' title='bbox 2574 3942 2813 3988; x_wconf 89' lang='lat' dir='ltr'><strong>nostram</strong></span> <span class='ocrx_word' id='word_1_676' title='bbox 2860 3931 3136 3986; x_wconf 90' lang='lat' dir='ltr'><strong>hominum</strong></span> <span class='ocrx_word' id='word_1_677' title='bbox 3159 3971 3176 3997; x_wconf 87' lang='lat'><strong>,</strong></span> <span class='ocrx_word' id='word_1_678' title='bbox 3210 3931 3301 4000; x_wconf 89' lang='lat' dir='ltr'><strong>qui</strong></span> <span class='ocrx_word' id='word_1_679' title='bbox 3343 3930 3422 3986; x_wconf 92' lang='lat' dir='ltr'><strong>eis</strong></span> <span class='ocrx_word' id='word_1_680' title='bbox 3446 3929 3548 3984; x_wconf 86' lang='lat' dir='ltr'><strong>ho-</strong></span> 
     </span>
    </p>
   </div>
   <div class='ocr_carea' id='block_1_79' title="bbox 1975 4023 3552 4100">
    <p class='ocr_par' dir='ltr' id='par_1_79' title="bbox 1975 4023 3552 4100">
     <span class='ocr_line' id='line_1_79' title="bbox 1975 4023 3552 4100; baseline -0.004 -16"><span class='ocrx_word' id='word_1_681' title='bbox 1975 4029 2212 4100; x_wconf 87' lang='lat' dir='ltr'><strong>monymi</strong></span> <span class='ocrx_word' id='word_1_682' title='bbox 2251 4043 2460 4092; x_wconf 90' lang='lat' dir='ltr'><strong>sumus,</strong></span> <span class='ocrx_word' id='word_1_683' title='bbox 2504 4027 2608 4081; x_wconf 89' lang='lat' dir='ltr'><strong>hoc</strong></span> <span class='ocrx_word' id='word_1_684' title='bbox 2633 4036 2742 4092; x_wconf 91' lang='lat' dir='ltr'><strong>est,</strong></span> <span class='ocrx_word' id='word_1_685' title='bbox 2804 4025 2990 4080; x_wconf 86' lang='lat' dir='ltr'><strong>eadem</strong></span> <span class='ocrx_word' id='word_1_686' title='bbox 3019 4040 3140 4079; x_wconf 91' lang='lat' dir='ltr'><strong>cum</strong></span> <span class='ocrx_word' id='word_1_687' title='bbox 3177 4025 3303 4094; x_wconf 81' lang='lat' dir='ltr'><strong>ipsis</strong></span> <span class='ocrx_word' id='word_1_688' title='bbox 3334 4023 3552 4078; x_wconf 88' lang='lat' dir='ltr'><strong>nomina</strong></span> 
     </span>
    </p>
   </div>
   <div class='ocr_carea' id='block_1_80' title="bbox 1975 4116 3552 4188">
    <p class='ocr_par' dir='ltr' id='par_1_80' title="bbox 1975 4116 3552 4188">
     <span class='ocr_line' id='line_1_80' title="bbox 1975 4116 3552 4188; baseline -0.005 -10"><span class='ocrx_word' id='word_1_689' title='bbox 1975 4122 2253 4188; x_wconf 86' lang='lat' dir='ltr'><strong>habemus,</strong></span> <span class='ocrx_word' id='word_1_690' title='bbox 2286 4120 2666 4175; x_wconf 90' lang='lat' dir='ltr'><strong>conditionem.</strong></span> <span class='ocrx_word' id='word_1_691' title='bbox 2715 4116 2844 4172; x_wconf 86' lang='lat' dir='ltr'><strong>Mihi</strong></span> <span class='ocrx_word' id='word_1_692' title='bbox 2885 4132 3015 4172; x_wconf 90' lang='lat' dir='ltr'><strong>vero</strong></span> <span class='ocrx_word' id='word_1_693' title='bbox 3040 4117 3118 4172; x_wconf 91' lang='lat' dir='ltr'><strong>sic</strong></span> <span class='ocrx_word' id='word_1_694' title='bbox 3163 4116 3398 4184; x_wconf 89' lang='lat' dir='ltr'><strong>loquenti</strong></span> <span class='ocrx_word' id='word_1_695' title='bbox 3428 4131 3552 4185; x_wconf 91' lang='lat' dir='ltr'><strong>pro-</strong></span> 
     </span>
    </p>
   </div>
   <div class='ocr_carea' id='block_1_81' title="bbox 1973 4207 3550 4285">
    <p class='ocr_par' dir='ltr' id='par_1_81' title="bbox 1973 4207 3550 4285">
     <span class='ocr_line' id='line_1_81' title="bbox 1973 4207 3550 4285; baseline -0.004 -17"><span class='ocrx_word' id='word_1_696' title='bbox 1973 4214 2102 4285; x_wconf 85' lang='lat' dir='ltr'><strong>pitia</strong></span> <span class='ocrx_word' id='word_1_697' title='bbox 2122 4222 2239 4268; x_wconf 83' lang='lat' dir='ltr'><strong>esto</strong></span> <span class='ocrx_word' id='word_1_698' title='bbox 2276 4219 2459 4267; x_wconf 84' lang='lat' dir='ltr'><strong>sancta</strong></span> <span class='ocrx_word' id='word_1_699' title='bbox 2487 4210 2743 4265; x_wconf 86' lang='lat' dir='ltr'><strong>Trinitas.</strong></span> <span class='ocrx_word' id='word_1_700' title='bbox 2785 4211 2855 4262; x_wconf 79' lang='lat' dir='ltr'><strong>At</strong></span> <span class='ocrx_word' id='word_1_701' title='bbox 2882 4225 2984 4262; x_wconf 91' lang='lat' dir='ltr'><strong>non</strong></span> <span class='ocrx_word' id='word_1_702' title='bbox 3022 4209 3207 4263; x_wconf 82' lang='lat' dir='ltr'><strong>eodem</strong></span> <span class='ocrx_word' id='word_1_703' title='bbox 3236 4208 3395 4262; x_wconf 86' lang='lat' dir='ltr'><strong>modo</strong></span> <span class='ocrx_word' id='word_1_704' title='bbox 3425 4207 3550 4262; x_wconf 89' lang='lat' dir='ltr'><strong>boui</strong></span> 
     </span>
    </p>
   </div>
   <div class='ocr_carea' id='block_1_82' title="bbox 1976 4301 3548 4373">
    <p class='ocr_par' dir='ltr' id='par_1_82' title="bbox 1976 4301 3548 4373">
     <span class='ocr_line' id='line_1_82' title="bbox 1976 4301 3548 4373; baseline -0.004 -13"><span class='ocrx_word' id='word_1_705' title='bbox 1976 4321 2076 4361; x_wconf 91' lang='lat' dir='ltr'><strong>nos</strong></span> <span class='ocrx_word' id='word_1_706' title='bbox 2101 4304 2352 4370; x_wconf 88' lang='lat' dir='ltr'><strong>dicimur,</strong></span> <span class='ocrx_word' id='word_1_707' title='bbox 2389 4319 2495 4373; x_wconf 89' lang='lat' dir='ltr'><strong>quo</strong></span> <span class='ocrx_word' id='word_1_708' title='bbox 2533 4303 2706 4358; x_wconf 90' lang='lat' dir='ltr'><strong>bonus</strong></span> <span class='ocrx_word' id='word_1_709' title='bbox 2739 4312 2822 4357; x_wconf 88' lang='lat' dir='ltr'><strong>est</strong></span> <span class='ocrx_word' id='word_1_710' title='bbox 2866 4301 3056 4366; x_wconf 82' lang='lat' dir='ltr'><strong>Filius,</strong></span> <span class='ocrx_word' id='word_1_711' title='bbox 3079 4311 3134 4356; x_wconf 90' lang='lat' dir='ltr'><strong>et</strong></span> <span class='ocrx_word' id='word_1_712' title='bbox 3165 4301 3396 4370; x_wconf 88' lang='lat' dir='ltr'><strong>Spiritus</strong></span> <span class='ocrx_word' id='word_1_713' title='bbox 3419 4315 3548 4354; x_wconf 88' lang='lat' dir='ltr'><strong>san-</strong></span> 
     </span>
    </p>
   </div>
   <div class='ocr_carea' id='block_1_83' title="bbox 1975 4393 3549 4467">
    <p class='ocr_par' dir='ltr' id='par_1_83' title="bbox 1975 4393 3549 4467">
     <span class='ocr_line' id='line_1_83' title="bbox 1975 4393 3549 4467; baseline -0.004 -15"><span class='ocrx_word' id='word_1_714' title='bbox 1975 4407 2094 4452; x_wconf 89' lang='lat' dir='ltr'><strong>ctus</strong></span> <span class='ocrx_word' id='word_1_715' title='bbox 2127 4395 2258 4467; x_wconf 80' lang='lat'><strong>(65).</strong></span> <span class='ocrx_word' id='word_1_716' title='bbox 2298 4395 2467 4450; x_wconf 88' lang='lat' dir='ltr'><strong>Filius</strong></span> <span class='ocrx_word' id='word_1_717' title='bbox 2493 4396 2636 4450; x_wconf 93' lang='lat' dir='ltr'><strong>enim</strong></span> <span class='ocrx_word' id='word_1_718' title='bbox 2679 4410 2798 4449; x_wconf 92' lang='lat' dir='ltr'><strong>cum</strong></span> <span class='ocrx_word' id='word_1_719' title='bbox 2835 4395 2908 4449; x_wconf 93' lang='lat' dir='ltr'><strong>ita</strong></span> <span class='ocrx_word' id='word_1_720' title='bbox 2946 4393 3016 4450; x_wconf 91' lang='lat' dir='ltr'><strong>sit</strong></span> <span class='ocrx_word' id='word_1_721' title='bbox 3048 4393 3278 4463; x_wconf 86' lang='lat' dir='ltr'><strong>genitus,</strong></span> <span class='ocrx_word' id='word_1_722' title='bbox 3315 4401 3372 4446; x_wconf 93' lang='lat' dir='ltr'><strong>ut</strong></span> <span class='ocrx_word' id='word_1_723' title='bbox 3425 4408 3549 4446; x_wconf 89' lang='lat' dir='ltr'><strong>eum</strong></span> 
     </span>
    </p>
   </div>
   <div class='ocr_carea' id='block_1_84' title="bbox 1973 4483 3549 4558">
    <p class='ocr_par' dir='ltr' id='par_1_84' title="bbox 1973 4483 3549 4558">
     <span class='ocr_line' id='line_1_84' title="bbox 1973 4483 3549 4558; baseline -0.004 -16"><span class='ocrx_word' id='word_1_724' title='bbox 1973 4487 2224 4558; x_wconf 77' lang='lat' dir='ltr'><strong>genitore</strong></span> <span class='ocrx_word' id='word_1_725' title='bbox 2243 4487 2484 4551; x_wconf 84' lang='lat' dir='ltr'><strong>exsistat,</strong></span> <span class='ocrx_word' id='word_1_726' title='bbox 2506 4487 2665 4542; x_wconf 87' lang='lat' dir='ltr'><strong>habet</strong></span> <span class='ocrx_word' id='word_1_727' title='bbox 2697 4501 2761 4540; x_wconf 81' lang='lat' dir='ltr'><strong>ex</strong></span> <span class='ocrx_word' id='word_1_728' title='bbox 2791 4487 2904 4556; x_wconf 89' lang='lat' dir='ltr'><strong>ipsa</strong></span> <span class='ocrx_word' id='word_1_729' title='bbox 2932 4493 3141 4549; x_wconf 88' lang='lat' dir='ltr'><strong>natura,</strong></span> <span class='ocrx_word' id='word_1_730' title='bbox 3161 4485 3273 4538; x_wconf 86' lang='lat' dir='ltr'><strong>sive</strong></span> <span class='ocrx_word' id='word_1_731' title='bbox 3292 4483 3549 4547; x_wconf 87' lang='lat' dir='ltr'><strong>essentia,</strong></span> 
     </span>
    </p>
   </div>
   <div class='ocr_carea' id='block_1_85' title="bbox 301 4571 1876 4652">
    <p class='ocr_par' dir='ltr' id='par_1_85' title="bbox 301 4578 1872 4652">
     <span class='ocr_line' id='line_1_85' title="bbox 301 4578 1872 4652; baseline 0.003 -22"><span class='ocrx_word' id='word_1_732' title='bbox 301 4595 426 4645; x_wconf 70' lang='grc' dir='ltr'>φειν</span> <span class='ocrx_word' id='word_1_733' title='bbox 468 4578 531 4631; x_wconf 75' lang='grc' dir='ltr'><strong>τὸ</strong></span> <span class='ocrx_word' id='word_1_734' title='bbox 570 4580 823 4648; x_wconf 78' lang='grc' dir='ltr'>πρᾶγμα,</span> <span class='ocrx_word' id='word_1_735' title='bbox 861 4579 953 4632; x_wconf 75' lang='grc' dir='ltr'>καὶ</span> <span class='ocrx_word' id='word_1_736' title='bbox 981 4579 1289 4644; x_wconf 79' lang='grc' dir='ltr'>συσκιάζειν</span> <span class='ocrx_word' id='word_1_737' title='bbox 1331 4578 1428 4651; x_wconf 83' lang='grc' dir='ltr'><strong>τὴν</strong></span> <span class='ocrx_word' id='word_1_738' title='bbox 1455 4580 1712 4652; x_wconf 82' lang='grc' dir='ltr'>ἀλήθειαν</span> <span class='ocrx_word' id='word_1_739' title='bbox 1733 4599 1747 4612; x_wconf 78' lang='grc' dir='ltr'><strong>ο</strong></span> <span class='ocrx_word' id='word_1_740' title='bbox 1777 4581 1872 4636; x_wconf 86' lang='grc' dir='ltr'><strong>νῦν</strong></span> 
     </span>
    </p>
   </div>
   <div class='ocr_carea' id='block_1_86' title="bbox 1981 4571 3552 4652">
    <p class='ocr_par' dir='ltr' id='par_1_86' title="bbox 1981 4571 3552 4649">
     <span class='ocr_line' id='line_1_86' title="bbox 1981 4571 3552 4649; baseline -0.005 -14"><span class='ocrx_word' id='word_1_741' title='bbox 1981 4581 2294 4644; x_wconf 89' lang='lat' dir='ltr'><strong>bonitatem,</strong></span> <span class='ocrx_word' id='word_1_742' title='bbox 2328 4587 2385 4632; x_wconf 90' lang='lat' dir='ltr'><strong>et</strong></span> <span class='ocrx_word' id='word_1_743' title='bbox 2417 4578 2518 4632; x_wconf 89' lang='lat' dir='ltr'><strong>alia</strong></span> <span class='ocrx_word' id='word_1_744' title='bbox 2545 4593 2872 4649; x_wconf 72' lang='lat' dir='ltr'><strong>quaecunque</strong></span> <span class='ocrx_word' id='word_1_745' title='bbox 2908 4577 3068 4631; x_wconf 85' lang='lat' dir='ltr'><strong>habet</strong></span> <span class='ocrx_word' id='word_1_746' title='bbox 3100 4575 3280 4629; x_wconf 83' lang='lat' dir='ltr'><strong>Pater.</strong></span> <span class='ocrx_word' id='word_1_747' title='bbox 3314 4573 3390 4628; x_wconf 87' lang='lat' dir='ltr'><strong>Ac</strong></span> <span class='ocrx_word' id='word_1_748' title='bbox 3430 4571 3552 4642; x_wconf 87' lang='lat' dir='ltr'><strong>Spi-</strong></span> 
     </span>
    </p>
   </div>
   <div class='ocr_carea' id='block_1_87' title="bbox 373 4711 1880 4785">
    <p class='ocr_par' dir='ltr' id='par_1_87' title="bbox 373 4711 1880 4785">
     <span class='ocr_line' id='line_1_87' title="bbox 373 4711 1880 4785; baseline 0.002 -19"><span class='ocrx_word' id='word_1_749' title='bbox 373 4711 498 4782; x_wconf 84' lang='lat'><strong>(60)</strong></span> <span class='ocrx_word' id='word_1_750' title='bbox 539 4711 806 4785; x_wconf 65' lang='lat' dir='ltr'><strong>Absoluta.</strong></span> <span class='ocrx_word' id='word_1_751' title='bbox 842 4711 1042 4785; x_wconf 71' lang='lat' dir='ltr'><strong>_Gra2ce</strong></span> <span class='ocrx_word' id='word_1_752' title='bbox 1093 4713 1214 4767; x_wconf 85' lang='grc' dir='ltr'>καθ’</span> <span class='ocrx_word' id='word_1_753' title='bbox 1263 4714 1438 4780; x_wconf 78' lang='grc' dir='ltr'>ἅπαξ·</span> <span class='ocrx_word' id='word_1_754' title='bbox 1489 4717 1631 4785; x_wconf 90' lang='lat' dir='ltr'><strong>quod</strong></span> <span class='ocrx_word' id='word_1_755' title='bbox 1695 4717 1880 4769; x_wconf 86' lang='lat' dir='ltr'><strong>eodem</strong></span> 
     </span>
    </p>
   </div>
   <div class='ocr_carea' id='block_1_88' title="bbox 303 4783 1879 4850">
    <p class='ocr_par' dir='ltr' id='par_1_88' title="bbox 303 4783 1879 4850">
     <span class='ocr_line' id='line_1_88' title="bbox 303 4783 1879 4850; baseline 0.001 -12"><span class='ocrx_word' id='word_1_756' title='bbox 303 4798 366 4838; x_wconf 77' lang='lat' dir='ltr'><strong>se</strong></span> <span class='ocrx_word' id='word_1_757' title='bbox 385 4797 492 4836; x_wconf 82' lang='lat' dir='ltr'><strong>usu</strong></span> <span class='ocrx_word' id='word_1_758' title='bbox 524 4784 720 4847; x_wconf 67' lang='lat' dir='ltr'><strong>szvpius</strong></span> <span class='ocrx_word' id='word_1_759' title='bbox 750 4783 879 4836; x_wconf 83' lang='lat' dir='ltr'><strong>dicit</strong></span> <span class='ocrx_word' id='word_1_760' title='bbox 915 4783 1170 4850; x_wconf 80' lang='lat' dir='ltr'><strong>Didymus</strong></span> <span class='ocrx_word' id='word_1_761' title='bbox 1202 4786 1359 4839; x_wconf 91' lang='lat' dir='ltr'><strong>inlih.</strong></span> <span class='ocrx_word' id='word_1_762' title='bbox 1391 4783 1511 4839; x_wconf 75' lang='lat' dir='ltr'><strong>adv.</strong></span> <span class='ocrx_word' id='word_1_763' title='bbox 1537 4785 1879 4839; x_wconf 68' lang='lat' dir='ltr'><strong>Manicha’os.</strong></span> 
     </span>
    </p>
   </div>
   <div class='ocr_carea' id='block_1_89' title="bbox 377 4850 1878 4925">
    <p class='ocr_par' dir='ltr' id='par_1_89' title="bbox 377 4850 1878 4925">
     <span class='ocr_line' id='line_1_89' title="bbox 377 4850 1878 4925; baseline 0.003 -21"><span class='ocrx_word' id='word_1_764' title='bbox 377 4852 496 4921; x_wconf 79' lang='lat' dir='ltr'><strong>(6i)</strong></span> <span class='ocrx_word' id='word_1_765' title='bbox 537 4850 878 4925; x_wconf 74' lang='lat' dir='ltr'><strong>Passionibus</strong></span> <span class='ocrx_word' id='word_1_766' title='bbox 931 4855 1184 4906; x_wconf 79' lang='lat' dir='ltr'><strong>deditum.</strong></span> <span class='ocrx_word' id='word_1_767' title='bbox 1235 4855 1290 4908; x_wconf 90' lang='lat' dir='ltr'><strong>lu</strong></span> <span class='ocrx_word' id='word_1_768' title='bbox 1345 4854 1554 4916; x_wconf 57' lang='lat' dir='ltr'><strong>Greco.</strong></span> <span class='ocrx_word' id='word_1_769' title='bbox 1599 4855 1878 4925; x_wconf 79' lang='grc' dir='ltr'>ἐμπαθέςο</span> 
     </span>
    </p>
   </div>
   <div class='ocr_carea' id='block_1_90' title="bbox 308 4922 1874 4994">
    <p class='ocr_par' dir='ltr' id='par_1_90' title="bbox 308 4922 1874 4994">
     <span class='ocr_line' id='line_1_90' title="bbox 308 4922 1874 4994; baseline 0.001 -19"><span class='ocrx_word' id='word_1_770' title='bbox 308 4937 415 4990; x_wconf 77' lang='lat' dir='ltr'><strong>qua</strong></span> <span class='ocrx_word' id='word_1_771' title='bbox 453 4935 588 4994; x_wconf 70' lang='lat' dir='ltr'><strong>voce</strong></span> <span class='ocrx_word' id='word_1_772' title='bbox 620 4922 1001 4994; x_wconf 65' lang='lat' dir='ltr'><strong>eodcmsensu</strong></span> <span class='ocrx_word' id='word_1_773' title='bbox 1033 4938 1172 4994; x_wconf 88' lang='lat' dir='ltr'><strong>usus</strong></span> <span class='ocrx_word' id='word_1_774' title='bbox 1203 4934 1284 4978; x_wconf 85' lang='lat' dir='ltr'><strong>est</strong></span> <span class='ocrx_word' id='word_1_775' title='bbox 1321 4925 1579 4994; x_wconf 81' lang='lat' dir='ltr'><strong>Didymus</strong></span> <span class='ocrx_word' id='word_1_776' title='bbox 1625 4922 1676 4978; x_wconf 84' lang='lat' dir='ltr'><strong>in</strong></span> <span class='ocrx_word' id='word_1_777' title='bbox 1722 4940 1874 4979; x_wconf 83' lang='lat' dir='ltr'><strong>COIII-</strong></span> 
     </span>
    </p>
   </div>
   <div class='ocr_carea' id='block_1_91' title="bbox 309 4987 1880 5064">
    <p class='ocr_par' dir='ltr' id='par_1_91' title="bbox 309 4987 1880 5064">
     <span class='ocr_line' id='line_1_91' title="bbox 309 4987 1880 5064; baseline 0 -18"><span class='ocrx_word' id='word_1_778' title='bbox 309 4987 672 5064; x_wconf 60' lang='lat' dir='ltr'><strong>uitentariisin</strong></span> <span class='ocrx_word' id='word_1_779' title='bbox 705 4987 946 5046; x_wconf 74' lang='lat' dir='ltr'><strong>Psalmos</strong></span> <span class='ocrx_word' id='word_1_780' title='bbox 975 4993 1041 5064; x_wconf 88' lang='lat' dir='ltr'><strong>ad</strong></span> <span class='ocrx_word' id='word_1_781' title='bbox 1077 5008 1218 5048; x_wconf 89' lang='lat' dir='ltr'><strong>vers.</strong></span> <span class='ocrx_word' id='word_1_782' title='bbox 1245 4994 1279 5047; x_wconf 81' lang='grc'>5</span> <span class='ocrx_word' id='word_1_783' title='bbox 1329 4987 1520 5063; x_wconf 73' lang='lat' dir='ltr'><strong>psalmi</strong></span> <span class='ocrx_word' id='word_1_784' title='bbox 1547 5009 1641 5058; x_wconf 83' lang='lat' dir='ltr'><strong>cu.</strong></span> <span class='ocrx_word' id='word_1_785' title='bbox 1667 4995 1753 5048; x_wconf 90' lang='lat' dir='ltr'><strong>ubi</strong></span> <span class='ocrx_word' id='word_1_786' title='bbox 1779 4995 1880 5064; x_wconf 86' lang='grc' dir='ltr'><strong>ὲμ-</strong></span> 
     </span>
    </p>
   </div>
   <div class='ocr_carea' id='block_1_92' title="bbox 308 5061 1872 5131">
    <p class='ocr_par' dir='ltr' id='par_1_92' title="bbox 308 5061 1872 5131">
     <span class='ocr_line' id='line_1_92' title="bbox 308 5061 1872 5131; baseline 0.001 -16"><span class='ocrx_word' id='word_1_787' title='bbox 308 5061 460 5130; x_wconf 73' lang='grc' dir='ltr'><strong>παΘῆ</strong></span> <span class='ocrx_word' id='word_1_788' title='bbox 515 5061 872 5131; x_wconf 36' lang='grc' dir='ltr'><strong>ζωήν-νοεει</strong></span> <span class='ocrx_word' id='word_1_789' title='bbox 927 5081 945 5114; x_wconf 76' lang='grc' dir='ltr'><strong>ι</strong></span> <span class='ocrx_word' id='word_1_790' title='bbox 972 5063 1134 5118; x_wconf 86' lang='lat' dir='ltr'><strong>vitam</strong></span> <span class='ocrx_word' id='word_1_791' title='bbox 1174 5061 1513 5131; x_wconf 86' lang='lat' dir='ltr'><strong>passiouibus</strong></span> <span class='ocrx_word' id='word_1_792' title='bbox 1564 5061 1826 5129; x_wconf 72' lang='lat' dir='ltr'><strong>deditam,</strong></span> <span class='ocrx_word' id='word_1_793' title='bbox 1853 5083 1872 5116; x_wconf 71' lang='grc' dir='ltr'><strong>ι</strong></span> 
     </span>
    </p>
   </div>
   <div class='ocr_carea' id='block_1_93' title="bbox 309 5128 1432 5205">
    <p class='ocr_par' dir='ltr' id='par_1_93' title="bbox 309 5128 1432 5205">
     <span class='ocr_line' id='line_1_93' title="bbox 309 5128 1432 5205; baseline -0.001 -18"><span class='ocrx_word' id='word_1_794' title='bbox 309 5128 626 5205; x_wconf 59' lang='lat' dir='ltr'><strong>nempe,_ut&#39;</strong></span> <span class='ocrx_word' id='word_1_795' title='bbox 646 5128 782 5184; x_wconf 88' lang='lat' dir='ltr'><strong>alias</strong></span> <span class='ocrx_word' id='word_1_796' title='bbox 809 5131 1071 5205; x_wconf 72' lang='lat' dir='ltr'><strong>loquitur,</strong></span> <span class='ocrx_word' id='word_1_797' title='bbox 1097 5128 1198 5205; x_wconf 75' lang='grc' dir='ltr'><strong>οὐκ</strong></span> <span class='ocrx_word' id='word_1_798' title='bbox 1227 5134 1432 5205; x_wconf 85' lang='grc' dir='ltr'><strong>ἀπαθῆ.</strong></span> 
     </span>
    </p>
   </div>
   <div class='ocr_carea' id='block_1_94' title="bbox 377 5197 1879 5274">
    <p class='ocr_par' dir='ltr' id='par_1_94' title="bbox 377 5197 1879 5274">
     <span class='ocr_line' id='line_1_94' title="bbox 377 5197 1879 5274; baseline 0.002 -19"><span class='ocrx_word' id='word_1_799' title='bbox 377 5197 495 5272; x_wconf 63' lang='grc' dir='ltr'>(δεῖ)</span> <span class='ocrx_word' id='word_1_800' title='bbox 535 5197 1066 5274; x_wconf 44' lang='grc' dir='ltr'><strong>Ηενπιεεηιοέιυὶιυι·</strong></span> <span class='ocrx_word' id='word_1_801' title='bbox 1095 5203 1352 5274; x_wconf 88' lang='lat' dir='ltr'><strong>Didymus</strong></span> <span class='ocrx_word' id='word_1_802' title='bbox 1385 5197 1451 5259; x_wconf 78' lang='lat' dir='ltr'><strong>ex</strong></span> <span class='ocrx_word' id='word_1_803' title='bbox 1477 5204 1765 5274; x_wconf 75' lang='lat' dir='ltr'><strong>communi</strong></span> <span class='ocrx_word' id='word_1_804' title='bbox 1783 5218 1879 5272; x_wconf 91' lang='lat' dir='ltr'><strong>per</strong></span> 
     </span>
    </p>
   </div>
   <div class='ocr_carea' id='block_1_95' title="bbox 307 5271 1878 5339">
    <p class='ocr_par' dir='ltr' id='par_1_95' title="bbox 307 5271 1878 5339">
     <span class='ocr_line' id='line_1_95' title="bbox 307 5271 1878 5339; baseline 0.004 -17"><span class='ocrx_word' id='word_1_805' title='bbox 307 5271 665 5339; x_wconf 73' lang='lat' dir='ltr'><strong>eatempora</strong></span> <span class='ocrx_word' id='word_1_806' title='bbox 714 5271 1000 5338; x_wconf 89' lang='lat' dir='ltr'><strong>opinione,</strong></span> <span class='ocrx_word' id='word_1_807' title='bbox 1045 5283 1104 5326; x_wconf 88' lang='lat' dir='ltr'><strong>ut</strong></span> <span class='ocrx_word' id='word_1_808' title='bbox 1141 5271 1231 5328; x_wconf 85' lang='lat' dir='ltr'><strong>alii</strong></span> <span class='ocrx_word' id='word_1_809' title='bbox 1284 5275 1444 5328; x_wconf 87' lang='lat' dir='ltr'><strong>etiam</strong></span> <span class='ocrx_word' id='word_1_810' title='bbox 1498 5273 1706 5327; x_wconf 87' lang='lat' dir='ltr'><strong>Patres.</strong></span> <span class='ocrx_word' id='word_1_811' title='bbox 1749 5271 1878 5329; x_wconf 83' lang='lat' dir='ltr'><strong>Vide</strong></span> 
     </span>
    </p>
   </div>
   <div class='ocr_carea' id='block_1_96' title="bbox 309 5341 1873 5414">
    <p class='ocr_par' dir='ltr' id='par_1_96' title="bbox 309 5341 1873 5414">
     <span class='ocr_line' id='line_1_96' title="bbox 309 5341 1873 5414; baseline 0.001 -20"><span class='ocrx_word' id='word_1_812' title='bbox 309 5350 473 5394; x_wconf 84' lang='lat' dir='ltr'><strong>notas</strong></span> <span class='ocrx_word' id='word_1_813' title='bbox 497 5341 775 5414; x_wconf 43' lang='lat' dir='ltr'><strong>admsegm.</strong></span> <span class='ocrx_word' id='word_1_814' title='bbox 808 5341 909 5395; x_wconf 75' lang='grc'><strong>159</strong></span> <span class='ocrx_word' id='word_1_815' title='bbox 936 5341 1190 5414; x_wconf 69' lang='lat' dir='ltr'><strong>b._Verba</strong></span> <span class='ocrx_word' id='word_1_816' title='bbox 1223 5359 1403 5414; x_wconf 70' lang='lat' dir='ltr'><strong>porro.</strong></span> <span class='ocrx_word' id='word_1_817' title='bbox 1431 5359 1546 5414; x_wconf 74' lang='lat' dir='ltr'><strong>quae</strong></span> <span class='ocrx_word' id='word_1_818' title='bbox 1582 5342 1873 5414; x_wconf 76' lang='lat' dir='ltr'><strong>hicaﬂ‘ert,</strong></span> 
     </span>
    </p>
   </div>
   <div class='ocr_carea' id='block_1_97' title="bbox 306 5409 1877 5481">
    <p class='ocr_par' dir='ltr' id='par_1_97' title="bbox 306 5409 1877 5481">
     <span class='ocr_line' id='line_1_97' title="bbox 306 5409 1877 5481; baseline 0.001 -17"><span class='ocrx_word' id='word_1_819' title='bbox 306 5419 528 5465; x_wconf 71' lang='lat' dir='ltr'><strong>exstant</strong></span> <span class='ocrx_word' id='word_1_820' title='bbox 559 5409 656 5464; x_wconf 86' lang='lat' dir='ltr'><strong>lib.</strong></span> <span class='ocrx_word' id='word_1_821' title='bbox 684 5425 760 5473; x_wconf 88' lang='lat' dir='ltr'><strong>vt,</strong></span> <span class='ocrx_word' id='word_1_822' title='bbox 793 5426 912 5481; x_wconf 89' lang='lat' dir='ltr'><strong>pag.</strong></span> <span class='ocrx_word' id='word_1_823' title='bbox 945 5411 1012 5465; x_wconf 76' lang='grc'><strong>14</strong></span> <span class='ocrx_word' id='word_1_824' title='bbox 1057 5409 1314 5467; x_wconf 84' lang='lat' dir='ltr'><strong>editionis</strong></span> <span class='ocrx_word' id='word_1_825' title='bbox 1354 5409 1719 5468; x_wconf 61' lang='lat' dir='ltr'><strong>Feirariensis</strong></span> <span class='ocrx_word' id='word_1_826' title='bbox 1746 5431 1761 5466; x_wconf 91' lang='lat'><strong>:</strong></span> <span class='ocrx_word' id='word_1_827' title='bbox 1794 5423 1877 5467; x_wconf 91' lang='lat' dir='ltr'><strong>ast</strong></span> 
     </span>
    </p>
   </div>
   <div class='ocr_carea' id='block_1_98' title="bbox 309 5481 1882 5554">
    <p class='ocr_par' dir='ltr' id='par_1_98' title="bbox 309 5481 1882 5554">
     <span class='ocr_line' id='line_1_98' title="bbox 309 5481 1882 5554; baseline 0.002 -22"><span class='ocrx_word' id='word_1_828' title='bbox 309 5483 380 5554; x_wconf 81' lang='lat' dir='ltr'><strong>ibi</strong></span> <span class='ocrx_word' id='word_1_829' title='bbox 401 5495 518 5554; x_wconf 72' lang='lat' dir='ltr'><strong>pro</strong></span> <span class='ocrx_word' id='word_1_830' title='bbox 543 5481 798 5554; x_wconf 64' lang='grc' dir='ltr'>ᾁγενήτῳ</span> <span class='ocrx_word' id='word_1_831' title='bbox 828 5482 1022 5551; x_wconf 83' lang='lat' dir='ltr'><strong>legitur</strong></span> <span class='ocrx_word' id='word_1_832' title='bbox 1059 5483 1356 5554; x_wconf 80' lang='grc' dir='ltr'><strong>ἀγεννήτῳ,</strong></span> <span class='ocrx_word' id='word_1_833' title='bbox 1388 5495 1455 5540; x_wconf 88' lang='lat' dir='ltr'><strong>et</strong></span> <span class='ocrx_word' id='word_1_834' title='bbox 1504 5499 1599 5552; x_wconf 88' lang='lat' dir='ltr'><strong>pro</strong></span> <span class='ocrx_word' id='word_1_835' title='bbox 1615 5483 1882 5554; x_wconf 7' lang='grc' dir='ltr'>,δεδομένη</span> 
     </span>
    </p>
   </div>
   <div class='ocr_carea' id='block_1_99' title="bbox 303 5550 1885 5623">
    <p class='ocr_par' dir='ltr' id='par_1_99' title="bbox 303 5550 1885 5623">
     <span class='ocr_line' id='line_1_99' title="bbox 303 5550 1885 5623; baseline 0.003 -21"><span class='ocrx_word' id='word_1_836' title='bbox 303 5551 507 5623; x_wconf 66' lang='lat' dir='ltr'><strong>legitur</strong></span> <span class='ocrx_word' id='word_1_837' title='bbox 559 5550 1034 5623; x_wconf 59' lang='grc' dir='ltr'>δεδεμένη-ηοω</span> <span class='ocrx_word' id='word_1_838' title='bbox 1084 5550 1353 5623; x_wconf 52' lang='lat' dir='ltr'><strong>postrema</strong></span> <span class='ocrx_word' id='word_1_839' title='bbox 1407 5550 1658 5608; x_wconf 79' lang='lat' dir='ltr'><strong>editionis</strong></span> <span class='ocrx_word' id='word_1_840' title='bbox 1725 5550 1885 5607; x_wconf 83' lang='lat' dir='ltr'><strong>lectio</strong></span> 
     </span>
    </p>
   </div>
   <div class='ocr_carea' id='block_1_100' title="bbox 312 5620 1882 5700">
    <p class='ocr_par' dir='ltr' id='par_1_100' title="bbox 312 5620 1882 5700">
     <span class='ocr_line' id='line_1_100' title="bbox 312 5620 1882 5700; baseline 0.004 -30"><span class='ocrx_word' id='word_1_841' title='bbox 312 5620 445 5700; x_wconf 56' lang='lat' dir='ltr'><strong>inihi</strong></span> <span class='ocrx_word' id='word_1_842' title='bbox 496 5620 929 5700; x_wconf 47' lang='lat' dir='ltr'><strong>quidemuminus</strong></span> <span class='ocrx_word' id='word_1_843' title='bbox 964 5620 1389 5700; x_wconf 30' lang='lat' dir='ltr'><strong>arridet.‘Totu_s</strong></span> <span class='ocrx_word' id='word_1_844' title='bbox 1431 5626 1608 5700; x_wconf 78' lang='lat' dir='ltr'><strong>itaque</strong></span> <span class='ocrx_word' id='word_1_845' title='bbox 1639 5623 1788 5700; x_wconf 76' lang='lat' dir='ltr'><strong>locus</strong></span> <span class='ocrx_word' id='word_1_846' title='bbox 1829 5623 1882 5676; x_wconf 91' lang='lat' dir='ltr'><strong>in</strong></span> 
     </span>
    </p>
   </div>
   <div class='ocr_carea' id='block_1_101' title="bbox 313 5687 1880 5763">
    <p class='ocr_par' dir='ltr' id='par_1_101' title="bbox 313 5687 1880 5763">
     <span class='ocr_line' id='line_1_101' title="bbox 313 5687 1880 5763; baseline 0.001 -21"><span class='ocrx_word' id='word_1_847' title='bbox 313 5687 908 5763; x_wconf 64' lang='lat' dir='ltr'><strong>Ferrarieusieditioue</strong></span> <span class='ocrx_word' id='word_1_848' title='bbox 937 5691 1016 5763; x_wconf 78' lang='lat' dir='ltr'><strong>sic</strong></span> <span class='ocrx_word' id='word_1_849' title='bbox 1037 5707 1103 5763; x_wconf 83' lang='lat' dir='ltr'><strong>se</strong></span> <span class='ocrx_word' id='word_1_850' title='bbox 1126 5692 1284 5763; x_wconf 88' lang='lat' dir='ltr'><strong>habet</strong></span> <span class='ocrx_word' id='word_1_851' title='bbox 1308 5710 1322 5746; x_wconf 89' lang='lat'><strong>:</strong></span> <span class='ocrx_word' id='word_1_852' title='bbox 1347 5687 1655 5763; x_wconf 77' lang='grc' dir='ltr'><strong>ὐπου’γὰρ</strong></span> <span class='ocrx_word' id='word_1_853' title='bbox 1678 5693 1880 5762; x_wconf 78' lang='grc' dir='ltr'>ἡμέρα,</span> 
     </span>
    </p>
   </div>
   <div class='ocr_carea' id='block_1_102' title="bbox 314 5758 1882 5832">
    <p class='ocr_par' dir='ltr' id='par_1_102' title="bbox 314 5758 1882 5832">
     <span class='ocr_line' id='line_1_102' title="bbox 314 5758 1882 5832; baseline 0 -19"><span class='ocrx_word' id='word_1_854' title='bbox 314 5759 548 5832; x_wconf 62' lang='grc' dir='ltr'>ορδαμοῦ</span> <span class='ocrx_word' id='word_1_855' title='bbox 580 5758 714 5826; x_wconf 79' lang='grc' dir='ltr'><strong>νύξ’</strong></span> <span class='ocrx_word' id='word_1_856' title='bbox 750 5762 884 5815; x_wconf 83' lang='grc' dir='ltr'>ὅπου</span> <span class='ocrx_word' id='word_1_857' title='bbox 931 5761 989 5832; x_wconf 64' lang='grc' dir='ltr'>δξ</span> <span class='ocrx_word' id='word_1_858' title='bbox 1021 5761 1148 5828; x_wconf 80' lang='grc' dir='ltr'>νὺξ,</span> <span class='ocrx_word' id='word_1_859' title='bbox 1195 5762 1428 5832; x_wconf 82' lang='grc' dir='ltr'>οὐδαμοῦ</span> <span class='ocrx_word' id='word_1_860' title='bbox 1485 5758 1882 5832; x_wconf 66' lang='grc' dir='ltr'><strong>ἡμέρα.’⁵ὐθεν</strong></span> 
     </span>
    </p>
   </div>
   <div class='ocr_carea' id='block_1_103' title="bbox 322 5827 1881 5902">
    <p class='ocr_par' dir='ltr' id='par_1_103' title="bbox 322 5827 1881 5902">
     <span class='ocr_line' id='line_1_103' title="bbox 322 5827 1881 5902; baseline 0.001 -20"><span class='ocrx_word' id='word_1_861' title='bbox 322 5827 574 5886; x_wconf 71' lang='grc' dir='ltr'>ἀδύνατον</span> <span class='ocrx_word' id='word_1_862' title='bbox 601 5833 662 5886; x_wconf 75' lang='grc' dir='ltr'><strong>ἐν</strong></span> <span class='ocrx_word' id='word_1_863' title='bbox 696 5832 907 5902; x_wconf 79' lang='grc' dir='ltr'>γενέσει</span> <span class='ocrx_word' id='word_1_864' title='bbox 938 5827 1075 5886; x_wconf 70' lang='grc' dir='ltr'>εἶναι</span> <span class='ocrx_word' id='word_1_865' title='bbox 1103 5827 1163 5885; x_wconf 81' lang='grc' dir='ltr'>τὸ</span> <span class='ocrx_word' id='word_1_866' title='bbox 1191 5827 1409 5900; x_wconf 62' lang='grc' dir='ltr'>ἀγαθδν,</span> <span class='ocrx_word' id='word_1_867' title='bbox 1441 5827 1685 5902; x_wconf 64' lang='grc' dir='ltr'><strong>ἐν”μόνῳ</strong></span> <span class='ocrx_word' id='word_1_868' title='bbox 1712 5832 1765 5886; x_wconf 77' lang='grc' dir='ltr'>δὲ</span> <span class='ocrx_word' id='word_1_869' title='bbox 1804 5833 1881 5902; x_wconf 78' lang='grc' dir='ltr'>τῷ</span> 
     </span>
    </p>
   </div>
   <div class='ocr_carea' id='block_1_104' title="bbox 1989 4709 3549 4784">
    <p class='ocr_par' dir='ltr' id='par_1_104' title="bbox 1989 4709 3549 4784">
     <span class='ocr_line' id='line_1_104' title="bbox 1989 4709 3549 4784; baseline -0.001 -20"><span class='ocrx_word' id='word_1_870' title='bbox 1989 4714 2526 4784; x_wconf 44' lang='grc' dir='ltr'><strong>ᾁγεννὴτῳηὯστι-ερ</strong></span> <span class='ocrx_word' id='word_1_871' title='bbox 2553 4713 2608 4765; x_wconf 75' lang='grc' dir='ltr'>δὲ</span> <span class='ocrx_word' id='word_1_872' title='bbox 2664 4713 2921 4784; x_wconf 68' lang='grc' dir='ltr'>μετουσία</span> <span class='ocrx_word' id='word_1_873' title='bbox 2960 4711 3182 4784; x_wconf 56' lang='grc' dir='ltr'>παντων</span> <span class='ocrx_word' id='word_1_874' title='bbox 3229 4710 3344 4784; x_wconf 79' lang='grc' dir='ltr'>ἐστὶ</span> <span class='ocrx_word' id='word_1_875' title='bbox 3385 4709 3442 4763; x_wconf 83' lang='grc' dir='ltr'>ὲν</span> <span class='ocrx_word' id='word_1_876' title='bbox 3482 4711 3549 4780; x_wconf 76' lang='grc' dir='ltr'>τῇ</span> 
     </span>
    </p>
   </div>
   <div class='ocr_carea' id='block_1_105' title="bbox 1990 4779 3552 4860">
    <p class='ocr_par' dir='ltr' id='par_1_105' title="bbox 1990 4779 3552 4860">
     <span class='ocr_line' id='line_1_105' title="bbox 1990 4779 3552 4860; baseline -0.003 -24"><span class='ocrx_word' id='word_1_877' title='bbox 1990 4779 2090 4860; x_wconf 75' lang='grc' dir='ltr'><strong>ὕλῃ</strong></span> <span class='ocrx_word' id='word_1_878' title='bbox 2117 4779 2398 4860; x_wconf 59' lang='grc' dir='ltr'>δεδεμένῃ,</span> <span class='ocrx_word' id='word_1_879' title='bbox 2425 4779 2570 4860; x_wconf 64' lang='grc' dir='ltr'>οὕτω</span> <span class='ocrx_word' id='word_1_880' title='bbox 2591 4779 2685 4860; x_wconf 47' lang='grc' dir='ltr'><strong>κα)</strong></span> <span class='ocrx_word' id='word_1_881' title='bbox 2717 4781 2810 4860; x_wconf 75' lang='grc' dir='ltr'>τοῦ</span> <span class='ocrx_word' id='word_1_882' title='bbox 2841 4781 3067 4860; x_wconf 55' lang='grc' dir='ltr'>ἀγαθοῦε</span> <span class='ocrx_word' id='word_1_883' title='bbox 3108 4779 3236 4845; x_wconf 69' lang='lat' dir='ltr'><strong>Quae</strong></span> <span class='ocrx_word' id='word_1_884' title='bbox 3269 4783 3348 4834; x_wconf 90' lang='lat' dir='ltr'><strong>sic</strong></span> <span class='ocrx_word' id='word_1_885' title='bbox 3381 4791 3552 4860; x_wconf 65' lang='lat' dir='ltr'><strong>trans-</strong></span> 
     </span>
    </p>
   </div>
   <div class='ocr_carea' id='block_1_106' title="bbox 1995 4850 3548 4916">
    <p class='ocr_par' dir='ltr' id='par_1_106' title="bbox 1995 4850 3548 4916">
     <span class='ocr_line' id='line_1_106' title="bbox 1995 4850 3548 4916; baseline -0.003 -9"><span class='ocrx_word' id='word_1_886' title='bbox 1995 4850 2114 4908; x_wconf 78' lang='lat' dir='ltr'><strong>tulit</strong></span> <span class='ocrx_word' id='word_1_887' title='bbox 2163 4850 2486 4908; x_wconf 58' lang='lat' dir='ltr'><strong>Franei&#39;scus</strong></span> <span class='ocrx_word' id='word_1_888' title='bbox 2533 4852 2800 4906; x_wconf 88' lang='lat' dir='ltr'><strong>Patricius</strong></span> <span class='ocrx_word' id='word_1_889' title='bbox 2846 4869 2859 4905; x_wconf 89' lang='lat'>:</span> <span class='ocrx_word' id='word_1_890' title='bbox 2907 4868 2926 4901; x_wconf 71' lang='grc' dir='ltr'>ε</span> <span class='ocrx_word' id='word_1_891' title='bbox 2963 4851 3063 4905; x_wconf 91' lang='lat' dir='ltr'><strong>Uhi</strong></span> <span class='ocrx_word' id='word_1_892' title='bbox 3118 4864 3346 4916; x_wconf 88' lang='lat' dir='ltr'><strong>namque</strong></span> <span class='ocrx_word' id='word_1_893' title='bbox 3413 4850 3548 4913; x_wconf 87' lang='lat' dir='ltr'><strong>dies,</strong></span> 
     </span>
    </p>
   </div>
   <div class='ocr_carea' id='block_1_107' title="bbox 1993 4918 3547 4984">
    <p class='ocr_par' dir='ltr' id='par_1_107' title="bbox 1993 4918 3547 4984">
     <span class='ocr_line' id='line_1_107' title="bbox 1993 4918 3547 4984; baseline -0.004 -8"><span class='ocrx_word' id='word_1_894' title='bbox 1993 4923 2178 4977; x_wconf 92' lang='lat' dir='ltr'><strong>nullibi</strong></span> <span class='ocrx_word' id='word_1_895' title='bbox 2216 4937 2339 4977; x_wconf 84' lang='lat' dir='ltr'><strong>nox.</strong></span> <span class='ocrx_word' id='word_1_896' title='bbox 2387 4920 2487 4977; x_wconf 90' lang='lat' dir='ltr'><strong>Ubi</strong></span> <span class='ocrx_word' id='word_1_897' title='bbox 2523 4937 2650 4976; x_wconf 88' lang='lat' dir='ltr'><strong>vero</strong></span> <span class='ocrx_word' id='word_1_898' title='bbox 2689 4936 2816 4984; x_wconf 81' lang='lat' dir='ltr'><strong>nox,</strong></span> <span class='ocrx_word' id='word_1_899' title='bbox 2857 4921 3042 4974; x_wconf 90' lang='lat' dir='ltr'><strong>nullibi</strong></span> <span class='ocrx_word' id='word_1_900' title='bbox 3082 4918 3218 4974; x_wconf 86' lang='lat' dir='ltr'><strong>dies.</strong></span> <span class='ocrx_word' id='word_1_901' title='bbox 3255 4918 3410 4976; x_wconf 88' lang='lat' dir='ltr'><strong>Unde</strong></span> <span class='ocrx_word' id='word_1_902' title='bbox 3443 4920 3547 4971; x_wconf 83' lang='lat' dir='ltr'><strong>itit-</strong></span> 
     </span>
    </p>
   </div>
   <div class='ocr_carea' id='block_1_108' title="bbox 1986 4988 3548 5062">
    <p class='ocr_par' dir='ltr' id='par_1_108' title="bbox 1986 4988 3548 5062">
     <span class='ocr_line' id='line_1_108' title="bbox 1986 4988 3548 5062; baseline -0.003 -16"><span class='ocrx_word' id='word_1_903' title='bbox 1986 4993 2242 5062; x_wconf 86' lang='lat' dir='ltr'><strong>possibile</strong></span> <span class='ocrx_word' id='word_1_904' title='bbox 2287 5003 2370 5047; x_wconf 89' lang='lat' dir='ltr'><strong>est</strong></span> <span class='ocrx_word' id='word_1_905' title='bbox 2414 4992 2467 5045; x_wconf 90' lang='lat' dir='ltr'><strong>in</strong></span> <span class='ocrx_word' id='word_1_906' title='bbox 2512 4991 2852 5060; x_wconf 83' lang='lat' dir='ltr'><strong>generatione</strong></span> <span class='ocrx_word' id='word_1_907' title='bbox 2897 5005 3018 5062; x_wconf 86' lang='lat' dir='ltr'><strong>esse</strong></span> <span class='ocrx_word' id='word_1_908' title='bbox 3063 4990 3318 5062; x_wconf 73' lang='lat' dir='ltr'><strong>bonum,</strong></span> <span class='ocrx_word' id='word_1_909' title='bbox 3346 4989 3439 5043; x_wconf 87' lang='lat' dir='ltr'><strong>sed</strong></span> <span class='ocrx_word' id='word_1_910' title='bbox 3492 4988 3548 5042; x_wconf 87' lang='lat' dir='ltr'><strong>in</strong></span> 
     </span>
    </p>
   </div>
   <div class='ocr_carea' id='block_1_109' title="bbox 1984 5060 3548 5132">
    <p class='ocr_par' dir='ltr' id='par_1_109' title="bbox 1984 5060 3548 5132">
     <span class='ocr_line' id='line_1_109' title="bbox 1984 5060 3548 5132; baseline -0.003 -16"><span class='ocrx_word' id='word_1_911' title='bbox 1984 5060 2098 5116; x_wconf 76' lang='lat' dir='ltr'><strong>solo</strong></span> <span class='ocrx_word' id='word_1_912' title='bbox 2147 5064 2404 5132; x_wconf 84' lang='lat' dir='ltr'><strong>ingenito.</strong></span> <span class='ocrx_word' id='word_1_913' title='bbox 2449 5063 2758 5132; x_wconf 13' lang='lat' dir='ltr'><strong>Sicutivero</strong></span> <span class='ocrx_word' id='word_1_914' title='bbox 2789 5060 3144 5132; x_wconf 84' lang='lat' dir='ltr'><strong>participatio</strong></span> <span class='ocrx_word' id='word_1_915' title='bbox 3177 5060 3417 5114; x_wconf 88' lang='lat' dir='ltr'><strong>omnium</strong></span> <span class='ocrx_word' id='word_1_916' title='bbox 3463 5066 3548 5113; x_wconf 90' lang='lat' dir='ltr'><strong>est</strong></span> 
     </span>
    </p>
   </div>
   <div class='ocr_carea' id='block_1_110' title="bbox 1983 5130 2978 5201">
    <p class='ocr_par' dir='ltr' id='par_1_110' title="bbox 1983 5130 2978 5201">
     <span class='ocr_line' id='line_1_110' title="bbox 1983 5130 2978 5201; baseline -0.005 -15"><span class='ocrx_word' id='word_1_917' title='bbox 1983 5133 2040 5186; x_wconf 89' lang='lat' dir='ltr'><strong>in</strong></span> <span class='ocrx_word' id='word_1_918' title='bbox 2080 5130 2300 5201; x_wconf 76' lang='lat' dir='ltr'><strong>materia</strong></span> <span class='ocrx_word' id='word_1_919' title='bbox 2337 5133 2556 5201; x_wconf 77' lang='lat' dir='ltr'><strong>illigata,</strong></span> <span class='ocrx_word' id='word_1_920' title='bbox 2583 5131 2662 5184; x_wconf 91' lang='lat' dir='ltr'><strong>sic</strong></span> <span class='ocrx_word' id='word_1_921' title='bbox 2696 5140 2749 5183; x_wconf 93' lang='lat' dir='ltr'><strong>et</strong></span> <span class='ocrx_word' id='word_1_922' title='bbox 2788 5130 2933 5201; x_wconf 82' lang='lat' dir='ltr'><strong>boui.</strong></span> <span class='ocrx_word' id='word_1_923' title='bbox 2958 5148 2978 5181; x_wconf 76' lang='grc' dir='ltr'><strong>ι</strong></span> 
     </span>
    </p>
   </div>
   <div class='ocr_carea' id='block_1_111' title="bbox 2077 5199 3155 5269">
    <p class='ocr_par' dir='ltr' id='par_1_111' title="bbox 2077 5199 3155 5269">
     <span class='ocr_line' id='line_1_111' title="bbox 2077 5199 3155 5269; baseline -0.005 -13"><span class='ocrx_word' id='word_1_924' title='bbox 2077 5203 2166 5269; x_wconf 81' lang='grc'>65)</span> <span class='ocrx_word' id='word_1_925' title='bbox 2213 5199 2501 5268; x_wconf 72' lang='lat' dir='ltr'><strong>Propitius.</strong></span> <span class='ocrx_word' id='word_1_926' title='bbox 2538 5200 2664 5254; x_wconf 67' lang='lat' dir='ltr'><strong>Vide</strong></span> <span class='ocrx_word' id='word_1_927' title='bbox 2694 5209 2806 5269; x_wconf 77' lang='lat' dir='ltr'><strong>not.</strong></span> <span class='ocrx_word' id='word_1_928' title='bbox 2834 5199 2888 5260; x_wconf 85' lang='lat'><strong>5.</strong></span> <span class='ocrx_word' id='word_1_929' title='bbox 2917 5214 3038 5267; x_wconf 88' lang='lat' dir='ltr'><strong>pag.</strong></span> <span class='ocrx_word' id='word_1_930' title='bbox 3064 5199 3155 5254; x_wconf 81' lang='lat'><strong>89.</strong></span> 
     </span>
    </p>
   </div>
   <div class='ocr_carea' id='block_1_112' title="bbox 2052 5202 3546 5344">
    <p class='ocr_par' dir='ltr' id='par_1_112' title="bbox 2052 5202 3546 5344">
     <span class='ocr_line' id='line_1_112' title="bbox 2077 5202 3155 5269; baseline -0.005 -13"><span class='ocrx_word' id='word_1_931' title='bbox 2077 5203 2166 5269; x_wconf 80' lang='grc'>65)</span> <span class='ocrx_word' id='word_1_932' title='bbox 2213 5202 2501 5268; x_wconf 76' lang='lat' dir='ltr'><strong>Propitius.</strong></span> <span class='ocrx_word' id='word_1_933' title='bbox 2538 5202 2664 5254; x_wconf 67' lang='lat' dir='ltr'><strong>Vide</strong></span> <span class='ocrx_word' id='word_1_934' title='bbox 2694 5209 2806 5251; x_wconf 87' lang='lat' dir='ltr'><strong>not.</strong></span> <span class='ocrx_word' id='word_1_935' title='bbox 2834 5202 2888 5260; x_wconf 86' lang='lat'><strong>5.</strong></span> <span class='ocrx_word' id='word_1_936' title='bbox 2917 5214 3038 5267; x_wconf 82' lang='lat' dir='ltr'><strong>pag.</strong></span> <span class='ocrx_word' id='word_1_937' title='bbox 3064 5202 3155 5254; x_wconf 83' lang='lat'><strong>89.</strong></span> 
     </span>
     <span class='ocr_line' id='line_1_113' title="bbox 2052 5202 3546 5344; baseline -0.003 -20"><span class='ocrx_word' id='word_1_938' title='bbox 2052 5202 2164 5344; x_wconf 43' lang='lat'><strong>£64)</strong></span> <span class='ocrx_word' id='word_1_939' title='bbox 2203 5269 2587 5344; x_wconf 79' lang='lat' dir='ltr'><strong>Cavill_a_tionis.</strong></span> <span class='ocrx_word' id='word_1_940' title='bbox 2635 5270 2688 5322; x_wconf 91' lang='lat' dir='ltr'><strong>lu</strong></span> <span class='ocrx_word' id='word_1_941' title='bbox 2717 5268 2906 5322; x_wconf 69' lang='lat' dir='ltr'><strong>Grasco</strong></span> <span class='ocrx_word' id='word_1_942' title='bbox 2936 5268 3263 5344; x_wconf 66' lang='grc' dir='ltr'>ἐρισχελίαν,</span> <span class='ocrx_word' id='word_1_943' title='bbox 3292 5281 3546 5344; x_wconf 54' lang='lat' dir='ltr'><strong>qutevox</strong></span> 
     </span>
    </p>
   </div>
   <div class='ocr_carea' id='block_1_113' title="bbox 1986 5338 3548 5408">
    <p class='ocr_par' dir='ltr' id='par_1_113' title="bbox 1986 5338 3548 5408">
     <span class='ocr_line' id='line_1_114' title="bbox 1986 5338 3548 5408; baseline -0.004 -12"><span class='ocrx_word' id='word_1_944' title='bbox 1986 5338 2159 5396; x_wconf 79' lang='lat' dir='ltr'><strong>Attica</strong></span> <span class='ocrx_word' id='word_1_945' title='bbox 2200 5351 2303 5394; x_wconf 87' lang='lat' dir='ltr'><strong>est.</strong></span> <span class='ocrx_word' id='word_1_946' title='bbox 2351 5340 2636 5404; x_wconf 86' lang='lat' dir='ltr'><strong>Disputant</strong></span> <span class='ocrx_word' id='word_1_947' title='bbox 2667 5338 3037 5408; x_wconf 81' lang='lat' dir='ltr'><strong>gratnutatiei,</strong></span> <span class='ocrx_word' id='word_1_948' title='bbox 3062 5338 3263 5392; x_wconf 37' lang='lat' dir='ltr'><strong>&quot;utrum</strong></span> <span class='ocrx_word' id='word_1_949' title='bbox 3305 5338 3548 5392; x_wconf 85' lang='lat' dir='ltr'><strong>scriben-</strong></span> 
     </span>
    </p>
   </div>
   <div class='ocr_carea' id='block_1_114' title="bbox 1982 5407 3549 5484">
    <p class='ocr_par' dir='ltr' id='par_1_114' title="bbox 1982 5407 3549 5484">
     <span class='ocr_line' id='line_1_115' title="bbox 1982 5407 3549 5484; baseline -0.004 -18"><span class='ocrx_word' id='word_1_950' title='bbox 1982 5415 2105 5466; x_wconf 88' lang='lat' dir='ltr'><strong>dqu</strong></span> <span class='ocrx_word' id='word_1_951' title='bbox 2144 5409 2566 5484; x_wconf 50' lang='lat' dir='ltr'><strong>si_t_épscxeiia,</strong></span> <span class='ocrx_word' id='word_1_952' title='bbox 2609 5407 2690 5484; x_wconf 48' lang='lat' dir='ltr'><strong>an:</strong></span> <span class='ocrx_word' id='word_1_953' title='bbox 2724 5408 3194 5484; x_wconf 66' lang='lat' dir='ltr'><strong>Vero_é_pzcrxq)t£ct,</strong></span> <span class='ocrx_word' id='word_1_954' title='bbox 3247 5425 3312 5484; x_wconf 74' lang='lat' dir='ltr'><strong>an</strong></span> <span class='ocrx_word' id='word_1_955' title='bbox 3368 5407 3549 5475; x_wconf 83' lang='lat' dir='ltr'><strong>potius</strong></span> 
     </span>
    </p>
   </div>
   <div class='ocr_carea' id='block_1_115' title="bbox 1989 5475 3548 5552">
    <p class='ocr_par' dir='ltr' id='par_1_115' title="bbox 1989 5475 3548 5552">
     <span class='ocr_line' id='line_1_116' title="bbox 1989 5475 3548 5552; baseline -0.006 -16"><span class='ocrx_word' id='word_1_956' title='bbox 1989 5475 2296 5552; x_wconf 72' lang='grc' dir='ltr'>ὲρισχηλίαξ</span> <span class='ocrx_word' id='word_1_957' title='bbox 2333 5475 2414 5534; x_wconf 62' lang='lat' dir='ltr'><strong>aii</strong></span> <span class='ocrx_word' id='word_1_958' title='bbox 2436 5481 2646 5534; x_wconf 88' lang='lat' dir='ltr'><strong>demum</strong></span> <span class='ocrx_word' id='word_1_959' title='bbox 2675 5475 2969 5552; x_wconf 66' lang='grc' dir='ltr'>ὲρισχεὶία.</span> <span class='ocrx_word' id='word_1_960' title='bbox 3001 5475 3119 5552; x_wconf 55' lang='lat' dir='ltr'><strong>Ego</strong></span> <span class='ocrx_word' id='word_1_961' title='bbox 3140 5475 3424 5552; x_wconf 85' lang='lat' dir='ltr'><strong>lectionem</strong></span> <span class='ocrx_word' id='word_1_962' title='bbox 3441 5492 3548 5552; x_wconf 84' lang='lat' dir='ltr'><strong>_co-</strong></span> 
     </span>
    </p>
   </div>
   <div class='ocr_carea' id='block_1_116' title="bbox 1991 5548 3544 5616">
    <p class='ocr_par' dir='ltr' id='par_1_116' title="bbox 1991 5548 3544 5616">
     <span class='ocr_line' id='line_1_117' title="bbox 1991 5548 3544 5616; baseline -0.004 -10"><span class='ocrx_word' id='word_1_963' title='bbox 1991 5548 2375 5616; x_wconf 30' lang='lat' dir='ltr'><strong>d&#39;icis‘retinui,</strong></span> <span class='ocrx_word' id='word_1_964' title='bbox 2407 5548 2830 5606; x_wconf 82' lang='lat' dir='ltr'><strong>controversiain</strong></span> <span class='ocrx_word' id='word_1_965' title='bbox 2865 5552 3001 5603; x_wconf 89' lang='lat' dir='ltr'><strong>hanc</strong></span> <span class='ocrx_word' id='word_1_966' title='bbox 3033 5550 3154 5604; x_wconf 88' lang='lat' dir='ltr'><strong>aliis</strong></span> <span class='ocrx_word' id='word_1_967' title='bbox 3191 5548 3544 5616; x_wconf 75' lang='lat' dir='ltr'><strong>dirimendum</strong></span> 
     </span>
    </p>
   </div>
   <div class='ocr_carea' id='block_1_117' title="bbox 1994 5615 3548 5688">
    <p class='ocr_par' dir='ltr' id='par_1_117' title="bbox 1994 5615 3548 5688">
     <span class='ocr_line' id='line_1_118' title="bbox 1994 5615 3548 5688; baseline -0.003 -13"><span class='ocrx_word' id='word_1_968' title='bbox 1994 5623 2325 5688; x_wconf 88' lang='lat' dir='ltr'><strong>relinquens,</strong></span> <span class='ocrx_word' id='word_1_969' title='bbox 2362 5615 2540 5687; x_wconf 88' lang='lat' dir='ltr'><strong>neque</strong></span> <span class='ocrx_word' id='word_1_970' title='bbox 2592 5619 2754 5673; x_wconf 88' lang='lat' dir='ltr'><strong>ullam</strong></span> <span class='ocrx_word' id='word_1_971' title='bbox 2787 5633 2853 5672; x_wconf 79' lang='lat' dir='ltr'><strong>ex</strong></span> <span class='ocrx_word' id='word_1_972' title='bbox 2905 5627 3132 5688; x_wconf 87' lang='lat' dir='ltr'><strong>quatuor</strong></span> <span class='ocrx_word' id='word_1_973' title='bbox 3190 5617 3296 5672; x_wconf 88' lang='lat' dir='ltr'><strong>illis</strong></span> <span class='ocrx_word' id='word_1_974' title='bbox 3354 5615 3548 5670; x_wconf 71' lang='lat' dir='ltr'><strong>ferinis</strong></span> 
     </span>
    </p>
   </div>
   <div class='ocr_carea' id='block_1_118' title="bbox 1991 5693 2496 5757">
    <p class='ocr_par' dir='ltr' id='par_1_118' title="bbox 1991 5693 2496 5757">
     <span class='ocr_line' id='line_1_119' title="bbox 1991 5693 2496 5757; baseline -0.008 -12"><span class='ocrx_word' id='word_1_975' title='bbox 1991 5706 2242 5757; x_wconf 77' lang='lat' dir='ltr'><strong>respuere</strong></span> <span class='ocrx_word' id='word_1_976' title='bbox 2275 5693 2496 5744; x_wconf 84' lang='lat' dir='ltr'><strong>audens.</strong></span> 
     </span>
    </p>
   </div>
   <div class='ocr_carea' id='block_1_119' title="bbox 2062 5757 3541 5837">
    <p class='ocr_par' dir='ltr' id='par_1_119' title="bbox 2062 5757 3541 5837">
     <span class='ocr_line' id='line_1_120' title="bbox 2062 5757 3541 5837; baseline -0.005 -23"><span class='ocrx_word' id='word_1_977' title='bbox 2062 5761 2185 5837; x_wconf 75' lang='lat'><strong>(65)_</strong></span> <span class='ocrx_word' id='word_1_978' title='bbox 2213 5761 2280 5837; x_wconf 72' lang='grc' dir='ltr'>ᾼι</span> <span class='ocrx_word' id='word_1_979' title='bbox 2326 5777 2432 5837; x_wconf 61' lang='lat' dir='ltr'><strong>non</strong></span> <span class='ocrx_word' id='word_1_980' title='bbox 2481 5760 2691 5837; x_wconf 70' lang='lat' dir='ltr'><strong>eodem.</strong></span> <span class='ocrx_word' id='word_1_981' title='bbox 2721 5797 2734 5812; x_wconf 91' lang='lat'><strong>.</strong></span> <span class='ocrx_word' id='word_1_982' title='bbox 2757 5798 2770 5810; x_wconf 94' lang='lat'><strong>.</strong></span> <span class='ocrx_word' id='word_1_983' title='bbox 2805 5757 3034 5828; x_wconf 81' lang='lat' dir='ltr'><strong>Spiritus</strong></span> <span class='ocrx_word' id='word_1_984' title='bbox 3087 5765 3316 5812; x_wconf 75' lang='lat' dir='ltr'><strong>sanctus.</strong></span> <span class='ocrx_word' id='word_1_985' title='bbox 3339 5757 3541 5837; x_wconf 44' lang='lat' dir='ltr'><strong>illrum</strong></span> 
     </span>
    </p>
   </div>
   <div class='ocr_carea' id='block_1_120' title="bbox 1989 5829 3539 5900">
    <p class='ocr_par' dir='ltr' id='par_1_120' title="bbox 1989 5829 3539 5900">
     <span class='ocr_line' id='line_1_121' title="bbox 1989 5829 3539 5900; baseline 0.003 -15"><span class='ocrx_word' id='word_1_986' title='bbox 1989 5829 2188 5900; x_wconf 83' lang='lat' dir='ltr'><strong>aliquid</strong></span> <span class='ocrx_word' id='word_1_987' title='bbox 2222 5831 2274 5886; x_wconf 89' lang='lat' dir='ltr'><strong>iu</strong></span> <span class='ocrx_word' id='word_1_988' title='bbox 2317 5831 2504 5886; x_wconf 72' lang='lat' dir='ltr'><strong>Graeco</strong></span> <span class='ocrx_word' id='word_1_989' title='bbox 2542 5832 2871 5886; x_wconf 81' lang='lat' dir='ltr'><strong>desideretur</strong></span> <span class='ocrx_word' id='word_1_990' title='bbox 2943 5841 3060 5897; x_wconf 83' lang='lat' dir='ltr'><strong>post</strong></span> <span class='ocrx_word' id='word_1_991' title='bbox 3109 5847 3288 5884; x_wconf 72' lang='grc' dir='ltr'>ναι-ειη</span> <span class='ocrx_word' id='word_1_992' title='bbox 3337 5829 3539 5896; x_wconf 67' lang='grc' dir='ltr'>Τριὲιξι</span> 
     </span>
    </p>
   </div>
  </div>
