4104 6408
599 301 705 359 ιτθ

1832 306 2066 363 DIDYMI
2107 308 2571 364 ALEXANDBINI

3733 321 3842 377 480

599 418 733 472 ritus
771 423 988 473 sanctus
1012 417 1190 473 itidem
1219 433 1340 475 cum
1373 421 1442 475 ita
1471 423 1742 490 procedat,
1785 432 1844 477 ut
1877 425 1924 478 ei
1962 426 2170 481 coexsi-

2272 428 2328 480 δὲ
2394 427 2631 480 διδάσκει
2709 428 2952 490 Παῦλος⁸
2989 446 3007 480 t
3046 429 3172 482 Ἐἀν
3205 430 3278 501 μὴ
3318 431 3672 504 πιστεύσητε,
3729 437 3844 492 οὐδ’

592 520 742 565 stens
762 512 853 574 sit,
890 525 918 563 a
941 525 1050 579 quo
1077 514 1334 580 procedit,
1363 525 1549 568 natura
1581 515 1752 570 bonus
1787 517 1939 587 131
1977 525 2077 583 est,
2112 527 2170 574 et

592 610 674 654 est
723 602 902 654 omnia
955 618 1074 671 qua:
1100 614 1183 657 est
1224 602 1364 658 Deus
1407 604 1588 660 Pater.
1627 606 1796 661 Porro
1841 609 1974 663 side
2010 609 2168 664 rebus

593 689 1051 758 qualibuscnnque
1079 732 1092 755 ,
1133 707 1196 745 ac
1233 694 1382 761 parvi
1427 695 1720 760 momenti,
1777 704 1870 750 aut
1924 697 1990 751 de
2014 713 2168 751 mun-

594 782 744 834 danis
767 781 876 853 (66)
919 783 1144 852 negotiis
1168 784 1511 850 dissererent,
1549 784 1756 840 fabulas
1791 786 1999 855 aliquas
2050 803 2166 856 pos-

595 878 715 924 sent
773 871 1040 925 interdum
1100 873 1238 927 belle
1293 875 1636 945 contingere,
1708 888 1869 947 atque
1933 881 2167 936 Aristote

594 960 696 1015 lico
761 963 873 1033 (67)
938 966 1218 1031 acumine,
1283 978 1337 1020 et
1411 968 1618 1022 dicendi
1675 981 1836 1034 arte,
1888 981 1944 1024 ut
1993 971 2169 1026 Euno-

595 1055 733 1108 utius
805 1056 917 1127 (68)
967 1057 1113 1123 fecit,
1182 1074 1292 1114 rem
1370 1070 1698 1127 pervertere,
1756 1077 1820 1117 ac
1878 1064 2161 1120 veritatem

594 1145 901 1201 obscurare.
931 1148 1001 1200 At
1029 1164 1158 1203 vero
1197 1149 1283 1202 hic
1312 1165 1414 1204 non
1451 1150 1519 1204 ita
1551 1166 1609 1205 se
1640 1168 1723 1206 res
1749 1154 1934 1219 habet;
1970 1152 2166 1209 Paulus

595 1236 736 1289 enim
773 1252 869 1291 nos
907 1239 1060 1292 docet
1099 1258 1114 1293 :
1157 1258 1174 1291 ι
1215 1240 1268 1294 Si
1300 1257 1401 1294 non
1439 1243 1774 1300 credideritis
1815 1246 1948 1315 (69),
1981 1262 2048 1301 ne
2087 1248 2165 1301 in-

597 1327 844 1395 telligetis
877 1328 1134 1396 quidem;
1175 1350 1193 1381 ι
1235 1341 1326 1386 et:
1361 1349 1378 1382 σ
1418 1332 1688 1401 Sapientia
1731 1335 1840 1406 (70)
1892 1339 2166 1393 hominum

594 1417 836 1492 stultitia.
858 1429 940 1472 est
977 1422 1114 1488 apud
1144 1422 1330 1478 Deum.
1370 1443 1388 1475 ι
1424 1424 1607 1496 Neque
1641 1442 1769 1483 vero
1802 1429 1980 1484 divina
2043 1445 2166 1484 ora-

595 1506 732 1572 cula,
795 1525 912 1578 quae
955 1513 1020 1564 de
1055 1512 1253 1582 inclyto
1307 1515 1506 1583 Spiritu
1554 1518 1862 1586 loquuntur,
1905 1531 1959 1575 et
2004 1537 2164 1590 supra

598 1599 858 1654 humanas
919 1603 1354 1661 ratiocinationes
1393 1617 1533 1673 sunt,
1569 1611 1819 1679 captiosis
1866 1613 2166 1681 sophisma-

599 1689 741 1744 tihus
803 1692 1018 1747 eludere
1051 1694 1131 1749 fas
1177 1707 1262 1750 est
1298 1719 1307 1753 :
1341 1714 1463 1752 nam
1509 1713 1695 1756 sancto
1727 1705 1938 1770 quidem
1995 1705 2166 1774 Spiri-

598 1782 670 1834 tui
733 1784 1050 1852 vituperatio
1084 1804 1186 1841 non
1227 1803 1402 1854 nocet,
1440 1807 1608 1861 neque
1633 1794 2004 1849 haereticorum
2039 1811 2160 1864 per-
2196 1780 2239 1834 Β

596 1887 778 1940 peram
825 1877 1166 1932 sentientium
1217 1883 1453 1936 convicia
1483 1884 1596 1956 (71)
1630 1894 1684 1939 et
1751 1896 2042 1940 scommata
2081 1887 2161 1941 ul-

601 1976 680 2018 tra
725 1967 837 2037 (72)
881 1984 1038 2025 aures
1098 1975 1510 2042 progrediuntur
1560 1994 1573 2030 :
1617 1979 1705 2046 qui
1755 1992 1881 2032 vero
1908 1985 2161 2032 ea‘usur-

596 2068 726 2124 pant
751 2099 767 2124 ,
800 2061 1177 2129 sempiternmn
1206 2067 1588 2122 cruciahuntur
1627 2070 1735 2141 (75)
1762 2111 1776 2136 ,
1822 2079 1875 2125 et
1920 2072 2166 2128 similiter

597 2151 986 2216 quodammodo
1034 2153 1258 2221 faciunt,
1317 2173 1380 2212 ac
1449 2161 1494 2213 si
1542 2163 1662 2231 quis
1691 2165 1744 2216 in
1787 2163 1925 2217 hanc
1969 2165 2162 2231 lucem,

2271 520 2332 572 οὑ
2359 519 2432 590 μὴ
2457 519 2549 590 [58
2589 520 2640 592 lt]
2686 522 2876 591 συνῆτε
2900 539 2913 552 υ
2966 541 2983 573 ι
3017 523 3130 589 καὶ,
3166 541 3183 573 ι
3217 524 3279 576 Ἠ
3309 524 3468 592 σοφία
3489 525 3595 578 τῶν
3623 527 3846 599 ἀνθρώ-

2267 629 2385 664 πων
2415 613 2594 684 μωρία
2646 612 2794 684 παρὰ
2827 613 2902 683 τῷ
2931 614 3067 684 Θεῷ.
3091 633 3108 665 ι
3156 615 3262 667 Καὶ
3284 615 3344 666 οὐ
3372 618 3475 686 χρὴ
3501 616 3569 669 τὰ
3595 621 3719 689 περὶ
3742 619 3845 674 τοῦ

2269 703 2478 767 ἐνδόξου
2526 704 2839 774 Πνεύματος
2879 705 3056 773 λόγια,
3089 705 3159 758 τὰ
3191 705 3410 776 μείζονα
3437 708 3712 779 λογισμῶν
3741 712 3844 764 ἀν·-

2268 793 2578 864 Θρωπίνων,
2625 795 3102 862 κατασοφίζεσθαι.
3147 798 3221 848 Οὐ
3263 797 3371 868 γὰρ
3413 797 3638 866 βλάπτει
3669 801 3842 870 ψόγος

2267 888 2326 940 τὸ
2357 889 2507 956 ἅγιον
2539 887 2758 956 Πνεῦμα
2777 905 2788 917 ·
2817 886 2936 938 οὐδὲ
2971 887 3277 957 περαιτέρω
3304 888 3402 959 τῆς
3438 890 3607 960 ἀκοῆς
3637 892 3842 961 προέρο

2268 997 2447 1049 χονται
2475 981 2523 1032 οἱ
2552 978 2841 1048 ὀνειδισμοὶ
2896 979 2987 1029 καὶ
3034 978 3103 1030 τὰ
3151 979 3453 1050 σκώμματα
3489 981 3596 1034 τῶν
3626 982 3840 1053 αἱρετι-

2268 1071 2398 1136 κῶν,
2443 1066 2523 1134 οἷς
2559 1070 2757 1141 ἐπῆλθε
2808 1070 2866 1122 τὸ
2907 1068 3123 1138 φαύλως
3167 1075 3418 1140 φρονεῖν·
3464 1073 3648 1127 ἀλλ’οί
3684 1076 3834 1146 χρώ-

2227 1205 2232 1212 ,
2271 1181 2419 1233 μενοι
2442 1163 2721 1225 τοιούτοις,
2750 1161 3030 1230 ἀπέραντα
3071 1164 3383 1232 πονήσουσι,
3425 1165 3518 1217 καὶ
3567 1166 3842 1236 πράξουσι

2268 1255 2623 1326 παραπλήσιά
2659 1269 2774 1315 πως
2800 1255 2910 1315 τοῖς
2943 1253 3306 1322 ἐπιχειροῦσιν
3335 1255 3723 1310 ἀποσκώπτειν
3754 1260 3840 1321 είς

2265 1346 2419 1399 τοῦτο
2443 1345 2504 1398 τὸ
2535 1345 2671 1413 φῶς,
2715 1343 2774 1397 τὸ
2811 1346 2875 1396 ἐκ
2915 1343 3007 1395 τοῦ
3035 1345 3326 1414 ἀπροσίτου
3354 1348 3528 1415 φωτὸς
3554 1349 3650 1420 τὴν
3680 1351 3838 1421 ἰσχὺν

2267 1432 2406 1502 ἔχον,
2435 1432 2529 1484 καὶ
2557 1433 2788 1501 μιαίνειν
2810 1434 2922 1494 τοῖς
2952 1432 3131 1501 λόγοις
3168 1435 3316 1488 αὑτό.
3343 1437 3625 1491 Πιστεύειν
3664 1439 3721 1491 δὲ
3755 1441 3843 1492 δεῖ

2264 1525 2362 1594 τὴν
2408 1525 2471 1576 ἐκ
2503 1523 2610 1575 τῶν
2638 1524 2805 1591 ἁγίων
2847 1523 3210 1591 διδασκαλίαν,
3250 1528 3346 1598 τῆς
3377 1531 3507 1599 παρ’
3529 1529 3840 1600 ἀνθρώπων

2265 1616 2484 1668 πλείονα
2526 1614 2784 1667 δύνασθαι
2826 1613 2924 1684 τὴν
2968 1614 3123 1678 δόξαν
3154 1619 3422 1686 ἐμποιεῖν.
3463 1601 3622 1689 Ἡμῖν
3654 1621 3837 1673 τοίνυν

2268 1707 2493 1778 ἁρμόζει
2519 1706 2742 1769 ἐκείνοις
2769 1706 3192 1776 ἐπιμέμφεσθαι,
3219 1708 3310 1761 τοῦ
3339 1711 3410 1780 μὴ
3436 1710 3502 1763 δι’
3525 1711 3838 1782 ὑπερὸολὴν

2268 1797 2498 1860 εὐνοίας,
2526 1795 2625 1865 τῆς
2668 1795 2793 1864 περὶ
2826 1795 2923 1865 τὴν
2966 1795 3167 1848 οἰκείαν
3206 1797 3437 1867 αἵρεσιν,
3464 1798 3752 1851 καθέλκειν
3775 1800 3840 1850 τό

2268 1906 2330 1956 γε
2357 1889 2442 1939 ἐπ’
2467 1887 2648 1948 αὐτοῖς
2674 1886 2731 1938 τὸ
2759 1885 2899 1938 Θεῖον
2937 1887 3017 1948 είς
3046 1886 3112 1938 τά
3140 1887 3249 1939 τῶν
3287 1890 3592 1959 κτισμάτων
3635 1890 3844 1942 ἀποτε-

2269 1979 2510 2048 λέσματα
2549 1979 2670 2039 ταῖς
2713 1977 3062 2044 σοφιστείαις.
3114 1978 3204 2029 καὶ
3247 1978 3334 2030 διὰ
3389 1979 3590 2032 τούτων
3627 1979 3841 2032 τίκτειν

2270 2068 2544 2131 ἀπωλείας
2576 2068 2750 2138 ἔρωτα
2774 2071 2884 2132 τοῖς
2908 2068 3288 2141 ἁπλουστέροις
3313 2071 3405 2122 κα).
3429 2071 3840 2141 ἀπειροτέροις,

2272 2164 2364 2216 καὶ
2397 2160 2654 2231 προάγειν
2680 2161 2760 2222 είς
2781 2160 3070 2230 ἐπιθυμίαν
3115 2161 3519 2231 ἁμαρτημάτων
3546 2159 3837 2231 μειζόνων.

596 2254 717 2308 qua:
745 2255 810 2292 ex
853 2243 965 2295 luce
1035 2245 1382 2301 inacccssibili
1412 2252 1516 2305 vim
1560 2253 1738 2318 habet,
1779 2264 2067 2309 scummata
2099 2255 2343 2326 iaculari.
2397 2271 2460 2309 ac
2499 2270 2616 2306 eam
2645 2253 2980 2307 sermonibus
3023 2253 3304 2320 inquinare
3327 2255 3676 2322 aggrediatur.
3725 2253 3841 2307 Sed

597 2333 852 2403 majorem
924 2337 976 2389 in
1015 2349 1112 2389 nos
1163 2339 1384 2406 gloriam
1425 2357 1493 2396 ex
1546 2344 1788 2399 doctrina
1837 2361 1865 2399 a
1907 2346 2107 2401 sanctis
2159 2347 2467 2416 deprompta
2522 2343 2752 2397 derivari
2792 2343 3114 2397 credendum
3145 2353 3245 2408 cst,
3277 2360 3434 2413 quam
3479 2360 3542 2400 ex
3583 2361 3641 2398 ea
3712 2362 3845 2414 qua:

598 2432 802 2485 raditur
858 2435 924 2487 ab
990 2436 1315 2493 hominibus.
1348 2437 1470 2493 Illos
1511 2455 1638 2508 ergo
1690 2455 1719 2494 a
1775 2441 1929 2497 nobis
1987 2443 2230 2512 redargui
2259 2441 2529 2502 convenit,
2565 2453 2632 2492 ne
2693 2437 2760 2493 ob
2823 2438 3209 2508 nimium,qu
3249 2440 3516 2508 pmpriam
3576 2440 3840 2496 hazresim

600 2539 1012 2596 prosequuntur,
1055 2546 1290 2588 amorem
1359 2535 1670 2603 sophisticis
1737 2540 1848 2590 suis
1908 2537 2406 2592 ratiocinationibus
2462 2535 2830 2597 divinitatem,
2882 2542 3139 2602 quantum
3173 2534 3385 2603 quidem
3433 2535 3486 2588 in
3551 2536 3679 2603 ipsis
3721 2547 3842 2602 est,

598 2620 1044 2678 adcreaturaruni
1073 2627 1228 2696 J32
1259 2631 1608 2696 proprietates
1634 2640 1686 2684 et
1708 2632 2066 2686 conditionem
2098 2632 2395 2689 detrahant.
2423 2640 2581 2699 atque
2604 2633 2704 2685 hac
2734 2629 2941 2682 ratione
2968 2629 3116 2683 exitii
3141 2644 3376 2684 amorem
3417 2629 3845 2699 simplicioribus

607 2713 836 2786 inusque
893 2730 1127 2788 expertis
1154 2734 1489 2792 tngenerent,
1517 2739 1582 2779 ac
1605 2725 1721 2778 Illos
1759 2725 1822 2778 ad
1847 2726 2108 2794 majorum
2143 2726 2439 2780 facinorum
2467 2733 2521 2778 et
2549 2722 2807 2778 scelerum
2843 2721 3164 2776 desiderium
3199 2721 3470 2776 inducant.

1239 2813 1390 2870 CAP.
1439 2813 1526 2870 ιν.

600 2902 679 2954 De
728 2902 988 2974 harreticis
1031 2905 1118 2973 qui
1161 2904 1360 2958 aiunt:
1405 2905 1638 2973 Spiritus
1686 2913 1768 2960 est
1808 2905 1981 2972 Deus;
2024 2921 2158 2974 quo-

671 2973 830 3047 modo
854 2974 1310 3047 autem‘Spiritus
1345 2985 1565 3031 sanctus
1592 2985 1767 3044 potest
1813 2991 1933 3032 esse
1987 2973 2159 3047 spiri-

670 3051 755 3096 tus
796 3041 1062 3112 Spiritus?
1094 3055 1140 3097 et
1178 3043 1414 3114 reliqua.‘

669 3133 868 3188 Verum
917 3135 1018 3204 ipsi
1056 3151 1142 3200 ea,
1174 3152 1291 3205 qua:
1321 3137 1605 3206 simplicia,
1642 3146 1696 3193 et
1741 3146 1910 3202 recta,
1958 3149 2012 3193 et
2043 3135 2162 3208 per;
2188 3145 2232 3204 (ι

602 3225 742 3281 facta
781 3236 924 3292 sunt,
991 3228 1317 3297 rejicicntes,
1365 3242 1430 3283 ac
1486 3244 1761 3283 sacrorum
1809 3229 2155 3284 oraculorum

599 3344 797 3417 quidve
838 3346 1053 3417 proprie
1084 3346 1184 3400 sibi
1222 3346 1347 3400 velit
1377 3345 1504 3399 illud
1535 3346 1720 3417 φησίν,
1751 3347 1892 3414 quod
1929 3361 2048 3399 mox
2083 3361 2165 3400 se—

603 3416 807 3486 quitur,
862 3415 1066 3483 judicet
1114 3417 1304 3471 lector.
1361 3415 1620 3486 Equidem
1684 3431 1750 3470 ne
1805 3417 1955 3470 locus
2005 3417 2165 3470 nimis

605 3485 898 3552 perplexus
946 3495 1106 3555 atque
1154 3485 1436 3541 obscurus
1483 3485 1661 3550 foret,
1711 3487 1887 3555 aliqua
1939 3487 2007 3542 de
2047 3502 2166 3541 meo

605 3556 804 3608 addere
841 3557 890 3608 in
929 3557 1280 3610 translatione
1314 3565 1534 3610 coactus
1561 3571 1703 3609 sum.

677 3624 788 3695 (66)
833 3626 1134 3680 Mundanis.
1169 3628 1224 3681 In
1259 3625 1448 3681 (ἔντερο
1496 3625 1784 3695 βιωτικῶν.
1815 3626 2039 3696 Didymo
2069 3640 2164 3679 au-

609 3707 712 3748 tem
759 3696 1010 3765 βιωτικός
1053 3711 1194 3765 smpe
1235 3707 1316 3751 est
1355 3714 1373 3746 ι
1403 3698 1728 3765 mundanus,
1757 3715 1773 3745 ι
1811 3707 1904 3749 aut
1954 3714 1972 3746 ι
2003 3711 2169 3750 δεξιου-

606 3763 800 3829 laris,»
838 3777 895 3820 ut
943 3767 996 3820 in
1034 3763 1438 3820 commentariis
1475 3768 1530 3818 in
1561 3763 1802 3820 Psalmos
1827 3767 1891 3817 ad
1935 3781 2072 3818 vers.
2136 3765 2168 3818 5

607 3834 792 3908 psalmi
838 3837 1134 3908 XXttthbi
1163 3837 1450 3908 μερίμνας
1498 3835 1754 3908 βιωτικὰς
1789 3835 1919 3908 dicit
1961 3853 1978 3884 ι
2007 3850 2166 3908 curas

610 3906 924 3959 mundanas.
953 3925 973 3957 ι
1013 3905 1078 3959 Ει
1129 3905 1266 3959 alibi
1299 3905 1483 3960 eorum
1526 3907 1747 3971 scripta,
1786 3906 1874 3972 qui
1910 3905 2168 3958 ecclesia-

610 3975 732 4029 stici
781 3976 1070 4044 scriptores
1107 3991 1209 4028 non
1244 3987 1401 4037 sunt,
1442 3985 1601 4029 vocat
1643 3974 1900 4044 βιωτικὰς
1934 3991 2171 4044 συγγρα-

607 4047 733 4114 φάς,
766 4047 816 4098 id
846 4055 927 4100 est
965 4064 984 4096 ‹
1015 4045 1298 4100 saeculares
1325 4046 1697 4115 scriptiones.»
1733 4046 1862 4098 Vide
1891 4053 1943 4098 et
1972 4045 2166 4098 librum

610 4117 729 4171 adv.
767 4115 1023 4177 Matticlt.,
1060 4131 1179 4184 pag.
1206 4115 1330 4170 207.

683 4183 793 4253 (67)
835 4184 1184 4238 Aristotelico.
1237 4185 1504 4250 Quantum
1568 4183 1954 4242 Aristotclicae.
2009 4197 2169 4252 quam

611 4254 943 4319 cxcoluerat,
981 4254 1328 4324 philosophiae
1379 4255 1660 4324 principiis
1706 4255 2023 4306 inniteretur
2067 4253 2173 4306 Eu-

613 4327 844 4387 nomius,
879 4333 1090 4379 constat
1134 4323 1203 4379 ex,
1236 4323 1476 4394 Gregorii
1514 4323 1767 4394 Nyssrnii
1789 4324 1922 4375 libro
1951 4338 1999 4376 γι
2045 4337 2174 4375 con-

613 4404 693 4447 tra
739 4395 882 4449 illum
919 4396 1140 4463 scripto,
1174 4392 1387 4448 constat
1413 4410 1478 4447 ex
1512 4393 1694 4463 Cyrilli
1730 4392 2014 4457 Thesauro,
2044 4407 2173 4463 con—

611 4476 719 4518 stat
749 4480 814 4519 ex
859 4462 1138 4533 Augustini
1189 4464 1327 4517 libro
1375 4463 1452 4516 De
1498 4462 1804 4526 Iiwresibus,
1838 4471 2050 4533 constat
2082 4462 2172 4533 de:

614 4551 794 4602 mum,
846 4546 902 4588 ut
947 4529 1020 4588 de
1071 4535 1188 4587 aliis
1223 4535 1471 4587 l’atribus
1527 4535 1750 4597 sileam,
1804 4548 1867 4585 ex
1922 4529 2168 4584 Eunomii

615 4603 780 4670 ipsius
834 4605 968 4658 lihro
1015 4605 1368 4672 Apologetico.
1424 4605 1560 4668 Quin
1611 4604 1676 4656 de
1714 4604 1962 4655 munibus
2009 4616 2168 4672 gene-

613 4675 767 4727 ratim
802 4676 1035 4739 Arianis,
1066 4671 1431 4737 Eunomianis,
1455 4683 1584 4737 etc.,
1608 4682 2003 4741 conqucruntur
2033 4671 2171 4723 illius

614 4745 792 4797 saeculi
831 4745 1037 4807 Patres,
1084 4748 1223 4812 quod
1275 4744 1590 4798 dialecticas
1619 4744 1857 4810 argutias
1892 4757 2036 4794 sana:
2084 4749 2166 4792 at-

614 4829 719 4880 que
763 4815 1074 4868 orthodoxa:
1116 4815 1417 4868 divinorum
1465 4814 1807 4867 oraculorum
1848 4813 2170 4879 interpreta-

617 4883 745 4936 tioni
796 4885 1145 4938 anteferrent.
1187 4901 1205 4934 ι
1236 4883 1458 4937 Omnem
1496 4884 1636 4936 enim
1687 4883 1792 4934 vim
1839 4894 2166 4933 venenorum

614 4967 831 5007 suorum
864 4954 959 5019 (ait
987 4953 1300 5008 Ambrosius
1328 4953 1418 5006 lib.
1445 4969 1462 5005 1
1492 4952 1564 5005 De
1593 4951 1713 5016 ﬁde,
1741 4967 1856 5019 cap.
1886 4950 1940 5017 5)
1973 4950 2026 5002 in
2057 4949 2173 5003 dia-

616 5023 803 5077 lectica
855 5023 1216 5091 diSputatione
1270 5023 1623 5086 constituunt,
1670 5038 1789 5090 qua:
1834 5019 2173 5091 philos0pho-

619 5108 733 5146 rum
784 5089 1054 5148 sententia
1108 5094 1362 5146 deﬁnitur
1411 5109 1513 5147 non
1578 5089 1850 5144 astruendi
1912 5091 2017 5142 vim
2075 5089 2171 5140 ha-

616 5163 758 5226 bere,
785 5166 879 5217 sed
904 5164 1139 5217 studium
1163 5164 1488 5218 destruendi.
1515 5180 1533 5212 ι
1562 5162 1688 5215 Vide
1707 5170 1816 5215 not.
1836 5159 1924 5223 65,
1946 5174 2061 5228 pag.
2079 5158 2167 5211 39.

686 5232 796 5304 (68)
842 5231 1150 5304 Eunomius.
1193 5235 1247 5286 In
1284 5233 1422 5287 vivis
1450 5232 1626 5304 adhuc
1662 5241 1777 5284 erat
1807 5230 2022 5304 infamis
2072 5229 2172 5280 iste

616 5299 753 5356 Aetii
779 5299 1112 5372 'discipulus,
1147 5303 1270 5357 dum
1309 5301 1789 5372 hmcrdictarentur
1829 5316 1856 5353 a
1900 5299 2168 5368 Didymo:

614 5373 744 5424 ohiit
772 5373 913 5427 enim
937 5371 1088 5426 anno
1111 5373 1328 5426 circiter
1351 5371 1472 5425 594.

687 5443 797 5514 (69)
839 5441 895 5496 Si
936 5459 1038 5494 non
1076 5443 1422 5496 credideritis.
1447 5442 1560 5494 Non
1593 5439 1742 5494 Pauli
1771 5439 2053 5514 sunthazc,
2079 5436 2170 5490 sed

618 5507 803 5567 Isaiae}
839 5520 1052 5566 exstant
1085 5523 1259 5564 autem
1292 5527 1408 5578 cap.
1431 5526 1542 5574 vn,
1595 5527 1734 5563 vers.
1766 5511 1820 5570 9,
1865 5509 1950 5562 ubi
1987 5507 2172 5559 Graeca

622 5583 786 5636 editio
821 5581 980 5636 habet
1023 5581 1143 5636 οὐδὲ
1171 5583 1244 5652 μή
1282 5577 1378 5652 pro
1407 5581 1602 5652 068105
1651 5581 1745 5650 μή.
1782 5577 2173 5652 Complnteusis

625 5667 750 5706 vero
817 5654 1023 5704 συνεῖτε
1077 5648 1184 5718 βιο
1227 5648 1441 5719 συνῆτε.
1500 5648 1752 5718 Vulgatus
1809 5651 1904 5702 int.
1959 5648 2166 5700 vertit:

625 5741 641 5771 ι
674 5721 729 5775 Si
773 5739 875 5776 non
925 5722 1284 5785 credideritis,
1329 5737 1433 5773 non
1491 5720 1889 5788 permattehitis.
1923 5737 1941 5768 ι
1992 5719 2173 5783 Augu-

619 5793 792 5847 SIinus
844 5804 1016 5847 autem
1050 5793 1099 5846 in
1129 5791 1414 5845 Collatiam
1461 5808 1573 5843 cum
1615 5788 1900 5843 Maximino
1952 5789 2168 5849 Ariona,

2929 2814 3067 2867 ΚΕΦ
3089 2815 3160 2866 Δθ.

2267 2906 2412 2978 Περί
2428 2905 2544 2959 τῶν
2564 2907 2859 2978 {endrth
2882 2905 3188 2978 αίρετςκῷν
3207 2921 3219 2935 ·
3252 2905 3474 2978 Πνεῦμα
3501 2907 3527 2958 ὁ
3550 2905 3679 2978 eqs;
3697 2910 3844 2978 [xui

2339 2975 2454 3040 πῶς
2522 2975 2614 3028 τοῦ
2643 2975 2972 3048 ςΠνεύματος
3015 2977 3234 3046 Πνεῦμα
3290 2975 3348 3028 τὸ
3400 2975 3552 3044 ἅγιον
3602 2976 3847 3048 11νεῦμά

2339 3051 2516 3113 ἐστιν;
2561 3047 2657 3100 καὶ
2692 3047 2762 3100 τὰ
2791 3051 2993 3101 λοιπά.

2347 3139 2483 3191 Ἀλλ’
2531 3137 2982 3208 ἀποπεμπόμενοι
3033 3154 3129 3208 μεν
3170 3150 3239 3190 τα
3288 3136 3454 3199 ἁπλᾶ,
3510 3138 3601 3190 καὶ
3640 3137 3843 3206 εὐθέα,

2264 3231 2357 3285 καὶ
2397 3230 2608 3282 τέλεια·
2656 3229 2751 3282 καὶ
2815 3228 3320 3299 ἀνεπιστημοσύνης
3374 3229 3845 3299 ἀναπιμπλῶντες

2263 3360 2384 3414 pag.
2409 3344 2532 3408 676,
2580 3353 2709 3397 tom.
2743 3342 2856 3414 Vili
2890 3362 2942 3397 ιι
2973 3342 3036 3396 Et
3062 3343 3198 3414 scis,
3232 3342 3462 3414 tinquit,
3485 3361 3504 3392 ‹
3532 3343 3716 3414 utique
3749 3344 3847 3399 di-

2266 3412 2407 3471 xis—se
2429 3415 2736 3481 prophetam
2766 3431 2781 3469 :
2815 3413 2924 3466 Nisi
2946 3412 3304 3474 credideritis,
3332 3427 3434 3465 non
3454 3413 3792 3480 intelligetis.
3813 3435 3833 3466 ι

2337 3485 2446 3555 (70)
2489 3483 2780 3555 Sapientia.
2831 3484 2848 3536 1
2893 3482 3028 3555 _Cor.
3055 3483 3295 3555 _m,_19.
3356 3482 3470 3555 Sed
3500 3481 3689 3555 Gracca
3733 3486 3836 3540 ed.

2266 3551 2468 3608 habet:
2508 3554 2573 3605 Ἦ
2631 3552 2738 3624 γὰρ
2781 3552 2940 3622 σοφία
2989 3551 3082 3604 τοῦ
3128 3552 3332 3624 κόσμου
3382 3552 3589 3618 τούτου,
3641 3552 3695 3606 id
3748 3565 3850 3610 est

2281 3641 2299 3674 ι
2331 3625 2589 3689 sapientia
2619 3623 2760 3676 enim
2795 3623 2952 3689 hujus
2986 3623 3190 3677 mundi.
3233 3640 3250 3672 ο

2363 3695 2451 3757 71)
2491 3692 2754 3765 Convicia.
2797 3692 2941 3760 Lego
2967 3693 3016 3744 οἱ
3055 3691 3363 3765 ὀνειδισμοί,
3398 3689 3478 3746 vel
3523 3689 3592 3742 τὰ
3629 3690 3846 3765 όνείδη.

2365 3766 2452 3830 7:2)
2497 3761 2668 3815 Ultra.
2698 3762 2875 3816 Codex
2908 3760 3209 3832 περετέρω.
3238 3759 3376 3832 Lego
3428 3759 3758 3832 περαιτέρω,

2342 3778 2452 3832 (1:5)
2497 3778 2668 3815 Ultra.
2698 3778 2875 3816 Codex
2908 3778 3209 3832 περετερω.
3238 3778 3306 3815 Le
3346 3778 3376 3813 ο
3428 3778 3758 3831 περαιτερω.

2342 3835 2452 3903 (75)
2492 3832 2901 3886 Cruciabuntur.
2933 3834 3268 3903 Accusanlur
3312 3778 3629 3903 (δι-ἱεοιιξδιιίΔ
3653 3847 3700 3903 a_
3736 3829 3848 3886 ιιι-

2269 3899 2506 3958 Stiniano
2544 3905 2884 3968 imperatore,
2932 3900 3072 3969 quod
3115 3901 3565 3969 reproborumrin
3616 3899 3851 3957 inferno

2269 3973 2527 4041 supplicia
2575 3981 2777 4025 aeterna
2807 3968 2961 4041 (fore
3005 3971 3334 4037 negaverint.
3398 3991 3416 4022 ι
3452 3968 3563 4041 lloc_
3598 3984 3850 4041 quoque

2269 4039 2684 4111 propr-iogerrori
2735 4039 3033 4111 adjungnnt
3075 4041 3268 4108 (inquit
3303 4042 3416 4111 ipse
3441 4041 3508 4111 _iu
3554 4039 3691 4111 libro
3729 4043 3847 4111 qd-

2272 4109 2446 4165 tverans
2483 4109 2753 4178 Origenem
2805 4110 2870 4163 ad
2931 4110 3195 4172 Mcnnam,
3246 4111 3310 4162 de
3364 4109 3699 4175 Origenianis
3744 4109 3848 4165 lo-

2272 4182 2463 4250 quens)
2518 4181 2704 4232 ducem
2756 4189 2808 4233 et
2867 4191 3176 4250 (auctorem;
3213 4182 3846 4250 trahentesperversam

2269 4248 2385 4318 ejus
2417 4254 2631 4317 (nempe
2664 4249 2928 4318 Origenis)
2971 4248 3330 4316 disciplinam,
3367 4261 3426 4303 ut
3458 4249 3661 4318 dicant,
3707 4262 3846 4303 om-

2273 4317 2420 4374 nium
2453 4321 2734 4386 impiorum
2769 4317 3078 4381 hominum,
3115 4333 3178 4370 ac
3228 4327 3485 4388 prmterea
3524 4317 3848 4388 daemonum

2273 4405 2486 4459 poenam
2537 4390 2694 4442 tinem
2742 4389 3044 4459 habituram
3094 4387 3284 4459 esse.)
3339 4387 3542 4459 Similia
3580 4387 3658 4459 _de
3677 4387 3849 4459 _Ori-

2275 4454 2406 4526 gene
2439 4459 2729 4527 scripserat
2766 4458 2823 4511 S.
2854 4458 3207 4527 Hieronymus
3241 4457 3293 4510 in
3340 4457 3478 4511 libro
3519 4457 3634 4509 adv.
3662 4454 3844 4527 {eam

2202 4514 2246 4568 Ῐ)
2273 4514 2522 4590 derosa!”
2549 4514 2720 4582 'nunt.
2770 4528 2821 4580 7.
2870 4527 2981 4582 1ιιιυ
3025 4514 3077 4581 εἷ
3110 4527 3166 4579 8.
3197 4528 3524 4581 Athanasius
3571 4527 3623 4579 in
3662 4526 3847 4594 Frag-

2270 4602 2464 4653 mentis
2519 4598 3028 4652 commentariorum
3081 4597 3136 4648 in
3185 4595 3513 4661 Matt/uram,
3565 4611 3687 4664 pag.
3733 4591 3842 4663 3S,

2269 4669 2615 4723 Collectionis
2691 4683 2840 4722 nova:
2917 4666 3396 4720 Montfauconiana:
3457 4675 3589 4719 tom.
3637 4666 3714 4728 ll,
3780 4680 3848 4722 ut

2269 4741 2403 4794 alios
2437 4740 2624 4793 Patres
2668 4747 3004 4806 prmteream,
3033 4739 3096 4788 ad
3125 4751 3185 4789 ea
3231 4738 3410 4799 verba,
3453 4753 3471 4785 ι
3501 4733 3671 4790 Omne
3703 4750 3848 4804 pec-

2271 4819 2469 4871 catum,
2498 4818 2551 4862 et
2589 4805 2920 4875 blasphemia
2977 4807 3277 4861 remittetur
3327 4805 3649 4875 hominibus,
3678 4823 3697 4856 ι
3754 4809 3848 4861 sic

2271 4880 2541 4948 loquitur:
2582 4896 2600 4928 ‹
2628 4877 2680 4930 Si
2708 4873 2900 4931 verum
2947 4887 3029 4930 est
3067 4876 3195 4948 illud
3251 4876 3415 4944 (quod
3460 4875 3532 4927 ait
3581 4873 3846 4948 Evange-

2273 4945 2443 5016 Ιίιιίιι),
2478 4964 2577 5002 cur
2614 4948 2776 5001 miser
2824 4957 3110 5000 accusatur
3155 4945 3441 5015 Origenes,
3491 4946 3632 5013 quod
3670 4946 3846 5016 tinem

2271 5015 2501 5088 aliquem
2534 5032 2810 5086 pinnarum
2843 5018 3152 5078 constituat,
3184 5033 3246 5068 ac
3278 5016 3508 5088 (tandem
3556 5015 3847 5088 remissio—

2274 5084 2394 5142 nem
2447 5084 2684 5142 omnium
2745 5095 3082 5152 peccatorum
3149 5084 3453 5138 hominibus
3504 5084 3705 5150 pariter
3775 5096 3841 5138 et

2271 5158 2604 5213 daemonibus
2636 5174 2664 5210 a
2702 5156 2811 5209 Deo
2841 5157 3232 5209 concedendam
3267 5153 3559 5222 praedicet?
3587 5171 3605 5203 ι
3638 5154 3842 5208 Utrum

2271 5243 2399 5281 vero
2454 5229 2707 5301 Didymus
2755 5226 2857 5280 hoc
2908 5240 3066 5301 sensu
3119 5225 3473 5301 Origenianus
3508 5222 3841 5301 fuerit,.co-

2273 5309 2492 5366 gnoscct
2541 5293 2710 5350 lcctur
2750 5311 2854 5366 non
2893 5297 3049 5366 modo
3093 5309 3158 5348 ex
3196 5295 3295 5366 hoc
3344 5293 3481 5357 loco,
3523 5293 3844 5366 seductialn

2273 5360 2335 5436 es
2365 5383 2530 5436 segni.
2559 5367 2628 5420 88
2655 5383 2707 5430 a,
2756 5365 2857 5418 114
2886 5366 2913 5418 b
2943 5375 2996 5417 et
3023 5364 3204 5436 ﬂia,
3242 5364 3485 5436 itemque
3515 5376 3581 5416 es
3633 5360 3726 5436 lib.
3760 5362 3846 5415 De

2275 5432 2479 5503 Spiriiu
2518 5445 2718 5501 sancto,
2755 5453 2912 5489 .num.
2937 5436 3001 5488 47
3027 5447 3080 5488 et
3108 5434 3198 5496 59,
3229 5443 3302 5496 et,
3337 5442 3392 5486 ut
3419 5432 3521 5503 alia
3559 5432 3842 5503 omittam,

2273 5500 2336 5559 cit
2376 5509 2457 5560 his
2479 5523 2597 5576 quae
2631 5500 2849 5560 dictavit
2877 5508 2941 5558 ad
2975 5520 3116 5576 vers.
3157 5505 3379 5576 18_cap.
3406 5517 3461 5555 ιι
3495 5500 3843 5576 Proverbia-

2279 5593 2418 5643 rum,
2447 5570 2568 5645 pag.
2602 5576 2702 5631 155
2744 5576 2954 5630 Catenae
2983 5575 3140 5627 edita)
3165 5587 3194 5625 a
3225 5572 3442 5626 Peltano
3471 5590 3485 5626 :
3516 5570 3665 5645 {Otii
3691 5571 3846 5645 illius

2278 5639 2491 5714 (nempe
2518 5639 2847 5715 ineretricis)
2895 5645 3136 5698 moribus
3200 5641 3633 5715 atqueconsiliis
3674 5639 3847 5715 obse-

2276 5709 2578 5785 quuniur...
2607 5719 2672 5772 ad
2703 5709 3088 5786 sempiternum
3119 5714 3334 5768 tandem
3368 5712 3638 5768 interitum
3667 5709 3846 5766 abdu-

2271 5799 2484 5844 cuntur.
2509 5806 2527 5838 ι
