4104 6408
322 371 422 426 ιει

1335 368 1418 421 DE
1457 368 1822 426 TRINITATE
1856 372 2055 431 LIBER
2095 377 2482 434 SECUNDUS.

3427 396 3527 452 682

318 486 426 540 τῶν
464 482 622 554 ιερῶν
665 482 841 550 λόγων
879 482 973 552 τὴν
1013 482 1347 551 προαίρεσιν,
1382 482 1501 534 καθ’
1540 483 1605 554 ἣν
1640 483 1808 537 ἐθέλει
1850 487 1877 538 ὁ

1981 505 2191 546 sensum
2250 500 2684 570 propositumque
2737 507 2946 563 inscitia
3004 514 3269 582 t‘eplcntes
3305 556 3318 579 ,
3378 515 3525 583 juxta

315 575 451 636 Θεὸς
488 573 672 643 Πατὴρ
713 574 776 626 τὸ
819 572 1039 642 Πνεῦμα
1083 571 1244 624 αὐτοῦ
1287 573 1668 626 συντάττεσθαι
1707 575 1874 644 αὐτῷ.

313 666 394 727 ὡς
431 665 524 718 τὸν
561 664 826 734 μονογενῆ
872 665 1061 731 Λόγον,
1103 664 1197 715 καὶ
1236 663 1295 715 τὸ
1337 663 1670 736 ἐξῃρημένον
1715 667 1908 748 αὐτοῦ⁵

312 752 426 806 ἀπὸ
447 753 545 822 τῆς
570 753 800 815 κτίσεως
841 752 935 804 καὶ
967 753 1228 824 ὑπερέχον
1255 751 1626 821 ἀσφαλίζεται,
1668 755 1746 808 διὸ
1782 757 1875 809 καὶ

311 845 839 914 τρισαγιολογεῖται,
921 844 1080 914 φασίν
1114 861 1128 874 ⁸
1214 844 1337 908 Πῶς
1401 846 1494 898 τοῦ
1566 847 1877 917 Πνεῦματος

313 937 540 1006 Πνεῦμα
561 937 623 987 τὸ
664 936 818 1003 ἅγιον
865 935 1086 1004 Πνεῦμά
1120 937 1298 1002 ἐστιν;
1346 937 1468 990 Ὅτι
1508 938 1562 990 δέ
1604 939 1761 992 τοῦτο
1784 941 1876 1008 γέ-

315 1045 578 1098 γραπται,
621 1028 914 1081 δέδεικται·
947 1027 1006 1078 τὺ
1050 1027 1106 1080 δὲ
1153 1028 1290 1091 πῶς,
1325 1029 1416 1082 νοῦ
1461 1031 1552 1082 καὶ
1588 1029 1744 1098 λόγου
1784 1032 1875 1084 τοῦ

322 1117 448 1171 καθ’
488 1118 660 1187 ἡμᾶς,
705 1117 784 1168 ἔτι
823 1117 878 1168 δέ
918 1118 1011 1169 καὶ
1054 1117 1298 1184 ἀγγέλων
1339 1117 1587 1186 γνώσεως
1627 1121 1876 1172 ἐπέκεινα

323 1208 594 1276 τυγχάνει.
657 1208 746 1270 Ὠς
802 1208 909 1278 γὰρ
952 1207 1262 1279 Πνεύματος
1318 1210 1650 1279 ὑπάρχοντος
1690 1211 1874 1278 αὐτοῦ,

323 1302 418 1372 [59
450 1301 505 1371 u]
537 1300 799 1370 ἐγεννήθη
842 1301 900 1365 ἐξ
933 1299 1096 1352 αὐτοῦ
1137 1303 1165 1353 ὁ
1203 1300 1333 1364 Θεὸς
1367 1303 1534 1369 Λόγος
1555 1319 1567 1330 ·
1612 1301 1782 1363 οὕτως
1819 1302 1876 1368 ἐξ

320 1391 484 1446 αὐτοῦ
516 1394 610 1444 καὶ
637 1392 730 1444 σὺν
756 1391 903 1460 αὐτῷ
940 1391 1167 1462 ἐξεφάνη
1207 1392 1266 1444 τὸ
1310 1394 1460 1460 ἅγιον
1499 1392 1736 1462 Πνεῦμα·
1775 1392 1877 1444 δεί-

313 1483 547 1538 κνυσθαί
573 1500 632 1536 τε
659 1483 717 1536 ἐν
741 1481 914 1552 τούτῳ
945 1482 1175 1551 μάλιστα
1200 1484 1259 1534 τὸ
1289 1484 1666 1552 ἀκατάληπτον
1691 1483 1873 1547 αὐτοῦ,

312 1580 375 1630 ἐν
402 1576 478 1646 τῷ
503 1577 563 1628 τὸ
597 1577 916 1646 φαινόμενον
945 1575 1038 1626 καὶ
1062 1573 1121 1626 ὃν
1143 1577 1206 1644 τῇ
1235 1574 1407 1626 κτίσει
1433 1575 1710 1640 ἀδύνατον,
1738 1572 1875 1628 εἶναι

306 1669 446 1738 παρ’
483 1667 632 1736 αὐτῷ
677 1666 917 1719 δυνατόν.
973 1666 1122 1717 Ἐπεὶ
1149 1665 1230 1727 τίς
1273 1666 1304 1733 ἡ
1340 1664 1569 1735 διαφορὰ
1601 1666 1697 1736 τῆς
1728 1669 1878 1719 ἀναι-

306 1759 431 1810 τίου
458 1759 554 1810 καὶ
583 1755 844 1820 ζωοποιοῦ
871 1756 1106 1824 φύσεως,
1145 1757 1236 1810 καὶ
1260 1756 1355 1826 τῆς
1387 1755 1874 1826 δημιουργηθείσης

308 1855 412 1905 καὶ
444 1851 914 1920 ζωοποιουμένης;
955 1850 1055 1903 οὐκ
1095 1851 1328 1921 ἐγχωρεί
1358 1849 1413 1901 δὲ
1453 1850 1512 1901 τὸ
1546 1849 1764 1920 Πνεῦμα
1800 1851 1872 1920 μὴ

306 1941 456 2000 εἶναι
486 1942 765 2013 ὁμοούσιον
794 1942 885 1996 καὶ
910 1941 1146 2012 ἰσότιμον
1171 1943 1376 1994 ἐκείνου
1402 1941 1459 2005 ἐξ
1484 1937 1543 1995 οῦ
1581 1943 1724 1993 ἐστι·
1765 1940 1873 1994 διό-

310 2050 421 2102 περ
451 2032 600 2084 ἐστὶν
635 2031 730 2083 καὶ
772 2029 924 2098 ἅγιον
968 2029 1228 2097 φυσικῶς.
1279 2031 1339 2082 υἱ
1376 2025 1467 2082 οὖν
1509 2029 1746 2096 ἄγγελοι,
1774 2047 1876 2098 φη-

309 2121 419 2181 σὶν,
449 2121 550 2171 οὐκ
575 2119 708 2171 εἰσὶν
733 2118 839 2171 ἀπὸ
865 2116 957 2170 τοῦ
981 2117 1136 2179 Θεοῦ,
1171 2118 1261 2170 καὶ
1287 2119 1450 2185 ἆγιοι,
1476 2119 1566 2170 καὶ
1596 2117 1876 2187 πνεύματα

303 2210 408 2262 τοῦ
432 2209 566 2261 Θεοῦ
589 2225 603 2273 ;
653 2207 876 2261 Ἐκεῖνοί
899 2209 1031 2260 εἰσιν
1060 2207 1166 2261 ἀπὸ
1191 2207 1283 2260 τοῦ
1322 2207 1476 2272 Θεοῦ,
1515 2209 1631 2260 καθ’
1657 2208 1684 2260 ὃ
1712 2225 1878 2270 προσ-

303 2299 467 2365 τάξει
541 2297 703 2350 αὐτοῦ
781 2297 1106 2365 γεγόνασιν,
1172 2295 1247 2359 ὡς
1330 2296 1544 2348 πάνταο
1609 2296 1753 2363 ἆγιοι
1815 2297 1871 2349 δὲ

310 2388 458 2460 μετά
504 2387 563 2438 το
604 2385 956 2454 ἁγιασθῆναι,
1015 2385 1088 2448 ὡς
1151 2387 1197 2437 οἱ
1240 2384 1542 2454 ἄνθρωποιο
1589 2384 1871 2454 πνεύματα

306 2480 402 2541 δὲ’
477 2478 610 2530 καθὸ
666 2477 804 2548 πρὸς
865 2479 1008 2547 ἡμᾶς
1075 2476 1352 2546 ἀσώματοι
1384 2493 1397 2506 ο
1462 2477 1522 2528 οὐ
1586 2477 1877 2546 κληθέντες

308 2571 603 2639 πνεύματα
647 2567 739 2620 τοῦ
784 2567 938 2630 Θεοῦ,
986 2569 1019 2638 ἦ
1064 2570 1128 2620 ἐκ
1167 2567 1261 2619 τοῦ
1311 2565 1465 2627 Θεοῦ,
1507 2566 1538 2636 ἢ
1589 2567 1877 2636 ἐκπορευό-

311 2679 453 2731 μενα
492 2660 641 2730 παρὰ
669 2657 760 2710 τοῦ
793 2659 1024 2728 Πατρος.
1073 2657 1106 2726 ἢ
1147 2657 1293 2721 θεῖα,
1339 2658 1371 2728 ἢ
1417 2657 1699 2726 πνεύματα
1745 2657 1875 2728 ἀλη-

309 2753 487 2816 θείας,
517 2753 552 2823 ἦ
598 2749 880 2820 πνεύματα
905 2747 1206 2820 ἁγιωσύνης
1228 2765 1240 2777 ο
1266 2748 1376 2800 ἀλλ’
1397 2747 1615 2817 ἄγγελοι
1642 2749 1877 2820 λειτουρ-

309 2847 419 2913 γοὶ,
445 2845 538 2896 καὶ
563 2841 788 2911 σώματα
808 2840 1050 2910 οὐράνια,
1076 2840 1163 2892 διὰ
1183 2841 1243 2894 τὸ
1273 2841 1513 2911 ἀπείρως
1541 2841 1762 2910 ἀπέχειν
1784 2843 1877 2894 καὶ

308 2939 595 3006 ὑφιζάνειν
627 2933 720 2987 τοῦ
759 2934 1012 2987 ἀκτίστου
1039 2934 1348 3003 Πνεῦματος
1396 2933 1489 2986 τοῦ
1534 2933 1666 2985 Θεοῦ
1692 2977 1704 2998 ,
1737 2933 1876 2986 κατὰ

307 3030 401 3083 τὸν
444 3030 722 3099 γράψοντα
752 3026 1007 3096 ἔμπειρον
1050 3024 1364 3078 ’Λπόστολον
1386 3040 1400 3056 ⁸
1453 3044 1470 3076 t
1502 3025 1733 3095 Σώματα
1761 3027 1877 3078 ἐπί-

308 3139 457 3189 γεια,
488 3122 582 3172 καὶ
612 3119 836 3188 σώματα
866 3117 1176 3187 ἐπουράνια.
1222 3136 1240 3169 ι
1287 3117 1372 3181 Ὠς
1400 3116 1508 3187 γὰρ
1537 3117 1596 3169 οὐ
1628 3121 1746 3171 κατ’
1775 3118 1871 3172 αὐο

308 3213 436 3274 tobg
470 3211 539 3264 τὰ
569 3211 856 3280 πνεύματα
880 3210 988 3262 τῶν
1020 3209 1252 3278 ἀνέμων,
1286 3209 1404 3261 οὐδέ
1440 3209 1591 3261 αὐτοὶ¹
1640 3210 1778 3263 κατὰ
1816 3211 1875 3263 τὸ

315 3305 468 3370 ἆγιον
497 3300 723 3370 Πνεῦμα
753 3300 843 3353 τοῦ
877 3299 1026 3353 Θεοῦ.
1061 3300 1222 3352 Αὐτοὶ
1263 3299 1370 3368 γὰρ
1417 3299 1737 3370 ἐκτίσθησαν
1761 3343 1774 3364 ,
1817 3302 1874 3354 οὐ

321 3395 500 3463 μέντοι
534 3392 963 3462 ἐξεωρεύθησαν
1010 3395 1072 3444 ἐκ
1098 3393 1194 3462 τῆς
1233 3393 1580 3457 ὑποστάσεως
1624 3392 1715 3446 τοῦ
1745 3392 1878 3446 Θεοῦ

320 3487 418 3538 καὶ
455 3487 660 3556 Πατρός
680 3503 694 3515 ⁸
723 3486 823 3537 οὐκ
851 3484 1212 3552 ἀναγεννῶσιν
1236 3486 1400 3555 ἡμᾶς,
1431 3486 1492 3538 οὐ
1522 3485 1876 3550 θεοποιοῦσιν,

322 3575 594 3645 ἁμαρτίας
623 3575 685 3627 οὐ
744 3573 1129 3645 συγχωροῦσιν,
1188 3576 1246 3627 οὐ
1287 3577 1664 3644 ζωοποιοῦσιν,
1695 3579 1754 3631 οὐ
1783 3579 1878 3650 δη-

323 3667 691 3740 μιουργοῦσιν,
721 3667 820 3737 οὐχ
851 3668 1181 3735 ἀγιὰζουσιν,
1206 3668 1266 3720 οὐ
1303 3668 1592 3739 κρίνουσιν,
1624 3669 1756 3723 ἀλλὰ
1791 3673 1880 3724 καὶ

317 3760 594 3830 κρίνονται
626 3758 642 3827 (
671 3758 899 3827 «Ὑμεῖς
952 3775 969 3808 ι
1008 3757 1134 3828 γὰρ,
1177 3759 1370 3828 φησὶν,
1412 3777 1430 3808 ι
1476 3759 1566 3811 καὶ
1615 3760 1876 3828 ἀγγέλους

313 3854 551 3924 κρινεῖτε
582 3850 663 3921 ι
701 3850 820 3902 Οὐδ’
845 3851 902 3902 ἐν
933 3851 1115 3912 αὐτοῖς
1163 3851 1266 3902 εἰσι
1298 3850 1404 3901 τῶν
1437 3850 1678 3920 οὐρανῶν
1707 3851 1762 3903 αί
1795 3851 1882 3902 δυ-

311 3945 527 4014 νάμεις.
566 3943 640 3996 Οὐ
674 3941 857 4004 τόποις
878 3942 1012 3994 εἰσὶν
1034 3941 1397 4014 ἀπερίγραφοι
1423 3983 1436 4006 ,
1470 3942 1561 3993 καὶ
1587 3941 1882 4012 διαστήμα-

314 4047 399 4083 σιν
430 4029 752 4099 ἀμέτρητοι.
794 4029 852 4081 Ὀ
873 4028 980 4099 γὰρ
1015 4029 1250 4099 Γαϐριὴλ
1288 4029 1461 4083 λαλῶν
1491 4029 1568 4099 τῷ
1594 4030 1807 4101 Δανιὴλ,
1847 4031 1878 4101 ἦ

313 4120 806 4189 εὐαγγελιζόμενος
833 4119 928 4191 τὴν
956 4119 1212 4173 Θεοτόκον
1239 4121 1531 4192 Παρθένον,
1694 4121 1747 4194 b]
1785 4123 1882 4175 οὐκ

312 4210 383 4284 ἦν
412 4213 508 4265 καὶ
533 4213 593 4263 ἐν
620 4211 829 4283 οὐρανῷ
856 4215 922 4281 τῇ
949 4212 1123 4282 οὐσίᾳ,
1149 4212 1222 4275 ὡς
1246 4215 1310 4283 τῇ
1338 4212 1541 4283 διανοίᾳ
1561 4229 1574 4244 ³
1608 4213 1740 4266 ἀλλὰ
1762 4213 1882 4265 τότε

315 4304 411 4356 ἐπὶ
449 4303 555 4372 γῆς
583 4301 810 4372 διέτριϐε
858 4303 1034 4372 μόνον.
1070 4303 1201 4356 Οὐδὲ
1232 4307 1341 4367 τοῖς
1376 4305 1564 4358 αίῶσίν
1593 4307 1728 4359 εἰσιν
1752 4307 1884 4359 ἀπε-

317 4396 575 4466 ρίληπτοι
598 4409 612 4422 °
647 4413 665 4444 ι
713 4394 770 4446 '0
805 4393 970 4446 ποιῶν
1013 4414 1029 4445 ι
1071 4395 1198 4464 γὰρ,
1233 4396 1384 4466 φησὶ,
1419 4415 1437 4447 t
1473 4398 1597 4460 τοὺς
1625 4397 1885 4465 ἀγγέλους

1903 3158 1944 3216 C
1981 3149 2072 3193 aut
2124 3141 2342 3208 spiritus
2387 3143 2688 3196 sanctitatis
2727 3161 2740 3197 :

1977 599 2094 650 qua“.
2145 586 2402 654 Spiritum
2458 607 2609 646 suum
2645 635 2661 659 ,
2713 614 2815 651 non
2867 615 3022 655 secus
3084 621 3144 658 ac
3199 608 3522 676 unigenitum

1979 669 2234 741 Verbum,
2263 678 2362 730 sibi
2390 681 2648 748 mqualem
2675 685 2775 738 dici
2802 688 3071 745 vultDeus
3100 693 3276 759 Pater,
3295 669 3522 766 eumque

1981 762 2033 816 in
2071 775 2442 821 creaturarum
2480 787 2704 828 numero
2750 793 2853 829 non
2885 795 3022 846 esse,
3056 784 3147 838 sed
3185 785 3340 852 longe
3368 762 3522 856 Supra

1980 857 2098 912 illas
2139 861 2404 916 excellere
2453 878 2761 934 asseverat;
2791 887 2890 938 qua
2936 876 3096 928 etiaut
3135 879 3198 932 de
3231 894 3390 934 causa
3453 893 3529 936 ter

1977 948 2028 1003 in
2063 950 2281 1020 trisagio
2311 965 2527 1009 sanctus
2552 961 2857 1015 nominatur
2882 982 2895 1016 :
2928 965 3200 1031 Quomodo
3224 979 3416 1038 potest,
3443 969 3538 1025 in-'

1976 1041 2164 1109 qttittnt
2196 1083 2211 1109 ,
2267 1045 2498 1114 Spiritus
2548 1062 2764 1105 sanctus
2801 1069 2920 1108 esse
2965 1056 3195 1124 Spiritus
3247 1061 3387 1115 illius
3434 1065 3524 1132 qui

1975 1140 2060 1185 est
2087 1132 2352 1215 Spiritus?
2382 1138 2473 1193 Ast
2501 1141 2600 1195 hoc
2633 1142 2680 1195 in
2717 1144 3006 1212 Scriptnris
3049 1148 3300 1205 aﬂirmari
3346 1167 3527 1208 osten-

1977 1237 2094 1276 sum
2125 1234 2222 1279 est.
2269 1227 2382 1293 Qua
2413 1243 2587 1285 autem
2633 1236 2838 1289 ratione
2867 1239 2914 1290 id
2948 1240 3067 1305 fiat,
3101 1243 3396 1312 intelligere
3422 1264 3525 1301 non

1977 1315 2213 1370 valemus
2248 1342 2258 1372 ;
2300 1324 2508 1375 excedit
2551 1327 2689 1378 enim
2743 1329 2843 1381 hoc
2883 1341 3112 1385 mentem
3171 1345 3222 1388 et
3262 1338 3523 1390 rationem

1977 1416 2237 1472 nostram,
2275 1410 2380 1463 imo
2405 1415 2560 1466 etiam
2605 1418 2912 1482 angelorum
2962 1425 3341 1490 cognitionem.
3388 1428 3521 1480 Nam

1977 1498 2116 1551 sicut
2163 1515 2282 1553 cum
2340 1503 2451 1571 ipse
2491 1506 2645 1560 l’alcr
2675 1519 2817 1562 esset
2867 1510 3132 1577 Spiritus,
3192 1518 3401 1584 genitus
3459 1535 3524 1572 ex

1976 1589 2092 1657 ipso
2117 1589 2373 1647 fuitDens
2403 1591 2676 1661 Verbum;
2721 1601 2788 1652 ita
2822 1616 2884 1654 ex
2930 1603 3080 1670 ipso,
3140 1616 3194 1659 et
3237 1621 3354 1659 com
3412 1609 3527 1677 ipso

1974 1680 2145 1735 eluxit
2201 1683 2434 1751 Spiritus
2474 1699 2708 1742 sanctus.
2750 1689 2824 1743 Ex
2862 1708 2925 1745 eo
2983 1705 3158 1748 autem
3192 1699 3523 1762 potissimum

1976 1783 2195 1841 apparet
2223 1774 2331 1845 (74)
2384 1777 2528 1829 illttm
2574 1793 2690 1832 esse
2723 1782 3314 1850 iucomprcltensibilem
3338 1827 3353 1850 ,
3382 1792 3522 1857 quod

1976 1864 2023 1916 ei
2053 1865 2102 1918 id
2133 1866 2380 1933 possibile
2421 1869 2513 1932 sit,
2553 1872 2692 1937 quod
2723 1882 2984 1927 creatura:
3020 1887 3072 1930 et
3105 1879 3315 1931 videtur
3348 1890 3400 1934 et
3444 1891 3527 1934 est

1978 1954 2303 2022 impossibile
2336 1956 2739 2028 (75).Alioquin
2778 1978 3009 2030 quanam
3071 1968 3120 2020 in
3183 1983 3238 2022 re
3287 1970 3528 2026 diil'erret

1978 2055 2164 2098 natura
2213 2063 2386 2101 causa:
2440 2059 2531 2102 aut
2572 2050 2821 2120 principii
2856 2069 3046 2120 expers
3081 2094 3096 2118 ,
3145 2071 3207 2110 ac
3252 2059 3529 2113 vivificaris

1976 2149 2006 2188 a
2057 2144 2243 2188 natura
2295 2151 2472 2192 creata
2511 2147 2668 2208 atque
2702 2141 3032 2209 {viviﬁcata?
3061 2144 3173 2198 Non
3226 2157 3395 2214 potest
3434 2165 3529 2201 au-

1978 2235 2082 2279 tent
2116 2228 2345 2295 Spiritus
2386 2244 2488 2282 non
2543 2246 2660 2285 esse
2713 2234 3185 2290 consubstantialis
3246 2247 3302 2292 et
3355 2253 3528 2308 acqua-

1977 2319 2044 2374 lis
2088 2318 2160 2372 illi
2199 2334 2262 2372 ex
2299 2335 2404 2389 quo
2428 2323 2642 2376 exsistit
2679 2339 2694 2376 :
2726 2325 2948 2393 ideoque
2987 2336 3068 2380 est
3127 2329 3288 2382 etiam
3340 2341 3528 2384 natura

1977 2421 2211 2465 sanctus.
2245 2410 2493 2481 Nunquid
2543 2429 2670 2485 ergo
2713 2417 2885 2486 angeli
2939 2419 3208 2486 (inquiunt
3252 2420 3388 2494 [76])
3427 2439 3528 2477 non

1975 2501 2306 2566 sttntaDeo,
2333 2517 2430 2557 nec
2475 2505 2677 2568 sancti,
2733 2521 2833 2560 nec
2887 2507 3106 2574 spiritus
3161 2510 3292 2563 Dei?
3333 2510 3468 2564 Sunt
3499 2527 3527 2562 a

1981 2591 2109 2657 Deo,
2145 2601 2410 2661 quatenus
2451 2593 2600 2663 jussu
2638 2595 2806 2663 ipsius
2838 2597 2962 2650 facti
3011 2608 3156 2662 sunt,
3184 2609 3240 2654 ιιι
3262 2600 3365 2653 alia
3415 2616 3522 2655 om-

1979 2683 2106 2735 nia:
2163 2683 2330 2738 sancti
2399 2696 2575 2739 autent
2634 2695 2796 2750 sunt,
2873 2696 3155 2756 postquam
3212 2690 3528 2746 sanctiﬁcati

1977 2785 2140 2842 sunt,
2186 2785 2244 2830 ut
2300 2777 2580 2844 homines;
2636 2779 2854 2846 spiritus
2897 2795 3024 2834 vero
3058 2790 3210 2849 sunt,
3269 2793 3534 2850 quatenus

1979 2875 2223 2934 respectu
2251 2876 2495 2922 nostrum
2519 2879 2646 2923 sunt
2670 2870 2992 2940 incorporei.
3024 2876 3093 2925 At
3131 2888 3392 2941 nusquam
3433 2889 3530 2928 vo-

1977 2957 2082 3012 cati
2130 2957 2345 3011 luerunt
2382 2960 2602 3028 spiritus
2636 2961 2750 3026 Dei,
2795 2975 2885 3018 aut
2914 2980 2976 3017 ex
3007 2963 3148 3027 Deo,
3213 2975 3307 3018 aut
3344 2981 3533 3035 proce-

1981 3048 2166 3102 dentes
2195 3062 2223 3100 a
2256 3045 2434 3113 Patre,
2465 3059 2556 3104 aut
2608 3052 2793 3116 divini,
2845 3063 2935 3106 aut
2985 3055 3204 3123 Spiritus
3251 3057 3530 3122 veritatis,

2789 3146 2879 3198 sed
2933 3147 3104 3215 angeli
3162 3148 3529 3203 ministrantes

1977 3238 2070 3284 aut
2108 3231 2438 3295 servientes,
2494 3243 2547 3285 et
2597 3249 2822 3303 corpora
2877 3236 3132 3301 coelestia,
3190 3251 3253 3291 eo
3287 3239 3426 3304 quod
3465 3241 3531 3294 ab

1981 3321 2135 3391 133
2171 3320 2407 3376 int'realo
2436 3323 2526 3376 Dei
2559 3324 2758 3393 Spiritu
2799 3327 2848 3379 in
2880 3327 3142 3381 inﬁnitum
3183 3331 3402 3394 distent,
3437 3347 3530 3385 eo-

1978 3427 2082 3480 que
2133 3411 2415 3466 inferiores
2457 3414 2563 3467 sint
2601 3415 2750 3478 juxta
2807 3419 3035 3484 peritum
3072 3421 3407 3486 Apostolnm,
3442 3423 3531 3490 qui

1977 3503 2201 3557 scribit:
2239 3522 2256 3554 ι
2292 3504 2525 3574 Corpora
2573 3505 2682 3575 (77)
2734 3515 2942 3560 terrena
2965 3547 2978 3573 ,
3027 3519 3080 3562 et
3122 3525 3343 3579 corpora
3375 3513 3536 3566 cccle-

1979 3593 2103 3648 stia.
2143 3612 2162 3645 ι
2196 3594 2346 3648 Sicut
2381 3596 2525 3649 enim
2584 3597 2712 3664 ipsis
2755 3598 2955 3651 similes
2995 3615 3097 3653 non
3145 3611 3271 3654 sunt
3317 3604 3536 3670 Spiritus

1976 3693 2280 3748 ventorum,
2315 3685 2393 3739 sic
2429 3700 2494 3738 ne
2522 3685 2621 3753 ipsi
2653 3685 2864 3753 quidem
2906 3697 3030 3740 sunt
3074 3689 3288 3744 similes
3313 3692 3533 3760 Spiritui

1979 3786 2164 3829 sancto
2197 3777 2309 3830 Dei.
2342 3776 2472 3829 Nam
2510 3777 2604 3844 ipsi
2646 3778 2858 3846 quidem
2893 3779 3056 3832 creati
3093 3789 3245 3839 sunt;
3299 3791 3532 3837 attamen

1977 3879 2045 3918 ex
2076 3865 2348 3934 bypostasi
2393 3866 2480 3919 Dei
2525 3875 2579 3919 et
2620 3866 2794 3920 Patris
2830 3883 2932 3920 non
2981 3880 3376 3936 processerunt,
3428 3887 3534 3926 non

1981 3965 2301 4025 regenerant
2334 3971 2452 4019 nos,
2483 3972 2586 4008 non
2615 3954 2818 4010 faciunt
2851 3956 2985 4010 tilios
3016 3957 3130 4022 Dei,
3164 3969 3381 4027 peccata
3427 3976 3534 4015 non

1980 4045 2279 4109 remittunt,
2310 4061 2413 4098 non
2445 4045 2740 4108 vivificant,
2777 4061 2881 4099 non
2912 4056 3117 4111 creant,
3149 4063 3252 4103 non
3300 4050 3539 4103 sanctiﬁ-

1981 4145 2124 4198 cant,
2185 4148 2286 4188 non
2343 4132 2610 4198 jndicmt,
2661 4134 2752 4187 sed
2786 4149 2815 4186 e
2859 4138 3133 4190 contrario
3183 4137 3532 4205 judicantur:

1983 4224 2028 4295 (ι
2061 4222 2168 4278 Vos
2223 4243 2240 4276 ι
2277 4225 2442 4290 enim,
2488 4224 2661 4294 inquit
2691 4225 2799 4294 (78)
2827 4225 3125 4297 Scriptura,
3167 4243 3186 4278 ι
3231 4228 3394 4282 etiam
3441 4245 3538 4282 an-

1984 4317 2129 4385 gelos
2155 4314 2540 4384 iudicabitisa)
2568 4313 2676 4369 Nec
2721 4316 2772 4367 iu
2805 4316 2933 4384 ipsis
2970 4327 3092 4370 sunt
3141 4316 3250 4386 (79)
3277 4319 3536 4373 caelorum

1985 4407 2236 4472 virtutes,
2297 4421 2389 4460 seu
2430 4416 2744 4474 potestates.
2781 4406 2889 4459 Non
2917 4419 3038 4460 sunt
3068 4408 3199 4462 locis
3253 4410 3540 4466 incircum-

317 4482 488 4536 αὐτοῦ
528 4483 829 4552 πνεύματα,
884 4483 976 4534 καὶ
1023 4485 1146 4546 τοὺς
1194 4483 1533 4555 λειτουργοὺς
1583 4485 1744 4538 αὐτοῦ
1778 4486 1877 4557 πῦρ

1989 4498 2195 4566 scripti,
2229 4512 2326 4551 nec
2377 4496 2645 4552 distantiis
2686 4498 2972 4552 immensi:
3029 4514 3149 4551 nam
3187 4498 3400 4554 Gabriel
3440 4503 3539 4554 Da-

319 4575 542 4644 φλέγον.
576 4593 593 4626 ι
640 4575 747 4644 Οὐχ
769 4575 824 4627 ’ἐν
847 4592 898 4626 τι
928 4575 1031 4627 τῶν
1079 4576 1374 4646 γινομένων
1407 4577 1555 4650 παρά
1599 4578 1691 4631 τοῦ
1723 4580 1878 4647 ἁγίου

318 4664 641 4734 Πνεῦμα-τος
671 4663 923 4729 ποιοῦσιν,
953 4665 1084 4718 ἀλλά
1134 4667 1226 4719 καὶ
1271 4667 1667 4739 λειτουργοῦσιν
1713 4671 1877 4741 αὐτῷ,

317 4759 396 4824 ὡς
421 4756 622 4823 ἔδειξεν
669 4758 697 4810 ὁ
739 4758 1068 4830 ἀρχάγγελος
1104 4759 1338 4831 Γαϐριὴλ
1363 4801 1377 4825 ,
1428 4760 1876 4832 διακονησάμενος

391 4939 508 5011 (74)
550 4940 796 5008 Apparet.
826 4939 931 4994 Pro
961 4940 1264 4995 δείκνυσθαι
1323 4942 1601 5011 legendum
1652 4942 1877 4998 fortasse

319 5012 636 5066 δείκνυται·
692 5011 793 5064 nisi
844 5012 961 5077 quis
1005 5011 1112 5063 ἀπὸ
1164 5012 1340 5065 κοινοῦ
1390 5013 1675 5066 subaudire
1727 5017 1876 5067 malit

321 5081 576 5151 superius
609 5079 734 5134 illud
770 5079 1066 5147 δέδεικται,
1098 5083 1238 5149 quod
1274 5094 1450 5137 tamen
1493 5083 1644 5137 Valde
1675 5083 1866 5138 dttrum

321 5153 484 5205 foret.

394 5222 510 5288 ('75)
546 5219 889 5288 lmpossibik.
914 5218 1100 5274 Matth.
1131 5237 1242 5284 χιιι,
1264 5221 1356 5285 26,
1379 5231 1433 5276 et
1451 5221 1578 5276 Luc.
1608 5238 1761 5286 XVIII,
1782 5223 1875 5276 27.

392 5289 797 5361 (76)lnquiunt.
815 5291 914 5358 Qui
942 5291 1195 5358 Spiritum
1222 5301 1464 5346 sanctum
1492 5293 1734 5362 angelum
1761 5309 1881 5348 esse

359 5372 536 5415 utaut.

322 5377 850 5500 Ραῖξξῗϐονροναλ
903 5429 1028 5484 Cor.
1087 5446 1192 5494 xv,
1253 5430 1343 5484 40.
1406 5430 1590 5485 Plures
1623 5445 1686 5486 ex
1733 5442 1882 5486 vetu-

323 5503 427 5555 stis
454 5501 704 5554 Patribus
748 5514 972 5567 corpora
1021 5500 1246 5568 alicujus
1296 5503 1506 5568 generis
1557 5503 1760 5570 angelis
1785 5503 1880 5555 tri-

326 5571 530 5632 buisse,
561 5579 753 5624 norunt
783 5570 1030 5638 theologi.
1083 5588 1101 5620 ι
1134 5571 1424 5638 Corporum
1456 5590 1475 5623 ι
1520 5587 1646 5626 vero
1683 5591 1701 5623 ι
1727 5572 1886 5627 caele-

325 5643 487 5694 stium
511 5658 531 5690 ι
565 5641 822 5693 vocabulo
845 5640 929 5691 alii
965 5643 1014 5692 iu
1048 5641 1147 5693 boc
1169 5639 1317 5693 l’auli
1343 5640 1457 5694 loco
1473 5641 1660 5706 solem,
1683 5643 1881 5705 lunam,

329 5709 510 5780 stellas
547 5711 878 5780 intellexere,
912 5720 967 5780 ut
1007 5709 1358 5780 Hieronymus
1407 5711 1459 5766 iu
1517 5712 1653 5768 libro
1706 5723 1884 5767 contra

328 5777 583 5834 Joannem
609 5775 1124 5847 Jerosolymimnum.

1987 4587 2184 4642 nielem
2212 4587 2486 4657 alloquens
2508 4628 2522 4650 ,
2557 4597 2647 4641 aut
2684 4588 2923 4657 Deiparte
2947 4589 3150 4657 Virgini
3190 4593 3537 4656 annuntians,

1987 4691 2090 4729 non
2137 4686 2253 4730 erat
2288 4678 2451 4731 etiam
2488 4681 2538 4731 in
2584 4677 2720 4732 coelo
2748 4679 3001 4744 essentia,
3032 4680 3170 4732 sicut
3198 4691 3415 4748 tuente;
3448 4683 3540 4737 sed

1987 4766 2038 4820 in
2077 4776 2218 4821 terra
2249 4769 2508 4822 duntaxat
2550 4777 2676 4824 tunc
2724 4770 2950 4838 degebat
3002 4769 3134 4840 (80).
3194 4770 3374 4842 Neque
3418 4785 3539 4830 sunt

2049 4945 2159 5014 (78)
2189 4944 2431 5014 Inquit.l
2496 4947 2620 5000 Cor.
2679 4963 2754 5010 Vl,
2806 4948 2858 5002 5.
2911 4945 3094 5001 Grmca
3138 4947 3301 5002 editio
3349 4948 3540 5004 habet:

1979 5016 2315 5088 υύκίοῖδατε,
2354 5017 2436 5069 ὅτι
2484 5017 2744 5084 ἀγγέλους
2790 5017 3116 5088 κρινοῦμεν;
3169 5019 3219 5071 id
3271 5030 3370 5084 est,
3413 5038 3430 5070 ι
3459 5021 3541 5075 Αιι

1981 5087 2214 5148 nescitis,
2251 5090 2394 5156 quod
2429 5091 2643 5155 angelos
2665 5087 3027 5154 judicabimus
3051 5088 3072 5139 ?
3098 5107 3117 5139 ι

2052 5197 2160 5266 (79)
2192 5195 2302 5249 Nec
2329 5198 2380 5251 in
2420 5199 2544 5264 ipsis
2565 5211 2702 5251 sunt.
2739 5200 2992 5253 Eantdetn
3023 5198 3350 5254 locutionem
3383 5201 3541 5254 habet

1983 5268 2144 5320 etiam
2178 5282 2344 5335 segni.
2399 5267 2464 5321 69
2494 5286 2546 5321 α.
2593 5270 2673 5320 An
2718 5270 2931 5336 respicit
2985 5270 3109 5322 illud
3152 5269 3383 5324 Psaltis:
3435 5288 3454 5320 ι
3486 5272 3543 5323 Et

1987 5338 2174 5404 spiritu
2203 5337 2315 5388 oris
2351 5337 2464 5405 ejus
2497 5353 2684 5390 omnes
2707 5339 2932 5394 virtutes
2973 5340 3199 5392 eorum?
3229 5358 3248 5390 ι
3298 5341 3378 5393 An
3422 5355 3543 5394 vero

1987 5407 2163 5472 potius
2195 5406 2321 5461 illud
2356 5426 2368 5460 :
2416 5426 2432 5456 ι
2461 5407 2524 5461 Et
2565 5409 2685 5471 hoc,
2729 5409 2870 5462 ouod
2904 5411 3145 5464 continet
3180 5412 3384 5474 omnia,
3415 5427 3434 5459 ι
3497 5419 3543 5464 οι

1989 5476 2234 5544 reliqua?

2061 5567 2172 5638 (80)
2209 5567 2434 5641 Irtterra
2464 5570 2720 5641 duntaxat
2756 5578 2878 5623 tunc
2918 5571 3150 5641 degebat.
3201 5569 3389 5622 Aﬂinia
3434 5577 3543 5623 tum

1993 5639 2096 5710 bis,
2146 5651 2253 5689 tum
2277 5639 2510 5710 iisqum
2546 5640 2701 5710 paulo
2734 5652 2851 5710 post
2887 5639 3205 5710 sequentur,
3255 5644 3543 5693 dictaverat

1991 5707 2254 5788 Didymus
2274 5709 2323 5786 in
2365 5709 2621 5788 libro_De
2678 5707 2772 5788 Sp.
2821 5708 2903 5776 S.,
2937 5707 3082 5762 num.
3137 5710 3207 5788 ϐξ
3259 5724 3543 5788 ψιωριιιιι

1993 5778 2139 5830 utilia
2171 5777 2324 5832 nobis
2355 5794 2472 5836 mox
2513 5781 2685 5834 futura
2712 5782 2836 5845 sint,
2872 5795 3047 5848 opera:
3074 5783 3301 5848 pretium
3332 5779 3434 5833 erit
3464 5777 3542 5832 hic
