4104 6408
338 376 445 432 485

1388 370 1472 425 DE
1512 368 1883 423 TRINITATE
1920 368 2119 425 LIBER
2161 371 2544 428 SECUNDUS.

3456 379 3559 434 486

336 490 470 547 σῶν.
493 502 586 539 και
613 501 795 547 πασας
828 485 921 539 ἐπὶ
966 485 1128 537 πᾶσιν
1180 482 1461 552 οἰκτείρων
1502 480 1784 552 ἀμελλητὶ,
1817 497 1879 533 κα

2012 498 2173 539 censu
2206 500 2310 538 non
2343 484 2709 541 numerandus
2742 504 2755 540 :
2807 489 2898 542 sed
2937 488 3076 543 Deus
3124 497 3179 543 et
3212 490 3265 543 in
3317 490 3478 553 cmlo,
3510 504 3555 546 et

331 578 742 645 ἐπιρρωννυων,
776 578 873 629 καὶ
908 575 1243 647 εὐφροσύνην
1284 574 1486 643 ἄφατον
1512 575 1631 635 ταῖς
1684 573 1910 624 ἑκαστα-

327 665 432 735 χοῦ
472 662 565 735 [60
612 664 665 735 α]
713 664 941 734 φύσεσιν
998 664 1260 727 ἐνδιδούς·
1321 662 1585 733 περιέχων
1632 660 1783 713 τοῦδε
1811 658 1906 712 τοῦ

326 754 539 816 παντὸς
563 755 663 824 τὴν
698 754 979 818 σύστασιν,
1028 756 1120 808 καὶ
1178 755 1353 808 πάντα
1394 752 1530 822 ἔχων
1563 751 1651 819 ὑφ’
1692 749 1865 820 ἐαυτῷ
1889 768 1904 781 ο

325 846 428 898 καὶ
461 845 733 916 Θεσπεσίῳ
759 845 1007 910 φωτίζων
1032 846 1193 916 φωτὶ,
1221 846 1311 898 καὶ
1338 842 1635 917 εὐεργετῶν
1655 844 1718 913 τῇ
1748 842 1907 894 ἀπλέ-

324 955 412 1008 τῳ
450 936 615 990 αὐτοῦ
639 938 889 1008 ἐνεργείᾳ
937 938 1029 989 καὶ
1076 936 1397 1007 αναθοτητιο
1438 936 1504 989 τὰ
1552 934 1653 1005 μὲν
1698 934 1900 1005 ἀμείνω

327 1031 433 1100 τὴν
460 1029 681 1101 γνώμην
739 1030 833 1080 ἐπὶ
884 1029 1210 1101 τελειότερον
1258 1032 1404 1097 ἀγων
1464 1026 1684 1090 σκοπὸν,
1730 1026 1797 1079 τὰ
1845 1026 1901 1078 δὲ

330 1118 507 1188 χείρω
532 1117 623 1170 καὶ
653 1117 989 1187 πλημμελῶς
1012 1118 1449 1188 ἀναστρεφόμενα
1470 1116 1569 1169 οὐκ
1590 1117 1903 1186 ἀποστερῶν

334 1208 439 1278 τῆς
464 1208 647 1261 ἑαυτοῦ
679 1208 962 1280 βασιλικῆς
990 1210 1082 1263 καὶ
1108 1209 1463 1281 ὁμονοητικῆς
1484 1210 1580 1262 καὶ
1608 1210 1902 1280 ἀμερίστου

334 1300 695 1372 προστασίας·
750 1300 864 1353 ἀλλ’
926 1302 983 1355 ἐν
1045 1302 1230 1369 ἐφέσει
1268 1301 1538 1355 καθιστῶν
1586 1301 1760 1365 αὐτὰ,
1810 1302 1903 1353 καὶ

331 1390 548 1461 συννοίᾳ
574 1391 672 1461 τῆς
699 1392 935 1462 χορηγοῦ
983 1390 1091 1444 τῶν
1122 1392 1316 1445 ὀλικῶν
1372 1391 1589 1459 ἀγαθῶν
1618 1390 1900 1459 ὁμοουσίου

325 1482 578 1552 Τριὰδος,
610 1483 703 1536 καὶ
732 1485 866 1536 πᾶσι
898 1486 1009 1547 τοῖς
1035 1482 1413 1554 καλλιεργοῦσι
1454 1482 1899 1551 συλλαμϐανόμε-

320 1591 435 1638 νος,
492 1574 631 1643 μετὰ
663 1573 755 1627 τοῦ
786 1575 1002 1629 πάντων
1040 1575 1373 1647 ἐξῃρημένος
1405 1571 1561 1636 εἶναι,
1592 1572 1782 1638 οὓτως,
1818 1575 1897 1627 ὅτι

2008 573 2308 641 nobiscum,
2346 591 2409 629 ac
2461 576 2513 629 in
2564 577 2716 632 nobis
2770 581 3037 634 exsistetts
3076 580 3210 650 (89),
3267 583 3445 636 omnia
3506 582 3557 637 in

2005 666 2254 720 omnibus
2320 665 2474 736 135
2526 668 2663 721 bona
2716 669 2984 736 elliciens,
3042 671 3291 725 omnibus
3348 673 3562 741 quidem

2006 756 2454 824 immaterialiter,
2500 759 2618 813 sine
2671 760 2864 829 forma,
2925 764 3042 817 sine
3101 765 3565 835 transﬁgurationc

2003 861 2278 915 praesens;
2335 864 2607 917 nunquam
2666 866 2794 906 vero
2843 868 2963 907 cum
3014 853 3175 909 Patre
3228 855 3563 910 inell‘abiliter

2005 951 2247 1001 manere,
2306 952 2367 992 ac
2424 939 2584 993 veluti
2639 942 2919 997 considere
2972 959 3211 1011 cessans,
3266 956 3320 1001 et
3368 947 3564 1015 ubique

2005 1027 2251 1095 dili‘usus,
2276 1038 2329 1083 et
2353 1030 2591 1097 capiens,
2616 1042 2670 1086 et
2700 1033 2754 1086 in
2773 1034 3021 1090 omnibus
3047 1037 3165 1090 sine
3193 1038 3564 1093 commistione

2006 1119 2333 1186 inhabitans,
2366 1130 2419 1175 et
2454 1123 2503 1176 in
2534 1125 2891 1192 cogitationes
2921 1143 3039 1181 cum
3071 1140 3302 1196 nostras,
3344 1142 3451 1185 tttm
3475 1148 3539 1186 eo

2007 1224 2124 1263 rum
2156 1211 2245 1278 qui
2284 1210 2437 1267 nobis
2466 1213 2763 1269 invisibiles
2795 1226 2941 1281 sunt,
2977 1232 3035 1272 se
3066 1218 3366 1286 insinuans,
3392 1230 3447 1275 et
3472 1236 3563 1274 ac-

2005 1309 2191 1354 curate
2242 1312 2493 1358 scrutans
2532 1305 2744 1369 omnia,
2786 1306 2995 1360 etiamsi
3042 1309 3220 1362 omnia
3268 1321 3474 1375 noscat,
3509 1322 3563 1363 et

2002 1392 2118 1446 sine
2146 1407 2277 1446 voce
2317 1394 2597 1461 insonans,
2626 1403 2682 1450 et.
2714 1398 2922 1451 animas
2952 1398 3098 1453 intus
3126 1400 3287 1453 tacite
3320 1399 3562 1454 claman-

2002 1492 2083 1537 tes
2107 1483 2420 1548 exaudiens,
2456 1494 2510 1539 et
2552 1500 2644 1539 eas
2689 1503 2878 1542 omnes
2922 1490 3039 1543 sine
3080 1491 3419 1546 cunctatione
3447 1492 3557 1562 (90)

2000 1571 2055 1626 in
2100 1571 2351 1627 onmibus
2402 1574 2766 1629 misericordia
2815 1592 3144 1648 prosequens
3168 1619 3183 1644 ,
3218 1588 3273 1633 et
3304 1584 3559 1637 corrobo—

398 1776 511 1845 (89)
550 1776 611 1829 In
639 1776 787 1839 caelo,
820 1787 956 1831 ειη..
982 1776 1035 1829 in
1066 1777 1209 1830 nobis
1252 1778 1518 1830 exsistens.
1561 1776 1703 1839 Haec,
1752 1774 1883 1828 alia-
1923 1785 1961 1839 Β
1993 1780 2169 1827 turam
2208 1770 2417 1846 [noster
2456 1790 2553 1846 ins.
2582 1776 2744 1829 codex
2770 1778 2923 1832 habet
2950 1794 2968 1831 :
3012 1790 3103 1833 sea
3152 1778 3420 1846 quomodo
3453 1779 3553 1834 Pa-

292 1852 431 1915 que
465 1846 787 1912 huiusmodi,
822 1863 941 1916 qua:
987 1861 1156 1915 segni.
1187 1847 1255 1902 60
1284 1864 1314 1899 a
1340 1846 1717 1916 subiiciuntur!
1742 1848 1881 1916 sicut

312 1914 393 1970 iis
423 1916 618 1969 similia
644 1926 787 1980 sunt,
818 1914 936 1985 qum
996 1914 1151 1971 modo
1202 1926 1326 1971 nota
1369 1916 1437 1969 80
1468 1932 1497 1969 e
1522 1917 1656 1971 libro
1682 1914 1759 1968 De
1792 1914 1887 1983 Sp.

316 1988 389 2039 S.
430 1986 731 2049 attulimus,
765 1988 839 2040 ita
883 1986 1059 2056 lucc_m
1106 1985 1335 2041 ali'crunt
1397 1992 1737 2056 argumento,
1782 2000 1889 2053 quo

321 2056 406 2108 ibi
442 2056 703 2125 Didymus
740 2056 951 2124 probat,
996 2054 1227 2125 Spiritus
1274 2054 1891 2109 sancti'incircumscri-

314 2137 470 2193 ptam
502 2124 621 2179 esse
650 2126 1027 2179 substantiam.
1047 2124 1123 2179 Eo
1138 2125 1279 2179 enim
1308 2126 1544 2179 abutitur
1560 2125 1885 2189 Albertinus,

315 2197 560 2263 scriptor
590 2194 723 2249 satis
752 2196 1011 2257 eruditus,
1046 2195 1138 2250 sed
1178 2194 1545 2255 Calvinianus,
1601 2195 1693 2248 lib.
1746 2209 1781 2248 ll
1825 2195 1888 2248 de

332 2264 577 2317 Eurhar.
612 2280 836 2319 sacram.
861 2279 979 2332 cap.
1019 2265 1074 2318 2.
1104 2264 1293 2319 Paucis
1327 2273 1498 2333 totam,
1530 2264 1689 2332 hujus
1726 2280 1887 2333 argu—

318 2336 719 2388 mentationem
770 2335 1065 2390 contraho:
1096 2334 1241 2401 piget
1292 2334 1436 2387 enim
1488 2332 1643 2388 binas
1685 2349 1749 2387 ex
1796 2332 1888 2388 illo

314 2405 549 2473 paginas
616 2403 939 2459 exscribere.
1008 2422 1027 2454 ‹
1064 2404 1345 2473 Didymus,
1406 2403 1601 2472 inquit,
1657 2404 1889 2473 Spiritus

312 2472 495 2528 Sancti
518 2474 853 2527 divinitatem
894 2472 1234 2542 probaturus,
1260 2482 1630 2542 argumentum
1656 2472 1798 2527 ducit
1823 2474 1888 2527 ab

320 2545 503 2611 ipsius
535 2543 1119 2611 incircumscriptione;
1147 2542 1748 2611 incircumscriptionem
1776 2559 1887 2595 rur-

311 2629 413 2668 sus
440 2614 814 2667 demonstrans
837 2627 899 2667 ex
923 2627 986 2682 eo
1009 2614 1146 2682 quod
1164 2611 1320 2665 simul
1358 2612 1429 2665 sit
1452 2614 1501 2682 in
1528 2612 1765 2680 pluribus
1807 2612 1884 2666 lo-

314 2683 419 2739 cis.
446 2701 464 2732 ι
495 2682 632 2750 Ergo
661 2684 849 2751 dogma
879 2700 897 2733 ι
922 2680 1525 2751 Transubstantiationis
1547 2700 1566 2733 ι
1596 2696 1883 2751 nonagno-

312 2754 442 2807 scit.
472 2752 527 2805 Si
569 2752 708 2806 enim
742 2750 941 2805 Christi
968 2766 1163 2820 corpus
1211 2751 1262 2803 in
1288 2750 1546 2820 pluribus
1568 2750 1724 2804 simul
1751 2750 1883 2805 locis

312 2836 439 2877 esse
462 2821 843 2888 posset,fulilis
860 2819 1156 2889 huiusmodi
1180 2821 1315 2874 ratio
1332 2821 1486 2875 foret.
1508 2819 1619 2889 Huc
1637 2821 1878 2885 redeunt,

313 2893 449 2945 velit
483 2891 638 2955 nolit,
665 2888 994 2961 quaecunque
1012 2890 1226 2961 duabus
1255 2890 1461 2959 paginis
1494 2888 1683 2961 scribit
1709 2894 1867 2944 homo

312 2961 705 3015 beterodoxus.
735 2960 811 3013 Ea
841 2959 963 3013 dum
1009 2960 1261 3030 legerem,
1317 2966 1485 3027 poeta:
1547 2959 1690 3013 illius
1750 2961 1879 3014 mihi

309 3033 368 3087 in
397 3039 633 3085 mentem
666 3031 833 3093 venit,
857 3030 946 3099 qui
974 3046 1095 3085 cum
1147 3029 1201 3083 in
1255 3040 1436 3083 vatum
1486 3040 1751 3084 conventu
1797 3038 1879 3083 te-

312 3100 775 3155 tradccastichum
805 3102 1127 3153 recitaturus
1156 3099 1557 3162 insurrexisset,
1589 3108 1750 3167 atque
1792 3115 1877 3152 ar-

310 3180 635 3240 gumentum
661 3169 1037 3239 gravissimum
1068 3168 1365 3240 histrionali
1396 3169 1609 3224 levitate
1639 3170 1717 3224 sic
1754 3184 1878 3237 pro-

308 3239 620 3309 posuisset:
692 3240 882 3297 tlnter
953 3239 1431 3309 natosﬂmulierum
1487 3253 1590 3292 non
1642 3240 1877 3293 surrexit

311 3308 490 3379 maior
534 3308 743 3364 Joanne
783 3309 1017 3377 Baptista
1063 3308 1279 3379 (Matth.
1311 3324 1387 3375 xt,
1430 3309 1560 3378 il):
1601 3327 1619 3360 ι
1658 3324 1796 3379 ergo
1818 3310 1877 3364 Β.

316 3378 481 3448 Virgo
510 3391 593 3433 est
642 3380 984 3434 immaculate
1026 3378 1300 3446 cnncepta.
1342 3397 1361 3430 ι
1402 3378 1539 3448 alius
1588 3378 1804 3446 repente
1848 3396 1879 3435 e

318 3447 569 3504 secundis
602 3450 818 3504 sedibus
858 3464 979 3503 eum
1021 3448 1392 3516 interpellans,
1450 3465 1468 3498 ι
1498 3447 1553 3517 lu
1586 3449 1871 3517 principio,

318 3519 521 3586 inquit,
548 3520 747 3573 creavit
771 3521 909 3574 Deus
935 3518 1222 3581 cmlum,et
1264 3528 1460 3571 terram
1484 3516 1636 3587 (Gen.
1658 3533 1698 3580 ῐ,
1728 3516 1780 3587 1)
1810 3536 1821 3572 :
1853 3538 1871 3570 ι

322 3606 347 3639 ε
385 3602 517 3657 ergo
537 3588 863 3659 philosophia
912 3598 996 3659 est
1047 3588 1416 3659 necessaria.)
1450 3588 1554 3642 Sed
1579 3603 1609 3641 a
1662 3588 1878 3643 ludicris

317 3659 389 3711 ad
421 3662 587 3724 seria;
618 3659 717 3712 nisi
740 3658 931 3712 tamen
977 3658 1237 3712 ludicrum
1273 3658 1322 3709 id
1372 3658 1543 3726 ipsum
1589 3666 1689 3722 est,
1733 3659 1874 3726 quod

315 3727 631 3782 refellimus.
673 3728 983 3782 Catholicos
1010 3727 1211 3781 inducit
1252 3726 1582 3789 Albertinus,
1616 3730 1765 3795 quasi
1793 3729 1876 3780 ni-

311 3798 389 3852 hil
417 3798 562 3851 aliud
594 3800 915 3868 respondere
943 3798 1174 3868 valeant,
1208 3796 1272 3850 ad
1307 3796 1410 3851 hoc
1462 3796 1625 3868 veluti
1659 3797 1875 3868 _latibu-

307 3868 422 3922 lum
484 3866 879 3938 confugientes,
933 3883 997 3921 ac
1033 3867 1360 3938 inquientes_:
1416 3866 1672 3938 gDitlymi
1724 3881 1874 3938 mens

305 3948 412 4000 est,
448 3936 699 4007 angelum
729 3952 847 3991 esse
879 3952 983 3991 non
1012 3950 1167 4004 posse
1196 3936 1353 3992 simul
1378 3937 1627 4007 pluribus
1656 3936 1868 4007 inilocis

306 4003 547 4077 propria'
589 4008 925 4077 naturalique
966 4003 1181 4077 virtute,
1224 4005 1670 4075 quemadmodum
1697 4003 1860 4077 Spiri-

308 4074 652 4132 tus’sanctns
675 4078 725 4130 in
766 4074 957 4132 iis—est.
980 4094 998 4127 ι
1037 4075 1139 4130 Sed
1169 4074 1305 4130 bona
1342 4080 1527 4138 verba,
1567 4089 1768 4144 quaeso.
1794 4074 1872 4129 Ne

306 4162 409 4202 nos
434 4157 545 4200 tam
578 4146 802 4218 stolidos
854 4146 1046 4218 ﬁngas,
1092 4145 1368 4218 Albertine
1396 4162 1411 4218 ς
1458 4147 1708 4218 non__ita,
1742 4145 1871 4198 inihi

312 4218 507 4281 crede,
534 4216 847 4286 desipimus.
881 4215 993 4286 Age
1023 4230 1169 4286 vero,
1202 4217 1286 4270 dic
1312 4216 1491 4269 sodes.
1539 4215 1594 4269 Si
1644 4230 1745 4285 ego
1768 4230 1871 4286 non

306 4288 493 4341 omnia
540 4284 665 4353 quas
719 4301 748 4339 a
795 4284 1045 4340 Patrt'bus
1095 4284 1389 4339 afferuntur
1429 4284 1742 4353 argumenta
1794 4285 1873 4337 in-

307 4358 454 4411 victa
512 4369 634 4410 esse
676 4357 1088 4425 responderem:
1126 4355 1171 4409 si
1221 4353 1498 4425 Didymum
1537 4354 1661 4425 alibi
1685 4368 1866 4407 veram

306 4426 577 4495 corporis,
604 4424 804 4480 Christi
856 4427 907 4479 in
944 4424 1278 4495 Eucharistia
1319 4424 1675 4495 praisentiam
1700 4438 1865 4495 agno-

1999 1851 2082 1897 ter
2107 1857 2212 1896 non
2246 1844 2499 1917 consistit
2523 1846 2573 1897 in
2611 1845 2746 1917 loco,
2797 1864 2915 1900 cum
2947 1848 3087 1901 ultra
3117 1844 3328 1903 omnem
3353 1864 3551 1917 corpo-

1992 1928 2110 1987 rum
2142 1912 2414 1987 natni‘am]
2438 1931 2456 1987 _:
2488 1914 2644 1987 ita_et
2676 1915 2908 1984 Spiritus
2943 1920 3181 1972 veritatis
3213 1912 3549 1987 nequaquam

1992 1981 2371 2054 locorunifine
2397 1981 2690 2054 clauditur,
2717 1981 2837 2054 cum
2867 1988 2936 2041 sit
2961 1981 3334 2054 incorporalis,
3386 1981 3462 2053 et,
3496 2001 3553 2043 ut

1990 2052 2171 2105 verius
2205 2051 2401 2115 dicam,
2430 2053 2696 2108 excellens
2726 2053 2942 2178 {rectius
2974 2051 3135 2109 ι)οάεὼ
3163 2068 3352 2121 noster,
3387 2051 3551 2112 exce-

1992 2120 2148 2178 dens]
2183 2122 2484 2175 universam
2518 2124 2721 2177 rationa
2748 2141 2829 2177 em
2855 2134 3179 2178 creaturam.
3203 2145 3220 2178 ι
3250 2126 3327 2178 Ac
3357 2128 3550 2178 similia

1992 2120 2148 2191 dens]
2183 2122 2484 2191 universam
2518 2120 2829 2178 rationalem
2855 2134 3179 2179 creaturam.
3203 2145 3220 2178 ι
3250 2120 3550 2181 Δείδιιιιὶιὶθ

1989 2190 2146 2265 docet
2176 2204 2346 2260 segm.
2376 2190 2501 2265 66_a
2563 2193 2951 2265 hujnspperis,
2984 2196 3125 2265 quod
3158 2211 3297 2249 nunc
3322 2198 3548 2252 edimus.

1990 2258 2223 2335 Tantum
2246 2258 2389 2335 ivero
2420 2258 3261 2335 abest“utiSpiritum-sanctum
3328 2267 3379 2320 in
3432 2268 3550 2335 plu-

1992 2330 2140 2385 ribus
2167 2329 2298 2406 locis
2341 2344 2481 2406 e_sse_
2506 2331 2635 2406 velit
2695 2329 2971 2404 Didymus,
3027 2344 3085 2387 ut
3136 2334 3355 2406 angelos
3407 2329 3551 2406 ipsos

1991 2415 2097 2452 non
2128 2399 2286 2452 modo
2322 2417 2340 2451 ι
2374 2400 2426 2453 in
2467 2400 2601 2455 locis
2633 2420 2651 2453 ι
2691 2399 2810 2457 ηοῐί
2847 2406 3129 2464 exsistere.
3184 2399 3277 2457 scd
3326 2420 3393 2459 ne
3424 2399 3463 2457 ἰ
3497 2408 3549 2460 in

1988 2467 2106 2522 loco
2145 2488 2163 2520 ι
2206 2469 2419 2536 quidem
2452 2484 2572 2524 esse
2604 2484 2787 2539 aperte
2823 2474 3031 2527 doceat.
3071 2492 3088 2524 ι
3124 2472 3235 2526 Etsi
3298 2491 3401 2528 non
3441 2478 3547 2530 cir-

1987 2539 2440 2609 cumscribantur,
2472 2541 2666 2607 inquit,
2702 2541 2819 2595 loco
2848 2552 2898 2594 et
2926 2543 3140 2605 finibus,
3190 2552 3366 2597 tamen
3424 2562 3544 2609 pro-

1982 2608 2210 2675 prietate
2284 2610 2598 2664 substantia:
2663 2611 2942 2665 ﬁniuntur.
2996 2632 3014 2664 ι
3098 2614 3161 2665 Ει
3218 2629 3363 2666 num.
3428 2608 3543 2669 ’26:

1988 2694 2009 2728 ι
2046 2676 2198 2731 Sicut
2230 2677 2343 2730 loca
2404 2686 2458 2731 et
2499 2682 2947 2735 commutationes
2981 2682 3217 2736 locorum
3270 2683 3336 2736 ab
3372 2684 3545 2738 incor-

1980 2747 2257 2821 poralibus
2282 2762 2626 2821 separamus;
2660 2751 2738 2821 sic
2770 2761 2819 2803 ct
2854 2752 3183 2819 prolationes
3208 2750 3377 2821 (intus
3403 2755 3543 2816 dico,

1980 2822 2032 2870 et
2083 2815 2235 2886 foris)
2292 2815 2359 2868 ab
2412 2815 2869 2873 intellectualium'
2901 2832 3092 2874 natura
3145 2815 3539 2879 discernimus:

1980 2888 2104 2960 quia
2136 2886 2253 2960 istae
2301 2900 2585 2960 corporum
2620 2900 2745 2943 sunt
2797 2892 3162 2960 recipientium
3220 2899 3443 2958 tactttm,
3492 2905 3546 2947 ct

1980 2956 2283 3027 habentium
2318 2958 2612 3012 vastitates.
2663 2976 2682 3009 ι
2722 2961 2794 3013 De
2826 2956 3069 3027 iis-ergo
3099 2956 3435 3015 substantiis
3467 2963 3543 3017 Io-

1978 3024 2181 3101 quiiur,
2215 3041 2349 3101 quas
2398 3026 2509 3101 vnit
2564 3045 2581 3078 ι
2618 3030 2667 3080 in
2718 3029 2833 3083 loco
2867 3048 2886 3081 ι
2944 3024 3047 3083 non
3104 3044 3267 3083 esse:
3321 3047 3544 3101 quaeque

1983 3094 2111 3163 nihil
2166 3096 2337 3163 quoad
2363 3097 2428 3149 ad
2469 3097 2608 3151 hanc
2661 3114 2770 3152 rem
2833 3114 3118 3153 commune
3170 3094 3366 3154 habent
3418 3094 3537 3155 cum

1982 3162 2437 3236 Cltristiicorpore
2466 3184 2480 3219 :
2513 3168 2613 3221 hoc
2646 3169 2786 3221 enim
2817 3169 3061 3236 quamvis
3114 3170 3429 3229 innumeris.
3481 3188 3544 3225 ac

1982 3248 2117 3302 pene
2171 3235 2399 3289 dixerim
2450 3237 2669 3290 inﬁnitis
2728 3241 2778 3291 in
2831 3235 2961 3293 locis
2991 3248 3219 3305 ponatur
3253 3241 3541 3303 exsistere,

1983 3313 2295 3377 tamennon
2326 3306 2480 3377 modo
2516 3326 2534 3357 ι
2564 3310 2893 3377 proprietate
2933 3310 3247 3362 substantia:
3282 3310 3487 3377 (initur,
3519 3332 3537 3363 ι

1980 3373 2075 3426 sed
2115 3390 2135 3423 ι
2172 3374 2288 3427 loco
2321 3393 2340 3425 ι
2400 3373 2609 3429 etiam}
2640 3373 2703 3431 a'c
2759 3378 2953 3431 finibus
3003 3373 3483 3433 circumscribitur.
3517 3401 3535 3433 ι

1978 3441 2086 3518 Nec
2110 3445 2252 3518 enim
2289 3460 2352 3497 ex
2388 3460 2452 3498 eo
2498 3445 2641 3500 Deus
2692 3447 3195 3518 incircumscriptus
3250 3459 3351 3511 est,
3398 3455 3540 3518 quod

1981 3511 2204 3588 inﬁnitis
2242 3514 2643 3588 locisprarseus
2670 3518 2759 3588 sit,
2804 3517 2897 3571 sed
2923 3533 2987 3571 ex
3036 3511 3102 3570 eo
3156 3520 3295 3585 quod
3346 3511 3541 3588 ubique

1976 3583 2047 3655 ita
2084 3597 2316 3649 praesens
2350 3584 2437 3645 sit,
2478 3595 2533 3637 ut
2563 3605 2581 3634 ι
2612 3587 2928 3641 substantias
2954 3583 3277 3655 preprieiate
3314 3604 3418 3641 non
3456 3583 3537 3643 Ἰἰ-

1978 3651 2199 3706 niatur:
2232 3671 2251 3703 ι
2295 3660 2539 3707 creatura
2575 3669 2703 3709 vero
2734 3657 2777 3710 si
2819 3657 2901 3711 vel
2930 3651 3154 3710 inlinitis
3186 3658 3236 3710 in
3273 3657 3402 3711 locis
3455 3662 3531 3712 si-

1977 3720 2085 3774 mul
2116 3722 2381 3776 exsistere
2418 3724 2726 3791 ﬁngeretur,
2760 3726 2811 3779 in
2845 3727 2912 3779 iis
2935 3728 3186 3780 omnibus
3246 3726 3380 3780 locis
3414 3743 3534 3782 cer-

1980 3792 2408 3863 itamiquamdam
2440 3795 2880 3862 magnitudinem,
2939 3796 3168 3863 exempli
3216 3810 3399 3861 causa,
3448 3812 3537 3851 aut

1976 3860 2401 3929 intelligentiam,
2472 3860 2564 3917 aut
2612 3864 2904 3928 inscitiam,
2962 3860 3391 3928 etc.,_haberet,i
3432 3884 3538 3921 nuo

1975 3930 2160 4003 verbo,
2204 3949 2224 3981 ‹
2261 3931 2577 3987 substantiae
2606 3949 2716 3987 suze
2744 3934 3071 4003 proprietate
3102 3934 3365 3989 ﬁniretur.
3399 3955 3417 3987 ι
3458 3938 3533 3991 Εη

1976 3999 2161 4069 itaque
2194 4016 2299 4074 quo
2332 4003 2544 4056 tandem
2577 4017 2697 4058 meo
2723 3999 2939 4073 quidem
2965 4004 3170 4071 judicio
3225 4008 3306 4074 (ιιι
3355 4010 3533 4061 omnia

1975 4083 2082 4143 imo
2113 4071 2435 4139 complectar
2461 4071 2792 4143 syllogismo)
2834 4083 2944 4128 tota
2978 4074 3152 4143 magni
3190 4071 3346 4143 huius
3376 4076 3531 4130 theo-

1977 4137 2082 4208 logi
2118 4137 2512 4213 argumentatio
2548 4137 2833 4213 redigenda
2863 4146 2951 4198 sit.
2998 4137 3094 4197 Ille
3138 4137 3534 4199 incircumscri-

1981 4221 2130 4282 ptam
2156 4211 2315 4264 habet
2343 4211 2717 4276 substantiam,
2738 4230 2894 4281 quem
2925 4229 3092 4268 sacra:
3134 4215 3423 4282 Scriptura:
3449 4226 3535 4270 ta-

1974 4277 2227 4353 iemesse
2258 4290 2541 4353 testantur,
2576 4292 2634 4337 ut
2668 4300 2686 4333 ι
2724 4277 2963 4353 pluribus
2995 4304 3012 4333 ι
3051 4286 3180 4353 (ηοιι
3239 4277 3394 4349 locis,
3445 4287 3536 4339 Al-

1974 4348 2202 4427 bertine)
2240 4352 2331 4404 sed
2386 4354 2590 4427 sanctis
2634 4348 2745 4427 tum
2779 4355 2934 4416 viris,
2961 4348 3068 4427 tum
3101 4355 3304 4427 angelis
3340 4348 3537 4427 ubique

1972 4422 2088 4471 sive
2128 4428 2413 4483 terrarum,
2458 4422 2571 4477 sive
2620 4424 2880 4477 caelorum
2917 4424 3300 4477 exsistentibus
3330 4442 3348 4474 ι
3384 4422 3536 4478 inha-

308 4485 469 4572 scei'e
493 4494 824 4572 obiicerem:
870 4496 1117 4572 siiverha
1144 4493 1274 4572 illa,
1317 4485 1491 4572 {cum
1534 4496 1584 4547 in
1628 4485 1869 4572 pluribus
1902 4504 1944 4558 ι)
1974 4485 2174 4568 δίψιοι·
2202 4490 2437 4572 δεεῖξιθι,
2468 4510 2494 4572 ,ι
2534 4506 2599 4572 e_o
2649 4493 2769 4572 ipso
2806 4495 3002 4572 .modo,
3051 4507 3157 4572 quo
3198 4492 3318 4572 Dei_
3347 4493 3534 4572 Filius,

307 4567 403 4630 sit,
430 4583 450 4615 ι
484 4567 681 4633 quibus
716 4574 770 4619 tu
796 4565 1027 4619 maxime
1050 4564 1314 4626 inniteris,
1338 4563 1475 4617 idem
1506 4578 1587 4628 ac,
1626 4581 1644 4613 ι
1667 4563 1867 4633 Quam-

304 4636 394 4690 vis
428 4631 751 4704 in'pluribus
786 4635 879 4701 sit,
907 4653 925 4686 ι
974 4633 1152 4689 valere
1194 4633 1601 4704 contenderem:
1635 4631 1679 4685 si
1710 4647 1867 4704 argu-

306 4706 481 4760 menti
510 4702 628 4759 'vim
671 4719 775 4759 non
811 4706 865 4759 in
903 4718 968 4759 eo
1005 4702 1417 4774 quodiSpiritus
1442 4712 1675 4774 sanctus
1709 4703 1780 4755 sit
1814 4703 1866 4755 in

306 4775 582 4846 pluribus,
626 4775 720 4846 sed
755 4776 946 4846 quod}
974 4772 1034 4827 in
1074 4772 1231 4836 caelo,
1272 4781 1327 4826 et
1369 4772 1671 4846 nobiscum,
1714 4782 1771 4826 et
1815 4774 1867 4825 in

309 4841 497 4905 nobis,
532 4854 589 4899 et
619 4845 687 4898 ab
708 4841 826 4898 oriu
856 4845 921 4897 ad
951 4858 1225 4906 occasum,
1252 4861 1271 4894 ι
1295 4856 1485 4911 nempe
1514 4841 1870 4909 ubique,eum

309 4916 581 4969 exsistere
609 4922 871 4969 testentur
898 4913 1204 4983 Scriptum,
1234 4912 1464 4983 positam
1486 4925 1608 4965 esse
1634 4911 1821 4964 vellem
1853 4928 1867 4964 :

310 4985 445 5054 quid
473 4994 618 5040 esset
644 4986 783 5053 quod
804 4994 913 5055 a_te
942 4981 1109 5055 regeri
1138 4981 1353 5051 posset?
1385 4998 1403 5030 ι
1429 4981 1560 5055 Vox,
1592 4994 1716 5044 vox,
1738 4996 1874 5055 put-

314 5050 573 5123 teretique
594 5050 746 5109 nihil.
774 5073 793 5105 ι
846 5053 921 5107 Ne
944 5050 1151 5107 videar
1179 5061 1353 5123 tamen
1395 5053 1587 5104 nodum
1610 5058 1723 5123 _tuo
1743 5050 1870 5123 Aqui-

311 5128 435 5179 dem
468 5120 674 5191 iudicio
703 5124 1122 5178 inextricabilem
1145 5137 1250 5176 non
1271 5121 1499 5191 solvere,
1530 5121 1621 5174 sed
1644 5120 1868 5188 caadere,

310 5195 426 5249 hac
470 5189 570 5263 pro
591 5210 695 5248 non
739 5194 896 5249 dictis
940 5194 1255 5247 habeantur.
1299 5209 1317 5242 ι
1344 5189 1620 5263 Didymus,
1663 5191 1861 5263 inquis,

310 5261 925 5332 incircumscriptionem
966 5264 1196 5333 Spiritus
1238 5262 1407 5333 sancti
1435 5275 1502 5314 ex
1544 5274 1609 5314 eo
1642 5261 1867 5333 demon-

307 5344 469 5396 strat,
511 5335 655 5403 quod
690 5328 858 5388 simul
900 5334 970 5387 sit
1006 5328 1061 5388 in
1121 5333 1360 5402 pluribus
1389 5330 1601 5403 iocis.)
1652 5328 1867 5403 Falsum

306 5408 411 5465 est,
448 5399 592 5473 quod
623 5404 728 5467 ais,
772 5420 903 5472 pace
952 5413 1038 5456 tua
1082 5399 1329 5465 dixerim,
1372 5400 1666 5473 Albertine.
1713 5399 1871 5473 Didy-

306 5490 429 5528 mus
468 5477 583 5526 ait:
626 5492 644 5523 ι
676 5474 808 5527 Cum
845 5476 898 5527 in
934 5474 1171 5543 pluribus
1201 5472 1311 5525 sit:
1342 5489 1362 5523 ι
1400 5472 1869 5543 tu,quasi_eodetn

303 5555 598 5611 utrumque
638 5545 866 5609 recidat,
906 5540 1085 5595 (Cum
1138 5542 1479 5611 sittinquis,
1537 5543 1591 5593 in
1632 5540 1871 5609 pluribus

303 5614 458 5667 locis.
490 5610 521 5665 ί
545 5614 616 5667 At
645 5629 905 5681 nusquam
942 5614 1032 5666 Did
1075 5628 1190 5666 mus
1239 5610 1496 5680 Spiritum
1545 5622 1787 5663 sanctum
1818 5612 1869 5663 in

304 5684 551 5736 pluribus
592 5702 611 5733 ι
638 5683 772 5736 locis
801 5702 821 5733 ι
853 5699 970 5736 esse
992 5630 1313 5736 aKirmavit:
1345 5681 1473 5736 auin
1498 5680 1605 5732 imo
1642 5681 1690 5733 id
1718 5696 1869 5735 num.

304 5684 551 5753 pluribus
592 5702 611 5733 ι
638 5680 773 5737 locis
801 5702 821 5733 ι
853 5699 970 5737 esse
992 5680 1276 5737 aﬂirmavit
1300 5699 1313 5734 :
1340 5680 1605 5753 iquiniitno
1642 5681 1690 5733 id
1718 5696 1869 5735 num.

301 5750 373 5806 '25
403 5762 588 5821 aperte
618 5763 796 5823 negat.
835 5771 854 5804 ι
880 5753 985 5807 Sed
1017 5754 1304 5822 quomodo,
1336 5751 1530 5818 inquit,
1575 5750 1734 5803 Pater
1765 5764 1871 5803 non

304 5827 612 5879 consistens
651 5825 705 5877 iu
734 5826 873 5889 loco,
908 5826 1046 5879 ultra
1080 5838 1292 5880 omnem
1319 5835 1605 5889 corporum
1647 5829 1732 5875 est
1760 5835 1862 5875 na-

1971 4558 2124 4627 euius
2167 4574 2263 4612 vos
2296 4558 2685 4615 Macedoniani
2715 4558 3239 4630 incircumscriptam
3293 4562 3533 4617 fatemini

1966 4640 2086 4682 esse
2109 4630 2488 4683 substantiam.
2523 4632 2684 4699 Atqui
2715 4632 2872 4685 talem
2937 4648 3057 4687 esse
3106 4631 3365 4700 Spiritum
3411 4650 3535 4687 san-

1976 4706 2121 4775 ctum
2155 4707 2418 4775 testantur
2446 4700 2756 4775 Scriptum.
2779 4702 2920 4775 Ergo
2942 4700 3175 4771 Spiritus
3205 4712 3423 4758 sanctus
3455 4706 3535 4757 itt-

1970 4771 2433 4837 circumscriptam
2462 4771 2625 4825 habet
2657 4773 3037 4825 substantiam.

2043 4836 2151 4907 (90)
2184 4836 2308 4911 Sine
2340 4841 2689 4911 cunciatione.
2722 4841 2779 4895 ιιι
2821 4840 3028 4905 Graeco,
3069 4841 3352 4911 ἀμελλητί.
3388 4842 3531 4896 ldcm

1975 4918 2155 4981 autem
2191 4908 2351 4981 valet,
2380 4923 2444 4963 ac
2474 4909 2525 4981 i_d
2553 4912 2694 4979 quod
2720 4910 2963 4981 superius
2997 4908 3167 4981 segm.
3198 4908 3318 4965 15b
3373 4914 3530 4971 dixit.

1971 4976 2094 5047 δίχα
2125 4976 2453 5047 μελλήσεως.
2484 4978 2537 5031 In
2570 4976 2881 5045 Vulgaribus
2910 4976 3121 5035 Lexic'is
3160 4982 3383 5037 affertur
3429 4998 3529 5035 vox

1972 5047 2224 5122 ᾀμελητί,
2246 5064 2425 5122 eaque
2455 5049 2599 5122 nullo
2628 5051 2871 5122 exemplo
2905 5050 3166 5104 illustrata
3194 5070 3206 5105 :
3259 5060 3313 5104 at
3368 5052 3534 5122 ἀμελ-

1970 5117 2093 5188 λητί
2120 5119 2175 5170 in
2210 5118 2416 5188 eisdem
2441 5120 2618 5188 deest.
2676 5117 2798 5173 Sed
2832 5124 2932 5173 hac
2997 5123 3164 5174 utitur
3216 5136 3320 5175 non
3374 5117 3532 5176 modo

1968 5187 2358 5257 constantiuus
2405 5187 2666 5243 Maximus
2715 5190 3011 5257 imperator
3070 5192 3123 5243 in
3170 5192 3417 5246 oratione
3465 5196 3531 5246 ad

1968 5257 2159 5311 Patres
2186 5255 2435 5313 Nicaenos
2466 5258 2665 5323 habita,
2699 5274 2763 5313 ac
2792 5255 3147 5315 'Sozomenus
3210 5261 3352 5313 Hist.
3381 5261 3528 5315 Eccl.

1968 5327 2060 5380 lib.
2100 5344 2159 5392 ιι,
2190 5342 2308 5395 cap.
2334 5327 2646 5400 22,4vcrum
2677 5331 2838 5382 etiam
2870 5329 3129 5398 Didymus
3156 5332 3268 5399 ipse
3294 5332 3529 5400 inil‘rag-

1968 5408 2153 5452 mento
2204 5398 2344 5466 quod
2376 5396 2529 5451 alicrt
2553 5396 2786 5454 Joannes
2828 5396 3190 5455 Damascenus
3237 5403 3288 5453 in
3340 5396 3533 5452 Paral-

1970 5468 2108 5538 ielis,
2148 5478 2274 5521 tom.
2327 5467 2364 5531 I,
2412 5483 2530 5537 pag.
2566 5469 2709 5535 5M;
2758 5471 2857 5523 etsi
2882 5470 3023 5524 enim
3078 5472 3145 5523 ibi
3186 5471 3389 5538 legatur
3425 5486 3529 5522 nun

1967 5537 2254 5609 ἁμελλητί,
2284 5548 2339 5590 ut
2364 5542 2499 5605 apud
2524 5538 2901 5603 Sozomenum,
2929 5545 3022 5593 sed
3051 5537 3303 5609 ἀμελητί,
3350 5554 3535 5593 emcn-

1972 5608 2205 5661 dandum
2242 5618 2419 5661 tamen
2437 5619 2518 5661 est
2566 5624 2631 5662 ac
2662 5611 3003 5663 scribendum
3037 5608 3323 5679 ἀμελλητι,
3347 5616 3534 5679 ut_pa-

1972 5686 2048 5731 tet
2071 5694 2137 5749 ex
2172 5679 2253 5731 his
2280 5690 2399 5744 qua:
2443 5680 2771 5732 antecedunt
2822 5691 2875 5734 et
2918 5676 3534 5749 subsequuttturthu-

1971 5748 2186 5816 cydidcs
2244 5757 2423 5801 autem
2480 5763 2511 5800 e
2565 5752 2838 5804 contrario
2890 5752 2942 5806 in
3000 5746 3112 5806 lib}
3149 5766 3184 5816 ι,
3229 5763 3292 5802 ac
3346 5746 3535 5803 Pollux

1977 5826 2371 5874 (cunctatorem
2401 5834 2419 5869 ι
2456 5818 2723 5891 μελλητήν
2756 5826 3020 5885 dixerunt.
