4104 6408
578 328 680 386 487

1842 321 2078 377 DiDYMl
2115 320 2592 376 ALEXANDRINI

3729 333 3841 391 £83

579 462 706 501 rans
737 444 874 515 (91),
908 451 961 497 et
993 438 1423 511 inexplicabilem
1469 438 1704 493 laetitiam
1761 439 2010 492 omnibus
2039 439 2154 492 ubi-

2266 436 2402 508 ἄλλῳ
2430 435 2527 508 μὲν
2550 437 2658 490 τῶν
2697 437 3007 491 ἀποστόλων
3059 439 3298 508 διάγοντι
3347 441 3404 494 ἐν
3450 444 3628 516 Ἰνδίᾳ,
3657 448 3845 521 ἑτέρῳ
3897 456 3900 460 ’

577 551 686 607 quc
714 535 924 589 naturis
975 533 1285 594 infundens,
1322 530 1481 598 hujus
1522 529 1757 584 universi
1803 530 2148 584 constitutio-

580 643 703 683 nem
734 627 1038 691 continens,
1070 633 1123 679 et
1167 624 1348 677 omnia
1380 623 1479 677 sub
1509 622 1800 691 semetipso
1829 621 2054 686 habens,
2099 632 2155 675 et

581 721 760 775 divina
793 720 910 773 luce
942 733 1006 772 ea
1037 717 1368 779 illuminans,
1409 725 1466 769 et
1512 715 1616 768 illis
1651 715 1910 769 immensa
1950 728 2044 769 sua
2073 713 2152 767 ef-

584 813 792 875 tieacia,
823 827 885 865 ac
929 812 1171 867 bonitate
1205 809 1589 865 benefaciens:
1626 821 1721 862 eos
1760 805 1994 876 quidem,
2041 807 2156 874 qni-

583 907 682 958 bus
709 903 897 957 melior
953 903 1181 957 intentio
1227 910 1330 964 est,
1378 908 1541 968 atque
1589 898 1822 964 animus,
1871 898 1935 950 ad
1977 898 2154 968 perfe-

585 995 809 1050 ctiorcm
842 1008 1064 1062 scopum
1098 994 1334 1056 ducens;
1374 1005 1602 1059 quorum
1634 1005 1761 1044 vero
1788 991 2040 1052 deterior,
2078 999 2156 1043 at-

587 1102 692 1155 que
723 1086 858 1138 adeo
886 1100 1051 1154 prava
1078 1099 1229 1138 mens
1258 1098 1321 1137 ac
1353 1084 1459 1136 vita
1487 1089 1588 1145 est,
1617 1095 1708 1135 eos
1737 1095 1830 1134 sua
1864 1081 2031 1150 ipsius
2061 1095 2147 1133 rc-

587 1181 695 1248 gia,
724 1188 776 1232 et
806 1177 1088 1239 concordi,
1118 1186 1174 1229 et
1207 1175 1436 1228 indivisa
1479 1173 1873 1243 gubernatione
1903 1189 2005 1226 non
2044 1172 2155 1241 pri-

586 1286 740 1334 vans,
789 1271 882 1324 sed
915 1269 1241 1323 desiderium
1276 1269 1326 1320 in
1358 1267 1436 1320 eis
1487 1266 1832 1335 ingenerans,
1885 1273 1939 1318 et
1980 1264 2156 1317 consi-

586 1366 920 1420 derationem
957 1359 1452 1421 consubstantialis,
1485 1359 1832 1428 omniumque
1859 1358 2155 1425 generatim

586 1459 850 1513 bonorum
904 1455 1199 1522 largitricis
1246 1452 1570 1517 Trinitatis,
1617 1461 1672 1506 et
1712 1451 1962 1505 omnibus
2014 1461 2158 1505 recte

586 1547 934 1618 operantibus
969 1560 1124 1614 opem
1153 1543 1353 1605 ferens,
1385 1559 1506 1596 cunt
1533 1541 1692 1597 simul
1720 1543 1791 1596 sit
1819 1542 1886 1595 ab
1908 1541 2159 1594 omnibus

587 1650 917 1709 segregatus,
949 1639 1048 1691 hac
1067 1637 1274 1690 ratione
1303 1635 1576 1697 videlicet,
1595 1634 1736 1703 quod
1763 1633 1916 1687 alteri
1943 1633 2158 1702 quidem

589 1733 952 1803 apostolorum
997 1730 1107 1798 (9'2)
1141 1730 1364 1800 136m
1402 1728 1546 1781 India
1601 1727 1710 1799 (93)
1759 1725 1971 1794 degenti
2013 1724 2158 1795 (9-5),

2259 529 2303 582 δ’
2343 531 2400 582 ἐν
2426 527 2656 600 Σπανίᾳ,
2681 529 2824 600 ἄλλῳ
2856 529 2900 582 δ’
2932 532 2988 582 ἐν
3021 529 3162 600 ἄλλῳ
3193 531 3341 600 τόπῳ
3394 533 3498 596 ἕως
3546 535 3643 605 τῆς
3671 539 3850 610 ἐσχα-

2260 622 2380 684 τιᾶς
2415 624 2513 692 τῆς
2545 622 2646 691 γῆς
2671 661 2685 682 ,
2723 623 2852 692 παρ’
2883 621 3047 674 αὐτοῦ
3080 624 3450 695 νενεμημένῳ,
3487 626 3585 696 τῆς
3631 627 3849 682 ἑαυτοῦ

2261 713 2535 777 ἀπλανοῦς
2573 715 2666 766 καὶ
2699 713 2989 785 ἀκιϐδήλου
3027 715 3296 784 μετεδίδου
3340 717 3561 785 σοφίας·
3605 719 3663 770 οὐ
3692 717 3849 790 τῷδε

2265 808 2359 876 μὲν
2387 807 2502 870 νῦν,
2539 808 2706 879 ἑτέρῳ
2742 807 2787 860 δ’
2821 807 2899 869 είς
2928 803 3081 870 αὖθις
3105 809 3536 884 παραγινόμενος
3557 827 3570 840 ·
3608 811 3729 864 οὐδὲ
3763 813 3849 882 τῷ

2266 899 2361 969 μὲν
2395 898 2611 968 μᾶλλον,
2643 898 2720 968 τῷ
2767 898 2822 951 δὲ
2850 897 3068 950 ἔλαττον
3116 901 3410 962 ἐπιπνέων,
3471 901 3586 954 ἀλλ’
3629 903 3751 974 ἅμα
3784 921 3849 956 τε

2263 991 2357 1042 καὶ
2386 990 2600 1058 ἑκάστῳ
2629 988 2762 1058 ὁμοῦ
2794 989 2886 1040 καὶ
2916 988 3342 1059 διακεκριμένως
3373 990 3460 1043 ἀεὶ
3484 989 3676 1059 ὁμοίως
3716 993 3855 1044 ὲπι-

2263 1082 2511 1152 λάμπων,
2575 1081 2716 1134 καθὰ
2769 1081 2860 1134 καὶ
2899 1084 2927 1134 ὁ
2982 1080 3150 1133 εἰπὼν
3193 1080 3430 1152 Κύριος·
3468 1100 3485 1132 t
3523 1083 3652 1136 Μεθ’
3679 1084 3857 1153 ὑμῶν

2265 1175 2379 1242 εἰμι
2415 1174 2594 1236 πάσας
2615 1171 2714 1234 τὰς
2737 1173 2943 1243 ἡμέρας
2975 1173 3076 1234 ἕως
3101 1172 3200 1243 τῆς
3234 1172 3544 1237 συντελείας
3580 1173 3669 1226 τοῦ
3704 1173 3857 1243 αἰῶ-

2265 1281 2372 1327 νος.
2417 1283 2434 1315 ι
2479 1264 2631 1316 Ἐπεὶ
2673 1264 2746 1334 μή
2782 1280 2843 1331 γε
2873 1263 3059 1333 ἐπειδὴ
3088 1264 3242 1315 αὐτοὶ
3289 1261 3388 1333 τὴν
3421 1263 3550 1334 παρ’
3615 1241 3857 1335 ’ίωὲιννῃ

2266 1357 2524 1427 κειμένην
2558 1355 2830 1424 θεολογίαν
2857 1355 2983 1427 περὶ
3015 1354 3106 1407 τοῦ
3147 1354 3463 1425 Πνεῦματος
3520 1354 3644 1408 ἔνθα.
3692 1349 3857 1417 εἷπε,

2272 1467 2290 1499 ι
2325 1448 2547 1519 Πνεῦμα
2585 1450 2613 1502 ὁ
2650 1448 2802 1512 Θεὸς,
2836 1468 2854 1500 ›
2894 1448 3289 1518 μεταφέρουσιν
3339 1451 3418 1512 εἰς
3465 1447 3555 1501 τὸν
3583 1449 3714 1503 Θεὸν
3746 1449 3862 1502 καὶ

2265 1541 2503 1610 Πατέρα,
2541 1541 2789 1608 λέγοντες
2823 1539 2912 1592 διὰ
2951 1539 3010 1592 τὸ
3037 1535 3174 1593 εἶναι
3224 1539 3447 1610 Πνεῦμα
3494 1539 3862 1594 αὐτὸν-οὓτω

2267 1630 2591 1702 γεγράφθαι.
2621 1629 2740 1682 Ἔτι
2772 1629 2826 1682 δὲ
2855 1629 3038 1701 ἐπειδὴ
3064 1630 3371 1701 γέγραπται
3400 1631 3514 1696 καὶ,
3560 1649 3578 1681 ι
3612 1630 3863 1702 Πνεῦμα

2267 1721 2358 1774 τοῦ
2400 1721 2688 1792 προσώπου
2718 1724 2750 1792 ἡ
2761 1721 2876 1791 μῶν
2900 1721 3132 1791 Χριστὸς
3164 1723 3368 1794 Κύριος
3393 1740 3406 1753 ⁸
3447 1743 3464 1774 ›
3503 1719 3608 1794 ἆρα
3628 1724 3721 1777 καὶ
3745 1725 3862 1777 τὸν

589 1825 746 1879 alteri
776 1840 902 1880 vero
932 1824 982 1876 in
1022 1823 1280 1893 Hispania
1328 1820 1464 1890 (95),
1516 1818 1674 1873 alteri
1716 1829 1894 1872 autem
1938 1817 2006 1872 ab
2045 1817 2161 1886 ipso

2266 1814 2501 1885 Πατέρα,
2530 1815 2623 1867 καὶ
2647 1815 2736 1867 τὸν
2767 1815 2916 1879 Υἱὸν,
2946 1815 3041 1868 ἆτε
3073 1814 3317 1885 Πνεῦμα,
3347 1818 3454 1879 τοῖς
3501 1815 3674 1880 ἄλλοις
3708 1834 3860 1870 συν-

661 2006 773 2076 (91)
810 2003 1186 2058 Corroborans.
1218 2001 1419 2067 Codex,
1451 2000 1803 2072 ὲπιρωννῦων
1843 2013 1942 2070 pro
2007 1997 2166 2070 ὲπιρο

628 2093 864 2131 ωννυων.

592 2079 1224 2213 ῥαξςξβῖίροδιοίοηυπ.
1279 2142 1517 2214 Apostoli
1570 2158 1764 2196 nomen
1843 2159 1946 2198 non
2004 2146 2165 2201 modo

592 2216 871 2271 duodecim
905 2215 1028 2277 illis,
1084 2215 1278 2282 quibus
1325 2229 1354 2266 a
1402 2214 1621 2266 Christo
1670 2215 1805 2281 ipso,
1856 2225 2039 2282 utpote
2095 2219 2160 2270 ab

590 2287 685 2341 illo
718 2305 738 2336 ι
775 2285 1008 2345 missis,»
1051 2285 1356 2352 impositum
1386 2283 1508 2347 fuit,
1539 2285 1631 2337 sed
1684 2285 1804 2338 aliis
1853 2289 2016 2339 etiam
2065 2289 2161 2339 tri-

590 2357 778 2412 butum
810 2367 910 2409 est.
946 2354 1078 2408 Nam
1107 2363 1161 2408 et
1204 2353 1427 2417 Paulus,
1481 2363 1532 2406 ct
1582 2353 1856 2408 Barnabas
1906 2356 2163 2410 honorifi-

593 2427 906 2482 centissimo
936 2440 1000 2478 eo
1034 2424 1189 2478 titulo
1239 2441 1360 2479 cum
1407 2440 1435 2476 a
1467 2423 1674 2488 Grmca,
1720 2434 1829 2477 tum
1883 2440 1912 2478 a
1968 2425 2158 2480 Latina

593 2498 832 2551 Ecclesia
863 2494 1103 2563 iusigniti
1137 2506 1282 2549 sunt.
1319 2495 1395 2547 Ac
1429 2494 1623 2548 Paulus
1655 2496 1766 2561 ipse
1810 2496 1860 2548 in
1891 2496 2059 2565 Epist.
2093 2497 2160 2550 ad

583 2567 826 2634 Philipp.
861 2581 980 2634 cap.
1018 2580 1078 2627 ll,
1106 2580 1250 2620 vers.
1280 2566 1370 2629 25,
1401 2565 1466 2618 de
1505 2565 1867 2633 Epaphrodito
1917 2566 2158 2635 loquens,

598 2655 618 2688 ι
653 2636 898 2692 Vestrum
923 2646 1123 2699 autem,
1158 2636 1350 2704 inquit,
1397 2635 1692 2702 apostolum
1723 2653 1736 2688 :
1768 2653 1786 2685 ι
1853 2645 1906 2689 et
1954 2638 2162 2690 Salvia-

592 2723 696 2762 nus
718 2708 770 2760 in
799 2708 972 2774 primo
997 2704 1072 2758 De
1098 2706 1467 2775 gubernatione
1493 2705 1586 2758 Dei
1616 2719 1633 2756 :
1663 2724 1681 2755 ί
1713 2705 1964 2775 Legimus
1981 2708 2161 2762 Timo-

594 2779 782 2830 theum
823 2776 1122 2845 apostolum
1155 2789 1316 2831 carne
1345 2775 1765 2845 infirmissimum
1814 2775 2012 2830 fuisse:
2056 2796 2074 2827 ι
2105 2786 2162 2831 ct

593 2843 959 2916 Hieronymus
990 2845 1042 2897 in
1080 2843 1382 2916 Chronico:
1446 2863 1464 2896 σ
1493 2843 1755 2913 Reliquia:
1791 2847 2030 2916 apostoli
2068 2845 2162 2900 Ti-

593 2914 1335 2983 motheiConstantinopolim
1365 2917 1623 2969 invectae:
1659 2934 1676 2966 ι
1704 2923 1758 2968 et
1782 2914 2018 2970 Joannes
2065 2916 2163 2971 XX

596 2987 654 3042 S.
692 2986 988 3049 Martialem
1023 2986 1323 3056 apostolum
1359 2987 1409 3039 in
1465 2985 1689 3054 epistola
1741 3001 1834 3038 sua
1880 3002 2162 3056 nuncupa-

593 3059 692 3110 vit.
725 3056 974 3122 Quininto
1008 3073 1036 3108 a
1063 3055 1265 3110 Graecis
1319 3056 1485 3109 multo
1528 3057 1708 3109 adhuc
1787 3055 1996 3110 facilius
2047 3071 2165 3112 cre-

594 3129 853 3196 briusque
880 3127 1204 3196 apostolicos
1235 3127 1378 3180 viros
1417 3145 1435 3175 ‹
1469 3126 1694 3196 apostoli
1729 3143 1747 3176 ι
1790 3125 1945 3179 titulo
1992 3129 2161 3182 dona-

599 3210 683 3252 tos
709 3194 852 3258 esse,
883 3212 1043 3263 qttam
1078 3211 1106 3248 a
1141 3194 1370 3259 Latinis,
1401 3211 1504 3248 non
1535 3195 1779 3249 dilliteor.
1815 3196 1889 3249 lta
1914 3196 2163 3252 Clemens

597 3267 649 3320 in
677 3279 869 3335 quarto
901 3265 1245 3331 Stromatum,
1275 3268 1304 3319 ὁ
1329 3265 1622 3328 ἀπόστολος
1669 3267 1921 3336 Κλήμης,
1972 3268 2162 3335 inquit,

594 3337 648 3392 id
688 3348 770 3392 est
803 3355 822 3387 ‹
878 3337 1152 3404 apostolus
1201 3337 1470 3391 Clemens.
1504 3356 1520 3388 ι
1552 3337 1617 3390 Et
1668 3336 1925 3406 Didymus
1983 3350 2167 3392 noster

592 3422 764 3476 segni.
797 3408 864 3461 95
893 3407 944 3469 b,
975 3407 1306 3476 Stephanum
1349 3408 1477 3461 dicit
1517 3425 1534 3457 ι
1563 3406 1759 3475 duplici
1787 3422 1984 3460 corona
2020 3410 2159 3461 redi-

592 3477 1166 3548 mitum,ap0stolatus
1200 3486 1254 3531 et
1301 3479 1566 3548 martyrii.
1602 3497 1619 3526 ι
1666 3477 1723 3530 In
1785 3477 1989 3532 Graecis
2037 3493 2166 3531 vero

598 3547 914 3616 Menologiis
952 3557 1046 3600 ant
1101 3546 1602 3601 Kalendariisnihil
1649 3549 1882 3602 occurrit
1918 3548 2166 3615 frequen-

595 3621 723 3672 tius.
750 3617 911 3681 Nam,
948 3627 1006 3672 ut
1030 3619 1162 3671 nihil
1186 3620 1359 3672 dicam
1392 3618 1459 3672 de
1499 3617 1870 3687 llcmerologio
1902 3619 1990 3672 illo
2023 3621 2164 3687 quod

594 3689 882 3757 qu0taunis
914 3688 1086 3744 Graeci
1127 3689 1363 3742 V'enetiis
1413 3688 1600 3750 edunt,
1655 3690 1704 3741 in
1745 3689 2043 3754 Menologio
2089 3705 2162 3742 xu

593 3759 797 3824 saeculi,
837 3762 977 3827 quod
1015 3761 1066 3812 in
1101 3768 1282 3813 nostra
1325 3759 1384 3813 S.
1431 3759 1730 3827 Salvatoris
1775 3760 2029 3813 Bononiae
2079 3759 2160 3812 bi-

591 3826 862 3885 bliotheca
901 3839 1098 3893 exstat,
1150 3830 1214 3882 ad
1260 3829 1401 3883 diem
1452 3844 1506 3882 ιιι
1546 3826 1798 3883 Octobris
1840 3830 2001 3896 lego:
2057 3829 2163 3883 Τοῦ

592 3901 750 3969 ἁγίου
778 3899 1074 3955 ἀποστόλου
1105 3899 1370 3952 Φιλίππου
1401 3899 1494 3953 τοῦ
1523 3901 1640 3964 ἐνὸς
1658 3900 1764 3952 τῶν
1795 3901 1953 3964 ἑπτὰ,
1982 3899 2033 3953 id
2061 3912 2162 3965 est,

599 3988 620 4039 ᾳ
659 3971 839 4024 Sancti
876 3970 1104 4039 Philippi
1135 3972 1358 4039 apostoli
1395 3972 1552 4025 unius
1599 3987 1630 4026 e
1665 3981 1888 4038 septem.
1925 3989 1944 4021 ι
2001 3973 2080 4024 Ac
2110 3971 2163 4024 in

594 4037 972 4107 Evangeliario
1004 4037 1067 4093 xi
1095 4037 1272 4094 saeculi
1310 4040 1563 4094 Naniauae
1608 4037 1942 4096 bibliotheca:
1974 4046 2162 4094 eodem

598 4109 749 4164 titulo
779 4109 1104 4163 decorantur
1154 4111 1212 4164 ὃ.
1267 4112 1571 4176 Quadratus
1609 4112 1674 4164 ad
1715 4111 1854 4166 diem
1909 4127 2000 4164 xxi
2062 4111 2163 4164 Se—

595 4177 874 4250 ptembris,
905 4179 962 4231 S.
995 4178 1138 4235 Silas
1167 4181 1233 4233 ad
1263 4196 1390 4250 χχιχ
1421 4179 1761 4246 Novembris,
1801 4183 1969 4235 sancti
1998 4181 2165 4234 llero-

595 4249 743 4313 dion,
773 4251 1006 4319 Agabus,
1044 4251 1235 4313 Rufus,
1266 4249 1523 4319 Phlegon,
1559 4260 1612 4306 et
1639 4251 1918 4319 Epaphras
1953 4253 2019 4304 ad
2063 4265 2161 4304 vut

593 4322 812 4392 Aprilis,
836 4335 906 4374 ac
930 4332 1148 4392 sanctus
1170 4321 1499 4374 Fortunatus
1532 4323 1596 4376 ad
1635 4337 1689 4374 Ix
1717 4320 1882 4375 Junii.
1916 4320 2161 4384 Demum,

595 4391 655 4446 ut
695 4401 890 4446 cretera
940 4391 1242 4460 hujusmodi
1303 4402 1648 4445 monumenta
1710 4400 2046 4460 praeteream,
2109 4392 2162 4444 in

594 4463 701 4517 alio
731 4463 906 4517 adhuc
938 4462 1213 4516 vetustiori
1249 4462 1655 4529 Evangeliorum
1688 4463 1875 4515 codice
1897 4461 2160 4526 Naniano,

595 4533 892 4589 uncialibus
920 4533 1114 4588 litteris
1143 4533 1364 4600 scripto,
1393 4532 1458 4586 ad
1505 4547 1520 4585 ι
1550 4531 1796 4586 Octobris
1843 4531 1984 4585 diem
2032 4533 2163 4600 legi-

597 4616 683 4657 tur
709 4623 722 4659 :
755 4605 849 4667 Εἰς
875 4605 973 4675 τὴν
1011 4605 1230 4675 μνήμην
1255 4604 1350 4655 τοῦ
1389 4605 1544 4672 ἁγίου
1565 4602 1858 4656 ἀποστόλου
1901 4601 2161 4675 Ἀνανίου,

594 4676 776 4739 idest,
821 4694 838 4726 ι
868 4674 974 4729 Pro
1009 4674 1523 4730 Commemoratione
1554 4675 1724 4728 sancti
1762 4675 1984 4742 apostoli
2020 4674 2165 4727 Aua-

593 4748 715 4801 nite.
753 4764 770 4796 ι
815 4746 1068 4816 Idemque
1132 4746 1328 4816 ibidem
1363 4747 1563 4816 titulus
1611 4744 1951 4816 tribuiturts.
2010 4743 2166 4816 Luca:

598 4817 684 4870 die
713 4831 845 4870 xvut
871 4814 1141 4878 Octobris,
1169 4823 1224 4869 et
1251 4815 1310 4869 S.
1349 4814 1605 4870 Onesimo
1635 4818 1720 4869 die
1751 4830 1820 4867 xv
1858 4814 2159 4870 Februarii.

595 4885 748 4940 Hunc
777 4901 938 4955 porro
977 4888 1214 4941 codicem
1248 4887 1441 4940 szeculo
1480 4902 1575 4942 vut
1630 4896 1909 4940 exaratum
1955 4884 2168 4940 censuit

594 4957 684 5021 qui
712 4972 833 5010 eum
862 4966 990 5011 ante
1019 4971 1105 5012 me
1141 4957 1395 5025 inspexit,
1435 4960 1529 5012 sed
1555 4973 1676 5011 cum
1717 4957 1787 5009 ibi
1834 4957 1892 5010 S.
1931 4955 2166 5026 lguatius

593 5027 1222 5095 Coustantinopolitanus
1253 5029 1560 5098 patriarcha
1598 5039 2052 5081 commemoretur
2099 5027 2164 5098 ad

592 5098 733 5150 diem
768 5113 902 5151 xxnt
954 5098 1222 5162 Octobris,
1257 5097 1473 5153 idcirco
1515 5109 1641 5152 ante
1668 5100 1919 5152 saeculum
1953 5112 1987 5149 ι
2031 5097 2168 5149 scri-

595 5179 718 5236 ptus
763 5183 868 5221 non
900 5167 1001 5222 fuit
1025 5186 1038 5222 :
1076 5169 1241 5224 libros
1270 5170 1410 5223 enim
1436 5170 1589 5224 chori
1617 5170 1733 5222 usui
1763 5169 2062 5221 destinatos
2083 5165 2165 5219 vel

596 5241 865 5306 usquead
922 5255 975 5293 xi
1029 5240 1281 5292 saeculum
1330 5241 1633 5294 uncialibus
1688 5239 1882 5292 litteris
1927 5236 2168 5292 scribere

595 5320 951 5377 perrexerunt
1013 5309 1238 5363 librarii.
1291 5309 1407 5363 Jam
1461 5326 1587 5365 vero
1646 5310 1746 5364 etsi
1805 5311 1918 5363 haec
1984 5308 2056 5361 ita
2107 5319 2168 5377 se

598 5376 852 5441 habeant,
912 5394 1068 5434 nemo
1115 5389 1293 5434 tamen
1354 5381 1696 5444 iuticiabitur,
1756 5395 1875 5433 cum
1939 5376 2166 5445 apostoli

598 5453 715 5502 sine
774 5449 1143 5504 additamenta
1204 5452 1570 5510 nominantur.
1627 5450 1908 5505 duodecim
1962 5449 2079 5502 illos
2137 5462 2166 5500 a

595 5521 814 5573 Christo
844 5522 1067 5591 Domino
1104 5521 1306 5591 electos
1356 5522 1620 5591 intelligi:
1656 5536 1760 5590 quo
1790 5535 1952 5574 sensu
2003 5519 2169 5588 Didy-

599 5606 719 5643 mus
749 5591 800 5643 in
837 5591 971 5644 libro
1000 5589 1078 5644 De
1103 5589 1244 5656 Spir.
1272 5591 1354 5657 8.,
1389 5589 1627 5656 ιιιιιιιξὸ,
1660 5589 1734 5645 ait
1765 5608 1777 5643 :
1816 5609 1834 5641 ι
1866 5592 1920 5645 In
1955 5602 2171 5658 aposto-

600 5660 666 5714 lis
715 5662 1035 5730 ueterisque
1091 5662 1389 5730 discipulis.
1431 5682 1448 5713 ›
1506 5665 1810 5731 Eodemque
1870 5664 2027 5714 modo
2075 5675 2169 5713 no-

600 5733 1113 5802 nteniapostolorum
1143 5733 1510 5802 accipiendum
1537 5736 1621 5787 hic
1651 5749 1771 5789 esse
1797 5733 2068 5786 existimo.

673 5801 785 5873 (95)
815 5800 882 5856 1η
919 5802 1092 5858 india.
1123 5800 1329 5870 Grtece,
1360 5805 1445 5868 ἐν,
1482 5803 1657 5874 Ἰνδίᾳ.
1714 5805 1824 5860 Etsi
1878 5812 2056 5858 autem
2106 5816 2168 5858 ea

2189 3171 2233 3229 (ἶ
2265 3191 2380 3245 haec
2411 3192 2660 3261 leguntur
2689 3210 2702 3245 :
2741 3210 2758 3242 ι
2789 3190 2862 3246 Ut
2903 3193 3039 3248 alius
3085 3171 3154 3247 ad
3186 3171 3368 3260 indos,
3421 3177 3454 3248 ξι

2282 1997 2426 2066 regio
2455 1995 2700 2051 crebrius
2731 2011 2758 2066 a
2791 1996 3017 2049 vetustis
3046 1995 3398 2065 scriptoribus
3449 1995 3647 2051 Grzccis
3692 1999 3864 2055 dica-

2277 2064 2422 2136 ιυιῖὴ
2470 2067 2680 2138 Ἰνδική,
2722 2064 2986 2138 Jgscphus
3014 2064 3386 2138 lamﬂtﬂlidlll
3425 2067 3476 2121 in
3529 2069 3696 2135 primo
3726 2072 3863 2124 An—

2274 2135 2596 2208 tiquitatum,
2648 2135 2701 2190 et
2743 2135 3030 2208 Polyaenus
3098 2137 3283 2188 Ἰνδίαν
3343 2139 3608 2192 dixerunt.
3673 2140 3864 2198 India:

2272 2205 2433 2275 porro
2468 2210 2682 2261 nurnine
2718 2205 2994 2276 Ethiopia
3023 2208 3186 2260 etiam
3242 2210 3489 2261 denotata
3523 2219 3602 2262 est
3648 2225 3675 2263 a
3730 2209 3864 2266 Pa—

2271 2280 2481 2352 tribus:
2522 2289 2681 2352 atque
2717 2279 2767 2331 in
2805 2277 2905 2330 hac
2934 2276 3204 2352 Thomam
3247 2279 3544 2352 apostolum
3595 2280 3864 2352 Evange-

2268 2348 2396 2402 lium
2431 2345 2752 2417 praedicasse
2783 2358 3008 2401 censent
3042 2347 3245 2415 plurc's.
3281 2345 3385 2402 Sed
3429 2349 3541 2402 lucc
3568 2350 3653 2404 alii
3687 2345 3866 2407 viae-

2270 2423 2397 2490 rint.
2431 2421 2580 2486 Quod
2613 2419 2899 2490 attiuetﬂad
2936 2419 3077 2490 hunc
3108 2417 3304 2490 locum,
3345 2419 3554 2473 videtur
3583 2419 3864 2490 Didymus

2267 2488 2469 2543 ln‘diam
2524 2490 2738 2558 proprie
2789 2489 2988 2541 dictam
3051 2488 3356 2557 designare,
3413 2490 3569 2558 binos
3623 2488 3866 2550 scilicet

2269 2560 2378 2633 noti
2420 2557 2545 2633 tunc
2584 2559 2730 2612 orbis
2749 2559 2891 2633 fines
2921 2568 3194 2626 spectans,
3241 2560 3368 2613 dum
3423 2557 3627 2615 lndlam
3671 2573 3865 2633 atque

2268 2629 2578 2698 Hispaniam
2620 2629 2876 2682 nominat.

2340 2699 2451 2770 (94)
2487 2700 2719 2774 Degenti.
2750 2699 2863 2753 Hoc
2899 2699 3015 2769 ipso
3042 2698 3210 2774 verbo
3245 2716 3376 2774 usus
3406 2709 3526 2757 erat
3553 2700 3865 2774 theologus

2272 2780 2458 2826 noster
2486 2771 2538 2842 in
2569 2774 2709 2835 loco,
2743 2785 2901 2838 quem
2935 2771 3089 2842 attuli
3124 2781 3238 2825 not.
3273 2771 3360 2837 80,
3398 2787 3520 2842 pag.
3557 2774 3696 2828 135:
3735 2771 3864 2832 libi

2271 2843 2412 2894 enim
2459 2841 2600 2894 edita
2651 2841 2980 2911 exemplaria
3022 2842 3246 2910 habent,
3299 2860 3318 2894 α
3350 2841 3549 2908 oranti,
3583 2862 3601 2896 ι
3635 2843 3864 2904 biblio-

2273 2911 2438 2982 theca:
2465 2920 2660 2964 nostra:
2686 2912 2852 2982 codex
2883 2926 2984 2968 ms.
3007 2911 3223 2982 “habet,
3285 2931 3303 2963 ι
3341 2917 3594 2968 moranti.
3624 2934 3642 2967 ι
3705 2915 3866 2982 Quae

2271 2979 2432 3054 lectio
2472 2982 2703 3050 genuina
2738 2980 3114 3054 videtur.7Nec
3153 2983 3259 3037 alia
3296 2983 3524 3039 fortasse
3570 2994 3650 3039 est
3693 2979 3864 3054 apud

2274 3051 2658 3123 Hieronymum
2707 3052 3030 3123 significatio
3095 3056 3265 3120 verbi,
3318 3073 3338 3104 ς
3377 3051 3771 3123 requiescerei,
3835 3080 3858 3114 ι

2274 3121 2410 3176 libro
2441 3138 2468 3174 x
2488 3133 2775 3176 comment.
2795 3123 2848 3174 in
2872 3121 3100 3188 Isaiam,
3120 3137 3240 3190 cap.
3267 3139 3434 3188 xxxv,
3456 3121 3470 3123 ί
3495 3140 3579 3194 ag.
3599 3126 3722 3192 466,
3751 3121 3862 3188 tibi

2274 3192 2380 3245 lucc
2411 3192 2702 3248 leguntur:
2741 3210 2758 3242 ι
2789 3190 2862 3246 Ut
2903 3193 3039 3248 alius
3088 3196 3154 3247 ad
3190 3195 3368 3248 ludos.
3426 3140 3563 3248 arius
3623 3201 3686 3248 ad
3738 3198 3862 3248 Hi—

3483 3197 3563 3252 ius
3623 3201 3686 3252 ad
3738 3198 3864 3255 Hi-

2273 3262 2559 3338 spanias...
2581 3273 2846 3338 pergeret,
2875 3273 2929 3338 et
2957 3265 3323 3338 unusquisque
3352 3265 3406 3319 in
3431 3265 3702 3338 Evangelii
3761 3276 3861 3329 sui

2266 3343 2436 3404 atque
2459 3335 2718 3404 doctrina:
2750 3335 3025 3404 provincia
3055 3337 3441 3404 requiesceret.
3481 3354 3502 3389 ι

2337 3403 2448 3478 (95)
2472 3402 2537 3456 In
2565 3403 2840 3478 Hispania.
2860 3402 3066 3478 Gnaeo,
3083 3402 3154 3478 et)
3180 3406 3408 3478 Σπανίᾳ.
3433 3402 3635 3464 Biblico
3655 3419 3861 3470 autem

2265 3473 2507 3552 nomine,
2536 3482 2589 3527 et
2617 3473 2699 3528 sui
2756 3475 2936 3552 saeculi
2990 3473 3596 3552 scripﬁtoribusbsitato
3647 3480 3864 3552 Hispa-

2267 3545 2409 3628 niam
2447 3556 2639 3628 vocat:
2672 3560 2732 3628 (χιι
2764 3545 2918 3628 enim.
2943 3560 2971 3598 a
3019 3545 3662 3628 profanis“scriptoribus
3698 3545 3864 3628 Ἰὲη-

2269 3615 2380 3686 ρία,
2409 3624 2500 3668 aut
2535 3615 2770 3688 ξζϐηρία,
2802 3617 2869 3669 ab
2902 3614 3100 3670 Irenaeo
3129 3617 3183 3668 ai
3228 3614 3481 3688 Ἰϐηρίαι,
3526 3621 3593 3674 al)
3620 3614 3864 3680 auctore

2269 3688 2488 3739 secundi
2533 3685 2984 3750 Machabmorum,
3037 3687 3264 3749 aliisque
3315 3685 3578 3753 Ἱσπανία,
3652 3695 3752 3747 sed
3824 3714 3862 3752 a

2267 3753 2435 3809 Paulo
2465 3756 2567 3818 bis,
2593 3759 2661 3810 ab
2711 3758 3007 3810 Athanasio
3060 3758 3112 3810 in
3155 3756 3395 3825 Epistola
3445 3762 3513 3812 ad
3554 3761 3861 3820 Iovianum

2266 3827 2652 3894 imperatorem,
2681 3837 2812 3881 tom.
2851 3824 2913 3894 Il,
2945 3842 3068 3897 pag.
3104 3824 3229 3892 783,
3269 3845 3296 3882 a
3335 3831 3689 3886 Constantino
3742 3837 3861 3892 im-

2266 3906 2517 3971 peratore
2554 3898 2606 3971 in
2643 3897 2870 3964 epistola
2910 3898 3286 3971 encyclicaad
3321 3915 3509 3971 omnes
3542 3902 3857 3971 Ecclesias,

2267 3981 2297 4018 a
2330 3965 2544 4020 Gelasio
2569 3967 2856 4036 Cyziceno,
2887 3965 3047 4036 atque
3072 3969 3139 4022 ab
3169 3969 3310 4037 aliis;
3347 3972 3398 4023 in
3453 3969 3662 4028 Graecis
3706 3965 3860 4034 vero

2265 4038 2616 4090 conciliorum
2643 4040 2788 4092 circa
2823 4038 3031 4108 Didymi
3065 4052 3308 4108 tempora
3341 4040 3648 4096 habitorum
3684 4044 3858 4104 Actis

2263 4108 2464 4174 passim
2490 4108 2697 4184 ξπανία
2718 4109 2949 4184 dicitur:
2973 4124 3074 4184 qua
3103 4114 3312 4164 ratione
3347 4111 3856 4184 apudGregorium

2263 4191 2478 4250 quoque
2515 4179 2762 4250 Magnum
2803 4179 3028 4250 legimus
3062 4181 3112 4234 in
3150 4184 3311 4250 epist.
3350 4182 3450 4235 115
3492 4182 3587 4238 lib.
3627 4179 3708 4250 ix,
3761 4191 3860 4244 vel

2263 4261 2350 4326 ει).
2383 4248 2468 4326 745
2650 4263 2744 4302 xm
2773 4264 2786 4300 :
2841 4267 2858 4298 ι
2895 4249 3150 4326 Euntiin
3185 4247 3474 4326 'Spaniatn.
3508 4272 3527 4304 ι
3584 4255 3651 4308 Et
3695 4247 3859 4326 apud

2263 4316 2486 4391 Beatum
2513 4317 2906 4391 Liebanensent
2939 4316 3314 4391 presbyterum
3352 4323 3404 4376 in
3434 4316 3862 4384 commentariis

2264 4389 2318 4468 in
2341 4389 2739 4468 {tpo‘calypsinu
2779 4409 2797 4441 ι
2829 4389 3318 4468 Jaeobtts§pania_._
3337 4411 3356 4445 ι
3393 4392 3459 4446 Ει
3487 4396 3538 4448 in
3564 4397 3860 4468 Martyro—

2265 4455 2404 4540 logio
2428 4455 2707 4540 Blumano,
2740 4455 3230 4540 quodﬁeuediétus
3259 4463 3511 4540 Clemens
3538 4455 3844 4540 Arostégui

2192 4518 2238 4573 D
2268 4518 2734 4602 in'dissertatioue
2758 4518 3087 4602 eruditionis
3113 4518 3293 4602 plena,
3318 4553 3336 4586 ι
3369 4537 3434 4589 de
3483 4518 3676 4591 Jacobi
3688 4518 3860 4594 '17.;-

2261 4597 2396 4666 joris
2424 4600 2875 4671 praedicationem
2906 4597 3180 4671 Hispania,
3210 4617 3231 4656 δ
3279 4597 3412 4660 citat
3454 4622 3520 4661 ex
3569 4607 3859 4665 Florenti-

2264 4671 2358 4724 nio
2387 4689 2400 4724 :
2431 4689 2447 4720 ι
2469 4670 2906 4746 -11ἰοη8ριιηίοιιι,
2952 4670 3014 4727 et
3047 4676 3397 4731 occidentalia
3425 4677 3540 4731 loca
3576 4680 3860 4746 praedica-

2268 4750 2373 4819 tur,
2408 4758 2425 4792 ι
2468 4740 2661 4819 lie-illo
2701 4751 2878 4796 autem
2920 4747 3184 4819 apostolo,
3230 4762 3391 4816 quem
3444 4740 3706 4819 Didymus
3753 4753 3860 4808 hic

2266 4811 2626 4887 i_l‘|(I_l_Oal,__tilXi
2647 4812 2702 4887 in_
2726 4811 2941 4887 mea_ad_
2960 4811 3266 4887 Are/timum
3290 4811 3569 4884 pra’sulem
3593 4822 3855 4887 epistola.

2264 4879 2402 4935 Nulli
2427 4883 2635 4954 scilicet
2656 4882 2810 4936 alteri
2847 4883 3058 4954 Didymi
3088 4887 3249 4940 verba
3278 4879 3473 4942 melius
3506 4879 3860 4947 conveniunt

2265 4966 2424 5029 quam
2465 4953 2513 5006 ei
2547 4953 2637 5022 qui
2667 4967 2731 5006 ex
2761 4953 3040 5029 duodecim
3079 4957 3334 5029 apostolis
3371 4974 3508 5014 unus
3527 4962 3851 5029 exs‘titerit;

2265 5023 2356 5090 qui
2384 5023 2525 5097 inter
2552 5039 2645 5097 eos
2672 5038 2910 5092 praesens
2962 5023 3128 5080 fuerit
3173 5043 3309 5097 quos
3357 5029 3608 5084 Christus
3655 5023 3853 5088 Domi;

2266 5107 2368 5147 nus
2395 5094 2787 5162 alloquebatur,
2836 5110 2954 5149 cum
2999 5097 3094 5162 ait,
3151 5094 3370 5154 (Erilis
3411 5101 3541 5155 mihi
3597 5110 3854 5159 testes...

2268 5167 2532 5243 usquead
2562 5175 2864 5243 extremum
2898 5169 3223 5243 terraetAet.
3273 5186 3313 5237 ι,
3353 5171 3432 5240 8),
3460 5189 3478 5221 ι
3536 5184 3591 5225 ut
3641 5173 3860 5243 colligo

2265 5248 2332 5305 ex
2375 5235 2532 5304 hujus
2581 5237 2787 5305 Didymi
2839 5237 2936 5290 loci
2981 5239 3266 5294 collatione
3299 5235 3435 5295 cum
3469 5259 3618 5296 num.
3651 5235 3856 5302 6115ὶί

2267 5303 2468 5381 ζέε-δι).
2499 5303 2707 5371 sancto;
2746 5307 2839 5381 qui
2867 5325 2934 5361 ex
2956 5323 3143 5364 eorum
3197 5327 3421 5368 numero
3462 5315 3532 5367 sit
3579 5329 3718 5381 quos
3766 5333 3784 5366 ι
3813 5331 3860 5371 a

2271 5374 2691 5456 Spit'llllﬁnl-ICIO
2723 5396 2743 5430 ι
2779 5379 2843 5431 ad
2867 5383 3295 5456 concionandum
3327 5374 3760 5454 νενεμημένους.
3786 5386 3859 5443 id

2268 5456 2353 5499 est
2387 5463 2418 5522 ιΔ
2443 5448 2755 5522 distributos
2784 5468 2813 5522 »_
2845 5464 2998 5504 vocat
3033 5452 3317 5522 Didymus,
3360 5448 3466 5509 cui'
3493 5448 3703 5510 scilicet
3742 5456 3860 5510 lli-

2269 5518 2453 5596 spania
2488 5519 2543 5570 in
2573 5533 2634 5596 ea
2665 5520 3046 5596 distributione
3072 5518 3182 5596 per
3215 5528 3485 5594 apostolos
3537 5525 3683 5582 faeta
3741 5529 3860 5582 ob-

2273 5590 2483 5668 tigerit;
2541 5590 2629 5668 qui
2682 5592 2902 5668 demum
2950 5594 3010 5668 in
3068 5590 3325 5664 Hispania
3375 5598 3592 5651 biennio
3641 5598 3859 5653 saltem

2271 5669 2362 5737 aut
2405 5661 2633 5737 triemiio
2677 5661 2898 5737 διάγων,
2950 5665 3000 5719 id
3042 5677 3123 5720 est
3167 5661 3193 5717 ἰ
3225 5679 3588 5722 commoratus
3624 5687 3643 5720 ι
3694 5683 3856 5733 esse,

2271 5729 2452 5806 ibique
2475 5729 2834 5807 plﬂvangelium
2871 5737 3191 5803 pradicasse
3230 5739 3335 5793 dici
3386 5749 3567 5807 queat.
3619 5741 3690 5792 At
3733 5729 3855 5792 hu;

2265 5803 2502 5868 jusmodi
2536 5818 2759 5873 tnaguus
2785 5805 2871 5861 ille
2903 5809 3273 5866 universarum
3298 5803 3534 5879 gentium
3559 5809 3857 5885 apostolus
