4104 6408
595 379 702 446 "9|

1859 385 2094 443 DlDYMI
2134 389 2602 446 ALEXANDRINI

3739 403 3828 460 49%

606 503 772 557 verba
819 510 1122 572 repetentes
1153 504 1403 574 inquiunt
1439 525 1451 560 :
1510 507 1649 561 Deus
1689 504 1918 561 Verbum
1962 518 2182 565 vocatus

2289 506 2710 578 ἀναστρέφοντες
2767 505 3022 570 πολλάκις
3077 505 3144 560 τά
3194 507 3331 560 αὑτά
3382 509 3610 579 ῥήματα,
3645 517 3824 580 φασίν·

606 605 689 648 est
736 594 1076 664 Uuigenitus,
1119 597 1246 667 quia
1282 596 1518 668 Spiritus
1547 607 1768 654 sanctus
1793 613 1860 654 ex
1902 599 2177 671 hypostasi

606 681 786 739 Patris
813 699 917 739 non
948 686 1206 742 exsistit:
1258 687 1497 758 alioquin
1545 691 1658 758 ipse
1688 690 1906 759 quidem
1953 703 2176 747 vocatus

607 789 715 829 non
747 772 934 830 fuisset
959 773 1308 845 Uuigeuitus;
1347 778 1581 848 Spiritus
1611 796 1739 835 vero
1764 790 1986 837 sanctus
2021 797 2180 836 voca-

611 875 696 922 tus
729 867 917 923 fuisset
949 869 1117 939 ipsius
1161 870 1328 925 frater
1375 871 1475 942 (3).
1512 871 1588 927 lta
1628 871 1842 942 quidem
1890 872 1966 927 illi
2009 874 2180 928 disse-

609 970 755 1026 runt,
803 977 866 1016 ac
927 962 1137 1032 seipsos
1189 963 1420 1031 produnt
1469 964 1550 1019 vel
1606 964 1707 1019 sibi
1764 965 1896 1035 ipsis
1949 965 2182 1021 dissimi-

612 1053 689 1107 les
723 1053 823 1122 (4),
863 1054 1002 1109 sicut
1032 1056 1110 1108 eis
1134 1056 1411 1111 dissimilis
1452 1067 1536 1112 est
1572 1058 1794 1113 veritas.
1833 1058 2178 1128 Unigenitum

609 1145 747 1199 dixit
801 1145 1079 1216 Scriptura
1133 1145 1350 1210 Filium,
1399 1157 1508 1202 tum
1562 1149 1689 1219 quia
1737 1149 1885 1206 solus
1913 1166 1982 1204 ex
2015 1152 2180 1222 hypo-

609 1237 739 1293 stasi
771 1236 948 1292 Patris
997 1239 1208 1309 genitus
1253 1238 1372 1302 fuit,
1425 1255 1526 1294 non
1573 1257 1701 1297 vero
1749 1243 2030 1310 processit,
2073 1244 2182 1299 sic-

608 1339 667 1381 ut
723 1328 954 1396 Spiritus
1003 1339 1253 1394 sonctus;
1312 1340 1420 1384 tum
1483 1332 1606 1401 quia
1666 1333 1957 1388 excludere
2011 1336 2182 1390 voluit

599 1419 983 1474 haereticorum
1043 1421 1407 1490 hlaspheniias
1437 1464 1450 1486 ,
1506 1425 1598 1492 qui
1646 1439 1768 1478 eum
1828 1425 2015 1479 dicunt
2063 1440 2181 1481 esse

609 1522 939 1580 creaturam,
993 1520 1048 1566 et
1083 1511 1273 1575 lilium,
1325 1513 1464 1568 sicut
1510 1529 1610 1569 nos
1663 1529 1869 1569 sumus.
1921 1512 2180 1584 Spiritum

598 1615 786 1658 autem
821 1615 1067 1660 sanctum
1107 1606 1181 1660 ait
1210 1604 1487 1676 Scriptura
1528 1623 1692 1661 unum
1723 1617 1779 1662 et
1819 1607 1996 1663 solum
2037 1624 2179 1676 esse,

610 1706 720 1749 tum
754 1697 877 1764 quia
899 1697 1060 1752 unico
1089 1697 1166 1768 (5)
1198 1699 1454 1767 quodam,
1488 1707 1542 1753 et
1571 1699 1834 1770 singulari
1871 1700 2031 1754 modo
2066 1701 2182 1768 ipse

609 1786 870 1854 processit
907 1801 971 1841 ex
1011 1785 1102 1840 Dei
1140 1796 1194 1840 et
1238 1786 1413 1840 Patris
1446 1787 1740 1858 hypostasi.
1773 1803 1880 1842 non
1930 1802 2060 1843 vero
2087 1803 2181 1859 ge-

2283 599 2591 670 Μονογενὴς
2647 597 2846 669 ἐκλήθη
2899 601 2927 652 ὁ
2982 599 3114 663 Θεὸς
3148 599 3340 667 Λόγος,
3393 600 3571 673 ἐπειδὴ
3596 603 3652 656 τὸ
3693 605 3830 673 ἀγιον

2284 688 2511 758 Πνεῦμα
2533 688 2632 740 οὑκ
2662 688 2727 740 ὲκ
2756 688 2855 758 τῆς
2901 689 3248 752 ὑποστάσεώς
3295 694 3438 743 ἐστιν
3493 692 3584 745 τοῦ
3621 695 3827 767 Πατρός.

2296 777 2446 829 Ἐπεὶ
2479 775 2644 840 αὐτὸς
2699 778 2797 848 μὲν
2850 780 2951 832 οὑκ
3000 779 3066 834 ἂν
3115 779 3306 850 ἐλέχθη
3350 782 3831 855 Μονογενὴς,τὸδὲ

2283 868 2438 936 ἅγιον
2505 869 2729 941 Πνεῦμα
2794 871 3206 942 προσηγορεύθη
3265 873 3331 925 ἂν
3389 873 3607 943 ἀδελφὸς
3665 878 3831 936 αὑτοῦ.

2295 961 2520 1014 Ἐκεῖνοι
2547 962 2645 1032 μὲν
2674 961 2867 1026 οὕτως,
2898 964 2989 1016 καὶ
3013 963 3146 1034 πρὸς
3181 965 3405 1028 ἑαυτοὺς
3429 967 3832 1038 ἁνομοιοὺμενοι,

2281 1054 2314 1123 ὴ
2345 1052 2402 1106 δὲ
2430 1052 2656 1124 ἀλήθεια
2681 1054 2816 1124 πρὸς
2840 1054 3055 1116 αὑτούς.
3091 1056 3398 1126 Μονογενὴς
3421 1057 3732 1128 γέγραπται,
3759 1061 3835 1114 διά

2283 1162 2341 1198 τε
2375 1146 2434 1198 τὸ
2464 1145 2625 1216 μόνον
2650 1145 2974 1216 γεννηθῆναι
3001 1148 3065 1198 ὲκ
3095 1145 3194 1214 τῆς
3235 1148 3580 1212 ὑποστάσεως
3603 1151 3690 1204 τοῦ
3740 1154 3835 1205 Ila-

2281 1236 2429 1308 τρὸς,
2461 1237 2552 1289 καὶ
2586 1237 2659 1307 μὴ
2686 1236 3103 1307 ὲκπορευθῆναι,
3136 1236 3210 1299 ὡς
3237 1237 3296 1288 τὸ
3322 1236 3474 1305 ἅγιον
3498 1239 3734 1310 Πνεῦμα·
3755 1243 3836 1297 διά

2281 1345 2340 1381 τε
2371 1329 2432 1382 τὸ
2468 1329 2854 1382 ἀποκλείεσθαι
2883 1328 2982 1392 τὰς
3014 1329 3364 1398 βλασφημίας
3415 1331 3715 1401 αἱρετικῶν,
3763 1332 3836 1384 λε-

2281 1420 2485 1488 γόντων
2511 1421 2672 1474 αὑτὸν
2706 1421 2909 1492 κτίσμα
2940 1422 3032 1474 καὶ
3060 1423 3191 1484 υίὸν,
3223 1421 3299 1484 ὦς
3343 1422 3508 1492 ἐσμεν
3539 1424 3708 1493 ἡμεῖς.
3744 1425 3838 1477 Καὶ

2281 1512 2342 1566 τὸ
2371 1512 2525 1581 ἅγιον
2555 1512 2611 1565 δὲ
2652 1511 2875 1583 Πνεῦμα
2909 1512 2966 1566 ἓν
3007 1514 3100 1566 καὶ
3134 1513 3292 1583 μόνον
3329 1511 3468 1567 εἶναι
3515 1514 3834 1584 γέγραπται,

2281 1606 2370 1660 διά
2397 1623 2455 1659 τε
2483 1605 2545 1658 τὸ
2574 1606 2798 1668 ἑνιαίως
2825 1605 2922 1658 καὶ
2955 1606 3128 1675 μόνως
3154 1606 3284 1658 αὑτὸ
3312 1609 3374 1658 ἐκ
3398 1607 3495 1677 τῆς
3524 1607 3839 1668 ὑποστάσεως

2282 1697 2375 1751 τοῦ
2401 1698 2536 1751 Θεοῦ
2568 1697 2661 1751 καὶ
2694 1697 2906 1768 Πατρὸς
2932 1697 3346 1768 έκπορευθῆναι,
3373 1699 3466 1751 καὶ
3497 1700 3570 1770 μὴ
3599 1697 3837 1768 γεννηθῇ

2283 1807 2393 1852 ναι,
2423 1788 2497 1854 ὡς
2527 1791 2555 1842 ὁ
2589 1789 2713 1854 Υἱός
2737 1805 2750 1818 '
2779 1789 2866 1844 διά
2899 1807 2958 1842 τε
3012 1791 3071 1842 τὸ
3114 1790 3187 1860 μὴ
3219 1791 3445 1861 κτίσμα,
3502 1791 3577 1854 ὡς
3631 1791 3695 1844 τὰ
3723 1790 3839 1844 ἄλλα

606 1879 751 1932 nitus
783 1889 900 1944 est,
939 1879 1078 1932 sicut
1125 1878 1330 1933 Filius:
1375 1889 1483 1932 tum
1511 1880 1670 1933 etiam
1711 1896 1778 1937 ne
1822 1880 2178 1950 suspicemur,

2286 1880 2588 1952 πνεύματα,
2634 1882 3000 1936 ὑπονοεῖσθαι.
3059 1878 3131 1934 Τὸ
3162 1881 3271 1952 γὰρ
3297 1881 3354 1934 ἒν
3405 1881 3529 1935 οὔτε
3587 1881 3838 1942 ἀλλότριόν

605 1983 730 2027 eum
759 1985 878 2026 esse
904 1981 1228 2035 creaturam,
1256 1984 1316 2026 ut
1346 1982 1470 2027 sunt
1501 1973 1588 2026 alii
1637 1975 1880 2043 spiritus.
1919 1975 2052 2029 Nam
2088 1978 2177 2045 qui

606 2071 689 2116 est
724 2078 864 2118 unus
893 2061 1130 2133 Spiritus
1165 2062 1268 2134 (6),
1306 2065 1514 2119 alienus
1569 2082 1674 2121 non
1725 2076 1807 2122 est
1843 2067 1913 2122 ab
1942 2069 2179 2123 essentia

609 2154 808 2218 Patris,
839 2170 1017 2226 neque
1047 2156 1115 2212 ab
1147 2157 1354 2212 unitate
1388 2157 1556 2225 illius,
1601 2159 1743 2228 quod
1774 2173 1937 2213 unum
1967 2168 2070 2224 est,
2097 2175 2180 2214 se-

603 2247 868 2317 jungitur,
921 2248 1016 2303 sed
1049 2264 1211 2304 unum
1264 2265 1387 2304 cum
1435 2264 1500 2305 eo
1538 2259 1668 2305 est:
1712 2265 1885 2321 neque
1933 2261 2178 2322 respectu

608 2339 752 2394 illius
794 2349 887 2394 aut
924 2341 1119 2406 minor,
1151 2341 1496 2412 subjectusve
1530 2353 1635 2407 est,
1672 2351 1764 2396 aut
1802 2343 1965 2396 alium
1997 2343 2175 2408 habet,

609 2433 699 2501 qui
724 2433 1146 2501 connaturalior,
1176 2436 1452 2505 magisque
1472 2451 1594 2491 cum
1621 2435 1764 2491 illius
1785 2436 2021 2491 essentia
2051 2449 2180 2491 con-

604 2530 825 2599 junctus
856 2529 947 2596 sit,
985 2539 1079 2583 aut
1111 2529 1220 2584 Deo
1249 2529 1604 2599 propinquior
1633 2548 1647 2584 :
1686 2545 1860 2598 neque
1892 2538 2064 2597 potest
2097 2527 2174 2599 (7)

610 2631 702 2675 aut
723 2634 982 2676 numerus
1007 2621 1211 2682 vocari,
1243 2635 1363 2673 cum
1403 2619 1672 2688 pertineat
1698 2622 1763 2674 ad
1793 2619 2059 2674 unitatem
2088 2633 2176 2672 es-

609 2713 818 2778 sentiae,
845 2723 938 2766 aut
981 2711 1122 2766 inter
1155 2725 1242 2765 res
1293 2711 1585 2778 productas
1641 2711 1918 2776 collocari,
1979 2713 2180 2782 quippe

610 2803 699 2873 qui
731 2815 974 2857 unacqu
998 2800 1180 2868 Patre,
1204 2812 1255 2856 et
1279 2798 1417 2856 Filio
1439 2803 1679 2856 omnium
1724 2817 1902 2856 rerum
1930 2804 2180 2858 conditor

610 2904 716 2950 est.
746 2893 942 2964 Nequit
970 2908 1099 2963 ergo
1127 2908 1266 2948 unus
1286 2902 1507 2948 sanctus
1529 2891 1765 2962 Spiritus
1788 2903 1879 2948 aut
1905 2894 2066 2949 unius
2082 2893 2180 2947 Pa-

611 2987 730 3052 tris,
768 2987 993 3041 uniusve
1033 2985 1153 3040 Filii
1206 2999 1325 3040 esse
1371 2984 1678 3062 dissimilis,
1722 2994 1814 3038 aut
1849 2985 2178 3040 multitudini

610 3077 898 3148 spirituum
939 3075 1152 3130 similis.
1232 3072 1693 3140 Quemadmodum
1742 3074 1883 3128 enim
1937 3075 2180 3144 quamvis

612 3182 755 3222 unus
817 3167 888 3222 sit
947 3166 1086 3222 Deus
1149 3174 1204 3222 et
1265 3164 1468 3228 Pater,
1550 3172 1604 3218 et
1664 3179 1800 3220 unus
1848 3163 2020 3220 Filius
2085 3179 2179 3219 ve-

610 3275 725 3325 rus,
759 3259 918 3329 139
945 3273 1132 3314 omnes
1167 3267 1366 3321 tamen,
1393 3257 1485 3326 qui
1507 3255 1574 3309 ad
1609 3255 1726 3324 ejus
1757 3255 2044 3325 imaginem
2089 3271 2182 3311 su-
2207 3233 2249 3287 ο

525 3369 532 3408 .'
610 3367 754 3419 mus,
782 3352 854 3406 dii
876 3361 930 3406 et
970 3350 1063 3404 lilii
1096 3350 1166 3406 ob
1229 3348 1372 3403 illius
1425 3347 1722 3403 bonitatem
1781 3356 1838 3402 et
1884 3346 2182 3402 liberalita-

610 3452 744 3512 tem,
774 3443 897 3498 licet
930 3442 1103 3512 reipsa
1133 3455 1236 3494 non
1272 3441 1464 3507 simus,
1531 3439 1706 3494 vocati
1760 3439 1979 3504 luimus,
2025 3439 2178 3508 juxta

611 3537 766 3602 illud,
799 3555 817 3589 ι
859 3535 972 3607 Ego
1007 3534 1117 3590 dixi
1148 3534 1223 3606 (8)
1257 3549 1270 3586 :
1307 3531 1385 3588 Dii
1429 3533 1584 3597 estis,
1612 3540 1667 3585 et
1690 3530 1782 3585 lilii
1814 3531 2022 3587 Excelsi
2067 3546 2182 3586 om-

610 3645 779 3696 nesp
812 3629 886 3683 ita
904 3627 1005 3683 etsi
1031 3641 1169 3682 unus
1196 3627 1265 3680 sit
1290 3635 1344 3680 et
1371 3624 1516 3679 solus
1543 3623 1776 3692 Spiritus
1796 3631 2018 3678 sanctus
2040 3625 2182 3677 veri-

613 3715 763 3781 tatis,
791 3713 947 3770 multi
978 3722 1157 3768 tamen
1195 3713 1421 3780 spiritus
1448 3709 1724 3771 dicuntur,
1757 3708 1847 3778 qui
1901 3723 2008 3763 non
2057 3716 2183 3762 sunt

610 3816 808 3864 natura
841 3804 1075 3875 Spiritus
1097 3803 1213 3857 Dei.
1245 3802 1412 3855 Porro
1452 3799 1526 3870 (9)
1559 3798 1794 3852 haeretici
1819 3797 1952 3851 nihil
1997 3796 2065 3852 de
2117 3811 2181 3850 eo

611 3898 850 3962 solliciti,
885 3905 943 3952 ut
969 3895 1167 3950 divinis
1201 3891 1464 3962 theologis
1497 3899 1858 3944 consentanea
1886 3889 2069 3944 dicere
2098 3888 2182 3942 vi-

613 3991 862 4056 deantur,
887 3988 990 4042 alia
1014 4000 1228 4055 quoque
1256 3984 1447 4038 allerre
1473 3997 1576 4036 non
1608 3991 1863 4036 verentur
1885 3980 2037 4035 valde
2059 3995 2183 4049 per-

613 4080 842 4136 niciosa.
872 4076 1058 4147 Neque
1084 4093 1210 4132 vero
1257 4075 1524 4145 quispiam
1565 4082 1853 4143 antequam
1907 4071 1958 4126 id
2002 4085 2180 4138 omne,

614 4172 758 4243 quod
820 4169 1061 4226 dicturus
1134 4184 1274 4234 sum,
1331 4167 1594 4232 audierit,
1648 4179 1734 4220 me
1790 4165 2180 4233 reprehendat,

613 4267 760 4334 quod
791 4259 1092 4333 perniciosa
1117 4274 1302 4314 vocem
1334 4274 1453 4328 qua;
1484 4257 1556 4311 illi
1592 4254 1857 4311 aﬂ'erunt:
1893 4269 1988 4309 eos
2035 4254 2181 4310 enim

614 4352 695 4409 sic
725 4350 873 4421 loqui
897 4349 1216 4420 comperiet,
1243 4357 1302 4402 ut
1329 4347 1540 4402 illorum
1597 4347 1837 4400 virorum
1899 4344 2064 4399 menti
2119 4358 2183 4399 ac

613 4443 898 4500 sententia:
943 4440 1228 4496 manifesto
1277 4448 1598 4511 repugnent,
1655 4438 1747 4508 qui
1805 4437 1916 4493 Deo
1968 4435 2184 4494 aﬂlante

614 4534 905 4606 scripsere,
937 4534 1137 4605 quique
1168 4533 1366 4588 donum
1397 4531 1498 4586 hoc
1523 4546 1553 4586 a
1585 4529 1696 4585 Deo
1750 4528 2072 4595 habuerunt,
2124 4539 2184 4583 ut

2281 1973 2396 2025 ἐστι
2428 1972 2488 2024 τὸ
2518 1970 2740 2042 Πνεῦμα
2783 1973 2886 2044 τῆς
2912 1972 3100 2037 οὐσίας
3141 1972 3236 2026 τοῦ
3271 1973 3507 2044 Πατρὸς,
3537 1972 3656 2026 οὑτε
3679 1971 3839 2040 διώρι-

2283 2085 2405 2121 σται
2443 2067 2542 2137 τῆς
2565 2067 2700 2139 πρὸς
2726 2067 2786 2120 τὸ
2814 2067 2871 2120 ἓν
2907 2066 3153 2131 ἐνώσεως
3179 2081 3194 2095 ⁸
3235 2066 3358 2119 οὔτε
3416 2066 3554 2137 πρὸς
3586 2068 3766 2128 ἐκεῖνο,
3809 2064 3837 2133 ἢ

2282 2159 2473 2229 ὕφεσιν
2500 2159 2688 2231 Exegi)
2721 2159 2815 2232 [61
2856 2159 2923 2232 α]
2954 2159 3112 2213 ἄλλον
3141 2160 3335 2213 ἑαυτοῦ
3380 2160 3580 2232 μᾶλλον
3627 2157 3841 2229 συμφυέ-

2283 2267 2489 2322 στερον,
2523 2252 2556 2323 ἢ
2585 2251 2837 2322 ἀγχίθεον
2859 2268 2873 2282 ο
2905 2251 3017 2305 οὔτ’
3042 2252 3316 2322 ἀνέχεται,
3345 2253 3377 2324 ἢ
3411 2252 3643 2326 ἀριθμὸς
3690 2267 3840 2322 προσ-

2283 2343 2658 2415 αγορεύεσθαι,
2695 2345 2797 2415 τῆς
2828 2343 3011 2406 ένάδος
3045 2344 3233 2407 οὐσίας
3257 2343 3337 2410 ὃν,
3370 2344 3404 2414 ἢ
3437 2347 3548 2407 τοῖς
3577 2341 3840 2413 παρηγμέ-

2283 2451 2392 2497 νοις
2416 2435 2823 2501 συντάττεσθαι,
2854 2433 2962 2488 τῶν
3009 2435 3182 2488 πάντα
3209 2434 3640 2506 παραγαγόντων
3665 2434 3753 2486 σὺν
3776 2430 3841 2500 τῷ

2284 2527 2454 2597 Πατρὶ
2483 2527 2576 2580 καὶ
2605 2527 2679 2596 τῷ
2706 2525 2818 2596 Υἱῴ
2858 2528 3141 2596 τυγχάνον.
3169 2527 3254 2587 oo
3303 2527 3529 2580 δύναται
3572 2523 3663 2590 οὖν
3692 2524 3748 2577 τὸ
3792 2522 3842 2575 ἒν

2282 2616 2432 2684 ἆγιον
2461 2615 2702 2686 Πνεῦμα,
2728 2615 2849 2668 οῦτε
2879 2617 2954 2687 τῷ
2985 2619 3065 2669 ἐνὶ
3087 2619 3202 2670 Πατ
3214 2619 3285 2688 ρὶ,
3311 2617 3344 2688 ἢ
3373 2618 3451 2689 τῷ
3479 2619 3559 2671 ἑνὶ
3593 2617 3700 2688 Υἱῴ
3723 2611 3843 2668 εἶναι

2281 2707 2550 2778 ἀνόμοιον,
2573 2706 2694 2759 οὔτε
2713 2707 2787 2778 τῷ
2810 2707 3003 2778 πλήθει
3021 2708 3128 2761 τῶν
3150 2711 3482 2780 πνευμάτων
3499 2710 3699 2780 ὅμοιον.
3715 2704 3845 2759 Καθ-

2283 2802 2423 2871 άπερ
2460 2800 2568 2872 γάρ
2587 2800 2703 2862 ἑνὸς
2726 2799 2876 2862 ῦντος
2909 2799 3042 2852 Θεοῦ
3075 2802 3166 2854 καὶ
3201 2802 3439 2872 Πατρὸς,
3472 2801 3568 2855 καὶ
3592 2799 3704 2862 ἑνὸς
3731 2795 3844 2850 Υἱοῦ

2281 2890 2555 2961 ἀληθινοῦ,
2597 2891 2792 2955 πάντες
2840 2892 2888 2944 οἱ
2933 2891 3053 2944 κατ’
3085 2893 3268 2945 εἰκόνα
3311 2893 3380 2944 δι’
3427 2891 3733 2960 ἁγαθότητα
3765 2888 3845 2940 καὶ

2281 2982 2541 3050 ἀφθονίαν
2568 2981 2732 3035 αὑτοῦ
2766 2982 3076 3054 ἑκλὴθημεν
3121 2983 3235 3036 θεοὶ
3277 2984 3372 3037 καὶ
3401 2985 3529 3049 υίοὶ,
3576 2985 3672 3036 οὑκ
3712 2982 3846 3041 ὅντες

2280 3078 2346 3145 τῇ
2393 3075 2618 3146 ἀληθείᾳ
2669 3075 2810 3128 κατά
2856 3073 2936 3138 τὸ,
2981 3093 2999 3126 ε
3045 3073 3187 3143 Ἐγὼ
3233 3069 3398 3128 εἴπαο
3436 3075 3562 3129 Θεοί
3613 3075 3730 3126 ἐστε
3767 3070 3847 3125 καὶ

2283 3166 2390 3218 uio).
2441 3165 2694 3234 Ὑψίστου
2721 3167 2921 3228 πάντες
2941 3183 2955 3196 ο
2997 3185 3014 3217 ι
3053 3165 3224 3230 οὑτως
3251 3167 3371 3231 ἑνὸς
3398 3167 3493 3220 καὶ
3524 3167 3681 3238 μόνου
3715 3163 3848 3224 ὄντος

2289 3257 2439 3326 ἁγίου
2475 3256 2788 3326 Πνεὺματος
2819 3256 3095 3328 ἀληθείας,
3116 3257 3285 3311 πολλά
3316 3259 3608 3330 πνεύματα
3631 3257 3846 3324 λέγεται,

2287 3351 2386 3402 οὑκ
2413 3349 2540 3402 ὅντα
2569 3351 2634 3419 τῇ
2666 3347 2823 3418 φύσει
2853 3349 3141 3419 πνεύματα
3165 3349 3262 3402 τοῦ
3287 3349 3450 3404 Θεοῦ.
3481 3351 3557 3404 Οὑ
3587 3349 3850 3420 βλέποντες

2287 3437 2382 3490 καὶ
2401 3439 2883 3508 ἀνασκεπτόμενοι,
2915 3439 3061 3502 ὅπως
3086 3439 3150 3493 ἂν
3172 3442 3284 3502 τοῖς
3307 3440 3582 3509 θεολόγοις
3608 3438 3852 3508 φαίνοιντο

2290 3527 2582 3599 συμϐαῖνόν
2609 3546 2661 3582 τι
2693 3528 2962 3598 λέγοντες,
2995 3530 3094 3583 οὑκ
3126 3529 3347 3584 ὀκνοῦσι
3379 3531 3480 3585 καὶ
3516 3530 3652 3586 ἄλλα
3682 3524 3852 3595 ἐπιφέ·

2293 3638 2404 3692 ρειν
2460 3620 2715 3692 βλαϐερά.
2769 3621 2879 3674 Καὶ
2928 3621 3038 3690 μοὶ,
3069 3620 3200 3691 πρὶν
3244 3621 3489 3687 ἅπαντος
3527 3613 3852 3676 ἀκοῦσαιτοῦ

2287 3715 2467 3782 λόγου,
2508 3713 2788 3784 μέμψηται
2842 3713 2976 3784 μηδὲ
3026 3707 3126 3776 εἷς,
3177 3715 3224 3765 εί
3276 3712 3490 3786 βλάὸην
3535 3713 3608 3767 τὰ
3649 3709 3852 3765 ἐκείνων

2288 3805 2459 3859 καλῶ.
2492 3805 2725 3876 Εὑρήσει
2751 3804 2879 3874 γὰρ,
2921 3804 3001 3856 ὅτι
3039 3803 3394 3872 φθέγγονται,
3439 3805 3700 3875 ἄντικρυς
3724 3803 3851 3854 ἀντι-

2289 3897 2614 3967 πράττοντες
2656 3899 2721 3968 τῇ
2764 3894 2957 3966 γνώμῃ
2998 3895 3105 3948 τῶν
3152 3896 3435 3968 θεηγόρων
3477 3895 3706 3968 ἀνδρῶν,
3736 3889 3854 3944 οἳτὸ

2289 3988 2416 4059 περὶ
2435 3988 2591 4041 τοῦτο
2615 3988 2932 4061 διαπρέπειν
2963 3984 3109 4058 εἶχον
3131 3989 3281 4060 παρὰ
3301 3989 3397 4042 τοῦ
3415 3988 3557 4042 Θεοῦ
3588 3991 3645 4042 ὲν
3671 3985 3856 4056 δωρεᾶς

2292 4079 2466 4150 μέρει.
2505 4078 2734 4146 Λέγουσι
2786 4081 2927 4150 γάρ·
2969 4080 3031 4132 Et
3076 4080 3210 4142 Θεὸς
3262 4079 3326 4133 τὸ
3367 4080 3529 4150 ἅγιον
3566 4072 3854 4148 Πνεῦμα,ἢ

2290 4168 2500 4240 Πατὴρ,
2536 4169 2568 4238 ἢ
2618 4169 2745 4246 Ἰξίός
2785 4171 2958 4223 ἐστιν’
3008 4170 3082 4241 μὴ
3110 4169 3168 4225 ὸν
3200 4169 3256 4223 δὲ
3302 4170 3517 4225 τούτων
3552 4170 3734 4242 μηδὲν,
3769 4167 3854 4218 οὐκ

2289 4259 2402 4314 ἐστι
2432 4260 2584 4324 Θεὸς,
2606 4260 2680 4324 ὡς
2714 4261 2834 4314 οὑδὲ
2874 4261 2942 4314 τὰ
2983 4262 3118 4316 ἄλλα
3158 4261 3471 4333 πνεύματα.
3518 4258 3857 4330 Ἀπαντητέον

2287 4353 2465 4405 τοίνυν
2489 4352 2670 4416 αὐτοῖς
2697 4353 2916 4406 οὑτωσί⁶
2954 4354 3164 4424 Ὥσπερ
3202 4354 3336 4418 Θεὸς
3372 4358 3403 4409 ὁ
3447 4356 3659 4427 Πατὴρ,
3694 4353 3750 4406 οὺ
3785 4347 3857 4402 διὰ

2288 4444 2349 4498 τὸ
2383 4441 2520 4498 εἶναι
2551 4445 2787 4515 Πατέρα,
2811 4446 2944 4500 ἀλλά
2965 4446 3053 4501 διὰ
3076 4448 3135 4500 τὸ
3159 4443 3300 4501 εἶναι
3324 4447 3484 4512 θείας
3515 4448 3727 4516 φύσεως
3743 4461 3755 4474 ·
3777 4440 3858 4495 καὶ

2289 4539 2317 4590 ὁ
2345 4537 2492 4602 Υἱὸς,
2518 4537 2578 4589 οὐ
2611 4535 2701 4589 διὰ
2744 4535 2805 4588 τὸ
2846 4533 2983 4590 εἶναι
3023 4537 3118 4591 τοῦ
3154 4539 3416 4609 τυχόντος
3462 4541 3600 4604 υίὸς,
3629 4537 3760 4592 ἀλλά
3785 4531 3862 4586 διὰ

615 4627 724 4684 ista
758 4627 811 4682 in
838 4641 897 4682 re
936 4625 1194 4697 praeclare
1248 4632 1616 4678 versarentur.
1677 4622 1838 4677 Aiunt
1897 4623 2074 4675 enim:
2129 4621 2182 4676 Si

2288 4628 2350 4681 τὸ
2381 4627 2475 4681 τοῦ
2525 4627 2660 4682 Θεοῦ
2707 4624 2843 4682 εἶναι
2887 4629 3013 4683 Υίὸν
3053 4631 3244 4700 Λόγον,
3293 4632 3390 4686 καὶ
3436 4631 3749 4702 ἀναγκαίως
3776 4626 3862 4694 τῆς

615 4717 730 4788 (l0)
757 4717 896 4773 Deus
925 4727 1010 4773 est
1047 4715 1281 4786 Spiritus
1312 4724 1554 4782 sanctus,
1589 4721 1684 4768 aut
1731 4712 1892 4770 Pater
1941 4726 2042 4778 est,
2092 4724 2184 4770 aut

614 4809 804 4891 Filius.
842 4809 1003 4880 Atqui
1039 4818 1226 4864 neuter
1255 4809 1444 4864 horum
1473 4817 1592 4862 est:
1627 4820 1731 4861 non
1759 4816 1986 4878 estergo
2025 4808 2184 4875 Deus,

683 5012 769 5083 β)
802 5009 1012 5083 frater.
1074 5009 1187 5067 Hoc
1239 5010 1742 5083 Macedoniauorum
1797 5024 2178 5083 argumentum

617 5079 775 5139 affert
815 5081 1070 5155 Didymus
1109 5098 1174 5138 ac
1222 5083 1377 5138 diluit
1408 5081 1461 5138 itt
1491 5081 1633 5138 libro
1668 5083 1832 5138 etiam
1861 5079 1939 5139 De
1980 5082 2182 5155 Spiritu

615 5163 816 5216 sancto.
831 5167 978 5206 num.
1010 5153 1097 5206 62.

713 5223 768 5293 4)
809 5222 1119 5293 Dissimiles.
1151 5221 1345 5292 Utpete
1383 5221 1718 5292 versipelles.

713 5226 768 5293 4)
809 5226 1119 5276 Dissimiles.
1151 5226 1345 5292 Utpete
1383 5226 1718 5292 versipelles.

689 5226 768 5365 i5)
807 5289 990 5347 Unico.
1029 5294 1087 5345 ln
1124 5293 1330 5360 Cra-co,
1376 5294 1613 5357 ἑνιαίως.
1655 5293 1748 5348 Est
1779 5297 2187 5365 autemthaio;

624 5383 643 5416 ι
686 5364 854 5430 solus,
884 5379 1046 5424 unus.
1084 5380 1101 5412 ι
1143 5375 1233 5416 aut
1267 5382 1287 5434 ι
1317 5365 1622 5434 singularis.
1676 5383 1694 5415 ι
1743 5365 1924 5432 Itaque
1953 5364 2189 5420 Joannes

619 5434 1002 5490 Euchaitarum
1030 5433 1381 5504 metropolita
1407 5436 1456 5487 iu
1492 5436 1738 5489 oratione
1767 5434 1965 5489 inedita
1999 5437 2052 5488 in
2081 5434 2186 5504 Sy-

619 5504 801 5574 itraxim
831 5504 1156 5574 angelorum,
1193 5520 1312 5574 pag.
1354 5503 1441 5567 58,
1499 5505 1773 5570 cujusdam
1821 5522 1922 5556 IIIS.
1984 5503 2186 5558 codicis

618 5573 874 5628 Nauiana:
902 5573 1260 5644 bibliotheca,
1286 5574 1364 5628 sic
1390 5575 1624 5644 loquitur
1655 5591 1667 5628 :
1694 5574 1752 5627 τὸ
1777 5575 1995 5644 τρισσὸν
2018 5574 2186 5644 αὑτῆς

620 5652 838 5715 (nempe
862 5643 962 5714 τῆς
983 5642 1132 5706 θείας
1157 5643 1575 5715 μεγαλειότητος
1593 5644 1728 5715 )νκαὶ
1757 5642 1974 5707 ὲνήιαῖον,
2009 5645 2057 5698 id
2082 5642 2185 5706 est,

627 5733 651 5764 ι
703 5713 998 5769 trinitatem
1039 5715 1209 5784 ipsius

617 5792 750 5842 tam.
798 5803 816 5835 ι

694 5854 768 5926 (ὃ)
811 5852 1055 5925 Spiritus.
1089 5851 1148 5910 Si
1183 5853 1511 5926 conjecturis
1535 5854 1810 5924 indulgere
1838 5855 2059 5914 liceret.
2094 5869 2184 5910 suo

1253 5714 1493 5783 (divina:
1524 5714 1865 5785 maiestatis)
1906 5726 1962 5770 et
2005 5715 2186 5770 unita-

2291 4718 2455 4772 αὑτοῦ
2495 4718 2646 4784 θείας
2678 4719 2891 4790 φύσεως
2924 4720 3188 4793 ὑπάρχειν
3210 4739 3223 4754 °
3259 4723 3441 4790 οὓτως
3491 4727 3588 4780 καὶ
3627 4724 3688 4777 τὸ
3726 4722 3862 4788 ἅγιον

2294 4809 2519 4882 Πνεῦμα
2545 4811 2697 4876 Θεὸς,
2731 4813 2792 4866 οὑ
2826 4811 2912 4867 διὰ
2938 4813 2999 4866 τὸ
3039 4813 3224 4878 ἁπλῶς
3261 4811 3406 4870 εἶναι
3447 4816 3696 4887 Πνεῦμα,
3745 4808 3862 4865 ἀλλὰ

2290 5029 2529 5084 spicarer
2555 5013 2841 5084 legendum
2880 5028 3004 5070 esse
3037 5011 3090 5066 in
3123 5011 3311 5067 Grzeco
3362 5029 3378 5065 :
3416 5012 3480 5065 τὸ
3509 5014 3620 5084 γὰρ
3650 5013 3706 5064 ἓν
3735 5007 3866 5079 δηλοῖ

2290 5085 2370 5137 ὅτι
2406 5082 2550 5144 οὔτε,
2576 5082 2630 5138 κζ
2671 5101 2722 5137 τ.
2758 5085 2808 5138 λ.

2294 5223 2319 5276 ἐ
2363 5153 2440 5223 (7)
2486 5152 2668 5223 Neque
2721 5163 2908 5222 potest.
2942 5152 3142 5218 Codex,
3176 5149 3243 5204 ἂν
3289 5150 3506 5223 ἔχεται.
3557 5153 3720 5224 Lego,
3787 5150 3868 5202 ἀν-

2325 5241 2492 5276 γεται.

2358 5241 2492 5278 εται.

2325 5243 2598 5362 χῖὲῗιὶῐθο
2622 5294 2756 5348 dixi.
2793 5292 2932 5348 Psal.
2967 5309 3150 5356 Lxxxl,
3182 5309 3321 5348 vers.
3353 5291 3410 5348 6.

2388 5366 2442 5437 9)
2486 5361 2675 5418 Parro.
2710 5364 2825 5437 Nisi
2863 5364 3062 5437 aliquid
3091 5366 3258 5437 addas
3280 5364 3335 5416 in
3369 5363 3687 5437 Graeco,_ac
3715 5361 3867 5428 legas.

2293 5429 2523 5504 exempli
2559 5451 2744 5494 causa.
2779 5435 2838 5488 οὑ
2885 5429 3170 5502 βλέποντες
3202 5429 3315 5495 οὖν,
3353 5436 3464 5504 vel,
3493 5435 3558 5486 οὑ
3597 5433 3872 5504 βλέποντες

2294 5505 2370 5570 δέ,
2407 5501 2510 5566 vel,
2543 5505 2658 5558 ἀλλ’
2685 5506 2746 5558 οὑ
2788 5501 3094 5575 βλέποντες,
3131 5506 3290 5575 uiuus
3322 5501 3532 5568 soluta,
3560 5501 3703 5567 laxa,
3727 5508 3913 5568 atqueIn

2295 5578 2582 5644 exsanguis
2616 5572 2882 5629 videbitur
2915 5575 3113 5644 oratio.
3153 5572 3479 5644 Quanquam
3509 5575 3626 5628 hagc
3669 5583 3872 5639 magno-

2296 5659 2422 5714 pere
2452 5642 2671 5699 eurasse
2704 5662 2808 5699 non
2844 5645 3052 5698 videtur
3100 5643 3380 5712 Didymus.
3425 5642 3691 5699 Fortasse
3722 5645 3869 5695 etiam

2295 5730 2493 5768 novum
2527 5723 2686 5784 caput
2711 5715 2798 5769 hic
2831 5714 2988 5783 incipi
3022 5714 3254 5777 volebat,
3279 5728 3408 5764 cum
3436 5715 3504 5770 ad
3529 5716 3690 5768 aliam
3715 5723 3874 5766 trans-

2293 5797 2378 5840 eat
2415 5785 2791 5854 objectiouetu.

2368 5851 2596 5927 (ιω-δε.
2637 5857 2692 5912 ln
2729 5855 2934 5924 codice,
2972 5854 3008 5925 ἡ
3038 5851 3188 5916 Θεός.
3221 5851 3390 5921 L830.
3430 5852 3494 5906 Εἰ
3525 5852 3681 5918 986;-
