4104 6408
351 375 449 434 495

1393 384 1482 439 DE
1522 385 1895 441 TRINITATE
1938 385 2138 439 LIBER
2178 385 2568 445 SECUNDUS.

3514 393 3623 453 «ιει

343 492 432 546 διά
459 493 524 546 τὸ
548 492 641 546 τοῦ
678 493 817 547 Θεοῦ
862 491 1003 550 εἶναι
1044 495 1100 550 ἐν
1145 497 1237 551 καὶ
1288 499 1448 568 μόνον
1479 500 1701 570 Πνεῦμα
1760 501 1912 570 ἀγιον

2040 499 2179 552 sicut
2205 514 2270 554 ne
2299 500 2386 553 alii
2416 501 2632 570 quidem
2686 503 2907 572 spiritus
2933 505 3004 560 dii
3032 516 3177 562 sunt.
3215 508 3304 564 Sic
3336 524 3501 580 porro
3533 514 3616 583 ip-

343 586 565 655 καὶτῆς
605 585 770 638 αὑτοῦ
800 583 818 656 ι’
843 586 904 639 61
941 587 1004 658 bj
1035 587 1184 651 θείας
1225 589 1441 657 φύσεως
1479 591 1824 657 καθεστάναι,
1857 594 1932 656 ὡς

343 679 672 748 προελέχθη.
713 677 819 731 Καὶ
850 678 1040 753 ὥσπερ
1090 682 1446 747 ἀκούσαντες·
1483 705 1500 734 r
1524 681 1618 748 Εἷς
1651 688 1678 738 ὁ
1713 685 1871 750 Θεὸς·
1907 706 1925 736 ι

344 771 459 832 καὶ,
490 789 510 820 ι
545 768 730 840 Κυρίῳ
772 771 852 841 τῷ
892 770 1010 842 Θεῷ
1049 790 1140 826 σου
1189 777 1607 846 προσκυνήσεις,
1653 780 1744 830 καὶ
1785 780 1932 850 αὐτῷ

346 862 498 930 μόνῳ
530 860 851 932 λατρεύσεις
873 879 888 895 ο
915 882 933 914 ι
973 864 1031 930 ἐξ
1079 865 1194 917 ῐσου
1214 865 1291 936 τῷ
1309 867 1483 938 Πατρ“ι
1521 867 1653 922 Θεόν
1693 887 1749 922 τε
1785 867 1924 925 εἶναι

339 949 435 1002 τὸν
469 951 737 1020 μονογενῆ
767 950 940 1019 Λόγον
968 953 1313 1025 πιστεύομεν,
1355 959 1448 1010 καὶ
1495 961 1927 1032 προσκυνοῦμεν,

344 1041 443 1094 καὶ
470 1041 806 1113 λατρεύομεν
831 1043 981 1114 αύτῷ
1003 1061 1014 1073 ·
1046 1046 1137 1099 τὸν
1169 1046 1283 1100 ἴσον
1321 1049 1521 1118 τρόπον
1549 1053 1640 1103 καὶ
1677 1055 1804 1125 περὶ
1835 1054 1927 1108 τοῦ

351 1134 502 1200 ἁγίου
533 1135 849 1205 Πνεύματος
881 1136 1221 1208 διακείμεθα.
1246 1140 1403 1212 Αὑτῷ
1432 1141 1560 1214 γάρ,
1591 1137 1635 1212 ᾧ
1667 1149 1928 1216 προσετα-

348 1225 445 1294 18v,-
455 1242 551 1294 μεν
577 1228 636 1278 ὲν
657 1227 734 1296 τῷ
759 1228 887 1300 περὶ
908 1227 1001 1280 τοῦ
1026 1229 1302 1300 ἀφθάρτου
1331 1232 1703 1305 βαπτίσματος
1724 1237 1928 1292 δοθέντι

346 1319 473 1388 ὅρῳ,
499 1317 559 1382 ἐξ
586 1315 648 1372 οῦ
677 1320 909 1390 ἤρτηται
952 1324 983 1390 ἡ
1013 1321 1108 1391 τῆς
1142 1322 1320 1391 πάσης
1347 1327 1378 1394 ἡ
1390 1324 1505 1394 μῶν
1535 1327 1808 1392 πολιτείας
1838 1331 1929 1382 καὶ

341 1411 640 1482 θρησκείας
666 1413 1022 1477 κατάστασις,
1078 1414 1390 1469 συντάττειν
1441 1419 1577 1472 αὐτὸ
1624 1420 1701 1490 τῷ
1751 1422 1927 1492 Πατρ“ι

337 1506 432 1556 καὶ
479 1504 560 1574 τῷ
613 1505 758 1575 Υἱῷ·
807 1509 1258 1580 προσετάχθημεν
1317 1509 1412 1564 καὶ
1464 1518 1924 1584 συμπροσκυνεῖν,

335 1595 434 1647 καὶ
465 1595 810 1660 πνδοξάζειν
858 1600 1010 1665 αὐτὸ,
1061 1603 1155 1656 καὶ
1191 1603 1521 1675 λειτουργεῖν
1564 1606 1732 1677 αὐτῷ.
1775 1607 1921 1678 Αὕτη

331 1687 447 1757 γάρ
502 1689 652 1741 ἐστιν
702 1692 735 1759 ἠ
783 1691 973 1766 λογικὴ
1033 1693 1272 1766 λατρεία,
1327 1697 1392 1768 ἢν
1437 1697 1670 1770 ἔγραψεν
1717 1700 1926 1764 Παῦλος

332 1780 562 1832 τοιῶσδε
585 1799 597 1811 ·
635 1800 654 1832 ι
680 1783 797 1836 Ἵνα
837 1789 1226 1858 παραστήσητε
1274 1789 1340 1843 τὰ
1387 1790 1612 1861 σώματα
1645 1792 1798 1862 ὑμῶν
1829 1792 1923 1846 θυ-

2036 593 2110 645 sis
2136 594 2570 658 respomlendum
2600 605 2684 648 est
2713 614 2724 648 :
2756 595 2909 651 Sicut
2943 597 3082 653 Deus
3108 609 3193 654 est
3221 597 3381 655 Pater
3413 615 3518 656 non
3552 618 3620 658 eo

2033 683 2175 749 quod
2208 682 2278 735 sit
2315 681 2495 748 Pater,
2529 686 2620 739 sed
2648 687 2776 755 quia
2807 696 2890 742 est
2916 689 3110 744 divinae
3151 701 3386 758 naturae;
3412 703 3468 749 et
3525 693 3620 749 Fi-

2038 771 2144 826 lius
2170 783 2251 826 est
2287 773 2427 827 Deus
2457 791 2560 829 non
2596 791 2660 830 eo
2683 781 2824 846 quod
2879 781 2950 836 sit
3004 783 3398 854 qualiscunque
3454 789 3617 852 lilius,

2034 865 2128 918 sed
2163 865 2288 934 quia
2324 878 2406 921 est
2436 870 2527 923 Dei
2557 870 2725 926 Filius
2747 871 3009 940 Verbum,
3037 886 3091 932 et
3127 882 3442 936 necessario
3470 882 3618 951 ejus-

2033 955 2152 1008 dem
2180 957 2376 1012 divinae
2417 970 2623 1015 naturae
2651 978 2770 1016 cum
2806 963 2966 1019 Patre
2994 985 3007 1020 ε
3036 967 3114 1022 sic
3159 970 3323 1024 etiam
3380 971 3619 1042 Spiritus

2033 1053 2251 1098 sanctus
2277 1055 2356 1099 est
2388 1046 2547 1113 Deus,
2574 1066 2676 1103 non
2700 1065 2766 1106 eo
2793 1053 3114 1124 simpliciter
3137 1063 3278 1125 quod
3329 1062 3400 1116 sit
3454 1066 3619 1132 spiri-

2035 1143 2144 1198 tus,
2173 1139 2268 1192 sed
2291 1141 2416 1208 quia
2451 1154 2533 1196 est
2563 1142 2655 1197 Dei
2685 1161 2823 1201 unus
2846 1159 2900 1202 et
2930 1151 3078 1206 solus
3108 1151 3343 1218 Spiritus
3369 1167 3612 1224 sanctus,

2031 1228 2389 1300 ejusdemque
2414 1234 2611 1290 divinae
2671 1249 2877 1295 natura:
2940 1257 3061 1297 cum
3102 1245 3286 1310 Patre,
3350 1260 3405 1302 ut
3453 1262 3613 1307 antea

2030 1321 2231 1374 dictum
2256 1332 2358 1377 est.
2392 1324 2459 1378 Et
2479 1330 2930 1395 quemadmodum
2959 1349 3079 1389 cum
3099 1339 3372 1405 audimus,
3403 1360 3423 1394 ι
3462 1341 3612 1401 Unus

2031 1411 2142 1479 (ll)
2180 1413 2350 1478 Deus;
2385 1435 2404 1467 ι
2435 1429 2507 1483 ει,
2541 1437 2558 1469 ι
2595 1420 2876 1478 Dominum
2912 1425 3024 1497 (12)
3078 1428 3246 1484 Deum
3291 1443 3439 1486 tuum
3480 1435 3614 1490 ado-

2029 1502 2192 1567 rabis,
2220 1514 2275 1558 et
2326 1505 2401 1560 illi
2463 1509 2561 1563 soli
2619 1513 2839 1580 servies,
2882 1533 2901 1568 ι
2948 1519 3283 1586 unigenitum
3343 1523 3603 1592 Verbum,

2028 1610 2180 1663 reque
2209 1612 2271 1651 ac
2292 1598 2535 1664 Patrem,
2569 1603 2734 1658 Deum
2765 1623 2885 1662 esse
2926 1613 3217 1678 credimus,
3277 1627 3328 1671 et
3373 1634 3496 1674 eum
3543 1638 3610 1678 ex

2025 1700 2181 1754 aequo
2219 1687 2528 1758 adoramus,
2552 1710 2614 1748 ac
2636 1698 2684 1750 ei
2742 1702 3046 1771 servimus;
3100 1706 3170 1759 ita
3221 1709 3410 1764 eodem
3451 1713 3609 1769 modo

2027 1780 2189 1832 etiam
2215 1779 2390 1837 allecti
2419 1799 2604 1841 sumus
2639 1806 2766 1861 erga
2817 1794 3077 1865 Spiritum
3133 1814 3402 1858 sanctum.
3466 1805 3606 1861 Nam

337 1874 462 1924 ,τίαν
502 1871 702 1938 ζῶσαν,
732 1875 914 1944 ἁγίαν,
939 1879 1231 1950 εὐάρεστον
1269 1881 1346 1952 τῷ
1389 1881 1527 1954 Θεῷ,
1561 1884 1660 1953 τὴν
1703 1883 1913 1956 λογικὴι

2027 1884 2091 1924 eo
2119 1872 2235 1942 ipso
2258 1877 2398 1942 quod
2429 1877 2481 1931 in
2509 1886 2826 1953 praescripta
2859 1862 3030 1944 tnobis
3061 1892 3226 1948 divini
3262 1896 3606 1967 baptismatis

337 1963 616 2033 ⁴ιατρείιτω.
647 1985 666 2016 ι
700 1968 885 2022 Καίδν
911 1971 1130 2040 τρόπον,
1175 1972 1268 2024 τοῦ
1318 1974 1637 2029 ’Λποστόλου
1671 1976 1761 2030 τὸν
1791 1976 1923 2030 Θεὸν

335 2056 503 2126 μόνον
534 2058 696 2126 σοφόν
719 2077 776 2112 τε
803 2061 896 2114 καὶ
925 2061 1066 2133 ἔχειν
1087 2062 1384 2117 ἀθανασίαν
1408 2067 1918 2138 χρησμῳδῆσαντος,

338 2147 670 2218 πιστεύομεν
722 2151 940 2205 καὶτὸν
993 2152 1118 2206 Υίὺν
1162 2157 1362 2225 ὁμοίως
1418 2155 1561 2226 ἔχειν
1598 2158 1919 2226 ἀθανασίαν,

334 2242 431 2292 καὶ
459 2235 602 2294 εἶναι
633 2242 813 2311 σοφὸν,
857 2244 951 2298 ἅτε
979 2246 1395 2315 ἀπαράλλακτον
1425 2252 1548 2303 κατ’
1569 2250 1756 2306 οὐσίαν
1789 2251 1918 2306 ὄντα

340 2331 414 2402 τῷ
445 2333 639 2402 πατρὶ,
676 2338 772 2388 καὶ
799 2336 970 2404 Λόγον
998 2337 1187 2404 αὐτοῦ,
1235 2342 1329 2394 καὶ
1387 2341 1532 2412 ζωὴν
1577 2343 1814 2410 αἰώνιον,
1843 2344 1918 2409 ὡς

341 2425 560 2495 γράφει,
595 2427 905 2498 ὑπάρχοντα
924 2447 937 2460 ο
966 2428 1137 2494 οὕτως
1159 2432 1252 2485 καὶ
1277 2433 1404 2503 περὶ
1436 2433 1529 2486 τοῦ
1560 2435 1716 2502 ἁγίου
1749 2437 1917 2490 Πνεύ-

332 2534 530 2586 ματος.
569 2518 643 2570 Οὐ
675 2519 786 2589 γάρ
806 2520 946 2574 κατά
973 2523 1150 2594 χάριν,
1187 2524 1304 2594 ἦτοι
1325 2525 1492 2588 δόσιν,
1529 2525 1638 2596 ἔχει
1661 2527 1759 2599 τὴν
1785 2529 1916 2581 ἀθα‹

333 2608 530 2660 νασίαν
581 2610 676 2662 καὶ
705 2611 914 2678 σοφίαν,
949 2612 1148 2683 ὁμοίως
1191 2613 1299 2666 τῶν
1334 2614 1720 2686 λειτουργικῶν
1756 2636 1916 2670 πνευ-

333 2701 557 2768 μάτων·
613 2700 749 2755 ἀλλά
781 2703 939 2771 φύσει
981 2705 1274 2778 κέκτηται·
1317 2707 1540 2778 Πνεῦμα
1584 2709 1692 2781 γὰρ
1726 2712 1914 2779 σοφίας

330 2791 500 2844 ἐστίν.
541 2793 841 2865 Τοιγαροῦν
894 2797 1218 2867 γέγραπται,
1253 2800 1326 2862 ὡς
1367 2817 1385 2850 ι
1432 2800 1619 2864 Οὐδεὶς
1659 2801 1914 2869 γινώσκει

328 2891 395 2942 τὰ
434 2890 528 2943 τοῦ
563 2893 726 2961 μόνου
774 2893 956 2962 σοςροῦ,
1003 2896 1050 2946 εί
1098 2896 1172 2965 μὴ
1218 2896 1278 2948 τὸ
1311 2896 1535 2967 Πνεῦμα
1578 2897 1764 2954 αὑτοῦ.
1801 2918 1818 2950 ι
1852 2900 1914 2952 Et

326 2985 437 3054 γὰρ
456 2984 683 3054 δοίησαν
713 2986 784 3056 μὴ
810 2985 978 3038 ταῦτα
1000 2985 1171 3051 οὕτως
1190 2987 1352 3057 ἔχειν,
1380 2989 1411 3059 ἦ
1440 2990 1913 3061 παρακρούσονται

325 3075 414 3124 τοι)
436 3073 574 3125 Θεὸν
615 3074 808 3142 Λόγον,
840 3075 872 3145 ἢ
911 3077 1061 3147 παρὰ
1093 3077 1193 3139 τὰς
1227 3077 1264 3128 Γ
1273 3077 1447 3148 ραφὰς
1479 3078 1687 3142 δόξουσι
1718 3083 1909 3134 ποιεῖν.

323 3163 401 3232 Τῇ
434 3163 547 3234 γὰρ
596 3165 654 3216 ὲν
705 3167 804 3235 μιᾷ
843 3165 1065 3238 Θεότητι
1116 3166 1306 3240 Τριάδι
1357 3167 1416 3220 οὐ
1463 3174 1808 3224 σοντάττεταί
1838 3187 1909 3230 τι,

323 3253 449 3308 οὔτε
482 3256 552 3309 τὰ
584 3259 871 3328 πνεύματα
910 3259 996 3312 διὰ
1028 3260 1088 3312 τὸ
1129 3260 1427 3331 κεκλῆσθαι
1459 3261 1765 3331 πνεύματα,
1807 3262 1910 3314 κᾶν

334 3345 410 3413 μὴ
442 3347 511 3398 τὰ
541 3347 746 3417 βέϐηλα
795 3350 1064 3419 εἴποιμεν,
1118 3350 1240 3404 οὔτε
1297 3353 1346 3404 οἱ
1395 3353 1669 3422 ἄνθρωποι
1720 3352 1805 3405 διὰ
1851 3353 1911 3405 τὸ

335 3435 632 3502 κεκλῆσθαι
663 3437 806 3491 θεοί’
829 3439 890 3491 οὐ
927 3441 1036 3510 γάρ
1062 3441 1228 3510 ἐσμεν
1262 3444 1326 3512 τῇ
1351 3441 1597 3512 ἀληθείᾳ.
1631 3441 1694 3495 El
1721 3441 1775 3495 δὲ
1813 3444 1911 3496 οὐκ

335 3525 595 3594 οξηθῶσιν
615 3529 946 3582 ἀντιπίπτειν
990 3531 1172 3595 αὐτοῖς
1194 3532 1272 3595 τὸ,
1309 3551 1325 3582 ι
1350 3533 1509 3602 Μόνῳ
1533 3531 1632 3603 [62
1663 3551 1693 3584 a
1716 3530 1734 3602 ]
1764 3533 1911 3602 σοφῷ

336 3616 490 3686 θεῷ·
529 3637 546 3668 ι
575 3621 680 3683 καὶ,
719 3642 735 3673 ι
761 3623 940 3685 Μόνος
970 3621 1107 3692 ἔχων
1137 3623 1430 3677 ἀθανασίαν
1451 3641 1463 3653 ·
1499 3643 1517 3675 ι
1557 3624 1616 3677 οὐ
1654 3624 1905 3693 δυνήσον-

333 3725 424 3760 ται
455 3710 550 3762 ἀπ⁹
590 3712 797 3776 οὐδενὸς
851 3712 912 3776 ἐξ
968 3713 1210 3776 ἐναντίας
1251 3714 1343 3766 τοῦ
1379 3714 1533 3782 ἁγίου
1593 3713 1905 3784 Πνεύματος

328 3802 809 3869 κατασοφίζεσθαι.
844 3803 1029 3857 Ταῦτα
1068 3804 1176 3875 γὰρ
1221 3803 1395 3867 οὕτως
1430 3804 1534 3857 ὑπὸ
1571 3803 1785 3856 Παύλου
1814 3805 1905 3875 ἑρ-

321 3892 490 3962 ᾠήθη,
529 3893 616 3945 διὰ
639 3894 702 3946 τὸ
735 3895 827 3948 τοῦ
871 3895 1004 3948 Θεοῦ
1059 3897 1228 3964 Λόγον
1261 3895 1358 3966 μὲν
1385 3895 1476 3948 τὸν
1502 3894 1650 3959 Υίὸν,
1680 3895 1904 3966 Πνεῦμα

316 3984 374 4036 δὲ
408 3986 470 4037 τὸ
502 3986 661 4054 ἆγιον
692 3988 915 4058 Πνεῦμα
937 3990 1244 4059 τυγχάνειν,
1272 3989 1367 4042 καὶ
1396 3989 1711 4059 ἀχωρίστως
1737 3989 1900 4043 αὑτοῦ

319 4077 465 4144 ἔχειν
493 4079 640 4131 κατά
659 4079 757 4150 τὴν
779 4082 957 4149 φύσιν,
976 4082 1068 4134 καὶ
1088 4083 1165 4142 είς
1185 4081 1311 4150 μίαν
1335 4079 1628 4149 ἀνάγεσθαι
1649 4079 1898 4152 θεότητα,

316 4167 394 4228 ὡς
423 4170 520 4222 καὶ
540 4171 696 4240 παρά
722 4175 832 4235 τοῖς
861 4172 964 4239 ἔξω
990 4171 1206 4240 λέγεται
1224 4186 1238 4201 ο

2026 1961 2278 2030 formula,
2307 1982 2371 2020 ex
2389 1984 2493 2038 qua
2534 1973 2698 2028 totius
2731 1987 2926 2034 nostra:
2952 1981 3173 2051 politiae,
3230 1997 3283 2040 et
3329 1961 3605 2058 religionis

2023 2057 2339 2114 constitutio
2366 2062 2585 2131 pendet,
2610 2080 2731 2120 eum
2755 2069 3023 2128 collocare
3060 2089 3183 2130 cum
3215 2077 3397 2144 Patre,
3435 2057 3484 2137 et
3515 2081 3604 2137 Fi-

2022 2143 2094 2198 lio
2119 2144 2261 2214 jussi
2291 2151 2645 2221 sumus,jussi
2677 2157 2839 2214 etiam
2867 2175 3053 2218 sumus
3081 2179 3207 2220 eum
3258 2168 3418 2224 simul
3467 2173 3601 2228 ado-

2023 2253 2163 2302 rare,
2196 2251 2256 2294 et
2289 2241 2616 2313 gloriﬁcare,
2667 2251 2824 2320 eique
2883 2253 3227 2325 obsequium,
3258 2271 3340 2316 .et
3397 2263 3600 2322 cultum

2018 2333 2291 2389 exhibere.
2335 2335 2447 2392 Hoc
2475 2341 2618 2394 enim
2649 2352 2730 2398 est
2763 2345 3082 2405 rationabile
3114 2352 3456 2424 obsequium,
3509 2359 3598 2413 hic

2018 2424 2226 2491 cultus,
2275 2425 2341 2478 de
2391 2442 2498 2497 quo
2562 2430 2636 2486 ita
2687 2436 2901 2505 scripsit
2965 2438 3216 2498 Paulus:
3291 2464 3310 2497 ι
3358 2446 3426 2503 Ut
3481 2448 3596 2521 (13)

2017 2517 2318 2572 exhibeatis
2361 2533 2586 2589 corpora
2643 2524 2801 2597 140
2836 2539 3010 2585 vestra
3036 2533 3268 2590 hostiam
3305 2517 3595 2610 viventem,

2016 2615 2283 2671 sanctam,
2319 2609 2428 2664 Deo
2450 2611 2770 2681 placentem,
2811 2621 3128 2679 rationabile
3153 2627 3471 2698 obsequium
3502 2609 3597 2702 (si-

2018 2709 2082 2749 ve
2114 2697 2360 2767 cultum).
2400 2719 2421 2753 ι
2457 2701 2522 2756 Ει
2547 2707 3000 2772 quemadmodum
3047 2716 3151 2770 etsi
3178 2697 3374 2776 Paulus
3425 2697 3594 2778 Deum

2016 2789 2188 2844 solum
2230 2793 2525 2860 sapientem
2567 2799 2678 2869 (14)
2707 2815 2847 2870 esse,
2894 2813 2948 2860 et
2977 2820 3101 2862 eum
3161 2810 3335 2865 solum
3379 2814 3595 2874 immor-

2017 2879 2275 2938 talitatem
2306 2885 2506 2943 habere
2537 2887 2650 2962 (15)
2694 2892 2856 2961 dicat,
2909 2895 3104 2954 Filium
3139 2908 3319 2958 tamen
3375 2919 3591 2979 quoque

2015 2972 2280 3039 similiter,
2322 2987 2510 3046 utpote
2545 2982 2634 3050 qui
2669 2981 2814 3038 Patri
2838 2984 2955 3042 sine
2997 2989 3106 3045 ullo
3156 2972 3472 3053 discrimine
3495 3017 3592 3056 na-

2018 3071 2136 3118 tura
2163 3066 2355 3125 similis
2379 3081 2486 3139 est,
2525 3085 2580 3127 et
2605 3075 2840 3134 Verbum
2887 3079 3051 3151 illius,
3107 3093 3161 3140 et
3203 3087 3310 3142 vita
3362 3102 3588 3158 aeterna,

2016 3166 2076 3211 ut
2134 3157 2426 3230 Scriptura:
2473 3165 2624 3220 aiunt
2674 3169 2808 3242 (16),
2842 3174 3079 3241 exsistit,
3128 3157 3588 3241 immortalitatem

2019 3249 2239 3317 habere,
2266 3263 2320 3308 et
2349 3256 2648 3324 sapientem
2683 3261 2808 3318 esse
2831 3268 3099 3326 credimus
3135 3286 3154 3324 :
3203 3273 3282 3329 sic
3307 3277 3468 3331 etiam
3523 3280 3589 3334 de

2020 3341 2225 3410 Spiritu
2250 3357 2440 3403 Sancto
2465 3350 2605 3405 idem
2655 3354 2946 3414 dicendum
3001 3371 3103 3417 est.
3156 3362 3267 3421 Nec
3313 3368 3458 3423 enim
3518 3386 3587 3425 ex

2016 3435 2209 3502 gratia,
2243 3448 2336 3492 aut
2360 3455 2427 3493 ex
2455 3442 2745 3500 donatione
2770 3448 3232 3522 immortalitatem
3276 3473 3340 3512 ac
3371 3462 3586 3530 sapien-

2019 3526 2143 3579 tiam
2174 3530 2333 3586 habet
2368 3534 2538 3589 instar
2567 3537 2941 3596 famulantium
2969 3545 3276 3614 spirituum,
3302 3553 3396 3606 sed
3428 3526 3585 3608 natu-

2013 3634 2091 3686 ra;
2116 3631 2200 3675 est
2226 3624 2368 3678 enim
2403 3625 2639 3697 Spiritus
2685 3633 2999 3702 sapientiai:
3045 3654 3152 3706 qua
3194 3641 3259 3696 de
3284 3659 3446 3699 causa
3494 3647 3582 3701 in-

2009 3712 2127 3780 quit
2185 3713 2485 3785 Scriptura,
2525 3739 2545 3772 ι
2601 3721 2880 3781 Neminem
2937 3729 3050 3800 (ΓΙ)
3101 3746 3257 3788 nosse
3301 3750 3421 3805 qua:
3456 3750 3583 3794 sunt

2009 3803 2176 3860 solius
2199 3808 2480 3876 sapientis,
2517 3813 2620 3868 nisi
2664 3815 2924 3886 Spiritum
2965 3822 3128 3877 illius.
3165 3844 3183 3874 ι
3207 3803 3358 3881 Nam
3398 3829 3441 3883 si
3467 3831 3581 3886 haec

2010 3893 2083 3946 ita
2108 3909 2166 3949 se
2197 3897 2398 3954 habere
2430 3917 2534 3956 non
2569 3910 2942 3964 concesserint
2971 3913 3102 3984 (l8),
3124 3926 3217 3970 aut
3251 3919 3417 3973 Deum
3448 3921 3580 3976 Ver-

2008 3984 2134 4039 bum
2171 3989 2552 4058 repudiabunt,
2611 4005 2704 4049 aut
2760 3997 3059 4069 Scripturis
3113 4008 3383 4063 adversari
3425 4010 3576 4066 vide-

2009 4077 2227 4134 buntur.
2257 4080 2390 4136 Nam
2427 4083 2499 4148 ei,
2530 4101 2651 4156 quae
2681 4088 2734 4143 in
2767 4106 2870 4144 una
2920 4091 3128 4152 Deitate
3177 4109 3278 4164 est,
3325 4099 3577 4157 Trinitati

2007 4170 2153 4224 nulla
2186 4187 2272 4228 res
2293 4177 2516 4245 aequalis
2539 4180 2644 4236 dici
2680 4191 2889 4251 potest:
2924 4201 3098 4257 neque
3153 4191 3374 4260 spiritus
3424 4193 3575 4248 scili-

317 4269 428 4322 cet,
457 4276 524 4314 ex
552 4261 782 4328 ecquod
810 4261 1031 4329 spiritus
1060 4260 1232 4315 vocati
1265 4259 1392 4322 sint,
1417 4260 1468 4313 in
1515 4261 1702 4318 eodem
1763 4277 1881 4316 cum
1923 4261 2038 4331 ipsa
2072 4264 2244 4332 gradu
2302 4265 2655 4334 collocantur,
2712 4278 2960 4344 quamvis
3011 4281 3078 4334 de
3126 4282 3421 4338 immundis
3460 4285 3574 4356 spi-

320 4355 519 4407 ritibus
543 4369 647 4408 nan
680 4354 1005 4424 loquamur;
1055 4368 1227 4424 neque
1276 4369 1372 4408 nos
1415 4355 1682 4421 homines,
1708 4371 1774 4411 ex
1835 4370 1900 4410 eo
1938 4356 2080 4425 quod
2109 4357 2184 4411 dii
2214 4362 2506 4431 nuncupati
2564 4363 2845 4434 fuerimus,
2909 4371 3054 4427 illam
3101 4389 3415 4445 aequamus;
3474 4392 3575 4432 nec

317 4450 465 4502 enim
493 4448 565 4502 dii
597 4464 784 4503 revera
811 4465 1014 4504 sumus.
1087 4450 1146 4505 Si
1203 4465 1330 4504 vero
1372 4450 1492 4504 illos
1540 4450 1890 4520 sibimetipsis
1931 4450 2205 4506 adversari
2264 4469 2370 4508 non
2438 4458 2739 4528 opinemur,
2779 4464 2928 4532 illud,
2957 4485 2975 4516 r
3011 4467 3119 4521 Soli
3165 4468 3278 4540 (l9)
3338 4471 3571 4540 sapienti

321 4541 455 4604 Deo,
495 4561 516 4594 ο
582 4552 637 4596 ει
676 4541 824 4605 illud,
896 4560 916 4593 ι
974 4541 1130 4596 Solus
1177 4540 1288 4613 (ΞΟ)
1335 4542 1540 4597 habens
1585 4540 2070 4606 immortalitatem,
2126 4561 2146 4594 ι
2214 4558 2320 4598 non
2373 4557 2628 4615 paterent
2709 4551 2817 4606 ullo
2883 4557 3042 4612 modo
3091 4570 3279 4614 contra
3334 4559 3572 4630 Spiritus

316 4635 492 4688 sancti
521 4633 786 4687 Deitatem
819 4634 1056 4701 captiose
1077 4632 1332 4703 obiicere.
1362 4633 1495 4687 Nam
1539 4635 1652 4687 haec
1687 4649 1716 4687 a
1743 4631 1908 4687 Paulo
1926 4631 2046 4688 ideo
2105 4634 2247 4689 dicta
2316 4646 2461 4703 sunt,
2525 4641 2652 4710 quia
2683 4641 2778 4698 Dei
2809 4643 3042 4701 Verbum
3070 4649 3291 4718 quidem
3338 4662 3426 4708 est
3478 4653 3569 4710 Fi-

318 4727 444 4789 lius,
472 4725 566 4779 Dei
599 4734 778 4780 autem
804 4723 1038 4793 Spiritus
1067 4733 1150 4779 est
1189 4726 1423 4796 Spiritus
1445 4733 1686 4790 sanctus,
1709 4734 1765 4779 et
1813 4725 1951 4780 binm
1983 4725 2300 4794 hypostases
2364 4729 2481 4785 ista:
2539 4742 2729 4787 natura
2765 4733 2906 4790 idem
2966 4752 3088 4792 eum
3113 4739 3230 4811 ipso
3260 4752 3386 4799 sunt
3411 4786 3426 4811 ,
3490 4756 3565 4800 at-

311 4834 422 4889 que
457 4819 510 4872 in
540 4833 698 4870 unam
732 4817 1036 4873 coalescunt
1071 4817 1358 4872 deitatem:
1386 4819 1526 4873 sicut
1557 4819 1718 4872 etiam
1749 4817 1888 4887 apud
1927 4817 2172 4872 ethnicos
2202 4817 2316 4888 (2|)
2347 4821 2582 4879 dicitur:

387 4909 495 4976 Εἷς
564 4909 708 4977 Θεὸς
774 4908 1156 4979 αὐτοπάτωρ,
1234 4909 1302 4974 ἐξ
1360 4905 1430 4965 οὗ
1499 4908 1638 4997 τρίδε
1698 4911 1894 4964 πάντα

2021 4905 2148 4963 Inus
2178 4911 2342 4980 Deus,
2389 4916 2740 4983 suimelipsius
2799 4930 2953 4997 pater.
2993 4921 3128 4997 (22),
3195 4941 3260 4978 ex
3312 4943 3415 4997 quo
3453 4931 3566 4987 hare

1617 4997 1811 5033 νοντΟ.

1617 4997 1811 5033 νοντΟ.

393 5067 485 5132 Ὠς
521 5069 701 5121 τοίνυν
745 5067 874 5140 περὶ
917 5067 1010 5121 τοῦ
1068 5068 1281 5141 Πατρὸς
1326 4979 1885 5139 Παῦλοὲγξωμαίοις,

380 5245 496 5332 (ει)
526 5244 695 5332 [ἔειπες
735 5245 937 5332 Ερυθῇ
968 5262 1040 5332 ιγρ
1067 5245 1121 5311 δν
1157 5255 1209 5300 ει
1233 5246 1356 5332 alibi
1390 5246 1602 5332 ξερέυε-
1718 5325 1722 5328 .
1765 5321 1795 5332 ..
1831 5323 1841 5332 .

381 5316 492 5386 (12)
539 5315 1073 5399 υτοτζιὶηιιῆιᾼιιιριι,
1115 5333 1187 5381 tv,
1236 5317 1455 5399 10,“ubi
1486 5317 1672 5399 Graeca
1714 5321 1880 5399 editio

309 5385 483 5458 habet
516 5406 530 5441 :
561 5386 780 5458 ,Κύριον
823 5385 916 5458 τὸν
971 5387 1102 5440 Θεόν
1160 5403 1275 5440 σου.
1322 5386 1455 5441 Vide
1506 5390 1669 5442 etiam
1725 5391 1875 5447 Deut.

308 5474 384 5514 γι,
429 5457 521 5521 l5;
557 5457 680 5511 inde
703 5459 851 5511 enim
883 5457 1032 5511 locus
1057 5459 1142 5511 hic
1170 5460 1516 5524 depromptus
1539 5467 1620 5512 est
1651 5477 1664 5513 :
1701 5462 1771 5514 ibi
1802 5472 1879 5516 ta-

308 5526 1023 5616 ιιιειέηίεεξιιιτηφοὸηθήσῃ,1
1165 5529 1594 5616 πρρσκυνήσειςκ
1796 5600 1853 5616 ἢ.

381 5597 493 5671 (ίᾷ)
524 5596 631 5671 _Ut.
664 5596 834 5654 Rom.
871 5596 968 5659 xu,
1004 5597 1052 5650 1.
1087 5596 1317 5671 Ρτοίνα
1347 5596 1755 5671 παραστήσητε,
1795 5600 1882 5656 Bi-

307 5664 425 5738 blia
450 5667 648 5738 habent
679 5676 908 5728 tantum,
950 5667 1319 5738 παραστῆσαι.

408 5736 492 5803 Η)
532 5735 855 5804 Sapientem.
896 5738 917 5789 Ι
967 5735 1108 5793 Trin.
1139 5735 1291 5802 1,17.

411 5807 491 5878 l5)
531 5803 808 5863 ﬂebam!
848 5803 986 5862 Tim.
1031 5823 1105 5874 vr,
1141 5809 1218 5863 lli.

2945 4989 3144 5061 [omnia
3164 4989 3495 5058 exstiterunt.

1996 5072 2144 5128 Sicut
2180 5076 2340 5143 igitur
2362 5078 2428 5132 de
2478 5078 2636 5135 Patre
2682 5080 2880 5139 Paulus
2940 5086 3007 5140 ad
3028 5085 3321 5159 Romanos,
3350 5093 3416 5148 ad
3459 5092 3562 5149 Ga-

2056 5257 2166 5328 (l6)
2203 5259 2387 5328 Aiunt.
2421 5260 2439 5314 Ι
2468 5260 2624 5316 Joan.
2653 5275 2703 5328 ν,
2734 5261 2824 5316 20.

2084 5327 2164 5394 Π)
2209 5327 2501 5384 Neminem.
2537 5327 2707 5385 lCor.
2741 5349 2801 5394 tt,
2841 5334 2930 5387 11.

2207 5397 2586 5479 ροηεεξεε-ιςίηι.
2622 5401 2765 5479 Legg
2792 5403 3010 5479 δοίησαν
3044 5421 3143 5477 pro
3169 5409 3317 5479 δοίης
3349 5411 3436 5465 ἄν.

2207 5468 2340 5545 Soli.
2377 5470 2394 5523 1
2607 5486 2647 5539 ε,
2691 5467 2777 5540 Π,
2819 5467 3076 5533 ειῚίυιιί.
3117 5495 3229 5545 xvr,
3265 5467 3358 5533 Ξῖ.

2057 5537 2168 5607 (20)
2210 5540 2386 5593 Solus.
2425 5541 2446 5593 Ι
2484 5537 2730 5607 Τίιηζνι,
2763 5537 2856 5598 ⁷16.

2209 5608 2487 5686 Igtlmicos.
2513 5609 2645 5686 Vide
2675 5623 2786 5686 not.
2820 5614 2911 5680 50,
2949 5631 3070 5686 pag.
3115 5617 3184 5672 69

2058 5677 2198 5757 (2‘2L
2212 5677 2392 5757 Pater.
2428 5679 2560 5757 Vide
2586 5697 2704 5750 quae
2719 5685 2785 5739 de
2807 5677 2964 5757 Avoee'
2980 5677 3382 5757 αῦιιογὲνεθλος,
3405 5690 3558 5746 aliis-
3596 5706 3607 5716 ν·

1985 5762 2088 5817 que
2117 5747 2362 5806 amnibus
2401 5747 2724 5810 adnotainus
2753 5755 2818 5810 ad
2847 5769 3017 5818 senm.
3050 5747 3152 5814 ΗΞ)
3183 5757 3235 5814 b.
