4104 6408
536 342 644 399 ιθὸ

1808 343 2044 399 DIDVMI
2080 341 2552 397 ALEXANDRI'NI

3666 349 3758 406 tot}

537 464 675 517 latas
707 467 762 515 et
816 457 887 513 ad
935 456 1276 514 Timotheum
1335 456 1448 529 (25)
1496 456 1737 512 scribens
1777 459 1873 524 ait,
1905 478 1922 510 ‹
1964 457 2106 514 Unus

2213 458 2477 523 Γαλάταις
2529 457 2622 512 καὶ
2664 457 2911 527 Τιμοθέῳ
2958 458 3262 528 γέγραφεν
3315 453 3452 522 (Εἷς
3495 461 3521 514 6
3555 462 3696 526 Θεός·
3739 485 3756 518 ›

541 556 702 620 Deus;
737 571 755 605 ι
795 553 874 607 sic
904 552 969 607 de
997 550 1135 630 Filio
1159 551 1372 620 quidem
1393 548 1629 604 Joannes
1657 550 1823 604 dixit:
1862 569 1881 602 ι
1909 550 2112 620 υιιῑεοο

539 648 684 701 nitus
707 643 820 714 (24)
858 643 1019 709 Deus,
1054 643 1144 712 qui
1181 643 1337 698 estin
1359 643 1570 698 sinibus
1589 640 1797 696 Patris:
1839 660 1858 693 ι
1895 642 1962 695 de
1993 641 2114 710 Spi-

539 739 645 794 ritu
677 747 868 793 sancto
931 748 1108 790 autem
1153 735 1350 791 Paulus
1395 737 1462 790 ad
1513 734 1827 790 Corinthios
1868 735 2113 788 scribens

539 831 760 885 docuit:
794 847 816 881 ι
851 829 1020 883 Alteri
1037 828 1148 897 (25)
1189 826 1342 899 14],
1378 837 1554 882 autem
1595 827 1734 880 dona
1772 825 2109 879 curationum

540 922 592 975 in
618 935 725 974 uno
765 920 1007 989 Spiritu;
1047 937 1064 970 ι
1101 935 1223 971 nam
1282 918 1460 971 unitas
1518 918 1731 985 propria
1785 925 1870 970 est
1916 916 2114 969 divina:

538 1022 594 1066 et
621 1011 1123 1081 immultiplicahilis
1149 1019 1373 1063 naturae.
1403 1008 1469 1063 Et
1489 1009 1628 1063 sicut
1679 1010 1940 1078 scriptum
2005 1019 2110 1072 εει,

538 1103 733 1158 Filium
767 1103 1003 1172 genitum
1025 1116 1144 1158 esse
1183 1100 1318 1171 (26),
1357 1111 1408 1155 et
1442 1100 1552 1170 ipse
1589 1101 1640 1153 id
1682 1107 1942 1154 attestans
1997 1098 2109 1165 ait,

544 1215 562 1248 ι
603 1196 712 1266 Ego
747 1195 858 1264 (27)
895 1195 1106 1250 al’atre
1142 1193 1315 1258 exivi;
1353 1211 1371 1245 ι
1415 1193 1486 1245 ita
1512 1190 1773 1259 scriptum
1814 1201 1916 1253 est,
1947 1201 2001 1246 et
2031 1191 2112 1259 ip-

539 1299 707 1341 semet
739 1288 908 1340 dixit:
943 1307 959 1336 ι
990 1285 1248 1354 Spiritum
1279 1282 1390 1353 (28)
1417 1283 1681 1346 veritatis,
1735 1282 1826 1350 qui
1881 1297 1912 1336 a
1958 1280 2112 1335 Patre

537 1380 802 1449 procedit,
835 1395 854 1430 ι
890 1387 980 1432 aut
1019 1376 1302 1447 processit.
1332 1375 1398 1430 Et
1448 1375 1588 1428 sicut
1640 1371 1812 1427 Filius
1861 1386 1984 1427 eum
2041 1373 2112 1426 sit

538 1473 680 1526 Deus
753 1481 810 1527 et
883 1471 1172 1534 Dominus,
1240 1479 1323 1524 est
1381 1477 1558 1522 tamen
1630 1468 1720 1522 Dei
1786 1477 1839 1522 et
1901 1468 2109 1522 Domini

538 1564 751 1628 Filius,
821 1565 902 1619 sic
974 1562 1207 1632 Spiritus
1270 1570 1488 1615 sanctus
1543 1560 1643 1612 etsi
1702 1559 1772 1614 sit
1843 1559 1982 1613 Deus
2057 1569 2113 1612 et

540 1658 818 1722 Dominus,
887 1667 969 1711 est
1035 1666 1210 1709 tamen
1285 1653 1376 1707 Dei
1457 1662 1511 1707 et
1577 1651 1783 1706 Domini
1853 1649 2104 1720 Spiritus.

544 1748 612 1802 Et
661 1745 1113 1818 quemadmodum
1177 1744 1411 1797 Verbum
1485 1743 1681 1797 dicitur
1734 1743 1787 1796 in
1865 1742 2111 1810 Scriptu-

2215 547 2379 613 οὕτω,
2419 550 2548 620 περὶ
2582 550 2680 620 μὲν
2717 549 2811 602 τοῦ
2854 549 2982 602 Υίοῦ
3019 550 3270 622 Ἰωάννης
3300 547 3450 605 εἶπεν
3479 569 3493 583 ’
3537 574 3554 606 t
3599 557 3652 609 ὐ
3677 577 3760 628 μο-

2215 641 2437 711 νογενὴς
2486 641 2639 703 Θεὸς,
2667 643 2695 693 6
2733 641 2808 693 ὢν
2851 643 2907 693 ἐν
2940 643 3049 705 τοῖς
3099 642 3315 707 κόλποις
3352 644 3445 696 τοῦ
3487 647 3711 720 Πατρόςο
3741 670 3758 701 ι

2217 732 2343 801 περὶ
2373 730 2426 782 δὲ
2449 729 2541 783 τοῦ
2572 731 2726 799 ἁγίου
2754 731 3066 808 Πνεῦματος
3099 731 3304 794 Παῦλος
3352 734 3641 803 Κορινθίοις
3669 735 3764 788 ἐδί-

2213 823 2404 886 δαξεν
2450 842 2467 874 ι
2506 823 2682 892 Ἀλλῳ
2722 821 2777 874 δὲ
2832 823 3143 892 χαρίσματα
3195 822 3437 892 ἰαμάτων
3481 825 3535 876 ὲν
3584 824 3654 894 τῷ
3692 828 3765 880 ἑνὶ

2215 914 2522 984 Πνεῦματι·
2563 933 2580 965 ι
2609 914 2670 966 τὸ
2713 913 2821 984 γάρ
2864 916 3060 965 ὲνιαῖον
3103 913 3204 982 τῆς
3259 915 3404 978 θείας
3471 916 3560 968 καὶ
3604 917 3765 986 ἀπλη-

2214 1006 2404 1060 θύντου
2440 1006 2651 1078 ιρυσεως
2689 1007 2834 1060 ἴδιον.
2892 1006 3002 1060 Καὶ
3035 1005 3176 1059 καθὰ
3227 1007 3461 1076 ἐγράφη,
3497 1007 3575 1060 ὅτι
3603 1010 3631 1060 6
3654 1009 3766 1072 Υἱὸς

2215 1099 2500 1170 ἐγεννήθη,
2559 1099 2654 1153 καὶ
2699 1099 2993 1171 μαρτυρῶν
3038 1099 3216 1166 λέγει’
3258 1118 3274 1148 t
3318 1099 3457 1166 Ἐγὼ
3505 1101 3646 1171 παρὰ
3683 1100 3767 1152 τοῦ

2215 1193 2426 1264 Πατρὸς
2456 1192 2677 1262 ἐξῆλθον
2703 1207 2716 1222 ·
2754 1210 2772 1242 ι
2803 1190 2974 1255 οὕτως
3001 1193 3236 1263 ἐγράφη,
3257 1192 3350 1244 καὶ
3373 1195 3400 1244 6
3427 1192 3582 1256 αὐτὸς
3611 1189 3765 1244 εἶπεν·

2219 1302 2237 1334 ι
2281 1285 2354 1336 Τὸ
2392 1284 2614 1352 Πνεῦμα
2649 1283 2749 1354 τῆς
2805 1283 3083 1354 ἀληθείας,
3138 1284 3166 1336 ὃ
3224 1285 3377 1354 παρὰ
3423 1285 3516 1338 τοῦ
3575 1284 3770 1354 Πατρὸς

2213 1374 2591 1447 ἐκπορεύεται,
2628 1394 2644 1426 ι
2681 1377 2842 1446 ῆτουν
2865 1375 3217 1448 ὲξεπορεύθη.
3253 1378 3364 1430 Καὶ
3395 1376 3580 1448 ὥσπερ
3606 1379 3633 1429 6
3655 1376 3769 1438 Υἱὸς

2212 1465 2342 1529 Θεὸς
2383 1465 2475 1518 καὶ
2515 1465 2718 1537 Κύριος
2769 1464 2864 1529 ὢν,
2915 1465 3008 1519 τοῦ
3067 1466 3203 1520 Θεοῦ
3258 1469 3351 1521 καὶ
3394 1468 3591 1538 Κυρίου
3639 1467 3770 1520 ἐστὶν

2214 1559 2366 1622 Υἱός’
2399 1559 2540 1612 οὕτω
2581 1560 2640 1612 τὸ
2679 1559 2831 1628 ἅγιον
2875 1559 3121 1631 Πνεῦμα,
3157 1561 3288 1625 Θεὸς
3331 1563 3425 1615 καὶ
3457 1562 3652 1632 Κύριος
3682 1561 3767 1626 ὢν,

2211 1650 2303 1703 τοῦ
2339 1651 2472 1704 Θεοῦ
2507 1652 2600 1705 καὶ
2647 1652 2851 1723 Κυρίου
2895 1653 3042 1706 ἐστὶν
3075 1653 3316 1722 Πνεῦμα.
3363 1657 3473 1708 Kal.
3504 1655 3561 1707 ὃν
3589 1654 3771 1722 τρόπον

2213 1740 2385 1809 Λόγος
2414 1741 2722 1812 γέγραπται
2758 1744 2787 1796 6
2813 1742 2936 1804 Υἱὸς
2969 1742 3056 1796 διὰ
3089 1744 3149 1795 τὸ
3176 1747 3538 1816 συνυπάρχειν
3564 1744 3638 1814 τῷ
3667 1746 3770 1796 [Ια-

539 1842 615 1894 ris
633 1840 820 1906 Filius,
845 1841 967 1908 quia
993 1837 1267 1893 coexsistit
1303 1835 1482 1898 Patri;
1525 1837 1713 1890 eodem
1747 1835 1904 1890 modo
1946 1835 2106 1888 etiam

2213 1833 2322 1903 τρί’
2354 1833 2443 1886 τὸν
2475 1833 2635 1886 αὑτὸν
2659 1834 2858 1906 τρόπον
2891 1833 2982 1886 καὶ
3033 1833 3094 1886 τὸ
3127 1833 3280 1902 ἆγιον
3311 1837 3537 1907 Πνεῦμα
3582 1836 3771 1905 γέγραη

541 1932 771 2002 Spiritus
817 1940 1034 1986 sanctus
1080 1938 1304 1984 vocatus
1353 1928 1509 1980 estin
1567 1925 1844 1994 Scriptura
1895 1924 2104 1978 Dictum

541 2023 631 2076 Dei
664 2023 797 2093 (29),
821 2031 873 2076 et
906 2021 1138 2090 Spiritus
1166 2021 1276 2075 oris
1309 2020 1419 2090 (30)
1445 2019 1584 2087 ejus,
1618 2029 1672 2072 et
1700 2017 1882 2072 Flatus
1929 2015 2106 2070 Omni-

539 2119 775 2187 pmentis
798 2117 934 2186 (3|),
962 2117 1088 2184 quia
1122 2114 1282 2168 simul
1305 2130 1426 2168 cum
1454 2114 1542 2167 illo
1563 2113 1864 2166 subsistens
1919 2124 1986 2164 ex
2042 2125 2108 2163 eo

539 2209 747 2263 eluxit:
775 2223 842 2262 ne
877 2207 1050 2276 ipsqu
1085 2206 1390 2273 suspicetur
1411 2204 1533 2272 quis
1558 2214 1710 2256 extra
1739 2203 1993 2257 deitatem
2023 2215 2101 2254 es-

540 2318 598 2357 St:
629 2301 825 2366 Patris,
862 2307 957 2353 aut
996 2296 1154 2352 Verbi
1186 2298 1386 2366 ipsius:
1413 2311 1536 2348 nam
1580 2295 1786 2350 Dictum
1832 2296 2106 2362 proprium

534 2406 622 2448 est
652 2391 822 2454 verbi,
860 2391 973 2446 sive
998 2388 1287 2451 sermonis,
1322 2398 1376 2443 et
1413 2385 1603 2442 Sermo
1649 2387 1868 2449 tuentis,
1915 2393 1970 2438 et
2019 2397 2109 2436 ve-

540 2501 655 2537 rum
681 2498 802 2538 esse
820 2481 1148 2552 comperitur
1175 2479 1340 2533 illud:
1381 2497 1398 2529 ι
1445 2477 1592 2534 Unus
1619 2476 1730 2548 (5'2)
1771 2477 1910 2530 Deus
1935 2483 1988 2529 et
2019 2474 2111 2527 Pa-

540 2589 620 2630 ter
647 2577 909 2638 omnium,
943 2584 998 2629 et
1023 2587 1414 2643 superomues,
1447 2579 1498 2625 et
1534 2586 1628 2640 per
1685 2568 1886 2630 omnia,
1942 2575 1996 2622 et
2055 2566 2106 2618 in

537 2669 810 2725 omnibus.
854 2668 965 2720 ιΕι
1020 2667 1159 2721 sicut
1210 2664 1404 2718 Filium
1458 2678 1488 2716 a
1541 2661 1702 2716 Patre
1752 2659 1895 2714 nullo
1955 2658 2110 2712 modo

538 2761 850 2828 discrepare
874 2758 1178 2814 ostenditur
1200 2771 1266 2811 ex
1284 2771 1349 2810 eo
1385 2755 1526 2824 quod
1575 2753 1686 2824 (55)
1709 2754 1783 2805 ait
1807 2751 2105 2819 Scriptum,

542 2867 563 2900 ι
595 2849 694 2914 Qui
725 2848 838 2919 (54)
869 2847 1001 2902 vidit
1032 2863 1134 2911 me,
1159 2847 1289 2899 vidit
1314 2845 1561 2910 Patrem;
1593 2863 1610 2894 ι
1642 2843 1801 2897 simili
1827 2843 2033 2895 ratione
2058 2850 2110 2892 et

539 2941 803 3009 Spiritqu
841 2949 1086 2994 sanctum
1115 2937 1258 2994 nullo
1321 2937 1480 2990 modo
1532 2950 1562 2988 a
1618 2934 1776 2988 Patre
1807 2933 2108 3001 discrepare

538 3034 841 3088 ostenditur
866 3047 960 3102 per
993 3046 1058 3087 ea
1101 3030 1312 3101 quaaait
1339 3029 1652 3097 Scriptura:
1698 3043 1717 3077 ι
1756 3024 1811 3080 lu
1871 3027 1972 3080 boc
1999 3024 2109 3095 (55)

537 3125 936 3194 cognoscimus,
969 3123 1108 3192 quod
1139 3133 1221 3178 est
1249 3123 1301 3178 in
1325 3121 1480 3176 nobis
1513 3122 1671 3184 Deus,
1709 3136 1772 3174 ex
1805 3117 2004 3188 Spiritu
2036 3120 2109 3188 ip-

538 3216 672 3277 sius,
707 3230 864 3283 quem
897 3215 1044 3269 dedit
1092 3214 1270 3270 nobis.
1314 3232 1333 3265 ι
1368 3211 1501 3268 Cum
1535 3227 1663 3282 ergo
1689 3211 1848 3265 Pater
1894 3213 1966 3264 sit
1998 3227 2094 3264 ve-

538 3323 632 3361 rus
660 3307 818 3370 Deus,
856 3320 1075 3361 necesse
1126 3305 1347 3361 omnino
1371 3314 1474 3368 est,
1501 3313 1556 3357 ut
1614 3319 1776 3358 verus
1821 3302 1963 3358 Deus
2006 3305 2104 3372 ipsi

538 3399 763 3467 aequalis
785 3398 873 3453 ille
906 3399 1068 3452 etiam
1095 3398 1184 3461 sit,
1216 3398 1305 3466 qui
1351 3412 1474 3452 eum
1516 3396 1753 3450 ostendit
1804 3411 1900 3464 per
1935 3394 2103 3449 solam

538 3490 620 3543 sui
660 3489 828 3558 ipsius
855 3489 1368 3544 mattifeStatiOuem.
1394 3487 1460 3542 Et
1485 3488 1622 3542 sicut
1646 3503 1739 3558 per
1762 3486 1956 3542 Filium
1987 3501 2106 3540 om-

539 3582 627 3636 nia
647 3580 784 3636 lacta
807 3590 954 3644 sunt,
979 3581 1057 3636 sic
1075 3596 1102 3634 a
1124 3580 1324 3650 Spiritu
1365 3590 1552 3634 sancto
1573 3579 1749 3632 omnia
1777 3577 2107 3632 sanctiﬁcata

538 3681 686 3737 sunt,
749 3683 805 3727 et
853 3673 1223 3727 corroborata.
1269 3673 1435 3726 Aiunt
1493 3670 1603 3743 (36)
1644 3672 1787 3724 enim
1845 3668 2105 3739 apostoli:

542 3783 564 3818 ι
613 3764 836 3820 Domine
864 3765 973 3836 (57)
1004 3764 1090 3833 qui
1119 3763 1288 3819 fecisti
1313 3764 1526 3826 caelum,
1563 3773 1617 3820 et
1653 3774 1872 3824 terram,
1899 3771 1954 3817 et
1991 3777 2106 3814 tua-

539 3867 623 3924 τε,
659 3868 714 3913 et
737 3860 916 3914 omnia
967 3873 1084 3926 quae
1134 3858 1186 3912 in
1235 3859 1314 3913 eis
1363 3867 1521 3912 sunt:
1569 3858 1660 3926 qui
1711 3871 1805 3926 per
1847 3854 2107 3924 Spiritum

541 3959 816 4011 sanctum,
845 3957 898 4001 et
926 3961 1022 4015 per
1047 3963 1107 4000 os
1131 3946 1297 4002 David
1320 3948 1468 4015 pueri
1503 3947 1576 3999 tui
1617 3945 1821 4000 dixisti.
1859 3964 1876 3998 ι
1912 3944 1976 3998 Et
1999 3946 2108 3999 sic-

538 4040 831 4108 utaequalis
866 4045 1150 4105 potestate,
1181 4047 1235 4090 et
1255 4038 1442 4092 similis
1465 4037 1631 4101 Patri,
1667 4041 1733 4091 'et
1763 4037 2105 4098 Dominator,

541 4129 859 4202 Unigenitus
881 4129 1214 4200 signiﬁcatur
1229 4130 1380 4200 juxta
1405 4130 1556 4194 illud,
1583 4148 1602 4180 ι
1623 4129 1969 4198 Quaecunque
1991 4127 2104 4200 (38)

609 4335 752 4459 (23)5
777 4335 856 4386 Ad
903 4332 1246 4388 Timotheum.
1306 4330 1364 4386 ln
1417 4329 1594 4402 prima
1658 4331 1816 4399 epist.
1867 4343 1986 4399 cap.
2044 4345 2104 4394 ιι,

609 4423 680 4459 l‘S.
760 4445 772 4457 .

537 4421 680 4462 νοτε.
720 4421 772 4459 ἓ).

611 4477 720 4545 (24)
764 4474 1090 4544 Unigcnitus.
1137 4471 1322 4545 Graeca
1378 4471 1546 4545 editio
1606 4484 1703 4545 pro
1743 4469 1873 4545 Θεός
1919 4468 2102 4545 trahet,

537 4539 686 4609 Υἱός.
705 4539 783 4599 Et
811 4539 905 4613 pro
938 4548 994 4598 ὲν
1019 4547 1130 4606 τοῖς
1179 4543 1400 4606 κόλποις
1417 4539 1619 4613 liabet,
1660 4542 1741 4613 είς
1767 4540 1858 4593 τὸν
1881 4539 2098 4613 κόλπον,

537 4615 590 4672 id
619 4623 720 4676 est,
755 4635 774 4666 ι
813 4611 864 4670 in
895 4618 1067 4671 sinu.»
1104 4613 1234 4669 Vide
1262 4624 1372 4669 not.
1405 4612 1496 4677 84,
1528 4627 1649 4682 pag.
1676 4611 1765 4676 27,
1791 4621 1848 4664 et
1868 4619 1980 4664 not.
2011 4611 2102 4674 13,

575 4700 659 4740 an.
701 4685 786 4739 76.

535 4703 659 4758 pag.
712 4703 786 4739 to.

539 4826 548 4828 _
613 4758 723 4828 (25)
786 4757 974 4828 (Alteri.
1027 4757 1051 4828 ι
1109 4755 1239 4828 per.
1277 4769 1378 4828 xit,
1417 4751 1470 4805 9.
1525 4750 1702 4828 _Editio
1735 4749 1923 4828 Grmca
1961 4763 2104 4828 nunc

537 4820 746 4881 habet}
779 4827 836 4881 ὲν
876 4826 954 4896 τῷ
997 4823 1155 4896 αὐτῷ
1191 4822 1719 4896 ΠνεύματιηίιΙ-θει,
1758 4820 1884 4896 ¢_in
1915 4821 2104 4874 eodem

539 4897 764 4963 διώ-ιω.
828 4917 847 4949 δ
893 4889 998 4950 Sed
1068 4889 1458 4960 Vulgatus'iut.
1501 4891 1632 4960 legit
1680 4901 1744 4963 ut
1786 4889 2098 4963 Didymus:

539 4959 700 5020 \ertit
724 4967 866 5022 enim
901 4976 1068 5021 totum
1099 4959 1420 5019 versiculum
1453 4963 1531 5016 sic
1564 4959 1578 5014 ξ
1627 4977 1646 5011 t
1685 4959 1851 5014 Alteri
1889 4959 2021 5013 iides
2051 4960 2102 5012 in

537 5041 725 5091 eodem
769 5036 974 5105 Spiritu
1011 5055 1025 5089 ι
1063 5035 1151 5105 alii
1200 5035 1373 5104 gratia
1406 5032 1703 5088 sanitatum
1739 5031 1792 5085 in
1837 5045 1943 5084 uno
1985 5028 2106 5099 Spi-

537 5111 664 5160 ritu.
706 5125 723 5158 t
757 5104 891 5160 Vide
920 5122 1087 5172 segm.
1127 5104 1196 5158 64
1239 5105 1286 5158 b.

607 5177 719 5246 (26)
759 5169 997 5246 Genituni
1027 5190 1153 5229 esse.
1185 5175 1337 5246 Psal.
1358 5191 1418 5246 ιι,
1449 5173 1584 5246 7_,7et
1606 5169 1768 5246 Hebr.
1799 5187 1836 5232 ι.
1867 5169 1920 5225 5.

607 5218 718 5318 (ἔτι)
761 5218 1418 5318 E45:"iltlﬁii'x'vi:"ai',’
1458 5218 1584 5318 22:3:
1608 5218 1768 5318 Ἑξῶ
1802 5218 1956 5311 ἔξαᾘά
2008 5239 2104 5292 τοῦ

535 5312 669 5369 Θεοῦ
699 5312 951 5385 ἐξῆλθον·
991 5315 1209 5386 ἐξῆλθον
1235 5312 1508 5386 παρὰίτοῦ
1531 5313 1764 5386 Πατρός.

608 5361 1218 5458 (εεῑῖέὶὲὲῖιῖῖυνιίῗίόξιῖε
1241 5361 1467 5448 ἆῗέιῖ

610 5449 972 5540 (29),οξειυηι
1012 5457 1123 5536 υθέ.
1150 5456 1374 5540 ﬁpres.
1410 5470 1483 5515 vt.
1690 5453 1804 5540 ubi-
1839 5449 2034 5540 legigtr
2054 5467 2102 5529 ἰ

535 5523 632 5644 1ξςῖγν
686 5519 958 5608 μάχαιραν
1011 5525 1103 5608 τοῦ
1150 5519 1484 5606 Πνὲύματος,
1524 5525 1552 5577 ὅ
1589 5526 1705 5606 ἐστι
1746 5522 1895 5592 ῥῆμα
1947 5519 2103 5573 Θεοῦ.

589 5597 798 5666 nlgatus
837 5609 932 5652 Illl.
963 5607 1124 5653 vertit
1153 5613 1167 5650 :
1211 5613 1230 5646 ‹
1281 5595 1513 5664 gladium
1545 5593 1818 5666 Spiritus,
1849 5593 1990 5666 quod
2024 5601 2106 5666 est

538 5662 758 5721 Verbum
791 5668 901 5722 Dei.
942 5687 961 5722 υ
999 5668 1103 5721 Sed
1139 5662 1397 5736 Didymus
1450 5665 1699 5736 voculaut
1738 5663 1766 5714 ὅ
1797 5662 1979 5716 retulit
2037 5662 2106 5713 ad

538 5736 875 5864 uvsdpacgg,
937 5749 995 5792 ttt
1032 5732 1260 5793 sensus’
1287 5739 1430 5790 esset
1482 5751 1494 5786 :
1536 5751 1554 5783 ι
1602 5732 1703 5798 Qui
1750 5736 1982 5801 Spiritus
2025 5742 2106 5786 est

587 5821 743 5862 lCiUlll
822 5828 888 5864 Cl.
933 5828 950 5860 ι

587 5821 743 5862 ictum
779 5821 888 5864 Uet.
933 5828 950 5860 ι

2213 1943 2364 1990 πται,
2406 1925 2579 1996 Ῥἧμα
2607 1926 2698 1978 τοῦ
2722 1926 2878 1989 Θεοῦ,
2910 1927 3001 1980 καὶ
3023 1928 3244 1998 Πνεῦμα
3271 1928 3364 1980 τοῦ
3400 1929 3659 1998 στόματος
3685 1927 3772 1980 αὑ-

2211 2017 2326 2078 τοῦ,
2368 2017 2461 2070 καὶ
2500 2017 2640 2088 Πνοὴ
2687 2019 3153 2090 Παντοκρὰτορος,
3210 2019 3398 2091 ἐπειδὴ
3445 2017 3772 2088 συνυφεστὼς

2215 2107 2518 2178 ἐξέλαμψεν
2544 2109 2603 2172 ἐξ
2633 2109 2796 2164 αὐτοῦ
2817 2129 2829 2139 ·
2870 2111 2955 2164 ἵνα
2992 2111 3065 2182 μὴ
3096 2111 3293 2178 ἔξωθεν
3320 2113 3453 2166 αὐτὸ
3482 2113 3578 2182 τῆς
3608 2111 3776 2180 θεότησ

2213 2216 2302 2262 τος
2332 2198 2425 2252 τοῦ
2480 2200 2752 2272 Πατρὸςῆ
2796 2200 2886 2253 τοῦ
2932 2201 3105 2269 Λόγου
3160 2201 3324 2254 αὑτοῦ
3363 2199 3501 2255 εἷναί
3548 2217 3629 2263 τις
3661 2200 3777 2252 ὑπο-

2214 2288 2369 2361 λάϐῃ.
2409 2289 2566 2343 Ἱδιον
2627 2291 2736 2362 γάρ
2785 2292 2846 2344 τὸ
2910 2293 3086 2364 Ῥἧμα
3136 2292 3230 2346 τοῦ
3265 2293 3446 2362 λόγου,
3499 2296 3588 2346 καὶ
3631 2297 3659 2346 6
3690 2292 3777 2346 Λό-

2215 2398 2308 2450 γος
2338 2379 2428 2434 τοῦ
2461 2382 2549 2434 νοῦ
2577 2401 2588 2412 ·
2643 2384 2736 2436 καὶ
2775 2384 3074 2455 πληροῦται
3113 2385 3194 2450 τὸ,
3245 2405 3263 2438 ι
3300 2386 3356 2440 '0
3395 2383 3477 2449 εἷς
3521 2386 3649 2448 Θεὸς
3691 2387 3776 2438 καὶ

2218 2475 2406 2546 Πατὴρ
2437 2477 2673 2538 πάντων,
2715 2477 2808 2530 καὶ
2860 2478 2951 2530 ἐπὶ
2994 2479 3231 2543 πάντων,
3277 2480 3369 2532 καὶ
3420 2481 3508 2534 διὰ
3553 2481 3774 2542 πάντων,

2218 2568 2310 2620 καὶ
2338 2570 2394 2621 ἐν
2429 2571 2612 2622 πᾶσιν.
2652 2592 2668 2620 ι
2706 2571 2812 2623 Καὶ
2846 2570 2986 2623 καθὰ
3019 2573 3046 2624 6
3079 2571 3207 2634 Υἱὸς
3243 2571 3518 2626 δείκνυται
3549 2570 3775 2640 ἀπαράλη

2216 2658 2408 2721 λακτος
2445 2659 2539 2712 τοῦ
2582 2661 2816 2731 Πατρὸς,
2942 2662 3182 2748 γράψει’
3224 2681 3242 2714 ι
3289 2663 3346 2717 '0
3391 2663 3650 2736 ἑωρακὼς
3687 2662 3776 2732 ἐμὲ

2217 2750 2426 2821 ἑώρακε
2457 2751 2547 2803 τὸν
2576 2751 2824 2821 Πατέρα·
2847 2771 2867 2804 ›
2903 2753 3163 2816 ὡσαύτως
3187 2753 3280 2806 καὶ
3299 2755 3360 2807 τὸ
3390 2755 3546 2824 ἆγιον
3569 2754 3780 2824 Πνεῦμα

2215 2840 2278 2893 δι’
2317 2835 2392 2894 ὧν
2421 2840 2528 2914 [62
2556 2841 2621 2912 b]
2658 2844 2855 2910 φάσκει
2878 2859 2890 2872 ⁶
2927 2865 2942 2895 t
2981 2845 3069 2898 Ἐν
3101 2846 3276 2916 τούτῳ
3317 2846 3679 2918 γινώσκομεν,
3706 2847 3778 2899 ὅτι

2217 2935 2274 2985 ὲν
2307 2933 2438 3002 ἡμῖν
2471 2935 2615 2986 ἐστιν
2647 2937 2673 2986 6
2705 2934 2856 2998 Θεὸς,
2903 2937 2967 2988 ἐκ
3005 2936 3098 2989 τοῦ
3145 2937 3462 3008 Πνεῦματος
3517 2939 3698 3004 αὑτοῦ,
3723 2931 3778 2989 οῦ

2217 3024 2414 3078 ἔδωκεν
2445 3028 2596 3096 ἡμῖν.
2631 3047 2646 3076 ι
2699 3027 2934 3098 Ἀνάγκη
2991 3023 3081 3081 οὖν
3125 3031 3292 3094 πᾶσα,
3353 3030 3491 3084 Θεοῦ
3538 3029 3777 3102 ἀληθινοῦ

2216 3116 2366 3180 ὄντος
2408 3117 2498 3170 τοῦ
2546 3119 2779 3187 Πατρὸς,
2834 3117 2964 3172 Θεὸν
3015 3117 3266 3191 ἀληθινὸν
3311 3117 3452 3177 εἶναι
3500 3125 3611 3176 ἴσον
3645 3121 3780 3192 αὐτῷ

2212 3209 2306 3262 καὶ
2349 3209 2439 3262 τὸν
2476 3209 2759 3262 δεικνύντα
2792 3210 2952 3264 αὐτὸν
2998 3214 3063 3282 τῇ
3115 3192 3308 3266 ἑαυτοῦ
3358 3215 3651 3286 ὲμφανείᾳ.
3683 3213 3782 3267 Kal.

2211 3299 2398 3372 ὥσπερ
2437 3301 2524 3354 διὰ
2559 3300 2652 3354 τοῦ
2681 3302 2812 3356 Υίοῦ
2861 3303 3036 3356 πάντα
3082 3305 3314 3371 ἐγένετο,
3347 3307 3528 3372 οὕτως
3570 3309 3672 3362 ὑπὸ
3697 3305 3782 3359 τοῦ

2211 3395 2526 3466 Πνεύματος
2566 3396 2744 3451 πάντα
2773 3395 3007 3467 ἡγιάσθη
3055 3399 3149 3450 καὶ
3188 3399 3599 3473 ἐνεδυναμώθη.
3630 3399 3784 3453 Φασὶν

2209 3487 2318 3556 γὰρ
2345 3488 2392 3538 οἱ
2412 3486 2700 3541 ἀπόστολοι
2717 3503 2735 3515 ο
2775 3511 2795 3539 ι
2813 3487 3079 3551 Δέσποτα,
3103 3489 3131 3541 6
3160 3492 3391 3561 ποιήσας
3415 3494 3513 3545 τὸν
3544 3491 3782 3563 οὐρανὸν,

2216 3576 2308 3628 καὶ
2345 3576 2443 3647 τὴν
2493 3578 2618 3648 γῆν,
2675 3579 2770 3632 καὶ
2818 3579 2913 3650 τὴν
2949 3577 3246 3643 θάλασσαν,
3281 3585 3373 3636 καὶ
3418 3585 3601 3638 πάντα
3637 3584 3702 3637 τὰ
3733 3583 3785 3635 ἐν

2215 3668 2426 3731 αὐτοῖς·
2464 3671 2492 3722 6
2536 3668 2622 3720 διὰ
2665 3669 2980 3742 Πνεύματος
3018 3679 3194 3747 ἁγίου,
3239 3675 3513 3746 στόματος
3545 3677 3603 3730 δὲ
3633 3675 3785 3730 Δαυῖδ

2217 3758 2404 3822 παιδός
2427 3776 2521 3812 σου
2543 3760 2730 3814 εἰπών.
2763 3782 2782 3814 ο
2817 3765 2926 3818 Καὶ
2959 3769 3100 3822 καθὰ
3136 3767 3456 3836 ἰσοδύναμος
3492 3751 3585 3822 καὶ
3612 3771 3784 3838 ὅμοιος

2213 3851 2242 3902 6
2279 3851 2588 3921 Μονογενὴς
2612 3852 2688 3922 τῷ
2726 3855 2903 3927 Πατρὶ
2929 3860 3020 3912 καὶ
3055 3859 3405 3930 ὲξουσιαστὴς
3443 3861 3785 3931 σημαίνεται,

2214 3942 2450 4008 κατὰτὸ,
2491 3961 2509 3995 ι
2544 3944 2684 3999 Ὅσα
2707 3945 2772 3999 ἂν
2801 3953 2927 4021 ποιῇ
2969 3953 2997 4004 6
3036 3951 3243 4022 Πατὴρ,
3269 3951 3447 4006 ταῦτα
3480 3955 3575 4006 καὶ
3613 3955 3642 4005 6
3667 3951 3784 4012 Υἱὸς

2211 4034 2409 4104 ὁμοίως
2452 4039 2624 4089 ποιεῖ’
2652 4055 2670 4089 ι
2727 4037 2989 4104 ὡσαύτως
3022 4042 3115 4095 καὶ
3160 4041 3222 4095 τὸ
3257 4041 3488 4114 Πνεῦμα
3532 4042 3628 4095 τοῦ
3657 4039 3784 4094 Θεοῦ

2213 4125 2352 4180 κατὰ
2378 4125 2460 4192 τὸ,
2493 4146 2512 4178 ι
2545 4127 2730 4181 Πάντα
2786 4128 2842 4182 δὲ
2896 4132 3067 4186 ταῦτα
3104 4135 3314 4204 ἐνεργεῖ
3361 4134 3425 4188 τὸ
3481 4134 3542 4188 ἓν
3595 4133 3687 4187 καὶ
3729 4130 3786 4183 τὸ

2253 4329 2497 4411 750-ὃῇ
2539 4331 2769 4401 Spiritus
2789 4335 2924 4411 loris.
2960 4332 3101 4411 Psal.
3143 4348 3340 4411 xxxtt,_
3374 4353 3393 4385 ι
3448 4334 3637 4389 Flatus
3669 4335 3786 4390 0m-

2215 4402 2522 4469 nipotentis,
2561 4423 2578 4452 ι
2617 4417 2756 4454 vers.
2783 4403 2834 4467 6,
2867 4415 2919 4455 et
2955 4402 3054 4456 Job
3093 4420 3282 4465 XXXIII,
3314 4404 3368 4458 Il.

2285 4471 2396 4540 (52)
2431 4470 2604 4542 Unus.
2633 4472 2832 4542 Epltes.
2867 4489 2938 4536 tv,
2974 4475 3024 4527 5.
3054 4473 3233 4527 Gru-ca
3268 4477 3352 4528 ed.
3402 4470 3509 4542 εἷς,
3553 4477 3672 4529 sine
3701 4490 3772 4527 ar-

2210 4539 2395 4594 ticulo.
2523 4541 2681 4609 paulo
2717 4554 2854 4609 post,
2897 4545 2926 4596 6
2954 4544 3049 4611 ἐπί
3071 4559 3166 4611 pro
3195 4545 3287 4596 καὶ
3312 4545 3424 4599 ἐπί.

2204 4611 2385 4735 di
2416 4608 2588 4665 Exeo
2631 4608 2788 4682 quod.
2826 4612 2967 4682 Lego
3018 4608 3198 4687 ᾖ“ρι·ο
3242 4615 3296 4684 ἦ.
3366 4617 3639 4684 scriptu“
3695 4630 3783 4667 c0-

2243 4697 2361 4736 ICIS.

2277 4750 2388 4820 (3i)
2427 4750 2551 4815 Qui.
2587 4749 2744 4808 Joan.
2769 4766 2875 4815 xtv,
2903 4752 2954 4807 9.

2274 4820 2422 4944 (15539
2449 4820 2513 4875 In
2581 4821 2698 4876 hoc.
2751 4820 2968 4876 lJoan.
3016 4838 3107 4888 tv,
3155 4823 3237 4876 15.
3294 4822 3428 4877 Vnde
3493 4838 3608 4879 not.
3682 4827 3780 4888 lii,

2205 4905 2323 4960 pag.
2352 4905 2443 4947 zu.

2277 4962 2386 5034 teli)
2427 4961 2608 5034 dium.
2639 4963 2841 5034 Codex,
2866 4963 3069 5034 κφησίν.
3112 4962 3274 5034 Lego.
3307 4967 3497 5031 φασίν.

2277 5032 2388 5097 (57)
2431 5031 2668 5086 Domine.
2708 5033 2827 5088 Act.
2875 5031 2957 5094 tv,
2997 5034 3066 5087 24
3117 5031 3309 5090 οι25.
3381 5037 3576 5091 Greca
3627 5034 3786 5086 editio

2205 5112 2323 5169 post
2348 5102 2592 5156 Δέσποτα
2623 5103 2789 5169 addit,
2822 5106 2886 5157 σὺ
2936 5105 2965 5156 6
2997 5103 3160 5167 Θεός’
3195 5105 3390 5161 deinde
3445 5107 3656 5159 unnittit
3691 5121 3784 5157 vo-

2207 5187 2327 5229 ces.
2361 5174 2390 5224 6
2431 5172 2516 5225 διὰ
2548 5173 2860 5242 Πνεύματος
2899 5174 3076 5242 ἁγίου.
3134 5175 3386 5242 angatns
3432 5179 3712 5243 interpres
3757 5191 3786 5225 e

2207 5244 2477 5294 contrario
2507 5259 2608 5295 nec
2640 5245 2798 5297 habet
2831 5261 3024 5299 nomen
3060 5244 3186 5297 illud
3228 5263 3246 5296 ι
3286 5247 3444 5310 Deus,
3490 5265 3509 5298 ι
3550 5259 3605 5299 et
3643 5245 3786 5296 addtt

2208 5325 2385 5384 voces,
2423 5331 2441 5363 ι
2482 5311 2681 5384 Spiritu
2705 5327 2889 5368 sancto
2923 5333 2940 5365 ›
2980 5332 2993 5366 :
3029 5315 3206 5381 itaque
3232 5314 3356 5384 legit
3395 5318 3572 5369 ferme
3614 5329 3670 5368 ut
3703 5317 3788 5384 lli-

2208 5383 2431 5450 tlymus;
2460 5399 2546 5448 qui
2574 5384 2626 5434 in
2646 5383 2780 5438 libro
2802 5386 2960 5437 etiam
2989 5384 3061 5436 De
3092 5383 3492 5452 Spiritu’sancto
3517 5402 3671 5437 nunt.
3695 5383 3785 5440 9.).

2205 5453 2393 5504 eadem
2428 5454 2634 5505 ratione
2663 5452 2835 5506 locum
2869 5454 3012 5507 hunc
3043 5451 3301 5506 vitaverat
3335 5471 3348 5507 :
3397 5457 3476 5508 sic
3521 5458 3669 5507 enim
3720 5451 3787 5503 ibi

2211 5523 2482 5593 transtulit
2519 5520 2877 5593 Hieronymus
2919 5541 2931 5578 :
2977 5524 3041 5576 Et
3092 5526 3145 5593 in
3191 5527 3366 5576 eodem
3408 5541 3601 5576 rursus
3651 5525 3787 5575 libro

2211 5594 2226 5670 (
2255 5591 2305 5642 in
2343 5591 2490 5670 Actis
2518 5591 3109 5670 scilicetapostolorum
3136 5591 3155 5663 )
3181 5610 3202 5670 _:
3234 5596 3462 5670 Quiper
3493 5593 3786 5659 Spiritum,

2210 5663 2401 5729 inquit.
2443 5673 2685 5715 sanctum
2719 5679 2813 5715 ore
2845 5663 3008 5716 David
3045 5665 3191 5731 pueri
3232 5668 3304 5716 tui
3344 5665 3560 5718 loeutus
3589 5679 3671 5716 es.

2282 5732 3098 5802 (38)Qtthttnque.Joan.v,19.
3125 5733 3255 5788 Vide
3282 5747 3386 5789 not.
3416 5734 3509 5800 7-1,
3540 5750 3666 5805 pag.
3707 5731 3789 5785 i0.
