4104 6408
553 363 657 418 499

1824 369 2053 424 ιιιιιγιιι
2096 367 2561 424 ALEXANDRINI

3683 359 3777 420 500

640 475 703 529 Et
731 475 869 530 sicut
897 491 993 544 per
1027 475 1264 543 Patrem,
1319 489 1373 534 et
1402 478 1593 534 Filium
1642 480 1873 548 Spiritus
1919 492 2136 538 sanctus

2309 482 2417 534 Kal
2445 482 2630 549 ὥσπερ
2655 477 2739 531 διὰ
2780 475 2872 530 τοῦ
2918 475 3131 547 Πατρὸς
3162 473 3255 528 καὶ
3293 473 3384 528 τοῦ
3415 473 3538 529 Υίοῦ
3563 475 3618 528 τὸ
3642 478 3780 546 ἆγιον

557 565 740 632 datur,
767 566 924 634 juxta
954 567 1107 631 illud,
1145 588 1164 621 ι
1201 570 1480 626 Effundam
1516 571 1627 642 (57)
1673 573 1738 628 de
1778 573 1978 643 Spiritu
2014 589 2134 629 meo

555 672 717 727 super
741 673 955 713 omnem
979 674 1227 726 carnem,
1269 679 1289 714 ι
1316 671 1370 717 ει
1417 663 1571 734 juxta
1624 663 1774 727 illud,
1817 683 1835 715 ι
1894 663 2135 733 Accipite

558 747 672 820 (58)
703 747 962 818 Spiritum
1004 762 1282 819 sanctum;
1321 772 1340 806 ι
1391 755 1471 810 sic
1519 768 1616 824 per
1666 753 1926 824 Spiritum
1973 769 2134 812 sanc-

557 847 670 891 tum
700 841 860 894 datur
889 839 1160 904 Christus,
1192 841 1344 909 juxta
1373 842 1595 897 Paulum
1629 843 1697 898 ad
1737 843 1998 912 Ephesios
2022 844 2136 900 haec

559 928 918 984 scribentem:
958 949 976 983 ι
1024 931 1095 986 Ut
1123 935 1211 987 det
1231 934 1344 1004 (59)
1381 934 1535 990 vobis
1569 935 1863 989 secundum
1922 934 2137 989 divitias

558 1019 743 1089 gloriae
767 1036 898 1088 suac,
931 1023 1129 1077 virtute
1161 1025 1506 1080 corroborari
1555 1039 1651 1094 per
1706 1025 1964 1094 Spiritum
1997 1024 2134 1092 ejus,

566 1112 623 1166 in
659 1112 970 1169 interiorem
1024 1115 1294 1172 hominem
1335 1115 1607 1172 Christum
1643 1117 1907 1172 habitare.
1940 1135 1960 1169 ι
1988 1117 2135 1171 Illam

556 1218 692 1260 vero
726 1205 1075 1273 locutionem,
1105 1229 1123 1256 ο
1156 1208 1353 1262 Factus
1397 1210 1506 1281 (60)
1565 1219 1649 1264 est
1697 1223 1876 1264 sermo
1925 1208 2135 1262 Domini

561 1296 629 1349 ad
660 1295 803 1349 hunc
831 1298 1166 1366 pr0phetam,
1201 1316 1219 1348 ι
1241 1306 1296 1352 ει
1327 1298 1494 1366 illam,
1531 1318 1550 1351 ι
1577 1299 1834 1355 Dominus
1857 1299 2014 1366 dixit,
2037 1319 2055 1351 ι
2082 1309 2138 1355 et

559 1385 729 1448 illam,
757 1403 775 1436 ι
811 1386 933 1441 Ilaec
963 1386 1092 1442 dicit
1121 1388 1379 1442 Dominus
1414 1389 1782 1460 omnipotens,
1819 1407 1839 1441 ι
1873 1389 2034 1445 simili
2085 1399 2139 1446 et

559 1478 754 1546 aequali
788 1479 945 1533 modo
983 1478 1336 1548 accipiamus,
1374 1495 1438 1535 ac
1470 1480 1624 1543 illud,
1655 1481 1798 1550 quod
1863 1481 1914 1535 in
1939 1481 2086 1535 Actis
2107 1496 2137 1536 a

562 1566 722 1623 Petro
744 1570 942 1624 dictum
969 1579 1069 1634 est,
1108 1590 1127 1624 ‹
1175 1572 1472 1640 Oportebat
1501 1573 1618 1644 (61)
1648 1573 1856 1643 impleri
1889 1574 2135 1644 Scriptu-

564 1674 703 1724 ram,
733 1674 895 1728 quam
924 1663 1173 1732 praedixit
1204 1663 1439 1734 Spiritus
1461 1676 1682 1720 sanctus
1708 1683 1723 1731 ;
1760 1684 1780 1718 ι
1817 1675 1873 1721 ει
1903 1666 1954 1721 id
1996 1667 2137 1736 quod

561 1748 759 1806 Paulus
785 1751 970 1808 Roma:
1003 1753 1204 1810 Iudaeis
1256 1756 1411 1820 dixit,
1461 1775 1480 1808 ι
1543 1757 1709 1813 Recte
1760 1757 1871 1830 (62)
1907 1758 2140 1830 Spiritus

2238 571 2459 640 Πνεῦμα
2501 570 2722 629 δίδοται,
2770 563 2913 618 κατὰ
2938 565 3019 627 τὸ,
3057 581 3076 615 ι
3125 561 3328 632 Ἐκχεῶ
3362 563 3466 616 ἀπὸ
3496 563 3584 616 τοῦ
3633 563 3781 617 Πνεῦ-

2240 664 2406 734 ματός
2432 680 2531 733 μου
2554 661 2646 715 ἐπὶ
2673 663 2851 714 πᾶσαν
2885 659 3084 728 σάρκα,
3110 674 3127 707 ι
3159 657 3254 708 καὶ
3283 653 3419 708 κατὰ
3446 654 3524 716 τὸ,
3558 674 3574 705 ι
3598 655 3782 709 Λάϐετε

2238 755 2458 825 Πνεῦμα
2495 754 2675 822 ἅγιον·
2715 771 2733 804 ι
2771 751 2942 814 οὕτως
2989 748 3077 802 διὰ
3109 746 3202 801 τοῦ
3250 746 3402 815 ἁγίου
3435 745 3727 816 Πνεύματος
3757 747 3782 798 6

2237 848 2503 919 Χριστὸς,
2563 846 2704 900 κατὰ
2755 845 2846 897 τὸν
2906 841 3119 896 Παῦλον
3178 839 3441 910 Ἐφεσίοις
3494 836 3780 908 γράφονται

2243 958 2261 988 ι
2295 941 2409 992 ἰνα
2436 938 2512 1009 δῷ
2543 940 2695 1008 ὑμῖν,
2729 935 2868 990 κατὰ
2916 934 3005 986 τὸν
3052 931 3278 985 πλοῦτον
3319 931 3416 999 τῆς
3446 928 3596 997 δόξης
3620 925 3783 988 αὑτοῦ,

2235 1029 2463 1099 δυνάμει
2498 1026 2901 1100 κραταιωθῆναι
2929 1023 3017 1077 διὰ
3064 1021 3157 1076 τοῦ
3187 1021 3497 1090 Πνεῦματος
3524 1017 3696 1079 αὑτοῦ,
3720 1016 3788 1079 είς

2237 1120 2330 1173 τὸν
2357 1120 2466 1174 ἔσω
2493 1119 2778 1192 ἄνθρωπον
2808 1117 3132 1187 κατοικῆσαι
3161 1115 3252 1168 τὸν
3281 1112 3530 1184 Χριστόν.
3571 1129 3586 1160 ι
3627 1108 3788 1162 Ἐκλά-

2239 1209 2426 1280 6οιμεν
2457 1211 2502 1264 δ’
2530 1209 2595 1263 ἂν
2635 1212 2692 1263 ὲν
2724 1207 2895 1278 ὁμοίῳ
2929 1207 3022 1259 καὶ
3073 1207 3172 1274 ῐσῳ
3200 1205 3281 1271 τὸ,
3321 1223 3340 1256 ι
3380 1203 3618 1271 Ἐγένετο
3640 1200 3790 1269 Λόγος

2239 1301 2443 1372 Κυρίου
2475 1299 2612 1372 πρὸς
2639 1301 2788 1354 τόνδε
2817 1300 2908 1352 τὸν
2941 1299 3247 1370 προφήτην.
3276 1316 3294 1350 ›
3335 1297 3426 1350 καὶ
3452 1295 3534 1359 τὸ,
3561 1313 3578 1344 ι
3610 1292 3790 1365 Κΰριος

2239 1388 2411 1454 εἶπεν,
2445 1410 2463 1443 ι
2507 1394 2622 1453 καὶ,
2660 1410 2677 1441 ι
2714 1390 2853 1444 Τάδε
2903 1389 3050 1457 λέγει
3091 1387 3296 1458 Κύριος
3328 1386 3738 1456 παντοκράτωρ,
3771 1402 3785 1431 ι

2237 1483 2316 1554 τῷ
2339 1485 2394 1536 ἐν
2418 1485 2538 1546 ταῖς
2574 1479 2844 1553 Πράξεσιν
2877 1482 2982 1534 ὑπὸ
3017 1481 3220 1550 Πέτρου
3272 1478 3575 1550 εἰρημένῳο
3619 1493 3636 1526 ι
3662 1473 3790 1526 Ἔδει

2240 1573 2593 1644 πληρωθῆναι
2618 1573 2716 1642 τὴν
2753 1571 2994 1643 Γραφὴν,
3029 1571 3094 1641 ἢν
3131 1572 3391 1641 προεῖπεν
3420 1566 3481 1620 τὸ
3505 1564 3716 1636 Πνεῦμα
3740 1565 3792 1616 τ’)

2239 1661 2428 1729 ἅγιον,
2464 1680 2481 1712 ι
2520 1662 2613 1714 καὶ
2654 1659 2733 1730 τῷ
2787 1659 2892 1712 ὑπὸ
2940 1657 3152 1710 Παύλου
3190 1659 3247 1710 ἐν
3285 1655 3471 1726 Ῥώμῃ
3517 1655 3648 1726 πρὸς
3682 1653 3794 1714 τοὺς

2253 1752 2555 1816 Ἰουδαίους.
2589 1768 2610 1803 σ
2640 1750 2836 1813 Καλῶς
2877 1749 2938 1802 τὺ
2990 1747 3217 1818 Πνεῦμα
3267 1747 3327 1800 τὸ
3371 1747 3524 1815 ἁγιον
3555 1746 3793 1812 ἐλάλησεν

561 1848 780 1896 sanctus
809 1841 1018 1898 locutus
1064 1854 1148 1900 est
1179 1860 1276 1914 per
1312 1845 1506 1901 Isaiam
1550 1848 1896 1918 prophetam;
1937 1867 1956 1902 ι
1980 1857 2036 1905 ει
2074 1849 2139 1903 il-

2247 1844 2326 1898 διὰ
2367 1845 2588 1898 Ἡσαΐου
2622 1843 2715 1896 τοῦ
2739 1844 3042 1917 προφήτου,
3074 1861 3092 1894 ι
3124 1841 3218 1894 καλ⁸
3249 1839 3346 1911 τῷ,
3383 1841 3486 1894 «Τὸ
3509 1841 3565 1893 δε
3593 1838 3794 1908 Πνεῦμι

562 1928 674 1996 Iud,
713 1949 732 1982 ι
775 1933 1008 2001 Spiritus
1036 1934 1150 2005 (63)
1175 1945 1358 1991 autem
1401 1937 1688 1994 manifeste
1727 1940 1884 2005 dicit;
1919 1959 1937 1993 ι
1975 1949 2028 1994 ει
2070 1941 2136 1993 il-

561 2019 676 2088 lud,
714 2040 733 2073 ι
784 2023 912 2078 Ha:c
936 2023 1048 2096 (64)
1082 2025 1212 2080 dicit
1239 2026 1494 2082 Dominus
1519 2028 1878 2098 omnipotens.
1922 2049 1940 2080 ι
1978 2029 2043 2084 Et
2065 2030 2139 2084 illi

563 2114 756 2178 textui,
809 2133 827 2166 ι
865 2116 1003 2172 Deus
1053 2117 1164 2189 (65)
1202 2127 1499 2185 aeternus,»
1544 2119 1833 2189 respondet
1881 2121 2138 2190 aequalem

561 2204 900 2272 majesratem
930 2208 1190 2262 denotans
1221 2209 1362 2278 quod
1387 2225 1416 2263 a
1443 2209 1612 2264 Paulo
1634 2217 1717 2265 est
1745 2211 2095 2280 praedicatum
2123 2228 2138 2264 :

569 2310 587 2344 ι
624 2293 722 2360 Qui
753 2295 866 2366 (66)
905 2298 1254 2366 semetipsum
1308 2298 1503 2354 obtulit
1541 2314 1638 2368 per
1678 2299 1936 2369 Spiritum
1979 2308 2140 2355 aster-

563 2401 727 2448 num;
759 2405 778 2437 ι
800 2395 854 2442 ει
873 2403 994 2442 cum
1022 2388 1128 2445 illis
1146 2389 1362 2446 verbis:
1395 2408 1414 2442 ι
1440 2390 1608 2447 Nemo
1636 2393 1750 2461 (67)
1773 2403 1948 2462 potest
1970 2393 2142 2462 Spiri-

564 2486 678 2532 tum
700 2490 944 2534 sanctum
973 2481 1219 2551 accipere
1243 2481 1350 2538 uisi
1378 2497 1408 2537 a
1437 2484 1684 2552 Domino,
1717 2503 1735 2536 ι
1766 2486 2002 2556 itemque
2019 2499 2142 2540 cum

564 2569 705 2626 illis:
743 2591 761 2624 ι
785 2575 1027 2644 Accipite
1052 2573 1165 2645 (68)
1198 2573 1456 2644 Spiritum
1479 2575 1640 2647 145
1655 2585 1920 2642 sanctum,
1945 2594 1965 2629 ι
1999 2591 2146 2632 com-

567 2671 823 2730 parantur
860 2666 1004 2722 hazc:
1045 2684 1063 2718 ι
1101 2666 1270 2722 Nemo
1303 2666 1412 2738 (69)
1448 2677 1624 2738 potest
1645 2667 1828 2722 dicere
1862 2666 2142 2722 Dominum

566 2753 746 2809 Jesum
764 2756 1058 2824 Christum,
1080 2759 1180 2812 nisi
1202 2760 1255 2813 in
1279 2758 1481 2828 Spiritu
1525 2769 1780 2823 sanctop
1811 2766 1885 2824 et,
1919 2757 2144 2814 «Deduci

569 2847 684 2918 (70)
723 2860 751 2900 a
789 2848 990 2916 Spiritu
1031 2858 1219 2904 sancto
1248 2850 1314 2904 ad
1344 2851 1649 2915 veritatem,
1687 2867 1704 2899 ι
1739 2864 1952 2918 nempe,
1985 2849 2144 2903 dedu-

570 2940 616 2991 ci
641 2953 671 2991 a
701 2937 904 3007 Spiritu
931 2949 1123 2992 sancto
1145 2940 1212 2994 ad
1246 2953 1430 2994 veram
1469 2940 1644 2998 Iidem.
1682 2939 1822 2992 idem
1853 2947 1935 2993 est
1963 2953 2026 2992 ac
2053 2939 2146 2993 deo

571 3029 694 3083 duci
725 3044 756 3082 a
789 3028 1016 3084 Domino
1043 3031 1281 3095 Christo,
1313 3031 1426 3085 haec
1483 3031 1826 3100 praecipiente
1863 3048 1877 3084 :
1911 3048 1929 3082 ι
1965 3029 2147 3100 Bapti-

571 3127 757 3175 zantes
784 3120 894 3190 (71)
922 3136 1016 3177 eos
1046 3123 1096 3176 in
1123 3123 1339 3178 nomine
1370 3122 1566 3187 Patris,
1595 3131 1651 3177 et
1677 3121 1819 3185 Filii,
1869 3132 1925 3178 et
1971 3122 2143 3192 Spiri-

2241 1936 2418 2006 ρητῶς
2437 1935 2602 2006 λέγει’
2617 1954 2636 1986 ι
2660 1935 2753 1989 καὶ
2776 1953 2794 1986 ι
2821 1935 2959 1989 Τάδε
2976 1934 3126 2003 λέγει
3148 1933 3350 2005 Κύριος
3370 1932 3788 2004 παντοκράτωρ

2254 2027 2514 2098 Ἰσότιμόν
2545 2045 2605 2080 τε
2649 2025 2749 2097 τῷ,
2784 2043 2802 2077 ι
2848 2027 2904 2080 '0
2946 2026 3077 2089 Θεὸς
3115 2024 3354 2088 αἰώνιος,
3385 2043 3404 2076 ι
3441 2023 3504 2076 τὸ
3536 2023 3638 2076 ὑπὸ
3669 2019 3797 2076 Παύ-

2239 2119 2330 2172 λου
2369 2117 2659 2188 κηρυχθὲν,
2697 2135 2715 2168 ι
2750 2119 2845 2179 ’ος
2888 2117 3084 2170 ἑαυτὸν
3129 2116 3501 2186 προσήνεγκεν
3532 2113 3617 2168 διὰ
3649 2109 3796 2166 Πνεῦ-

2245 2227 2409 2281 ματος
2438 2209 2677 2262 αἰωνίου.
2707 2227 2723 2258 ι
2755 2207 3108 2277 Συγκριτικὸν
3133 2224 3192 2259 τε
3214 2206 3313 2277 τῷ,
3347 2225 3366 2258 α
3391 2206 3578 2268 Οὐδεὶς
3597 2203 3799 2257 δύναται

2242 2300 2466 2370 Πνεῦμα
2522 2300 2676 2368 ἆγιον
2727 2298 2930 2366 λαϐεῖν,
2989 2299 3023 2369 ἢ
3077 2299 3226 2370 παρὰ
3274 2298 3504 2370 Κυρίου,
3537 2316 3557 2350 ι
3594 2293 3796 2362 καὶτῷ.

2247 2412 2266 2442 α
2305 2392 2509 2446 Λάϐετε
2539 2390 2762 2462 Πνεῦμα
2783 2391 2959 2459 ἅγιον,
2989 2409 3007 2441 ι
3029 2390 3108 2454 τὸ,
3141 2409 3160 2440 ι
3190 2389 3380 2453 Οὐδεὶς
3406 2390 3622 2442 δύναται
3645 2388 3802 2440 εἰπεῖν

2246 2482 2446 2553 Κύριον
2480 2479 2685 2551 Ἰησοῦν
2716 2480 2972 2553 Χριστὸν,
3008 2482 3056 2533 εί
3092 2479 3165 2551 μὴ
3202 2482 3259 2532 ὲν
3297 2480 3572 2550 Πνεῦματι
3606 2477 3750 2546 ἁγίῳ.
3779 2497 3795 2526 ι

2245 2574 2451 2628 Ταυτόν
2485 2573 2543 2626 τέ
2578 2575 2724 2627 ἐστιν
2757 2573 2816 2626 τὸ
2851 2574 2898 2638 6,
2935 2591 2952 2622 ι
2988 2571 3329 2642 ὐδηγείσθαι
3375 2571 3484 2624 ὑπὸ
3527 2570 3621 2623 τοῦ
3663 2568 3802 2635 ἁγίου

2245 2665 2561 2734 Πνεῦματος
2591 2663 2727 2734 πρὸς
2755 2662 2854 2734 τὴν
2902 2660 3176 2732 ἀλήθειαν,
3216 2681 3235 2714 ι
3269 2661 3413 2714 τοῦτ’
3444 2662 3590 2714 ἔστιν
3618 2660 3675 2712 τὸ
3695 2657 3803 2726 ὁδη-

2245 2756 2459 2824 γεῖσθαι
2503 2755 2608 2808 ὑπὸ
2647 2755 2740 2807 τοῦ
2793 2754 2948 2822 ἁγίου
2989 2753 3300 2823 Πνεῦματος
3331 2752 3612 2825 πρὸς’[63
3637 2746 3805 2820 ὺ]τὴν

2245 2845 2500 2917 ἀληθινὴν
2531 2845 2734 2906 πίστιν,
2788 2843 2866 2914 τῷ
2897 2843 3204 2914 ὀδηγεῖσθαι
3260 2843 3364 2896 ὑπὸ
3409 2843 3504 2896 τοῦ
3557 2840 3805 2895 Δεσπότου

2245 2936 2480 3008 Χριστοῦ
2501 2977 2515 2999 ,
2553 2935 2919 3000 θεσπίζοντος·
2971 2955 2988 2986 ι
3022 2933 3380 3000 Βαπτίζοντες
3414 2935 3610 2996 αὐτοὺς
3649 2933 3720 2994 εἰς
3753 2928 3806 2981 τὸ

2245 3032 2414 3102 ὄνομα
2440 3029 2533 3084 τοῦ
2561 3029 2794 3100 Πατρὸς,
2815 3030 2909 3082 καὶ
2937 3027 3030 3082 τοῦ
3054 3029 3203 3093 Υἰοῦ,
3233 3029 3326 3090 καὶ
3355 3029 3451 3082 τοῦ
3474 3029 3628 3097 ἁγίου
3658 3022 3808 3080 Πνεῦ-

2250 3141 2435 3194 ματος.
2477 3141 2494 3172 ι
2534 3122 2643 3174 Καὶ
2682 3121 2947 3185 ἰσοσθενὲς
2978 3120 3056 3191 τῷ
3088 3120 3292 3190 λέγοντι
3336 3121 3507 3193 ῥητῷ,
3550 3143 3563 3168 ι
3602 3120 3690 3190 Μὴ
3719 3132 3808 3171 πα·

573 3219 662 3266 tus
710 3213 915 3277 sancti;
956 3230 975 3264 ι
1008 3221 1201 3268 etcum
1230 3214 1296 3268 iis
1316 3215 1512 3278 verbis,
1541 3232 1558 3265 ι
1589 3215 1670 3267 An
1693 3213 2008 3268 mmulamur
2031 3214 2143 3281 (72)

2257 3211 2602 3284 ραζηλοῦμεν
2648 3210 2738 3264 τὸν
2783 3210 3029 3281 Κύριον;
3104 3212 3195 3282 Μὴ
3273 3213 3615 3282 ἰσχυρότεροι
3665 3205 3808 3264 αὑτοῦ

575 3301 856 3356 hominum
885 3304 907 3356 Ἰ
933 3303 1182 3373 Nunquid
1228 3305 1478 3358 fortiores
1516 3304 1606 3358 illo
1649 3318 1835 3358 smnus
1862 3305 1885 3356 ?
1913 3323 1932 3355 ι
1971 3271 2145 3371 aequa;

2254 3271 2448 3372 εσμείκ
2485 3271 2514 3354 ι’
2540 3304 2604 3355 τὸ
2626 3271 3025 3373 γράφεινίιΜῆ
3037 3271 3256 3356 λυπεέτε
3281 3271 3582 3374 calvariam
3607 3302 3664 3355 τὸ
3676 3302 3809 3367 άγιον

574 3393 680 3447 lem
712 3395 818 3448 vim
858 3394 1057 3450 habent
1082 3395 1232 3450 haec:
1269 3413 1288 3447 ι
1327 3395 1505 3452 Nolite
1533 3396 1646 3466 (73)
1685 3396 2008 3449 contristare
2035 3393 2151 3462 Spi-

578 3485 739 3542 ritum
776 3498 1020 3542 sanctum
1049 3487 1164 3555 Dei,
1201 3488 1254 3543 in
1285 3502 1393 3557 quo
1421 3488 1611 3559 signati
1645 3487 1776 3542 estis
1817 3488 1868 3540 iu
1900 3487 2038 3540 diem
2070 3501 2150 3541 re-

652 3778 767 3847 (57)
808 3775 1118 3847 Eﬂundam.
1156 3774 1290 3830 Jocl.
1326 3791 1392 3837 ιι,
1420 3773 1509 3847 ἓξ.

653 3845 765 3920 (58)
801 3845 1056 3920 deripite:
1086 3845 1243 3920 .Iuan.
1279 3861 1391 3920 xx,_
1412 3845 1509 3920 A22:

653 3911 989 3992 (59)Utdet.
1021 3917 1217 3985 Ephes.
1251 3931 1345 3981 ιιι,
1372 3914 1459 3970 16.
1491 3911 1626 3969 Vide
1659 3921 1814 3969 notas
1829 3914 1917 3982 45,
1939 3914 2034 3976 44,
2059 3913 2150 3981 45,

615 3989 699 4045 εει.
727 3989 816 4043 49.

579 4007 1021 4130 νεῗὸοἶυῗαειυε.
1064 4054 1260 4130 Ezech.
1309 4055 1451 4130 1,3,
1481 4065 1535 4108 et
1578 4053 1704 4108 alibi
1737 4053 1935 4130 passim
1971 4055 2022 4109 in
2055 4056 2155 4109 Ve-

580 4125 681 4187 teri
706 4125 1074 4190 Testamento,
1095 4127 1220 4180 item
1245 4133 1303 4179 ut
1322 4127 1484 4187 binas.
1509 4140 1627 4194 qua:
1652 4125 1894 4194 proxime
1911 4140 2148 4194 sequun-

581 4211 671 4256 tur
701 4195 962 4252 formulae.

652 4270 762 4334 (61)
797 4266 1094 4333 Oportebat.
1128 4266 1247 4320 Act.
1279 4282 1319 4327 ι.
1349 4265 1434 4319 16.

653 4333 768 4410 (62)
807 4334 977 4410 Recte.
1003 4338 1123 4391 Act.
1151 4351 1338 4396 xxvnt.
1367 4337 1458 4410 25.
1494 4335 1628 4410 V_ide
1660 4345 1769 4410 not.
1796 4335 1887 4398 41,
1916 4333 2150 4410 pag-.68.

584 4411 736 4466 Hunc
752 4404 934 4477 ipsum
963 4406 1136 4461 locum
1163 4422 1267 4461 nou
1295 4407 1452 4461 modo
1475 4406 1631 4461 affert
1655 4407 1910 4476 Didymus
1941 4405 1991 4458 in
2017 4404 2155 4458 libro

582 4481 660 4537 De
683 4476 824 4548 Spir.
855 4476 921 4548 S.
937 4492 1086 4532 num.
1104 4477 1138 4531 5
1157 4515 1172 4540 ,
1194 4479 1563 4548 verumetiam
1591 4477 1836 4548 eumdem
1857 4518 1871 4541 ,
1896 4485 1959 4548 ut
1989 4484 2117 4544 puto
2135 4515 2150 4539 ,

2253 3395 2344 3448 τοῦ
2371 3395 2526 3460 Θεοῦ,
2562 3397 2618 3446 ἐν
2649 3387 2692 3462 ᾧ
2721 3395 3121 3466 ἐσφραγίσθητε
3153 3397 3232 3459 είς
3264 3397 3482 3468 ἡμέραν
3513 3390 3810 3464 ἀπολυτρώ-

2257 3505 2408 3550 σεως.
2460 3507 2477 3537 ι
2536 3489 2645 3540 Καὶ
2692 3489 3032 3558 ὁμοιόλεκτον
3082 3487 3190 3559 τῷ,
3246 3507 3265 3542 ι
3311 3489 3720 3554 Ἐξαποστελεῖς
3761 3483 3810 3536 τὸ

2321 3774 2429 3843 (6'5)
2472 3774 2722 3837 Spiritus.
2759 3774 2778 3828 1
2810 3774 2947 3829 Tim.
2978 3792 3051 3840 tv,
3091 3775 3142 3829 1.

2320 3845 2430 3911 (61)
2477 3845 2622 3899 Haec.
2657 3846 2741 3916 Ut_
2776 3846 3042 3916 intelligas
3079 3862 3176 3900 cur
3221 3848 3320 3901 ista
3365 3847 3531 3903 verba
3567 3847 3654 3902 hic
3675 3847 3814 3908 citet,

2253 3915 2371 3988 lege
2396 3917 2587 3988 librtun
2618 3916 2692 3970 De
2707 3914 2847 3985 Spir.
2868 3914 2925 3970 S.
2955 3914 3103 3970 num.
3127 3916 3216 3970 28.
3255 3918 3383 3973 Vide
3414 3920 3580 3974 etiam
3613 3933 3730 3988 cap.
3761 3917 3815 3971 19

2258 3987 2375 4039 lihri
2403 3987 2717 4052 superioris.

2325 4053 2435 4125 (65)
2474 4056 2633 4109 Deus.
2676 4056 2780 4110 Isa.
2828 4072 2993 4120 xxvt,
3037 4056 3102 4119 4,
3151 4057 3240 4110 ubi
3299 4055 3457 4126 Vulg.
3506 4058 3608 4112 int.
3652 4057 3816 4126 aliter.

2263 4125 2390 4178 Vide
2417 4126 2578 4195 etiam
2610 4126 2780 4192 Epist.
2807 4129 2869 4179 ad
2896 4126 3050 4181 Rom.
3084 4143 3192 4188 xvt,
3217 4127 3309 4191 26.
3339 4125 3558 4183 etDan.
3587 4143 3708 4195 xttt,
3734 4125 3817 4184 42.

2325 4196 2436 4259 (66)
2471 4194 2593 4266 Qui.
2625 4195 2789 4266 Hebr.
2824 4211 2900 4255 ιιι.
2937 4197 3022 4250 14.
3058 4196 3315 4266 Vulgatus
3341 4199 3440 4252 int.
3474 4200 3654 4254 aliter.

2321 4266 2432 4337 (67)
2471 4264 2658 4337 Nemo.
2687 4265 2740 4320 In
2768 4264 2952 4320 Bibliis
2985 4269 3098 4321 haec
3133 4264 3238 4321 non
3273 4280 3494 4322 exstant
3518 4310 3533 4334 ,
3564 4270 3618 4323 ni
3654 4268 3815 4322 fallor.

2253 4334 2438 4388 Simon
2468 4335 2654 4403 Magus
2693 4337 3010 4408 objurgatur
3039 4339 3158 4408 Act.
3187 4352 3306 4408 vin,
3345 4339 3437 4404 20,
3473 4341 3622 4407 quod
3659 4339 3820 4408 Spiri-

2256 4415 2364 4475 tum
2382 4417 2822 4475 sanctumetnere
2844 4406 3017 4460 vcllet.
3046 4407 3110 4460 Et
3128 4408 3180 4460 iu
3204 4406 3371 4475 Epist.
3389 4410 3456 4462 ad
3484 4406 3642 4466 Itoni.
3662 4406 3812 4467 xiu.l

2255 4474 2448 4546 legitur
2480 4493 2494 4530 :
2537 4493 2555 4526 ι
2596 4473 2721 4546 Non
2742 4486 2826 4530 est
2861 4487 3134 4544 potestas,
3178 4473 3277 4532 nisi
3308 4494 3337 4531 a
3374 4479 3505 4534 Deo.
3546 4499 3566 4533 ι
3604 4481 3668 4534 Ει
3692 4477 3821 4546 apud

585 4544 807 4620 respicit
829 4547 1016 4603 eodem
1046 4561 1270 4600 numero
1305 4547 1392 4600 ubi
1430 4545 1669 4620 legitur:
1700 4544 1765 4599 Et
1801 4547 2002 4620 Isaiam
2029 4559 2151 4620 pro;
2186 4562 2228 4616 ο
2252 4544 2513 4599 Joannem
2545 4560 2636 4607 ιιι,
2665 4545 2734 4599 5-1
2763 4560 2778 4598 :
2825 4563 2844 4596 ι
2877 4549 2956 4600 Ad
2991 4563 3313 4620 mensuram
3340 4551 3432 4602 dat
3474 4552 3621 4606 Deus
3659 4544 3821 4620 Spiri-

623 4613 838 4692 hétasse
879 4625 1270 4692 commemorat
1312 4630 1433 4670 cum
1463 4613 1772 4692 a'rticulata_
1786 4631 1916 4692 voce
1940 4655 1956 4679 ,
1978 4614 2065 4667 διὰ
2092 4613 2152 4668 τὸ

624 4639 838 4676 ιιειειεδε
879 4639 1270 4673 (ΖΟΙΙΙΙΙΙῧΙΠυΙἮι
1312 4639 1433 4670 υυιιι
1463 4639 1743 4671 arucmatu
1787 4639 1916 4672 VUCC
1940 4655 1956 4679 ν
1978 4639 2065 4667 οια
2092 4639 2152 4668 τυ

583 4639 812 4763 ἣνεῦμα
847 4688 907 4742 τὸ
939 4688 1113 4763 ἆγιον,
1151 4687 1315 4763 id__es_t
1339 4724 1355 4750 ,
1391 4687 1715 4763 ¢_per_hunc
1739 4677 2154 4763 Spiritumsan-

584 4755 753 4824 otum',
793 4779 810 4812 ι
845 4769 901 4814 et
927 4755 1030 4813 non
1065 4755 1380 4826 simpliciter
1420 4756 1644 4827 Πνεῦμα
1671 4756 1846 4826 ἅγιον.
1890 4755 2152 4810 Nimirum

584 4830 891 4902 hujusmodi
919 4828 1201 4902 lectionem
1229 4827 1540 4902 mendosam
1554 4843 1688 4902 esse
1717 4828 2000 4902 existimo;
2028 4841 2154 4881 nus-

584 4896 746 4969 quam
799 4901 943 4955 enim
996 4899 1072 4969 ait
1117 4896 1346 4963 Paulus,
1389 4899 1442 4952 ni
1475 4897 1672 4969 gfallor,
1713 4905 1804 4950 aut
1852 4898 2151 4969 scriptura,

585 4967 779 5027 Isaiam
809 4990 827 5021 ι
878 4968 1231 5037 prephetasse
1259 4983 1356 5036 per
1394 4968 1652 5035 Spiritum
1683 4976 1928 5022 sauctmn
1953 5005 1968 5029 ,
2009 4983 2027 5016 ι
2062 4967 2154 5019 sed

585 5044 704 5098 vice
733 5055 890 5095 versa
919 5041 1014 5104 ait,
1049 5057 1068 5090 ι
1095 5038 1352 5107 Spiritum
1379 5049 1624 5092 sanctmn
1659 5038 1895 5092 locutum
1915 5050 2036 5107 esse
2059 5051 2156 5107 per

584 5111 800 5167 Isaiam.
828 5128 846 5162 ι
877 5110 952 5163 Ac
982 5105 1240 5176 prmtét‘ea
1275 5124 1435 5178 voces
1464 5108 1598 5171 illas,
1627 5107 1716 5160 διὰ
1737 5108 1796 5160 τὸ
1828 5105 2055 5178 Πνεῦμα
2095 5105 2155 5158 τὸ

585 5183 772 5251 ἅγιον,
803 5195 906 5235 non
938 5189 1084 5232 recte
1129 5187 1361 5251 verteret
1394 5177 1772 5251 Hieronymus,
1826 5195 1844 5229 ι
1879 5193 1974 5246 ρει·
2011 5179 2157 5230 hunc

587 5247 849 5323 Spiritum
902 5258 1191 5323 sanctum;
1233 5266 1252 5300 ι
1299 5247 1609 5323 signiﬁcant
1653 5247 2159 5323 enim,“¢_propter

586 5317 730 5378 hunc
773 5319 1035 5390 Spiritum
1085 5317 1412 5390 sanctum.)
1469 5317 1638 5390 Porro
1690 5333 1780 5390 ex
1811 5317 2157 5373 bibliotheca:

587 5402 789 5447 nostra:
815 5387 1030 5446 ’codice
1069 5403 1170 5442 ms.
1207 5388 1338 5442 nihil
1382 5387 1516 5443 lucis
1554 5388 1784 5443 mutuari
1831 5402 2152 5457 possumus:

586 5465 782 5516 menda
811 5462 954 5516 enim
986 5459 1194 5513 mendis
1220 5459 1387 5523 addit,
1419 5473 1539 5512 cum
1568 5460 1786 5524 habeat,
1823 5475 1841 5508 ι
1882 5457 1992 5526 ipsa
2008 5457 2153 5526 jam,

585 5547 716 5601 pro,
747 5531 962 5586 Isaiam.
993 5546 1013 5581 ι
1055 5529 1240 5601 Itaque
1285 5529 1365 5584 sic
1410 5527 1693 5598 legendum
1732 5529 1846 5596 ipse
1879 5525 2155 5601 coniicio,

591 5595 613 5654 ἱ
639 5603 706 5655 Ει
733 5617 826 5672 per
857 5601 1045 5672 Isaiam
1084 5595 1436 5672 [Lrophetasse
1457 5595 1846 5672 commemorat
1876 5613 1997 5651 cum
2016 5595 2160 5672 arti-

585 5667 763 5746 culata
815 5687 949 5727 voce
993 5669 1054 5724 τὸ
1097 5668 1321 5740 Πνεῦμα
1371 5669 1431 5720 τὸ
1467 5670 1652 5746 ἅγιον,
1792 5676 1907 5746 εει,
1936 5685 1978 5746 ,ξ
2016 5667 2160 5746 hunc

587 5743 848 5812 Spiritum
903 5750 1150 5800 sanctum
1175 5780 1191 5808 ,
1231 5738 1257 5792 »ἡ
1299 5749 1353 5796 ει
1406 5755 1510 5796 ιιοιι
1575 5739 1892 5812 simpliciter
1934 5738 2158 5794 Πνεῦμα

586 5815 761 5884 ἃγιον.
1270 5875 1275 5883 ,
1470 5874 1489 5884 ί
1867 5841 1872 5847 ι

2257 4624 2365 4668 tum
2397 4631 2412 4668 :
2458 4634 2476 4666 ο
2508 4624 2564 4670 et
2594 4631 2710 4685 cap.
2748 4631 2861 4679 xiv,
2893 4632 3032 4671 vers.
3058 4617 3123 4670 17
3156 4635 3170 4674 :
3222 4636 3241 4668 ‹
3283 4617 3524 4686 Spiritus
3560 4619 3819 4679 veritatis,

2256 4700 2412 4760 quem
2445 4686 2676 4760 mundus
2700 4700 2804 4740 non
2828 4688 3288 4760 potestaccipere.
3314 4708 3334 4741 ι
3373 4688 3570 4746 Utrum
3596 4691 3820 4760 aliquem

2256 4771 2319 4807 ex
2359 4756 2440 4810 his
2470 4756 2601 4829 locis
2633 4755 3232 4829 respexeritDidymus,
3267 4759 3438 4813 lector
3460 4755 3703 4829 judicet.
3723 4755 3821 4812 Sed

2256 4840 2378 4878 cum
2429 4826 2756 4886 privatorum
2810 4826 3082 4880 hominum
3134 4828 3350 4883 codices
3391 4826 3583 4886 brevia
3624 4830 3821 4884 scholia

2257 4903 2350 4949 aut
2374 4896 2439 4950 ad
2473 4897 2771 4964 marginem
2806 4896 3097 4951 Bibliorum
3134 4899 3429 4965 haberent,
3472 4910 3570 4955 aut
3600 4902 3737 4955 intra
3765 4898 3825 4951 li-

2257 4980 2406 5028 neas,
2439 4965 2552 5019 fieri
2584 4975 2759 5033 potest
2785 4977 2839 5019 ut
2868 4983 3031 5019 unum
3060 4969 3132 5022 sit
3156 4967 3322 5023 hocce
3348 4983 3415 5023 ex
3449 4971 3559 5026 illis
3589 4970 3820 5028 scholiis,

2259 5038 2397 5103 quod
2429 5035 2650 5104 Didymo
2684 5036 2835 5104 quasi
2864 5051 2993 5103 pars
3024 5047 3200 5091 textus
3230 5039 3368 5093 sacri
3399 5039 3611 5095 lectum
3641 5041 3815 5095 fuerit.

2330 5104 2440 5175 (68)
2477 5105 2724 5175 Accipite.
2758 5106 2914 5159 Joau.
2947 5122 3038 5172 xx,
3071 5108 3162 5160 ἓξ.

2330 5172 2439 5243 (69)
2477 5172 2663 5228 Nemo.
2703 5174 2876 5230 lCor.
2929 5191 3040 5239 xtl,
3099 5178 3152 5231 5.
3210 5177 3379 5233 Biblia
3439 5191 3637 5235 carent
3673 5193 3826 5234 voce.

2259 5245 2519 5318 Xptcrév:
2542 5260 2707 5318 quam
2745 5247 3016 5318 Didymus
3041 5248 3154 5316 ipse
3180 5251 3382 5318 omittit
3417 5249 3564 5304 infra
3594 5294 3608 5318 ,
3646 5262 3829 5317 nempe

2259 5332 2426 5386 segni.
2460 5315 2562 5386 154
2600 5315 2653 5378 b,
2693 5325 2749 5386 et
2779 5317 2833 5369 in
2867 5317 2959 5386 lib.
2991 5315 3070 5371 De
3097 5319 3191 5386 Sp.
3225 5317 3284 5372 S.
3319 5336 3467 5373 num.
3514 5322 3570 5374 4.

2334 5385 2442 5455 (70)
2480 5385 2695 5439 Deduct'.
2736 5385 2816 5440 Ex
2853 5385 3008 5440 Joan.
3039 5385 3148 5450 xvr,
3187 5389 3277 5444 15.
3325 5388 3710 5445 Passioneiani
3739 5401 3830 5442 co-

2261 5456 2396 5532 dicis
2439 5455 2599 5508 lectio
2639 5456 2763 5532 illa,
2796 5457 2860 5532 τὸ
2886 5457 2952 5532 ὁ,
2983 5462 3237 5514 mendosa
3266 5471 3392 5515 est:
3437 5459 3834 5532 expungendus

2261 5527 2471 5580 scilicet
2501 5536 2585 5579 est
2617 5527 2897 5589 articulus,
2931 5529 2978 5583 6.

2333 5595 2447 5666 (71)
2482 5595 2838 5664 Baptizames.
2881 5595 3068 5652 Matth.
3101 5614 3290 5664 xxvttt,
3325 5600 3410 5657 19.

2329 5667 2440 5745 (72)
2475 5669 2554 5745 Ag
2581 5667 2911 5745 gratulamur.
2941 5667 2962 5721 I
3003 5666 3130 5724 Cor.
3177 5687 3230 5739 ι,
3271 5671 3358 5729 22.
3412 5669 3618 5730 Graeca
3647 5667 3835 5730 editio:

2269 5735 2345 5790 "II
2361 5735 2802 5808 παραζηλοῦμεν.

2333 5809 2441 5880 (75)
2475 5806 2672 5862 Nolite.
2708 5808 2898 5878 Ephes.
2938 5822 3010 5877 tv,
3046 5807 3135 5866 '50.

2733 5923 2746 5952 5
