  <div class='ocr_page' id='page_1' title='image "/cluster/home/n/w/nwhite01/storage/ocr_20150623/39/hvd.32044037979440/262.png"; bbox 0 0 4104 6408; ppageno 0'>
   <div class='ocr_carea' id='block_1_1' title="bbox 366 313 459 369">
    <p class='ocr_par' dir='ltr' id='par_1_1' title="bbox 366 313 459 369">
     <span class='ocr_line' id='line_1_1' title="bbox 366 313 459 369; baseline -0.022 0"><span class='ocrx_word' id='word_1_1' title='bbox 366 313 459 369; x_wconf 79' lang='grc'>501</span> 
     </span>
    </p>
   </div>
   <div class='ocr_carea' id='block_1_2' title="bbox 1403 319 2557 383">
    <p class='ocr_par' dir='ltr' id='par_1_2' title="bbox 1403 319 2557 383">
     <span class='ocr_line' id='line_1_2' title="bbox 1403 319 2557 383; baseline 0.007 -9"><span class='ocrx_word' id='word_1_2' title='bbox 1403 319 1490 375; x_wconf 85' lang='lat' dir='ltr'><strong>DE</strong></span> <span class='ocrx_word' id='word_1_3' title='bbox 1529 322 1898 379; x_wconf 78' lang='lat' dir='ltr'><strong>TRINITATE</strong></span> <span class='ocrx_word' id='word_1_4' title='bbox 1936 326 2135 379; x_wconf 78' lang='lat' dir='ltr'><strong>LIBER</strong></span> <span class='ocrx_word' id='word_1_5' title='bbox 2175 324 2557 383; x_wconf 73' lang='lat' dir='ltr'><strong>SECUNDUS.</strong></span> 
     </span>
    </p>
   </div>
   <div class='ocr_carea' id='block_1_3' title="bbox 366 430 1928 519">
    <p class='ocr_par' dir='ltr' id='par_1_3' title="bbox 366 430 1927 505">
     <span class='ocr_line' id='line_1_3' title="bbox 366 430 1927 505; baseline 0.009 -25"><span class='ocrx_word' id='word_1_6' title='bbox 366 430 589 498; x_wconf 82' lang='grc' dir='ltr'>Πνεῦμά</span> <span class='ocrx_word' id='word_1_7' title='bbox 620 447 733 492; x_wconf 84' lang='grc' dir='ltr'>σου,</span> <span class='ocrx_word' id='word_1_8' title='bbox 762 433 854 484; x_wconf 70' lang='grc' dir='ltr'><strong>καὶ</strong></span> <span class='ocrx_word' id='word_1_9' title='bbox 889 433 1284 502; x_wconf 76' lang='grc' dir='ltr'>κτισθήσονται,</span> <span class='ocrx_word' id='word_1_10' title='bbox 1308 455 1325 487; x_wconf 78' lang='grc' dir='ltr'><strong>ι</strong></span> <span class='ocrx_word' id='word_1_11' title='bbox 1351 444 1429 496; x_wconf 77' lang='grc' dir='ltr'>τὸ,</span> <span class='ocrx_word' id='word_1_12' title='bbox 1463 456 1477 487; x_wconf 90' lang='grc' dir='ltr'><strong>ι</strong></span> <span class='ocrx_word' id='word_1_13' title='bbox 1525 439 1927 505; x_wconf 76' lang='grc' dir='ltr'>Ἑξαποστελείς</span> 
     </span>
    </p>
   </div>
   <div class='ocr_carea' id='block_1_4' title="bbox 2033 430 3595 519">
    <p class='ocr_par' dir='ltr' id='par_1_4' title="bbox 2033 441 3595 519">
     <span class='ocr_line' id='line_1_4' title="bbox 2033 441 3595 519; baseline 0.002 -23"><span class='ocrx_word' id='word_1_14' title='bbox 2033 443 2383 511; x_wconf 76' lang='lat' dir='ltr'><strong>deruptiouis;</strong></span> <span class='ocrx_word' id='word_1_15' title='bbox 2420 463 2437 494; x_wconf 79' lang='grc' dir='ltr'><strong>ι</strong></span> <span class='ocrx_word' id='word_1_16' title='bbox 2474 456 2526 497; x_wconf 87' lang='lat' dir='ltr'><strong>et</strong></span> <span class='ocrx_word' id='word_1_17' title='bbox 2557 441 2743 497; x_wconf 77' lang='lat' dir='ltr'><strong>iisdem</strong></span> <span class='ocrx_word' id='word_1_18' title='bbox 2769 443 2948 499; x_wconf 85' lang='lat' dir='ltr'><strong>verbis</strong></span> <span class='ocrx_word' id='word_1_19' title='bbox 2979 458 3290 514; x_wconf 83' lang='lat' dir='ltr'><strong>expressum</strong></span> <span class='ocrx_word' id='word_1_20' title='bbox 3327 453 3412 499; x_wconf 87' lang='lat' dir='ltr'><strong>est</strong></span> <span class='ocrx_word' id='word_1_21' title='bbox 3436 443 3595 519; x_wconf 5' lang='lat' dir='ltr'><strong>(illud,</strong></span> 
     </span>
    </p>
   </div>
   <div class='ocr_carea' id='block_1_5' title="bbox 358 519 1929 603">
    <p class='ocr_par' dir='ltr' id='par_1_5' title="bbox 358 519 1929 603">
     <span class='ocr_line' id='line_1_5' title="bbox 358 519 1929 603; baseline 0.008 -33"><span class='ocrx_word' id='word_1_22' title='bbox 358 519 449 571; x_wconf 72' lang='grc' dir='ltr'><strong>τὸν</strong></span> <span class='ocrx_word' id='word_1_23' title='bbox 489 521 658 587; x_wconf 81' lang='grc' dir='ltr'><strong>Λόγον</strong></span> <span class='ocrx_word' id='word_1_24' title='bbox 694 540 807 586; x_wconf 88' lang='grc' dir='ltr'>σου,</span> <span class='ocrx_word' id='word_1_25' title='bbox 860 527 949 576; x_wconf 69' lang='grc' dir='ltr'>καὶ</span> <span class='ocrx_word' id='word_1_26' title='bbox 983 528 1129 596; x_wconf 72' lang='grc' dir='ltr'>τήξει</span> <span class='ocrx_word' id='word_1_27' title='bbox 1185 527 1340 579; x_wconf 75' lang='grc' dir='ltr'>αὑτά.</span> <span class='ocrx_word' id='word_1_28' title='bbox 1377 548 1393 577; x_wconf 79' lang='grc' dir='ltr'><strong>ι</strong></span> <span class='ocrx_word' id='word_1_29' title='bbox 1442 528 1736 597; x_wconf 83' lang='grc' dir='ltr'>Ἱσάμιλλόν</span> <span class='ocrx_word' id='word_1_30' title='bbox 1768 549 1824 583; x_wconf 87' lang='grc' dir='ltr'><strong>τε</strong></span> <span class='ocrx_word' id='word_1_31' title='bbox 1853 532 1929 603; x_wconf 85' lang='grc' dir='ltr'><strong>τῷ</strong></span> 
     </span>
    </p>
   </div>
   <div class='ocr_carea' id='block_1_6' title="bbox 358 614 1932 693">
    <p class='ocr_par' dir='ltr' id='par_1_6' title="bbox 358 614 1932 693">
     <span class='ocr_line' id='line_1_6' title="bbox 358 614 1932 693; baseline 0.006 -27"><span class='ocrx_word' id='word_1_32' title='bbox 358 615 555 675; x_wconf 73' lang='grc' dir='ltr'>εἰπεῖν,</span> <span class='ocrx_word' id='word_1_33' title='bbox 599 631 617 664; x_wconf 83' lang='grc' dir='ltr'><strong>ι</strong></span> <span class='ocrx_word' id='word_1_34' title='bbox 642 614 841 684; x_wconf 74' lang='grc' dir='ltr'>Κύριος</span> <span class='ocrx_word' id='word_1_35' title='bbox 882 621 1143 687; x_wconf 82' lang='grc' dir='ltr'>μαρτυρεί</span> <span class='ocrx_word' id='word_1_36' title='bbox 1164 622 1228 689; x_wconf 84' lang='grc' dir='ltr'>τῇ</span> <span class='ocrx_word' id='word_1_37' title='bbox 1261 621 1365 690; x_wconf 81' lang='grc' dir='ltr'>ἐμῇ</span> <span class='ocrx_word' id='word_1_38' title='bbox 1404 620 1570 691; x_wconf 73' lang='grc' dir='ltr'>ψυχῇ,</span> <span class='ocrx_word' id='word_1_39' title='bbox 1606 622 1685 673; x_wconf 81' lang='grc' dir='ltr'>ὅτι</span> <span class='ocrx_word' id='word_1_40' title='bbox 1714 624 1773 675; x_wconf 79' lang='grc' dir='ltr'>οὺ</span> <span class='ocrx_word' id='word_1_41' title='bbox 1801 624 1932 693; x_wconf 78' lang='grc' dir='ltr'>ψεύ-</span> 
     </span>
    </p>
   </div>
   <div class='ocr_carea' id='block_1_7' title="bbox 355 701 1931 781">
    <p class='ocr_par' dir='ltr' id='par_1_7' title="bbox 355 701 1931 781">
     <span class='ocr_line' id='line_1_7' title="bbox 355 701 1931 781; baseline 0.007 -27"><span class='ocrx_word' id='word_1_42' title='bbox 355 701 542 772; x_wconf 81' lang='grc' dir='ltr'>δομαι,</span> <span class='ocrx_word' id='word_1_43' title='bbox 580 722 598 753; x_wconf 78' lang='grc' dir='ltr'><strong>ι</strong></span> <span class='ocrx_word' id='word_1_44' title='bbox 631 704 691 756; x_wconf 78' lang='grc' dir='ltr'>τὸ</span> <span class='ocrx_word' id='word_1_45' title='bbox 730 706 958 775; x_wconf 78' lang='grc' dir='ltr'><strong>γράφειν</strong></span> <span class='ocrx_word' id='word_1_46' title='bbox 983 725 995 738; x_wconf 83' lang='grc'><em>’</em></span> <span class='ocrx_word' id='word_1_47' title='bbox 1038 728 1054 758; x_wconf 84' lang='grc' dir='ltr'><strong>ι</strong></span> <span class='ocrx_word' id='word_1_48' title='bbox 1088 708 1159 761; x_wconf 80' lang='grc' dir='ltr'><strong>Τὸ</strong></span> <span class='ocrx_word' id='word_1_49' title='bbox 1203 709 1425 780; x_wconf 88' lang='grc' dir='ltr'>Πνεῦμα</span> <span class='ocrx_word' id='word_1_50' title='bbox 1460 712 1557 781; x_wconf 75' lang='grc' dir='ltr'>τῆς</span> <span class='ocrx_word' id='word_1_51' title='bbox 1591 712 1864 781; x_wconf 76' lang='grc' dir='ltr'>ἀληθείας,</span> <span class='ocrx_word' id='word_1_52' title='bbox 1903 714 1931 766; x_wconf 89' lang='grc' dir='ltr'>ὃ</span> 
     </span>
    </p>
   </div>
   <div class='ocr_carea' id='block_1_8' title="bbox 355 794 1930 873">
    <p class='ocr_par' dir='ltr' id='par_1_8' title="bbox 355 794 1930 873">
     <span class='ocr_line' id='line_1_8' title="bbox 355 794 1930 873; baseline 0.006 -29"><span class='ocrx_word' id='word_1_53' title='bbox 355 794 511 865; x_wconf 79' lang='grc' dir='ltr'><strong>παρά</strong></span> <span class='ocrx_word' id='word_1_54' title='bbox 537 794 630 846; x_wconf 81' lang='grc' dir='ltr'><strong>τοῦ</strong></span> <span class='ocrx_word' id='word_1_55' title='bbox 673 796 885 869; x_wconf 62' lang='grc' dir='ltr'>Πατρός</span> <span class='ocrx_word' id='word_1_56' title='bbox 922 798 1296 867; x_wconf 76' lang='grc' dir='ltr'>ἐκπορεύεται,</span> <span class='ocrx_word' id='word_1_57' title='bbox 1345 800 1551 864; x_wconf 85' lang='grc' dir='ltr'>ἐκεῖνος</span> <span class='ocrx_word' id='word_1_58' title='bbox 1594 803 1930 873; x_wconf 81' lang='grc' dir='ltr'>μαρτυρήσει</span> 
     </span>
    </p>
   </div>
   <div class='ocr_carea' id='block_1_9' title="bbox 355 886 1931 963">
    <p class='ocr_par' dir='ltr' id='par_1_9' title="bbox 355 886 1931 963">
     <span class='ocr_line' id='line_1_9' title="bbox 355 886 1931 963; baseline 0.005 -27"><span class='ocrx_word' id='word_1_59' title='bbox 355 886 686 955; x_wconf 72' lang='grc' dir='ltr'>περὶιέμοῦ·</span> <span class='ocrx_word' id='word_1_60' title='bbox 724 905 743 937; x_wconf 83' lang='grc' dir='ltr'><strong>ι</strong></span> <span class='ocrx_word' id='word_1_61' title='bbox 788 887 897 949; x_wconf 75' lang='grc' dir='ltr'>καὶ,</span> <span class='ocrx_word' id='word_1_62' title='bbox 944 907 961 938; x_wconf 78' lang='grc' dir='ltr'><strong>ι</strong></span> <span class='ocrx_word' id='word_1_63' title='bbox 1003 889 1074 941; x_wconf 78' lang='grc' dir='ltr'>Τὸ</span> <span class='ocrx_word' id='word_1_64' title='bbox 1115 889 1341 960; x_wconf 80' lang='grc' dir='ltr'>Πνεῦμα</span> <span class='ocrx_word' id='word_1_65' title='bbox 1389 890 1813 963; x_wconf 83' lang='grc' dir='ltr'>διαμαρτύρεταί</span> <span class='ocrx_word' id='word_1_66' title='bbox 1866 910 1931 962; x_wconf 87' lang='grc' dir='ltr'><strong>με</strong></span> 
     </span>
    </p>
   </div>
   <div class='ocr_carea' id='block_1_10' title="bbox 357 976 1931 1052">
    <p class='ocr_par' dir='ltr' id='par_1_10' title="bbox 357 976 1931 1052">
     <span class='ocr_line' id='line_1_10' title="bbox 357 976 1931 1052; baseline 0.005 -23"><span class='ocrx_word' id='word_1_67' title='bbox 357 977 504 1029; x_wconf 83' lang='grc' dir='ltr'><strong>κατά</strong></span> <span class='ocrx_word' id='word_1_68' title='bbox 554 976 708 1028; x_wconf 85' lang='grc' dir='ltr'>πόλιν</span> <span class='ocrx_word' id='word_1_69' title='bbox 759 977 933 1045; x_wconf 78' lang='grc' dir='ltr'>λέγον.</span> <span class='ocrx_word' id='word_1_70' title='bbox 970 997 987 1029; x_wconf 76' lang='grc' dir='ltr'><strong>ι</strong></span> <span class='ocrx_word' id='word_1_71' title='bbox 1034 980 1459 1051; x_wconf 82' lang='grc' dir='ltr'>Ἀπεικασμένον</span> <span class='ocrx_word' id='word_1_72' title='bbox 1504 1000 1562 1034; x_wconf 85' lang='grc' dir='ltr'><strong>τε</strong></span> <span class='ocrx_word' id='word_1_73' title='bbox 1611 982 1686 1051; x_wconf 84' lang='grc' dir='ltr'>τῷ</span> <span class='ocrx_word' id='word_1_74' title='bbox 1723 983 1931 1052; x_wconf 85' lang='grc' dir='ltr'>λέγοντι</span> 
     </span>
    </p>
   </div>
   <div class='ocr_carea' id='block_1_11' title="bbox 364 1067 1932 1146">
    <p class='ocr_par' dir='ltr' id='par_1_11' title="bbox 364 1067 1932 1146">
     <span class='ocr_line' id='line_1_11' title="bbox 364 1067 1932 1146; baseline 0.006 -27"><span class='ocrx_word' id='word_1_75' title='bbox 364 1067 671 1138; x_wconf 82' lang='grc' dir='ltr'>Δεσποτικῷ</span> <span class='ocrx_word' id='word_1_76' title='bbox 701 1069 923 1139; x_wconf 85' lang='grc' dir='ltr'>ματι,</span> <span class='ocrx_word' id='word_1_77' title='bbox 954 1088 972 1120; x_wconf 80' lang='grc' dir='ltr'><strong>ι</strong></span> <span class='ocrx_word' id='word_1_78' title='bbox 1013 1069 1140 1123; x_wconf 79' lang='grc' dir='ltr'>Ἰδοὺ</span> <span class='ocrx_word' id='word_1_79' title='bbox 1170 1072 1479 1124; x_wconf 80' lang='grc' dir='ltr'><strong>ἀποστέλλω</strong></span> <span class='ocrx_word' id='word_1_80' title='bbox 1508 1074 1669 1144; x_wconf 79' lang='grc' dir='ltr'>ὑμᾶς,</span> <span class='ocrx_word' id='word_1_81' title='bbox 1696 1074 1771 1137; x_wconf 83' lang='grc' dir='ltr'>ὡς</span> <span class='ocrx_word' id='word_1_82' title='bbox 1800 1076 1932 1146; x_wconf 87' lang='grc' dir='ltr'>πρό-</span> 
     </span>
    </p>
   </div>
   <div class='ocr_carea' id='block_1_12' title="bbox 365 1156 1932 1236">
    <p class='ocr_par' dir='ltr' id='par_1_12' title="bbox 365 1156 1932 1236">
     <span class='ocr_line' id='line_1_12' title="bbox 365 1156 1932 1236; baseline 0.006 -27"><span class='ocrx_word' id='word_1_83' title='bbox 365 1156 504 1211; x_wconf 74' lang='grc' dir='ltr'>ϐατα</span> <span class='ocrx_word' id='word_1_84' title='bbox 536 1160 593 1210; x_wconf 84' lang='grc' dir='ltr'><strong>ἐν</strong></span> <span class='ocrx_word' id='word_1_85' title='bbox 620 1159 771 1228; x_wconf 84' lang='grc' dir='ltr'>μέσῳ</span> <span class='ocrx_word' id='word_1_86' title='bbox 802 1160 998 1224; x_wconf 74' lang='grc' dir='ltr'>λύκων,</span> <span class='ocrx_word' id='word_1_87' title='bbox 1039 1180 1056 1212; x_wconf 82' lang='grc' dir='ltr'><strong>ι</strong></span> <span class='ocrx_word' id='word_1_88' title='bbox 1095 1162 1173 1226; x_wconf 81' lang='grc' dir='ltr'><strong>τὸ,</strong></span> <span class='ocrx_word' id='word_1_89' title='bbox 1207 1182 1224 1214; x_wconf 80' lang='grc' dir='ltr'><strong>ι</strong></span> <span class='ocrx_word' id='word_1_90' title='bbox 1264 1157 1422 1216; x_wconf 78' lang='grc' dir='ltr'>Οὗτοι</span> <span class='ocrx_word' id='word_1_91' title='bbox 1456 1163 1551 1234; x_wconf 82' lang='grc' dir='ltr'><strong>μὲν</strong></span> <span class='ocrx_word' id='word_1_92' title='bbox 1599 1160 1689 1217; x_wconf 77' lang='grc' dir='ltr'>οὖν</span> <span class='ocrx_word' id='word_1_93' title='bbox 1724 1168 1932 1236; x_wconf 78' lang='grc' dir='ltr'>ἐκπεμ-</span> 
     </span>
    </p>
   </div>
   <div class='ocr_carea' id='block_1_13' title="bbox 367 1248 1932 1327">
    <p class='ocr_par' dir='ltr' id='par_1_13' title="bbox 367 1248 1932 1327">
     <span class='ocr_line' id='line_1_13' title="bbox 367 1248 1932 1327; baseline 0.006 -27"><span class='ocrx_word' id='word_1_94' title='bbox 367 1248 587 1316; x_wconf 67' lang='grc' dir='ltr'>φθέντες</span> <span class='ocrx_word' id='word_1_95' title='bbox 632 1251 737 1303; x_wconf 82' lang='grc' dir='ltr'><strong>ὑπὸ</strong></span> <span class='ocrx_word' id='word_1_96' title='bbox 774 1250 867 1303; x_wconf 86' lang='grc' dir='ltr'><strong>τοῦ</strong></span> <span class='ocrx_word' id='word_1_97' title='bbox 916 1253 1229 1323; x_wconf 72' lang='grc' dir='ltr'>Πνεῦματος</span> <span class='ocrx_word' id='word_1_98' title='bbox 1282 1251 1375 1307; x_wconf 86' lang='grc' dir='ltr'><strong>τοῦ</strong></span> <span class='ocrx_word' id='word_1_99' title='bbox 1425 1254 1613 1323; x_wconf 90' lang='grc' dir='ltr'>ἁγίου,</span> <span class='ocrx_word' id='word_1_100' title='bbox 1668 1256 1932 1327; x_wconf 77' lang='grc' dir='ltr'>κατῆλθον</span> 
     </span>
    </p>
   </div>
   <div class='ocr_carea' id='block_1_14' title="bbox 364 1341 1933 1420">
    <p class='ocr_par' dir='ltr' id='par_1_14' title="bbox 364 1341 1933 1420">
     <span class='ocr_line' id='line_1_14' title="bbox 364 1341 1933 1420; baseline 0.007 -29"><span class='ocrx_word' id='word_1_101' title='bbox 364 1342 444 1402; x_wconf 73' lang='grc' dir='ltr'>εἰς</span> <span class='ocrx_word' id='word_1_102' title='bbox 473 1341 810 1395; x_wconf 82' lang='grc' dir='ltr'>Σελεύκειαν.</span> <span class='ocrx_word' id='word_1_103' title='bbox 846 1363 862 1392; x_wconf 83' lang='grc' dir='ltr'><strong>ι</strong></span> <span class='ocrx_word' id='word_1_104' title='bbox 898 1344 1004 1396; x_wconf 77' lang='grc' dir='ltr'>Καὶ</span> <span class='ocrx_word' id='word_1_105' title='bbox 1040 1345 1151 1397; x_wconf 73' lang='grc' dir='ltr'>ἴσον</span> <span class='ocrx_word' id='word_1_106' title='bbox 1183 1345 1242 1398; x_wconf 80' lang='grc' dir='ltr'><strong>τὸ</strong></span> <span class='ocrx_word' id='word_1_107' title='bbox 1268 1346 1519 1417; x_wconf 79' lang='grc' dir='ltr'>γράφειν,</span> <span class='ocrx_word' id='word_1_108' title='bbox 1557 1366 1574 1397; x_wconf 80' lang='grc' dir='ltr'><strong>ι</strong></span> <span class='ocrx_word' id='word_1_109' title='bbox 1614 1349 1675 1400; x_wconf 77' lang='lat' dir='ltr'><strong>Ei</strong></span> <span class='ocrx_word' id='word_1_110' title='bbox 1708 1348 1933 1420; x_wconf 81' lang='grc' dir='ltr'>δοκιμὴν</span> 
     </span>
    </p>
   </div>
   <div class='ocr_carea' id='block_1_15' title="bbox 360 1432 1935 1507">
    <p class='ocr_par' dir='ltr' id='par_1_15' title="bbox 360 1432 1935 1507">
     <span class='ocr_line' id='line_1_15' title="bbox 360 1432 1935 1507; baseline 0.004 -24"><span class='ocrx_word' id='word_1_111' title='bbox 360 1432 578 1502; x_wconf 78' lang='grc' dir='ltr'>ζητεῖτε</span> <span class='ocrx_word' id='word_1_112' title='bbox 617 1432 711 1485; x_wconf 88' lang='grc' dir='ltr'><strong>τοῦ</strong></span> <span class='ocrx_word' id='word_1_113' title='bbox 760 1437 815 1486; x_wconf 81' lang='grc' dir='ltr'><strong>ἐν</strong></span> <span class='ocrx_word' id='word_1_114' title='bbox 854 1435 975 1504; x_wconf 77' lang='grc' dir='ltr'>ἐμοὶ</span> <span class='ocrx_word' id='word_1_115' title='bbox 1026 1433 1312 1499; x_wconf 84' lang='grc' dir='ltr'>λαλοῦντος</span> <span class='ocrx_word' id='word_1_116' title='bbox 1344 1437 1598 1507; x_wconf 83' lang='grc' dir='ltr'>Χριστοῦ,</span> <span class='ocrx_word' id='word_1_117' title='bbox 1636 1456 1652 1486; x_wconf 85' lang='grc' dir='ltr'><strong>ι</strong></span> <span class='ocrx_word' id='word_1_118' title='bbox 1689 1436 1765 1506; x_wconf 79' lang='grc' dir='ltr'><strong>τῷ</strong></span> <span class='ocrx_word' id='word_1_119' title='bbox 1801 1438 1935 1506; x_wconf 88' lang='grc' dir='ltr'>γρά-</span> 
     </span>
    </p>
   </div>
   <div class='ocr_carea' id='block_1_16' title="bbox 358 1524 1930 1596">
    <p class='ocr_par' dir='ltr' id='par_1_16' title="bbox 358 1524 1930 1596">
     <span class='ocr_line' id='line_1_16' title="bbox 358 1524 1930 1596; baseline 0.003 -21"><span class='ocrx_word' id='word_1_120' title='bbox 358 1540 504 1592; x_wconf 73' lang='grc' dir='ltr'>φειν,</span> <span class='ocrx_word' id='word_1_121' title='bbox 532 1524 614 1576; x_wconf 84' lang='grc' dir='ltr'>ὅτι</span> <span class='ocrx_word' id='word_1_122' title='bbox 646 1542 664 1575; x_wconf 81' lang='grc' dir='ltr'><strong>ι</strong></span> <span class='ocrx_word' id='word_1_123' title='bbox 696 1524 917 1591; x_wconf 78' lang='grc' dir='ltr'>Ἔλεγον</span> <span class='ocrx_word' id='word_1_124' title='bbox 965 1525 1042 1595; x_wconf 83' lang='grc' dir='ltr'><strong>τῷ</strong></span> <span class='ocrx_word' id='word_1_125' title='bbox 1096 1525 1295 1595; x_wconf 79' lang='grc' dir='ltr'>Παύλῳ</span> <span class='ocrx_word' id='word_1_126' title='bbox 1330 1525 1418 1579; x_wconf 80' lang='grc' dir='ltr'><strong>διὰ</strong></span> <span class='ocrx_word' id='word_1_127' title='bbox 1456 1526 1550 1579; x_wconf 86' lang='grc' dir='ltr'><strong>τοῦ</strong></span> <span class='ocrx_word' id='word_1_128' title='bbox 1584 1525 1893 1596; x_wconf 84' lang='grc' dir='ltr'>Πνεύματος</span> <span class='ocrx_word' id='word_1_129' title='bbox 1918 1543 1930 1555; x_wconf 90' lang='grc'><strong>·</strong></span> 
     </span>
    </p>
   </div>
   <div class='ocr_carea' id='block_1_17' title="bbox 356 1615 1932 1688">
    <p class='ocr_par' dir='ltr' id='par_1_17' title="bbox 356 1615 1932 1688">
     <span class='ocr_line' id='line_1_17' title="bbox 356 1615 1932 1688; baseline 0.001 -20"><span class='ocrx_word' id='word_1_130' title='bbox 356 1616 453 1685; x_wconf 81' lang='grc' dir='ltr'>Μὴ</span> <span class='ocrx_word' id='word_1_131' title='bbox 500 1615 756 1668; x_wconf 77' lang='grc' dir='ltr'>ἀνάϐαινε</span> <span class='ocrx_word' id='word_1_132' title='bbox 803 1618 883 1679; x_wconf 86' lang='grc' dir='ltr'>εἰς</span> <span class='ocrx_word' id='word_1_133' title='bbox 920 1616 1289 1687; x_wconf 78' lang='grc' dir='ltr'>Ἰερουσαλήμ.</span> <span class='ocrx_word' id='word_1_134' title='bbox 1333 1636 1350 1667; x_wconf 78' lang='grc' dir='ltr'><strong>ι</strong></span> <span class='ocrx_word' id='word_1_135' title='bbox 1406 1618 1671 1685; x_wconf 86' lang='grc' dir='ltr'>Συγγενές</span> <span class='ocrx_word' id='word_1_136' title='bbox 1718 1634 1775 1670; x_wconf 85' lang='grc' dir='ltr'><strong>τε</strong></span> <span class='ocrx_word' id='word_1_137' title='bbox 1821 1617 1932 1688; x_wconf 85' lang='grc' dir='ltr'>τῷ,</span> 
     </span>
    </p>
   </div>
   <div class='ocr_carea' id='block_1_18' title="bbox 359 1707 1935 1780">
    <p class='ocr_par' dir='ltr' id='par_1_18' title="bbox 359 1707 1935 1780">
     <span class='ocr_line' id='line_1_18' title="bbox 359 1707 1935 1780; baseline 0.004 -24"><span class='ocrx_word' id='word_1_138' title='bbox 359 1727 380 1756; x_wconf 67' lang='grc' dir='ltr'><strong>ι</strong></span> <span class='ocrx_word' id='word_1_139' title='bbox 427 1709 488 1759; x_wconf 84' lang='grc' dir='ltr'>Ὀ</span> <span class='ocrx_word' id='word_1_140' title='bbox 521 1708 649 1770; x_wconf 75' lang='grc' dir='ltr'>Υἱὸς</span> <span class='ocrx_word' id='word_1_141' title='bbox 673 1708 785 1779; x_wconf 82' lang='grc' dir='ltr'><strong>ζωὴ</strong></span> <span class='ocrx_word' id='word_1_142' title='bbox 825 1707 1058 1768; x_wconf 78' lang='grc' dir='ltr'>αἰώνιος,</span> <span class='ocrx_word' id='word_1_143' title='bbox 1097 1727 1115 1758; x_wconf 80' lang='grc' dir='ltr'><strong>ι</strong></span> <span class='ocrx_word' id='word_1_144' title='bbox 1152 1709 1212 1760; x_wconf 84' lang='grc' dir='ltr'><strong>τὸ</strong></span> <span class='ocrx_word' id='word_1_145' title='bbox 1242 1709 1331 1761; x_wconf 84' lang='grc' dir='ltr'>ὑπ’</span> <span class='ocrx_word' id='word_1_146' title='bbox 1360 1709 1521 1762; x_wconf 79' lang='grc' dir='ltr'>αὑτοῦ</span> <span class='ocrx_word' id='word_1_147' title='bbox 1552 1709 1772 1780; x_wconf 71' lang='grc' dir='ltr'>λεχθέν*</span> <span class='ocrx_word' id='word_1_148' title='bbox 1812 1726 1832 1760; x_wconf 75' lang='grc' dir='ltr'><strong>ι</strong></span> <span class='ocrx_word' id='word_1_149' title='bbox 1863 1709 1935 1762; x_wconf 83' lang='grc' dir='ltr'>Τὸ</span> 
     </span>
    </p>
   </div>
   <div class='ocr_carea' id='block_1_19' title="bbox 2037 534 3593 611">
    <p class='ocr_par' dir='ltr' id='par_1_19' title="bbox 2037 534 3593 611">
     <span class='ocr_line' id='line_1_19' title="bbox 2037 534 3593 611; baseline 0.001 -26"><span class='ocrx_word' id='word_1_150' title='bbox 2037 534 2291 589; x_wconf 75' lang='grc' dir='ltr'>«Ειιιὶιιθε</span> <span class='ocrx_word' id='word_1_151' title='bbox 2323 535 2433 611; x_wconf 55' lang='grc'>(74)</span> <span class='ocrx_word' id='word_1_152' title='bbox 2460 534 2723 604; x_wconf 88' lang='lat' dir='ltr'><strong>Spiritum</strong></span> <span class='ocrx_word' id='word_1_153' title='bbox 2750 542 2920 598; x_wconf 89' lang='lat' dir='ltr'><strong>tuum,</strong></span> <span class='ocrx_word' id='word_1_154' title='bbox 2943 546 2998 590; x_wconf 93' lang='lat' dir='ltr'><strong>et</strong></span> <span class='ocrx_word' id='word_1_155' title='bbox 3028 535 3378 599; x_wconf 88' lang='lat' dir='ltr'><strong>creabuntur,</strong></span> <span class='ocrx_word' id='word_1_156' title='bbox 3412 553 3431 587; x_wconf 80' lang='grc' dir='ltr'><strong>ι</strong></span> <span class='ocrx_word' id='word_1_157' title='bbox 3470 535 3593 604; x_wconf 89' lang='lat' dir='ltr'><strong>qui-</strong></span> 
     </span>
    </p>
   </div>
   <div class='ocr_carea' id='block_1_20' title="bbox 2031 625 3596 695">
    <p class='ocr_par' dir='ltr' id='par_1_20' title="bbox 2031 625 3596 695">
     <span class='ocr_line' id='line_1_20' title="bbox 2031 625 3596 695; baseline 0.001 -16"><span class='ocrx_word' id='word_1_158' title='bbox 2031 627 2129 679; x_wconf 89' lang='lat' dir='ltr'><strong>bus</strong></span> <span class='ocrx_word' id='word_1_159' title='bbox 2162 626 2263 679; x_wconf 90' lang='lat' dir='ltr'><strong>hoc</strong></span> <span class='ocrx_word' id='word_1_160' title='bbox 2294 626 2549 680; x_wconf 87' lang='lat' dir='ltr'><strong>alterum:</strong></span> <span class='ocrx_word' id='word_1_161' title='bbox 2586 644 2603 676; x_wconf 85' lang='grc' dir='ltr'><strong>ι</strong></span> <span class='ocrx_word' id='word_1_162' title='bbox 2640 626 2863 681; x_wconf 86' lang='lat' dir='ltr'><strong>Emittes</strong></span> <span class='ocrx_word' id='word_1_163' title='bbox 2898 626 3127 680; x_wconf 79' lang='lat' dir='ltr'><strong>Verbum</strong></span> <span class='ocrx_word' id='word_1_164' title='bbox 3161 625 3274 695; x_wconf 77' lang='lat'><strong>(75)</strong></span> <span class='ocrx_word' id='word_1_165' title='bbox 3315 634 3486 689; x_wconf 83' lang='lat' dir='ltr'><strong>tuum,</strong></span> <span class='ocrx_word' id='word_1_166' title='bbox 3540 634 3596 681; x_wconf 85' lang='lat' dir='ltr'><strong>et</strong></span> 
     </span>
    </p>
   </div>
   <div class='ocr_carea' id='block_1_21' title="bbox 2034 711 3596 782">
    <p class='ocr_par' dir='ltr' id='par_1_21' title="bbox 2034 711 3596 782">
     <span class='ocr_line' id='line_1_21' title="bbox 2034 711 3596 782; baseline 0.003 -17"><span class='ocrx_word' id='word_1_167' title='bbox 2034 712 2344 781; x_wconf 82' lang='lat' dir='ltr'><strong>liquefacict</strong></span> <span class='ocrx_word' id='word_1_168' title='bbox 2378 728 2473 774; x_wconf 85' lang='lat' dir='ltr'><strong>ea;</strong></span> <span class='ocrx_word' id='word_1_169' title='bbox 2508 733 2525 765; x_wconf 81' lang='grc' dir='ltr'><strong>ι</strong></span> <span class='ocrx_word' id='word_1_170' title='bbox 2561 724 2613 767; x_wconf 94' lang='lat' dir='ltr'><strong>et</strong></span> <span class='ocrx_word' id='word_1_171' title='bbox 2641 715 2761 767; x_wconf 83' lang='lat' dir='ltr'><strong>huic</strong></span> <span class='ocrx_word' id='word_1_172' title='bbox 2794 714 2930 778; x_wconf 93' lang='lat' dir='ltr'><strong>loco,</strong></span> <span class='ocrx_word' id='word_1_173' title='bbox 2964 731 2982 764; x_wconf 82' lang='grc' dir='ltr'><strong>ι</strong></span> <span class='ocrx_word' id='word_1_174' title='bbox 3015 713 3270 768; x_wconf 89' lang='lat' dir='ltr'><strong>Dominus</strong></span> <span class='ocrx_word' id='word_1_175' title='bbox 3300 711 3413 782; x_wconf 89' lang='lat'><strong>(76)</strong></span> <span class='ocrx_word' id='word_1_176' title='bbox 3440 712 3596 769; x_wconf 77' lang='lat' dir='ltr'><strong>teStis</strong></span> 
     </span>
    </p>
   </div>
   <div class='ocr_carea' id='block_1_22' title="bbox 2030 804 3597 874">
    <p class='ocr_par' dir='ltr' id='par_1_22' title="bbox 2030 804 3597 874">
     <span class='ocr_line' id='line_1_22' title="bbox 2030 804 3597 874; baseline 0 -15"><span class='ocrx_word' id='word_1_177' title='bbox 2030 814 2114 859; x_wconf 88' lang='lat' dir='ltr'><strong>est</strong></span> <span class='ocrx_word' id='word_1_178' title='bbox 2154 805 2345 859; x_wconf 66' lang='lat' dir='ltr'><strong>anima:</strong></span> <span class='ocrx_word' id='word_1_179' title='bbox 2374 820 2526 870; x_wconf 61' lang='lat' dir='ltr'><strong>mete,</strong></span> <span class='ocrx_word' id='word_1_180' title='bbox 2557 805 2698 874; x_wconf 91' lang='lat' dir='ltr'><strong>quod</strong></span> <span class='ocrx_word' id='word_1_181' title='bbox 2731 820 2834 859; x_wconf 89' lang='lat' dir='ltr'><strong>non</strong></span> <span class='ocrx_word' id='word_1_182' title='bbox 2861 806 3115 869; x_wconf 86' lang='lat' dir='ltr'><strong>mentior,</strong></span> <span class='ocrx_word' id='word_1_183' title='bbox 3148 823 3166 856; x_wconf 80' lang='grc' dir='ltr'><strong>ι</strong></span> <span class='ocrx_word' id='word_1_184' title='bbox 3215 806 3463 874; x_wconf 88' lang='lat' dir='ltr'><strong>congruit</strong></span> <span class='ocrx_word' id='word_1_185' title='bbox 3507 804 3597 859; x_wconf 86' lang='lat' dir='ltr'><strong>hic</strong></span> 
     </span>
    </p>
   </div>
   <div class='ocr_carea' id='block_1_23' title="bbox 2032 895 3593 965">
    <p class='ocr_par' dir='ltr' id='par_1_23' title="bbox 2032 895 3593 965">
     <span class='ocr_line' id='line_1_23' title="bbox 2032 895 3593 965; baseline 0 -18"><span class='ocrx_word' id='word_1_186' title='bbox 2032 895 2199 950; x_wconf 88' lang='lat' dir='ltr'><strong>alter:</strong></span> <span class='ocrx_word' id='word_1_187' title='bbox 2233 914 2253 946; x_wconf 86' lang='grc'><strong>‹</strong></span> <span class='ocrx_word' id='word_1_188' title='bbox 2298 896 2528 965; x_wconf 78' lang='lat' dir='ltr'><strong>Spiritus</strong></span> <span class='ocrx_word' id='word_1_189' title='bbox 2559 896 2670 965; x_wconf 89' lang='lat'><strong>(77)</strong></span> <span class='ocrx_word' id='word_1_190' title='bbox 2706 897 2949 950; x_wconf 73' lang='lat' dir='ltr'><strong>veritatis</strong></span> <span class='ocrx_word' id='word_1_191' title='bbox 2982 896 3072 965; x_wconf 90' lang='lat' dir='ltr'><strong>qui</strong></span> <span class='ocrx_word' id='word_1_192' title='bbox 3103 910 3129 948; x_wconf 93' lang='lat' dir='ltr'><strong>a</strong></span> <span class='ocrx_word' id='word_1_193' title='bbox 3157 895 3315 950; x_wconf 87' lang='lat' dir='ltr'><strong>Patre</strong></span> <span class='ocrx_word' id='word_1_194' title='bbox 3333 895 3593 965; x_wconf 85' lang='lat' dir='ltr'><strong>procedit,</strong></span> 
     </span>
    </p>
   </div>
   <div class='ocr_carea' id='block_1_24' title="bbox 2032 985 3597 1056">
    <p class='ocr_par' dir='ltr' id='par_1_24' title="bbox 2032 985 3597 1056">
     <span class='ocr_line' id='line_1_24' title="bbox 2032 985 3597 1056; baseline 0.001 -17"><span class='ocrx_word' id='word_1_195' title='bbox 2032 986 2521 1056; x_wconf 89' lang='lat' dir='ltr'><strong>ipsetestimonium</strong></span> <span class='ocrx_word' id='word_1_196' title='bbox 2569 988 2869 1056; x_wconf 90' lang='lat' dir='ltr'><strong>perhibebit</strong></span> <span class='ocrx_word' id='word_1_197' title='bbox 2906 989 2970 1041; x_wconf 81' lang='lat' dir='ltr'><strong>de</strong></span> <span class='ocrx_word' id='word_1_198' title='bbox 3020 1001 3123 1053; x_wconf 87' lang='lat' dir='ltr'><strong>me,</strong></span> <span class='ocrx_word' id='word_1_199' title='bbox 3163 1002 3182 1038; x_wconf 85' lang='grc' dir='ltr'><strong>ι</strong></span> <span class='ocrx_word' id='word_1_200' title='bbox 3222 987 3459 1055; x_wconf 87' lang='lat' dir='ltr'><strong>itemque</strong></span> <span class='ocrx_word' id='word_1_201' title='bbox 3507 985 3597 1041; x_wconf 88' lang='lat' dir='ltr'><strong>hic</strong></span> 
     </span>
    </p>
   </div>
   <div class='ocr_carea' id='block_1_25' title="bbox 2032 1076 3593 1147">
    <p class='ocr_par' dir='ltr' id='par_1_25' title="bbox 2032 1076 3593 1147">
     <span class='ocr_line' id='line_1_25' title="bbox 2032 1076 3593 1147; baseline 0 -16"><span class='ocrx_word' id='word_1_202' title='bbox 2032 1078 2203 1132; x_wconf 91' lang='lat' dir='ltr'><strong>alius:</strong></span> <span class='ocrx_word' id='word_1_203' title='bbox 2237 1095 2256 1129; x_wconf 84' lang='grc' dir='ltr'><strong>ι</strong></span> <span class='ocrx_word' id='word_1_204' title='bbox 2293 1076 2526 1146; x_wconf 91' lang='lat' dir='ltr'><strong>Spiritus</strong></span> <span class='ocrx_word' id='word_1_205' title='bbox 2559 1076 2670 1147; x_wconf 85' lang='lat'><strong>(78)</strong></span> <span class='ocrx_word' id='word_1_206' title='bbox 2701 1086 3033 1131; x_wconf 78' lang='lat' dir='ltr'><strong>contestatur</strong></span> <span class='ocrx_word' id='word_1_207' title='bbox 3056 1090 3139 1129; x_wconf 90' lang='lat' dir='ltr'><strong>me</strong></span> <span class='ocrx_word' id='word_1_208' title='bbox 3174 1090 3268 1145; x_wconf 88' lang='lat' dir='ltr'><strong>per</strong></span> <span class='ocrx_word' id='word_1_209' title='bbox 3322 1077 3593 1131; x_wconf 89' lang='lat' dir='ltr'><strong>civitatem</strong></span> 
     </span>
    </p>
   </div>
   <div class='ocr_carea' id='block_1_26' title="bbox 2033 1167 3595 1236">
    <p class='ocr_par' dir='ltr' id='par_1_26' title="bbox 2033 1167 3595 1236">
     <span class='ocr_line' id='line_1_26' title="bbox 2033 1167 3595 1236; baseline 0.001 -15"><span class='ocrx_word' id='word_1_210' title='bbox 2033 1170 2251 1233; x_wconf 87' lang='lat' dir='ltr'><strong>dicens;</strong></span> <span class='ocrx_word' id='word_1_211' title='bbox 2287 1187 2303 1219; x_wconf 79' lang='grc' dir='ltr'><strong>ι</strong></span> <span class='ocrx_word' id='word_1_212' title='bbox 2335 1178 2389 1222; x_wconf 92' lang='lat' dir='ltr'><strong>et</strong></span> <span class='ocrx_word' id='word_1_213' title='bbox 2421 1168 2523 1222; x_wconf 90' lang='lat' dir='ltr'><strong>illis</strong></span> <span class='ocrx_word' id='word_1_214' title='bbox 2549 1168 2755 1221; x_wconf 86' lang='lat' dir='ltr'><strong>Domini</strong></span> <span class='ocrx_word' id='word_1_215' title='bbox 2809 1168 3003 1228; x_wconf 88' lang='lat' dir='ltr'><strong>verbis,</strong></span> <span class='ocrx_word' id='word_1_216' title='bbox 3038 1186 3056 1219; x_wconf 80' lang='grc' dir='ltr'><strong>ι</strong></span> <span class='ocrx_word' id='word_1_217' title='bbox 3106 1168 3241 1222; x_wconf 85' lang='lat' dir='ltr'><strong>Ecce</strong></span> <span class='ocrx_word' id='word_1_218' title='bbox 3277 1167 3389 1236; x_wconf 87' lang='lat'><strong>(79)</strong></span> <span class='ocrx_word' id='word_1_219' title='bbox 3440 1167 3595 1223; x_wconf 91' lang='lat' dir='ltr'><strong>mitto</strong></span> 
     </span>
    </p>
   </div>
   <div class='ocr_carea' id='block_1_27' title="bbox 2034 1260 3596 1329">
    <p class='ocr_par' dir='ltr' id='par_1_27' title="bbox 2034 1260 3596 1329">
     <span class='ocr_line' id='line_1_27' title="bbox 2034 1260 3596 1329; baseline 0.001 -17"><span class='ocrx_word' id='word_1_220' title='bbox 2034 1275 2128 1314; x_wconf 83' lang='lat' dir='ltr'><strong>vos</strong></span> <span class='ocrx_word' id='word_1_221' title='bbox 2172 1262 2311 1315; x_wconf 83' lang='lat' dir='ltr'><strong>sicut</strong></span> <span class='ocrx_word' id='word_1_222' title='bbox 2357 1275 2483 1315; x_wconf 86' lang='lat' dir='ltr'><strong>oves</strong></span> <span class='ocrx_word' id='word_1_223' title='bbox 2533 1261 2584 1313; x_wconf 93' lang='lat' dir='ltr'><strong>in</strong></span> <span class='ocrx_word' id='word_1_224' title='bbox 2636 1260 2812 1315; x_wconf 92' lang='lat' dir='ltr'><strong>medio</strong></span> <span class='ocrx_word' id='word_1_225' title='bbox 2859 1260 3124 1329; x_wconf 90' lang='lat' dir='ltr'><strong>luporum,</strong></span> <span class='ocrx_word' id='word_1_226' title='bbox 3171 1278 3190 1310; x_wconf 84' lang='grc' dir='ltr'><strong>ι</strong></span> <span class='ocrx_word' id='word_1_227' title='bbox 3233 1260 3428 1314; x_wconf 82' lang='lat' dir='ltr'><strong>similia</strong></span> <span class='ocrx_word' id='word_1_228' title='bbox 3470 1267 3596 1314; x_wconf 87' lang='lat' dir='ltr'><strong>sunt</strong></span> 
     </span>
    </p>
   </div>
   <div class='ocr_carea' id='block_1_28' title="bbox 2034 1351 3598 1423">
    <p class='ocr_par' dir='ltr' id='par_1_28' title="bbox 2034 1351 3598 1423">
     <span class='ocr_line' id='line_1_28' title="bbox 2034 1351 3598 1423; baseline 0.001 -17"><span class='ocrx_word' id='word_1_229' title='bbox 2034 1353 2185 1406; x_wconf 63' lang='lat' dir='ltr'><strong>haec:</strong></span> <span class='ocrx_word' id='word_1_230' title='bbox 2216 1371 2234 1404; x_wconf 81' lang='grc' dir='ltr'><strong>ι</strong></span> <span class='ocrx_word' id='word_1_231' title='bbox 2270 1353 2481 1423; x_wconf 79' lang='lat' dir='ltr'><strong>liiergo</strong></span> <span class='ocrx_word' id='word_1_232' title='bbox 2523 1351 2632 1422; x_wconf 83' lang='lat'><strong>(80)</strong></span> <span class='ocrx_word' id='word_1_233' title='bbox 2688 1351 2870 1406; x_wconf 88' lang='lat' dir='ltr'><strong>emissi</strong></span> <span class='ocrx_word' id='word_1_234' title='bbox 2920 1367 2946 1404; x_wconf 92' lang='lat' dir='ltr'><strong>a</strong></span> <span class='ocrx_word' id='word_1_235' title='bbox 3001 1351 3201 1419; x_wconf 88' lang='lat' dir='ltr'><strong>Spiritu</strong></span> <span class='ocrx_word' id='word_1_236' title='bbox 3269 1359 3456 1406; x_wconf 86' lang='lat' dir='ltr'><strong>sancto</strong></span> <span class='ocrx_word' id='word_1_237' title='bbox 3503 1352 3598 1407; x_wconf 81' lang='lat' dir='ltr'><strong>de-</strong></span> 
     </span>
    </p>
   </div>
   <div class='ocr_carea' id='block_1_29' title="bbox 2034 1441 3595 1513">
    <p class='ocr_par' dir='ltr' id='par_1_29' title="bbox 2034 1441 3595 1513">
     <span class='ocr_line' id='line_1_29' title="bbox 2034 1441 3595 1513; baseline 0 -16"><span class='ocrx_word' id='word_1_238' title='bbox 2034 1444 2354 1498; x_wconf 89' lang='lat' dir='ltr'><strong>scenderunt</strong></span> <span class='ocrx_word' id='word_1_239' title='bbox 2379 1444 2428 1496; x_wconf 92' lang='lat' dir='ltr'><strong>in</strong></span> <span class='ocrx_word' id='word_1_240' title='bbox 2471 1441 2810 1507; x_wconf 87' lang='lat' dir='ltr'><strong>Seleuciam;</strong></span> <span class='ocrx_word' id='word_1_241' title='bbox 2852 1462 2870 1493; x_wconf 77' lang='grc' dir='ltr'><strong>ι</strong></span> <span class='ocrx_word' id='word_1_242' title='bbox 2920 1450 2973 1497; x_wconf 88' lang='lat' dir='ltr'><strong>et</strong></span> <span class='ocrx_word' id='word_1_243' title='bbox 3020 1443 3172 1506; x_wconf 92' lang='lat' dir='ltr'><strong>illud,</strong></span> <span class='ocrx_word' id='word_1_244' title='bbox 3207 1461 3225 1493; x_wconf 81' lang='grc' dir='ltr'><strong>ι</strong></span> <span class='ocrx_word' id='word_1_245' title='bbox 3258 1441 3315 1498; x_wconf 91' lang='lat' dir='ltr'><strong>Si</strong></span> <span class='ocrx_word' id='word_1_246' title='bbox 3363 1442 3595 1513; x_wconf 78' lang='lat' dir='ltr'><strong>(8i)ex-</strong></span> 
     </span>
    </p>
   </div>
   <div class='ocr_carea' id='block_1_30' title="bbox 2033 1532 3589 1606">
    <p class='ocr_par' dir='ltr' id='par_1_30' title="bbox 2033 1532 3589 1606">
     <span class='ocr_line' id='line_1_30' title="bbox 2033 1532 3589 1606; baseline -0.002 -18"><span class='ocrx_word' id='word_1_247' title='bbox 2033 1536 2388 1606; x_wconf 90' lang='lat' dir='ltr'><strong>perimentum</strong></span> <span class='ocrx_word' id='word_1_248' title='bbox 2429 1535 2669 1604; x_wconf 69' lang='lat' dir='ltr'><strong>quarritis</strong></span> <span class='ocrx_word' id='word_1_249' title='bbox 2717 1534 2983 1602; x_wconf 88' lang='lat' dir='ltr'><strong>loquentis</strong></span> <span class='ocrx_word' id='word_1_250' title='bbox 3034 1534 3085 1587; x_wconf 92' lang='lat' dir='ltr'><strong>in</strong></span> <span class='ocrx_word' id='word_1_251' title='bbox 3146 1547 3231 1588; x_wconf 91' lang='lat' dir='ltr'><strong>me</strong></span> <span class='ocrx_word' id='word_1_252' title='bbox 3284 1532 3507 1596; x_wconf 86' lang='lat' dir='ltr'><strong>Christi,</strong></span> <span class='ocrx_word' id='word_1_253' title='bbox 3569 1550 3589 1585; x_wconf 77' lang='grc' dir='ltr'><strong>ι</strong></span> 
     </span>
    </p>
   </div>
   <div class='ocr_carea' id='block_1_31' title="bbox 2034 1624 3599 1698">
    <p class='ocr_par' dir='ltr' id='par_1_31' title="bbox 2034 1624 3599 1698">
     <span class='ocr_line' id='line_1_31' title="bbox 2034 1624 3599 1698; baseline -0.004 -14"><span class='ocrx_word' id='word_1_254' title='bbox 2034 1644 2185 1698; x_wconf 61' lang='lat' dir='ltr'><strong>aeque</strong></span> <span class='ocrx_word' id='word_1_255' title='bbox 2221 1628 2361 1683; x_wconf 87' lang='lat' dir='ltr'><strong>valet</strong></span> <span class='ocrx_word' id='word_1_256' title='bbox 2386 1643 2449 1683; x_wconf 90' lang='lat' dir='ltr'><strong>ac</strong></span> <span class='ocrx_word' id='word_1_257' title='bbox 2480 1627 2606 1682; x_wconf 92' lang='lat' dir='ltr'><strong>illud</strong></span> <span class='ocrx_word' id='word_1_258' title='bbox 2628 1646 2641 1657; x_wconf 85' lang='grc'><strong>·</strong></span> <span class='ocrx_word' id='word_1_259' title='bbox 2686 1645 2705 1678; x_wconf 78' lang='grc' dir='ltr'><strong>ι</strong></span> <span class='ocrx_word' id='word_1_260' title='bbox 2748 1626 3007 1680; x_wconf 88' lang='lat' dir='ltr'><strong>Dicebant</strong></span> <span class='ocrx_word' id='word_1_261' title='bbox 3032 1625 3143 1696; x_wconf 77' lang='grc'>(82)</span> <span class='ocrx_word' id='word_1_262' title='bbox 3177 1624 3341 1680; x_wconf 90' lang='lat' dir='ltr'><strong>Paulo</strong></span> <span class='ocrx_word' id='word_1_263' title='bbox 3364 1640 3459 1694; x_wconf 91' lang='lat' dir='ltr'><strong>per</strong></span> <span class='ocrx_word' id='word_1_264' title='bbox 3482 1624 3599 1693; x_wconf 55' lang='lat' dir='ltr'><strong>Spi.</strong></span> 
     </span>
    </p>
   </div>
   <div class='ocr_carea' id='block_1_32' title="bbox 2041 1715 3595 1786">
    <p class='ocr_par' dir='ltr' id='par_1_32' title="bbox 2041 1715 3595 1786">
     <span class='ocr_line' id='line_1_32' title="bbox 2041 1715 3595 1786; baseline -0.001 -15"><span class='ocrx_word' id='word_1_265' title='bbox 2041 1720 2200 1772; x_wconf 84' lang='lat' dir='ltr'><strong>ritum</strong></span> <span class='ocrx_word' id='word_1_266' title='bbox 2227 1736 2239 1771; x_wconf 92' lang='lat'><strong>:</strong></span> <span class='ocrx_word' id='word_1_267' title='bbox 2266 1716 2344 1773; x_wconf 88' lang='lat' dir='ltr'><strong>Ne</strong></span> <span class='ocrx_word' id='word_1_268' title='bbox 2367 1718 2626 1773; x_wconf 76' lang='lat' dir='ltr'><strong>ascendas</strong></span> <span class='ocrx_word' id='word_1_269' title='bbox 2659 1718 2710 1771; x_wconf 93' lang='lat' dir='ltr'><strong>in</strong></span> <span class='ocrx_word' id='word_1_270' title='bbox 2743 1715 3076 1782; x_wconf 85' lang='lat' dir='ltr'><strong>Jerusalem;</strong></span> <span class='ocrx_word' id='word_1_271' title='bbox 3115 1736 3133 1767; x_wconf 86' lang='grc'>›</span> <span class='ocrx_word' id='word_1_272' title='bbox 3172 1725 3226 1772; x_wconf 90' lang='lat' dir='ltr'><strong>et</strong></span> <span class='ocrx_word' id='word_1_273' title='bbox 3257 1716 3330 1770; x_wconf 85' lang='lat' dir='ltr'><strong>illi</strong></span> <span class='ocrx_word' id='word_1_274' title='bbox 3384 1718 3595 1786; x_wconf 82' lang='lat' dir='ltr'><strong>capitu-</strong></span> 
     </span>
    </p>
   </div>
   <div class='ocr_carea' id='block_1_33' title="bbox 356 1798 1928 1878">
    <p class='ocr_par' dir='ltr' id='par_1_33' title="bbox 356 1798 1928 1871">
     <span class='ocr_line' id='line_1_33' title="bbox 356 1798 1928 1871; baseline 0.002 -21"><span class='ocrx_word' id='word_1_275' title='bbox 356 1798 530 1869; x_wconf 66' lang='lat' dir='ltr'><strong>§6wp,</strong></span> <span class='ocrx_word' id='word_1_276' title='bbox 552 1799 581 1850; x_wconf 80' lang='grc' dir='ltr'>ὃ</span> <span class='ocrx_word' id='word_1_277' title='bbox 601 1798 708 1866; x_wconf 85' lang='grc' dir='ltr'><strong>ἐγὼ</strong></span> <span class='ocrx_word' id='word_1_278' title='bbox 726 1798 877 1851; x_wconf 83' lang='grc' dir='ltr'><strong>δώσω</strong></span> <span class='ocrx_word' id='word_1_279' title='bbox 894 1798 1058 1867; x_wconf 69' lang='grc' dir='ltr'>αὐτῷ,</span> <span class='ocrx_word' id='word_1_280' title='bbox 1077 1800 1362 1869; x_wconf 84' lang='grc' dir='ltr'>γενήσεται</span> <span class='ocrx_word' id='word_1_281' title='bbox 1388 1801 1443 1850; x_wconf 83' lang='grc' dir='ltr'><strong>ὲν</strong></span> <span class='ocrx_word' id='word_1_282' title='bbox 1464 1800 1610 1870; x_wconf 84' lang='grc' dir='ltr'><strong>αὑτῷ</strong></span> <span class='ocrx_word' id='word_1_283' title='bbox 1635 1799 1784 1871; x_wconf 80' lang='grc' dir='ltr'>πηγὴ</span> <span class='ocrx_word' id='word_1_284' title='bbox 1811 1799 1928 1853; x_wconf 80' lang='grc' dir='ltr'>ὓδα-</span> 
     </span>
    </p>
   </div>
   <div class='ocr_carea' id='block_1_34' title="bbox 2033 1798 3596 1878">
    <p class='ocr_par' dir='ltr' id='par_1_34' title="bbox 2052 1809 3596 1878">
     <span class='ocr_line' id='line_1_34' title="bbox 2052 1809 3596 1878; baseline 0 -17"><span class='ocrx_word' id='word_1_285' title='bbox 2052 1809 2122 1871; x_wconf 88' lang='lat' dir='ltr'><strong>lo.</strong></span> <span class='ocrx_word' id='word_1_286' title='bbox 2155 1809 2353 1864; x_wconf 72' lang='lat' dir='ltr'><strong>«Filius</strong></span> <span class='ocrx_word' id='word_1_287' title='bbox 2378 1809 2489 1878; x_wconf 93' lang='grc'>(85)</span> <span class='ocrx_word' id='word_1_288' title='bbox 2512 1810 2623 1864; x_wconf 88' lang='lat' dir='ltr'><strong>vita</strong></span> <span class='ocrx_word' id='word_1_289' title='bbox 2644 1817 2845 1864; x_wconf 72' lang='lat' dir='ltr'><strong>aeterna</strong></span> <span class='ocrx_word' id='word_1_290' title='bbox 2868 1826 2914 1876; x_wconf 79' lang='grc' dir='ltr'><strong>ι,</strong></span> <span class='ocrx_word' id='word_1_291' title='bbox 2943 1818 3229 1875; x_wconf 81' lang='lat' dir='ltr'><strong>cognatum</strong></span> <span class='ocrx_word' id='word_1_292' title='bbox 3256 1817 3339 1862; x_wconf 92' lang='lat' dir='ltr'><strong>est</strong></span> <span class='ocrx_word' id='word_1_293' title='bbox 3365 1810 3506 1877; x_wconf 90' lang='lat' dir='ltr'><strong>quod</strong></span> <span class='ocrx_word' id='word_1_294' title='bbox 3529 1809 3596 1861; x_wconf 89' lang='lat' dir='ltr'><strong>ab</strong></span> 
     </span>
    </p>
   </div>
   <div class='ocr_carea' id='block_1_35' title="bbox 352 1889 1932 1961">
    <p class='ocr_par' dir='ltr' id='par_1_35' title="bbox 352 1889 1932 1961">
     <span class='ocr_line' id='line_1_35' title="bbox 352 1889 1932 1961; baseline 0 -19"><span class='ocrx_word' id='word_1_295' title='bbox 352 1907 451 1952; x_wconf 82' lang='grc' dir='ltr'><strong>τος</strong></span> <span class='ocrx_word' id='word_1_296' title='bbox 483 1889 776 1960; x_wconf 76' lang='grc' dir='ltr'>ἁλλομένου</span> <span class='ocrx_word' id='word_1_297' title='bbox 805 1892 882 1953; x_wconf 81' lang='grc' dir='ltr'>εἰς</span> <span class='ocrx_word' id='word_1_298' title='bbox 909 1892 1051 1961; x_wconf 78' lang='grc' dir='ltr'>ζωὴν</span> <span class='ocrx_word' id='word_1_299' title='bbox 1070 1889 1302 1943; x_wconf 84' lang='grc' dir='ltr'>αἰώνιον.</span> <span class='ocrx_word' id='word_1_300' title='bbox 1326 1889 1493 1942; x_wconf 85' lang='grc' dir='ltr'>Τοῦτο</span> <span class='ocrx_word' id='word_1_301' title='bbox 1513 1891 1567 1943; x_wconf 85' lang='grc' dir='ltr'>δὲ</span> <span class='ocrx_word' id='word_1_302' title='bbox 1596 1890 1777 1959; x_wconf 79' lang='grc' dir='ltr'>ἔλεγεν</span> <span class='ocrx_word' id='word_1_303' title='bbox 1804 1891 1932 1961; x_wconf 77' lang='grc' dir='ltr'>περὶ</span> 
     </span>
    </p>
   </div>
   <div class='ocr_carea' id='block_1_36' title="bbox 352 1975 1933 2052">
    <p class='ocr_par' dir='ltr' id='par_1_36' title="bbox 352 1975 1933 2052">
     <span class='ocr_line' id='line_1_36' title="bbox 352 1975 1933 2052; baseline -0.001 -17"><span class='ocrx_word' id='word_1_304' title='bbox 352 1981 453 2035; x_wconf 80' lang='grc' dir='ltr'><strong>τοῦ</strong></span> <span class='ocrx_word' id='word_1_305' title='bbox 476 1981 629 2049; x_wconf 87' lang='grc' dir='ltr'>άγίου</span> <span class='ocrx_word' id='word_1_306' title='bbox 655 1983 991 2051; x_wconf 76' lang='grc' dir='ltr'>Πνεύματος,</span> <span class='ocrx_word' id='word_1_307' title='bbox 1009 1975 1067 2033; x_wconf 71' lang='grc' dir='ltr'><strong>οὗ</strong></span> <span class='ocrx_word' id='word_1_308' title='bbox 1095 1981 1313 2051; x_wconf 76' lang='grc' dir='ltr'>ἔμελλον</span> <span class='ocrx_word' id='word_1_309' title='bbox 1340 1980 1632 2052; x_wconf 72' lang='grc' dir='ltr'>λαμὸάνειν</span> <span class='ocrx_word' id='word_1_310' title='bbox 1647 1984 1694 2034; x_wconf 88' lang='grc' dir='ltr'>οἱ</span> <span class='ocrx_word' id='word_1_311' title='bbox 1722 1982 1933 2035; x_wconf 86' lang='grc' dir='ltr'>πιστεύ-</span> 
     </span>
    </p>
   </div>
   <div class='ocr_carea' id='block_1_37' title="bbox 352 2072 1930 2144">
    <p class='ocr_par' dir='ltr' id='par_1_37' title="bbox 352 2072 1930 2144">
     <span class='ocr_line' id='line_1_37' title="bbox 352 2072 1930 2144; baseline -0.001 -16"><span class='ocrx_word' id='word_1_312' title='bbox 352 2092 513 2137; x_wconf 80' lang='grc' dir='ltr'>οντες</span> <span class='ocrx_word' id='word_1_313' title='bbox 538 2076 617 2137; x_wconf 90' lang='grc' dir='ltr'>εἰς</span> <span class='ocrx_word' id='word_1_314' title='bbox 643 2074 827 2126; x_wconf 73' lang='grc' dir='ltr'>αὐτόν·</span> <span class='ocrx_word' id='word_1_315' title='bbox 845 2092 862 2124; x_wconf 80' lang='grc' dir='ltr'><strong>ι</strong></span> <span class='ocrx_word' id='word_1_316' title='bbox 893 2074 986 2126; x_wconf 70' lang='grc' dir='ltr'><strong>καὶ</strong></span> <span class='ocrx_word' id='word_1_317' title='bbox 1005 2072 1102 2144; x_wconf 82' lang='grc' dir='ltr'><strong>τῷ,</strong></span> <span class='ocrx_word' id='word_1_318' title='bbox 1146 2092 1162 2123; x_wconf 84' lang='grc' dir='ltr'><strong>ι</strong></span> <span class='ocrx_word' id='word_1_319' title='bbox 1183 2073 1412 2142; x_wconf 84' lang='grc' dir='ltr'>Μέτοχοι</span> <span class='ocrx_word' id='word_1_320' title='bbox 1440 2074 1548 2143; x_wconf 85' lang='grc' dir='ltr'>γὰρ</span> <span class='ocrx_word' id='word_1_321' title='bbox 1572 2072 1666 2126; x_wconf 85' lang='grc' dir='ltr'><strong>τοῦ</strong></span> <span class='ocrx_word' id='word_1_322' title='bbox 1696 2074 1930 2144; x_wconf 79' lang='grc' dir='ltr'>Χριστοῦ</span> 
     </span>
    </p>
   </div>
   <div class='ocr_carea' id='block_1_38' title="bbox 352 2165 1931 2238">
    <p class='ocr_par' dir='ltr' id='par_1_38' title="bbox 352 2165 1931 2238">
     <span class='ocr_line' id='line_1_38' title="bbox 352 2165 1931 2238; baseline -0.001 -19"><span class='ocrx_word' id='word_1_323' title='bbox 352 2166 717 2237; x_wconf 79' lang='grc' dir='ltr'>γεγόναμεν,ι</span> <span class='ocrx_word' id='word_1_324' title='bbox 747 2166 828 2227; x_wconf 76' lang='grc' dir='ltr'>τὸ,</span> <span class='ocrx_word' id='word_1_325' title='bbox 856 2186 875 2218; x_wconf 77' lang='grc' dir='ltr'><strong>ι</strong></span> <span class='ocrx_word' id='word_1_326' title='bbox 898 2165 1178 2219; x_wconf 81' lang='grc' dir='ltr'>Ἀδύνατον</span> <span class='ocrx_word' id='word_1_327' title='bbox 1201 2168 1307 2238; x_wconf 81' lang='grc' dir='ltr'><strong>γὰρ</strong></span> <span class='ocrx_word' id='word_1_328' title='bbox 1326 2168 1449 2230; x_wconf 79' lang='grc' dir='ltr'>τοὺς</span> <span class='ocrx_word' id='word_1_329' title='bbox 1471 2166 1617 2233; x_wconf 73' lang='grc' dir='ltr'>ἅπαξ</span> <span class='ocrx_word' id='word_1_330' title='bbox 1636 2167 1900 2235; x_wconf 79' lang='grc' dir='ltr'>φωτισθέν</span> <span class='ocrx_word' id='word_1_331' title='bbox 1919 2197 1931 2205; x_wconf 79' lang='grc' dir='ltr'><strong>ο</strong></span> 
     </span>
    </p>
   </div>
   <div class='ocr_carea' id='block_1_39' title="bbox 353 2259 1933 2331">
    <p class='ocr_par' dir='ltr' id='par_1_39' title="bbox 353 2259 1933 2331">
     <span class='ocr_line' id='line_1_39' title="bbox 353 2259 1933 2331; baseline 0 -19"><span class='ocrx_word' id='word_1_332' title='bbox 353 2277 483 2322; x_wconf 83' lang='grc' dir='ltr'>τας,</span> <span class='ocrx_word' id='word_1_333' title='bbox 503 2259 868 2330; x_wconf 79' lang='grc' dir='ltr'>γευσαμένους</span> <span class='ocrx_word' id='word_1_334' title='bbox 896 2276 953 2312; x_wconf 85' lang='grc' dir='ltr'><strong>τε</strong></span> <span class='ocrx_word' id='word_1_335' title='bbox 984 2259 1082 2328; x_wconf 83' lang='grc' dir='ltr'>τῆς</span> <span class='ocrx_word' id='word_1_336' title='bbox 1112 2259 1314 2329; x_wconf 82' lang='grc' dir='ltr'>δωρεᾶς</span> <span class='ocrx_word' id='word_1_337' title='bbox 1339 2259 1431 2312; x_wconf 84' lang='grc' dir='ltr'><strong>τοῦ</strong></span> <span class='ocrx_word' id='word_1_338' title='bbox 1466 2260 1808 2331; x_wconf 89' lang='grc' dir='ltr'>ἐπουρανίου,</span> <span class='ocrx_word' id='word_1_339' title='bbox 1839 2260 1933 2312; x_wconf 77' lang='grc' dir='ltr'>καὶ</span> 
     </span>
    </p>
   </div>
   <div class='ocr_carea' id='block_1_40' title="bbox 358 2350 1933 2423">
    <p class='ocr_par' dir='ltr' id='par_1_40' title="bbox 358 2350 1933 2423">
     <span class='ocr_line' id='line_1_40' title="bbox 358 2350 1933 2423; baseline -0.001 -20"><span class='ocrx_word' id='word_1_340' title='bbox 358 2352 628 2423; x_wconf 80' lang='grc' dir='ltr'>μετόχους</span> <span class='ocrx_word' id='word_1_341' title='bbox 659 2350 981 2422; x_wconf 78' lang='grc' dir='ltr'>γενηθέντας</span> <span class='ocrx_word' id='word_1_342' title='bbox 1005 2350 1144 2404; x_wconf 86' lang='grc' dir='ltr'>Πνεύ</span> <span class='ocrx_word' id='word_1_343' title='bbox 1155 2368 1321 2420; x_wconf 84' lang='grc' dir='ltr'>ματος</span> <span class='ocrx_word' id='word_1_344' title='bbox 1344 2350 1521 2417; x_wconf 81' lang='grc' dir='ltr'>ἁγίου.</span> <span class='ocrx_word' id='word_1_345' title='bbox 1570 2369 1589 2401; x_wconf 76' lang='grc' dir='ltr'><strong>ι</strong></span> <span class='ocrx_word' id='word_1_346' title='bbox 1620 2350 1729 2403; x_wconf 74' lang='grc' dir='ltr'><strong>Καὶ</strong></span> <span class='ocrx_word' id='word_1_347' title='bbox 1758 2350 1933 2402; x_wconf 73' lang='grc' dir='ltr'>ἔοικεν</span> 
     </span>
    </p>
   </div>
   <div class='ocr_carea' id='block_1_41' title="bbox 358 2440 1931 2512">
    <p class='ocr_par' dir='ltr' id='par_1_41' title="bbox 358 2440 1931 2512">
     <span class='ocr_line' id='line_1_41' title="bbox 358 2440 1931 2512; baseline -0.001 -19"><span class='ocrx_word' id='word_1_348' title='bbox 358 2441 572 2511; x_wconf 64' lang='grc' dir='ltr'>σφόδρα</span> <span class='ocrx_word' id='word_1_349' title='bbox 621 2441 681 2493; x_wconf 76' lang='grc' dir='ltr'><strong>τὸ</strong></span> <span class='ocrx_word' id='word_1_350' title='bbox 742 2443 800 2493; x_wconf 84' lang='grc' dir='ltr'><strong>ἐν</strong></span> <span class='ocrx_word' id='word_1_351' title='bbox 860 2445 978 2503; x_wconf 86' lang='grc' dir='ltr'>ταῖς</span> <span class='ocrx_word' id='word_1_352' title='bbox 1030 2440 1267 2511; x_wconf 79' lang='grc' dir='ltr'>Πράξεσι</span> <span class='ocrx_word' id='word_1_353' title='bbox 1328 2441 1549 2493; x_wconf 85' lang='grc' dir='ltr'>τοιῶσδε</span> <span class='ocrx_word' id='word_1_354' title='bbox 1612 2441 1931 2512; x_wconf 79' lang='grc' dir='ltr'>εἰρημένον,</span> 
     </span>
    </p>
   </div>
   <div class='ocr_carea' id='block_1_42' title="bbox 362 2531 1935 2605">
    <p class='ocr_par' dir='ltr' id='par_1_42' title="bbox 362 2531 1935 2605">
     <span class='ocr_line' id='line_1_42' title="bbox 362 2531 1935 2605; baseline 0.001 -24"><span class='ocrx_word' id='word_1_355' title='bbox 362 2552 380 2581; x_wconf 76' lang='grc' dir='ltr'><strong>ι</strong></span> <span class='ocrx_word' id='word_1_356' title='bbox 433 2531 717 2602; x_wconf 78' lang='grc' dir='ltr'>Ὠφθησαν</span> <span class='ocrx_word' id='word_1_357' title='bbox 764 2534 877 2596; x_wconf 84' lang='grc' dir='ltr'>τοῖς</span> <span class='ocrx_word' id='word_1_358' title='bbox 923 2534 1240 2598; x_wconf 83' lang='grc' dir='ltr'>ἀποστόλοις</span> <span class='ocrx_word' id='word_1_359' title='bbox 1282 2532 1729 2605; x_wconf 80' lang='grc' dir='ltr'>διαμεριζόμεναι</span> <span class='ocrx_word' id='word_1_360' title='bbox 1762 2532 1935 2601; x_wconf 83' lang='grc' dir='ltr'>γλῶσ-</span> 
     </span>
    </p>
   </div>
   <div class='ocr_carea' id='block_1_43' title="bbox 357 2624 1936 2696">
    <p class='ocr_par' dir='ltr' id='par_1_43' title="bbox 357 2624 1936 2696">
     <span class='ocr_line' id='line_1_43' title="bbox 357 2624 1936 2696; baseline 0.001 -19"><span class='ocrx_word' id='word_1_361' title='bbox 357 2641 455 2678; x_wconf 85' lang='grc' dir='ltr'><strong>σαι</strong></span> <span class='ocrx_word' id='word_1_362' title='bbox 486 2624 620 2678; x_wconf 65' lang='lat' dir='ltr'><strong>disci.</strong></span> <span class='ocrx_word' id='word_1_363' title='bbox 677 2625 866 2696; x_wconf 73' lang='grc' dir='ltr'>πυρὸς,</span> <span class='ocrx_word' id='word_1_364' title='bbox 902 2627 993 2679; x_wconf 74' lang='grc' dir='ltr'>καὶ</span> <span class='ocrx_word' id='word_1_365' title='bbox 1031 2627 1287 2681; x_wconf 78' lang='grc' dir='ltr'>ἐκάθισαν</span> <span class='ocrx_word' id='word_1_366' title='bbox 1321 2628 1407 2695; x_wconf 82' lang='grc' dir='ltr'><strong>ἐφ’</strong></span> <span class='ocrx_word' id='word_1_367' title='bbox 1434 2626 1530 2679; x_wconf 78' lang='grc' dir='ltr'><strong>ἕνα</strong></span> <span class='ocrx_word' id='word_1_368' title='bbox 1585 2626 1812 2679; x_wconf 74' lang='grc' dir='ltr'>ἕκαστον</span> <span class='ocrx_word' id='word_1_369' title='bbox 1841 2626 1936 2679; x_wconf 77' lang='grc' dir='ltr'>αὑο</span> 
     </span>
    </p>
   </div>
   <div class='ocr_carea' id='block_1_44' title="bbox 353 2717 1929 2789">
    <p class='ocr_par' dir='ltr' id='par_1_44' title="bbox 353 2717 1929 2789">
     <span class='ocr_line' id='line_1_44' title="bbox 353 2717 1929 2789; baseline 0 -21"><span class='ocrx_word' id='word_1_370' title='bbox 353 2717 491 2777; x_wconf 76' lang='grc' dir='ltr'>τῶν,</span> <span class='ocrx_word' id='word_1_371' title='bbox 542 2717 637 2769; x_wconf 77' lang='grc' dir='ltr'><strong>καὶ</strong></span> <span class='ocrx_word' id='word_1_372' title='bbox 686 2717 1027 2789; x_wconf 76' lang='grc' dir='ltr'>ἐπλήσθησαν</span> <span class='ocrx_word' id='word_1_373' title='bbox 1050 2719 1287 2783; x_wconf 75' lang='grc' dir='ltr'>ἅπαντες</span> <span class='ocrx_word' id='word_1_374' title='bbox 1344 2717 1659 2788; x_wconf 75' lang='grc' dir='ltr'>Πνεῦματος</span> <span class='ocrx_word' id='word_1_375' title='bbox 1703 2717 1881 2785; x_wconf 72' lang='grc' dir='ltr'>ἁγίουο</span> <span class='ocrx_word' id='word_1_376' title='bbox 1912 2736 1929 2766; x_wconf 85' lang='grc' dir='ltr'><strong>ι</strong></span> 
     </span>
    </p>
   </div>
   <div class='ocr_carea' id='block_1_45' title="bbox 358 2803 1935 2879">
    <p class='ocr_par' dir='ltr' id='par_1_45' title="bbox 358 2803 1935 2879">
     <span class='ocr_line' id='line_1_45' title="bbox 358 2803 1935 2879; baseline 0 -20"><span class='ocrx_word' id='word_1_377' title='bbox 358 2805 461 2877; x_wconf 66' lang='grc'><strong>[64</strong></span> <span class='ocrx_word' id='word_1_378' title='bbox 484 2803 539 2877; x_wconf 87' lang='grc' dir='ltr'>α]</span> <span class='ocrx_word' id='word_1_379' title='bbox 586 2807 680 2859; x_wconf 74' lang='grc' dir='ltr'><strong>καὶ</strong></span> <span class='ocrx_word' id='word_1_380' title='bbox 718 2805 783 2859; x_wconf 83' lang='grc' dir='ltr'><strong>τὸ</strong></span> <span class='ocrx_word' id='word_1_381' title='bbox 816 2807 921 2859; x_wconf 69' lang='grc' dir='ltr'>ὑπὸ</span> <span class='ocrx_word' id='word_1_382' title='bbox 978 2808 1224 2861; x_wconf 81' lang='grc' dir='ltr'>Ἰωάννου</span> <span class='ocrx_word' id='word_1_383' title='bbox 1278 2807 1487 2879; x_wconf 82' lang='grc' dir='ltr'>λεχθὲν,</span> <span class='ocrx_word' id='word_1_384' title='bbox 1519 2826 1537 2858; x_wconf 80' lang='grc' dir='ltr'><strong>ι</strong></span> <span class='ocrx_word' id='word_1_385' title='bbox 1569 2806 1738 2870; x_wconf 82' lang='grc' dir='ltr'>Αὐτὸς</span> <span class='ocrx_word' id='word_1_386' title='bbox 1793 2807 1935 2876; x_wconf 81' lang='grc' dir='ltr'>ὑμᾶς</span> 
     </span>
    </p>
   </div>
   <div class='ocr_carea' id='block_1_46' title="bbox 352 2898 1937 2972">
    <p class='ocr_par' dir='ltr' id='par_1_46' title="bbox 352 2898 1937 2972">
     <span class='ocr_line' id='line_1_46' title="bbox 352 2898 1937 2972; baseline 0.003 -22"><span class='ocrx_word' id='word_1_387' title='bbox 352 2898 619 2968; x_wconf 76' lang='grc' dir='ltr'>βαπτίσει</span> <span class='ocrx_word' id='word_1_388' title='bbox 672 2899 730 2951; x_wconf 87' lang='grc' dir='ltr'>ὲν</span> <span class='ocrx_word' id='word_1_389' title='bbox 764 2900 1039 2970; x_wconf 82' lang='grc' dir='ltr'>Πνεύματι</span> <span class='ocrx_word' id='word_1_390' title='bbox 1096 2901 1233 2971; x_wconf 83' lang='grc' dir='ltr'>ἁγίῳ</span> <span class='ocrx_word' id='word_1_391' title='bbox 1286 2900 1379 2954; x_wconf 76' lang='grc' dir='ltr'>καὶ</span> <span class='ocrx_word' id='word_1_392' title='bbox 1422 2901 1573 2972; x_wconf 73' lang='grc' dir='ltr'>πυρὶ,</span> <span class='ocrx_word' id='word_1_393' title='bbox 1618 2917 1634 2950; x_wconf 85' lang='grc' dir='ltr'><strong>ι</strong></span> <span class='ocrx_word' id='word_1_394' title='bbox 1670 2898 1746 2969; x_wconf 85' lang='grc' dir='ltr'>τῷ</span> <span class='ocrx_word' id='word_1_395' title='bbox 1802 2916 1937 2971; x_wconf 80' lang='grc' dir='ltr'>χρη-</span> 
     </span>
    </p>
   </div>
   <div class='ocr_carea' id='block_1_47' title="bbox 359 2988 1935 3061">
    <p class='ocr_par' dir='ltr' id='par_1_47' title="bbox 359 2988 1935 3061">
     <span class='ocr_line' id='line_1_47' title="bbox 359 2988 1935 3061; baseline 0.001 -22"><span class='ocrx_word' id='word_1_396' title='bbox 359 2988 727 3059; x_wconf 78' lang='grc' dir='ltr'>σμῳδηθέντι,</span> <span class='ocrx_word' id='word_1_397' title='bbox 768 2990 873 3042; x_wconf 85' lang='grc' dir='ltr'><strong>ὑπὸ</strong></span> <span class='ocrx_word' id='word_1_398' title='bbox 935 2990 1032 3060; x_wconf 81' lang='grc' dir='ltr'>μὲν</span> <span class='ocrx_word' id='word_1_399' title='bbox 1095 2990 1391 3054; x_wconf 77' lang='grc' dir='ltr'>Μωῢσέως·</span> <span class='ocrx_word' id='word_1_400' title='bbox 1436 3009 1454 3042; x_wconf 84' lang='grc' dir='ltr'><strong>ι</strong></span> <span class='ocrx_word' id='word_1_401' title='bbox 1523 2990 1580 3043; x_wconf 86' lang='lat'><strong>&#39;0</strong></span> <span class='ocrx_word' id='word_1_402' title='bbox 1639 2989 1771 3052; x_wconf 85' lang='grc' dir='ltr'>Θεὸς</span> <span class='ocrx_word' id='word_1_403' title='bbox 1824 2988 1935 3061; x_wconf 89' lang='grc' dir='ltr'><strong>πῦρ</strong></span> 
     </span>
    </p>
   </div>
   <div class='ocr_carea' id='block_1_48' title="bbox 355 3081 1935 3154">
    <p class='ocr_par' dir='ltr' id='par_1_48' title="bbox 355 3081 1935 3154">
     <span class='ocr_line' id='line_1_48' title="bbox 355 3081 1935 3154; baseline 0.001 -20"><span class='ocrx_word' id='word_1_404' title='bbox 355 3081 778 3135; x_wconf 70' lang='grc' dir='ltr'>καταναλίσκονο</span> <span class='ocrx_word' id='word_1_405' title='bbox 808 3101 825 3135; x_wconf 77' lang='grc' dir='ltr'><strong>ι</strong></span> <span class='ocrx_word' id='word_1_406' title='bbox 872 3084 975 3135; x_wconf 84' lang='grc' dir='ltr'><strong>ὑπὸ</strong></span> <span class='ocrx_word' id='word_1_407' title='bbox 1030 3084 1086 3136; x_wconf 83' lang='grc' dir='ltr'><strong>δὲ</strong></span> <span class='ocrx_word' id='word_1_408' title='bbox 1125 3083 1365 3137; x_wconf 80' lang='grc' dir='ltr'>Ἡσαΐου·</span> <span class='ocrx_word' id='word_1_409' title='bbox 1400 3101 1420 3135; x_wconf 78' lang='grc' dir='ltr'><strong>ι</strong></span> <span class='ocrx_word' id='word_1_410' title='bbox 1461 3083 1591 3137; x_wconf 83' lang='grc' dir='ltr'>Ἰδοὺ</span> <span class='ocrx_word' id='word_1_411' title='bbox 1627 3082 1830 3154; x_wconf 82' lang='grc' dir='ltr'>Κύριος</span> <span class='ocrx_word' id='word_1_412' title='bbox 1860 3083 1935 3145; x_wconf 86' lang='grc' dir='ltr'>ὼς</span> 
     </span>
    </p>
   </div>
   <div class='ocr_carea' id='block_1_49' title="bbox 358 3172 1934 3247">
    <p class='ocr_par' dir='ltr' id='par_1_49' title="bbox 358 3172 1934 3247">
     <span class='ocr_line' id='line_1_49' title="bbox 358 3172 1934 3247; baseline 0.002 -23"><span class='ocrx_word' id='word_1_413' title='bbox 358 3173 477 3245; x_wconf 80' lang='grc' dir='ltr'><strong>πῦρ</strong></span> <span class='ocrx_word' id='word_1_414' title='bbox 514 3172 653 3243; x_wconf 77' lang='grc' dir='ltr'>ἣξει.</span> <span class='ocrx_word' id='word_1_415' title='bbox 691 3172 833 3226; x_wconf 74' lang='grc' dir='ltr'><strong>»Καὶ</strong></span> <span class='ocrx_word' id='word_1_416' title='bbox 874 3176 1085 3247; x_wconf 74' lang='grc' dir='ltr'>συνᾴδει</span> <span class='ocrx_word' id='word_1_417' title='bbox 1134 3176 1208 3246; x_wconf 81' lang='grc' dir='ltr'>τῷ</span> <span class='ocrx_word' id='word_1_418' title='bbox 1239 3176 1423 3245; x_wconf 84' lang='grc' dir='ltr'>φάναι,</span> <span class='ocrx_word' id='word_1_419' title='bbox 1469 3192 1488 3225; x_wconf 73' lang='grc' dir='ltr'><strong>ι</strong></span> <span class='ocrx_word' id='word_1_420' title='bbox 1525 3174 1934 3246; x_wconf 83' lang='grc' dir='ltr'>Περιετμήθητε</span> 
     </span>
    </p>
   </div>
   <div class='ocr_carea' id='block_1_50' title="bbox 355 3263 1927 3336">
    <p class='ocr_par' dir='ltr' id='par_1_50' title="bbox 355 3263 1927 3336">
     <span class='ocr_line' id='line_1_50' title="bbox 355 3263 1927 3336; baseline 0.001 -21"><span class='ocrx_word' id='word_1_421' title='bbox 355 3266 635 3333; x_wconf 76' lang='grc' dir='ltr'>περιτομῇ</span> <span class='ocrx_word' id='word_1_422' title='bbox 678 3264 1092 3336; x_wconf 78' lang='grc' dir='ltr'>ἀχειροποιήτῳ,</span> <span class='ocrx_word' id='word_1_423' title='bbox 1137 3268 1193 3319; x_wconf 86' lang='grc' dir='ltr'>ὲν</span> <span class='ocrx_word' id='word_1_424' title='bbox 1220 3268 1284 3336; x_wconf 81' lang='grc' dir='ltr'>τῇ</span> <span class='ocrx_word' id='word_1_425' title='bbox 1340 3264 1631 3319; x_wconf 84' lang='grc' dir='ltr'>ἀπεκδύσει</span> <span class='ocrx_word' id='word_1_426' title='bbox 1682 3264 1775 3317; x_wconf 89' lang='grc' dir='ltr'><strong>τοῦ</strong></span> <span class='ocrx_word' id='word_1_427' title='bbox 1824 3263 1927 3317; x_wconf 75' lang='grc' dir='ltr'><strong>σώο</strong></span> 
     </span>
    </p>
   </div>
   <div class='ocr_carea' id='block_1_51' title="bbox 364 3354 1925 3427">
    <p class='ocr_par' dir='ltr' id='par_1_51' title="bbox 364 3354 1925 3427">
     <span class='ocr_line' id='line_1_51' title="bbox 364 3354 1925 3427; baseline 0 -20"><span class='ocrx_word' id='word_1_428' title='bbox 364 3373 535 3424; x_wconf 79' lang='grc' dir='ltr'>ματος</span> <span class='ocrx_word' id='word_1_429' title='bbox 559 3355 668 3408; x_wconf 83' lang='grc' dir='ltr'><strong>τῶν</strong></span> <span class='ocrx_word' id='word_1_430' title='bbox 702 3356 1004 3427; x_wconf 74' lang='grc' dir='ltr'>ἁμαρτιῶν,</span> <span class='ocrx_word' id='word_1_431' title='bbox 1040 3359 1096 3409; x_wconf 87' lang='grc' dir='ltr'><strong>ἐν</strong></span> <span class='ocrx_word' id='word_1_432' title='bbox 1126 3359 1190 3427; x_wconf 75' lang='grc' dir='ltr'>τῇ</span> <span class='ocrx_word' id='word_1_433' title='bbox 1215 3359 1483 3427; x_wconf 80' lang='grc' dir='ltr'>περιτομῇ</span> <span class='ocrx_word' id='word_1_434' title='bbox 1523 3354 1614 3408; x_wconf 89' lang='grc' dir='ltr'><strong>τοῦ</strong></span> <span class='ocrx_word' id='word_1_435' title='bbox 1638 3354 1925 3426; x_wconf 80' lang='grc' dir='ltr'>Χριστοῦ,ι</span> 
     </span>
    </p>
   </div>
   <div class='ocr_carea' id='block_1_52' title="bbox 306 3445 1926 3519">
    <p class='ocr_par' dir='ltr' id='par_1_52' title="bbox 306 3445 1926 3519">
     <span class='ocr_line' id='line_1_52' title="bbox 306 3445 1926 3519; baseline -0.001 -21"><span class='ocrx_word' id='word_1_436' title='bbox 306 3460 315 3467; x_wconf 89' lang='grc'><strong>·</strong></span> <span class='ocrx_word' id='word_1_437' title='bbox 364 3448 429 3499; x_wconf 65' lang='grc' dir='ltr'>τὸ</span> <span class='ocrx_word' id='word_1_438' title='bbox 456 3448 777 3519; x_wconf 73' lang='grc' dir='ltr'>γεγράφθαι·</span> <span class='ocrx_word' id='word_1_439' title='bbox 822 3467 840 3499; x_wconf 82' lang='grc' dir='ltr'><strong>ι</strong></span> <span class='ocrx_word' id='word_1_440' title='bbox 875 3449 1150 3519; x_wconf 84' lang='grc' dir='ltr'>Περιτομὴ</span> <span class='ocrx_word' id='word_1_441' title='bbox 1201 3448 1425 3519; x_wconf 86' lang='grc' dir='ltr'>καρδίας</span> <span class='ocrx_word' id='word_1_442' title='bbox 1473 3450 1530 3500; x_wconf 86' lang='grc' dir='ltr'><strong>ἐν</strong></span> <span class='ocrx_word' id='word_1_443' title='bbox 1576 3445 1881 3517; x_wconf 64' lang='grc' dir='ltr'>Πνεύματιε</span> <span class='ocrx_word' id='word_1_444' title='bbox 1908 3464 1926 3497; x_wconf 83' lang='grc' dir='ltr'><strong>ι</strong></span> 
     </span>
    </p>
   </div>
   <div class='ocr_carea' id='block_1_53' title="bbox 370 3536 1931 3610">
    <p class='ocr_par' dir='ltr' id='par_1_53' title="bbox 370 3536 1931 3610">
     <span class='ocr_line' id='line_1_53' title="bbox 370 3536 1931 3610; baseline 0 -21"><span class='ocrx_word' id='word_1_445' title='bbox 370 3538 485 3590; x_wconf 72' lang='grc' dir='ltr'><strong>Καὶ</strong></span> <span class='ocrx_word' id='word_1_446' title='bbox 512 3540 559 3590; x_wconf 76' lang='grc' dir='ltr'>εἰ</span> <span class='ocrx_word' id='word_1_447' title='bbox 588 3539 863 3610; x_wconf 84' lang='grc' dir='ltr'>ἐμπρέπει</span> <span class='ocrx_word' id='word_1_448' title='bbox 925 3540 1050 3610; x_wconf 80' lang='grc' dir='ltr'>περὶ</span> <span class='ocrx_word' id='word_1_449' title='bbox 1095 3538 1189 3592; x_wconf 85' lang='grc' dir='ltr'><strong>τοῦ</strong></span> <span class='ocrx_word' id='word_1_450' title='bbox 1236 3538 1371 3591; x_wconf 85' lang='grc' dir='ltr'>Θεοῦ</span> <span class='ocrx_word' id='word_1_451' title='bbox 1412 3536 1663 3606; x_wconf 84' lang='grc' dir='ltr'>λέγεσθαι</span> <span class='ocrx_word' id='word_1_452' title='bbox 1702 3537 1799 3608; x_wconf 83' lang='grc' dir='ltr'>τὴν</span> <span class='ocrx_word' id='word_1_453' title='bbox 1827 3536 1931 3589; x_wconf 80' lang='grc' dir='ltr'><strong>Πέ-</strong></span> 
     </span>
    </p>
   </div>
   <div class='ocr_carea' id='block_1_54' title="bbox 369 3628 1931 3703">
    <p class='ocr_par' dir='ltr' id='par_1_54' title="bbox 369 3628 1931 3703">
     <span class='ocr_line' id='line_1_54' title="bbox 369 3628 1931 3703; baseline 0.001 -21"><span class='ocrx_word' id='word_1_454' title='bbox 369 3647 501 3698; x_wconf 82' lang='grc' dir='ltr'>τρου</span> <span class='ocrx_word' id='word_1_455' title='bbox 549 3632 745 3701; x_wconf 78' lang='grc' dir='ltr'>φωνήν’</span> <span class='ocrx_word' id='word_1_456' title='bbox 783 3651 801 3682; x_wconf 76' lang='grc' dir='ltr'><strong>ι</strong></span> <span class='ocrx_word' id='word_1_457' title='bbox 835 3632 1171 3703; x_wconf 76' lang='grc' dir='ltr'>Μετανοήσει</span> <span class='ocrx_word' id='word_1_458' title='bbox 1216 3630 1443 3693; x_wconf 72' lang='grc' dir='ltr'>ἕκαστος</span> <span class='ocrx_word' id='word_1_459' title='bbox 1479 3628 1586 3683; x_wconf 86' lang='grc' dir='ltr'><strong>άπὸ</strong></span> <span class='ocrx_word' id='word_1_460' title='bbox 1611 3630 1708 3701; x_wconf 84' lang='grc' dir='ltr'>τῆς</span> <span class='ocrx_word' id='word_1_461' title='bbox 1735 3629 1931 3694; x_wconf 84' lang='grc' dir='ltr'>κακίας</span> 
     </span>
    </p>
   </div>
   <div class='ocr_carea' id='block_1_55' title="bbox 365 3721 1932 3794">
    <p class='ocr_par' dir='ltr' id='par_1_55' title="bbox 365 3721 1932 3794">
     <span class='ocr_line' id='line_1_55' title="bbox 365 3721 1932 3794; baseline -0.001 -19"><span class='ocrx_word' id='word_1_462' title='bbox 365 3721 555 3789; x_wconf 79' lang='grc' dir='ltr'>αὑτοῦ,</span> <span class='ocrx_word' id='word_1_463' title='bbox 608 3724 703 3777; x_wconf 75' lang='grc' dir='ltr'><strong>καὶ</strong></span> <span class='ocrx_word' id='word_1_464' title='bbox 749 3722 857 3775; x_wconf 81' lang='grc' dir='ltr'><strong>ἀπὸ</strong></span> <span class='ocrx_word' id='word_1_465' title='bbox 884 3724 981 3794; x_wconf 83' lang='grc' dir='ltr'>τῆς</span> <span class='ocrx_word' id='word_1_466' title='bbox 1031 3723 1148 3776; x_wconf 84' lang='grc' dir='ltr'>ὁδοῦ</span> <span class='ocrx_word' id='word_1_467' title='bbox 1186 3724 1285 3793; x_wconf 80' lang='grc' dir='ltr'>τῆς</span> <span class='ocrx_word' id='word_1_468' title='bbox 1312 3724 1573 3794; x_wconf 83' lang='grc' dir='ltr'>πονηρᾶς,</span> <span class='ocrx_word' id='word_1_469' title='bbox 1617 3724 1709 3776; x_wconf 78' lang='grc' dir='ltr'><strong>καὶ</strong></span> <span class='ocrx_word' id='word_1_470' title='bbox 1741 3722 1932 3791; x_wconf 82' lang='grc' dir='ltr'>βαπτι-</span> 
     </span>
    </p>
   </div>
   <div class='ocr_carea' id='block_1_56' title="bbox 420 3903 1713 3976">
    <p class='ocr_par' dir='ltr' id='par_1_56' title="bbox 420 3903 1713 3976">
     <span class='ocr_line' id='line_1_56' title="bbox 420 3903 1713 3976; baseline -0.004 -15"><span class='ocrx_word' id='word_1_471' title='bbox 420 3906 539 3969; x_wconf 59' lang='grc'>(78)</span> <span class='ocrx_word' id='word_1_472' title='bbox 575 3905 810 3976; x_wconf 52' lang='lat' dir='ltr'><strong>Qmittes.</strong></span> <span class='ocrx_word' id='word_1_473' title='bbox 850 3905 1020 3976; x_wconf 74' lang='lat' dir='ltr'><strong>Psalm</strong></span> <span class='ocrx_word' id='word_1_474' title='bbox 1054 3921 1166 3969; x_wconf 87' lang='lat' dir='ltr'><strong>cm,</strong></span> <span class='ocrx_word' id='word_1_475' title='bbox 1194 3920 1334 3959; x_wconf 86' lang='lat' dir='ltr'><strong>vers.</strong></span> <span class='ocrx_word' id='word_1_476' title='bbox 1362 3907 1421 3960; x_wconf 83' lang='grc'>51</span> <span class='ocrx_word' id='word_1_477' title='bbox 1463 3905 1574 3976; x_wconf 87' lang='lat' dir='ltr'><strong>(seu</strong></span> <span class='ocrx_word' id='word_1_478' title='bbox 1602 3903 1713 3976; x_wconf 81' lang='grc'>50).</span> 
     </span>
    </p>
   </div>
   <div class='ocr_carea' id='block_1_57' title="bbox 432 3972 1923 4043">
    <p class='ocr_par' dir='ltr' id='par_1_57' title="bbox 432 3972 1923 4043">
     <span class='ocr_line' id='line_1_57' title="bbox 432 3972 1923 4043; baseline -0.001 -17"><span class='ocrx_word' id='word_1_479' title='bbox 432 3976 549 4041; x_wconf 80' lang='grc'>(75)</span> <span class='ocrx_word' id='word_1_480' title='bbox 583 3973 797 4029; x_wconf 71' lang='lat' dir='ltr'><strong>Emitte:</strong></span> <span class='ocrx_word' id='word_1_481' title='bbox 825 3975 1069 4029; x_wconf 80' lang='lat' dir='ltr'><strong>Verbum.</strong></span> <span class='ocrx_word' id='word_1_482' title='bbox 1096 3976 1182 4027; x_wconf 86' lang='lat' dir='ltr'><strong>Ps.</strong></span> <span class='ocrx_word' id='word_1_483' title='bbox 1208 3984 1406 4037; x_wconf 76' lang='lat' dir='ltr'><strong>chvn,</strong></span> <span class='ocrx_word' id='word_1_484' title='bbox 1434 3972 1575 4029; x_wconf 83' lang='lat' dir='ltr'><strong>vers.</strong></span> <span class='ocrx_word' id='word_1_485' title='bbox 1612 3975 1640 4025; x_wconf 92' lang='lat'><strong>7</strong></span> <span class='ocrx_word' id='word_1_486' title='bbox 1665 3981 1779 4043; x_wconf 91' lang='lat' dir='ltr'><strong>(seu</strong></span> <span class='ocrx_word' id='word_1_487' title='bbox 1814 3972 1923 4041; x_wconf 77' lang='grc'>18).</span> 
     </span>
    </p>
   </div>
   <div class='ocr_carea' id='block_1_58' title="bbox 355 4043 1929 4105">
    <p class='ocr_par' dir='ltr' id='par_1_58' title="bbox 355 4043 1929 4105">
     <span class='ocr_line' id='line_1_58' title="bbox 355 4043 1929 4105; baseline -0.001 -8"><span class='ocrx_word' id='word_1_488' title='bbox 355 4043 536 4097; x_wconf 82' lang='lat' dir='ltr'><strong>Bihiia</strong></span> <span class='ocrx_word' id='word_1_489' title='bbox 568 4060 687 4096; x_wconf 90' lang='lat' dir='ltr'><strong>cum</strong></span> <span class='ocrx_word' id='word_1_490' title='bbox 721 4046 931 4105; x_wconf 63' lang='lat' dir='ltr'><strong>erca,</strong></span> <span class='ocrx_word' id='word_1_491' title='bbox 979 4058 1087 4099; x_wconf 88' lang='lat' dir='ltr'><strong>tum</strong></span> <span class='ocrx_word' id='word_1_492' title='bbox 1130 4046 1315 4100; x_wconf 84' lang='lat' dir='ltr'><strong>Latina</strong></span> <span class='ocrx_word' id='word_1_493' title='bbox 1358 4047 1600 4101; x_wconf 85' lang='lat' dir='ltr'><strong>habent:</strong></span> <span class='ocrx_word' id='word_1_494' title='bbox 1642 4062 1660 4095; x_wconf 83' lang='grc' dir='ltr'><strong>ι</strong></span> <span class='ocrx_word' id='word_1_495' title='bbox 1712 4044 1929 4097; x_wconf 87' lang='lat' dir='ltr'><strong>Emittet</strong></span> 
     </span>
    </p>
   </div>
   <div class='ocr_carea' id='block_1_59' title="bbox 358 4111 873 4169">
    <p class='ocr_par' dir='ltr' id='par_1_59' title="bbox 358 4111 873 4169">
     <span class='ocr_line' id='line_1_59' title="bbox 358 4111 873 4169; baseline -0.004 -2"><span class='ocrx_word' id='word_1_496' title='bbox 358 4111 603 4167; x_wconf 71' lang='lat' dir='ltr'><strong>Verbum</strong></span> <span class='ocrx_word' id='word_1_497' title='bbox 637 4129 811 4169; x_wconf 87' lang='lat' dir='ltr'><strong>suum.</strong></span> <span class='ocrx_word' id='word_1_498' title='bbox 854 4134 873 4165; x_wconf 75' lang='grc' dir='ltr'><strong>ι</strong></span> 
     </span>
    </p>
   </div>
   <div class='ocr_carea' id='block_1_60' title="bbox 437 4181 1923 4251">
    <p class='ocr_par' dir='ltr' id='par_1_60' title="bbox 437 4181 1923 4251">
     <span class='ocr_line' id='line_1_60' title="bbox 437 4181 1923 4251; baseline 0.002 -18"><span class='ocrx_word' id='word_1_499' title='bbox 437 4181 554 4251; x_wconf 81' lang='lat'><strong>(76)</strong></span> <span class='ocrx_word' id='word_1_500' title='bbox 590 4181 861 4237; x_wconf 78' lang='lat' dir='ltr'><strong>Dominus.</strong></span> <span class='ocrx_word' id='word_1_501' title='bbox 890 4183 1116 4237; x_wconf 74' lang='lat' dir='ltr'><strong>Sensum</strong></span> <span class='ocrx_word' id='word_1_502' title='bbox 1137 4185 1286 4249; x_wconf 87' lang='lat' dir='ltr'><strong>citat,</strong></span> <span class='ocrx_word' id='word_1_503' title='bbox 1330 4200 1431 4239; x_wconf 92' lang='lat' dir='ltr'><strong>non</strong></span> <span class='ocrx_word' id='word_1_504' title='bbox 1465 4185 1645 4240; x_wconf 90' lang='lat' dir='ltr'><strong>verba.</strong></span> <span class='ocrx_word' id='word_1_505' title='bbox 1676 4183 1808 4237; x_wconf 86' lang='lat' dir='ltr'><strong>Vide</strong></span> <span class='ocrx_word' id='word_1_506' title='bbox 1836 4197 1923 4251; x_wconf 91' lang='lat' dir='ltr'><strong>ep.</strong></span> 
     </span>
    </p>
   </div>
   <div class='ocr_carea' id='block_1_61' title="bbox 359 4251 1390 4321">
    <p class='ocr_par' dir='ltr' id='par_1_61' title="bbox 359 4251 1390 4321">
     <span class='ocr_line' id='line_1_61' title="bbox 359 4251 1390 4321; baseline 0.002 -16"><span class='ocrx_word' id='word_1_507' title='bbox 359 4251 527 4305; x_wconf 70' lang='lat' dir='ltr'><strong>Rom.</strong></span> <span class='ocrx_word' id='word_1_508' title='bbox 571 4267 613 4321; x_wconf 69' lang='lat' dir='ltr'><strong>l.</strong></span> <span class='ocrx_word' id='word_1_509' title='bbox 650 4253 705 4315; x_wconf 85' lang='lat'><strong>9,</strong></span> <span class='ocrx_word' id='word_1_510' title='bbox 734 4264 787 4306; x_wconf 89' lang='lat' dir='ltr'><strong>et</strong></span> <span class='ocrx_word' id='word_1_511' title='bbox 816 4269 900 4321; x_wconf 88' lang='lat' dir='ltr'><strong>ep.</strong></span> <span class='ocrx_word' id='word_1_512' title='bbox 937 4257 1001 4306; x_wconf 90' lang='lat' dir='ltr'><strong>ad</strong></span> <span class='ocrx_word' id='word_1_513' title='bbox 1027 4253 1199 4308; x_wconf 78' lang='lat' dir='ltr'><strong>Calai.</strong></span> <span class='ocrx_word' id='word_1_514' title='bbox 1232 4271 1269 4317; x_wconf 91' lang='grc' dir='ltr'>Ι,</span> <span class='ocrx_word' id='word_1_515' title='bbox 1302 4254 1390 4307; x_wconf 68' lang='grc'><strong>20.</strong></span> 
     </span>
    </p>
   </div>
   <div class='ocr_carea' id='block_1_62' title="bbox 434 4320 1265 4458">
    <p class='ocr_par' dir='ltr' id='par_1_62' title="bbox 434 4320 1265 4458">
     <span class='ocr_line' id='line_1_62' title="bbox 434 4320 1265 4389; baseline 0.007 -17"><span class='ocrx_word' id='word_1_516' title='bbox 434 4323 524 4379; x_wconf 81' lang='lat'><strong>(77</strong></span> <span class='ocrx_word' id='word_1_517' title='bbox 588 4320 1022 4389; x_wconf 13' lang='lat' dir='ltr'><strong>Spiritus.iJnan.</strong></span> <span class='ocrx_word' id='word_1_518' title='bbox 1058 4340 1146 4384; x_wconf 81' lang='lat' dir='ltr'><strong>xv,</strong></span> <span class='ocrx_word' id='word_1_519' title='bbox 1176 4324 1265 4378; x_wconf 69' lang='lat'><strong>96.</strong></span> 
     </span>
     <span class='ocr_line' id='line_1_63' title="bbox 434 4324 1265 4458; baseline 0.001 -13"><span class='ocrx_word' id='word_1_520' title='bbox 434 4324 552 4458; x_wconf 54' lang='lat'><strong>(78;</strong></span> <span class='ocrx_word' id='word_1_521' title='bbox 588 4390 835 4458; x_wconf 76' lang='lat' dir='ltr'><strong>Spiritus.</strong></span> <span class='ocrx_word' id='word_1_522' title='bbox 869 4394 986 4446; x_wconf 84' lang='lat' dir='ltr'><strong>Act.</strong></span> <span class='ocrx_word' id='word_1_523' title='bbox 1024 4409 1112 4457; x_wconf 80' lang='lat' dir='ltr'><strong>xx,</strong></span> <span class='ocrx_word' id='word_1_524' title='bbox 1136 4393 1265 4446; x_wconf 67' lang='lat'><strong>25.1</strong></span> 
     </span>
    </p>
   </div>
   <div class='ocr_carea' id='block_1_63' title="bbox 434 4390 1920 4462">
    <p class='ocr_par' dir='ltr' id='par_1_63' title="bbox 434 4390 1920 4462">
     <span class='ocr_line' id='line_1_64' title="bbox 434 4390 1920 4462; baseline 0.005 -18"><span class='ocrx_word' id='word_1_525' title='bbox 434 4390 550 4461; x_wconf 82' lang='lat'><strong>(78)</strong></span> <span class='ocrx_word' id='word_1_526' title='bbox 588 4390 835 4458; x_wconf 76' lang='lat' dir='ltr'><strong>Spiritus.</strong></span> <span class='ocrx_word' id='word_1_527' title='bbox 869 4394 986 4446; x_wconf 90' lang='lat' dir='ltr'><strong>Act.</strong></span> <span class='ocrx_word' id='word_1_528' title='bbox 1024 4409 1112 4457; x_wconf 80' lang='lat' dir='ltr'><strong>xx,</strong></span> <span class='ocrx_word' id='word_1_529' title='bbox 1136 4393 1226 4446; x_wconf 71' lang='lat'><strong>95.</strong></span> <span class='ocrx_word' id='word_1_530' title='bbox 1253 4393 1436 4449; x_wconf 80' lang='lat' dir='ltr'><strong>Graeca</strong></span> <span class='ocrx_word' id='word_1_531' title='bbox 1463 4393 1721 4462; x_wconf 86' lang='lat' dir='ltr'><strong>ed.paulo</strong></span> <span class='ocrx_word' id='word_1_532' title='bbox 1743 4397 1920 4452; x_wconf 85' lang='lat' dir='ltr'><strong>aliter.</strong></span> 
     </span>
    </p>
   </div>
   <div class='ocr_carea' id='block_1_64' title="bbox 358 4462 1926 4533">
    <p class='ocr_par' dir='ltr' id='par_1_64' title="bbox 358 4462 1926 4533">
     <span class='ocr_line' id='line_1_65' title="bbox 358 4462 1926 4533; baseline 0.004 -17"><span class='ocrx_word' id='word_1_533' title='bbox 358 4462 421 4516; x_wconf 86' lang='lat' dir='ltr'><strong>In</strong></span> <span class='ocrx_word' id='word_1_534' title='bbox 454 4478 518 4513; x_wconf 71' lang='lat' dir='ltr'><strong>ea</strong></span> <span class='ocrx_word' id='word_1_535' title='bbox 556 4462 706 4533; x_wconf 82' lang='lat' dir='ltr'><strong>deest</strong></span> <span class='ocrx_word' id='word_1_536' title='bbox 738 4463 917 4515; x_wconf 88' lang='lat' dir='ltr'><strong>vocula</strong></span> <span class='ocrx_word' id='word_1_537' title='bbox 963 4480 1063 4532; x_wconf 88' lang='grc' dir='ltr'><strong>με,</strong></span> <span class='ocrx_word' id='word_1_538' title='bbox 1118 4479 1275 4530; x_wconf 86' lang='lat' dir='ltr'><strong>quam</strong></span> <span class='ocrx_word' id='word_1_539' title='bbox 1331 4463 1485 4532; x_wconf 80' lang='lat' dir='ltr'><strong>Vulg.</strong></span> <span class='ocrx_word' id='word_1_540' title='bbox 1545 4466 1808 4533; x_wconf 88' lang='lat' dir='ltr'><strong>interpres</strong></span> <span class='ocrx_word' id='word_1_541' title='bbox 1848 4468 1926 4523; x_wconf 86' lang='lat' dir='ltr'><strong>le-</strong></span> 
     </span>
    </p>
   </div>
   <div class='ocr_carea' id='block_1_65' title="bbox 290 4531 1849 4602">
    <p class='ocr_par' dir='ltr' id='par_1_65' title="bbox 290 4531 1849 4602">
     <span class='ocr_line' id='line_1_66' title="bbox 290 4531 1849 4602; baseline 0.002 -20"><span class='ocrx_word' id='word_1_542' title='bbox 290 4532 295 4537; x_wconf 84' lang='lat'>&#39;</span> <span class='ocrx_word' id='word_1_543' title='bbox 358 4535 508 4601; x_wconf 58' lang='lat' dir='ltr'><strong>gissa</strong></span> <span class='ocrx_word' id='word_1_544' title='bbox 536 4531 750 4602; x_wconf 65' lang='lat' dir='ltr'><strong>videtur</strong></span> <span class='ocrx_word' id='word_1_545' title='bbox 779 4550 793 4584; x_wconf 89' lang='lat'><strong>:</strong></span> <span class='ocrx_word' id='word_1_546' title='bbox 819 4531 987 4602; x_wconf 3' lang='lat' dir='ltr'><strong>(vertit</strong></span> <span class='ocrx_word' id='word_1_547' title='bbox 1014 4533 1153 4602; x_wconf 90' lang='lat' dir='ltr'><strong>enim</strong></span> <span class='ocrx_word' id='word_1_548' title='bbox 1181 4551 1194 4585; x_wconf 91' lang='lat'>:</span> <span class='ocrx_word' id='word_1_549' title='bbox 1232 4550 1251 4585; x_wconf 82' lang='grc' dir='ltr'><strong>ι</strong></span> <span class='ocrx_word' id='word_1_550' title='bbox 1287 4534 1415 4587; x_wconf 87' lang='lat' dir='ltr'><strong>mihi</strong></span> <span class='ocrx_word' id='word_1_551' title='bbox 1442 4531 1788 4602; x_wconf 83' lang='lat' dir='ltr'><strong>protestatur.</strong></span> <span class='ocrx_word' id='word_1_552' title='bbox 1826 4561 1849 4585; x_wconf 75' lang='grc' dir='ltr'><strong><em>ι</em></strong></span> 
     </span>
    </p>
   </div>
   <div class='ocr_carea' id='block_1_66' title="bbox 461 4598 1171 4665">
    <p class='ocr_par' dir='ltr' id='par_1_66' title="bbox 461 4598 1171 4665">
     <span class='ocr_line' id='line_1_67' title="bbox 461 4598 1171 4665; baseline 0 -11"><span class='ocrx_word' id='word_1_553' title='bbox 461 4600 554 4665; x_wconf 89' lang='lat'><strong>79)</strong></span> <span class='ocrx_word' id='word_1_554' title='bbox 591 4598 743 4653; x_wconf 79' lang='lat' dir='ltr'><strong>Ecce.</strong></span> <span class='ocrx_word' id='word_1_555' title='bbox 782 4601 966 4656; x_wconf 81' lang='lat' dir='ltr'><strong>Matth.</strong></span> <span class='ocrx_word' id='word_1_556' title='bbox 1002 4618 1055 4665; x_wconf 75' lang='grc' dir='ltr'>χ,</span> <span class='ocrx_word' id='word_1_557' title='bbox 1088 4601 1171 4655; x_wconf 74' lang='grc'>16.</span> 
     </span>
    </p>
   </div>
   <div class='ocr_carea' id='block_1_67' title="bbox 435 4604 1205 4805">
    <p class='ocr_par' dir='ltr' id='par_1_67' title="bbox 435 4604 1205 4805">
     <span class='ocr_line' id='line_1_68' title="bbox 461 4604 1171 4665; baseline 0 -11"><span class='ocrx_word' id='word_1_558' title='bbox 461 4604 531 4654; x_wconf 89' lang='lat'><strong>79</strong></span> <span class='ocrx_word' id='word_1_559' title='bbox 591 4604 743 4653; x_wconf 79' lang='lat' dir='ltr'><strong>Ecce.</strong></span> <span class='ocrx_word' id='word_1_560' title='bbox 782 4604 966 4656; x_wconf 81' lang='lat' dir='ltr'><strong>Matth.</strong></span> <span class='ocrx_word' id='word_1_561' title='bbox 1002 4618 1055 4665; x_wconf 75' lang='grc' dir='ltr'>χ,</span> <span class='ocrx_word' id='word_1_562' title='bbox 1088 4604 1171 4655; x_wconf 73' lang='grc'>16.</span> 
     </span>
     <span class='ocr_line' id='line_1_69' title="bbox 435 4604 1205 4805; baseline 0.001 -82"><span class='ocrx_word' id='word_1_563' title='bbox 435 4604 554 4805; x_wconf 49' lang='grc' dir='ltr'>(δυί</span> <span class='ocrx_word' id='word_1_564' title='bbox 584 4669 657 4751; x_wconf 70' lang='lat' dir='ltr'><strong>Hi</strong></span> <span class='ocrx_word' id='word_1_565' title='bbox 680 4686 821 4737; x_wconf 81' lang='lat' dir='ltr'><strong>ergo.</strong></span> <span class='ocrx_word' id='word_1_566' title='bbox 854 4674 973 4726; x_wconf 88' lang='lat' dir='ltr'><strong>Act.</strong></span> <span class='ocrx_word' id='word_1_567' title='bbox 1009 4688 1124 4733; x_wconf 74' lang='grc' dir='ltr'>ιιιιι,</span> <span class='ocrx_word' id='word_1_568' title='bbox 1154 4672 1205 4725; x_wconf 74' lang='grc'><strong>4.</strong></span> 
     </span>
     <span class='ocr_line' id='line_1_70' title="bbox 463 4738 1205 4805; baseline 0.004 -13"><span class='ocrx_word' id='word_1_569' title='bbox 463 4740 556 4805; x_wconf 87' lang='lat'><strong>8|)</strong></span> <span class='ocrx_word' id='word_1_570' title='bbox 587 4738 667 4793; x_wconf 77' lang='lat' dir='ltr'><strong>Si.</strong></span> <span class='ocrx_word' id='word_1_571' title='bbox 726 4740 765 4795; x_wconf 86' lang='lat' dir='ltr'><strong>ll</strong></span> <span class='ocrx_word' id='word_1_572' title='bbox 817 4742 942 4797; x_wconf 90' lang='lat' dir='ltr'><strong>Cor.</strong></span> <span class='ocrx_word' id='word_1_573' title='bbox 1006 4758 1133 4805; x_wconf 82' lang='lat' dir='ltr'><strong>xm,</strong></span> <span class='ocrx_word' id='word_1_574' title='bbox 1194 4743 1205 4795; x_wconf 81' lang='grc' dir='ltr'><strong>ε</strong></span> 
     </span>
    </p>
   </div>
   <div class='ocr_carea' id='block_1_68' title="bbox 463 4738 1929 4815">
    <p class='ocr_par' dir='ltr' id='par_1_68' title="bbox 463 4738 1929 4815">
     <span class='ocr_line' id='line_1_71' title="bbox 463 4738 1929 4815; baseline 0.005 -23"><span class='ocrx_word' id='word_1_575' title='bbox 463 4738 682 4815; x_wconf 81' lang='lat' dir='ltr'><strong>8|)_Si._</strong></span> <span class='ocrx_word' id='word_1_576' title='bbox 726 4740 942 4815; x_wconf 32' lang='lat' dir='ltr'><strong>ilUCor.</strong></span> <span class='ocrx_word' id='word_1_577' title='bbox 1006 4758 1133 4805; x_wconf 82' lang='lat' dir='ltr'><strong>xm,</strong></span> <span class='ocrx_word' id='word_1_578' title='bbox 1176 4743 1245 4815; x_wconf 12' lang='grc'>,5.</span> <span class='ocrx_word' id='word_1_579' title='bbox 1298 4741 1480 4815; x_wconf 66' lang='lat' dir='ltr'><strong>Graeca</strong></span> <span class='ocrx_word' id='word_1_580' title='bbox 1535 4744 1696 4799; x_wconf 89' lang='lat' dir='ltr'><strong>editio</strong></span> <span class='ocrx_word' id='word_1_581' title='bbox 1753 4761 1847 4815; x_wconf 95' lang='lat' dir='ltr'><strong>pro</strong></span> <span class='ocrx_word' id='word_1_582' title='bbox 1880 4749 1929 4799; x_wconf 78' lang='grc' dir='ltr'><strong>εί</strong></span> 
     </span>
    </p>
   </div>
   <div class='ocr_carea' id='block_1_69' title="bbox 359 4809 1925 4883">
    <p class='ocr_par' dir='ltr' id='par_1_69' title="bbox 359 4809 1925 4883">
     <span class='ocr_line' id='line_1_72' title="bbox 359 4809 1925 4883; baseline 0.006 -22"><span class='ocrx_word' id='word_1_583' title='bbox 359 4809 533 4883; x_wconf 56' lang='lat' dir='ltr'><strong>habet</strong></span> <span class='ocrx_word' id='word_1_584' title='bbox 563 4809 712 4883; x_wconf 60' lang='grc' dir='ltr'>ἐπεί.</span> <span class='ocrx_word' id='word_1_585' title='bbox 764 4812 815 4865; x_wconf 87' lang='lat' dir='ltr'><strong>id</strong></span> <span class='ocrx_word' id='word_1_586' title='bbox 845 4821 947 4875; x_wconf 86' lang='lat' dir='ltr'><strong>est,</strong></span> <span class='ocrx_word' id='word_1_587' title='bbox 980 4829 997 4862; x_wconf 86' lang='grc' dir='ltr'><strong>ι</strong></span> <span class='ocrx_word' id='word_1_588' title='bbox 1027 4814 1297 4881; x_wconf 86' lang='lat' dir='ltr'><strong>quoniam.</strong></span> <span class='ocrx_word' id='word_1_589' title='bbox 1330 4832 1347 4862; x_wconf 81' lang='grc' dir='ltr'><strong>ι</strong></span> <span class='ocrx_word' id='word_1_590' title='bbox 1388 4813 1639 4883; x_wconf 79' lang='lat' dir='ltr'><strong>Vulgatus</strong></span> <span class='ocrx_word' id='word_1_591' title='bbox 1668 4809 1792 4869; x_wconf 69' lang='lat' dir='ltr'><strong>vero</strong></span> <span class='ocrx_word' id='word_1_592' title='bbox 1828 4818 1925 4871; x_wconf 85' lang='lat' dir='ltr'><strong>int.</strong></span> 
     </span>
    </p>
   </div>
   <div class='ocr_carea' id='block_1_70' title="bbox 362 4879 1648 4950">
    <p class='ocr_par' dir='ltr' id='par_1_70' title="bbox 362 4879 1648 4950">
     <span class='ocr_line' id='line_1_73' title="bbox 362 4879 1648 4950; baseline 0.002 -19"><span class='ocrx_word' id='word_1_593' title='bbox 362 4879 496 4950; x_wconf 77' lang='lat' dir='ltr'><strong>legit</strong></span> <span class='ocrx_word' id='word_1_594' title='bbox 534 4879 892 4950; x_wconf 31' lang='lat' dir='ltr'><strong>utADidymus.</strong></span> <span class='ocrx_word' id='word_1_595' title='bbox 1045 4879 1057 4881; x_wconf 60' lang='grc'><strong><em>“</em></strong></span> <span class='ocrx_word' id='word_1_596' title='bbox 1491 4879 1514 4883; x_wconf 61' lang='grc'>⁷</span> <span class='ocrx_word' id='word_1_597' title='bbox 1644 4924 1648 4928; x_wconf 57' lang='grc' dir='ltr'><strong><em>ρ</em></strong></span> 
     </span>
    </p>
   </div>
   <div class='ocr_carea' id='block_1_71' title="bbox 361 4948 1929 5072">
    <p class='ocr_par' dir='ltr' id='par_1_71' title="bbox 361 4948 1929 5072">
     <span class='ocr_line' id='line_1_74' title="bbox 442 4948 1929 5027; baseline 0.003 -25"><span class='ocrx_word' id='word_1_598' title='bbox 442 4948 557 5016; x_wconf 75' lang='lat'><strong>(82)</strong></span> <span class='ocrx_word' id='word_1_599' title='bbox 593 4948 860 5006; x_wconf 83' lang='lat' dir='ltr'><strong>Dicebant.</strong></span> <span class='ocrx_word' id='word_1_600' title='bbox 885 4950 1001 5007; x_wconf 85' lang='lat' dir='ltr'><strong>Act.</strong></span> <span class='ocrx_word' id='word_1_601' title='bbox 1024 4951 1203 5017; x_wconf 63' lang='lat'><strong>“1,4.</strong></span> <span class='ocrx_word' id='word_1_602' title='bbox 1234 4951 1418 5007; x_wconf 64' lang='lat' dir='ltr'><strong>Graeca</strong></span> <span class='ocrx_word' id='word_1_603' title='bbox 1448 4951 1609 5006; x_wconf 87' lang='lat' dir='ltr'><strong>editio</strong></span> <span class='ocrx_word' id='word_1_604' title='bbox 1631 4954 1828 5009; x_wconf 88' lang='lat' dir='ltr'><strong>habet:</strong></span> <span class='ocrx_word' id='word_1_605' title='bbox 1854 4955 1929 5027; x_wconf 81' lang='grc' dir='ltr'>μὴ</span> 
     </span>
     <span class='ocr_line' id='line_1_75' title="bbox 361 5019 701 5072; baseline -0.009 0"><span class='ocrx_word' id='word_1_606' title='bbox 361 5019 701 5072; x_wconf 71' lang='grc' dir='ltr'>ἀναϐαίνειν.</span> 
     </span>
    </p>
   </div>
   <div class='ocr_carea' id='block_1_72' title="bbox 404 5035 701 5071">
    <p class='ocr_par' dir='ltr' id='par_1_72' title="bbox 404 5035 701 5071">
     <span class='ocr_line' id='line_1_76' title="bbox 404 5035 701 5071; baseline -0.007 0"><span class='ocrx_word' id='word_1_607' title='bbox 404 5035 627 5071; x_wconf 75' lang='grc' dir='ltr'>ναοαινε</span> <span class='ocrx_word' id='word_1_608' title='bbox 637 5036 701 5070; x_wconf 90' lang='grc' dir='ltr'><strong>ιν.</strong></span> 
     </span>
    </p>
   </div>
   <div class='ocr_carea' id='block_1_73' title="bbox 440 5087 1725 5158">
    <p class='ocr_par' dir='ltr' id='par_1_73' title="bbox 440 5087 1725 5158">
     <span class='ocr_line' id='line_1_77' title="bbox 440 5087 1725 5158; baseline 0.002 -15"><span class='ocrx_word' id='word_1_609' title='bbox 440 5087 1000 5158; x_wconf 71' lang='lat' dir='ltr'><strong>(8&#39;5)Filius.|loan.</strong></span> <span class='ocrx_word' id='word_1_610' title='bbox 1044 5105 1095 5153; x_wconf 92' lang='lat' dir='ltr'><strong>v,</strong></span> <span class='ocrx_word' id='word_1_611' title='bbox 1154 5090 1250 5152; x_wconf 73' lang='lat'><strong>20,</strong></span> <span class='ocrx_word' id='word_1_612' title='bbox 1309 5091 1396 5144; x_wconf 88' lang='lat' dir='ltr'><strong>ubi</strong></span> <span class='ocrx_word' id='word_1_613' title='bbox 1467 5091 1659 5155; x_wconf 78' lang='lat' dir='ltr'><strong>legitur</strong></span> <span class='ocrx_word' id='word_1_614' title='bbox 1712 5110 1725 5146; x_wconf 88' lang='lat'><strong>:</strong></span> 
     </span>
    </p>
   </div>
   <div class='ocr_carea' id='block_1_74' title="bbox 363 5157 1928 5231">
    <p class='ocr_par' dir='ltr' id='par_1_74' title="bbox 363 5157 1928 5231">
     <span class='ocr_line' id='line_1_78' title="bbox 363 5157 1928 5231; baseline 0.004 -20"><span class='ocrx_word' id='word_1_615' title='bbox 363 5157 587 5212; x_wconf 82' lang='grc' dir='ltr'>ἐστιν...</span> <span class='ocrx_word' id='word_1_616' title='bbox 644 5159 677 5227; x_wconf 80' lang='grc' dir='ltr'><strong>ἡ</strong></span> <span class='ocrx_word' id='word_1_617' title='bbox 722 5160 834 5231; x_wconf 78' lang='grc' dir='ltr'><strong>ζωὴ</strong></span> <span class='ocrx_word' id='word_1_618' title='bbox 886 5157 1124 5223; x_wconf 75' lang='grc' dir='ltr'>αἰώνιος,</span> <span class='ocrx_word' id='word_1_619' title='bbox 1176 5162 1228 5215; x_wconf 87' lang='lat' dir='ltr'><strong>id</strong></span> <span class='ocrx_word' id='word_1_620' title='bbox 1288 5172 1388 5215; x_wconf 86' lang='lat' dir='ltr'><strong>est.</strong></span> <span class='ocrx_word' id='word_1_621' title='bbox 1424 5178 1443 5210; x_wconf 76' lang='grc' dir='ltr'><strong>ι</strong></span> <span class='ocrx_word' id='word_1_622' title='bbox 1498 5160 1595 5215; x_wconf 85' lang='lat' dir='ltr'><strong>Hic</strong></span> <span class='ocrx_word' id='word_1_623' title='bbox 1636 5173 1783 5217; x_wconf 89' lang='lat' dir='ltr'><strong>est...</strong></span> <span class='ocrx_word' id='word_1_624' title='bbox 1820 5157 1928 5217; x_wconf 82' lang='lat' dir='ltr'><strong>vita</strong></span> 
     </span>
    </p>
   </div>
   <div class='ocr_carea' id='block_1_75' title="bbox 363 5243 651 5285">
    <p class='ocr_par' dir='ltr' id='par_1_75' title="bbox 363 5243 651 5285">
     <span class='ocr_line' id='line_1_79' title="bbox 363 5243 651 5285; baseline -0.017 0"><span class='ocrx_word' id='word_1_625' title='bbox 363 5243 595 5285; x_wconf 69' lang='lat' dir='ltr'><strong>acterna.</strong></span> <span class='ocrx_word' id='word_1_626' title='bbox 632 5246 651 5280; x_wconf 76' lang='grc' dir='ltr'><strong>ι</strong></span> 
     </span>
    </p>
   </div>
   <div class='ocr_carea' id='block_1_76' title="bbox 441 5295 1929 5421">
    <p class='ocr_par' dir='ltr' id='par_1_76' title="bbox 441 5295 1929 5421">
     <span class='ocr_line' id='line_1_80' title="bbox 441 5295 1929 5421; baseline 0.003 -69"><span class='ocrx_word' id='word_1_627' title='bbox 441 5298 572 5421; x_wconf 65' lang='grc' dir='ltr'><strong>(84)ῐέ</strong></span> <span class='ocrx_word' id='word_1_628' title='bbox 600 5299 768 5383; x_wconf 47' lang='lat' dir='ltr'><strong>siqua.</strong></span> <span class='ocrx_word' id='word_1_629' title='bbox 811 5295 1003 5353; x_wconf 80' lang='lat' dir='ltr'><strong>Joann.</strong></span> <span class='ocrx_word' id='word_1_630' title='bbox 1063 5314 1150 5364; x_wconf 87' lang='lat' dir='ltr'><strong>tv,</strong></span> <span class='ocrx_word' id='word_1_631' title='bbox 1202 5300 1289 5355; x_wconf 69' lang='grc'><strong>14.</strong></span> <span class='ocrx_word' id='word_1_632' title='bbox 1342 5299 1527 5355; x_wconf 74' lang='lat' dir='ltr'><strong>Graeca</strong></span> <span class='ocrx_word' id='word_1_633' title='bbox 1575 5301 1737 5356; x_wconf 90' lang='lat' dir='ltr'><strong>editio</strong></span> <span class='ocrx_word' id='word_1_634' title='bbox 1783 5313 1929 5358; x_wconf 88' lang='lat' dir='ltr'><strong>caret</strong></span> 
     </span>
     <span class='ocr_line' id='line_1_81' title="bbox 441 5384 675 5421; baseline -0.004 0"><span class='ocrx_word' id='word_1_635' title='bbox 441 5384 523 5421; x_wconf 88' lang='lat' dir='ltr'><strong>ce.</strong></span> <span class='ocrx_word' id='word_1_636' title='bbox 575 5386 675 5421; x_wconf 83' lang='grc' dir='ltr'><strong>γω.</strong></span> 
     </span>
    </p>
   </div>
   <div class='ocr_carea' id='block_1_77' title="bbox 365 5384 675 5425">
    <p class='ocr_par' dir='ltr' id='par_1_77' title="bbox 365 5384 675 5425">
     <span class='ocr_line' id='line_1_82' title="bbox 365 5384 675 5425; baseline -0.003 -4"><span class='ocrx_word' id='word_1_637' title='bbox 365 5384 523 5425; x_wconf 65' lang='grc' dir='ltr'>γοεε.</span> <span class='ocrx_word' id='word_1_638' title='bbox 548 5384 675 5425; x_wconf 86' lang='grc' dir='ltr'>εγω.</span> 
     </span>
    </p>
   </div>
   <div class='ocr_carea' id='block_1_78' title="bbox 365 5386 1928 5560">
    <p class='ocr_par' dir='ltr' id='par_1_78' title="bbox 365 5386 1928 5560">
     <span class='ocr_line' id='line_1_83' title="bbox 365 5386 1928 5560; baseline 0.003 -70"><span class='ocrx_word' id='word_1_639' title='bbox 365 5386 871 5560; x_wconf 46' lang='grc' dir='ltr'><strong>Ξῖῖἓὶἶὲϊίὲεηιὶε.</strong></span> <span class='ocrx_word' id='word_1_640' title='bbox 922 5437 1100 5494; x_wconf 80' lang='lat' dir='ltr'><strong>Codex</strong></span> <span class='ocrx_word' id='word_1_641' title='bbox 1154 5440 1313 5495; x_wconf 81' lang='lat' dir='ltr'><strong>habet</strong></span> <span class='ocrx_word' id='word_1_642' title='bbox 1366 5438 1659 5509; x_wconf 81' lang='grc' dir='ltr'>ἁλλομένου</span> <span class='ocrx_word' id='word_1_643' title='bbox 1702 5457 1797 5511; x_wconf 90' lang='lat' dir='ltr'><strong>pro</strong></span> <span class='ocrx_word' id='word_1_644' title='bbox 1836 5442 1928 5495; x_wconf 86' lang='grc' dir='ltr'>άλ-</span> 
     </span>
    </p>
   </div>
   <div class='ocr_carea' id='block_1_79' title="bbox 398 5526 617 5577">
    <p class='ocr_par' dir='ltr' id='par_1_79' title="bbox 398 5526 617 5577">
     <span class='ocr_line' id='line_1_84' title="bbox 398 5526 617 5577; baseline -0.005 -16"><span class='ocrx_word' id='word_1_645' title='bbox 398 5526 594 5577; x_wconf 82' lang='grc' dir='ltr'>ομενου</span> <span class='ocrx_word' id='word_1_646' title='bbox 605 5548 617 5559; x_wconf 94' lang='grc'>.</span> 
     </span>
    </p>
   </div>
   <div class='ocr_carea' id='block_1_80' title="bbox 440 5576 1926 5649">
    <p class='ocr_par' dir='ltr' id='par_1_80' title="bbox 440 5576 1926 5649">
     <span class='ocr_line' id='line_1_85' title="bbox 440 5576 1926 5649; baseline 0.004 -19"><span class='ocrx_word' id='word_1_647' title='bbox 440 5578 553 5649; x_wconf 88' lang='grc'>(86)</span> <span class='ocrx_word' id='word_1_648' title='bbox 586 5576 892 5649; x_wconf 42' lang='lat' dir='ltr'><strong>(maniam.</strong></span> <span class='ocrx_word' id='word_1_649' title='bbox 957 5579 1068 5634; x_wconf 82' lang='lat' dir='ltr'><strong>llac</strong></span> <span class='ocrx_word' id='word_1_650' title='bbox 1121 5593 1251 5634; x_wconf 87' lang='lat' dir='ltr'><strong>voce</strong></span> <span class='ocrx_word' id='word_1_651' title='bbox 1302 5579 1594 5649; x_wconf 81' lang='lat' dir='ltr'><strong>absolvitur</strong></span> <span class='ocrx_word' id='word_1_652' title='bbox 1652 5581 1799 5635; x_wconf 91' lang='lat' dir='ltr'><strong>locus</strong></span> <span class='ocrx_word' id='word_1_653' title='bbox 1861 5596 1926 5636; x_wconf 76' lang='lat' dir='ltr'><strong>ex</strong></span> 
     </span>
    </p>
   </div>
   <div class='ocr_carea' id='block_1_81' title="bbox 371 5647 1923 5718">
    <p class='ocr_par' dir='ltr' id='par_1_81' title="bbox 371 5647 1923 5718">
     <span class='ocr_line' id='line_1_86' title="bbox 371 5647 1923 5718; baseline 0.003 -19"><span class='ocrx_word' id='word_1_654' title='bbox 371 5647 559 5718; x_wconf 80' lang='lat' dir='ltr'><strong>quarto</strong></span> <span class='ocrx_word' id='word_1_655' title='bbox 594 5647 820 5702; x_wconf 84' lang='lat' dir='ltr'><strong>Joannis</strong></span> <span class='ocrx_word' id='word_1_656' title='bbox 858 5651 1030 5716; x_wconf 82' lang='lat' dir='ltr'><strong>capite</strong></span> <span class='ocrx_word' id='word_1_657' title='bbox 1072 5648 1581 5718; x_wconf 65' lang='lat' dir='ltr'><strong>depromptus.Quae</strong></span> <span class='ocrx_word' id='word_1_658' title='bbox 1607 5659 1923 5715; x_wconf 88' lang='lat' dir='ltr'><strong>sequuntur,</strong></span> 
     </span>
    </p>
   </div>
   <div class='ocr_carea' id='block_1_82' title="bbox 370 5717 1925 5788">
    <p class='ocr_par' dir='ltr' id='par_1_82' title="bbox 370 5717 1925 5788">
     <span class='ocr_line' id='line_1_87' title="bbox 370 5717 1925 5788; baseline 0.004 -21"><span class='ocrx_word' id='word_1_659' title='bbox 370 5717 473 5788; x_wconf 75' lang='lat' dir='ltr'><strong>huc</strong></span> <span class='ocrx_word' id='word_1_660' title='bbox 502 5720 773 5772; x_wconf 85' lang='lat' dir='ltr'><strong>transtulit</strong></span> <span class='ocrx_word' id='word_1_661' title='bbox 814 5718 1068 5788; x_wconf 85' lang='lat' dir='ltr'><strong>Didymus</strong></span> <span class='ocrx_word' id='word_1_662' title='bbox 1107 5736 1168 5773; x_wconf 85' lang='lat' dir='ltr'><strong>ex</strong></span> <span class='ocrx_word' id='word_1_663' title='bbox 1203 5734 1318 5787; x_wconf 84' lang='lat' dir='ltr'><strong>cap.</strong></span> <span class='ocrx_word' id='word_1_664' title='bbox 1348 5735 1450 5781; x_wconf 85' lang='lat' dir='ltr'><strong>vn,</strong></span> <span class='ocrx_word' id='word_1_665' title='bbox 1499 5735 1637 5775; x_wconf 86' lang='lat' dir='ltr'><strong>vers.</strong></span> <span class='ocrx_word' id='word_1_666' title='bbox 1674 5719 1743 5774; x_wconf 90' lang='grc'><strong>59</strong></span> <span class='ocrx_word' id='word_1_667' title='bbox 1781 5721 1925 5786; x_wconf 53' lang='lat' dir='ltr'><strong>ejus-</strong></span> 
     </span>
    </p>
   </div>
   <div class='ocr_carea' id='block_1_83' title="bbox 371 5787 1924 5860">
    <p class='ocr_par' dir='ltr' id='par_1_83' title="bbox 371 5787 1924 5860">
     <span class='ocr_line' id='line_1_88' title="bbox 371 5787 1924 5860; baseline 0.003 -20"><span class='ocrx_word' id='word_1_668' title='bbox 371 5787 488 5841; x_wconf 88' lang='lat' dir='ltr'><strong>dem</strong></span> <span class='ocrx_word' id='word_1_669' title='bbox 526 5787 1001 5857; x_wconf 40' lang='lat' dir='ltr'><strong>evangelistaeo</strong></span> <span class='ocrx_word' id='word_1_670' title='bbox 1032 5790 1169 5859; x_wconf 85' lang='lat' dir='ltr'><strong>quod</strong></span> <span class='ocrx_word' id='word_1_671' title='bbox 1204 5789 1432 5858; x_wconf 84' lang='lat' dir='ltr'><strong>perbelle</strong></span> <span class='ocrx_word' id='word_1_672' title='bbox 1465 5789 1519 5848; x_wconf 89' lang='lat' dir='ltr'><strong>in</strong></span> <span class='ocrx_word' id='word_1_673' title='bbox 1551 5789 1763 5851; x_wconf 85' lang='lat' dir='ltr'><strong>allatam</strong></span> <span class='ocrx_word' id='word_1_674' title='bbox 1790 5804 1924 5860; x_wconf 85' lang='lat' dir='ltr'><strong>quo-</strong></span> 
     </span>
    </p>
   </div>
   <div class='ocr_carea' id='block_1_84' title="bbox 1777 5087 1984 5158">
    <p class='ocr_par' dir='ltr' id='par_1_84' title="bbox 1777 5087 1984 5158">
     <span class='ocr_line' id='line_1_89' title="bbox 1777 5087 1984 5158; baseline 0.01 -13"><span class='ocrx_word' id='word_1_675' title='bbox 1777 5087 1929 5158; x_wconf 79' lang='grc' dir='ltr'>οὗτός</span> <span class='ocrx_word' id='word_1_676' title='bbox 1979 5142 1984 5147; x_wconf 87' lang='grc'>.</span> 
     </span>
    </p>
   </div>
   <div class='ocr_carea' id='block_1_85' title="bbox 2038 1897 3596 1969">
    <p class='ocr_par' dir='ltr' id='par_1_85' title="bbox 2038 1897 3596 1969">
     <span class='ocr_line' id='line_1_90' title="bbox 2038 1897 3596 1969; baseline -0.001 -18"><span class='ocrx_word' id='word_1_677' title='bbox 2038 1898 2152 1968; x_wconf 87' lang='lat' dir='ltr'><strong>ipso</strong></span> <span class='ocrx_word' id='word_1_678' title='bbox 2178 1898 2314 1953; x_wconf 89' lang='lat' dir='ltr'><strong>Filio</strong></span> <span class='ocrx_word' id='word_1_679' title='bbox 2342 1898 2544 1953; x_wconf 91' lang='lat' dir='ltr'><strong>dictum</strong></span> <span class='ocrx_word' id='word_1_680' title='bbox 2574 1897 2708 1953; x_wconf 76' lang='lat' dir='ltr'><strong>fuit:</strong></span> <span class='ocrx_word' id='word_1_681' title='bbox 2742 1916 2761 1948; x_wconf 84' lang='grc' dir='ltr'><strong>ι</strong></span> <span class='ocrx_word' id='word_1_682' title='bbox 2789 1901 2939 1969; x_wconf 89' lang='lat' dir='ltr'><strong>Aqua</strong></span> <span class='ocrx_word' id='word_1_683' title='bbox 2974 1899 3111 1969; x_wconf 65' lang='grc'>(84),</span> <span class='ocrx_word' id='word_1_684' title='bbox 3173 1913 3332 1968; x_wconf 92' lang='lat' dir='ltr'><strong>quam</strong></span> <span class='ocrx_word' id='word_1_685' title='bbox 3368 1913 3466 1969; x_wconf 85' lang='lat' dir='ltr'><strong>ego</strong></span> <span class='ocrx_word' id='word_1_686' title='bbox 3502 1899 3596 1951; x_wconf 86' lang='lat' dir='ltr'><strong>da-</strong></span> 
     </span>
    </p>
   </div>
   <div class='ocr_carea' id='block_1_86' title="bbox 2035 1991 3594 2061">
    <p class='ocr_par' dir='ltr' id='par_1_86' title="bbox 2035 1991 3594 2061">
     <span class='ocr_line' id='line_1_91' title="bbox 2035 1991 3594 2061; baseline 0.001 -18"><span class='ocrx_word' id='word_1_687' title='bbox 2035 1994 2100 2043; x_wconf 93' lang='lat' dir='ltr'><strong>bo</strong></span> <span class='ocrx_word' id='word_1_688' title='bbox 2140 1991 2233 2054; x_wconf 89' lang='lat' dir='ltr'><strong>iili,</strong></span> <span class='ocrx_word' id='word_1_689' title='bbox 2264 1992 2351 2044; x_wconf 77' lang='lat' dir='ltr'><strong>(iet</strong></span> <span class='ocrx_word' id='word_1_690' title='bbox 2388 1991 2438 2043; x_wconf 92' lang='lat' dir='ltr'><strong>in</strong></span> <span class='ocrx_word' id='word_1_691' title='bbox 2473 1992 2590 2059; x_wconf 87' lang='lat' dir='ltr'><strong>ipso</strong></span> <span class='ocrx_word' id='word_1_692' title='bbox 2625 1992 2745 2046; x_wconf 79' lang='lat' dir='ltr'><strong>fons</strong></span> <span class='ocrx_word' id='word_1_693' title='bbox 2774 2007 2926 2059; x_wconf 68' lang='lat' dir='ltr'><strong>aqua:</strong></span> <span class='ocrx_word' id='word_1_694' title='bbox 2945 1992 3185 2046; x_wconf 90' lang='lat' dir='ltr'><strong>salientis</strong></span> <span class='ocrx_word' id='word_1_695' title='bbox 3213 1991 3323 2061; x_wconf 85' lang='grc'>(85)</span> <span class='ocrx_word' id='word_1_696' title='bbox 3348 1991 3402 2047; x_wconf 92' lang='lat' dir='ltr'><strong>in</strong></span> <span class='ocrx_word' id='word_1_697' title='bbox 3428 1992 3594 2046; x_wconf 87' lang='lat' dir='ltr'><strong>vitam</strong></span> 
     </span>
    </p>
   </div>
   <div class='ocr_carea' id='block_1_87' title="bbox 2032 2080 3595 2152">
    <p class='ocr_par' dir='ltr' id='par_1_87' title="bbox 2032 2080 3595 2152">
     <span class='ocr_line' id='line_1_92' title="bbox 2032 2080 3595 2152; baseline 0.002 -19"><span class='ocrx_word' id='word_1_698' title='bbox 2032 2091 2283 2134; x_wconf 67' lang='lat' dir='ltr'><strong>aeternam</strong></span> <span class='ocrx_word' id='word_1_699' title='bbox 2309 2081 2439 2151; x_wconf 85' lang='lat'><strong>(86).</strong></span> <span class='ocrx_word' id='word_1_700' title='bbox 2470 2081 2578 2135; x_wconf 87' lang='lat' dir='ltr'><strong>Hoc</strong></span> <span class='ocrx_word' id='word_1_701' title='bbox 2600 2092 2778 2137; x_wconf 89' lang='lat' dir='ltr'><strong>autem</strong></span> <span class='ocrx_word' id='word_1_702' title='bbox 2818 2083 3030 2137; x_wconf 85' lang='lat' dir='ltr'><strong>dicebat</strong></span> <span class='ocrx_word' id='word_1_703' title='bbox 3052 2083 3117 2137; x_wconf 91' lang='lat' dir='ltr'><strong>de</strong></span> <span class='ocrx_word' id='word_1_704' title='bbox 3143 2080 3341 2152; x_wconf 86' lang='lat' dir='ltr'><strong>Spiritu</strong></span> <span class='ocrx_word' id='word_1_705' title='bbox 3384 2095 3595 2145; x_wconf 81' lang='lat' dir='ltr'><strong>sanCto.</strong></span> 
     </span>
    </p>
   </div>
   <div class='ocr_carea' id='block_1_88' title="bbox 2032 2173 3597 2242">
    <p class='ocr_par' dir='ltr' id='par_1_88' title="bbox 2032 2173 3597 2242">
     <span class='ocr_line' id='line_1_93' title="bbox 2032 2173 3597 2242; baseline 0.004 -19"><span class='ocrx_word' id='word_1_706' title='bbox 2032 2187 2189 2239; x_wconf 90' lang='lat' dir='ltr'><strong>quem</strong></span> <span class='ocrx_word' id='word_1_707' title='bbox 2213 2173 2481 2241; x_wconf 90' lang='lat' dir='ltr'><strong>accepturi</strong></span> <span class='ocrx_word' id='word_1_708' title='bbox 2500 2174 2951 2228; x_wconf 85' lang='lat' dir='ltr'><strong>erantcredentes</strong></span> <span class='ocrx_word' id='word_1_709' title='bbox 2976 2176 3025 2226; x_wconf 92' lang='lat' dir='ltr'><strong>in</strong></span> <span class='ocrx_word' id='word_1_710' title='bbox 3048 2173 3256 2242; x_wconf 89' lang='lat' dir='ltr'><strong>ipsum;</strong></span> <span class='ocrx_word' id='word_1_711' title='bbox 3290 2192 3309 2226; x_wconf 78' lang='grc' dir='ltr'><strong>ι</strong></span> <span class='ocrx_word' id='word_1_712' title='bbox 3371 2182 3428 2229; x_wconf 91' lang='lat' dir='ltr'><strong>et</strong></span> <span class='ocrx_word' id='word_1_713' title='bbox 3478 2174 3597 2229; x_wconf 86' lang='lat' dir='ltr'><strong>loco</strong></span> 
     </span>
    </p>
   </div>
   <div class='ocr_carea' id='block_1_89' title="bbox 2035 2261 3597 2334">
    <p class='ocr_par' dir='ltr' id='par_1_89' title="bbox 2035 2261 3597 2334">
     <span class='ocr_line' id='line_1_94' title="bbox 2035 2261 3597 2334; baseline 0.003 -18"><span class='ocrx_word' id='word_1_714' title='bbox 2035 2263 2125 2316; x_wconf 87' lang='lat' dir='ltr'><strong>illi.</strong></span> <span class='ocrx_word' id='word_1_715' title='bbox 2154 2289 2172 2314; x_wconf 73' lang='grc' dir='ltr'><strong>ι</strong></span> <span class='ocrx_word' id='word_1_716' title='bbox 2192 2261 2488 2332; x_wconf 84' lang='lat' dir='ltr'><strong>Participes</strong></span> <span class='ocrx_word' id='word_1_717' title='bbox 2504 2263 2613 2334; x_wconf 86' lang='lat'><strong>(87)</strong></span> <span class='ocrx_word' id='word_1_718' title='bbox 2629 2265 2769 2318; x_wconf 88' lang='lat' dir='ltr'><strong>enim</strong></span> <span class='ocrx_word' id='word_1_719' title='bbox 2789 2266 2985 2320; x_wconf 90' lang='lat' dir='ltr'><strong>Christi</strong></span> <span class='ocrx_word' id='word_1_720' title='bbox 3007 2265 3130 2319; x_wconf 83' lang='lat' dir='ltr'><strong>facti</strong></span> <span class='ocrx_word' id='word_1_721' title='bbox 3156 2280 3358 2325; x_wconf 89' lang='lat' dir='ltr'><strong>sumus.</strong></span> <span class='ocrx_word' id='word_1_722' title='bbox 3386 2284 3405 2318; x_wconf 79' lang='grc' dir='ltr'><strong>ι</strong></span> <span class='ocrx_word' id='word_1_723' title='bbox 3428 2264 3597 2320; x_wconf 79' lang='lat' dir='ltr'><strong>afﬁnis</strong></span> 
     </span>
    </p>
   </div>
   <div class='ocr_carea' id='block_1_90' title="bbox 2032 2353 3599 2427">
    <p class='ocr_par' dir='ltr' id='par_1_90' title="bbox 2032 2353 3599 2427">
     <span class='ocr_line' id='line_1_95' title="bbox 2032 2353 3599 2427; baseline 0.001 -17"><span class='ocrx_word' id='word_1_724' title='bbox 2032 2367 2116 2410; x_wconf 91' lang='lat' dir='ltr'><strong>est</strong></span> <span class='ocrx_word' id='word_1_725' title='bbox 2134 2356 2247 2409; x_wconf 91' lang='lat' dir='ltr'><strong>hic:</strong></span> <span class='ocrx_word' id='word_1_726' title='bbox 2285 2373 2303 2406; x_wconf 81' lang='grc' dir='ltr'><strong>ι</strong></span> <span class='ocrx_word' id='word_1_727' title='bbox 2342 2353 2671 2424; x_wconf 77' lang='lat' dir='ltr'><strong>[inpossibile</strong></span> <span class='ocrx_word' id='word_1_728' title='bbox 2706 2356 2815 2425; x_wconf 86' lang='grc'>(88)</span> <span class='ocrx_word' id='word_1_729' title='bbox 2850 2367 2931 2411; x_wconf 88' lang='lat' dir='ltr'><strong>est</strong></span> <span class='ocrx_word' id='word_1_730' title='bbox 2970 2357 3136 2421; x_wconf 88' lang='lat' dir='ltr'><strong>enim,</strong></span> <span class='ocrx_word' id='word_1_731' title='bbox 3170 2371 3262 2412; x_wconf 90' lang='lat' dir='ltr'><strong>eos</strong></span> <span class='ocrx_word' id='word_1_732' title='bbox 3305 2355 3395 2427; x_wconf 92' lang='lat' dir='ltr'><strong>qui</strong></span> <span class='ocrx_word' id='word_1_733' title='bbox 3433 2357 3599 2412; x_wconf 87' lang='lat' dir='ltr'><strong>semel</strong></span> 
     </span>
    </p>
   </div>
   <div class='ocr_carea' id='block_1_91' title="bbox 2034 2442 3599 2517">
    <p class='ocr_par' dir='ltr' id='par_1_91' title="bbox 2034 2442 3599 2517">
     <span class='ocr_line' id='line_1_96' title="bbox 2034 2442 3599 2517; baseline 0.003 -21"><span class='ocrx_word' id='word_1_734' title='bbox 2034 2452 2157 2496; x_wconf 89' lang='lat' dir='ltr'><strong>sunt</strong></span> <span class='ocrx_word' id='word_1_735' title='bbox 2174 2442 2478 2506; x_wconf 88' lang='lat' dir='ltr'><strong>illuminali,</strong></span> <span class='ocrx_word' id='word_1_736' title='bbox 2496 2445 2584 2510; x_wconf 85' lang='lat' dir='ltr'><strong>qui</strong></span> <span class='ocrx_word' id='word_1_737' title='bbox 2602 2454 2654 2497; x_wconf 93' lang='lat' dir='ltr'><strong>et</strong></span> <span class='ocrx_word' id='word_1_738' title='bbox 2667 2454 3019 2511; x_wconf 83' lang='lat' dir='ltr'><strong>gustaverunt</strong></span> <span class='ocrx_word' id='word_1_739' title='bbox 3036 2445 3235 2501; x_wconf 89' lang='lat' dir='ltr'><strong>donum</strong></span> <span class='ocrx_word' id='word_1_740' title='bbox 3252 2447 3471 2505; x_wconf 80' lang='lat' dir='ltr'><strong>caeleste</strong></span> <span class='ocrx_word' id='word_1_741' title='bbox 3484 2446 3599 2517; x_wconf 91' lang='lat'><strong>(89)</strong></span> 
     </span>
    </p>
   </div>
   <div class='ocr_carea' id='block_1_92' title="bbox 2038 2533 3598 2606">
    <p class='ocr_par' dir='ltr' id='par_1_92' title="bbox 2038 2533 3598 2606">
     <span class='ocr_line' id='line_1_97' title="bbox 2038 2533 3598 2606; baseline 0.001 -16"><span class='ocrx_word' id='word_1_742' title='bbox 2038 2533 2195 2606; x_wconf 65' lang='lat'><strong>145</strong></span> <span class='ocrx_word' id='word_1_743' title='bbox 2224 2545 2277 2589; x_wconf 90' lang='lat' dir='ltr'><strong>et</strong></span> <span class='ocrx_word' id='word_1_744' title='bbox 2311 2534 2599 2604; x_wconf 87' lang='lat' dir='ltr'><strong>participes</strong></span> <span class='ocrx_word' id='word_1_745' title='bbox 2623 2535 2744 2589; x_wconf 80' lang='lat' dir='ltr'><strong>facti</strong></span> <span class='ocrx_word' id='word_1_746' title='bbox 2769 2548 2890 2589; x_wconf 90' lang='lat' dir='ltr'><strong>sunt</strong></span> <span class='ocrx_word' id='word_1_747' title='bbox 2926 2534 3158 2605; x_wconf 88' lang='lat' dir='ltr'><strong>Spiritus</strong></span> <span class='ocrx_word' id='word_1_748' title='bbox 3186 2538 3411 2592; x_wconf 62' lang='lat' dir='ltr'><strong>sancti.»</strong></span> <span class='ocrx_word' id='word_1_749' title='bbox 3445 2537 3598 2605; x_wconf 80' lang='lat' dir='ltr'><strong>Quod</strong></span> 
     </span>
    </p>
   </div>
   <div class='ocr_carea' id='block_1_93' title="bbox 2032 2628 3596 2701">
    <p class='ocr_par' dir='ltr' id='par_1_93' title="bbox 2032 2628 3596 2701">
     <span class='ocr_line' id='line_1_98' title="bbox 2032 2628 3596 2701; baseline 0.004 -22"><span class='ocrx_word' id='word_1_750' title='bbox 2032 2644 2161 2681; x_wconf 89' lang='lat' dir='ltr'><strong>vero</strong></span> <span class='ocrx_word' id='word_1_751' title='bbox 2213 2628 2264 2681; x_wconf 93' lang='lat' dir='ltr'><strong>in</strong></span> <span class='ocrx_word' id='word_1_752' title='bbox 2296 2628 2445 2682; x_wconf 88' lang='lat' dir='ltr'><strong>Actis</strong></span> <span class='ocrx_word' id='word_1_753' title='bbox 2469 2629 2538 2681; x_wconf 91' lang='lat' dir='ltr'><strong>ita</strong></span> <span class='ocrx_word' id='word_1_754' title='bbox 2575 2628 2835 2697; x_wconf 83' lang='lat' dir='ltr'><strong>scriptum</strong></span> <span class='ocrx_word' id='word_1_755' title='bbox 2877 2637 2980 2694; x_wconf 89' lang='lat' dir='ltr'><strong>est,</strong></span> <span class='ocrx_word' id='word_1_756' title='bbox 3037 2648 3055 2680; x_wconf 81' lang='grc' dir='ltr'><strong>ι</strong></span> <span class='ocrx_word' id='word_1_757' title='bbox 3079 2629 3457 2699; x_wconf 85' lang='lat' dir='ltr'><strong>Apparuerunt</strong></span> <span class='ocrx_word' id='word_1_758' title='bbox 3484 2630 3596 2701; x_wconf 89' lang='lat'><strong>(90)</strong></span> 
     </span>
    </p>
   </div>
   <div class='ocr_carea' id='block_1_94' title="bbox 2035 2718 3598 2789">
    <p class='ocr_par' dir='ltr' id='par_1_94' title="bbox 2035 2718 3598 2789">
     <span class='ocr_line' id='line_1_99' title="bbox 2035 2718 3598 2789; baseline 0.003 -19"><span class='ocrx_word' id='word_1_759' title='bbox 2035 2718 2291 2786; x_wconf 85' lang='lat' dir='ltr'><strong>apostolis</strong></span> <span class='ocrx_word' id='word_1_760' title='bbox 2314 2719 2608 2789; x_wconf 68' lang='lat' dir='ltr'><strong>dispertita:</strong></span> <span class='ocrx_word' id='word_1_761' title='bbox 2627 2718 2820 2787; x_wconf 69' lang='lat' dir='ltr'><strong>lingua:</strong></span> <span class='ocrx_word' id='word_1_762' title='bbox 2836 2719 2975 2773; x_wconf 89' lang='lat' dir='ltr'><strong>sicut</strong></span> <span class='ocrx_word' id='word_1_763' title='bbox 3006 2720 3220 2789; x_wconf 88' lang='lat' dir='ltr'><strong>ignis,et</strong></span> <span class='ocrx_word' id='word_1_764' title='bbox 3240 2719 3491 2776; x_wconf 87' lang='lat' dir='ltr'><strong>sederunt</strong></span> <span class='ocrx_word' id='word_1_765' title='bbox 3509 2736 3598 2775; x_wconf 85' lang='lat' dir='ltr'><strong>su-</strong></span> 
     </span>
    </p>
   </div>
   <div class='ocr_carea' id='block_1_95' title="bbox 2035 2807 3595 2878">
    <p class='ocr_par' dir='ltr' id='par_1_95' title="bbox 2035 2807 3595 2878">
     <span class='ocr_line' id='line_1_100' title="bbox 2035 2807 3595 2878; baseline 0.001 -18"><span class='ocrx_word' id='word_1_766' title='bbox 2035 2824 2128 2878; x_wconf 87' lang='lat' dir='ltr'><strong>pra</strong></span> <span class='ocrx_word' id='word_1_767' title='bbox 2152 2807 2391 2878; x_wconf 84' lang='lat' dir='ltr'><strong>singulos</strong></span> <span class='ocrx_word' id='word_1_768' title='bbox 2417 2822 2630 2871; x_wconf 88' lang='lat' dir='ltr'><strong>eorum,</strong></span> <span class='ocrx_word' id='word_1_769' title='bbox 2667 2819 2721 2861; x_wconf 92' lang='lat' dir='ltr'><strong>et</strong></span> <span class='ocrx_word' id='word_1_770' title='bbox 2746 2809 2931 2878; x_wconf 89' lang='lat' dir='ltr'><strong>repleti</strong></span> <span class='ocrx_word' id='word_1_771' title='bbox 2955 2820 3082 2863; x_wconf 89' lang='lat' dir='ltr'><strong>sunt</strong></span> <span class='ocrx_word' id='word_1_772' title='bbox 3135 2824 3320 2864; x_wconf 89' lang='lat' dir='ltr'><strong>omnes</strong></span> <span class='ocrx_word' id='word_1_773' title='bbox 3392 2808 3595 2878; x_wconf 87' lang='lat' dir='ltr'><strong>Spiritu</strong></span> 
     </span>
    </p>
   </div>
   <div class='ocr_carea' id='block_1_96' title="bbox 2034 2896 3596 2968">
    <p class='ocr_par' dir='ltr' id='par_1_96' title="bbox 2034 2896 3596 2968">
     <span class='ocr_line' id='line_1_101' title="bbox 2034 2896 3596 2968; baseline 0.003 -19"><span class='ocrx_word' id='word_1_774' title='bbox 2034 2906 2272 2960; x_wconf 67' lang='lat' dir='ltr'><strong>sancto,»</strong></span> <span class='ocrx_word' id='word_1_775' title='bbox 2295 2906 2347 2951; x_wconf 90' lang='lat' dir='ltr'><strong>et</strong></span> <span class='ocrx_word' id='word_1_776' title='bbox 2376 2897 2500 2951; x_wconf 90' lang='lat' dir='ltr'><strong>illud</strong></span> <span class='ocrx_word' id='word_1_777' title='bbox 2532 2899 2671 2966; x_wconf 90' lang='lat' dir='ltr'><strong>quod</strong></span> <span class='ocrx_word' id='word_1_778' title='bbox 2696 2896 2944 2953; x_wconf 85' lang='lat' dir='ltr'><strong>aJoanne</strong></span> <span class='ocrx_word' id='word_1_779' title='bbox 2964 2898 3162 2952; x_wconf 90' lang='lat' dir='ltr'><strong>dictum</strong></span> <span class='ocrx_word' id='word_1_780' title='bbox 3194 2910 3295 2963; x_wconf 91' lang='lat' dir='ltr'><strong>est,</strong></span> <span class='ocrx_word' id='word_1_781' title='bbox 3314 2899 3462 2968; x_wconf 71' lang='lat' dir='ltr'><strong>(Ipse</strong></span> <span class='ocrx_word' id='word_1_782' title='bbox 3482 2899 3596 2968; x_wconf 85' lang='lat' dir='ltr'><strong>(9i)</strong></span> 
     </span>
    </p>
   </div>
   <div class='ocr_carea' id='block_1_97' title="bbox 2038 2986 3598 3058">
    <p class='ocr_par' dir='ltr' id='par_1_97' title="bbox 2038 2986 3598 3058">
     <span class='ocr_line' id='line_1_102' title="bbox 2038 2986 3598 3058; baseline 0.003 -19"><span class='ocrx_word' id='word_1_783' title='bbox 2038 3002 2133 3041; x_wconf 89' lang='lat' dir='ltr'><strong>vos</strong></span> <span class='ocrx_word' id='word_1_784' title='bbox 2167 2987 2464 3053; x_wconf 86' lang='lat' dir='ltr'><strong>baptizabit</strong></span> <span class='ocrx_word' id='word_1_785' title='bbox 2524 2987 2575 3041; x_wconf 92' lang='lat' dir='ltr'><strong>in</strong></span> <span class='ocrx_word' id='word_1_786' title='bbox 2616 2986 2819 3057; x_wconf 90' lang='lat' dir='ltr'><strong>Spiritu</strong></span> <span class='ocrx_word' id='word_1_787' title='bbox 2871 2998 3081 3053; x_wconf 86' lang='lat' dir='ltr'><strong>sancto,</strong></span> <span class='ocrx_word' id='word_1_788' title='bbox 3113 2997 3168 3042; x_wconf 92' lang='lat' dir='ltr'><strong>et</strong></span> <span class='ocrx_word' id='word_1_789' title='bbox 3216 2989 3355 3058; x_wconf 86' lang='lat' dir='ltr'><strong>igne,</strong></span> <span class='ocrx_word' id='word_1_790' title='bbox 3387 3007 3405 3040; x_wconf 80' lang='grc' dir='ltr'><strong>ι</strong></span> <span class='ocrx_word' id='word_1_791' title='bbox 3444 2990 3598 3043; x_wconf 87' lang='lat' dir='ltr'><strong>valde</strong></span> 
     </span>
    </p>
   </div>
   <div class='ocr_carea' id='block_1_98' title="bbox 2039 3080 3599 3152">
    <p class='ocr_par' dir='ltr' id='par_1_98' title="bbox 2039 3080 3599 3152">
     <span class='ocr_line' id='line_1_103' title="bbox 2039 3080 3599 3152; baseline 0.001 -18"><span class='ocrx_word' id='word_1_792' title='bbox 2039 3080 2216 3134; x_wconf 82' lang='lat' dir='ltr'><strong>simile</strong></span> <span class='ocrx_word' id='word_1_793' title='bbox 2276 3089 2359 3135; x_wconf 90' lang='lat' dir='ltr'><strong>est</strong></span> <span class='ocrx_word' id='word_1_794' title='bbox 2423 3080 2548 3133; x_wconf 92' lang='lat' dir='ltr'><strong>huic</strong></span> <span class='ocrx_word' id='word_1_795' title='bbox 2584 3080 2745 3135; x_wconf 85' lang='lat' dir='ltr'><strong>Mosis</strong></span> <span class='ocrx_word' id='word_1_796' title='bbox 2799 3081 3035 3141; x_wconf 87' lang='lat' dir='ltr'><strong>oraculo,</strong></span> <span class='ocrx_word' id='word_1_797' title='bbox 3106 3080 3421 3150; x_wconf 71' lang='lat' dir='ltr'><strong>«Deus(92)</strong></span> <span class='ocrx_word' id='word_1_798' title='bbox 3460 3082 3599 3152; x_wconf 85' lang='lat' dir='ltr'><strong>ignis</strong></span> 
     </span>
    </p>
   </div>
   <div class='ocr_carea' id='block_1_99' title="bbox 2039 3172 3597 3243">
    <p class='ocr_par' dir='ltr' id='par_1_99' title="bbox 2039 3172 3597 3243">
     <span class='ocr_line' id='line_1_104' title="bbox 2039 3172 3597 3243; baseline 0 -15"><span class='ocrx_word' id='word_1_799' title='bbox 2039 3187 2387 3235; x_wconf 89' lang='lat' dir='ltr'><strong>consumens,</strong></span> <span class='ocrx_word' id='word_1_800' title='bbox 2425 3192 2443 3225; x_wconf 77' lang='grc' dir='ltr'><strong>ι</strong></span> <span class='ocrx_word' id='word_1_801' title='bbox 2477 3182 2532 3227; x_wconf 89' lang='lat' dir='ltr'><strong>et</strong></span> <span class='ocrx_word' id='word_1_802' title='bbox 2563 3172 2718 3227; x_wconf 91' lang='lat' dir='ltr'><strong>alteri</strong></span> <span class='ocrx_word' id='word_1_803' title='bbox 2772 3172 2943 3236; x_wconf 66' lang='lat' dir='ltr'><strong>Isaiae,</strong></span> <span class='ocrx_word' id='word_1_804' title='bbox 2975 3172 3169 3228; x_wconf 73' lang='lat' dir='ltr'><strong>«.Ecce</strong></span> <span class='ocrx_word' id='word_1_805' title='bbox 3195 3173 3307 3243; x_wconf 89' lang='grc'>(95)</span> <span class='ocrx_word' id='word_1_806' title='bbox 3343 3175 3597 3229; x_wconf 89' lang='lat' dir='ltr'><strong>Dominus</strong></span> 
     </span>
    </p>
   </div>
   <div class='ocr_carea' id='block_1_100' title="bbox 2038 3261 3598 3332">
    <p class='ocr_par' dir='ltr' id='par_1_100' title="bbox 2038 3261 3598 3332">
     <span class='ocr_line' id='line_1_105' title="bbox 2038 3261 3598 3332; baseline 0.004 -18"><span class='ocrx_word' id='word_1_807' title='bbox 2038 3263 2191 3332; x_wconf 89' lang='lat' dir='ltr'><strong>quasi</strong></span> <span class='ocrx_word' id='word_1_808' title='bbox 2229 3261 2368 3332; x_wconf 80' lang='lat' dir='ltr'><strong>ignis</strong></span> <span class='ocrx_word' id='word_1_809' title='bbox 2416 3262 2615 3317; x_wconf 82' lang='lat' dir='ltr'><strong>veniet.</strong></span> <span class='ocrx_word' id='word_1_810' title='bbox 2644 3280 2663 3314; x_wconf 78' lang='grc' dir='ltr'><strong>ι</strong></span> <span class='ocrx_word' id='word_1_811' title='bbox 2720 3262 2786 3317; x_wconf 86' lang='grc' dir='ltr'>Ει</span> <span class='ocrx_word' id='word_1_812' title='bbox 2838 3264 3207 3318; x_wconf 90' lang='lat' dir='ltr'><strong>testimonium</strong></span> <span class='ocrx_word' id='word_1_813' title='bbox 3248 3266 3371 3330; x_wconf 91' lang='lat' dir='ltr'><strong>hoc,</strong></span> <span class='ocrx_word' id='word_1_814' title='bbox 3427 3284 3445 3317; x_wconf 80' lang='grc' dir='ltr'><strong>ι</strong></span> <span class='ocrx_word' id='word_1_815' title='bbox 3480 3266 3598 3320; x_wconf 89' lang='lat' dir='ltr'><strong>Cir-</strong></span> 
     </span>
    </p>
   </div>
   <div class='ocr_carea' id='block_1_101' title="bbox 2038 3350 3595 3420">
    <p class='ocr_par' dir='ltr' id='par_1_101' title="bbox 2038 3350 3595 3420">
     <span class='ocr_line' id='line_1_106' title="bbox 2038 3350 3595 3420; baseline 0.005 -18"><span class='ocrx_word' id='word_1_816' title='bbox 2038 3351 2263 3404; x_wconf 88' lang='lat' dir='ltr'><strong>cumcisi</strong></span> <span class='ocrx_word' id='word_1_817' title='bbox 2300 3350 2414 3419; x_wconf 63' lang='lat'><strong>(94)</strong></span> <span class='ocrx_word' id='word_1_818' title='bbox 2447 3351 2579 3405; x_wconf 90' lang='lat' dir='ltr'><strong>estis</strong></span> <span class='ocrx_word' id='word_1_819' title='bbox 2611 3352 3027 3411; x_wconf 89' lang='lat' dir='ltr'><strong>circumcisione</strong></span> <span class='ocrx_word' id='word_1_820' title='bbox 3052 3369 3155 3408; x_wconf 92' lang='lat' dir='ltr'><strong>non</strong></span> <span class='ocrx_word' id='word_1_821' title='bbox 3206 3356 3595 3420; x_wconf 80' lang='lat' dir='ltr'><strong>manufacta,in</strong></span> 
     </span>
    </p>
   </div>
   <div class='ocr_carea' id='block_1_102' title="bbox 2036 3442 3600 3514">
    <p class='ocr_par' dir='ltr' id='par_1_102' title="bbox 2036 3442 3600 3514">
     <span class='ocr_line' id='line_1_107' title="bbox 2036 3442 3600 3514; baseline 0.004 -18"><span class='ocrx_word' id='word_1_822' title='bbox 2036 3442 2430 3509; x_wconf 55' lang='lat' dir='ltr'><strong>expoliatione</strong></span> <span class='ocrx_word' id='word_1_823' title='bbox 2458 3443 2705 3510; x_wconf 91' lang='lat' dir='ltr'><strong>corporis</strong></span> <span class='ocrx_word' id='word_1_824' title='bbox 2752 3455 3118 3514; x_wconf 87' lang='lat' dir='ltr'><strong>peccatorum,</strong></span> <span class='ocrx_word' id='word_1_825' title='bbox 3156 3447 3206 3499; x_wconf 94' lang='lat' dir='ltr'><strong>in</strong></span> <span class='ocrx_word' id='word_1_826' title='bbox 3235 3447 3600 3502; x_wconf 87' lang='lat' dir='ltr'><strong>circumcisio-</strong></span> 
     </span>
    </p>
   </div>
   <div class='ocr_carea' id='block_1_103' title="bbox 2036 3533 3598 3600">
    <p class='ocr_par' dir='ltr' id='par_1_103' title="bbox 2036 3533 3598 3600">
     <span class='ocr_line' id='line_1_108' title="bbox 2036 3533 3598 3600; baseline 0.004 -14"><span class='ocrx_word' id='word_1_827' title='bbox 2036 3549 2100 3587; x_wconf 90' lang='lat' dir='ltr'><strong>ne</strong></span> <span class='ocrx_word' id='word_1_828' title='bbox 2133 3533 2359 3596; x_wconf 91' lang='lat' dir='ltr'><strong>Christi,</strong></span> <span class='ocrx_word' id='word_1_829' title='bbox 2389 3552 2406 3585; x_wconf 80' lang='grc' dir='ltr'><strong>ι</strong></span> <span class='ocrx_word' id='word_1_830' title='bbox 2442 3549 2741 3589; x_wconf 88' lang='lat' dir='ltr'><strong>consonum</strong></span> <span class='ocrx_word' id='word_1_831' title='bbox 2766 3546 2849 3589; x_wconf 88' lang='lat' dir='ltr'><strong>est</strong></span> <span class='ocrx_word' id='word_1_832' title='bbox 2876 3536 3001 3590; x_wconf 90' lang='lat' dir='ltr'><strong>huic</strong></span> <span class='ocrx_word' id='word_1_833' title='bbox 3042 3536 3220 3600; x_wconf 88' lang='lat' dir='ltr'><strong>alteri,</strong></span> <span class='ocrx_word' id='word_1_834' title='bbox 3255 3556 3274 3587; x_wconf 80' lang='grc' dir='ltr'><strong>ι</strong></span> <span class='ocrx_word' id='word_1_835' title='bbox 3296 3537 3598 3593; x_wconf 89' lang='lat' dir='ltr'><strong>Circumci-</strong></span> 
     </span>
    </p>
   </div>
   <div class='ocr_carea' id='block_1_104' title="bbox 2037 3621 3601 3698">
    <p class='ocr_par' dir='ltr' id='par_1_104' title="bbox 2037 3621 3601 3698">
     <span class='ocr_line' id='line_1_109' title="bbox 2037 3621 3601 3698; baseline 0.003 -18"><span class='ocrx_word' id='word_1_836' title='bbox 2037 3626 2115 3680; x_wconf 88' lang='lat' dir='ltr'><strong>sio</strong></span> <span class='ocrx_word' id='word_1_837' title='bbox 2136 3625 2246 3698; x_wconf 79' lang='lat'><strong>(93)</strong></span> <span class='ocrx_word' id='word_1_838' title='bbox 2276 3626 2455 3680; x_wconf 85' lang='lat' dir='ltr'><strong>cordis</strong></span> <span class='ocrx_word' id='word_1_839' title='bbox 2482 3642 2531 3679; x_wconf 89' lang='grc' dir='ltr'><strong>ιιι</strong></span> <span class='ocrx_word' id='word_1_840' title='bbox 2563 3625 2905 3695; x_wconf 72' lang='lat' dir='ltr'><strong>Spiritu.iAc</strong></span> <span class='ocrx_word' id='word_1_841' title='bbox 2922 3628 2967 3683; x_wconf 91' lang='lat' dir='ltr'><strong>si</strong></span> <span class='ocrx_word' id='word_1_842' title='bbox 2997 3626 3104 3681; x_wconf 89' lang='lat' dir='ltr'><strong>Deo</strong></span> <span class='ocrx_word' id='word_1_843' title='bbox 3121 3621 3370 3683; x_wconf 87' lang='lat' dir='ltr'><strong>convenit</strong></span> <span class='ocrx_word' id='word_1_844' title='bbox 3394 3629 3483 3683; x_wconf 87' lang='lat' dir='ltr'><strong>illa</strong></span> <span class='ocrx_word' id='word_1_845' title='bbox 3498 3629 3601 3685; x_wconf 88' lang='lat' dir='ltr'><strong>Pe—</strong></span> 
     </span>
    </p>
   </div>
   <div class='ocr_carea' id='block_1_105' title="bbox 2042 3716 3596 3789">
    <p class='ocr_par' dir='ltr' id='par_1_105' title="bbox 2042 3716 3596 3789">
     <span class='ocr_line' id='line_1_110' title="bbox 2042 3716 3596 3789; baseline 0.003 -19"><span class='ocrx_word' id='word_1_846' title='bbox 2042 3719 2109 3772; x_wconf 90' lang='lat' dir='ltr'><strong>tri</strong></span> <span class='ocrx_word' id='word_1_847' title='bbox 2144 3732 2296 3781; x_wconf 76' lang='lat' dir='ltr'><strong>vox,¢</strong></span> <span class='ocrx_word' id='word_1_848' title='bbox 2323 3718 2702 3775; x_wconf 71' lang='lat' dir='ltr'><strong>Paenitentiam</strong></span> <span class='ocrx_word' id='word_1_849' title='bbox 2722 3716 2963 3789; x_wconf 81' lang='lat' dir='ltr'><strong>(96)aget</strong></span> <span class='ocrx_word' id='word_1_850' title='bbox 2986 3719 3355 3789; x_wconf 90' lang='lat' dir='ltr'><strong>unusquisque</strong></span> <span class='ocrx_word' id='word_1_851' title='bbox 3384 3735 3413 3775; x_wconf 89' lang='lat' dir='ltr'><strong>a</strong></span> <span class='ocrx_word' id='word_1_852' title='bbox 3442 3721 3596 3775; x_wconf 85' lang='lat' dir='ltr'><strong>mali-</strong></span> 
     </span>
    </p>
   </div>
   <div class='ocr_carea' id='block_1_106' title="bbox 2035 3900 3592 3970">
    <p class='ocr_par' dir='ltr' id='par_1_106' title="bbox 2035 3900 3592 3970">
     <span class='ocr_line' id='line_1_111' title="bbox 2035 3900 3592 3970; baseline 0.001 -14"><span class='ocrx_word' id='word_1_853' title='bbox 2035 3916 2138 3970; x_wconf 88' lang='lat' dir='ltr'><strong>que</strong></span> <span class='ocrx_word' id='word_1_854' title='bbox 2158 3902 2355 3959; x_wconf 90' lang='lat' dir='ltr'><strong>Christi</strong></span> <span class='ocrx_word' id='word_1_855' title='bbox 2395 3902 2729 3970; x_wconf 14' lang='lat' dir='ltr'><strong>sententiam“</strong></span> <span class='ocrx_word' id='word_1_856' title='bbox 2760 3900 3101 3955; x_wconf 85' lang='lat' dir='ltr'><strong>conveniant.</strong></span> <span class='ocrx_word' id='word_1_857' title='bbox 3137 3900 3305 3955; x_wconf 88' lang='lat' dir='ltr'><strong>Biblia</strong></span> <span class='ocrx_word' id='word_1_858' title='bbox 3347 3901 3592 3957; x_wconf 88' lang='lat' dir='ltr'><strong>habent:</strong></span> 
     </span>
    </p>
   </div>
   <div class='ocr_carea' id='block_1_107' title="bbox 2034 3969 3598 4044">
    <p class='ocr_par' dir='ltr' id='par_1_107' title="bbox 2034 3969 3598 4044">
     <span class='ocr_line' id='line_1_112' title="bbox 2034 3969 3598 4044; baseline 0.001 -18"><span class='ocrx_word' id='word_1_859' title='bbox 2034 3969 2284 4044; x_wconf 24' lang='grc' dir='ltr'>ΤοῦτοΑδέ</span> <span class='ocrx_word' id='word_1_860' title='bbox 2315 3971 2435 4027; x_wconf 71' lang='grc' dir='ltr'>εἷπε</span> <span class='ocrx_word' id='word_1_861' title='bbox 2476 3973 2603 4044; x_wconf 79' lang='grc' dir='ltr'>περὶ</span> <span class='ocrx_word' id='word_1_862' title='bbox 2638 3969 2731 4024; x_wconf 87' lang='grc' dir='ltr'><strong>τοῦ</strong></span> <span class='ocrx_word' id='word_1_863' title='bbox 2772 3969 3123 4041; x_wconf 84' lang='grc' dir='ltr'>Πνεύματος,</span> <span class='ocrx_word' id='word_1_864' title='bbox 3170 3980 3224 4026; x_wconf 86' lang='lat' dir='ltr'><strong>et</strong></span> <span class='ocrx_word' id='word_1_865' title='bbox 3262 3971 3499 4042; x_wconf 87' lang='lat' dir='ltr'><strong>reliqua,</strong></span> <span class='ocrx_word' id='word_1_866' title='bbox 3540 3982 3598 4027; x_wconf 86' lang='lat' dir='ltr'><strong>ut</strong></span> 
     </span>
    </p>
   </div>
   <div class='ocr_carea' id='block_1_108' title="bbox 2033 4042 2460 4098">
    <p class='ocr_par' dir='ltr' id='par_1_108' title="bbox 2033 4042 2460 4098">
     <span class='ocr_line' id='line_1_113' title="bbox 2033 4042 2460 4098; baseline 0.005 -2"><span class='ocrx_word' id='word_1_867' title='bbox 2033 4043 2121 4097; x_wconf 85' lang='lat' dir='ltr'><strong>hic</strong></span> <span class='ocrx_word' id='word_1_868' title='bbox 2148 4042 2460 4098; x_wconf 72' lang='lat' dir='ltr'><strong>aii‘eruntur.</strong></span> 
     </span>
    </p>
   </div>
   <div class='ocr_carea' id='block_1_109' title="bbox 2125 4109 2989 4180">
    <p class='ocr_par' dir='ltr' id='par_1_109' title="bbox 2125 4109 2989 4180">
     <span class='ocr_line' id='line_1_114' title="bbox 2125 4109 2989 4180; baseline -0.005 -13"><span class='ocrx_word' id='word_1_869' title='bbox 2125 4112 2213 4180; x_wconf 83' lang='lat'><strong>87)</strong></span> <span class='ocrx_word' id='word_1_870' title='bbox 2250 4111 2562 4180; x_wconf 76' lang='lat' dir='ltr'><strong>Participes.</strong></span> <span class='ocrx_word' id='word_1_871' title='bbox 2596 4109 2760 4166; x_wconf 83' lang='lat' dir='ltr'><strong>Hebr.</strong></span> <span class='ocrx_word' id='word_1_872' title='bbox 2788 4125 2870 4177; x_wconf 84' lang='grc' dir='ltr'>ιιι,</span> <span class='ocrx_word' id='word_1_873' title='bbox 2906 4109 2989 4164; x_wconf 77' lang='grc'><strong>14.</strong></span> 
     </span>
    </p>
   </div>
   <div class='ocr_carea' id='block_1_110' title="bbox 2124 4181 2991 4250">
    <p class='ocr_par' dir='ltr' id='par_1_110' title="bbox 2124 4181 2991 4250">
     <span class='ocr_line' id='line_1_115' title="bbox 2124 4181 2991 4250; baseline 0 -14"><span class='ocrx_word' id='word_1_874' title='bbox 2124 4181 2213 4250; x_wconf 85' lang='grc'><strong>88)</strong></span> <span class='ocrx_word' id='word_1_875' title='bbox 2253 4181 2601 4250; x_wconf 82' lang='lat' dir='ltr'><strong>Impossibile.</strong></span> <span class='ocrx_word' id='word_1_876' title='bbox 2642 4181 2804 4250; x_wconf 79' lang='lat' dir='ltr'><strong>Hebr.</strong></span> <span class='ocrx_word' id='word_1_877' title='bbox 2834 4196 2909 4243; x_wconf 72' lang='lat' dir='ltr'><strong>vr,</strong></span> <span class='ocrx_word' id='word_1_878' title='bbox 2937 4181 2991 4237; x_wconf 84' lang='grc'><strong>4.</strong></span> 
     </span>
    </p>
   </div>
   <div class='ocr_carea' id='block_1_111' title="bbox 2125 4246 3596 4321">
    <p class='ocr_par' dir='ltr' id='par_1_111' title="bbox 2125 4246 3596 4321">
     <span class='ocr_line' id='line_1_116' title="bbox 2125 4246 3596 4321; baseline -0.001 -14"><span class='ocrx_word' id='word_1_879' title='bbox 2125 4246 2214 4321; x_wconf 87' lang='lat'><strong>89)</strong></span> <span class='ocrx_word' id='word_1_880' title='bbox 2245 4246 2478 4307; x_wconf 74' lang='lat' dir='ltr'><strong>Caeleste.</strong></span> <span class='ocrx_word' id='word_1_881' title='bbox 2513 4252 2694 4307; x_wconf 79' lang='lat' dir='ltr'><strong>Codex</strong></span> <span class='ocrx_word' id='word_1_882' title='bbox 2720 4249 2881 4321; x_wconf 80' lang='lat' dir='ltr'><strong>habet</strong></span> <span class='ocrx_word' id='word_1_883' title='bbox 2910 4268 2924 4305; x_wconf 90' lang='lat'><strong>:</strong></span> <span class='ocrx_word' id='word_1_884' title='bbox 2962 4246 3059 4317; x_wconf 83' lang='grc' dir='ltr'>τῆς</span> <span class='ocrx_word' id='word_1_885' title='bbox 3091 4247 3300 4321; x_wconf 81' lang='grc' dir='ltr'>δωρεᾶς</span> <span class='ocrx_word' id='word_1_886' title='bbox 3319 4249 3413 4303; x_wconf 84' lang='grc' dir='ltr'><strong>τοῦ</strong></span> <span class='ocrx_word' id='word_1_887' title='bbox 3438 4252 3596 4305; x_wconf 79' lang='grc' dir='ltr'>ἐπου-</span> 
     </span>
    </p>
   </div>
   <div class='ocr_carea' id='block_1_112' title="bbox 2032 4320 3588 4391">
    <p class='ocr_par' dir='ltr' id='par_1_112' title="bbox 2032 4320 3588 4391">
     <span class='ocr_line' id='line_1_117' title="bbox 2032 4320 3588 4391; baseline 0.001 -17"><span class='ocrx_word' id='word_1_888' title='bbox 2032 4320 2237 4391; x_wconf 83' lang='grc' dir='ltr'>ρανίου,</span> <span class='ocrx_word' id='word_1_889' title='bbox 2277 4323 2330 4377; x_wconf 91' lang='lat' dir='ltr'><strong>id</strong></span> <span class='ocrx_word' id='word_1_890' title='bbox 2356 4333 2438 4376; x_wconf 92' lang='lat' dir='ltr'><strong>est</strong></span> <span class='ocrx_word' id='word_1_891' title='bbox 2470 4340 2488 4372; x_wconf 84' lang='grc' dir='ltr'><strong>ι</strong></span> <span class='ocrx_word' id='word_1_892' title='bbox 2517 4324 2713 4377; x_wconf 90' lang='lat' dir='ltr'><strong>donum</strong></span> <span class='ocrx_word' id='word_1_893' title='bbox 2747 4320 2993 4376; x_wconf 64' lang='lat' dir='ltr'><strong>Caelestis</strong></span> <span class='ocrx_word' id='word_1_894' title='bbox 3016 4359 3030 4382; x_wconf 92' lang='lat'><strong>,</strong></span> <span class='ocrx_word' id='word_1_895' title='bbox 3070 4334 3308 4391; x_wconf 48' lang='lat' dir='ltr'><strong>{nempe</strong></span> <span class='ocrx_word' id='word_1_896' title='bbox 3342 4322 3451 4375; x_wconf 93' lang='lat' dir='ltr'><strong>Dei.</strong></span> <span class='ocrx_word' id='word_1_897' title='bbox 3483 4322 3588 4376; x_wconf 85' lang='lat' dir='ltr'><strong>Sed</strong></span> 
     </span>
    </p>
   </div>
   <div class='ocr_carea' id='block_1_113' title="bbox 2033 4387 3593 4459">
    <p class='ocr_par' dir='ltr' id='par_1_113' title="bbox 2033 4387 3593 4459">
     <span class='ocr_line' id='line_1_118' title="bbox 2033 4387 3593 4459; baseline 0.002 -16"><span class='ocrx_word' id='word_1_898' title='bbox 2033 4387 2153 4444; x_wconf 81' lang='lat' dir='ltr'><strong>cum</strong></span> <span class='ocrx_word' id='word_1_899' title='bbox 2187 4394 2237 4446; x_wconf 94' lang='lat' dir='ltr'><strong>in</strong></span> <span class='ocrx_word' id='word_1_900' title='bbox 2267 4401 2508 4446; x_wconf 79' lang='lat' dir='ltr'><strong>extremo</strong></span> <span class='ocrx_word' id='word_1_901' title='bbox 2546 4394 2711 4447; x_wconf 90' lang='lat' dir='ltr'><strong>hocce</strong></span> <span class='ocrx_word' id='word_1_902' title='bbox 2745 4391 2918 4459; x_wconf 88' lang='lat' dir='ltr'><strong>capite</strong></span> <span class='ocrx_word' id='word_1_903' title='bbox 2956 4387 3199 4446; x_wconf 85' lang='lat' dir='ltr'><strong>eumdem</strong></span> <span class='ocrx_word' id='word_1_904' title='bbox 3246 4387 3425 4445; x_wconf 85' lang='lat' dir='ltr'><strong>locum</strong></span> <span class='ocrx_word' id='word_1_905' title='bbox 3461 4391 3593 4446; x_wconf 78' lang='lat' dir='ltr'><strong>aﬂ‘e-</strong></span> 
     </span>
    </p>
   </div>
   <div class='ocr_carea' id='block_1_114' title="bbox 2032 4459 3596 4541">
    <p class='ocr_par' dir='ltr' id='par_1_114' title="bbox 2032 4459 3596 4541">
     <span class='ocr_line' id='line_1_119' title="bbox 2032 4459 3596 4541; baseline 0.002 -30"><span class='ocrx_word' id='word_1_906' title='bbox 2032 4476 2157 4541; x_wconf 72' lang='lat' dir='ltr'><strong>rens</strong></span> <span class='ocrx_word' id='word_1_907' title='bbox 2210 4462 2465 4541; x_wconf 73' lang='lat' dir='ltr'><strong>Didymus</strong></span> <span class='ocrx_word' id='word_1_908' title='bbox 2508 4461 2790 4541; x_wconf 77' lang='lat' dir='ltr'><strong>dictaverit</strong></span> <span class='ocrx_word' id='word_1_909' title='bbox 2835 4461 2937 4541; x_wconf 72' lang='grc' dir='ltr'>τῇς</span> <span class='ocrx_word' id='word_1_910' title='bbox 2982 4459 3344 4541; x_wconf 69' lang='grc' dir='ltr'>ἐπουρανίου,</span> <span class='ocrx_word' id='word_1_911' title='bbox 3389 4460 3596 4517; x_wconf 90' lang='lat' dir='ltr'><strong>idcirco</strong></span> 
     </span>
    </p>
   </div>
   <div class='ocr_carea' id='block_1_115' title="bbox 1955 4519 3097 4585">
    <p class='ocr_par' dir='ltr' id='par_1_115' title="bbox 1955 4519 3097 4585">
     <span class='ocr_line' id='line_1_120' title="bbox 1955 4519 3097 4585; baseline 0 -5"><span class='ocrx_word' id='word_1_912' title='bbox 1955 4519 2008 4580; x_wconf 89' lang='lat' dir='ltr'><strong>D</strong></span> <span class='ocrx_word' id='word_1_913' title='bbox 2032 4531 2273 4585; x_wconf 90' lang='lat' dir='ltr'><strong>codicem</strong></span> <span class='ocrx_word' id='word_1_914' title='bbox 2302 4519 2389 4585; x_wconf 79' lang='lat' dir='ltr'><strong>hic</strong></span> <span class='ocrx_word' id='word_1_915' title='bbox 2420 4532 2732 4585; x_wconf 89' lang='lat' dir='ltr'><strong>mendosum</strong></span> <span class='ocrx_word' id='word_1_916' title='bbox 2759 4519 3097 4583; x_wconf 81' lang='lat' dir='ltr'><strong>crediderim.</strong></span> 
     </span>
    </p>
   </div>
   <div class='ocr_carea' id='block_1_116' title="bbox 2103 4598 3596 4671">
    <p class='ocr_par' dir='ltr' id='par_1_116' title="bbox 2103 4598 3596 4671">
     <span class='ocr_line' id='line_1_121' title="bbox 2103 4598 3596 4671; baseline 0.001 -17"><span class='ocrx_word' id='word_1_917' title='bbox 2103 4600 2212 4671; x_wconf 87' lang='lat'><strong>(90)</strong></span> <span class='ocrx_word' id='word_1_918' title='bbox 2236 4670 2239 4671; x_wconf 16' lang='grc' dir='ltr'><em>ν</em></span> <span class='ocrx_word' id='word_1_919' title='bbox 2265 4602 2650 4671; x_wconf 76' lang='lat' dir='ltr'><strong>Apparuerunt.</strong></span> <span class='ocrx_word' id='word_1_920' title='bbox 2694 4599 2814 4671; x_wconf 84' lang='lat' dir='ltr'><strong>Act.</strong></span> <span class='ocrx_word' id='word_1_921' title='bbox 2859 4600 2996 4671; x_wconf 53' lang='grc' dir='ltr'><strong>11,Αό</strong></span> <span class='ocrx_word' id='word_1_922' title='bbox 3022 4607 3077 4651; x_wconf 84' lang='lat' dir='ltr'><strong>et</strong></span> <span class='ocrx_word' id='word_1_923' title='bbox 3121 4598 3174 4653; x_wconf 76' lang='grc'><strong>4.</strong></span> <span class='ocrx_word' id='word_1_924' title='bbox 3214 4599 3399 4656; x_wconf 63' lang='lat' dir='ltr'><strong>Graeca</strong></span> <span class='ocrx_word' id='word_1_925' title='bbox 3429 4601 3596 4657; x_wconf 86' lang='lat' dir='ltr'><strong>editio</strong></span> 
     </span>
    </p>
   </div>
   <div class='ocr_carea' id='block_1_117' title="bbox 2028 4667 3117 4738">
    <p class='ocr_par' dir='ltr' id='par_1_117' title="bbox 2028 4667 3117 4738">
     <span class='ocr_line' id='line_1_122' title="bbox 2028 4667 3117 4738; baseline 0.001 -16"><span class='ocrx_word' id='word_1_926' title='bbox 2028 4667 2201 4725; x_wconf 77' lang='lat' dir='ltr'><strong>habet</strong></span> <span class='ocrx_word' id='word_1_927' title='bbox 2227 4669 2446 4723; x_wconf 78' lang='grc' dir='ltr'>ἐκάθισέ</span> <span class='ocrx_word' id='word_1_928' title='bbox 2475 4686 2556 4731; x_wconf 84' lang='grc' dir='ltr'><strong>τε,</strong></span> <span class='ocrx_word' id='word_1_929' title='bbox 2588 4685 2683 4738; x_wconf 89' lang='lat' dir='ltr'><strong>pro</strong></span> <span class='ocrx_word' id='word_1_930' title='bbox 2714 4669 2808 4721; x_wconf 77' lang='grc' dir='ltr'>καὶ</span> <span class='ocrx_word' id='word_1_931' title='bbox 2838 4667 3117 4723; x_wconf 79' lang='grc' dir='ltr'>ἐκάθισαν.</span> 
     </span>
    </p>
   </div>
   <div class='ocr_carea' id='block_1_118' title="bbox 2027 4738 3595 4866">
    <p class='ocr_par' dir='ltr' id='par_1_118' title="bbox 2027 4738 3595 4866">
     <span class='ocr_line' id='line_1_123' title="bbox 2027 4738 3595 4866; baseline 0.002 -73"><span class='ocrx_word' id='word_1_932' title='bbox 2027 4810 2054 4866; x_wconf 58' lang='grc'><strong><em>³</em></strong></span> <span class='ocrx_word' id='word_1_933' title='bbox 2104 4740 2215 4822; x_wconf 82' lang='grc'>(91)</span> <span class='ocrx_word' id='word_1_934' title='bbox 2252 4740 2392 4809; x_wconf 79' lang='lat' dir='ltr'><strong>Ipse.</strong></span> <span class='ocrx_word' id='word_1_935' title='bbox 2445 4739 2631 4793; x_wconf 82' lang='lat' dir='ltr'><strong>Matth.</strong></span> <span class='ocrx_word' id='word_1_936' title='bbox 2666 4754 2746 4802; x_wconf 85' lang='grc' dir='ltr'>ιιι,</span> <span class='ocrx_word' id='word_1_937' title='bbox 2783 4739 2868 4802; x_wconf 81' lang='grc' dir='ltr'>Η,</span> <span class='ocrx_word' id='word_1_938' title='bbox 2937 4753 3041 4792; x_wconf 87' lang='grc' dir='ltr'>ιιοιι</span> <span class='ocrx_word' id='word_1_939' title='bbox 3070 4752 3196 4793; x_wconf 90' lang='lat' dir='ltr'><strong>vero</strong></span> <span class='ocrx_word' id='word_1_940' title='bbox 3230 4738 3283 4793; x_wconf 94' lang='lat' dir='ltr'><strong>in</strong></span> <span class='ocrx_word' id='word_1_941' title='bbox 3310 4740 3595 4813; x_wconf 76' lang='lat' dir='ltr'><strong>Evangelia</strong></span> 
     </span>
     <span class='ocr_line' id='line_1_124' title="bbox 2060 4823 3587 4866; baseline -0.003 0"><span class='ocrx_word' id='word_1_942' title='bbox 2060 4823 2267 4866; x_wconf 86' lang='lat' dir='ltr'><strong>oaunts.</strong></span> <span class='ocrx_word' id='word_1_943' title='bbox 3584 4838 3587 4839; x_wconf 63' lang='lat'><strong><em>&#39;</em></strong></span> 
     </span>
    </p>
   </div>
   <div class='ocr_carea' id='block_1_119' title="bbox 2060 4823 3587 4867">
    <p class='ocr_par' dir='ltr' id='par_1_119' title="bbox 2060 4823 3587 4867">
     <span class='ocr_line' id='line_1_125' title="bbox 2060 4823 3587 4867; baseline -0.003 0"><span class='ocrx_word' id='word_1_944' title='bbox 2060 4823 2267 4867; x_wconf 86' lang='lat' dir='ltr'><strong>oaunts.</strong></span> <span class='ocrx_word' id='word_1_945' title='bbox 3584 4838 3587 4839; x_wconf 47' lang='grc' dir='ltr'><strong>ν</strong></span> 
     </span>
    </p>
   </div>
   <div class='ocr_carea' id='block_1_120' title="bbox 2102 4877 2823 4949">
    <p class='ocr_par' dir='ltr' id='par_1_120' title="bbox 2102 4877 2823 4949">
     <span class='ocr_line' id='line_1_126' title="bbox 2102 4877 2823 4949; baseline 0 -16"><span class='ocrx_word' id='word_1_946' title='bbox 2102 4880 2217 4949; x_wconf 65' lang='lat'><strong>(9%)</strong></span> <span class='ocrx_word' id='word_1_947' title='bbox 2251 4877 2417 4949; x_wconf 72' lang='lat' dir='ltr'><strong>pem.</strong></span> <span class='ocrx_word' id='word_1_948' title='bbox 2435 4878 2599 4949; x_wconf 78' lang='lat' dir='ltr'><strong>Deut.</strong></span> <span class='ocrx_word' id='word_1_949' title='bbox 2627 4894 2699 4944; x_wconf 88' lang='lat' dir='ltr'><strong>tv,</strong></span> <span class='ocrx_word' id='word_1_950' title='bbox 2734 4879 2823 4933; x_wconf 65' lang='grc' dir='ltr'><strong>ξι.</strong></span> 
     </span>
    </p>
   </div>
   <div class='ocr_carea' id='block_1_121' title="bbox 2099 4946 2842 5019">
    <p class='ocr_par' dir='ltr' id='par_1_121' title="bbox 2099 4946 2842 5019">
     <span class='ocr_line' id='line_1_127' title="bbox 2099 4946 2842 5019; baseline -0.004 -15"><span class='ocrx_word' id='word_1_951' title='bbox 2099 4946 2210 5019; x_wconf 83' lang='grc'>(95)</span> <span class='ocrx_word' id='word_1_952' title='bbox 2238 4946 2391 5019; x_wconf 70' lang='lat' dir='ltr'><strong>Ecce.</strong></span> <span class='ocrx_word' id='word_1_953' title='bbox 2434 4946 2534 5003; x_wconf 89' lang='lat' dir='ltr'><strong>lsa.</strong></span> <span class='ocrx_word' id='word_1_954' title='bbox 2569 4964 2712 5011; x_wconf 74' lang='lat' dir='ltr'><strong>mm,</strong></span> <span class='ocrx_word' id='word_1_955' title='bbox 2756 4951 2842 5003; x_wconf 79' lang='lat' dir='ltr'><strong>i5.</strong></span> 
     </span>
    </p>
   </div>
   <div class='ocr_carea' id='block_1_122' title="bbox 2098 5016 3609 5091">
    <p class='ocr_par' dir='ltr' id='par_1_122' title="bbox 2098 5016 3609 5091">
     <span class='ocr_line' id='line_1_128' title="bbox 2098 5016 3609 5091; baseline 0 -18"><span class='ocrx_word' id='word_1_956' title='bbox 2098 5016 2210 5091; x_wconf 75' lang='grc'>(94)</span> <span class='ocrx_word' id='word_1_957' title='bbox 2247 5018 2843 5091; x_wconf 27' lang='grc' dir='ltr'>ῌΟἱνςιιηισὶειηϐοιοεε.</span> <span class='ocrx_word' id='word_1_958' title='bbox 2888 5033 2947 5083; x_wconf 90' lang='grc' dir='ltr'><strong>ιι,</strong></span> <span class='ocrx_word' id='word_1_959' title='bbox 3002 5019 3085 5072; x_wconf 80' lang='grc'><strong>11.</strong></span> <span class='ocrx_word' id='word_1_960' title='bbox 3136 5016 3324 5073; x_wconf 70' lang='lat' dir='ltr'><strong>Graeca</strong></span> <span class='ocrx_word' id='word_1_961' title='bbox 3353 5020 3441 5073; x_wconf 92' lang='lat' dir='ltr'><strong>ed.</strong></span> <span class='ocrx_word' id='word_1_962' title='bbox 3480 5018 3609 5091; x_wconf 37' lang='lat' dir='ltr'><strong>ita)“</strong></span> 
     </span>
    </p>
   </div>
   <div class='ocr_carea' id='block_1_123' title="bbox 2030 5088 3592 5211">
    <p class='ocr_par' dir='ltr' id='par_1_123' title="bbox 2030 5088 3592 5211">
     <span class='ocr_line' id='line_1_129' title="bbox 2030 5088 3592 5211; baseline -0.001 -68"><span class='ocrx_word' id='word_1_963' title='bbox 2030 5088 2312 5158; x_wconf 78' lang='grc' dir='ltr'>ἁμαρτιῶν</span> <span class='ocrx_word' id='word_1_964' title='bbox 2336 5088 2435 5158; x_wconf 82' lang='grc' dir='ltr'>τῆς</span> <span class='ocrx_word' id='word_1_965' title='bbox 2464 5088 2682 5158; x_wconf 87' lang='grc' dir='ltr'>σαρκός,</span> <span class='ocrx_word' id='word_1_966' title='bbox 2717 5089 2868 5142; x_wconf 89' lang='lat' dir='ltr'><strong>idest</strong></span> <span class='ocrx_word' id='word_1_967' title='bbox 2899 5106 2918 5137; x_wconf 76' lang='grc' dir='ltr'><strong>ι</strong></span> <span class='ocrx_word' id='word_1_968' title='bbox 2958 5098 3302 5211; x_wconf 61' lang='lat' dir='ltr'><strong>geccatorum</strong></span> <span class='ocrx_word' id='word_1_969' title='bbox 3339 5090 3541 5143; x_wconf 86' lang='lat' dir='ltr'><strong>carnis.</strong></span> <span class='ocrx_word' id='word_1_970' title='bbox 3573 5108 3592 5141; x_wconf 75' lang='grc' dir='ltr'><strong>ι</strong></span> 
     </span>
     <span class='ocr_line' id='line_1_130' title="bbox 2099 5158 3013 5211; baseline 0 0"><span class='ocrx_word' id='word_1_971' title='bbox 2099 5160 2212 5211; x_wconf 78' lang='grc'>(95)</span> <span class='ocrx_word' id='word_1_972' title='bbox 2243 5158 2607 5211; x_wconf 79' lang='lat' dir='ltr'><strong>Circumcisia.</strong></span> <span class='ocrx_word' id='word_1_973' title='bbox 2641 5159 2798 5211; x_wconf 78' lang='lat' dir='ltr'><strong>Rom.</strong></span> <span class='ocrx_word' id='word_1_974' title='bbox 2831 5174 2889 5211; x_wconf 86' lang='lat' dir='ltr'><strong>ll.</strong></span> <span class='ocrx_word' id='word_1_975' title='bbox 2920 5158 2956 5211; x_wconf 66' lang='grc' dir='ltr'><strong>’Ξ</strong></span> <span class='ocrx_word' id='word_1_976' title='bbox 2998 5196 3013 5211; x_wconf 92' lang='grc'>.</span> 
     </span>
    </p>
   </div>
   <div class='ocr_carea' id='block_1_124' title="bbox 2099 5158 3013 5228">
    <p class='ocr_par' dir='ltr' id='par_1_124' title="bbox 2099 5158 3013 5228">
     <span class='ocr_line' id='line_1_131' title="bbox 2099 5158 3013 5228; baseline -0.002 -15"><span class='ocrx_word' id='word_1_977' title='bbox 2099 5160 2212 5228; x_wconf 90' lang='grc'>(95)</span> <span class='ocrx_word' id='word_1_978' title='bbox 2243 5158 2607 5215; x_wconf 76' lang='lat' dir='ltr'><strong>Circumcisia.</strong></span> <span class='ocrx_word' id='word_1_979' title='bbox 2641 5159 2798 5228; x_wconf 78' lang='lat' dir='ltr'><strong>Rom.</strong></span> <span class='ocrx_word' id='word_1_980' title='bbox 2831 5174 2889 5220; x_wconf 90' lang='lat' dir='ltr'><strong>ll,</strong></span> <span class='ocrx_word' id='word_1_981' title='bbox 2920 5158 3013 5211; x_wconf 73' lang='lat'><strong>‘29.</strong></span> 
     </span>
    </p>
   </div>
   <div class='ocr_carea' id='block_1_125' title="bbox 2101 5161 3594 5298">
    <p class='ocr_par' dir='ltr' id='par_1_125' title="bbox 2101 5161 3594 5298">
     <span class='ocr_line' id='line_1_132' title="bbox 2101 5161 3013 5228; baseline -0.002 -15"><span class='ocrx_word' id='word_1_982' title='bbox 2101 5161 2189 5228; x_wconf 84' lang='lat'><strong>(95</strong></span> <span class='ocrx_word' id='word_1_983' title='bbox 2243 5161 2607 5215; x_wconf 79' lang='lat' dir='ltr'><strong>Circumcisia.</strong></span> <span class='ocrx_word' id='word_1_984' title='bbox 2641 5161 2798 5212; x_wconf 75' lang='lat' dir='ltr'><strong>Rom.</strong></span> <span class='ocrx_word' id='word_1_985' title='bbox 2831 5174 2889 5220; x_wconf 89' lang='grc' dir='ltr'><strong>ιι,</strong></span> <span class='ocrx_word' id='word_1_986' title='bbox 2920 5161 3013 5211; x_wconf 75' lang='grc'>29.</span> 
     </span>
     <span class='ocr_line' id='line_1_133' title="bbox 2101 5161 3594 5298; baseline -0.001 -17"><span class='ocrx_word' id='word_1_987' title='bbox 2101 5161 2212 5298; x_wconf 52' lang='grc' dir='ltr'>(96ί</span> <span class='ocrx_word' id='word_1_988' title='bbox 2280 5228 2664 5298; x_wconf 77' lang='lat' dir='ltr'><strong>Paenitentiam.</strong></span> <span class='ocrx_word' id='word_1_989' title='bbox 2730 5226 2785 5281; x_wconf 92' lang='lat' dir='ltr'><strong>In</strong></span> <span class='ocrx_word' id='word_1_990' title='bbox 2848 5229 2999 5282; x_wconf 88' lang='lat' dir='ltr'><strong>Actis</strong></span> <span class='ocrx_word' id='word_1_991' title='bbox 3060 5240 3178 5294; x_wconf 89' lang='lat' dir='ltr'><strong>cap.</strong></span> <span class='ocrx_word' id='word_1_992' title='bbox 3214 5242 3274 5290; x_wconf 86' lang='grc' dir='ltr'><strong>ιι,</strong></span> <span class='ocrx_word' id='word_1_993' title='bbox 3322 5242 3467 5283; x_wconf 89' lang='lat' dir='ltr'><strong>vers.</strong></span> <span class='ocrx_word' id='word_1_994' title='bbox 3501 5228 3594 5288; x_wconf 82' lang='grc'>58.</span> 
     </span>
    </p>
   </div>
   <div class='ocr_carea' id='block_1_126' title="bbox 2027 5297 3602 5378">
    <p class='ocr_par' dir='ltr' id='par_1_126' title="bbox 2027 5297 3602 5378">
     <span class='ocr_line' id='line_1_134' title="bbox 2027 5297 3602 5378; baseline -0.003 -25"><span class='ocrx_word' id='word_1_995' title='bbox 2027 5300 2120 5378; x_wconf 42' lang='grc' dir='ltr'>εει).</span> <span class='ocrx_word' id='word_1_996' title='bbox 2164 5298 2354 5378; x_wconf 67' lang='lat' dir='ltr'><strong>Petrus</strong></span> <span class='ocrx_word' id='word_1_997' title='bbox 2414 5297 2647 5378; x_wconf 69' lang='lat' dir='ltr'><strong>loquitur</strong></span> <span class='ocrx_word' id='word_1_998' title='bbox 2702 5314 2735 5378; x_wconf 41' lang='grc' dir='ltr'><strong>ι.</strong></span> <span class='ocrx_word' id='word_1_999' title='bbox 2784 5298 3188 5378; x_wconf 62' lang='grc' dir='ltr'>Μετανοῄσατε,</span> <span class='ocrx_word' id='word_1_1000' title='bbox 3246 5298 3341 5378; x_wconf 61' lang='grc' dir='ltr'>καὶ</span> <span class='ocrx_word' id='word_1_1001' title='bbox 3404 5298 3602 5378; x_wconf 59' lang='grc' dir='ltr'>βαπτι-</span> 
     </span>
    </p>
   </div>
   <div class='ocr_carea' id='block_1_127' title="bbox 2029 5366 3601 5439">
    <p class='ocr_par' dir='ltr' id='par_1_127' title="bbox 2029 5366 3601 5439">
     <span class='ocr_line' id='line_1_135' title="bbox 2029 5366 3601 5439; baseline 0.001 -19"><span class='ocrx_word' id='word_1_1002' title='bbox 2029 5366 2492 5439; x_wconf 19' lang='grc' dir='ltr'>ώήτωλέκαστος</span> <span class='ocrx_word' id='word_1_1003' title='bbox 2522 5366 2675 5439; x_wconf 60' lang='grc' dir='ltr'>υμῶν</span> <span class='ocrx_word' id='word_1_1004' title='bbox 2720 5367 2810 5420; x_wconf 79' lang='grc' dir='ltr'>ἐπὶ</span> <span class='ocrx_word' id='word_1_1005' title='bbox 2859 5367 2937 5439; x_wconf 83' lang='grc' dir='ltr'>τῷ</span> <span class='ocrx_word' id='word_1_1006' title='bbox 2985 5366 3209 5439; x_wconf 77' lang='grc' dir='ltr'>ὀνόματι</span> <span class='ocrx_word' id='word_1_1007' title='bbox 3260 5366 3432 5438; x_wconf 83' lang='grc' dir='ltr'>Ἰησοῦ</span> <span class='ocrx_word' id='word_1_1008' title='bbox 3471 5369 3601 5439; x_wconf 84' lang='grc' dir='ltr'>Χρι-</span> 
     </span>
    </p>
   </div>
   <div class='ocr_carea' id='block_1_128' title="bbox 2028 5436 3598 5519">
    <p class='ocr_par' dir='ltr' id='par_1_128' title="bbox 2028 5436 3598 5519">
     <span class='ocr_line' id='line_1_136' title="bbox 2028 5436 3598 5519; baseline -0.001 -28"><span class='ocrx_word' id='word_1_1009' title='bbox 2028 5436 2178 5501; x_wconf 84' lang='grc' dir='ltr'>στοῦ,</span> <span class='ocrx_word' id='word_1_1010' title='bbox 2232 5437 2285 5518; x_wconf 74' lang='lat' dir='ltr'><strong>id</strong></span> <span class='ocrx_word' id='word_1_1011' title='bbox 2332 5445 2414 5491; x_wconf 88' lang='lat' dir='ltr'><strong>est</strong></span> <span class='ocrx_word' id='word_1_1012' title='bbox 2458 5453 2475 5486; x_wconf 86' lang='grc' dir='ltr'><strong>ι</strong></span> <span class='ocrx_word' id='word_1_1013' title='bbox 2528 5436 2918 5519; x_wconf 53' lang='lat' dir='ltr'><strong>Paenitentiam</strong></span> <span class='ocrx_word' id='word_1_1014' title='bbox 2957 5438 3136 5519; x_wconf 37' lang='lat' dir='ltr'><strong>a.gite,_</strong></span> <span class='ocrx_word' id='word_1_1015' title='bbox 3182 5448 3236 5491; x_wconf 90' lang='lat' dir='ltr'><strong>et</strong></span> <span class='ocrx_word' id='word_1_1016' title='bbox 3292 5436 3598 5519; x_wconf 46' lang='lat' dir='ltr'><strong>lia-ptizet&#39;ur</strong></span> 
     </span>
    </p>
   </div>
   <div class='ocr_carea' id='block_1_129' title="bbox 2024 5506 3598 5657">
    <p class='ocr_par' dir='ltr' id='par_1_129' title="bbox 2024 5506 3598 5657">
     <span class='ocr_line' id='line_1_137' title="bbox 2026 5506 3594 5576; baseline 0 -18"><span class='ocrx_word' id='word_1_1017' title='bbox 2026 5506 2395 5576; x_wconf 90' lang='lat' dir='ltr'><strong>unusquisque</strong></span> <span class='ocrx_word' id='word_1_1018' title='bbox 2448 5517 2685 5561; x_wconf 89' lang='lat' dir='ltr'><strong>vestrum</strong></span> <span class='ocrx_word' id='word_1_1019' title='bbox 2744 5508 2797 5561; x_wconf 92' lang='lat' dir='ltr'><strong>in</strong></span> <span class='ocrx_word' id='word_1_1020' title='bbox 2853 5506 3068 5562; x_wconf 79' lang='lat' dir='ltr'><strong>nomine</strong></span> <span class='ocrx_word' id='word_1_1021' title='bbox 3111 5506 3235 5561; x_wconf 83' lang='lat' dir='ltr'><strong>.lesu</strong></span> <span class='ocrx_word' id='word_1_1022' title='bbox 3304 5506 3543 5562; x_wconf 86' lang='lat' dir='ltr'><strong>Christi.-</strong></span> <span class='ocrx_word' id='word_1_1023' title='bbox 3574 5526 3594 5558; x_wconf 78' lang='grc' dir='ltr'><strong>ι</strong></span> 
     </span>
     <span class='ocr_line' id='line_1_138' title="bbox 2024 5575 3598 5657; baseline -0.001 -27"><span class='ocrx_word' id='word_1_1024' title='bbox 2024 5576 2252 5641; x_wconf 63' lang='lat' dir='ltr'><strong>Caetera,</strong></span> <span class='ocrx_word' id='word_1_1025' title='bbox 2278 5591 2413 5657; x_wconf 54' lang='lat' dir='ltr'><strong>&#39;qu:e</strong></span> <span class='ocrx_word' id='word_1_1026' title='bbox 2441 5577 2589 5630; x_wconf 86' lang='lat' dir='ltr'><strong>addit</strong></span> <span class='ocrx_word' id='word_1_1027' title='bbox 2626 5576 2928 5657; x_wconf 70' lang='lat' dir='ltr'><strong>Theologus</strong></span> <span class='ocrx_word' id='word_1_1028' title='bbox 2955 5575 3472 5657; x_wconf 36' lang='lat' dir='ltr'><strong>noster,_.transl.ata_</strong></span> <span class='ocrx_word' id='word_1_1029' title='bbox 3494 5580 3598 5629; x_wconf 90' lang='lat' dir='ltr'><strong>huc</strong></span> 
     </span>
    </p>
   </div>
   <div class='ocr_carea' id='block_1_130' title="bbox 2027 5645 3597 5718">
    <p class='ocr_par' dir='ltr' id='par_1_130' title="bbox 2027 5645 3597 5718">
     <span class='ocr_line' id='line_1_139' title="bbox 2027 5645 3597 5718; baseline 0 -19"><span class='ocrx_word' id='word_1_1030' title='bbox 2027 5657 2150 5718; x_wconf 76' lang='lat' dir='ltr'><strong>sunt</strong></span> <span class='ocrx_word' id='word_1_1031' title='bbox 2177 5662 2240 5700; x_wconf 83' lang='lat' dir='ltr'><strong>ex</strong></span> <span class='ocrx_word' id='word_1_1032' title='bbox 2270 5645 2468 5718; x_wconf 81' lang='lat' dir='ltr'><strong>Jerem.</strong></span> <span class='ocrx_word' id='word_1_1033' title='bbox 2495 5662 2683 5713; x_wconf 77' lang='lat' dir='ltr'><strong>xxxvr,</strong></span> <span class='ocrx_word' id='word_1_1034' title='bbox 2714 5648 2768 5715; x_wconf 83' lang='lat'><strong>5,</strong></span> <span class='ocrx_word' id='word_1_1035' title='bbox 2787 5645 2881 5704; x_wconf 77' lang='lat' dir='ltr'><strong>aut</strong></span> <span class='ocrx_word' id='word_1_1036' title='bbox 2919 5648 3098 5718; x_wconf 87' lang='lat' dir='ltr'><strong>aliquo</strong></span> <span class='ocrx_word' id='word_1_1037' title='bbox 3123 5645 3229 5703; x_wconf 89' lang='lat' dir='ltr'><strong>alio</strong></span> <span class='ocrx_word' id='word_1_1038' title='bbox 3256 5645 3424 5703; x_wconf 84' lang='lat' dir='ltr'><strong>simili</strong></span> <span class='ocrx_word' id='word_1_1039' title='bbox 3459 5645 3597 5702; x_wconf 88' lang='lat' dir='ltr'><strong>loco.</strong></span> 
     </span>
    </p>
   </div>
   <div class='ocr_carea' id='block_1_131' title="bbox 2029 5715 2685 5789">
    <p class='ocr_par' dir='ltr' id='par_1_131' title="bbox 2029 5715 2685 5789">
     <span class='ocr_line' id='line_1_140' title="bbox 2029 5715 2685 5789; baseline 0.006 -19"><span class='ocrx_word' id='word_1_1040' title='bbox 2029 5715 2158 5772; x_wconf 84' lang='lat' dir='ltr'><strong>Vide</strong></span> <span class='ocrx_word' id='word_1_1041' title='bbox 2187 5716 2402 5771; x_wconf 56' lang='lat' dir='ltr'><strong>not.9i.</strong></span> <span class='ocrx_word' id='word_1_1042' title='bbox 2425 5730 2546 5789; x_wconf 87' lang='lat' dir='ltr'><strong>pag.</strong></span> <span class='ocrx_word' id='word_1_1043' title='bbox 2566 5718 2685 5774; x_wconf 69' lang='lat' dir='ltr'><strong>im.</strong></span> 
     </span>
    </p>
   </div>
  </div>
